2618 4010
200 123 307 166 Nov.
338 124 359 166 I
404 126 420 164 1

202 235 305 274 σθαι,
333 230 355 277 ἢ
377 233 459 268 τούς
482 233 521 272 ἐξ
540 230 663 266 αὐτῶν
679 230 923 276 βουλομένους.
970 231 1016 264 Εἰ
1036 228 1075 263 δὲ
1092 226 1216 274 μηδεὶς
1232 227 1300 272 λη·-

199 276 367 327 γατάριος
401 277 424 320 ἢ
457 274 810 324 φιδεϊκομμισσὰριος
844 275 961 310 ἕλοιτο
998 276 1106 309 τοῦτο
1143 273 1290 321 πρᾶξαι,

200 323 349 369 δίδομεν
379 327 453 357 τοῖς
480 323 633 356 οἰκέταις
657 325 864 370 παρρησίαν
887 324 960 355 τοῖς
984 319 1174 361 ἐλευθερίᾳ
1197 332 1289 353 τετι-

200 372 367 424 μημένοις
390 367 481 401 κατὰ
512 366 581 410 τὴν
601 365 709 407 τάξιν
730 367 792 409 τῆς
815 363 1021 410 ὀνομασίας,
1046 363 1134 398 καθ’
1160 361 1205 407 ἣν
1229 361 1290 398 αὗ-

198 426 279 449 τους
300 411 320 448 ὁ
345 411 520 454 δεσπότης
544 409 723 456 ὠνόμασε,
747 411 840 445 κατὰ
863 412 969 445 τοῦτο
994 408 1088 453 ἔχειν
1111 408 1178 452 τὴν
1199 407 1291 456 πρὸς

198 460 222 495 2
267 457 435 501 ἀλλήλους
464 460 693 504 προτίμησιν.
792 459 864 490 Καὶ
896 457 1013 490 ταῦτα
1043 457 1110 498 μὲν
1141 451 1290 490 ἅπαντα

202 504 486 549 νομοθετοῦμεν,
518 500 615 536 ἔνθα
637 500 882 549 ἄναγκαστική
904 512 958 535 τις
980 497 1170 536 ὑπόκειται
1193 496 1291 534 δόσις

200 550 247 583 εἴς
276 561 360 582 τινα
391 548 470 581 τῶν
500 548 539 581 ἐκ
571 543 711 592 φύσεως
741 544 988 591 ὀφειλομένων
1010 544 1094 580 τινὰ
1117 543 1290 588 διαδοχὴν

198 592 297 640 παρὰ
318 593 383 646 τοῦ
408 590 628 636 διαθεμένου
652 605 692 626 τε
715 595 775 626 καὶ
799 590 1047 626 τελευτῶντος.
1097 591 1143 624 Εἰ
1168 588 1208 624 δὲ
1232 588 1289 624 οὗ·

2109 139 2170 170 DE
2197 140 2451 172 HEREDIBUS

1386 228 1443 281 ui·
1458 239 1503 264 ex
1533 230 1585 282 eis
1616 231 1804 283 voluerint..
1850 234 1890 270 Si
1917 245 2002 272 vero
2026 236 2146 274 nullus
2169 237 2363 283 legatarius
2387 242 2452 274 aut

1377 273 1713 327 ‘deicommissanus
1742 277 1888 322 elegerit
1917 280 1987 316 hoc
2018 291 2142 326 agere,
2177 281 2304 318 damus
2339 284 2451 319 servis

1361 318 1545 372 l1cent1am
1574 318 1743 370 libertate
1771 321 1959 360 honoratis
1982 326 2180 362 secundum
2203 325 2364 364 ordinem
2387 328 2449 364 de-

1361 365 1635 405 nommatioms‚
1671 374 1738 409 per
1766 376 1874 410 quam
1906 378 1969 406 eos
2000 369 2166 408 dominus
2197 371 2450 417 denominavit,

1328 412 1347 444 5
1361 409 1559 444 secundum
1590 408 1661 444 hoc
1694 409 1827 447 habere
1853 411 1892 448 in
1920 414 2114 452 alterutros
2137 417 2449 463 praepositionem.

1361 453 1384 488 ⁶2
1431 454 1483 489 Et
1513 453 1604 489 haec
1634 453 1776 505 quidem
1805 457 1924 500 omnia
1946 461 2137 505 sancimus,
2161 462 2224 498 ubi
2246 463 2452 499 necessaria

1362 498 1540 543 quaedam
1563 498 1727 534 sub1aoet
1750 498 1849 537 datio
1871 501 1911 537 in
1930 503 2063 549 aliquo,
2087 506 2146 542 cui
2167 517 2213 542 ex
2235 510 2366 543 natura
2389 508 2450 543 de-

1361 544 1467 579 betur
1506 544 1681 588 quaedam
1719 545 1901 582 successio
1940 557 1964 582 a
1991 552 2164 586 testatore
2200 554 2238 588 et
2267 552 2448 588 moriente.

1361 588 1399 624 Si
1431 599 1516 625 vero
1548 589 1649 624 nulla
1681 589 1807 625 subest
1837 589 2041 629 huiusmodi
2064 605 2225 647 persona
2246 597 2285 632 in
2307 597 2449 634 institu-

197 638 261 674 δὲν
283 651 474 673 υποκειται
496 638 665 672 τοιοῦτον
688 635 882 683 πρόςωπον
906 638 947 671 ἐν
970 638 1048 670 ταῖς
1066 633 1289 676 ἐνστάσεσιν,
1304 636 1347 669 10
1361 635 1530 678 tionibus,
1556 635 1621 671 sed
1645 638 1846 679 spontanea
1869 634 2018 680 largitas
2039 638 2282 685 dispositionis
2299 652 2323 677 a
2340 646 2450 678 testa-

197 682 270 718 sm:
297 681 454 717 ἑκούσιος
475 679 497 725 ἡ
521 681 640 728 φιλοτι
670 686 705 715 ία
733 683 795 724 τῆς
819 678 1078 716 ὃιατυπώσεως
1102 679 1202 727 παρὰ
1224 682 1288 715 τοῦ

196 727 415 773 διαθεμένου
439 731 587 774 γίνοιτο,
619 696 698 761 εἶτα
721 723 741 761 ὁ
763 729 1004 773 γεγραμμένος
1027 723 1068 760 οὗ
1094 725 1225 772 πληροῖ
1245 724 1288 760 τὸ

197 775 508 828 προςτεταγμένον
539 772 626 806 εἴσω
656 773 720 806 τοῦ
755 772 932 816 ῥηθέντος
963 768 1047 814 ἡμῖν
1075 771 1289 816 ἔμπροσθεν

195 816 334 864 χρόνου,
354 831 376 861 η
396 831 454 852 τοι
485 816 552 852 τὸν
582 819 649 869 μὲν
672 814 912 871 ἀφαιρεῖσθαι
942 816 1095 852 πάντων
1126 818 1205 850 τῶν
1228 830 1287 849 κα-

1358 683 1438 716 tore
1469 680 1550 722 fiat,
1583 679 1711 716 deinde
1740 680 1898 724 scriptus
1930 691 2006 718 non
2029 685 2206 730 compleat
2227 687 2326 732 quod
2348 698 2450 732 prae-

1360 725 1492 770 cipitur
1526 725 1624 760 intra
1664 725 1890 770 praedictum
1930 736 1954 762 a
1980 726 2085 763 nobis
2123 729 2258 766 dudum
2296 734 2451 777 tempus,

1358 770 1458 805 illum
1491 770 1635 815 quidem
1666 770 1798 815 privari
1827 770 1992 807 omnibus
2023 770 2168 815 relictis,
2198 776 2287 813 nihil
2309 777 2451 822 penitus

1358 826 1474 860 neque
1506 826 1572 861 per
1602 815 1788 851 Falcidiae
1829 816 2056 852 occasionem
2092 828 2208 864 neque
2242 830 2307 866 per
2344 822 2451 856 aliam

195 862 494 917 ταλελειμμιένων,
520 859 595 896 οὐδ’
620 863 743 896 οτιοῦν
767 875 849 896 ουτε
874 861 965 896 κατὰ
987 860 1183 896 Φαλκιδίου
1202 860 1287 907 πρό·
1307 863 1344 896 15
1359 871 1507 896 causam
1546 860 1735 906 percipere
1770 861 1958 897 valentem.
2014 861 2181 898 Similiter
2211 869 2331 902 autem
2363 867 2452 902 talia

225 921 310 942 ασιν
352 921 435 942 ουτε
477 904 554 941 κατ’
593 906 704 949 ἄλλην
741 908 865 941 αἰτίαν
908 906 1034 951 λαβεῖν
1075 904 1287 952 δυνάμενον.

202 957 343 998 Ομοίως
374 950 415 986 δὲ
444 951 490 986 τὰ
523 949 614 986 αὐτὰ
637 955 791 998 κρατεῖν,
816 955 876 985 καὶ
900 953 932 986 εἰ
954 954 1022 996 μὲν
1045 952 1117 987 εἷεν
1141 950 1287 999 συγκληι

196 996 360 1045 ρονόμοι,
392 994 540 1032 τούτους
570 996 781 1039 καλεῖσθαι,
811 999 989 1044 ἐπείτοιγε
1027 998 1076 1032 εἰς
1107 995 1287 1044 φιδεϊκομ-

1359 907 1537 942 obtinere:
1570 910 1607 941 et
1638 906 1670 941 si
1701 906 1842 951 quidem
1880 906 1952 942 sint
1984 907 2193 951 coheredes,
2223 909 2290 946 hos
2319 911 2451 954 vocari,

1357 952 1515 995 alioquin
1547 951 1594 986 ad
1626 951 1976 987 fideicommissarios
2001 956 2037 987 et
2060 952 2249 997 legatarios
2272 957 2310 990 et
2331 966 2452 992 servos

1358 1001 1393 1031 et
1417 1007 1540 1032 omnes
1570 997 1616 1032 ab
1647 996 1823 1032 intestato
1856 997 2053 1032 secundum
2084 998 2183 1042 prius
2207 1009 2228 1034 a
2252 999 2357 1036 nobis
2379 1004 2451 1037 tra-

194 1047 403 1090 μισσαρίους
433 1046 493 1076 καὶ
522 1041 756 1095 ληγαταρίους
786 1045 845 1076 καὶ
877 1043 1017 1077 οἰκέτας
1047 1046 1107 1076 καὶ
1138 1041 1221 1077 τοὺς
1250 1042 1288 1083 ἐξ
1357 1041 1471 1076 ditum
1503 1041 1665 1077 ordinem
1697 1052 1757 1077 res
1781 1042 1913 1085 venire,
1938 1042 2070 1087 ubique
2094 1053 2204 1078 onere
2227 1044 2452 1089 cohaerente,

194 1087 395 1123 ἄδιαθέτου
419 1086 559 1122 πάντας
582 1100 675 1140 κατα
696 1085 764 1141 τὴν
783 1085 995 1134 ἔμπροσθεν
1014 1086 1072 1134 ὑφ’
1094 1084 1199 1132 ἡμῶν
1219 1099 1286 1122 πα·
1301 1088 1344 1120 20

194 1131 439 1188 ραδεδομένην
474 1131 579 1172 τάξιν
610 1145 656 1166 τα
688 1145 884 1179 πραγματα
915 1145 1065 1178 χωρειν,
1097 1134 1285 1175 πανταχοῦ

194 1180 257 1213 τοῦ
281 1182 410 1223 βαρους
434 1180 658 1221 συνημμένου
677 1179 740 1211 τοῦ
765 1175 842 1211 δεῖν
862 1176 1023 1232 πληροῦν
1041 1179 1170 1219 ταῦτα,
1194 1173 1287 1222 ἅπερ

194 1221 213 1257 ὁ
238 1221 454 1277 διαθέμενος
477 1221 569 1256 κατὰ
587 1219 711 1266 νόμον,
736 1220 907 1268 καθάπερ
935 1223 1148 1270 εμπροσθεν
1167 1220 1286 1258 εἰπόν·

191 1269 217 1305 3
262 1279 319 1302 τες
342 1267 539 1323 ιἐφθημενζ,
552 1267 764 1308 ἐπιτάξειεν.
857 1269 904 1302 Εἰ
927 1266 968 1302 δὲ
991 1265 1012 1311 ἡ
1036 1267 1203 1302 ἔνστασις
1227 1270 1287 1301 καὶ

1382 1090 1536 1122 uatenus
1562 1090 1728 1132 oporteat
1752 1087 1923 1132 compleri
1947 1097 2000 1128 ea,
2034 1098 2125 1132 quae
2150 1090 2304 1124 testator
2327 1100 2451 1126 secun-

1356 1098 1381 1167 ἓ
1428 1131 1512 1167 dum
1544 1132 1678 1176 legem,
1711 1132 1806 1167 sicut
1836 1133 1937 1176 prius
1969 1132 2138 1175 diximus,
2171 1133 2368 1179 imperavit.
2415 1135 2454 1170 Si

1356 1187 1440 1212 vero
1464 1177 1643 1212 institutio
1668 1177 1776 1212 etiam
1801 1177 2091 1213 substitutionem
2114 1178 2290 1223 habuerit,
2315 1183 2452 1215 certum

1356 1225 1422 1266 est,
1440 1223 1525 1267 quia
1542 1222 1642 1267 prius
1661 1221 1709 1256 ad
1727 1222 1960 1258 substitutum
1979 1223 2155 1258 volentem
2174 1224 2316 1259 venient
2330 1235 2452 1260 omnes

1356 1277 1413 1303 res
1444 1267 1641 1303 secundum
1672 1267 1788 1311 legem
1817 1268 2054 1312 complentem
2084 1278 2176 1312 quae
2192 1269 2332 1304 relicta
2356 1275 2451 1311 sunt,

193 1310 489 1349 1ὖποκαταστασιν
520 1324 611 1355 εχοι,
643 1310 826 1358 πρόδηλον
860 1312 908 1347 ὠς
931 1311 1112 1360 πρότερον
1137 1315 1197 1347 ἐπὶ
1221 1311 1287 1347 τὸν
1299 1313 1341 1346 25
1356 1315 1393 1346 et.
1421 1312 1473 1347 sic
1503 1312 1566 1347 illo
1598 1312 1744 1347 nolente
1774 1316 1863 1347 tunc
1896 1312 1942 1347 ad
1973 1313 2168 1349 coheredes
2199 1318 2236 1348 et
2259 1314 2451 1359 legatarios

193 1356 494 1393 ὑποκατάστατον
523 1356 745 1402 βουλόμενον
785 1356 967 1392 ἐλεύσεται
1006 1358 1053 1392 τὰ
1090 1358 1287 1404 πράγματα

193 1402 315 1438 πάντα
339 1401 430 1436 κατὰ
453 1401 520 1436 τὸν
538 1400 656 1447 νόμον
675 1401 885 1448 πληροῦντα
905 1403 951 1437 τὰ
969 1402 1284 1447 καταλελειμμένα.

192 1445 289 1483 οὕτω
320 1462 361 1482 τε
391 1449 527 1481 ἐκείνου
565 1447 615 1491 μὴ
645 1446 883 1492 βουλομένου,
925 1449 1124 1490 τηνικαῦτα
1154 1450 1217 1482 ἐπί
1245 1461 1286 1481 τε

192 1493 273 1528 τοὺς
301 1491 607 1540 συγκληρονόμους
636 1496 696 1526 καὶ
721 1491 955 1546 ληγαταρίους
979 1497 1038 1526 καὶ
1062 1493 1202 1527 οἰκέτας
1225 1495 1286 1526 καὶ

1356 1361 1393 1392 et
1424 1367 1546 1392 servos
1580 1360 1617 1392 et
1647 1358 1708 1401 qui
1741 1357 1788 1393 ab
1819 1357 1989 1393 intestato
2022 1362 2058 1393 et
2089 1358 2151 1403 qui
2181 1363 2284 1395 extra
2307 1362 2392 1395 sunt
2415 1365 2452 1395 et

1355 1402 1482 1438 fiscum
1516 1402 1715 1437 secundum
1746 1413 1770 1437 a
1802 1402 1907 1438 nobis
1939 1403 2060 1438 datam
2090 1403 2373 1440 observationem
2396 1415 2449 1447 ea,

1356 1457 1448 1492 quae
1479 1447 1712 1489 auferuntur,
1750 1448 1912 1489 venient,
1950 1449 2168 1493 complentes
2198 1449 2332 1494 ubique
2362 1450 2448 1485 defi-

1356 1492 1524 1527 cientium
1555 1492 1731 1536 legitimas
1764 1492 2037 1537 dispositiones:
2073 1497 2266 1545 propterea
2296 1505 2450 1540 namque

190 1538 274 1574 τοῦς
304 1539 342 1578 ἐξ
372 1535 572 1592 ἀδιαᾷέτου
602 1541 663 1571 καὶ
686 1549 768 1572 τους
792 1536 937 1578 ἔξωθεν
960 1542 1021 1572 καὶ
1044 1537 1086 1572 τὸ
1112 1536 1285 1593 δημρσιον
1299 1540 1341 1570 30
1356 1537 1463 1572 etiam
1487 1538 1534 1573 ad
1557 1540 1679 1572 tantas
1703 1538 1925 1582 respeximus
1950 1548 2208 1580 successiones,
2235 1543 2274 1575 ut
2296 1550 2368 1575 non
2392 1550 2447 1575 re-

191 1582 284 1618 κατὰ
307 1582 375 1626 τὴν
398 1595 474 1627 παρ
510 1583 614 1627 ημῶν
631 1583 822 1630 εἰρημένην
843 1582 1097 1629 παρατήρησιν
1114 1597 1160 1617 τα
1179 1596 1285 1628 αφαι-

191 1625 349 1675 ρούμενα
383 1624 693 1683 παραγενήσεται,
734 1626 962 1674 πληροῦντας
1001 1629 1187 1671 πανταχοῦ
1223 1626 1286 1662 τὰς

191 1675 270 1708 τῶν
300 1671 559 1707 τελευτωντιον
590 1676 759 1716 νομίμους
788 1670 1039 1708 διατυπώσεις.
1087 1671 1148 1707 διὰ
1179 1674 1286 1707 τοῦτο

189 1718 258 1766 γὰρ
289 1716 334 1761 δὴ
364 1721 426 1751 καὶ
461 1719 521 1751 ἐπὶ
551 1715 729 1771 τοσαύτας
760 1716 902 1763 εἴδομεν
933 1716 1120 1761 διαδοχάς,
1154 1719 1215 1753 ἵνα
1237 1716 1286 1761 μὴ

1354 1583 1380 1617 4
1425 1585 1569 1618 maneat
1584 1582 1661 1618 sine
1677 1582 1835 1619 aditione
1856 1583 2041 1619 morientis
2060 1584 2252 1620 hereditas.
2287 1584 2446 1620 Exhere-

1355 1628 1460 1663 datos
1495 1630 1617 1663 autem
1647 1627 1760 1670 filios,
1797 1627 1829 1663 si
1858 1628 1952 1664 iuste
1975 1638 1998 1663 a
2020 1632 2125 1674 patre
2157 1629 2295 1666 exclusi
2318 1630 2391 1666 sint
2414 1635 2449 1665 et

1355 1673 1444 1708 nihil
1461 1683 1505 1708 ex
1521 1673 1638 1717 patris
1655 1673 1814 1708 habeant
1831 1673 2027 1712 voluntate.
2054 1684 2128 1710 non
2147 1685 2314 1711 vocamus
2333 1685 2449 1719 neque

1354 1718 1577 1771 respicimus,
1608 1718 1694 1754 licet
1725 1718 1843 1754 decies
1866 1718 1980 1755 milies
2004 1719 2125 1754 velint.
2170 1719 2253 1755 Una
2275 1719 2369 1755 enim
2394 1723 2449 1756 est

189 1767 346 1807 μείνειεν
386 1761 661 1810 ἄπροςέλευστος
702 1776 721 1796 ο
758 1765 825 1797 τοῦ
868 1762 1108 1798 τελευτῶντος
1150 1762 1284 1817 κλῆρος.
1299 1765 1339 1797 35
1354 1764 1442 1807 legis
1473 1763 1644 1805 intentio,
1674 1766 1715 1798 ut
1746 1773 1839 1807 quae
1862 1763 2037 1816 disposita
2061 1767 2145 1801 sunt
2168 1774 2191 1799 a
2213 1764 2448 1801 morientibus

189 1809 215 1844 4
259 1808 526 1844 Exheredatovs
558 1805 598 1841 δὲ
628 1805 776 1850 παῖδας,
808 1808 844 1842 εἴ
861 1822 902 1855 γε
926 1807 1075 1846 δικαίως
1097 1820 1197 1855 παρα
1220 1809 1284 1842 τοῦ

190 1852 327 1900 πατρὸς
357 1850 634 1888 ἀποκλεισθεῖεν
667 1856 728 1886 καὶ
755 1851 870 1898 μηδὲν
903 1856 941 1887 ἐκ
971 1855 1033 1897 τῆς
1059 1855 1123 1888 τοῦ
1149 1852 1285 1899 πατρὸς

189 1897 305 1941 ἔχοιεν
335 1895 499 1945 γνώμης,
529 1895 570 1932 οὗ
595 1896 773 1942 καλοῦμεν
797 1896 882 1932 οὐδὲ
904 1900 1137 1944 προςιέμεθα,
1162 1897 1230 1933 κᾶν
1253 1899 1285 1932 εἰ

191 1941 351 1991 μυριάκις
379 1942 607 1987 βουληθεῖεν.
628 1986 637 1997 x
655 1943 719 1996 Εἷς
742 1942 810 1990 γὰρ
835 1945 913 1978 ἐστὶ
935 1945 990 1988 τῷ
1015 1942 1117 1988 νόμῳ
1142 1944 1286 1986 σκοπός,

187 1987 234 2023 τὰ
258 1987 525 2043 διατεταγμέναι·
541 2000 642 2035 παρα
666 2002 745 2022 των
764 1987 1023 2023 τελευτώντων
1041 1988 1286 2036 πληροῦσθαι.
1299 1991 1342 2024 40

188 2033 256 2068 τὸν
278 2032 346 2081 γὰρ
363 2033 402 2074 ἐξ
417 2046 525 2068 αυτου
543 2035 607 2067 τοῦ
627 2031 848 2077 διαθεμένου
868 2035 930 2077 τῆς
949 2031 1059 2068 αὑτοῦ
1079 2038 1287 2081 περιουσίας

187 2076 484 2122 ἆπελαυνρμενον
516 2079 594 2113 πῶς
626 2075 673 2112 ἂν
705 2079 758 2120 εἵη
789 2077 932 2113 δίκαιον
955 2078 1078 2113 καλεῖν
1102 2080 1150 2114 εἰς
1174 2078 1286 2126 πράγ-

187 2137 304 2168 ματα,
336 2122 391 2157 ὡν
419 2121 533 2157 αὐτὸν
567 2126 699 2157 ἐκεῖνος
735 2122 795 2157 διὰ
834 2126 896 2167 τῆς
939 2120 993 2158 ἐπ’
1030 2121 1131 2168 αὐτῷ
1172 2125 1290 2171 ῥητῶς

186 2171 379 2217 γενομένης
401 2168 692 2204 exheredationos
715 2170 895 2215 γενέσθαι
917 2171 1074 2213 μέτοχον
1098 2167 1162 2203 οὐκ
1181 2166 1287 2213 ἠβου-

1354 1809 1588 1854 impleantur;
1614 1818 1696 1843 eum
1719 1808 1825 1852 enim,
1850 1820 1911 1854 qu1
1934 1809 1980 1844 ab
2004 1809 2083 1854 ipso
2106 1813 2281 1846 testatore
2301 1811 2448 1855 propria

1354 1854 1560 1889 substantia
1590 1854 1716 1898 pulsus
1749 1858 1822 1895 est,
1854 1854 2032 1898 quomodo
2063 1854 2132 1890 erit
2160 1855 2296 1890 iustum
2318 1865 2447 1891 vocare

1355 1899 1403 1934 ad
1425 1910 1495 1940 res,
1521 1909 1673 1943 quarum
1696 1909 1778 1934 eum
1807 1899 1867 1935 ille
1889 1910 1956 1944 per
1979 1899 2291 1936 exheredationem
2313 1900 2447 1935 factam

1354 1945 1393 1980 in
1423 1954 1505 1981 eum
1536 1944 1733 1989 expressim
1763 1944 1842 1980 fieri
1872 1945 2084 1990 participem
2114 1945 2254 1981 noluit?
2300 1945 2340 1981 Si
2361 1955 2445 1982 vero

188 2282 380 2318 voluerint.
427 2280 568 2324 Quodsi
598 2280 721 2317 nullus
753 2281 955 2328 leqatarius
984 2281 1041 2318 vel
1065 2281 1427 2332 fideicommissaiius
1458 2281 1528 2317 hoc
1550 2282 1685 2333 facere
1714 2282 1888 2325 voluerit,
1922 2283 2037 2319 servis
2059 2283 2226 2321 libertate
2254 2285 2445 2322 honoratis

187 2328 329 2363 veniam
359 2326 504 2369 damus,
540 2330 583 2362 ut
611 2326 808 2362 secundum
841 2326 1006 2362 ordinem
1040 2326 1321 2368 nominationis,
1353 2337 1427 2372 quo
1457 2326 1626 2362 dominus
1655 2337 1719 2362 eos
1747 2327 2000 2370 nominaverit,
2029 2328 2083 2364 ita
2106 2329 2203 2365 inter
2224 2341 2265 2367 se
2286 2330 2445 2367 habeant

187 2371 213 2408 2
251 2372 565 2419 praeroqativam.

189 2417 417 2464 conferenda
448 2416 579 2462 quibus
608 2420 744 2452 natura
772 2416 953 2451 successio
989 2427 1013 2451 a
1047 2419 1221 2452 testatore
1251 2419 1288 2451 et
1315 2414 1503 2461 defuncto
1524 2415 1683 2452 debetur.

651 2369 704 2407 Et
725 2371 815 2407 haec
837 2370 982 2417 quidem
1007 2371 1129 2406 omnia
1152 2370 1348 2412 sancimus,
1377 2370 1439 2405 ubi
1462 2371 1508 2406 de
1530 2371 1738 2406 necessaria
1761 2372 1887 2418 aqitur
1908 2372 2057 2408 datione
2078 2373 2118 2408 in
2140 2385 2264 2410 eorum
2287 2375 2443 2423 aliquem

1742 2415 1785 2452 Si
1819 2427 1905 2452 vero
1935 2417 2112 2454 eiusmodi
2142 2429 2309 2466 persona
2340 2421 2444 2457 nulla

186 2462 308 2499 subest
340 2462 380 2497 in
408 2460 716 2504 institutionibus,
748 2460 814 2497 sed
843 2460 1054 2497 voluntaria
1085 2460 1288 2497 liberalitas
1318 2460 1573 2507 dispositionis
1596 2472 1619 2496 a
1644 2465 1818 2498 testatore
1837 2462 1918 2507 fiat,
1948 2467 1985 2498 et
2007 2462 2136 2500 deinde
2157 2465 2319 2512 scriptus
2341 2465 2445 2503 heres

188 2508 290 2543 intra
314 2511 454 2554 tempus
476 2518 500 2542 a
523 2506 628 2542 nobis
676 2506 878 2542 raedictum
902 2505 942 2541 id
963 2505 1065 2552 quod
1079 2509 1322 2558 praeceptum
1347 2510 1403 2541 est
1417 2517 1492 2557 non
1510 2506 1682 2552 impleat:
1703 2506 1766 2543 ille
1785 2518 1870 2543 vero
1892 2507 2067 2550 omnibus,
2091 2519 2188 2560 quae
2203 2510 2333 2547 relicta
2345 2515 2442 2554 sunt,

185 2550 1959 2641 {iit-²525&²⁴25³2³}“i0ii0iffssfferisszntzssdsszi“vixvfftzztzssmtu3²⁴225q55⁷²5252122ssesffia
1981 2551 2300 2636 {adiisti}
2316 2555 2442 2636 {3³55}

188 2647 224 2678 et
254 2624 387 2677 omnes'
408 2641 454 2676 ab
486 2608 659 2676 inqtestato
688 2639 886 2692 secundum
918 2623 1081 2692 ordine’m
1104 2652 1127 2676 a
1151 2640 1255 2676 nobis
1286 2622 1381 2692 aii-te·
1403 2606 1576 2692 tradi-tum
1608 2640 1713 2693 bona·
1729 2641 1885 2693 veniant,
1918 2652 2028 2678 onere
2097 2642 2183 2689 ique
2204 2655 2353 2680 annexo
2375 2645 2439 2680 im-

188 2687 215 2723 3
253 2686 386 2739 piendi
408 2697 452 2722 ea
488 2697 583 2732 quae
608 2689 760 2720 testator
783 2685 952 2732 lemtzme,
976 2689 1072 2721 sicut
1094 2690 1179 2721 ante
1201 2686 1275 2720 iam
1298 2685 1471 2728 diximus,
1495 2690 1737 2732 imperaverit.
1816 2685 1856 2721 Si
1881 2697 1966 2722 vero
1988 2686 2169 2724 institutio
2185 2689 2294 2724 etiam
2310 2689 2434 2726 substi—

191 2736 365 2767 tutionem
396 2730 444 2765 ha
469 2735 522 2773 et,
547 2730 781 2775 manifestum
805 2734 862 2766 est
876 2730 987 2777 prius
1011 2730 1061 2765 ad
1081 2730 1326 2773 substitutum,
1350 2730 1383 2765 si
1405 2729 1501 2772 velit,
1532 2734 1686 2766 ventura
1709 2741 1787 2767 esse
1809 2730 1906 2766 bona
1928 2731 2069 2774 relicta,
2101 2733 2223 2769 omnia
2244 2734 2439 2770 secundum

190 2777 304 2824 leqem
327 2775 534 2823 implentem
543 2789 559 2818 ;
607 2775 792 2821 ariterque
815 2774 880 2811 illo
905 2775 1050 2811 nolente
1076 2780 1160 2811 tunc
1184 2776 1234 2811 ad
1256 2774 1451 2811 coheredes
1473 2778 1512 2811 et
1533 2774 1734 2821 leqatarios
1756 2779 1794 2812 et
1813 2787 1939 2812 servos
1961 2781 1998 2812 et
2019 2776 2169 2814 heredes
2191 2778 2237 2814 ab
2265 2778 2438 2816 intestato

187 2827 223 2857 et
253 2825 454 2858 extraneos
483 2825 519 2856 et
579 2831 679 2856 scum
709 2820 905 2856 secundum
936 2820 1071 2856 dictam
1102 2832 1126 2856 a
1149 2821 1254 2857 nobis
1279 2820 1566 2856 observationem
1589 2832 1685 2868 quae
1707 2821 1930 2867 auferuntur
1944 2822 2171 2868 pervenient,
2203 2823 2268 2870 qui
2291 2825 2437 2860 omnino

187 2866 367 2913 leqi'timas
389 2865 647 2912 defunctorum
670 2865 928 2912 dispositiones
949 2865 1135 2912 impleant.
1167 2865 1373 2913 Propterea
1395 2865 1490 2902 enim
1513 2864 1564 2901 ad
1587 2870 1642 2902 tot
1662 2866 1908 2902 successiones
1922 2877 1964 2902 re
2009 2867 2164 2910 eximus,
2187 2879 2233 2904 ne
2256 2869 2438 2905 hereditas

185 2913 212 2948 4
256 2910 422 2956 defuncti
445 2922 519 2947 non
543 2911 645 2946 adita
669 2915 823 2947 maneat.
895 2910 1155 2947 Exheredatos
1177 2922 1263 2948 vero
1288 2910 1433 2953 liberos,
1456 2911 1490 2946 si
1512 2910 1620 2947 modo
1643 2911 1737 2948 iuste
1754 2923 1778 2947 a
1787 2915 1901 2958 patre
1914 2922 1986 2948 exc
2000 2912 2059 2948 usi
2075 2912 2151 2948 sint
2164 2914 2436 2960 necquicquam

187 2967 238 2993 ex
259 2955 447 2993 voluntate
462 2956 589 3003 patris
613 2955 781 2996 habeant,
805 2967 879 2992 non
903 2967 1075 2992 vocamus
1098 2967 1214 3003 neque
1238 2955 1473 2999 admittimus,
1497 2956 1640 2992 etiamsi
1661 2956 1855 2993 sescenties
1876 2956 1995 2993 velint.
2049 2956 2127 2993 Una
2150 2958 2245 2994 enim
2268 2963 2325 2996 est
2344 2958 2437 3006 leqis

185 3001 358 3043 intentio,
392 3006 433 3037 ut
462 3013 558 3047 quae
581 3013 604 3036 a
625 3000 811 3047 defunctis
868 3005 1042 3048 raecepta
1064 3007 1151 3037 sunt
1172 3001 1405 3049 impleantur.
1453 3000 1550 3037 Nam
1573 3001 1638 3048 qui
1660 3001 1705 3038 ab
1726 3002 1741 3037 i
1767 3013 1810 3038 so
1835 3005 2008 3038 testatore
2038 3001 2143 3038 bonis
2163 3003 2242 3038 suis
2263 3003 2437 3040 exclusus

185 3050 251 3089 est,
275 3046 340 3092 qui
362 3046 496 3082 iustum
518 3046 638 3092 fuerit
656 3057 736 3082 eum
760 3046 810 3081 ad
857 3058 930 3083 ona
953 3057 1096 3089 vocare,
1121 3057 1277 3092 quorum
1300 3057 1381 3082 eum
1403 3045 1465 3082 ille
1513 3058 1554 3082 er
1577 3046 1714 3085 exhere
1764 3047 1895 3083 tionem
1917 3047 2130 3083 nominatim
2150 3048 2294 3094 factam
2319 3050 2435 3096 parti-

186 3092 301 3139 cipem
326 3091 412 3137 fieri
432 3091 576 3128 noluit?
621 3089 728 3134 Quod
757 3102 841 3127 vero
858 3096 1008 3139 partem
1031 3092 1065 3127 ei
1088 3092 1152 3138 qui
1176 3091 1396 3128 voluntatem
1425 3091 1469 3128 de
1491 3093 1593 3127 uncti
1625 3103 1700 3128 non
1729 3092 1857 3140 implet
1877 3091 2036 3128 ablatam
2056 3092 2214 3140 primum
2237 3093 2288 3129 ad
2305 3094 2435 3131 substi—

1347 3202 1580 3250 ληγαταρίους
1617 3206 1697 3240 add.
1727 3206 1788 3238 καὶ
1827 3202 1966 3250 φιδεϊκο
1993 3207 2227 3251 μισσαρίουςῖ
2253 3204 2267 3250 ΙΙ
2296 3207 2339 3240 30
2367 3204 2434 3240 τὸν

1347 3246 1524 3303 δημρσιον
1546 3249 1605 3306 ΑἾΙΙ
1624 3252 1667 3284 32
1691 3247 1930 3303 πανταχόθεν
2008 3249 2021 3294 ΙΙ
2043 3252 2085 3285 35
2109 3252 2234 3329 pisino:5
2244 3251 2295 3304 'M
2307 3249 2321 3295 ΙΙ
2336 3252 2434 3329 3111υῗ

1345 3306 1565 3386 Ξῗτῖἶιῖἔοῖς
1577 3293 1821 3395 ἳῗῖιλῖἳῖἑῖ]
1833 3296 1959 3374 εῇἰἍ
1966 3295 2068 3384 ’ἥθὲτΙΙ
2079 3294 2217 3386 ,552‘332
2233 3305 2432 3379 ἶῖῗῖθετςν

1345 3381 1368 3427 ἧ
1390 3386 1450 3417 καὶ
1472 3381 1587 3427 μηδὲν
1609 3381 1701 3419 ὅλως
1723 3384 1986 3439 ἑχοιενμίἳτιον
2034 3384 2052 3392 ”“
2091 3384 2156 3418 τοῦ
2178 3383 2314 3429 πατρὸς
2337 3381 2430 3436 φιδι-

1346 3428 1863 3520 “wesmannus
1885 3427 2203 3515 'sesami
2216 3425 2429 3516 scisse:

1345 3484 1463 3552 ’ἵίονοςαι
1476 3520 1508 3553 L
1525 3499 1610 3562 ⁴i'rtoa
1625 3487 1930 3566 7Ξῖιποκέρύἐειωιςηε.
1942 3532 1974 3553 v.
1987 3518 2057 3570 λζ’)
2069 3518 2352 3570 ΜΕΙγενομένης
2367 3517 2426 3564 ρη-

1345 3564 1419 3598 τῶς
1439 3561 1736 3610 ἐξνερεδατίωνος
1748 3566 1780 3598 A
1797 3561 2250 3612 γενομένηςαποκηρυξεως
2261 3561 2378 3606 ῥητῶς
2391 3563 2427 3596 Β

235 3207 253 3237 3
279 3206 353 3238 τοῖς
377 3212 451 3238 ante
476 3201 667 3249 ἐλευθερίᾳ
691 3218 750 3238 om.
773 3205 804 3237 A
821 3204 833 3248 ΙΙ
852 3208 872 3239 5
893 3200 1065 3248 ὀνομάσει
1089 3206 1119 3238 A
1136 3205 1147 3247 fl
1167 3207 1187 3239 8
1211 3203 1278 3238 τὸν

187 3249 226 3281 ἐκ
250 3246 390 3294 φύσεως
413 3245 648 3294 ὀφειλόμενον
660 3250 692 3282 A
707 3248 720 3293 ΙΙ
738 3251 770 3283 9.
789 3252 826 3283 10
840 3246 923 3283 οὐδὲ
941 3251 981 3283 ἓν
998 3246 1188 3283 ὑπόκειται
1200 3251 1278 3283 τῶν

188 3292 364 3327 τοιούτων
389 3290 603 3340 προσώπων
626 3295 657 3327 A
676 3293 688 3338 ΙΙ
707 3297 745 3328 11
771 3291 793 3336 ἡ
817 3307 877 3328 om.
889 3296 920 3328 A
938 3294 951 3338 ΙΙ
970 3296 1009 3328 12
1033 3296 1174 3341 γένοιτο
1187 3296 1253 3328 BA
1266 3294 1279 3335 ΙΙ

193 3341 230 3372 14
262 3335 342 3379 ἤτοι
373 3339 428 3379 Μ]
462 3352 519 3372 om.
553 3339 655 3372 LAB
680 3350 699 3375 ς
722 3338 735 3384 ΙΙ
758 3336 912 3373 πάντων
942 3352 1000 3372 om.
1031 3340 1063 3374 A
1086 3339 1099 3384 ΙΙ
1128 3341 1168 3375 15
1191 3336 1276 3384 μηδ’

186 3378 309 3416 ὁτιοῦν
338 3381 429 3416 κατὰ
487 3381 650 3417 αλκίδιον
680 3379 702 3426 ἢ
735 3381 812 3418 κατ’
844 3381 957 3427 ἄλλην
988 3384 1113 3418 αἰτίαν
1142 3385 1174 3419 A
1200 3383 1213 3428 ΙΙ
1239 3387 1278 3419 16

187 3423 298 3460 *οὐδὲ
328 3424 406 3461 κατ’
437 3428 464 3461 li
488 3430 517 3461 ri
543 3429 556 3472 ss
587 3431 624 3463 17
658 3425 754 3473 ὅμως
777 3429 808 3462 A
831 3428 844 3474 ΙΙ
869 3427 916 3462 τὰ
946 3426 1051 3470 αὐτὰ]
1083 3429 1166 3463 talia
1189 3431 1225 3470 (ι’.
1249 3442 1276 3463 e.

187 3472 352 3510 τοιαῦτα)
376 3483 396 3508 ς
421 3471 433 3516 ΙΙ
456 3471 760 3519 συγκληρονόμους
783 3474 829 3507 L*
850 3473 862 3517 ΙΙ
889 3476 928 3508 18
954 3470 1083 3509 αὐτοὺς
1105 3475 1136 3508 A
1151 3474 1164 3516 ΙΙ
1183 3475 1276 3508 ἐπεί-

188 3516 469 3603 {trifiles
494 3516 725 3608 iteris..
738 3517 815 3598 '¹23¹
844 3519 1174 3606 ww
1201 3518 1278 3597 ς’·

188 3574 351 3650 θέμενοέ
371 3604 464 3639 κατὰ
502 3606 568 3640 τὸν
604 3605 718 3652 νόμον
747 3576 1032 3655 τὸέρείρημένον
1063 3577 1277 3655 ἔμῖτροσθεν

189 3648 391 3691 ἐπιτάξοιεν
415 3652 444 3684 A
463 3650 476 3696 ΙΙ
493 3653 535 3686 24
560 3649 599 3685 δὲ
621 3650 643 3693 ἡ
667 3653 770 3687 om.A
793 3655 841 3696 (in
863 3666 967 3694 maro.
992 3650 1037 3687 ιδ’
1063 3655 1147 3699 περὶ
1169 3650 1277 3689 ὑποκ-

189 3694 463 3742 ιαταστάσεωειι
483 3696 553 3741 {25
579 3697 652 3738 ιπι]
678 3694 791 3732 ὑπὸᾼ
808 3699 820 3743 ιι
839 3699 880 3733 27
906 3690 974 3732 τὸν
986 3701 1090 3733 orma
1109 3699 1122 3744 ιι
1138 3701 1181 3734 29
1201 3707 1278 3743 post

1392 3656 1407 3688 1
1441 3653 1590 3688 uoluerit
1626 3655 1659 3687 V
1682 3654 1697 3693 11
1724 3656 1744 3689 3
1773 3654 1930 3688 libertate
1962 3652 2101 3695 elegerit
2135 3652 2307 3686 honoratis
2337 3653 2385 3686 R·
2413 3652 2426 3698 ss

1346 3701 1365 3733 '1
1390 3698 1560 3732 subiaceat
1591 3698 1645 3743 Vll
1662 3700 1703 3734 21
1729 3699 1825 3742 prius
1846 3700 1934 3734 siout
1962 3696 2035 3742 1⁷¹1
2059 3698 2103 3732 3⁴
2126 3696 2324 3739 despicimus
2348 3698 2381 3732 R
