2618 4010
162 151 221 182 DE
249 147 428 183 NUPTIIS

163 246 327 297 ληγᾶτοις
349 253 410 284 καὶ
433 247 737 296 φιδεΐκομμίσσοις
767 245 814 282 τὰ
837 242 1034 294 πράγματα
1054 248 1172 283 ταῦτα
1195 248 1243 282 εἰς

163 295 301 342 ἑτέρους
322 295 555 340 μεταστῆσαι.
611 295 670 328 καὶ
717 292 760 340 ἀρ
786 290 829 336 δὴ
853 291 916 327 τὰς
938 291 1108 329 τοιαύτας
1128 294 1246 329 ἐκποι-

162 338 259 384 ἠσεις
271 340 452 386 ἐφήκαμεν
466 337 561 384 ἡμεῖς
579 306 745 380 διάταξιν
759 335 847 383 ὑπὲρ
863 337 1006 373 τούτων
1017 338 1244 387 γεγραφότες.

162 386 186 421 2
240 386 286 420 Εἰ
308 388 433 430 μέντοι
463 383 545 420 τοὺς
575 386 644 428 μὲν
674 381 807 419 παῖδας
829 386 869 418 ἔκ
892 395 990 418 τινος
1012 388 1138 431 μοίρας
1160 382 1244 432 γρά-

1246 130 1319 179 161

1312 246 1510 283 commissis
1541 254 1600 282 res
1631 243 1698 280 has
1726 243 1764 279 in
1799 244 1888 280 alios
1922 244 2089 288 migrare3
2126 244 2235 280 talem
2268 243 2400 289 quippe

1952 132 2060 176 Nov.
2091 132 2218 176 XXII
2249 134 2315 176 20.
2345 133 2396 173 21

1317 292 1568 328 alienationem
1590 289 1814 336 permisimus
1847 300 1913 326 nos
1939 290 2228 325 constitutionem
2253 300 2317 334 pro
2342 288 2398 324 his

1317 338 1596 374 conscribentes.

1315 383 1340 419 2
1387 383 1424 418 Si
1447 393 1531 419 vero
1554 380 1648 417 filios
1673 391 1717 416 ex
1739 380 1860 433 aliqua
1884 384 1986 425 parte
2006 380 2218 426 scripserint
2236 378 2397 421 heredes,

163 441 274 485 vpfuw
298 427 551 485 κζηρωόμους,
577 428 766 483 ἐξωζικούς
795 427 834 463 δὲ
857 428 895 469 ἐξ
918 429 1057 474 ἑτέρας,
1079 432 1182 473 μένοι
1206 427 1247 464 δὲ
1283 432 1302 465 5
1317 432 1505 464 extraneos
1529 429 1649 463 autem
1672 436 1718 462 ex
1737 426 1827 468 aha,
1861 430 2031 460 maneant
2062 430 2182 461 autem
2216 426 2307 460 tales
2339 435 2398 460 res

163 489 208 510 τα
239 488 391 510 τοιαυτα
426 487 622 531 πραγματα
656 488 678 518 η
711 478 774 508 καί
802 487 887 509 τινα
921 474 960 515 ἐξ
991 472 1115 510 αὐτῶν
1143 469 1245 509 ἀνεκ-

163 524 313 564 ποίητα,
344 518 385 555 οὗ
419 533 520 566 παρα
548 520 656 554 τοῦτο
688 519 957 563 ἐκπεποιῆσθαι
988 521 1107 554 ταῦτα
1140 518 1245 561 δοκεῖ,

163 563 288 608 ἐπειδὴ
320 576 375 600 τις
410 568 470 599 καὶ
506 567 624 610 ἕτερος
658 568 859 612 γέγραπται
890 563 1122 609 κληρονόμος,
1158 562 1248 599 ἀλλὰ

163 613 304 665 μενέτω
325 613 384 644 καὶ
404 611 522 645 ταῦτα
541 613 614 644 τοῖς
635 614 774 645 παισίν.
812 607 904 645 Οὐδὲ
921 610 999 664 γάρ,
1020 611 1051 644 εἰ
1067 609 1247 656 γράψαιεν

1315 476 1380 510 aut
1414 474 1521 509 etiam
1554 471 1726 518 quaedam
1759 481 1882 506 earum
1915 481 1988 506 non
2021 471 2213 513 alienatae,
2250 480 2321 506 non
2352 470 2398 504 ob

1315 519 1384 555 hoc
1408 519 1585 555 alienatae
1608 517 1677 553 hae
1699 516 1925 559 videbuntur,
1951 517 2118 560 quoniam
2143 516 2271 559 aliquis
2293 515 2398 550 etiam

1316 565 1407 600 alter
1439 565 1594 609 scriptus
1625 564 1680 598 est
1712 562 1837 605 heres,
1873 561 1936 596 sed
1973 564 2140 596 maneant
2173 562 2279 596 etiam
2308 561 2399 596 haec

1315 610 1410 645 filiis.
1459 609 1542 645 Non
1566 608 1675 652 enim,
1709 607 1740 643 si
1772 606 1957 652 scripserit
1988 616 2109 641 omnes
2134 606 2225 641 filios
2251 606 2398 641 heredes

163 667 303 691 παντας
333 655 416 690 τούς
447 653 581 710 παῖδας
604 654 856 708 ρληρονόμους,
890 655 928 695 ἐξ
957 658 1099 689 ανίσων
1121 659 1246 700 μέντοι
1265 658 1302 690 10
1316 665 1360 690 ex
1392 654 1640 708 inaequalibus
1672 652 1856 698 partibus,
1889 652 1955 687 has
1988 651 2183 687 secundum
2220 651 2397 686 heredita-

163 702 298 747 μερῶν,
321 702 438 735 ταῦτα
461 714 553 734 κατα
577 712 639 735 τας
668 699 940 747 κληρονομιαίας
970 697 1148 744 λήψονται
1171 703 1246 745 μοί-

162 757 243 802 ρας,
267 742 348 780 ἀλλ’
371 746 409 787 ἐξ
432 745 508 789 ἴσης
532 743 781 792 διαιρήσονται
805 743 893 792 πρὸς
912 743 979 779 τὸν
998 742 1162 791 ἀριθμὸν
1180 744 1246 779 τὸν

163 792 321 825 εαυτῶν·
355 788 472 838 ῶςπερ
496 788 563 826 κᾶν
588 792 618 825 εἰ
641 789 780 844 μηδένα
814 787 938 823 αὐτῶν
961 788 1142 837 γράψειαν
1165 789 1245 832 κλη-

163 833 328 892 ρογόμον,
352 833 434 870 ἀλλ’
462 835 652 877 ἐξωτικοὺς
676 832 856 876 ἅπαντας,
889 831 1009 868 αὐτοῖς
1032 837 1095 869 τοῦ
1122 834 1244 869 ἱκανοῦ

162 881 200 915 δι
242 881 377 934 ἑτέρων
400 880 551 935 τρόπων
574 884 779 934 γινομένου,
811 878 990 924 λήψονται
1013 881 1146 922 ταῦτα,
1171 883 1244 913 καί·
1261 883 1299 915 15
1315 892 1396 915 cum
1432 881 1555 925 utique
1591 890 1663 915 non
1702 879 1775 915 sint
1809 878 1958 914 heredes
1994 881 2195 923 parentum.

162 939 219 960 τοι
243 939 292 971 μη
316 925 618 974 κληρονομουντες
641 939 704 960 του
732 928 875 972 γονέως.
918 922 1042 965 Ἔδοξε
1068 924 1136 971 γὰρ
1161 923 1246 969 ἡμῖν

162 971 255 1005 κατὰ
279 969 464 1018 πρόληψιν
492 968 511 1006 ὁ
543 970 662 1018 πατὴρ
687 973 727 1005 ἐν
751 968 781 1014 ᾧ
805 971 854 1014 μὴ
879 971 955 1012 ζῶν
979 967 1200 1012 ἐκποιὴσειεν
1224 966 1246 1011 ἢ

162 1019 221 1050 καὶ
254 1017 371 1061 ῥητῶς
402 1014 584 1052 ὑπόθοιτό
613 1029 650 1050 τι
679 1016 758 1050 τῶν
780 1028 856 1060 πρα
878 1013 1007 1058 μάτων
1037 1013 1190 1056 τούτων,
1223 1012 1245 1058 ἢ

161 1060 340 1096 τελευτῶν
369 1061 419 1107 μὴ
451 1062 580 1116 ῥητῶςΙ
598 1061 646 1095 εἰς
672 1062 802 1105 ἕτερον
826 1058 918 1094 αυτά
941 1060 1131 1113 μεταθείη,
1161 1058 1244 1104 βού-

1314 701 1387 735 rias
1413 700 1591 745 acc1pient
1613 698 1815 744 portiones,
1848 697 1912 733 sed
1943 707 1989 732 ex
2020 706 2134 741 aequo
2161 696 2318 731 divident
2342 706 2397 731 se-

1317 745 1472 781 cundum
1497 754 1684 780 numerum
1708 754 1829 786 suum,
1862 743 1956 778 sicut
1985 742 2093 777 etiam
2123 742 2153 777 si
2178 742 2313 776 nullum
2338 751 2397 776 eo-

1314 801 1394 825 rum
1427 790 1612 835 scripserit
1642 789 1830 832 heredem,
1862 787 1926 824 sed
1957 791 2147 822 extraneos
2168 797 2308 828 omnes,
2347 786 2398 821 eis

1315 846 1379 880 per
1403 835 1492 870 alios
1517 835 1639 870 modos
1664 833 1912 870 satisfactione
1936 832 2072 874 habita,
2100 831 2302 911 percipierplt
2326 841 2400 911 ease

2301 887 2382 911 acm

1315 926 1409 961 enim
1440 926 1544 960 nobis
1577 935 1642 970 per
1671 923 2014 969 praesumptionem,
2047 923 2131 968 quia
2161 926 2281 967 pater,
2315 922 2399 956 dum

1314 981 1388 1005 non
1411 970 1530 1006 vivens
1556 970 1763 1005 alienaverit
1787 973 1850 1005 aut
1880 968 2076 1014 expressim
2100 967 2310 1012 obligaverit
2334 967 2398 1002 ali-

1315 1016 1399 1060 quid
1431 1026 1551 1051 rerum
1583 1017 1710 1050 harum
1744 1018 1807 1050 aut
1838 1014 1994 1050 moriens
2030 1024 2102 1049 non
2135 1012 2331 1058 expressim
2361 1013 2398 1046 in

1315 1061 1422 1095 alium
1448 1071 1507 1096 eas
1531 1060 1807 1104 transposuerit,
1832 1059 1985 1095 voluerit
2007 1058 2119 1104 magis
2144 1068 2287 1094 servare
2303 1058 2397 1100 filiis,

163 1106 295 1141 λεσθαι
322 1106 458 1162 pail-ov
490 1105 683 1153 φυλαττειν
710 1108 784 1140 τοῖς
812 1109 952 1146 παισίν,
986 1116 1033 1139 ως
1066 1105 1105 1146 ἐξ
1130 1106 1245 1140 αἰτίας
1258 1108 1300 1140 20
1315 1109 1496 1149 tamquam
1515 1116 1558 1140 ex
1578 1115 1688 1140 causa
1712 1105 1855 1141 illorum
1879 1105 2021 1140 sibimet
2043 1104 2249 1148 acquisitas,
2275 1106 2311 1138 et
2326 1113 2399 1138 non

162 1154 311 1186 ἐκείνων
339 1154 439 1196 αυτῷ
464 1151 746 1199 προςγενόμενα,
778 1147 867 1184 ἀλλὰ
897 1149 947 1195 μὴ
977 1151 1026 1185 εἰς
1051 1149 1133 1185 τοὺς
1156 1150 1243 1191 ἔξω·

162 1197 235 1230 θἐν
267 1195 376 1244 ἄγειν.
424 1200 484 1231 καὶ
515 1194 716 1240 δοθήσεται
749 1197 867 1230 ταῦτα
901 1198 976 1230 τοῖς
1004 1198 1110 1231 παισὶ
1139 1199 1244 1243 γέρας

164 1242 348 1288 ἐξαίρετον
368 1243 407 1275 ἐκ
426 1242 488 1276 τοῦ
512 1238 682 1289 ἡμετέρου
706 1238 827 1286 νόμου,
859 1237 927 1275 κᾶν
951 1242 983 1274 εἰ
1005 1239 1054 1284 μὴ
1077 1239 1243 1299 κληρονο-

160 1290 262 1333 μοῖεν
281 1285 303 1330 ἢ
325 1286 549 1340 τοῦματρὸς
575 1286 597 1330 ἢ
621 1288 682 1330 τῆς
703 1285 836 1332 μητρὸς
859 1283 881 1330 ἢ
904 1282 1094 1333 ὁποτέρου,
1124 1299 1191 1320 καν
1214 1285 1249 1320 εἴ

1315 1151 1360 1186 ad
1386 1154 1576 1186 extraneos
1602 1150 1787 1185 deducere.
1807 1179 1810 1182 .
1837 1150 1888 1186 Et
1911 1150 2092 1185 dabuntur
2115 1150 2206 1184 haec
2229 1149 2311 1184 filiis
2332 1149 2397 1184 ho-

1314 1207 1400 1232 nore
1422 1195 1619 1240 praecipuo
1643 1206 1688 1230 ex
1712 1198 1836 1230 nostra
1858 1196 1946 1240 lege,
1979 1195 2063 1230 licet
2087 1206 2159 1230 non
2182 1194 2273 1229 fiant
2295 1194 2397 1229 here-

1313 1241 1376 1276 des
1401 1245 1464 1276 aut
1512 1241 1601 1276 atris
1626 1243 1688 1275 aut
1712 1241 1836 1275 matris
1861 1246 1925 1275 aut
1947 1240 2153 1284 utriusque,
2186 1240 2241 1274 vel
2265 1240 2297 1275 si
2321 1239 2397 1284 qui-

1314 1286 1395 1322 dam
1413 1286 1473 1332 qui
1501 1297 1555 1321 em
1576 1296 1700 1321 eorum
1714 1285 1862 1321 heredes
1880 1285 1979 1328 fiant,
2006 1285 2066 1319 alii
2087 1295 2169 1320 vero
2189 1285 2398 1330 repudient3

161 1343 254 1367 τινες
277 1333 344 1384 μὲν
369 1345 492 1366 αυτων
516 1330 780 1387 κρηρονομοῖεν,
811 1333 907 1384 τινὲς
930 1329 971 1365 δὲ
994 1334 1241 1378 παραιτοῖντο.
1257 1333 1299 1367 25
1314 1332 1383 1367 1100
1417 1331 1510 1367 0111111
1542 1331 1647 1367 nobis
1675 1330 1809 1366 rectius
1838 1341 1944 1375 quam
1968 1330 2148 1375 prioribus
2173 1330 2310 1375 placuit
2334 1330 2397 1364 ha-

160 1378 267 1411 τοῢτο
301 1390 369 1432 zap
411 1375 496 1422 ἡμῖν
531 1375 736 1424 ορθότερον
775 1390 854 1411 των
894 1379 1085 1423 προτέρων
1120 1374 1244 1417 ἔδοξεν

161 1423 265 1464 ἔχειν.
320 1423 409 1456 Ωςτε
439 1423 538 1469 εἴπερ
570 1425 674 1469 γέρας
703 1424 805 1456 ἐστὶν
833 1423 872 1456 ἐκ
902 1423 966 1456 τοῦ
999 1420 1110 1476 νόμου
1134 1435 1243 1456 κατα·

189 1467 360 1513 ερόμενον
385 1468 433 1502 εἰς
458 1465 593 1509 αὐτούς,
613 1465 770 1512 μηδεμιᾷ
793 1464 980 1515 προςθήκῃ
1000 1480 1091 1511 μητε
1115 1467 1244 1502 ἐπιθο-

183 1513 319 1547 οῦσθαι
349 1510 440 1557 μήτε
470 1512 734 1554 ἐλαττοῦσθαι,
762 1510 858 1556 πλὴν
881 1513 913 1546 εἰ
942 1511 992 1566 μὴ
1022 1511 1089 1555 τὴν
1121 1512 1244 1547 αἰτίαν

194 1555 202 1567 >

161 1561 262 1592 αυτοὶ
287 1556 384 1592 δοῖεν
403 1557 438 1592 οἱ
457 1556 582 1594 παῖδες
600 1558 662 1601 τῆς
684 1558 826 1592 ἑαυτῶν
851 1556 1094 1592 ἐλαττωσεως.

1314 1378 1410 1413 bere.
1460 1376 1564 1412 Unde
1589 1376 1620 1412 si
1642 1376 1840 1421 praemium
1865 1378 1920 1411 est
1944 1386 1988 1410 ex
2012 1375 2087 1419 lege
2112 1375 2331 1410 descendens
2362 1375 2399 1409 in

1314 1433 1388 1464 eos,
1414 1422 1512 1458 nulla
1536 1421 1735 1457 adiectione
1768 1431 1884 1466 neque
1914 1421 2082 1456 turbetur
2114 1421 2397 1464 11011110111111110-

1314 1468 1481 1548 {urunisi
1512 1468 1605 1504 forte
1639 1477 1784 1502 causam
1814 1466 1885 1512 ipsi
1916 1466 2003 1502 dent
2032 1465 2099 1501 filii
2131 1476 2217 1501 suae
2242 1465 2399 1501 deminu-

1331 1524 1434 1549 lonis.

1132 1693 1291 1731 CAPUT
1325 1693 1423 1730 XXI.

207 1762 252 1796 Εἰ
281 1759 349 1808 γάρ
378 1773 431 1796 τις
461 1761 501 1802 ἐξ
530 1758 654 1796 αὐτῶν
682 1759 871 1808 ἀχάριστος
903 1764 1044 1819 φανείη,
1075 1759 1119 1796 τὸ
1142 1765 1247 1809 γέρας

163 1808 272 1841 τοῦτο
306 1809 380 1841 τοῖς
420 1804 537 1840 ἄλλοις
579 1805 727 1850 δίδομεν
764 1810 838 1841 τοῖς
878 1804 985 1841 ουδέν
1023 1819 1061 1841 τι
1102 1809 1246 1841 τοιοῦτο

163 1851 363 1898 πράξασιν,
408 1852 469 1886 ἵνα
504 1854 563 1885 καὶ
598 1851 681 1886 τοὺς
716 1850 840 1886 ἄλλους
875 1849 1131 1896 παιδεύσωμεν
1166 1852 1247 1887 τοὺς

159 1900 275 1944 γονεῖς
306 1897 415 1952 τιμᾷν
446 1900 507 1931 καὶ
531 1895 619 1941 πρὸς
642 1895 685 1931 τὸ
714 1898 793 1931 τῶν
821 1894 991 1951 ᾆδελφῶν
1017 1895 1247 1945 παράδειγμα

1367 1761 1406 1796 Si
1437 1760 1516 1805 quis
1541 1760 1633 1796 enim
1665 1771 1709 1797 ex
1739 1761 1790 1796 eis
1822 1761 1983 1805 ingratus
2007 1760 2164 1803 videtur,
2200 1759 2401 1805 praemium

1315 1807 1386 1842 hoc
1405 1806 1485 1841 aliis
1509 1805 1635 1841 damus
1659 1807 1747 1841 nihil
1777 1806 1848 1842 tale
1874 1806 2079 1850 agentibus,
2109 1809 2150 1840 ut
2178 1806 2287 1840 etiam
2311 1806 2400 1841 alios

1317 1852 1553 1897 corripiamus
1577 1855 1746 1897 parentes
1771 1853 1948 1887 honorare
1979 1855 2015 1886 et
2038 1851 2084 1886 ad
2109 1851 2261 1886 fratrum
2283 1861 2399 1886 exem-

1315 1898 1414 1943 plum
1438 1899 1627 1942 respicere.
1675 1897 1778 1932 Unde
1807 1897 1838 1932 si
1869 1900 2010 1932 tantum
2041 1896 2276 1932 infortunium
2308 1897 2399 1931 filio-

160 1941 319 1987 βλέπειν.
359 1941 463 1976 κ«Ωςτε
494 1942 526 1995 εἰ
558 1943 732 1977 τοσοῦτον
764 1939 931 1987 ἀτυχημα
961 1944 1023 1985 τῆς
1054 1943 1133 1977 τῶν
1163 1946 1246 1978 παί-
1260 1945 1301 1978 35
1315 1953 1395 1977 rum
1427 1942 1474 1977 sit
1502 1942 1655 1985 sobolis,
1687 1947 1729 1978 ut
1753 1953 1875 1978 omnes
1907 1941 2039 1987 ingrati
2063 1942 2151 1984 sint,
2184 1941 2230 1975 ad
2252 1942 2400 1977 heredes

162 1985 240 2022 δων
265 1987 317 2042 εἴν]
337 1988 452 2034 γονῆς,
479 1999 527 2021 ως
543 1984 708 2022 ἅπαντας
731 1985 942 2035 ἀχαρίστους
958 1987 1060 2030 εἶναι,
1086 1990 1147 2023 ἐπὶ
1163 1988 1247 2023 τοὺς

160 2031 399 2079 κληρονομους
418 2033 581 2079 ἐρχέσθω
602 2034 718 2067 ταῦτα
737 2034 801 2067 τοῦ
817 2031 1096 2076 τελευτήσαντος
1115 2029 1164 2067 ῶς
1184 2034 1245 2076 τῆς

161 2079 299 2112 ἐκείνου
322 2081 527 2124 περιουσίας
549 2076 659 2113 ὅντα·
693 2075 733 2112 οὐ
759 2075 974 2122 δυναμένων
994 2079 1072 2112 τῶν
1094 2076 1243 2113 παίδων

161 2125 200 2176 ἐκ
222 2123 287 2157 τοῦ
311 2120 400 2170 παρ’
429 2120 553 2157 αὐτῶν
576 2121 819 2177 ἦτιμασμένοτ(
841 2126 976 2179 γονέως
1003 2126 1107 2178 γέρας
1136 2126 1241 2166 ἔχειν,

1316 1987 1460 2023 veniant
1493 1987 1584 2023 haec
1621 1987 1782 2023 defuncti
1817 1989 2000 2031 tamquam
2043 1987 2138 2022 illius
2176 1987 2400 2027 substantiae

1315 2032 1530 2076 constituta,
1565 2043 1638 2069 non
1661 2033 1862 2069 valentibus
1887 2032 1969 2068 filiis
1995 2043 2040 2068 ex
2062 2035 2211 2077 parente
2230 2042 2252 2067 a
2277 2043 2315 2067 se
2339 2042 2399 2067 ex-

1312 2078 1488 2114 honorato
1518 2078 1715 2123 praemium
1746 2079 1895 2122 habere,
1933 2077 2028 2123 quod
2064 2088 2130 2113 nos
2166 2078 2217 2113 eis
2253 2082 2401 2123 propter

1311 2123 1406 2158 hanc
1432 2133 1578 2159 causam
1602 2134 1675 2159 non
1699 2123 1839 2159 damus.

160 2165 250 2213 ὅπερ
274 2164 370 2212 ἡμεῖς
394 2166 513 2202 αὐτοῖς
537 2166 597 2202 διὰ
619 2169 757 2212 ταύτην
781 2182 847 2211 την
869 2171 994 2203 αιτίαν
1018 2181 1059 2202 ου
1082 2166 1241 2213 δίδομεν.
1257 2171 1300 2203 40

159 2270 219 2295 res
249 2259 334 2294 illas
366 2259 405 2294 in
437 2259 531 2294 alios
564 2260 777 2304 transferre.
834 2257 1026 2294 Eiusmodi
1054 2258 1147 2293 enim
1179 2258 1419 2294 alienationes
1443 2255 1518 2293 Cos
1541 2258 1784 2294 concessimus
1807 2256 2065 2293 constitutione
2092 2256 2136 2292 de
2166 2257 2223 2293 his
2249 2259 2399 2306 scripta.

160 2305 185 2340 2
255 2303 296 2339 Si
327 2307 444 2340 tamen
479 2303 612 2339 liberos
643 2314 693 2339 ex
725 2303 852 2349 aliqua
870 2307 983 2354 parte
1007 2302 1156 2338 heredes
1177 2302 1409 2349 scripserint,
1440 2307 1640 2343 extraneos
1669 2306 1787 2349 autem
1810 2313 1860 2338 ex
1884 2301 1971 2344 alia,
2003 2305 2176 2337 maneant
2198 2314 2282 2339 vero
2308 2304 2399 2339 eius-

161 2349 264 2384 modi
295 2359 355 2384 res
384 2348 440 2384 vel
468 2348 576 2383 etiam
600 2347 779 2393 quaedam
802 2359 852 2384 ex
875 2348 922 2383 iis
945 2358 1021 2382 non
1044 2347 1237 2390 alienatae,
1262 2358 1336 2383 non
1353 2351 1557 2399 propterea
1588 2358 1653 2382 eac
1677 2347 1858 2382 alienatae
1881 2357 1958 2382 esse
1981 2345 2160 2389 videntur,
2193 2348 2281 2393 quia
2305 2349 2401 2384 alius

162 2404 306 2440 quoque
329 2392 434 2429 heres
456 2393 614 2439 scriptus
634 2396 699 2435 est,
722 2392 788 2428 sed
804 2396 972 2427 maneant
996 2391 1066 2427 liae
1087 2403 1159 2438 quo
1187 2403 1232 2427 ue
1256 2391 1389 2428 liberis.
1450 2391 1576 2438 Neque
1596 2393 1690 2428 enim
1713 2392 1746 2427 si
1770 2403 1892 2427 omnes
1916 2391 2050 2427 liberos
2074 2390 2223 2427 heredes
2245 2393 2400 2439 scripse-

161 2439 248 2481 rint,
272 2449 322 2474 ex
342 2438 398 2473 dis
426 2438 549 2474 aribus
571 2441 688 2473 tamen
702 2437 893 2484 partibus,
925 2437 1010 2472 illas
1036 2403 1231 2472 secunaiitm
1264 2436 1506 2472 hereditarias
1533 2437 1725 2483 portiones
1754 2437 1955 2483 accipient,
1987 2435 2053 2471 sed
2082 2447 2132 2472 ea:
2162 2447 2279 2482 aequo
2311 2438 2399 2474 divi-

162 2484 246 2520 dent
274 2494 382 2519 secun
411 2494 469 2518 um
497 2483 661 2529 ipsorum
685 2493 895 2524 numerum;
930 2481 1230 2528 quemadmodum
1251 2482 1358 2518 etiam
1382 2482 1414 2517 si
1437 2481 1575 2517 nullum
1599 2493 1650 2518 ex
1672 2482 1764 2528 ipsis
1788 2481 1954 2517 heredem
1977 2481 2210 2526 scripserint,
2246 2482 2312 2518 sed
2334 2494 2398 2520 ex-

164 2534 311 2565 traneos
334 2539 472 2571 omnes,
503 2528 536 2563 si
555 2528 647 2574 ipsis
670 2527 744 2563 alio
769 2527 875 2563 modo
898 2527 1072 2572 satisfiat,
1104 2538 1167 2563 eas
1191 2527 1352 2574 capient,
1386 2527 1526 2562 tametsi
1555 2527 1734 2574 qenitoris
1761 2526 1911 2562 heredes
1937 2536 2011 2561 non
2032 2527 2136 2571 fiant.
2195 2526 2269 2562 Per
2287 2539 2399 2574 prae-

161 2574 400 2620 sumptionem
422 2574 515 2609 enim
538 2572 642 2608 nobis
662 2573 758 2609 visus
781 2577 835 2608 est
850 2576 974 2620 pater,
999 2582 1079 2607 cum
1100 2583 1175 2607 non
1198 2572 1299 2608 vivus
1322 2572 1500 2607 alienaret
1523 2572 1580 2608 vel
1600 2572 1708 2608 etiam
1731 2582 1906 2618 expresse
1930 2570 2110 2617 obliqaret
2127 2582 2252 2607 earum
2277 2584 2399 2609 rerum

163 2619 346 2664 aliquam,
380 2622 447 2654 aut
468 2618 628 2654 moriens
651 2629 725 2654 non
749 2628 922 2664 expresse
945 2618 984 2652 in
1008 2617 1119 2652 alium
1143 2627 1206 2652 eas
1230 2617 1466 2662 transferret,
1491 2617 1661 2652 maluisse
1685 2616 1807 2653 liberis
1830 2628 1892 2652 eas
1912 2627 2059 2652 servare
2082 2620 2209 2663 utpote
2236 2617 2399 2664 ipsorum

162 2675 275 2700 causa
297 2663 365 2699 sibi
388 2663 604 2710 acquisitas,
635 2673 751 2709 neque
774 2674 858 2699 vero
877 2662 916 2698 in
939 2666 1140 2698 extraneos
1164 2663 1377 2708 transferre.
1436 2663 1554 2714 Atque
1578 2661 1761 2698 dabuntur
1784 2661 1875 2697 baec
1889 2662 1979 2707 filiis
2006 2665 2045 2696 ut
2066 2662 2269 2708 praemium
2286 2675 2399 2710 prae-

163 2710 308 2756 cipuum
331 2720 382 2746 ex
405 2712 534 2744 nostra
558 2709 591 2744 le
617 2720 654 2751 e,
690 2707 746 2744 vel
771 2709 804 2743 si
833 2719 908 2744 non
931 2708 1007 2743 sint
1034 2706 1183 2743 heredes
1213 2708 1288 2743 sive
1304 2707 1433 2759 patris
1457 2718 1532 2744 swe
1563 2708 1692 2743 matris
1719 2707 1794 2743 sive
1814 2708 2022 2758 utriusque,
2059 2706 2117 2743 vel
2141 2708 2176 2742 si
2197 2707 2262 2743 alii
2281 2720 2331 2745 ex
2354 2709 2401 2745 iis

163 2754 312 2791 heredes
342 2754 522 2796 existant,
559 2765 582 2789 a
597 2753 624 2788 ii
653 2764 738 2790 vero
768 2756 944 2789 recusent.
1012 2751 1095 2788 Hoc
1124 2753 1217 2788 enim
1243 2752 1437 2799 prioribus
1465 2752 1600 2788 rectius
1630 2764 1670 2788 se
1702 2752 1833 2788 habere
1864 2752 1968 2788 nobis
1999 2752 2113 2788 visum
2144 2756 2206 2788 est.
2267 2752 2400 2800 Itaque

162 2800 195 2835 si
219 2799 362 2851 quidem
384 2799 586 2852 praemium
609 2802 662 2834 est
685 2798 734 2834 ad
758 2809 818 2834 eos
842 2809 892 2834 ex
915 2798 993 2844 leqe
1017 2797 1195 2840 delatum,
1227 2797 1328 2833 nullo
1353 2797 1598 2834 additamento
1631 2808 1747 2844 neque
1781 2797 1994 2834 obscuretur
2017 2808 2134 2843 neque
2157 2797 2399 2843 deminuatur,

163 2845 233 2880 nisi
255 2845 359 2891 forte
382 2845 457 2891 ipsi
479 2844 582 2880 tiberi
605 2854 753 2879 causam
776 2854 866 2879 suae
889 2843 1147 2879 deminutionis
1162 2842 1414 2890 praebuerint.

298 2888 397 2924 XXI.
446 2889 541 2925 Nam
570 2889 604 2924 si
632 2888 715 2935 quis
739 2900 790 2925 ex
817 2889 863 2923 iis
894 2889 1065 2935 inqratus
1096 2888 1330 2935 apparuerit,
1362 2886 1432 2922 hoo
1448 2887 1657 2934 praemium
1683 2887 1812 2923 ceteris
1843 2886 1990 2930 damus,
2023 2887 2087 2933 qui
2109 2887 2202 2924 nihil
2224 2889 2401 2925 eiusmodi

164 2935 426 2971 commiserint:
453 2945 526 2980 quo
550 2934 658 2969 etiam
681 2933 842 2980 reliquos
865 2933 1058 2969 doceamus
1074 2936 1251 2980 parentes
1274 2932 1458 2968 bonorare
1488 2935 1525 2968 et
1554 2933 1718 2978 fratrum
1748 2943 1852 2968 exem
1881 2932 1955 2967 lum
1977 2933 2166 2985 respicere.
2215 2932 2345 2980 Itaque
2368 2935 2401 2970 si

165 2984 268 3016 tanta
287 2980 476 3015 calamitas
499 2979 538 3014 in
555 2979 750 3015 liberorum
768 2978 947 3025 proqenie
965 2978 1113 3021 existat,
1138 2982 1179 3013 ut
1198 2989 1320 3014 omnes
1339 2977 1477 3057 inhorati
1496 2977 1581 3019 sint,
1606 2977 1657 3012 ad
1672 2976 1822 3013 heredes
1865 2977 2008 3023 efuncti
2027 2977 2093 3013 illa
2105 2979 2336 3024 perveniant,
2361 2983 2402 3014 ut

164 3035 259 3071 quae
282 3035 332 3060 ex
353 3024 430 3060 eius
453 3023 556 3059 bonis
578 3024 671 3059 sint:
704 3034 784 3059 cum
804 3026 986 3069 nequeant
1017 3022 1119 3059 liberi
1140 3023 1343 3070 praemium
1393 3022 1499 3058 abere
1522 3033 1546 3057 a
1567 3026 1722 3069 parente
1738 3033 1812 3069 per
1833 3022 1936 3069 ipsos
1959 3021 2097 3057 iniuria
2122 3022 2268 3069 affecto,
2301 3023 2402 3069 quod

164 3069 307 3115 quidem
327 3080 395 3104 nos
417 3069 463 3104 iis
480 3073 640 3115 propter
663 3067 757 3104 banc
781 3079 928 3104 causam
952 3078 1027 3103 non
1051 3067 1188 3103 damus.

212 3185 228 3217 1
256 3179 512 3227 φιδεικομίσοις
532 3184 584 3224 (ης
598 3195 661 3225 pro
676 3193 727 3216 οις
745 3182 807 3223 L¹)
825 3183 869 3223 L,
886 3183 946 3214 καὶ
959 3178 1087 3227 φιδεικ.
1103 3194 1161 3215 om.
1176 3181 1212 3215 B
1235 3179 1248 3226 ss

165 3230 185 3263 2
211 3224 256 3270 δὴ
278 3240 337 3260 om.
363 3228 399 3260 B
428 3226 441 3271 ΙΙ
469 3228 489 3260 3
514 3223 691 3269 διάταξιν]
721 3228 799 3261 C'od.
819 3229 850 3267 5,
871 3234 932 3268 9‚8
956 3231 1065 3270 §1sq.
1090 3228 1146 3270 (cf.
1173 3228 1247 3260 iao

168 3278 233 3313 §10
242 3274 304 3317 sq.)
320 3271 332 3317 ss
350 3269 506 3312 τούτων]
529 3271 607 3304 τῶν
630 3269 807 3305 τοιούτων
832 3272 884 3305 ΒΓ
895 3270 908 3316 ΙΙ
927 3273 948 3305 4
971 3270 1147 3317 γράψοιεν
1173 3271 1218 3304 Μ
1236 3269 1242 3316 Ι

166 3321 184 3352 7
212 3315 480 3359 έκπεποιῆσθαι
505 3316 564 3357 Bt]
590 3316 867 3351 ἐκπεποιεῖσθαι
891 3317 922 3349 L
953 3315 1184 3350 ἑκποιεῖσθαι

166 3363 344 3404 (alienatae
364 3365 396 3402 ς)
450 3361 577 3402 ταῦτα]
603 3358 694 3395 αὐτὰ
717 3362 752 3395 Β
778 3361 790 3400 ΙΙ
817 3363 855 3395 11
881 3359 974 3394 κατὰ
997 3362 1058 3404 τῆς
1081 3359 1248 3407 κληρονο-

165 3410 249 3452 μίας
263 3409 294 3441 L
309 3406 322 3452 ΙΙ
344 3409 382 3440 12
433 3403 634 3452 ιαιρὴσοντι
647 3407 694 3440 L¹
711 3406 723 3450 ΙΙ
741 3403 807 3439 τὸν
830 3404 982 3447 ἑαυτῶν]
1005 3406 1083 3440 τῶν
1108 3405 1249 3439 ἑαυτῶν

165 3454 199 3487 L
215 3452 228 3497 ΙΙ
249 3455 289 3487 13
312 3448 492 3499 γράψειαν
505 3452 563 3492 Μ]
586 3448 765 3504 γράψαιεν
786 3451 856 3483 LB
872 3451 884 3494 ss
906 3453 944 3484 15
969 3453 1160 3497 γενομένου
1185 3453 1215 3484 L
1239 3450 1252 3496 Η

169 3493 286 3542 λήψον
309 3500 382 3538 (sic)
408 3497 457 3530 L¹
473 3497 485 3539 ΙΙ
507 3499 546 3530 16
570 3508 634 3529 του
659 3497 803 3541 γονέως]
827 3498 1005 3537 parentum
1029 3508 1049 3533 ς
1065 3494 1077 3541 Ι]
1106 3498 1145 3530 18
1170 3496 1249 3529 τοῦ·

168 3554 234 3576 τον
247 3543 294 3576 L¹
314 3541 326 3586 ΙΙ
346 3543 386 3576 19
408 3540 527 3575 ταῦτα
554 3542 587 3574 Β
605 3540 617 3585 11
634 3543 676 3575 25
700 3540 960 3587 παραιτοῦνται
981 3541 1017 3573 Β
1032 3540 1045 3585 ΙΙ
1065 3542 1106 3575 32
1130 3541 1250 3582 τοῦτο]

157 3582 295 3620 ’τούτου
320 3587 368 3619 ΒΓ
380 3586 392 3630 ΙΙ
409 3583 551 3620 τοιοῦτό
574 3598 611 3620 τι
632 3589 665 3618 Β
688 3586 700 3629 ll
729 3587 771 3620 36
794 3584 900 3631 γονῆς
923 3583 977 3628 εἴη
1002 3586 1032 3619 L
1051 3586 1063 3630 ΙΙ
1091 3587 1132 3620 39
1158 3582 1251 3629 ἦτοι·

168 3634 351 3675 μασμένον
376 3630 481 3665 L⁶Br

219 3723 233 3754 1
262 3722 331 3762 has]
358 3721 441 3754 alias
464 3723 497 3755 R
520 3722 532 3766 H
563 3725 581 3755 2
607 3722 825 3754 alienationes
849 3721 898 3755 R¹
923 3720 936 3765 ΙΙ
966 3724 985 3755 3
1009 3721 1252 3755 conscribentes
1285 3710 1290 3758 l

238 3776 288 3803 ΙΙΙ.

1323 3181 1461 3224 Vvul9.]
1487 3178 1666 3212 scribentes
1689 3178 1762 3212 ΒΤ
1778 3178 1790 3222 ΙΙ
1818 3181 1836 3211 5
1862 3182 1922 3212 aut
1945 3190 1984 3212 ex
2010 3180 2042 3213 R
2058 3179 2070 3224 ΙΙ
2097 3190 2155 3213 rex
2179 3180 2227 3212 13¹
2245 3179 2258 3224 ΙΙ
2288 3182 2308 3214 6
2333 3191 2400 3213 11011

1316 3226 1479 3277 alienatae
1503 3224 1564 3258 del.
1590 3223 1670 3335 V³¹l
1688 3225 1706 3258 7
1732 3224 1807 3265 hae]
1833 3235 1900 3276 esse
1922 3225 1957 3257 R
1972 3223 1984 3269 ΙΙ
2004 3225 2175 3266 quoniam]
2201 3235 2286 3266 quac
2304 3226 2352 3258 R*

1317 3273 1336 3306 8
1369 3274 1468 3304 etiam
1495 3282 1553 3303 om.
1578 3269 1629 3302 Β*
1699 3271 1719 3302 9
1753 3270 1813 3313 leq.
1838 3269 2058 3313 scripserint?
2086 3270 2098 3312 ss
2129 3270 2282 3303 heredem
2306 3270 2355 3303 R¹

1320 3319 1359 3350 10
1392 3314 1587 3356 aequalibus
1618 3314 1653 3348 V
1699 3312 1712 3358 ΙΙ
1738 3314 2004 3356 hereditariquas
2033 3314 2083 3347 13²
2115 3314 2127 3357 ss
2160 3316 2198 3348 11
2229 3315 2402 3357 accipiunt

1317 3360 1409 3405 RTn
1429 3370 1467 3392 ex
1492 3372 1550 3392 om.
1573 3359 1607 3393 V
1628 3358 1641 3403 ΙΙ
1672 3361 1710 3392 13
1738 3360 1797 3402 leq.
1822 3359 2038 3401 scripserint?
2062 3358 2074 3403 ss
2106 3370 2221 3392 omnes
2245 3373 2303 3394 om.
2327 3360 2362 3394 V
2388 3360 2401 3405 ss

1318 3407 1389 3439 eius
1413 3405 1461 3438 Β*
1480 3404 1492 3447 ΙΙ
1511 3406 1550 3437 15
1575 3403 1765 3446 parentium
1783 3404 1818 3437 R
1833 3403 1845 3447 ΙΙ
1867 3405 1906 3437 16
1930 3414 1990 3446 per
2013 3405 2317 3447 praesumptionem
2340 3415 2401 3439 no-

1318 3451 1369 3483 bis
1390 3451 1421 3483 V
1442 3450 1454 3492 11
1485 3451 1523 3482 17
1544 3450 1624 3489 11011]
1649 3459 1692 3481 n·
1715 3449 1766 3482 V¹
1788 3448 1800 3493 ΙΙ
1829 3449 1987 3491 expressit
2011 3449 2063 3481 Ra
2094 3447 2106 3493 ΙΙ
2137 3451 2176 3484 19
2201 3449 2283 3483 alias
2306 3450 2355 3484 R*
2390 3449 2403 3502 [Ι

1319 3496 1566 3537 transposuerat
1594 3492 1651 3538 711
1667 3496 1703 3527 21
1734 3495 1797 3526 1100
1825 3494 1869 3526 R¹
1889 3494 1901 3536 ΙΙ
1918 3495 1959 3528 25
1984 3493 2150 3536 placuerit
2170 3494 2221 3529 V¹
2240 3494 2252 3537 ΙΙ
2268 3496 2310 3529 28
2335 3495 2402 3528 nisi

1318 3541 1404 3574 forte
1428 3539 1494 3571 nisi
1518 3548 1650 3571 causam
1669 3538 1724 3583 711
1755 3538 1848 3571 denti
1863 3539 1910 3571 Εἰ
1939 3538 1951 3581 1]
1979 3538 2046 3571 filie
2069 3539 2119 3572 V¹
2145 3538 2158 3584 ss
2187 3541 2230 3574 29
2255 3540 2401 3573 diminu-

1318 3585 1421 3618 tionis
1438 3585 1470 3617 V
1483 3584 1495 3627 {j
1512 3585 1551 3618 31
1578 3585 1665 3617 rubr.
1688 3584 1735 3616 De
1753 3583 1895 3625 ingratis
1912 3583 2028 3616 liberis
2047 3582 2104 3616 uel
2122 3586 2238 3618 contra
2257 3585 2291 3618 R
2303 3599 2364 3629 my.
2389 3584 2401 3625 H

1319 3630 1461 3672 ingratis
1485 3629 1534 3662 R¹
1562 3627 1574 3674 ΙΙ
1602 3630 1644 3663 32
1669 3629 1769 3662 etiam
1792 3628 1842 3661 R²
1852 3629 1899 3670 V]
1924 3630 1957 3661 et
1981 3627 2130 3673 R²vuly.
2155 3629 2167 3674 ΙΙ
2198 3632 2240 3664 33
2266 3630 2401 3663 fratrem

1323 3675 1354 3708 R
1370 3674 1383 3720 ΙΙ
1402 3676 1444 3709 34
1467 3674 1614 3707 filiorum
1639 3675 1701 3708 del.
1726 3674 1776 3708 V³
1793 3672 1806 3717 ΙΙ
1823 3675 1864 3707 36
1888 3673 2074 3706 substantia
2097 3673 2132 3707 R

2086 3776 2126 3808 21
