2618 4010
163 166 515 199 Econnsmsriffls
547 167 688 198 Rnssus
1258 152 1313 198 59
2047 156 2155 199 Nov.
2190 157 2266 200 VII
2297 161 2405 201 6-8

162 264 300 314 ἀγωγῆς
336 264 439 309 οὔσης
474 267 527 309 τῷ
561 263 793 300 δεδανεικότι.
838 264 990 301 πάντων
1022 266 1163 302 τούτων
1188 270 1248 301 καὶ
1317 267 1531 302 nerabilium
1575 267 1805 310 collegiorum
1847 267 2012 302 creditori
2050 268 2191 304 actione
2229 274 2405 304 manente.

162 315 222 347 ἐπὶ
245 313 324 346 τῶν
346 309 554 359 ἡγουμένων
579 313 657 346 τῶν
680 316 897 358 γυναικείων
919 313 1146 370 ἀσκητηρίων
1171 311 1249 357 ἦτοι
1318 313 1384 348 His
1411 313 1574 348 omnibus
1600 313 1707 347 etiam
1733 312 1771 346 in
1791 312 1985 348 abbatissis
2011 314 2237 349 muliebrium
2269 319 2406 350 ascete-

162 361 182 393 1
227 361 484 403 μοναστηρίων
514 354 760 402 κρατούντων.
888 359 934 391 Εἰ
959 358 1028 404 γὰρ
1051 358 1142 394 olcus
1170 362 1248 392 ταῖς
1318 361 1334 393 1
1384 359 1519 393 riorum
1542 361 1605 392 aut
1628 358 1927 392 monasteriorum
1951 359 2162 395 valentibus.
2253 360 2290 394 Si
2314 360 2407 396 enim

162 399 381 448 ἁγιωτάταις
415 401 614 444 ἐκκλησίαις
646 399 668 445 ἢ
698 406 771 436 τοῖς
801 402 919 438 ἄλλοις
950 402 1114 450 εὐαγέσιν
1142 404 1249 438 οἴκοις
1319 404 1463 439 omnino
1493 403 1725 439 sanctissimis
1758 404 1917 438 ecclesiis
1949 409 2012 438 aut
2041 405 2120 440 aliis
2145 406 2408 441 venerabilibus

162 446 397 492 δανείσματος
424 451 563 495 γε’νοιτο
594 452 711 495 χρεία,
741 450 789 482 εἰς
814 449 933 492 μόνην
962 448 1166 497 ἀναγκαίαν
1189 448 1247 491 δη·
1284 449 1483 484 bdomibus
1515 449 1640 484 crediti
1677 459 1768 493 opus
1805 448 1886 491 fiat,
1922 452 1987 484 aut
2021 450 2058 484 in
2095 451 2206 486 solam
2242 461 2406 487 necessa-

163 492 253 536 λαδὴ
284 496 344 526 καὶ
375 490 626 539 ἀπαραίτητον
661 492 846 539 πρόφασιν
883 498 942 528 καὶ
975 494 1013 537 ης
1046 498 1154 540 χωρὶς
1186 493 1248 528 οὐκ
1318 495 1408 529 riam
1438 494 1601 530 videlicet
1625 497 1660 529 et
1688 494 1926 529 inevitabilem
1952 496 2174 530 occasionem
2198 501 2234 531 et
2264 501 2409 542 praeter

161 540 280 573 ἔνεστι
302 538 344 572 τὸ
369 542 581 583 κατεπεῖγον
604 538 867 584 πληρωθῆναι,
900 538 921 582 ἢ
951 541 998 574 εἴς
1028 555 1066 575 τι
1097 542 1246 588 πρᾶγμα
1316 551 1422 585 quam
1446 551 1518 575 non
1541 544 1678 584 potest.
1712 540 1807 584 quod
1831 540 2007 582 imminet,
2039 541 2242 586 adimpleri,
2276 547 2339 577 aut
2370 543 2407 577 in

162 582 456 618 λυσιτελέστατον
479 586 523 631 τῇ
548 582 732 631 ἁγιωτάτῃ
764 586 944 619 καθεστὸς
973 585 1159 629 ἐκκλησίᾳ,
1193 587 1245 627 is}-
1315 586 1421 620 aliam
1453 596 1599 620 causam
1630 585 1854 620 utilissimam
1879 586 2124 620 sanctissimae
2154 588 2407 623 consistentem

161 641 238 663 εστι
261 632 334 663 τοῖς
365 631 595 675 προεστῶσιν
626 629 750 664 αὐτῶν
781 634 882 676 μέχρι
913 632 974 673 τῆς
996 633 1135 677 γενικῆς
1158 628 1244 666 ὑπο·
1316 631 1509 673 ecclesiae,
1543 631 1666 666 licebit
1695 631 1910 676 praepositis
1935 641 2058 666 earum
2089 643 2202 676 usque
2228 633 2273 667 ad
2302 644 2407 677 gene-

161 673 275 718 θήκης
306 675 499 716 ἵστασθαι,
534 674 647 719 μηδὲν
678 674 794 711 ἰδικὸν
826 679 991 723 ἐνέχυρον
1024 680 1097 711 τοῖς
1128 675 1427 712 διανεί-1011110111
1459 677 1697 721 hypothecam
1721 679 1834 719 stare,
1870 681 1906 712 et
1929 677 2067 712 nullum
2092 678 2248 722 speciale
2279 679 2410 724 pignus

161 723 262 763 ζουσι
286 724 550 767 παρεχομένοις.
1314 722 1555 758 creditoribus
1580 723 1766 767 praebere.

1145 813 1302 848 CAPUT
1332 813 1411 849 V11.

204 871 268 925 (ἶ)
314 881 360 913 Εἰ
383 879 422 915 δὲ
442 884 501 914 καὶ
523 879 667 924 διηνεκῆ
689 893 743 915 τις
762 879 979 925 ἐμφύτευσιν
1004 879 1129 924 λαβεῖν
1149 881 1242 926 θαρ-
1360 881 1399 916 Si
1433 893 1515 917 vero
1549 882 1656 916 etiam
1697 885 1909 926 perpetuam
1946 882 2124 926 quispiam
2159 882 2407 927 emphyteosin

160 923 311 972 ρήσειεν,
336 922 426 971 ὅπερ
449 924 512 959 οὐκ
535 925 683 967 ἔξεστιν,
709 925 730 968 ἢ
754 925 970 971 πρόςκαιρον
989 928 1066 969 μέν,
1090 924 1139 969 μὴ
1161 929 1243 970 με’ν-
1315 927 1479 970 accipere
1504 928 1794 972 praesumpserit,
1810 927 1904 971 quod
1936 939 2008 962 non
2041 928 2143 971 licet,
2178 931 2241 962 aut
2269 933 2407 972 tempo-

159 985 216 1013 τρι
237 970 328 1004 κατὰ
347 971 415 1014 τὴν
430 970 535 1006 τοῦδε
559 970 661 1015 ἡμῶν
683 972 745 1005 τοῦ
765 972 877 1014 νόμου
898 968 1163 1017 παρατήρησιν,
1184 974 1245 1004 καὶ
1314 972 1425 1006 ralem
1452 973 1612 1017 quidem,
1646 984 1718 1008 non
1742 976 1863 1007 tamen
1897 973 2092 1008 secundum
2125 973 2231 1008 huius
2264 978 2409 1009 nostrae

159 1015 261 1050 oinos
285 1019 490 1051 έκπιπτέτω
513 1020 580 1062 μὲν
611 1018 671 1059 τῆς
703 1014 951 1061 ε’μφυτεύσεως
982 1020 1041 1049 καὶ
1072 1016 1113 1050 τὸ
1146 1015 1401 1060 3230-15legis
1428 1019 1735 1061 observationem,
1761 1018 1870 1053 etiam
1894 1019 1946 1053 sic
1971 1019 2078 1053 cadat
2101 1019 2243 1063 quidem
2267 1019 2311 1054 de
2336 1030 2407 1054 em-

160 1065 269 1104 μένον
293 1066 432 1105 μενέτω
459 1062 556 1107 παρὰ
579 1063 633 1105 τῷ
658 1059 777 1108 εὐαγεῖ
798 1062 904 1104 οἴκῳ,
938 1060 1073 1096 διδότω
1100 1060 1139 1095 δὲ
1168 1060 1243 1104 διη-
1314 1063 1502 1107 phyteosi‚
1538 1067 1575 1098 et
1606 1064 1701 1108 quod
1730 1064 1852 1098 datum
1885 1068 1941 1099 est
1964 1067 2109 1099 maneat
2140 1065 2238 1109 apud
2261 1075 2408 1100 venera-

159 1109 269 1140 νεκῶς
289 1111 348 1140 καὶ
371 1107 461 1152 μετὰ
480 1108 547 1150 την
565 1110 750 1141 ἔκπτωσιν
768 1109 832 1141 τοῦ
855 1104 1132 1152 ἐμφυτεύματος,
1158 1103 1244 1142 ὅσον
1314 1108 1421 1142 bilem
1456 1108 1618 1151 domum,
1652 1109 1714 1143 det
1747 1112 1866 1144 autem
1900 1111 2069 1145 continuo
2102 1114 2139 1144 et
2169 1114 2253 1155 post
2286 1121 2409 1146 casum

160 1151 284 1196 ἡμελλε
308 1152 432 1194 τελεῖν,
463 1153 562 1199 εἴπερ
594 1151 685 1186 κατὰ
714 1151 828 1197 νόμον
859 1151 1003 1196 ὑπῆλθε
1036 1152 1103 1195 τὴν
1135 1153 1243 1198 ἑμφύ-
1314 1154 1631 1198 emphyteomatis‚
1658 1156 1997 1199 quantumi'uturus
2021 1160 2100 1190 erat
2124 1156 2271 1198 solvere,
2298 1156 2329 1191 si
2353 1167 2407 1191 se-

160 1210 290 1239 τευσιν,
325 1196 466 1232 οὐδενὸς
495 1197 587 1244 παρ’
616 1195 714 1241 αὐτῷ
746 1201 918 1241 μένοντος
950 1201 988 1232 ἐκ
1019 1200 1097 1232 τῶν
1125 1196 1244 1242 μάτην
1314 1199 1471 1234 cundum
1495 1199 1606 1244 legem
1632 1200 1786 1234 subisset
1810 1200 2067 1245 emphyteosin,
2093 1201 2180 1235 nihil
2205 1201 2302 1246 apud
2327 1212 2408 1237 eum

160 1241 258 1285 αὐτῷ
283 1239 366 1276 κατ’
387 1241 604 1288 ἐμφύτευσιν
627 1241 833 1288 δεδομένων
859 1245 1057 1286 πτωχικῶν
1080 1243 1242 1291 πραγμά-
1258 1247 1299 1279 20
1312 1249 1518 1279 remanente
1550 1255 1595 1279 ex
1620 1246 1728 1279 rebus
1762 1255 1978 1290 pauperum,
2011 1257 2102 1290 quae
2126 1248 2263 1282 frustra
2287 1247 2320 1282 ei
2343 1258 2409 1292 per

157 1291 177 1323 l
214 1301 300 1322 των.
390 1290 507 1322 Ταῦτα
534 1292 597 1331 [τε]
623 1289 687 1322 οὐν
712 1286 860 1324 ἅπαντα
883 1288 1243 1336 παραφυλαττέσθω,
1311 1292 1333 1326 1
1381 1291 1626 1335 emphyteosin
1664 1291 1769 1325 datae
1804 1294 1899 1325 sunt.
2014 1291 2113 1327 Haec
2148 1292 2256 1336 igitur
2290 1293 2409 1327 omnia

156 1336 234 1366 ταῖς
260 1333 460 1377 εἰρημέναις
485 1331 702 1378 ὑποκείμενα
726 1338 885 1370 ποιναῖς·
922 1334 1012 1378 μήτε
1045 1337 1123 1369 τῶν
1157 1347 1241 1379 συμ-
1313 1335 1563 1371 custodiantur
1583 1336 1779 1380 praedictis
1800 1336 1964 1371 subiecta
1988 1338 2131 1381 poenis:
2158 1348 2272 1382 neque
2293 1338 2407 1373 tabel-

156 1377 282 1421 βολαιο
306 1376 435 1425 ράφων
467 1379 713 1426 θαρρούντων
743 1383 816 1414 τοῖς
849 1378 1026 1415 τοιούτοις
1048 1377 1242 1428 ὑπουργεῖν
1311 1382 1468 1417 lionibus
1504 1382 1816 1426 praesumentibus
1856 1382 2100 1417 instrumentis
2137 1383 2270 1418 talibus
2305 1384 2407 1418 mini-

155 1427 272 1467 συμβο
296 1428 395 1466 αιόις,
420 1423 509 1458 ἀλλὰ
534 1423 709 1459 δεδιότων
733 1425 800 1467 τὴν
820 1424 1009 1472 ἀειφυγίαν
1029 1430 1088 1459 καὶ
1109 1426 1151 1460 τὸ
1175 1441 1240 1469 μη-
1310 1431 1436 1469 strare,
1463 1427 1526 1462 sed
1556 1427 1799 1462 metuentibus
1834 1438 1947 1472 usque
1979 1428 2141 1470 exilium,
2175 1433 2211 1463 et
2240 1431 2282 1464 ut
2305 1440 2407 1464 num-

156 1467 348 1503 δεπώποτε
383 1470 614 1512 ἐπανελθεῖν,
646 1469 733 1515 μηδ’
760 1469 805 1505 ἂν
838 1473 869 1506 εἰ
893 1473 992 1506 θεῖος
1021 1473 1128 1506 τοῦτο
1161 1471 1239 1515 δοιή
1253 1476 1294 1507 25
1310 1483 1417 1517 quam
1440 1476 1680 1514 revertantur,
1706 1483 1773 1507 nec
1799 1473 1830 1507 si
1855 1483 1960 1508 sacra
1984 1474 2054 1508 hoc
2077 1474 2251 1518 praebeat
2274 1475 2406 1519 sorma;

154 1514 281 1549 τύπος·
315 1513 405 1559 μήτε
437 1518 515 1550 τῶν
546 1514 735 1562 ἀρχόντων
767 1515 789 1560 ἢ
824 1514 1059 1564 ὑπαγορεύειν
1089 1520 1240 1552 τοιαῦτα
1310 1529 1427 1562 neque
1450 1518 1629 1553 iudicibus
1648 1518 1703 1553 vel
1724 1518 1860 1554 dictare
1884 1519 1972 1553 talia
1995 1519 2235 1554 instrumenta
2258 1530 2408 1564 praesu-

155 1559 359 1603 συμβόλαια
382 1559 627 1607 θαρρούντων
650 1560 672 1605 ἢ
695 1561 871 1608 γενόμενα
894 1561 1157 1610 προςδέχεσθαι
1181 1567 1240 1597 καὶ
1310 1564 1489 1599 mentibus
1528 1564 1582 1599 vel
1622 1564 1722 1598 facta
1761 1564 1945 1608 suscipere
1983 1569 2019 1599 et
2052 1565 2160 1609 gestis
2199 1576 2408 1600 monumen·

154 1604 329 1650 πράξεσιν
353 1602 625 1651 ὑπομνημάτων
649 1604 741 1641 αὐτὰ
764 1610 950 1652 βεβαιοῦν,
981 1605 1069 1643 ὥςτε
1099 1608 1148 1653 μὴ
1181 1612 1240 1642 καὶ
1310 1614 1427 1644 torum
1473 1619 1516 1644 ea
1557 1609 1722 1650 firmare,
1770 1620 1815 1644 ne
1857 1611 1964 1644 etiam
2006 1610 2076 1655 ipsi
2119 1614 2155 1645 et
2198 1611 2329 1654 cinguli
2373 1616 2408 1646 et

155 1651 282 1685 αὐτοὺς
303 1648 370 1694 τήν
392 1665 432 1686 τε
455 1655 517 1705 τῆς
544 1653 649 1699 ἀρχῆς
673 1656 732 1686 καὶ
760 1653 859 1693 ἀξίας
879 1655 946 1698 τήν
969 1668 1008 1688 τε
1031 1656 1092 1697 τῆς
1120 1653 1241 1689 οὐσίας
1311 1655 1495 1699 dignitatis
1540 1659 1576 1690 et
1615 1655 1838 1690 substantiae
1877 1666 2000 1691 casum
2043 1657 2239 1692 secundum
2277 1657 2408 1692 Leonis

154 1697 338 1731 ἔκπτωσιν
361 1698 451 1732 κατὰ
472 1713 539 1742 την
560 1702 719 1733 Λέοντος·
743 1697 910 1740 διάταξιν
929 1698 1131 1745 ὑπομεῖναι.
1255 1704 1295 1735 30
1312 1700 1603 1736 constitutionem
1628 1701 1842 1736 sustineant.

1138 1792 1294 1827 CAPUT
1319 1792 1418 1827 VIII.

198 1851 262 1904 <Π>
305 1860 385 1893 Τῶν
405 1855 529 1892 αὐτῶν
548 1860 742 1913 ἐπιτιμίων
765 1858 1047 1914 φυλαττομένων
1071 1863 1130 1893 καὶ
1149 1859 1241 1894 κατὰ
1356 1861 1485 1896 Iisdem
1518 1861 1645 1905 poenis
1678 1860 1860 1896 servandis
1894 1861 2001 1895 etiam
2025 1861 2196 1897 adversus
2232 1872 2313 1906 eos,
2347 1863 2408 1907 qui

153 1905 231 1937 τῶν
256 1903 333 1950 ἱερὰ
352 1904 458 1946 σκεύη
482 1918 581 1951 παρα
600 1917 666 1939 τον
690 1909 861 1951 ημε’τερον
885 1919 998 1950 νυμον
1026 1902 1047 1949 ἢ
1074 1908 1237 1951 ἐνεχυρα-
1312 1911 1457 1941 sacrata
1485 1917 1571 1941 vasa
1598 1909 1725 1941 contra
1750 1910 1911 1941 nostram
1935 1906 2048 1951 legem
2068 1911 2132 1942 aut
2155 1907 2295 1952 pignori
2320 1908 2408 1943 dant

154 1948 296 1991 ζόντων
327 1946 349 1993 ἢ
378 1947 603 1985 πωλούντων
634 1948 655 1992 ἢ
684 1949 923 1992 χωνευόντων
954 1953 1014 1986 ἐπὶ
1048 1949 1240 1995 ἐκποιήσει.
1311 1956 1374 1986 aut
1399 1952 1557 1987 vendunt
1582 1956 1644 1987 aut
1669 1951 1827 1987 conflant
1852 1956 1998 1996 propter
2017 1952 2277 1988 alienationem.
2314 1954 2407 1989 Nam

154 1998 228 2028 Καὶ
258 1994 328 2052 γὰρ
357 1994 401 2039 δη
425 1993 603 2030 κάκείνους
631 1998 692 2039 τῆς
723 1997 800 2039 ἴσης
822 1994 844 2040 ἢ
867 2000 927 2031 καὶ
957 1999 1120 2040 μείζονος
1147 1998 1240 2032 εἶναι
1312 2001 1347 2032 et
1371 1998 1452 2033 illos
1481 2008 1597 2042 aequa
1626 2000 1690 2032 aut
1719 1998 1848 2032 maiori
1879 2009 1995 2042 poena
2026 1998 2154 2042 dignos
2179 2009 2258 2034 esse
2288 2000 2405 2035 sanci-

155 2042 282 2084 ποινῆς
306 2042 424 2082 αξίους
446 2042 684 2084 θεσπίζομεν,
718 2039 792 2085 ὅσῳ
817 2046 876 2076 καὶ
906 2046 988 2088 περὶ
1021 2042 1097 2090 ἱερὰ
1129 2042 1239 2089 πράγ-
1255 2046 1295 2079 35
1311 2054 1408 2085 mus,
1442 2050 1575 2087 quanto
1602 2044 1708 2078 etiam
1740 2043 1837 2078 circa
1861 2053 1984 2078 sacras
2007 2054 2066 2079 res
2099 2048 2137 2078 et
2169 2044 2234 2079 deo
2268 2044 2406 2081 dicatas

154 2099 252 2129 ματα
283 2090 343 2120 καὶ
375 2085 440 2130 ἤδη
465 2087 547 2131 θεῷ
576 2087 834 2133 καθιερωμένα
866 2087 1053 2132 τολμῶσιν
1085 2085 1239 2133 ἀσεβεῖν.
1310 2094 1542 2134 praesument
1566 2089 1672 2134 impie
1691 2099 1813 2133 agere;
1840 2089 1909 2123 nisi
1933 2094 2053 2124 tamen
2078 2090 2214 2134 aliquid
2238 2091 2310 2125 tale
2331 2090 2404 2133 fiat,

156 2130 248 2173 πλὴν
266 2133 297 2165 εἰ
316 2131 366 2176 μὴ
384 2134 490 2167 τοῦτο
510 2136 657 2179 γίνοιτο,
680 2131 850 2180 καθάπερ
870 2134 1028 2177 εἴπομεν,
1051 2132 1111 2168 διὰ
1134 2133 1239 2178 ἀνάρ-
1311 2135 1405 2179 quod
1439 2135 1610 2177 diximus,
1644 2135 1740 2169 circa
1764 2134 2046 2179 redemptionem
2071 2136 2310 2181 captivorum,
2343 2137 2406 2171 ubi

155 2189 261 2222 ρυσιν
294 2177 548 2221 αἰχμαλώτων,
581 2177 678 2212 ἔνθα
713 2178 825 2224 ψυχὰς
859 2176 1079 2226 ἀνθρώπων
1104 2179 1245 2214 ἐλευθε-

199 2271 271 2301 cap.
304 2259 397 2292 VIII
416 2262 619 2292 summarium
647 2261 743 2293 habet
764 2260 897 2293 Nomoc.
923 2261 1022 2293 XIV
1043 2263 1089 2293 tit.
1116 2263 1147 2300 2,
1174 2269 1200 2294 2.

154 2347 327 2382 creditori
351 2353 552 2393 competant,-
575 2359 690 2393 eaque
708 2348 828 2382 omnia
852 2348 959 2382 etiam
984 2348 1027 2383 de
1044 2349 1280 2393 praesulibus
1299 2350 1526 2385 muliebrium
1551 2351 1809 2385 asceteriorum
1835 2350 1891 2385 vel
1913 2351 2217 2386 monasteriorum
2246 2352 2401 2388 valeant.

154 2395 174 2427 1
212 2392 253 2426 Si
271 2393 365 2427 enim
383 2393 528 2427 omnino
545 2393 782 2427 sanctissimis
805 2393 965 2427 ecclesiis
989 2394 1044 2428 vel
1068 2394 1196 2428 ceteris
1211 2395 1328 2429 sacris
1351 2394 1516 2429 domibus
1533 2396 1695 2440 pecunia
1718 2399 1842 2429 mutua
1863 2406 1956 2440 opus
1972 2396 2030 2438 sit,
2055 2396 2106 2430 ad
2126 2396 2243 2431 solam
2266 2397 2403 2433 scilicet

155 2438 394 2472 necessariam
425 2443 457 2473 et
490 2437 729 2473 inevitabilem
753 2448 899 2472 causam
923 2442 959 2473 et
980 2438 1058 2473 sine
1081 2449 1154 2483 qua
1179 2449 1272 2484 quae
1296 2443 1453 2485 uryuent
1476 2445 1658 2485 nequeant
1683 2441 1833 2487 perfici,
1867 2440 1923 2475 vel
1945 2440 1995 2475 ad
2017 2452 2092 2475 rem
2117 2441 2278 2487 aliquam
2308 2453 2402 2488 quae

154 2482 404 2518 sanctissimae
427 2483 598 2518 ecclesiae
621 2482 811 2517 utilissima
838 2483 906 2518 sit:
938 2483 1021 2518 lieet
1071 2483 1273 2520 raesulibus
1299 2495 1423 2519 earum
1451 2485 1551 2520 intra
1575 2485 1780 2531 qeneralem
1805 2485 2046 2531 hypothecam
2069 2497 2109 2521 se
2133 2487 2329 2530 continere,
2362 2494 2403 2523 ut

153 2527 311 2573 speciale
332 2529 468 2574 piynus
491 2528 628 2563 nullum
653 2528 892 2563 creditoribus
915 2539 1024 2564 conce
1051 2534 1123 2563 ant.

289 2573 368 2608 V11.
417 2572 554 2616 Quodsi
585 2574 668 2619 quis
697 2574 805 2609 etiam
830 2585 903 2620 per
931 2578 1050 2609 etuam
1081 2574 1352 2621 emphyteusin,
1383 2575 1423 2609 id
1453 2575 1553 2620 quod
1575 2587 1649 2610 non
1674 2576 1774 2618 lieet,
1808 2576 1973 2622 accipere
1997 2587 2108 2611 ausus
2130 2577 2195 2620 sit,
2228 2577 2286 2613 vel
2316 2582 2400 2614 tem-

149 2618 319 2664 poralem
369 2619 506 2660 uidem,
542 2630 607 2654 nec
633 2624 749 2654 tamen
773 2630 881 2655 secun
910 2631 967 2654 um
997 2619 1104 2655 huius
1128 2624 1279 2656 nostrae
1300 2621 1391 2667 leqis
1415 2621 1717 2664 observationem,
1751 2622 1783 2656 is
1807 2633 1951 2667 quoque
1975 2621 2201 2669 emphyteusi
2217 2623 2399 2669 privetur,

154 2668 189 2698 et
213 2663 314 2709 quod
336 2630 460 2699 ‘iatum
484 2668 539 2699 est
563 2675 680 2710 penes
704 2665 941 2700 venerabilem
975 2665 1119 2700 domum
1144 2671 1308 2708 maneat,
1340 2666 1473 2713 detque
1498 2671 1681 2712 peractae
1714 2667 1822 2702 etiam
1847 2672 1943 2718 post
1965 2667 2209 2713 emphyteusis
2233 2670 2399 2704 amissio-

153 2720 244 2751 nem,
269 2714 444 2755 quantum
468 2709 655 2744 soluturus
677 2710 821 2755 fuisset,
845 2711 879 2745 sz·
901 2711 1095 2745 secundum
1121 2711 1234 2757 leqem
1251 2711 1501 2757 emphyteusin
1518 2723 1560 2747 su
1586 2713 1682 2755 isset,
1707 2723 1773 2748 nec
1790 2724 1984 2758 quicquam
2004 2713 2106 2759 apud
2123 2725 2203 2748 eum
2225 2725 2274 2750 ex
2292 2714 2400 2750 rebus

154 2757 170 2789 1
217 2754 398 2800 ptochicis
420 2755 568 2799 frustra
598 2755 653 2790 illi
685 2755 931 2802 emphyteusis
956 2767 1067 2791 causa
1096 2757 1191 2792 datis
1222 2763 1375 2792 maneat.
1487 2757 1590 2793 Haec
1612 2758 1727 2804 iqitur
1749 2758 1870 2793 omnia
1897 2759 2131 2794 observentur
2154 2770 2268 2805 supra
2292 2759 2399 2796 dictis

150 2800 282 2846 poenis
310 2800 490 2835 subiecta:
525 2804 566 2835 ut
592 2812 708 2846 neque
733 2802 872 2836 notarii
903 2802 1035 2836 talibus
1062 2802 1310 2837 instrumentis
1333 2814 1353 2837 o
1382 2814 1480 2837 eram
1498 2809 1696 2849 praestare
1724 2803 1893 2845 audeant,
1917 2803 1982 2839 sed
1998 2809 2222 2850 perpetuum
2246 2805 2398 2841 exilium

154 2848 316 2880 metuant
336 2845 414 2881 sine
440 2846 517 2881 ulla
543 2858 713 2892 umquam
737 2858 803 2892 spe
825 2847 976 2886 reditus,
998 2859 1042 2882 ne
1065 2847 1097 2882 si
1112 2858 1258 2882 sacrum
1276 2848 1354 2893 quic
1365 2859 1419 2883 em
1438 2849 1652 2894 rescriptum
1669 2849 1709 2883 id
1727 2849 1931 2890 condonet,·
1954 2861 2069 2895 neque
2087 2854 2291 2896 potestates
2310 2851 2398 2886 talia

153 2891 393 2926 instrumenta
418 2896 481 2926 aut
505 2891 644 2926 dictare
669 2891 828 2926 audeant
856 2897 921 2927 ant
942 2893 1049 2938 facta
1073 2893 1262 2928 admittere
1286 2897 1322 2928 et
1344 2894 1434 2928 actis
1458 2894 1800 2929 commentariorum
1824 2895 2054 2939 confirmare,
2086 2906 2131 2930 ne
2159 2900 2195 2931 et
2207 2896 2397 2942 ipsaccum

152 2937 346 2982 potestatis
369 2941 404 2971 et
427 2936 617 2982 diqnitatis
641 2943 714 2972 tum
739 2937 915 2972 bonorum
940 2938 1169 2973 amissionem
1192 2938 1387 2973 secundum
1405 2938 1538 2973 Leonis
1563 2940 1854 2975 constitutionem
1872 2940 2078 2986 patiantur.

289 2981 386 3016 VIII.
435 2985 554 3027 Atque
584 2982 728 3018 eaedem
752 2994 899 3028 poenae
931 2983 1164 3019 observentur
1194 2984 1302 3020 etiam
1334 2984 1507 3019 adversus
1539 2996 1618 3027 eos,
1674 2985 1712 3019 ui
1741 2996 1849 3020 sacra
1881 2996 1969 3020 vasa
2000 2990 2130 3021 contra
2162 2991 2322 3022 nostram
2348 2987 2395 3022 le-

153 3038 234 3072 qem
266 3031 329 3061 aut
361 3027 607 3073 oppiynerant
636 3033 700 3062 aut
732 3027 890 3062 vendunt
921 3033 986 3063 aut
1017 3029 1178 3074 conflant
1208 3029 1440 3064 alienationis
1463 3030 1598 3075 qratia.
1646 2997 1812 3076 K'amque
1835 3030 1919 3066 illos
1942 3042 2086 3076 quoque
2110 3032 2202 3077 pari
2226 3032 2281 3067 vel
2303 3032 2395 3067 adeo

154 3071 293 3106 maiore
309 3083 435 3119 poena
458 3073 589 3117 diynos
612 3084 689 3108 esse
710 3073 911 3115 sancimus,
937 3074 1083 3119 quando
1109 3074 1166 3110 vel
1184 3074 1224 3109 in
1247 3086 1306 3109 res
1328 3086 1456 3109 sacras
1479 3079 1515 3109 et
1538 3075 1605 3110 deo
1629 3075 1701 3110 iam
1727 3081 1961 3111 consecratas
1985 3076 2093 3122 impie
2117 3088 2226 3122 aqere
2249 3078 2395 3112 audent.

155 3116 237 3151 Nisi
257 3128 342 3152 vero
365 3117 405 3152 id
424 3118 508 3162 fiat,
530 3118 584 3152 uti
607 3118 779 3160 diximus,
805 3118 855 3152 ad
876 3119 1157 3165 redemptionem
1182 3120 1419 3166 captivorum,
1445 3120 1506 3155 ubi
1529 3121 1670 3155 animas
1694 3120 1877 3156 hominum
1899 3133 1922 3155 a
1941 3127 2057 3157 morte
2077 3126 2113 3157 et
2136 3122 2288 3158 vinculis
2311 3122 2394 3158 libe-

202 3211 216 3242 1
238 3204 382 3241 τούτων
396 3222 454 3242 om.
468 3210 499 3242 A
518 3209 529 3252 11
547 3211 565 3241 5
584 3211 725 3253 γένοιτο
739 3211 781 3250 Α]
803 3211 950 3255 γένηται
965 3212 1012 3244 M
1021 3211 1032 3255 Η
1051 3211 1099 3244 εἰς
1111 3210 1239 3254 μόνην]

153 3258 213 3286 aut
234 3253 271 3285 in
296 3253 397 3285 solam
420 3265 439 3289 ς
455 3254 466 3296 Ι]
486 3257 502 3287 7
530 3249 562 3295 ἢ]
589 3257 647 3287 καὶ
661 3257 689 3287 A
710 3255 758 3298 fl8
782 3253 961 3288 καθεστὸς
979 3258 1022 3297 Α]
1048 3255 1240 3291 καθεστώς

154 3301 195 3333 Ji]
210 3298 222 3344 ΙΙ
241 3298 358 3338 ἔξεστι
372 3299 431 3339 M]
452 3298 567 3331 licebit
580 3311 599 3335 ς
611 3299 727 3339 ἔξεστι
740 3298 807 3346 γὰρ
819 3297 902 3333 τότε
913 3303 945 3334 Α
961 3301 972 3345 ΙΙ
992 3306 1011 3335 9
1032 3303 1105 3344 τῆς]
1129 3300 1240 3345 μόνης

153 3345 214 3386 τῆς
238 3346 265 3376 Α
297 3345 309 3387 ΙΙ
339 3347 380 3378 10
404 3344 457 3377 τῶ
483 3341 687 3398 δανείζρντι
711 3348 741 3378 Α
773 3345 784 3389 Η
816 3348 855 3379 13
879 3342 1013 3390 ἢπρὸς
1037 3346 1173 3392 καιρὸν,
1198 3346 1238 3380 οὐ
1309 3349 1406 3380 teosis
1429 3348 1631 3380 uenerabilis
1646 3347 1713 3380 loci
1733 3351 1947 3391 componitR
1964 3352 2044 3392 (sim.
2060 3350 2102 3390 T)
2118 3348 2131 3394 ΙΙ
2153 3353 2191 3383 13
2218 3351 2307 3392 quod
2323 3362 2390 3385 non

154 3393 320 3435 μέντοιγε
341 3391 370 3422 A
398 3388 409 3432 ss
431 3392 469 3423 14
494 3392 553 3422 καὶ
579 3401 681 3423 ουτος
706 3392 762 3431 M]
788 3392 848 3423 καὶ
872 3386 985 3425 οὕτως
1008 3394 1061 3428 Ας
1079 3392 1090 3436 ΙΙ
1113 3397 1149 3427 19
1174 3392 1238 3437 μά-
1308 3393 1387 3425 licet
1411 3406 1467 3426 om.
1492 3394 1540 3426 R¹
1571 3394 1583 3436 ΙΙ
1608 3396 1648 3427 14
1668 3396 1792 3435 tamen]
1819 3396 1862 3428 tn‘]
1886 3396 1923 3429 V
1943 3396 1955 3440 ΙΙ
1982 3395 2083 3427 huius
2104 3408 2163 3428 om.
2190 3397 2224 3429 R
2246 3396 2258 3439 ΙΙ
2287 3399 2325 3431 15
2351 3398 2391 3430 de

154 3438 234 3477 την]
258 3433 349 3477 μετὰ
373 3434 439 3476 τὴν
463 3437 494 3468 Α
510 3437 521 3475 ΙΙ
541 3437 579 3468 21
604 3447 644 3468 τε
670 3437 718 3476 Μ,
745 3450 802 3469 om.
827 3437 854 3468 A
882 3436 894 3479 ss
920 3438 960 3470 22
986 3436 1105 3481 *μηδὲ
1130 3440 1207 3472 libri
1227 3437 1239 3483 ΙΙ
1271 3435 1275 3638 t
1308 3440 1341 3471 1ss
1353 3436 1813 3484 VT]abvutq.fle11phiteosin
1828 3442 1931 3475 R¹T²
1948 3441 1960 3484 {1
1980 3443 2021 3474 20
2042 3442 2390 3486 remanenteRvutq]

1309 3214 1330 3245 4
1355 3212 1430 3244 aliis
1447 3225 1505 3244 om.
1519 3212 1567 3244 13¹
1587 3212 1599 3254 ΙΙ
1616 3215 1635 3246 6
1657 3213 1874 3255 occasionem]
1896 3215 2020 3248 afflone
2041 3215 2075 3256 (i.
2091 3228 2115 3247 e.
2131 3215 2308 3257 actionem)
2322 3215 2356 3249 V
2360 3217 2369 3236 ¹
2382 3216 2394 3259 Η

1310 3259 1329 3291 8
1363 3258 1624 3290 consistematem
1660 3259 1707 3290 R¹
1743 3258 1754 3300 ΙΙ
1794 3261 1831 3292 10
1870 3259 2054 3302 spiritalem
2085 3259 2134 3292 R¹
2169 3260 2180 3303 ΙΙ
2224 3262 2260 3293 12
2303 3263 2392 3295 rubr.

1309 3303 1438 3340 Quibus
1462 3303 1556 3344 penis
1586 3302 1751 3336 subicitur
1775 3305 1834 3345 qui
1861 3305 2019 3338 illicitum
2043 3307 2252 3338 contractum
2276 3307 2393 3349 enphi-

155 3483 197 3514 24
224 3477 404 3523 μὴδέποτε
431 3482 461 3512 A
481 3480 551 3524 1126
577 3477 697 3522 *μηδὲ
723 3482 800 3513 libri
813 3477 865 3524 1Ιῆ
890 3494 947 3514 om.
968 3484 998 3515 A
1013 3484 1025 3526 ll
1045 3485 1086 3517 32
1112 3481 1236 3527 νόμον]
1307 3487 1460 3516 manento
1482 3484 1515 3516 T
1533 3488 1720 3516 manentem
1746 3485 1793 3518 V¹
1822 3487 1833 3528 ΙΙ
1858 3486 1889 3518 ei
1915 3487 2106 3527 Heimbach]
2132 3490 2165 3519 et
2186 3487 2297 3529 RVT,
2331 3501 2388 3521 om.

161 3527 327 3567 Cod.1‚2‚
346 3534 373 3559 21
393 3525 404 3570 ΙΙ
425 3527 466 3560 34
489 3523 543 3566 δὴ]
570 3523 666 3558 ὃεῖΑ
681 3525 693 3570 ΙΙ
713 3528 754 3560 35
779 3521 909 3559 ὅσονΑ
925 3526 936 3570 ΙΙ
956 3530 998 3562 36
1023 3526 1101 3571 ἤδη]
1124 3543 1181 3563 om.
1197 3528 1240 3574 ςΙΙ
1306 3530 1393 3572 vuly.
1424 3529 1436 3571 ΙΙ
1465 3531 1505 3561 27
1532 3529 1598 3570 uel]
1624 3544 1640 3560 ι
1666 3530 1716 3563 13¹
1746 3529 1758 3573 [Ι
1782 3533 1815 3563 et
1844 3531 1958 3572 gestis]
1990 3531 2108 3572 egestis
2131 3532 2166 3565 R
2187 3533 2198 3575 u
2225 3535 2263 3567 31
2299 3536 2388 3567 rubr.

156 3574 195 3606 37
210 3572 318 3604 τοῦτο
331 3572 385 3612 M]
399 3584 435 3604 τι
447 3572 553 3604 τοῦτο
567 3573 597 3603 A
611 3570 739 3612 aliquid
752 3571 817 3604 tale
831 3584 863 3609 ς;
885 3574 980 3606 scrib.
995 3585 1031 3606 τι
1044 3574 1186 3607 τοιοῦτο
1197 3575 1212 3606 7
1228 3578 1239 3620 η
1307 3574 1479 3612 Quomodo
1502 3575 1643 3617 punitur
1669 3576 1728 3616 qui
1759 3586 1850 3608 sacra
1878 3587 1957 3609 uasa
1988 3576 2043 3609 uel
2073 3577 2211 3611 donaria
2234 3578 2390 3621 pignerat

154 3618 294 3662 γένοιτο
318 3615 488 3661 καθάπερ
512 3616 660 3660 εἴπομεν
684 3630 742 3649 om.
768 3618 799 3649 A
821 3616 832 3661 ΙΙ
851 3613 1056 3662 ἀνάρρυσιν]
1082 3617 1186 3652 λύσιν
1207 3623 1237 3653 Α
1306 3620 1361 3652 uel
1385 3620 1516 3661 conflat,
1544 3623 1577 3653 et
1600 3620 1639 3653 de
1661 3620 1804 3663 panibus
1827 3622 1985 3655 ciuilibus
1996 3622 2102 3664 R(T)
2118 3622 2130 3667 ΙΙ
2149 3623 2274 3657 Iisnm
2299 3624 2336 3657 V
2344 3624 2353 3644 ¹
2377 3624 2389 3668 ΙΙ

207 3676 217 3707 ι
243 3673 401 3707 creditori
425 3666 641 3717 ⁶330?an
661 3675 679 3706 2
705 3666 906 3706 muliebr‘uffi
920 3667 1237 3719 Vffiiteriorum
1269 3652 1274 3797 1
1307 3668 1347 3699 32
1373 3675 1464 3697 saera
1485 3664 1537 3698 R¹
1563 3665 1575 3710 ΙΙ
1599 3668 1640 3700 35
1661 3666 1793 3707 quando
1812 3667 1863 3700 R¹
1887 3667 1898 3711 ΙΙ
1922 3668 1994 3709 de0]
2016 3668 2090 3700 ideo
2112 3669 2163 3702 Β*
2191 3668 2202 3712 ΙΙ
2228 3671 2269 3703 36
2293 3680 2387 3712 Prae-

158 3719 191 3750 R
210 3722 243 3750 et
266 3720 490 3752 asisteriorum
517 3719 554 3752 V
573 3719 619 3761 113
643 3721 713 3759 aut]
739 3730 796 3751 scu
820 3719 858 3753 V
877 3718 889 3763 11
907 3721 926 3760 ξ
952 3723 965 3753 1
994 3723 1081 3755 rubr.
1104 3723 1237 3763 quando
1304 3713 1452 3743 sumetur
1478 3709 1526 3743 Vl
1556 3714 1808 3764 Pf'asssumentul'
1834 3712 1870 3744 V
1874 3712 1888 3733 ³
1920 3717 2135 3755 praesumunt
2166 3715 2199 3748 Τ
2224 3714 2236 3758 ll
2264 3716 2386 3755 tamen]

156 3762 237 3797 licet
258 3775 309 3797 ren
328 3765 568 3798 uenerabilium
590 3764 739 3798 locorum
760 3767 895 3808 ypotece
912 3766 1012 3800 titulo
1025 3767 1167 3810 obligari
1180 3769 1212 3800 R
1225 3767 1237 3811 Η
1304 3759 1434 3788 tantum
1458 3756 1603 3801 R¹VTll
1621 3759 1658 3789 37
1685 3757 1784 3798 qUOd]
1808 3761 1908 3800 prout
1935 3760 1966 3792 T

2068 3828 2114 3860 8*
