2586 3990
160 139 219 169 DE
248 136 518 170 PRIVILEGIIS
549 134 681 166 DOTIS
710 134 977 166 HAERETICIS

159 339 337 392 ΠΕΡΙ
366 272 781 391 ΑΙΡΕΤΙΚΙΞΝ
822 337 957 391 ΤΗΙ
988 335 1240 390 ΠΙΣΤΕΙ

495 406 904 460 ΓΥΝΑΙΚῼΝ.

180 551 216 588 Ὁ
240 550 347 587 αὐτὸς
369 551 536 597 βασιλεὺς
558 550 709 600 Ἰωάννῃ
740 555 794 597 τῷ
818 550 1046 594 ἐνδοξοτάτῳ
1073 550 1216 595 ἐπάρχῳ
1276 551 1296 583 5

179 600 255 632 τῶν
279 598 387 644 ἱερων
410 603 647 644 πραιτωρίων
676 599 719 632 τὸ
744 600 792 644 β’,
824 596 899 633 ἀπὸ
926 595 1080 632 ὑπάτων
1103 594 1217 642 <5931-

467 645 623 690 ναρίων)
647 648 706 678 καὶ
731 648 921 690 πατρικίῳ.

224 712 538 757 <Προοίμιον.>
587 716 689 746 ΝΙίαν
722 709 807 756 ἡμῖν
839 711 932 746 εἶναι
966 710 1150 755 βοήθειαν
1182 711 1243 744 ἐπὶ

157 762 269 793 παντὶ
300 759 353 800 τῷ
387 759 449 800 τῆς
479 755 652 802 ἡμετέρας
681 757 861 792 πολιτείας
897 770 937 791 τε
967 759 1026 790 καὶ
1059 755 1242 800 βασιλείας

156 807 227 848 βίῳ
265 803 333 857 ‘risa‘
368 804 415 836 εἰς
453 803 545 837 θεὸν
581 801 711 837 ἐλπίδα
744 802 973 846 πιστεύομεν,
1011 799 1145 835 εἰδότες
1182 798 1242 834 ὅτι
1258 801 1298 833 10

156 851 264 882 τοῦτο
296 852 380 893 ημῖν
404 853 463 882 καὶ
487 849 556 892 τὴν
578 850 640 892 τῆς
664 849 776 893 ψυχῆς
800 852 859 881 καὶ
883 847 950 890 τὴν
974 848 1036 890 τῆς
1060 845 1243 890 βασιλείας

158 892 288 927 δίδωσι
313 898 514 939 σωτηρίαν·
548 890 636 928 ὥςτε
660 898 719 927 καὶ
743 893 807 927 τὰς
830 893 1050 938 νομοθεσίας
1072 892 1135 925 τὰς
1158 889 1242 947 ἡμε-

158 943 260 984 τέρας
285 940 428 973 ἐκεῖθεν
452 936 635 984 ἠρτῆσθαι
668 939 832 984 προςήκει
864 942 924 972 καὶ
957 939 1004 971 εἰς
1035 934 1150 980 αὐτὴν
1174 950 1241 981 αφ-

158 987 248 1030 ορᾶν
273 989 332 1018 καὶ
357 983 494 1027 ταύτην
520 982 642 1018 αὐτῶν
667 981 781 1029 ἀρχήν
805 997 845 1018 τε
869 984 961 1018 εἶναι
985 987 1045 1017 καὶ
1069 986 1159 1027 με’σα
1183 985 1243 1015 καὶ

159 1034 276 1076 πέρας.
612 1027 629 1038 ‘'
834 1028 841 1038 ‘
1055 1022 1066 1036 τ

159 1076 410 1120 βασιλευκότες
433 1079 493 1109 καὶ
516 1075 671 1120 μάλιστα
695 1077 807 1108 Λέων
836 1073 854 1108 ὁ
881 1076 942 1118 τῆς
965 1072 1130 1118 εὖσεβους
1153 1073 1243 1117 μνή-

158 1134 224 1165 μης
255 1124 314 1155 καὶ
336 1118 522 1155 Ἰουστῖνος
553 1118 571 1155 ὁ
602 1122 665 1164 τῆς
697 1121 802 1154 θἐίας
834 1118 966 1163 λήξεως
994 1117 1098 1173 ἡμῶν
1122 1118 1244 1163 πατὴρ

160 1170 199 1201 ἐν
223 1171 299 1201 ταῖς
324 1168 463 1200 ἑαυτῶν
488 1165 673 1206 ὃιατάξεσι
696 1169 768 1200 τοῖς
793 1165 981 1210 αἱρετικοῖς
1010 1162 1152 1199 α’πασιν
1177 1161 1243 1197 ἀπ-

159 1214 368 1259 ηγόρευσαν,
399 1209 486 1246 ὥςτε
509 1209 688 1256 μηδεμίαν
712 1210 841 1245 αὐτοὺς
862 1214 1025 1255 μετιέναι
1049 1214 1245 1253 στρατείαν

158 1258 249 1302 μηὸέ
281 1272 348 1312 τήν
381 1257 529 1291 οἱανουν
561 1259 620 1291 ἐπὶ
648 1255 834 1301 δημοσίαις
858 1260 1026 1302 φροντίσι
1049 1259 1245 1300 μετουσίαν
1259 1255 1301 1287 20

160 1307 262 1347 effu),
288 1315 386 1338 οπως
410 1301 456 1336 ἂν
479 1303 528 1347 μὴ
553 1315 734 1348 προφασει
765 1316 842 1336 των
872 1315 911 1335 τε
936 1314 1139 1346 στρατειων
1167 1302 1245 1335 τῶν

159 1364 198 1383 τε
231 1348 415 1393 δημοσίων
447 1347 707 1394 ἐπιταγμάτων
739 1349 791 1390 τῷ
825 1349 888 1391 τῆς
920 1346 1026 1394 ἁγίας
1056 1348 1121 1380 τοῦ
1154 1346 1244 1379 θεοῦ

160 1394 355 1438 καθόλικῆς
386 1397 445 1427 καὶ
478 1391 717 1436 ἀποστολικῆς
748 1392 934 1436 ἐκκλησίας
967 1396 1065 1438 μέρει
1098 1395 1246 1438 φανεῖεν

159 1437 431 1495 λυμαινόμενοι·
467 1442 527 1472 καὶ
556 1437 655 1483 ἡμεῖς
685 1437 723 1472 δὲ
755 1436 844 1472 αὐτὸ
877 1440 985 1472 τοῦτο
1010 1438 1247 1483 πεπράχαμεν

1237 112 1318 164 517

2066 111 2172 158 Nov.
2203 113 2299 157 CIX
2329 124 2390 169 pr.

1806 262 1896 298 CIX.

1413 336 1467 384 R
1499 335 1592 384 DE
1628 330 2042 382 PRIVILEGIIS
2074 330 2283 380 DOTIS

1309 400 1725 452 HAERETICIS
1775 399 2196 449 MULIERIBUS
2253 396 2393 448 NON

1568 466 2044 519 PRAESTANDIS
2074 467 2128 515 R

1458 549 1554 584 Idem
1578 548 1670 592 Aug.
1697 545 1850 582 Iohanni
1881 555 1941 589 pp.
1967 555 2031 589 per
2056 544 2246 579 Orientem.

1363 705 1652 752 (Praefatio.)
1699 705 1815 740 Unam
1841 704 1942 739 nobis
1967 713 2046 738 esse
2069 703 2108 738 in
2133 703 2227 738 omni
2252 704 2396 737 nostrae

1311 752 1531 797 reipublicae
1562 755 1598 787 et
1628 750 1767 795 imperii
1802 750 1876 785 vita
1904 749 1942 784 in
1975 749 2040 784 deo
2078 759 2176 793 spem
2209 748 2395 788 credimus,

1312 797 1463 832 scientes
1500 797 1584 842 quia
1618 797 1687 832 hoc
1719 796 1823 831 nobis
1860 799 1896 830 et
1925 795 2066 829 animae
2101 798 2137 829 et
2166 793 2306 838 imperii
2335 793 2397 827 dat

1312 843 1482 878 salutem:
1520 842 1615 877 unde
1640 845 1676 877 et
1698 841 1940 886 legislationes
1965 844 2106 876 nostras
2136 839 2218 874 inde
2242 838 2397 883 pendere

1315 888 1484 933 competit
1515 890 1550 922 et
1573 888 1611 923 in
1637 898 1716 922 eam
1739 887 1918 932 respicere
1950 891 1985 921 et
2008 887 2077 921 hoc
2108 885 2159 920 eis
2184 884 2398 929 principium

1313 944 1390 969 esse
1414 937 1450 968 et
1473 934 1627 968 medium
1651 936 1687 968 et
1706 934 1906 968 terminum.
1955 932 2083 967 Sciunt
2101 931 2210 974 igitur
2231 929 2396 972 universi,

1313 979 1396 1023 quia
1420 983 1504 1014 ante
1535 990 1600 1014 nos
1630 979 1846 1023 imperantes
1879 982 1914 1012 et
1937 978 2091 1012 maxime
2115 977 2187 1011 Leo
2220 976 2301 1021 piae
2325 985 2397 1009 me-

321 1030 433 1064 Ἷσασι
456 1034 580 1064 τοίνυν
604 1041 780 1070 απαντες,
813 1041 861 1063 ως
884 1029 920 1063 οἱ
943 1029 1014 1074 πρὸ
1047 1030 1152 1081 nufias
1184 1031 1242 1071 βε-
1259 1028 1299 1059 15
1312 1025 1446 1060 moriae
1477 1028 1513 1059 et
1544 1025 1704 1059 Iustinus
1738 1024 1839 1059 divae
1862 1023 2054 1058 memoriae
2085 1024 2209 1057 noster
2232 1025 2336 1066 pater
2362 1021 2399 1054 in

1314 1070 1388 1105 suis
1407 1070 1722 1105 constitutionibus
1739 1069 1928 1104 haereticis
1946 1068 2110 1104 omnibus
2127 1067 2398 1108 interdixerunt,

1313 1119 1354 1150 ut
1377 1125 1492 1160 neque
1524 1116 1594 1160 (in)
1626 1116 1700 1150 ulla
1731 1115 1799 1160 ipsi
1829 1115 2133 1159 participarentur
2157 1113 2300 1154 militia,
2332 1122 2399 1146 nec

1315 1161 1497 1206 quodlibet
1512 1161 1550 1195 in
1563 1161 1717 1205 publicis
1731 1161 1827 1195 curis
1842 1160 2071 1205 participium
2084 1159 2270 1201 haberent,
2289 1157 2399 1192 utine

1315 1207 1504 1241 occasione
1529 1207 1735 1241 militiarum
1759 1210 1795 1240 et
1811 1206 2035 1250 publicorum
2061 1204 2292 1240 collationum
2316 1213 2399 1238 san-

1316 1256 1395 1287 ctae
1419 1252 1475 1286 dei
1501 1252 1699 1286 catholicae
1732 1255 1767 1286 et
1791 1251 2013 1296 apostolicae
2038 1251 2211 1285 ecclesiae
2241 1249 2400 1284 membra

1315 1297 1518 1332 viderentur
1549 1301 1709 1341 vastare3
1746 1299 1782 1332 et
1813 1307 1879 1332 nos
1911 1301 2030 1331 autem
2063 1297 2132 1341 ipsi
2162 1297 2232 1330 hoc
2264 1294 2401 1339 egimus

1315 1343 1448 1378 nostris
1474 1342 1791 1377 constitutionibus
1815 1342 1905 1377 haec
1930 1343 2152 1377 roborantes.
2190 1341 2400 1376 Haereticos

1314 1399 1399 1424 vero
1423 1392 1458 1423 et
1482 1388 1533 1423 illi
1559 1388 1725 1423 dixerunt
1748 1393 1784 1423 et
1807 1398 1872 1423 nos
1898 1388 2047 1422 dicimus
2072 1398 2133 1422 eos
2159 1387 2221 1430 qui
2244 1386 2400 1421 diversa-

1314 1445 1394 1469 rum
1430 1438 1515 1469 sunt
1546 1434 1766 1469 haeresium:
1807 1434 1935 1478 quibus
1969 1433 2214 1477 coniungimus
2247 1434 2282 1466 et
2317 1443 2400 1466 con-

160 1489 347 1531 ημετέραις
371 1483 554 1525 ὃιατάξεσι
579 1486 695 1518 ταῦτα
712 1485 945 1529 κυρώσαντες.
986 1483 1183 1529 αἱρετικοὺς
1208 1480 1248 1516 δὲ
1260 1483 1300 1515 25
1315 1490 1543 1515 numeramus
1574 1483 1610 1515 et
1642 1480 1702 1524 qui
1726 1479 1885 1514 Nestorii
1912 1479 2095 1514 Iudaicam
2120 1480 2319 1522 sequuntur
2342 1488 2401 1512 ve-

160 1535 219 1564 καὶ
242 1533 370 1565 ἐκεῖνοι
395 1529 554 1575 εἰρήκασι
579 1533 638 1563 καὶ
657 1527 753 1574 ἡμεῖς
776 1529 926 1576 λέγομεν
949 1529 1031 1563 τοὺς
1055 1527 1246 1574 διαφόρων

160 1577 269 1610 ὄντας
294 1576 478 1621 αἱρέσεων,
510 1575 560 1609 οἷς
584 1574 817 1630 συνάπτομέν
850 1589 889 1609 τε
914 1578 974 1608 καὶ
998 1574 1245 1618 συναριθμοῦ-

1315 1526 1452 1561 saniam
1477 1528 1514 1561 et
1537 1525 1834 1571 Eutychiauistas
1859 1528 1895 1559 et
1917 1525 2131 1569 Acephalos,
2157 1524 2218 1568 qui
2236 1523 2402 1558 Dioscori

1315 1575 1351 1607 et
1374 1572 1496 1607 Severi
1526 1571 1622 1606 mala
1651 1573 1750 1606 secta
1781 1571 1951 1614 languent
1981 1569 2187 1605 Manichaei
2219 1572 2256 1604 et
2279 1569 2400 1613 Apoli-

159 1637 225 1665 μεν
256 1625 316 1655 καὶ
345 1621 428 1655 τούς
459 1622 503 1667 τῇ
530 1623 726 1666 Νεστορίου
758 1619 921 1667 Ῑουδαϊκῇ
953 1617 1247 1654 ἀκολουθοῦντας

159 1672 273 1711 μανίᾳ
297 1671 355 1700 καὶ
381 1664 667 1708 Εὐτυχιανιστὰς
691 1670 750 1700 καὶ
773 1663 1002 1712 Ἀκεφάλους,
1028 1667 1156 1700 οἵτινες
1180 1666 1249 1708 τὴν

162 1712 350 1757 Διοςκόρου
380 1715 440 1746 καὶ
465 1712 627 1757 Σεβήρου
658 1710 875 1753 κακοδοξίαν
898 1714 1047 1746 νοσοῦσι
1081 1713 1158 1745 τῶν
1182 1711 1251 1754 τὴν
1265 1713 1307 1745 30

226 1806 310 1839 Νου.
329 1805 418 1838 CIX
438 1806 602 1844 (Authent.
622 1804 767 1838 CIV=
791 1804 871 1837 Call.
895 1804 987 1837 VIII
1007 1804 1051 1837 tie.
1066 1806 1102 1837 5:
1127 1804 1239 1847 yloss.)
1268 1803 1394 1836 Graece
1419 1809 1508 1835 extat
1530 1803 1563 1835 in
1586 1801 1675 1842 ML,
1697 1802 1893 1843 prooemium
1919 1801 1975 1841 (15
1997 1796 2116 1841 ’Ἱσμεν
2138 1801 2263 1831 τοίνυν
2287 1792 2404 1831 ἅπαν-

160 1861 215 1888 τες
230 1877 255 1884 ,.
268 1877 273 1883 .
286 1852 307 1891 .)
322 1858 349 1884 et
364 1863 435 1893 cap.
450 1851 478 1883 1.
489 1851 508 1883 2
523 1851 554 1882 in
571 1850 605 1882 B
621 1852 650 1891 1,
662 1858 684 1891 1,
696 1858 730 1883 55
748 1850 809 1891 (51;
829 1851 872 1893 cf
886 1850 1076 1883 Zachariae
1090 1849 1196 1883 Beitr.
1212 1863 1238 1882 z.
1254 1849 1342 1881 Krit.
1357 1849 1425 1881 und
1437 1848 1633 1880 Restitution
1647 1848 1705 1879 der
1719 1847 1905 1886 Basiliken,
1924 1846 1974 1879 St.
1986 1847 2127 1878 Peter-sb.
2151 1847 2244 1886 1877,
2258 1857 2293 1887 p.
2307 1852 2333 1877 4.
2349 1845 2404 1885 14).

162 1917 205 1920 -
223 1897 312 1940 Epic.
330 1897 542 1936 Theod.109‚
567 1896 687 1928 Achan.
703 1898 733 1934 3,
748 1903 761 1929 1
785 1896 874 1937 (inde
903 1896 983 1930 Coll.
1010 1902 1107 1928 const.
1130 1896 1204 1928 eccl.
1229 1895 1294 1927 III
1314 1894 1395 1935 3,1).
1445 1894 1566 1926 Iulian.
1593 1900 1691 1925 const.
1721 1892 1796 1925 CII.

275 1944 316 1976 25
330 1940 542 1986 Αἱρετικούς
557 1943 616 1973 καὶ
634 1941 761 1973 ἐκεῖνοι
775 1961 815 1964 -
831 1943 908 1982 518,
922 1950 937 1974 3
952 1939 1137 1983 ἐκκλησίας
1152 1938 1350 1982 καθολικῆς
1367 1941 1427 1971 καὶ
1445 1934 1685 1980 ἆποστολικῆς
1702 1949 1740 1970 ex
1754 1938 1790 1970 B
1806 1938 1901 1970 habet
1913 1935 2093 1970 Νοηιοεὲ17η
2103 1936 2257 1968 XIVtz't.
2270 1937 2322 1976 12,
2333 1943 2360 1968 2.

648 2130 750 2180 DE
782 2061 1447 2181 MULIERIBUSMJVYIDE
1478 2128 1928 2179 HAERETICJS.

256 2209 357 2245 Idem
381 2211 568 2256 Auqustus
594 2208 753 2244 Iohanni
784 2209 1050 2255 qloriosissimo
1076 2209 1272 2255 praefecto
1303 2219 1411 2260 sacro
1441 2208 1632 2254 praetorio
1656 2208 1806 2249 iterum,
1838 2218 1888 2243 ex
1912 2206 2059 2242 consule
2085 2207 2317 2253 (ordinario)

1173 2258 1208 2289 et
1228 2258 1400 2300 patrimo.

301 2323 566 2369 Praefatio.
621 2321 733 2357 Unum
757 2323 860 2357 nobis
884 2322 1065 2357 auxilium
1082 2333 1155 2368 per
1177 2332 1316 2356 omnem
1340 2326 1376 2356 et
1399 2320 1621 2367 reipublicae
1644 2324 1678 2354 et
1702 2321 1749 2354 im
1778 2320 1846 2355 erii
1870 2321 1988 2355 nostri
2012 2321 2121 2356 vitam
2146 2331 2223 2355 esse
2245 2331 2264 2355 s
2291 2331 2345 2355 em
2371 2321 2407 2354 in

167 2370 271 2406 (lcum
302 2369 528 2414 confidimus,
563 2367 671 2414 idque
702 2368 834 2403 scimus
866 2373 901 2403 et
925 2368 1067 2403 animae
1098 2372 1134 2402 et
1156 2366 1300 2413 imperii
1330 2366 1483 2401 salutem
1514 2366 1619 2400 nobis
1643 2377 1741 2412 prae
1765 2377 1843 2401 ere:
1882 2366 2005 2411 itaque
2029 2366 2137 2401 etiam
2163 2366 2252 2411 leqis
2267 2366 2407 2400 aciones

167 2420 314 2451 nostras
338 2414 422 2449 inde
438 2413 602 2460 pendere
632 2418 668 2449 et
691 2413 740 2448 ad
764 2424 843 2448 eam
875 2413 1055 2459 respicere
1085 2414 1274 2459 ipsamque
1298 2422 1422 2447 ear-um
1452 2415 1488 2446 et
1508 2411 1732 2457 principium
1763 2415 1799 2446 et
1821 2410 1976 2446 medium
2007 2415 2043 2446 et
2062 2411 2172 2456 finem
2196 2422 2273 2446 esse
2296 2410 2405 2445 decet.

167 2465 285 2507 Atque
310 2470 432 2495 omnes
457 2458 599 2505 quidem
622 2459 757 2500 sciunt,
791 2470 853 2494 eos
877 2461 942 2504 qui
964 2462 1048 2493 ante
1075 2469 1143 2493 nos
1166 2458 1393 2504 imperarunt
1417 2461 1451 2492 et
1474 2456 1633 2492 maxime
1656 2456 1812 2492 Leonem
1838 2457 1928 2503 piae
1950 2457 2144 2492 memoriae
2167 2461 2203 2492 et
2227 2455 2407 2491 Iustinum

168 2507 272 2542 divae
296 2506 488 2540 memoriae
509 2508 650 2550 patrem
674 2509 837 2539 nostrum
868 2505 907 2539 in
931 2503 1247 2539 constitutionibus
1277 2503 1354 2537 suis
1385 2501 1588 2538 haereticos
1614 2513 1736 2537 omnes
1766 2502 1920 2538 vetuisse
1952 2501 2001 2536 ad
2023 2501 2135 2537 ullam
2159 2502 2324 2536 militiam
2348 2512 2406 2536 ac-

168 2552 294 2587 cedere
317 2555 382 2586 aut
399 2550 437 2584 in
458 2550 568 2585 ullam
588 2549 818 2595 publicarum
837 2560 1007 2585 curarum
1024 2553 1168 2595 partem
1186 2549 1321 2590 vocari,
1347 2560 1392 2584 ne
1409 2553 1473 2583 aut
1488 2547 1699 2582 militiarum
1723 2551 1788 2582 aut
1800 2547 2029 2593 publicorum
2052 2558 2240 2582 munerum
2263 2547 2408 2582 nomine

168 2598 208 2632 id
230 2596 329 2643 quod
351 2600 500 2631 sanctae
530 2595 587 2630 dei
620 2594 822 2631 catholicae
851 2600 886 2630 et
916 2594 1142 2641 apostolicae
1173 2594 1344 2629 ecclesiae
1367 2593 1564 2640 proprium
1593 2598 1646 2628 est
1676 2592 1808 2628 damno
1834 2593 1988 2638 afficere
2012 2592 2241 2634 viderentur;
2276 2603 2320 2628 ac
2340 2603 2408 2627 nos

169 2653 312 2689 quoque
334 2643 402 2676 lzoc
418 2641 511 2676 idem
532 2641 670 2687 eqimus
693 2651 773 2675 cum
794 2639 1111 2676 constitutionibus
1134 2640 1269 2674 nostris
1293 2638 1357 2674 illa
1381 2639 1689 2683 confirmaremus.
1732 2638 1945 2674 Haereticos
1969 2642 2089 2674 autem
2113 2643 2148 2673 et
2164 2638 2220 2673 illi
2233 2638 2409 2674 dixerunt

169 2693 203 2724 et
226 2699 292 2723 nos
315 2687 467 2722 dicimus
490 2687 553 2733 qui
577 2686 800 2722 diversarum
824 2686 1026 2722 haeresium
1049 2689 1152 2726 sunt,
1184 2684 1314 2730 quibus
1339 2685 1591 2729 coniunqimus
1621 2689 1657 2720 et
1688 2695 1989 2719 connumeramus
2018 2685 2126 2719 etiam
2157 2695 2219 2719 eos
2249 2684 2312 2730 qui
2337 2683 2408 2719 Ne-

169 2733 274 2769 storii
298 2731 488 2767 Iudaicam
510 2736 713 2777 sequuntur
736 2732 917 2766 insaniam
942 2735 978 2767 et
1002 2729 1303 2776 Eutychianistas
1326 2733 1362 2765 et
1379 2728 1595 2775 Acephalos,
1619 2730 1685 2776 qui
1704 2729 1874 2765 Dioscori
1895 2734 1930 2765 et
1950 2728 2075 2765 Severi
2093 2740 2215 2776 prava
2239 2729 2409 2776 opinione

238 2826 361 2858 2rubr.
387 2825 478 2867 Περὶ
510 2821 701 2867 αἱρετικῶν
732 2825 792 2855 καὶ
822 2823 992 2867 γαμετῶν
1022 2817 1146 2854 αὐτῶν
1177 2822 1254 2854 ΑίΙι.

170 2872 259 2915 Περὶ
284 2867 476 2913 αἱρετικῶν
503 2869 622 2902 Theod.
637 2869 728 2909 (Iul.)
757 2869 769 2912 ΙΙ
799 2871 818 2902 5
839 2870 934 2901 inscr.
959 2865 997 2901 ‘0
1022 2863 1128 2899 αὐτὸς
1151 2869 1254 2910 βασι-

171 2915 249 2949 λεὺς
265 2913 402 2956 Βάσσῳ
426 2914 655 2960 τοποτηρητῇ
680 2914 758 2947 τῶν
783 2910 952 2957 ἐπάρχων
974 2914 1061 2953 ΑιΙι.,
1088 2914 1175 2955 quod
1199 2914 1254 2945 im-

171 2962 282 2994 merito
311 2962 460 3003 praefert
483 2960 689 2992 Zachariae:
723 2972 797 2992 nam
821 2960 965 2992 Iohanni
984 2972 1041 3002 pp.
1068 2959 1254 3001 inscriptam

173 3019 240 3039 esse
264 3006 421 3038 novellam
446 3007 670 3048 comprobatur
695 3006 821 3047 epiloqo
842 3006 898 3047 (cf.
916 3006 992 3045 519,
1008 3006 1071 3046 25);
1106 3003 1180 3036 Ath.
1206 3005 1254 3036 in-

172 3052 376 3094 scriptionem
401 3051 546 3083 novellae
566 3051 792 3092 praecedentis
813 3062 875 3092 per
896 3062 1033 3082 errorem
1058 3049 1185 3091 repetiit
1200 3049 1255 3092 (cf

174 3097 220 3129 ad
243 3098 339 3128 inser.
365 3107 436 3128 nov.
451 3095 540 3128 XII.
559 3095 687 3132 XLII)
706 3094 717 3138 ΙΙ
734 3093 788 3127 τεῦ
808 3091 1037 3134 ἐνδοξοτάτω
1055 3095 1096 3135 L,
1115 3106 1172 3126 om.
1189 3092 1257 3138 ΜΙΙ

175 3143 194 3174 6
221 3134 443 3186 ὅρδιναρίων
469 3141 586 3173 addidi
608 3135 818 3184 (ὄρδιναρίῳ
836 3141 1035 3181 Zachariae)
1054 3139 1066 3182 ss
1092 3141 1109 3171 7
1129 3150 1256 3183 πατρι-

174 3189 251 3219 κίου
276 3186 307 3218 L
337 3184 350 3229 ΙΙ
382 3187 400 3219 8
427 3187 469 3219 in.
490 3183 610 3228 Ἰσμεν
642 3186 680 3217 ἐκ
710 3185 897 3228 μηνύσεως
926 3187 977 3218 cit.
1006 3185 1038 3217 Τ
1037 3185 1128 3219 head.
1153 3186 1257 3217 verbis

175 3232 354 3264 initialibus
391 3231 537 3264 novellae
573 3233 767 3273 insequentis
800 3243 972 3273 perperam
1008 3231 1069 3262 huc
1104 3230 1216 3263 relatis
1247 3230 1257 3272 ΙΙ

175 3275 269 3309 εἶναι
294 3277 450 3317 ΕςΑιή.]
484 3276 585 3308 ἐστὶν
608 3274 700 3308 εἶναι
726 3276 769 3308 M
794 3276 806 3318 ΙΙ
836 3273 1018 3319 βοήθειαν
1042 3275 1127 3315 ML]
1161 3289 1217 3308 om.
1240 3287 1259 3311 ς

174 3323 251 3355 Ath.
270 3321 282 3358 ΙΙ
308 3323 327 3354 9
352 3322 418 3362 τῷ]
443 3319 486 3353 τὸ
513 3321 582 3364 Mn
608 3323 647 3355 10
672 3323 756 3364 βίῳ]
781 3320 886 3363 τόπῳ
911 3321 1018 3362 Allan
1043 3322 1082 3354 11
1108 3322 1168 3352 καὶ
1191 3318 1258 3362 τὴν

174 3367 237 3409 τῆς
260 3364 444 3410 βασιλείας
469 3379 526 3398 om.
541 3367 572 3399 L
591 3365 603 3410 ΙΙ
622 3368 662 3399 12
688 3363 841 3399 δίδωσιν
860 3364 1051 3409 βασιλείαν
1075 3368 1258 3407 σωτηρίαν

175 3413 225 3445 L⁰
243 3412 255 3456 ΙΙ
276 3414 316 3447 14
342 3408 464 3444 αὐτῶν
484 3407 599 3458 ἀρχήν
621 3423 662 3444 τε
685 3410 779 3444 εἶναι
796 3412 853 3452 Μ]
879 3407 993 3455 ἀρχὴν
1018 3406 1142 3444 αὐτῶν
1166 3410 1258 3444 εἶναι

176 3459 215 3490 τὲ
239 3458 291 3499 (τὲ
315 3471 371 3491 om.
388 3458 450 3499 La)
475 3459 505 3490 L
523 3458 534 3501 ΙΙ
552 3458 663 3500 μέσον
679 3457 887 3498 Ηαῖοαηάεν,
913 3457 1099 3490 Zachariae
1124 3458 1180 3499 (cf.
1195 3459 1226 3498 ς)
1249 3456 1260 3499 ΙΙ

180 3505 219 3536 15
245 3499 293 3535 οἷς
317 3516 375 3535 om.
392 3504 419 3535 L
437 3504 492 3547 (cf
513 3505 559 3535 ad
578 3504 632 3544 183
651 3501 664 3546 ss
682 3504 722 3536 16
740 3502 864 3544 Λέων]
890 3515 952 3535 non
973 3509 1120 3535 servatur
1143 3504 1258 3535 consti-

180 3549 273 3581 tutio:
292 3550 356 3582 nisi
357 3550 450 3592 forte
463 3550 509 3581 ad
517 3549 657 3581 Leonem
670 3549 790 3591 referri
801 3549 892 3581 dicas
906 3555 1002 3581 const.
1017 3547 1262 3589 (Valentiniani

180 3600 209 3625 et
233 3593 419 3636 Marciani)
449 3594 526 3628 Cod.
552 3596 580 3635 1,
598 3602 626 3635 5,
646 3601 661 3627 8
687 3595 743 3635 (cfi
769 3595 832 3634 §6)
859 3606 966 3626 errore
991 3606 1028 3626 ex
1053 3594 1260 3637 inscriptione

177 3640 344 3680 proximae
365 3640 600 3672 constitutionis
625 3647 641 3672 9
666 3646 734 3672 orto
751 3637 763 3683 ΙΙ
788 3637 939 3682 μνήμης]
972 3635 1105 3680 λήξεως
1122 3635 1261 3682 μνήμης

180 3683 231 3715 L“
256 3685 269 3726 11
303 3687 339 3717 17
359 3680 560 3725 Ἰουστῖνος]
597 3685 674 3717 Cod.
703 3686 738 3725 1,
761 3692 788 3725 5,
809 3692 841 3718 12
869 3690 969 3726 §osa
999 3684 1011 3727 u
1043 3685 1083 3718 18
1107 3684 1148 3717 ἐν
1171 3686 1260 3724 ταῖς]

180 3730 239 3760 καὶ
263 3724 322 3762 ὅτι
346 3730 386 3762 ἐν
408 3732 486 3763 ταῖς
507 3731 537 3763 L
556 3730 568 3773 ΙΙ
593 3731 633 3763 19
651 3726 830 3772 μηδεμίαν
852 3730 919 3762 LB
944 3732 1063 3771 (neque
1087 3729 1189 3762 ullam
1217 3732 1259 3770 ς)]

1287 2823 1290 2833 ¹
1323 2822 1413 2872 μίαν
1435 2832 1476 2853 τε
1500 2821 1568 2863 Mn
1586 2822 1628 2854 20
1654 2817 1781 2873 'JWJQJ
1805 2818 1895 2864 μήτε
1920 2817 1960 2853 δὲ
1976 2821 2048 2853 ML
2072 2818 2162 2863 μήτε
2179 2822 2215 2854 Β
2232 2820 2244 2864 ΙΙ
2262 2822 2302 2855 21
2322 2833 2408 2866 προ-

1324 2867 1441 2910 φασει]
1473 2864 1518 2907 τῆ
1543 2877 1723 2911 προφασει
1741 2867 1772 2899 L
1788 2867 1800 2909 ΙΙ
1825 2866 2064 2911 στρατιωτῶν
2089 2867 2120 2898 L
2137 2865 2148 2910 ΙΙ
2175 2867 2272 2910 22sq.
2298 2867 2351 2908 τῷ
2367 2887 2409 2890 -

1323 2912 1434 2955 με’ρει]
1458 2909 1505 2943 τὰ
1530 2930 1572 2935 ——
1596 2914 1685 2955 με’ρη
1702 2913 1896 2945 Haloander
1914 2925 1951 2944 ex
1968 2924 1987 2948 ς
2004 2911 2016 2955 ΙΙ
2035 2913 2079 2945 24
2101 2909 2318 2956 βαλλόμενοι
2330 2913 2381 2945 La
2398 2911 2411 2957 ΙΙ

1326 2951 1427 2997 αὐτὸ]
1452 2955 1520 2998 ipsi
1544 2959 1564 2989 i.
1579 2971 1603 2990 e.
1630 2955 1733 2990 αὐτοὶ
1758 2968 1777 2993 ς
1793 2956 1804 3001 ΙΙ
1825 2958 1867 2991 25
1892 2953 2075 3000 ἡμετέροις
2091 2958 2133 2998 L,
2158 2954 2341 3002 ἡμετέροις
2366 2977 2409 2981 -—

1325 3000 1550 3047 κυρώσαντες
1575 3005 1621 3035 bis
1641 3014 1703 3036 scr.
1718 3003 1766 3035 L¹
1781 3001 1794 3046 ΙΙ
1825 2998 2025 3043 ὃιατάξεσι]
2056 3003 2133 3036 Cod.
2152 3005 2179 3042 1,
2192 3011 2219 3043 5,
2236 3012 2280 3045 18,
2298 3008 2408 3045 §4sq.;

1325 3060 1395 3080 nov.
1410 3047 1622 3088 XXXVII,
1646 3050 1727 3091 fisq.
1755 3048 1767 3090 ΙΙ
1793 3045 1832 3080 δὲ
1855 3049 1926 3088 καὶ]
1951 3049 2011 3079 καὶ
2036 3061 2093 3080 om.
2108 3048 2140 3081 L
2158 3048 2170 3091 ΙΙ
2196 3050 2238 3082 28
2262 3048 2318 3094 τῇ]
2342 3048 2411 3090 τὴν

1327 3093 1373 3126 Μ
1392 3092 1405 3136 fl
1436 3094 1478 3125 29
1503 3091 1642 3133 οἵτινες]
1678 3096 1738 3125 καὶ
1762 3093 1890 3125 οἵτινες
1923 3106 1961 3125 ex
1987 3106 2098 3136 prava
2122 3093 2316 3127 Haloandri
2338 3106 2411 3126 con-

1325 3141 1448 3172 iectura
1468 3138 1554 3181 vuly.
1575 3137 1587 3181 ΙΙ
1604 3140 1646 3172 30
1671 3136 1818 3183 σευήρου
1842 3137 2037 3171 LNomoc.d

1376 3233 1396 3262 4
1412 3228 1619 3271 praestandis
1633 3228 1666 3260 R
1677 3228 1815 3270 Vvuly]
1836 3227 2070 3269 permittendis
2086 3229 2117 3260 T
2132 3228 2143 3270 Η
2160 3229 2179 3261 8
2189 3241 2236 3271 sq.
2251 3227 2411 3270 reipubli-

1327 3284 1383 3307 cae
1399 3276 1530 3306 nostrae
1546 3274 1580 3306 R
1595 3273 1608 3316 ΙΙ
1630 3275 1670 3307 10
1687 3274 1767 3304 haec
1791 3274 1914 3317 Tvulq.
1933 3273 1945 3316 ΙΙ
1966 3275 2002 3307 11
2021 3273 2099 3305 inde
2117 3273 2273 3315 pendere]
2294 3273 2412 3316 inpen-

1328 3321 1403 3352 dere
1424 3320 1458 3352 R
1474 3319 1487 3362 11
1508 3320 1548 3352 12
1569 3320 1652 3359 eam]
1678 3328 1715 3350 ea
1737 3318 1792 3361 Vn
1812 3319 1882 3351 eius
1904 3319 1936 3352 Τ
1950 3318 1962 3361 ΙΙ
1986 3320 2025 3353 13
2051 3318 2166 3351 Sciant
2187 3319 2221 3351 V
2234 3318 2330 3351 Sicut
2347 3319 2379 3352 R
2402 3318 2414 3364 ΙΙ

1330 3368 1372 3399 14
1395 3365 1486 3406 quia]
1511 3364 1570 3406 qui
1598 3362 1646 3397 Tb
1663 3363 1676 3407 ΙΙ
1705 3365 1744 3398 17
1767 3362 1830 3395 *in
1857 3365 1975 3397 addidi
1990 3364 2002 3407 ΙΙ
2022 3364 2091 3406 ipsi
2116 3377 2174 3397 om.
2197 3364 2231 3397 V
2246 3363 2259 3408 ΙΙ
2277 3364 2413 3406 partiei-

1327 3413 1446 3453 parent
1461 3411 1492 3443 T
1507 3409 1519 3454 ss
1535 3420 1595 3442 nec
1611 3409 1658 3450 T]
1684 3419 1725 3441 ne
1739 3409 1772 3441 R
1783 3410 1815 3442 V
1826 3409 1838 3451 ΙΙ
1859 3410 1899 3443 18
1913 3409 2064 3450 quolibet
2079 3410 2110 3442 T
2118 3409 2129 3428 ¹
2149 3410 2160 3451 ΙΙ
2177 3409 2280 3442 curiis
2295 3409 2343 3442 R2
2354 3410 2386 3442 V
2401 3409 2414 3454 ΙΙ

1328 3458 1381 3496 ne]
1399 3466 1506 3497 neque
1527 3454 1582 3497 Vll
1605 3456 1644 3489 19
1661 3453 1912 3495 ¹'collationum
1939 3454 2158 3496 collegiorum
2180 3455 2256 3488 libri
2273 3454 2284 3498 ΙΙ
2302 3456 2340 3489 21
2361 3455 2413 3487 ui-

1329 3502 1450 3534 dentur
1466 3500 1555 3534 RT¹
1573 3500 1585 3543 ΙΙ
1602 3502 1712 3532 autem
1729 3501 1773 3541 R]
1799 3513 1858 3532 om.
1882 3500 1944 3533 VT
1955 3500 1966 3544 ΙΙ
1986 3501 2114 3542 egimus
2133 3501 2197 3532 hoc
2217 3500 2273 3544 Vl}
2292 3502 2335 3534 22
2351 3501 2413 3534 hoe

1330 3548 1456 3590 Tvulq.
1475 3546 1487 3590 ΙΙ
1506 3548 1549 3580 24
1570 3547 1723 3578 heresum
1735 3545 1785 3578 R2
1796 3545 1876 3578 VT2
1894 3546 1907 3587 ΙΙ
1924 3546 1965 3579 25
1984 3546 2061 3578 illos
2085 3553 2157 3578 ante
2182 3545 2242 3587 qui
2264 3559 2290 3578 s.
2303 3559 2336 3581 υ.
2354 3548 2412 3579 ad-

1328 3605 1389 3626 scr.
1412 3591 1461 3625 V³
1487 3591 1500 3635 ΙΙ
1528 3592 1571 3625 26
1598 3590 1848 3623 eutichianistas
1870 3590 1946 3624 RV
1969 3591 2188 3623 euthianistas
2214 3591 2247 3624 Τ
2266 3591 2279 3635 ΙΙ
2308 3592 2413 3625 acefa-

1329 3638 1379 3670 los
1401 3638 1435 3671 V
1452 3636 1647 3679 accephalos
1660 3637 1694 3669 R
1710 3636 1722 3679 11
1741 3638 1781 3670 27
1797 3636 1922 3677 Severi]
1946 3642 2026 3670 seui-1
2046 3637 2078 3669 T
2092 3635 2104 3680 ΙΙ
2119 3636 2208 3669 mala
2223 3640 2311 3669 secta
2327 3640 2415 3670 secta

1330 3685 1504 3725 (sectantes
1517 3682 1579 3725 133³)
1595 3682 1628 3715 R
1652 3682 1827 3714 malefacta
1843 3681 1885 3714 Τ1
1898 3680 1910 3727 ΙΙ
1922 3682 2096 3715 manachai
2113 3681 2163 3727 ΤΗ
2174 3682 2356 3725 apolinaris
2369 3684 2414 3723 R]

1331 3728 1516 3771 apolenaris
1533 3730 1584 3762 Ta
1609 3727 1820 3770 apolenarius
1837 3725 1886 3760 Tb
1911 3727 2133 3770 appollenaris
2156 3728 2189 3761 V
