2618 4010
288 122 394 164 Nov.
426 122 521 164 VIII
551 124 659 163 2—-5
1365 116 1419 164 68
1899 135 1959 166 u'r
1988 133 2164 166 mmo-ss
2192 134 2290 165 snm
2318 132 2496 172 QUOQUO

287 229 496 279 διῃρημένης
519 231 625 273 αὐτῆς
646 229 841 272 παντελῶς,
864 229 951 265 ἀλλὰ
970 230 1058 265 κατὰ
1077 235 1165 274 μιάν
1185 228 1359 265 ἁπάντων
1426 234 1511 277 pote
1541 242 1612 267 uno
1641 230 1758 267 officio
1781 232 1994 274 constituto,
2025 243 2096 267 non
2128 230 2312 267 dividendo
2342 229 2496 276 penitus,

289 279 582 321 στρατευομένων
607 278 790 317 συνέχειαν
813 295 866 317 -,
892 278 1129 330 κομιζομένην
1153 279 1277 319 μέντοι
1301 277 1361 310 καὶ
1428 277 1491 312 sed
1523 286 1588 322 per
1622 285 1728 310 unam
1759 277 2057 313 continuationem
2092 277 2323 312 militantibus
2357 274 2496 311 nniver-

290 319 400 364 αὐτὴν
423 319 482 354 διὰ
512 319 554 353 τὸ
583 317 736 355 διπλοῦν
757 320 821 354 τοῦ
845 319 1010 355 κινδυνου
1034 320 1095 355 τὰς
1118 318 1270 354 ἀννόνας
1301 322 1360 355 καὶ
1429 321 1496 357 sis:
1540 319 1636 366 quod
1668 319 1822 364 accipiet
1855 323 1976 358 tamen
2013 326 2158 368 propter
2193 321 2324 366 duplex
2357 319 2497 365 pericu-

289 369 574 406 καπιτατίωνας,
602 361 693 410 ἅπερ
715 363 866 412 ἑκατέρα
895 364 1024 412 πρώην
1048 367 1228 410 ἐκομίζετο
1251 362 1360 406 τάξις.
1428 365 1500 401 lum
1529 374 1688 400 annonas
1711 365 1748 399 et
1771 374 1814 400 ca
1838 365 1907 409 ita,
1935 376 2027 411 quae
2050 371 2238 411 utrumque
2260 363 2395 411 pridem
2417 374 2497 409 per-

289 409 335 452 ιιὴ
357 409 429 454 μὴν
453 410 574 452 ἑτέρας
596 407 692 444 τινὸς
714 407 836 455 ἄρχειν
857 410 923 444 τὸν
946 408 1074 455 πρώην
1096 411 1164 454 μὲν
1186 406 1361 456 βικάριον,
1397 414 1416 446 5
1430 410 1584 463 cipiebat
1607 407 1776 445 officium.
1858 419 1904 445 on
1925 413 2044 447 tamen
2062 411 2099 446 in
2121 411 2233 447 altera
2256 409 2408 455 quadam
2435 408 2497 444 ad-

289 455 355 489 νῦν
380 453 419 488 δὲ
441 452 681 499 περίβλεπτον
703 452 842 499 κόμητα
864 456 925 498 τῆς
945 455 1173 498 Πακατιανῆς
1198 456 1362 502 Φρυγίας,
1430 454 1632 489 ministrare
1673 453 1810 499 pridem
1843 453 1983 499 quidem
2016 455 2204 498 vicuium,
2246 465 2343 490 nunc
2381 457 2499 490 autem

289 497 352 532 οὐκ
387 500 516 541 ἔχοντα
559 496 746 534 παντελῶς
778 496 947 544 οὐδεμίαν
979 503 1174 543 μετουσίαν
1209 501 1249 533 ἐν
1286 503 1364 533 ταῖς
1433 498 1663 544 spectabilem
1697 497 1862 534 comitem
1895 508 2001 543 quam
2033 500 2072 536 in
2105 498 2300 537 Pacatiana
2335 498 2499 545 Phrygia,

288 541 410 578 ἄλλαις
431 545 509 600 ταζς
538 544 600 598 τῆς
619 539 782 598 Ἀσιανῆς
813 541 1017 587 διοικήσεως
1045 545 1245 590 ἐπαρχίαις,
1279 540 1361 578 ἀλλ’
1432 554 1505 579 non
1539 543 1728 579 habentem
1762 542 1904 587 penitus
1939 543 2051 581 ullum
2092 545 2318 591 participium
2351 544 2390 580 in
2423 543 2501 579 aliis

290 589 418 630 ἔχοντα
539 601 606 632 την
636 601 700 623 του
725 588 964 635 περιβλέπτου
988 587 1138 633 κόμητος
1160 590 1221 632 τῆς
1244 591 1364 622 Πακα-
1432 588 1588 624 Asianae
1617 587 1800 624 dioceseos
1852 588 2034 634 rovinciis,
2064 589 2127 626 sed
2147 589 2337 627 habentem
2361 588 2501 635 quidem

289 634 412 676 τιανῆς
470 637 591 687 ρργίας
621 634 842 687 ἐπωνυμίαν,
878 630 1096 680 ἀρκούμενον
1126 629 1167 667 δὲ
1195 631 1289 681 μόνῃ
1319 633 1365 682 τῇ
1381 637 1420 669 10
1434 633 1638 687 spectabilis
1670 633 1809 669 comitis
1828 598 2047 670 incanam
2069 634 2164 682 Phry
2189 635 2198 644 ⁸
2274 634 2501 686 cognomina-

292 681 513 726 Πακατιανῃ,
537 677 706 726 καθαπερ
730 677 890 714 εἰπόντες
913 678 1091 724 ἔφθημεν,
1116 680 1265 726 Φρυγίᾳ.
1433 682 1582 721 tionem,
1625 681 1830 714 contentum
1865 687 1948 714 vero
1981 677 2020 714 in
2054 679 2131 715 8018.
2192 679 2376 723 acal-iana,
2410 680 2503 716 Sicut

1434 723 1689 769 praediximus,
1714 722 1878 769 Phrygia.

1272 811 1428 849 CAPUT
1458 813 1523 850 111.

334 873 370 917 f
407 879 510 916 Αὐτὸ
547 879 586 915 δὲ
618 881 725 915 τοῦτο
759 883 819 914 καὶ
854 882 914 915 ἐπὶ
949 881 1116 935 θατέρου,
1141 881 1205 934 τοῦ
1237 878 1366 927 πρώην
1476 881 1554 917 Hoc
1582 884 1701 917 autem
1731 881 1847 926 ipsum
1878 883 1914 916 et
1942 880 1981 916 in
2011 879 2185 916 alterutro
2216 880 2350 925 pridem
2371 882 2503 918 vicario

288 931 373 971 βικα
397 930 450 961 tan
474 925 685 977 διορίζομεν,
716 927 835 971 φαμὲν
866 923 912 968 δὴ
943 927 1007 960 τοῦ
1031 939 1123 960 κατα
1146 939 1212 968 την
1235 929 1365 960 Ποντι-
1433 926 1655 962 definivimus
1687 926 1849 968 (dicimus
1883 928 2002 962 autem
2022 935 2100 960 eum
2123 924 2185 970 qui
2213 927 2270 961 est
2297 926 2335 962 in
2356 926 2505 963 Pontica

290 971 328 1006 x*
404 975 570 1014 ιοίκησιν·
609 968 696 1004 ὡςτε
726 970 775 1013 μὴ
806 967 869 1004 δύο
898 968 1125 1005 καθεστάναι
1154 969 1197 1005 τὸ
1229 969 1366 1013 λοιπόν,
1381 975 1420 1008 15
1434 972 1591 1014 diocesi),
1615 973 1657 1006 ut
1679 981 1751 1007 non
1775 971 1845 1006 duo
1870 971 2068 1007 consistant
2091 970 2135 1005 de
2157 972 2291 1012 cetero.
2315 971 2379 1009 sed
2400 983 2504 1014 unus,

288 1015 312 1051 ἀ
335 1013 372 1051 λ’
405 1018 488 1057 ἕνα,
524 1013 661 1060 κόμητα
689 1017 758 1059 μὲν
782 1014 960 1050 Γαλατίας
983 1013 1127 1063 πρώτης
1149 1013 1365 1061 ὖνομαζόμε-
1435 1027 1552 1052 comes
1576 1015 1716 1060 quidem
1744 1016 1906 1052 Galatiae
1929 1015 2064 1061 primae
2087 1014 2322 1051 nominandus
2345 1020 2382 1052 et
2403 1016 2503 1053 habi-

290 1075 367 1103 νον,
391 1064 451 1095 καὶ
473 1062 602 1102 ἔχοντα
625 1063 685 1094 καὶ
707 1060 774 1103 τὴν
797 1059 888 1094 κατὰ
909 1062 988 1095 τῶν
1011 1063 1249 1107 στρατιωτῶν
1273 1061 1365 1102 ἐξου-
1435 1066 1537 1097 turus
1561 1061 1668 1096 etiam
1690 1071 1799 1106 super
1821 1061 1948 1096 milites
1971 1062 2197 1106 potestatem,
2221 1059 2318 1096 sicut
2339 1059 2450 1097 habet
2470 1065 2507 1097 et

290 1110 385 1148 σίαν,
418 1102 587 1151 καθάπερ
611 1107 682 1147 ἔχει
705 1108 764 1139 καὶ
787 1106 864 1146 νῦν,
896 1109 956 1140 καὶ
988 1105 1049 1140 τὰς
1072 1106 1239 1153 ἑκατέρας
1261 1103 1365 1153 ἀρχῆς
1436 1117 1541 1150 nunc,
1567 1110 1604 1141 et
1627 1106 1813 1150 utriusque
1836 1105 1968 1151 cinguli
1990 1109 2224 1151 percepturus
2245 1115 2417 1148 annonas,
2435 1115 2505 1142 non

289 1148 523 1195 κομιζόμενον
546 1147 714 1193 σιτήσεις,
745 1148 787 1184 οὖ
811 1149 883 1195 μὴν
905 1151 975 1191 ἐξω
998 1152 1060 1194 τῆς
1080 1149 1226 1197 πρώτης
1250 1150 1364 1185 Γαλα-
1433 1155 1553 1187 tamen
1572 1151 1659 1186 foris
1680 1151 1830 1196 primam
1850 1151 2039 1186 Galatiam.
2074 1150 2217 1186 Nullam
2235 1150 2328 1185 enim
2351 1151 2384 1186 ei
2403 1149 2506 1186 aliam

288 1201 377 1231 τίας.
423 1193 592 1239 οὐδεμίαν
621 1193 689 1242 γὰρ
721 1193 820 1238 αὐτῷ
845 1195 972 1243 ἑτέραν
1003 1195 1190 1231 παντελῶς
1220 1194 1366 1240 δίδομεν
1379 1200 1420 1232 20
1433 1197 1575 1242 penitus
1613 1196 1738 1232 damus
1775 1195 1907 1232 habere
1966 1199 2152 1231 otestatem
2186 1195 2223 1230 in
2256 1195 2331 1230 ulla
2359 1195 2508 1231 Pontica

289 1243 383 1283 ἔχειν
400 1240 566 1281 ἐξουσίαν
584 1238 668 1274 κατ’
689 1237 853 1284 οὐδεμιᾶς
874 1243 1050 1285 Ποντικῆς
1069 1243 1257 1289 ἐπαρχίας,
1277 1239 1366 1275 ἀλλὰ
1433 1242 1593 1286 regione,
1626 1241 1687 1276 sed
1717 1241 1755 1276 in
1785 1241 1862 1277 sola
1885 1207 2026 1277 Gsliitia
2055 1241 2188 1286 prima3
2220 1239 2338 1276 officio
2369 1240 2508 1285 quidem

289 1285 381 1320 κατὰ
410 1282 527 1330 μόνην
551 1283 735 1319 Γαλατίαν
766 1283 833 1328 τὴν
866 1284 1028 1332 πρώτην.
1074 1288 1135 1330 τῆς
1166 1283 1299 1327 τάξεώς
1326 1299 1366 1320 τε
1432 1286 1612 1322 miscendo
1643 1290 1680 1321 et
1702 1285 1898 1322 Secundum
1921 1295 2047 1328 unam,
2078 1285 2171 1321 sicut
2194 1285 2325 1322 dictum
2349 1289 2422 1329 est,
2453 1285 2507 1321 in-

289 1329 420 1375 ὁμοίως
452 1331 738 1377 ἀναμιγνυμένης
773 1333 834 1363 καὶ
874 1331 966 1365 κατὰ
999 1335 1098 1375 μίαν,
1134 1328 1182 1366 ὠς
1218 1331 1365 1376 εἴρηται,
1434 1331 1631 1376 tellegendo
1663 1334 1699 1366 et
1729 1330 1946 1366 numerando
1977 1330 2278 1374 coniunctionem,
2308 1330 2508 1369 ,comitiano

290 1378 482 1420 νοουμένης
504 1378 564 1410 καὶ
583 1372 849 1422 ἀριθμουμένης
865 1379 1058 1418 συνέχειαν,
1081 1379 1287 1420 κομιτιανῆς
1310 1374 1365 1410 οὗ·
1434 1376 1606 1419 existente
1630 1380 1666 1412 et
1688 1376 1919 1418 nominando,
1948 1376 2116 1420 nulloque
2144 1375 2286 1421 penitus
2317 1386 2440 1411 eorum
2463 1377 2508 1411 ad

290 1432 352 1477 σης
379 1433 420 1455 τε
450 1423 508 1454 καὶ
542 1417 820 1464 ὀνομαζομένης·
856 1423 915 1453 καὶ
946 1419 1087 1455 οὐδενὸς
1119 1419 1305 1455 παντελῶς
1328 1421 1367 1461 ἐξ
1379 1424 1420 1456 25
1435 1422 1523 1457 alios
1552 1421 1711 1456 habente
1739 1422 1893 1466 aliquam
1916 1420 2168 1464 differentiam,
2200 1420 2263 1456 sed
2292 1431 2403 1456 unum
2431 1431 2509 1456 esse

292 1467 414 1500 αυτῶν
437 1463 525 1511 πρὸς
548 1463 629 1499 τοὺς
651 1463 775 1499 ἄλλους
797 1464 939 1506 ἔχοντός
962 1479 1045 1499 τινα
1068 1463 1257 1512 διαφοράν,
1280 1463 1368 1500 ἀλλὰ
1436 1466 1594 1502 officium
1625 1467 1692 1502 sub
1722 1476 1795 1501 uno
1817 1466 1934 1502 iudice
1956 1465 2060 1501 unius
2091 1465 2293 1511 provinciae
2323 1466 2506 1511 praesule:

289 1515 377 1556 μίαν
408 1510 499 1544 εἶναι
528 1508 643 1551 τάξιν,
674 1506 737 1555 ὑφ’
765 1510 819 1543 ἑνὶ
852 1514 1072 1557 τεταγμένην
1095 1509 1257 1556 ἄρχοντι,
1287 1511 1368 1555 μιᾶς
1436 1511 1531 1547 omni
1562 1511 1722 1546 similiter
1753 1510 1873 1547 officio
1904 1521 1978 1546 una
2000 1521 2080 1546 cum
2103 1521 2167 1546 suo
2190 1510 2307 1547 iudice
2332 1513 2427 1547 circa
2448 1510 2507 1546 fis-

291 1558 462 1601 έπαρχίας
496 1551 693 1602 ἡγουμένῳ·
730 1552 844 1598 πάσης
878 1553 1008 1599 ὁμοίως
1037 1557 1098 1599 τῆς
1127 1554 1260 1596 τάξεως
1294 1553 1369 1599 ἅμα
1437 1556 1529 1592 calia
1551 1556 1750 1602 periculum
1774 1556 1983 1593 sustinente.

291 1602 344 1644 τῷ
369 1601 476 1646 σφῶν
499 1597 623 1634 αὐτῶν
647 1599 792 1647 ἄρχοντι
821 1603 903 1647 περὶ
934 1599 980 1635 τοὶ
1011 1598 1165 1646 δημόσια
1188 1598 1366 1635 κινδυνευ-

291 1647 404 1689 ούσης.
1382 1649 1424 1681 30

1281 1735 1436 1773 CAPUT
1463 1737 1526 1774 IV.

335 1796 399 1850 (Κ)
436 1801 563 1838 Οὗδενὶ
587 1800 626 1837 δὲ
647 1799 792 1849 ἄρχοντι
814 1802 1001 1837 παντελῶς
1025 1805 1168 1849 ἐφίεμεν
1197 1803 1281 1839 οὔτε
1304 1816 1366 1839 πο·
1480 1805 1579 1841 Nulli
1621 1815 1761 1850 quoque
1803 1805 1913 1840 iudici
1950 1804 2091 1850 penitus
2133 1804 2355 1840 concedimus
2397 1813 2511 1856 neque

293 1848 417 1892 λιτικῷ
441 1846 523 1883 οὔτε
545 1849 797 1893 στρατιωτικῷ
830 1850 1027 1892 ἐκπέμπειν
1051 1851 1090 1883 ἐν
1119 1851 1197 1884 ταῖς
1220 1848 1368 1884 πόλεσιν
1436 1850 1530 1886 civili
1558 1860 1674 1895 neque
1695 1850 1840 1885 militari
1871 1850 2009 1885 mittere
2031 1859 2096 1894 per
2126 1849 2285 1885 civitates
2309 1848 2512 1895 provinciae

291 1896 353 1937 τῆς
381 1896 570 1940 ἐπαρχίας,
608 1892 646 1936 ἧς
669 1890 782 1938 ἄρχει,
813 1892 895 1927 τοὺς
917 1892 1150 1938 καλουμένους
1171 1907 1368 1951 τοποτιζρη-
1437 1895 1565 1940 quibus
1596 1895 1775 1940 praesidet
1804 1906 1866 1931 eos
1905 1895 1966 1939 qui
1988 1896 2163 1930 vocantur
2192 1894 2263 1930 loci
2293 1896 2509 1931 servatores:

292 1938 374 1981 τάς,
403 1937 654 1986 γινώσκουσιν,
687 1938 735 1972 ιὸς
757 1938 789 1971 εἰ
819 1936 961 1972 τοιοῦτό
990 1952 1027 1973 τι
1050 1936 1236 1985 πράξαιεν,
1268 1943 1370 1973 αυτοὶ
1437 1940 1631 1976 scientibus
1654 1940 1748 1985 quia,
1773 1940 1803 1975 si
1826 1940 1911 1985 quid
1933 1940 2005 1975 tale
2023 1939 2183 1982 fecerint,
2206 1939 2276 1985 ipsi
2299 1939 2428 1978 cadent
2450 1938 2510 1975 ad-

292 1982 479 2019 παντελῶς
501 1984 739 2018 ἐκπεσοῦνται
756 1983 817 2025 τῆς
839 1980 945 2029 ἀρχῆς
968 1983 1005 2018 οἱ
1025 1981 1276 2030 θαρρήσαντες
1299 1985 1369 2019 ἑτέ-
1383 1988 1425 2020 35
1437 1985 1714 2030 ministratione,
1745 1989 2010 2030 praesumentes
2039 1985 2128 2021 alios
2157 1985 2194 2020 in
2225 1994 2329 2020 suum
2357 1983 2510 2021 officium

294 2041 373 2074 ρους
394 2030 442 2063 εἰς
464 2028 531 2072 τὴν
554 2028 695 2062 ἑαυτῶν
718 2026 822 2068 τάξιν
844 2026 1063 2072 ἐμβιβάζειν.
1439 2030 1587 2066 elevare.

1291 2119 1446 2155 CAPUT
1471 2119 1515 2155 V.

337 2178 370 2220 ’ἕ
409 2184 514 2220 Αὐτὸ
543 2184 584 2220 δὲ
612 2186 720 2239 τούτο
744 2186 862 2230 φαμὲν
893 2188 952 2218 καὶ
984 2187 1044 2219 ἐπὶ
1074 2186 1138 2219 τοῦ
1167 2183 1369 2231 λαμπροτά-
1483 2186 1562 2222 Hoc
1586 2190 1705 2222 autem
1727 2187 1844 2231 ipsum
1868 2187 2017 2222 dicimus
2042 2190 2080 2223 et
2103 2188 2140 2223 in
2165 2186 2361 2222 clarissimo
2385 2187 2513 2222 comite

293 2245 356 2286 του
378 2230 529 2283 κόμητος
547 2231 607 2274 τῆς
631 2231 722 2284 ε’ῳρις
741 2230 887 2285 questos)
913 2229 1164 2286 λαμπροτάτου
1188 2229 1366 2276 ἄρχοντος.
1436 2231 1591 2267 Orientis
1619 2234 1655 2267 et
1686 2231 1882 2267 clarissimo
1913 2232 2042 2268 iudice.
2090 2233 2140 2268 Et
2172 2232 2244 2268 illic
2280 2232 2371 2267 enim
2406 2242 2510 2266 unam

295 2280 433 2310 κακεῖσε
460 2289 530 2323 γαρ
559 2279 649 2320 μίαν
671 2288 781 2322 αρχην
805 2286 1006 2320 αμφοτερας
1029 2276 1254 2320 ποιουμεθα,
1280 2277 1376 2318 ἔχον-

339 2358 410 2388 eap.
447 2344 620 2378 V—VIII
639 2351 747 2377 extant
770 2343 805 2376 B
829 2345 861 2379 6,
885 2351 912 2384 3,
935 2351 1024 2376 4-7.

294 2411 477 2448 incumbat
498 2411 648 2458 (quippe
664 2421 744 2445 cum
760 2421 870 2446 unum
887 2411 936 2446 sit
958 2411 1135 2456 officium,
1159 2411 1260 2446 nulla
1281 2411 1394 2464 plane
1408 2412 1486 2447 eius
1508 2412 1682 2457 divisione
1703 2413 1827 2457 facta,
1850 2411 1915 2447 sed
1934 2411 2097 2447 omnibus
2120 2412 2337 2447 coniunctim
2359 2411 2513 2446 militau-

297 2458 401 2500 tibus)
408 2469 424 2499 ;
451 2460 493 2492 ut
516 2460 634 2492 tamen
657 2459 693 2492 et
714 2455 833 2508 ipsum
860 2466 931 2502 pro
962 2460 1015 2491 ter
1038 2455 1177 2503 duplex
1234 2456 1407 2492 eraculum
1430 2467 1596 2492 annonas
1619 2455 1704 2492 illas
1726 2460 1763 2492 et
1792 2457 2032 2509 capitationes
2051 2456 2227 2503 accipiat,
2256 2466 2349 2502 quas
2369 2455 2514 2503 sinqula

296 2502 424 2549 officia
459 2506 567 2537 antea
606 2500 841 2548 accipiebant.
933 2511 1022 2546 eque
1060 2511 1145 2536 vero
1176 2512 1199 2536 a
1214 2501 1242 2536 ii
1272 2501 1340 2536 ulli
1376 2501 1591 2548 provinciae
1624 2501 1771 2548 praesit
1805 2502 1964 2538 marius
2000 2501 2065 2548 qui
2093 2500 2277 2548 quondam
2309 2500 2515 2544 erat,‚ia'm

295 2552 414 2583 autem
436 2545 644 2594 spectabilis
667 2557 784 2581 comes
807 2544 1030 2581 Pacatianae
1052 2544 1258 2592 Parmae,
1289 2557 1405 2593 neque
1437 2547 1582 2582 omnino
1614 2546 1726 2581 ullam
1757 2557 1836 2582 cum
1865 2546 1994 2582 ceteris
2014 2546 2173 2582 Asianae
2195 2545 2400 2582 dioeceseos
2426 2555 2514 2592 pro-

297 2593 421 2628 vinciis
452 2591 733 2627 communionem
757 2590 907 2634 babeat,
938 2590 1003 2626 sed
1033 2595 1068 2626 et
1088 2591 1296 2638 spectabilis
1319 2591 1460 2627 comitis
1482 2590 1708 2627 Pacatianae
1730 2590 1917 2638 Pliryyiae
1940 2590 2187 2638 appellatione
2217 2595 2342 2627 utatur
2371 2595 2407 2627 et
2434 2590 2514 2626 sola

298 2637 501 2673 Pacatiana
524 2635 701 2683 Phryqia,
725 2636 820 2671 sicut
841 2639 925 2671 ante
948 2635 1120 2678 diximus,
1145 2640 1334 2673 contentus
1355 2637 1412 2672 sit.

430 2681 493 2717 ΠΙ.
532 2681 614 2717 Hoc
635 2682 753 2728 ipsum
777 2691 861 2716 vero
884 2680 924 2715 in
947 2680 1062 2716 altero
1086 2691 1231 2733 quoque
1254 2682 1320 2728 qui
1337 2684 1417 2718 erat
1433 2680 1581 2723 vicario,
1606 2691 1685 2716 eum
1701 2679 1852 2716 dicimus
1868 2681 1932 2727 qui
1954 2681 1992 2715 in
2018 2680 2171 2716 Pontica
2194 2679 2349 2717 dioecesi
2367 2684 2431 2724 est,
2455 2680 2513 2717 de-

299 2727 494 2764 cernimus:
524 2730 567 2762 ut
593 2726 631 2761 in
655 2730 846 2773 posterum
869 2737 944 2761 non
967 2725 1039 2761 duo
1061 2730 1341 2770 constituantur,
1372 2726 1437 2763 sed
1458 2735 1569 2768 unm,
1600 2725 1665 2772 qui
1686 2735 1802 2761 comes
1828 2724 1994 2761 Galatiae
2014 2726 2156 2772 primae
2186 2725 2390 2761 nominetur
2418 2726 2514 2762 etin

299 2772 427 2808 milites
474 2782 594 2818 uoque
609 2774 828 2817 potestatem
855 2770 1006 2813 babeat,
1036 2771 1144 2807 sicuti
1166 2771 1274 2807 etiam
1297 2781 1393 2807 nunc
1416 2770 1540 2813 habet,
1564 2774 1602 2806 et
1621 2770 1811 2817 utriusque
1832 2781 1891 2806 ma
1918 2771 2069 2806 istratus
2091 2781 2276 2813 annonas,
2300 2781 2374 2806 non
2398 2774 2513 2807 tamen

298 2822 408 2854 extra
431 2783 613 2851 galatiam
630 2815 801 2863 primam,
831 2816 997 2867 accipiat.
1045 2816 1193 2851 Nullam
1225 2816 1319 2852 enim
1347 2817 1381 2853 ei
1410 2815 1520 2852 aliam
1548 2818 1768 2867 potestatem
1797 2815 1836 2850 in
1867 2781 1944 2851 ulta
1973 2815 2118 2851 omnino
2143 2815 2298 2851 Pontica
2318 2816 2515 2867 provincia

298 2861 444 2904 damus,
475 2861 539 2897 sed
565 2861 603 2895 in
626 2860 707 2896 sola
731 2859 877 2896 Galatia
904 2871 1035 2908 prima.
1085 2860 1116 2897 0
1133 2861 1256 2907 ficium
1279 2872 1424 2909 quoque
1447 2860 1612 2897 similiter
1633 2863 1827 2896 nascautur
1848 2871 1893 2896 ac
1915 2871 1991 2908 pro
2014 2870 2087 2896 uno
2112 2864 2221 2907 atque
2243 2866 2446 2904 coniuncto,
2476 2867 2516 2896 ut

299 2906 476 2949 diximus,
510 2905 685 2942 habeatur
709 2909 744 2941 et
766 2909 984 2948 numeretur,
1017 2916 1089 2952 quo
1145 2906 1375 2942 comitianum
1398 2909 1436 2943 et
1455 2906 1504 2942 sit
1526 2909 1561 2941 et
1583 2906 1806 2942 nominetur:
1838 2916 1925 2942 neve
1955 2906 2145 2958 quisquam
2176 2917 2226 2942 ea:
2255 2906 2329 2942 illis
2358 2905 2469 2941 ullam
2491 2917 2516 2941 a

298 2952 449 2998 reliquis
471 2950 749 2998 discrepantiam
774 2950 914 2993 habeat,
937 2950 1003 2987 sed
1024 2962 1134 2986 unum
1148 2951 1198 2987 sit
1216 2952 1392 2998 officium,
1415 2951 1481 2987 uni
1494 2950 1735 3003 maqistratui,
1759 2950 1867 2987 unius
1886 2951 2097 2998 provinciae
2112 2951 2281 2998 praesidi
2301 2950 2494 2988 subiectum
2504 2964 2516 2986 .-

300 2998 351 3033 ita
374 3002 416 3032 ut
440 2999 551 3032 totum
574 2996 739 3031 similiter
763 2996 927 3042 officium
950 3007 1024 3032 una
1047 3007 1127 3031 cum
1148 3007 1215 3032 suo
1239 2998 1455 3044 maqistratu
1474 2995 1675 3043 periculum
1699 2996 1796 3032 circa
1818 2996 1961 3042 fiscalia
1984 2996 2118 3032 subeat.

433 3041 495 3076 IV.
544 3040 645 3076 Nulli
667 3051 751 3077 vero
768 3051 926 3087 prorsus
945 3042 1186 3087 maqistratui,
1209 3053 1324 3088 neque
1347 3042 1444 3078 civili
1465 3052 1579 3087 neque
1601 3041 1761 3084 militari,
1783 3041 2045 3094 permittimus,
2069 3046 2110 3076 ut
2131 3041 2171 3077 in
2193 3041 2354 3077 civitates
2364 3041 2515 3089 provin—

301 3087 389 3130 ciae,
413 3086 472 3122 cui
489 3089 655 3134 praeest,
679 3096 740 3122 eos
762 3086 826 3132 qui
849 3086 965 3122 locum
990 3090 1148 3123 tenentes
1170 3091 1346 3123 vocantur
1369 3087 1507 3123 mittat:
1529 3089 1570 3122 ut
1591 3086 1624 3121 si
1647 3086 1719 3122 tale
1741 3085 1831 3134 quid
1849 3086 2022 3134 fecerint,
2045 3086 2164 3122 sciant
2184 3097 2224 3122 se
2245 3086 2348 3133 ipsos
2370 3086 2515 3122 omnino

298 3135 478 3179 potestate
494 3131 681 3178 privatum
702 3131 749 3166 iri
772 3130 866 3166 alios
888 3131 927 3166 in
950 3131 1066 3167 locum
1088 3143 1193 3168 suum
1214 3131 1429 3168 substituere
1450 3142 1570 3167 ausos.

435 3176 480 3212 V.
529 3175 611 3211 Hoc
629 3176 746 3222 ipsum
771 3187 853 3211 vero
875 3176 1024 3212 dicimus
1046 3177 1154 3212 etiam
1174 3177 1219 3213 de
1241 3177 1441 3212 clarissimo
1460 3177 1587 3212 comite
1607 3175 1764 3212 Orientis
1782 3180 1819 3212 et
1836 3175 1880 3212 de
1903 3176 2103 3211 clarissimo
2126 3175 2303 3222 praeside.
2352 3176 2445 3212 Nam
2466 3176 2516 3212 ibi

346 3248 367 3280 2
390 3247 450 3278 καὶ
473 3242 585 3286 αὐτὴν
609 3256 668 3278 om.
693 3256 712 3280 ς
736 3245 748 3287 11
772 3247 791 3278 3
813 3241 944 3278 ἀνόνας
967 3245 1015 3278 L¹
1037 3245 1048 3288 11
1073 3248 1094 3279 4
1118 3248 1375 3280 καπιτατίονας
1445 3246 1481 3279 V
1500 3246 1517 3322 11
1540 3246 1835 3279 §ministrationem
1859 3246 1912 3280 R·
1934 3247 1946 3288 11
1965 3247 1983 3277 7
2010 3246 2120 3286 quam]
2145 3255 2241 3286 quem
2266 3245 2302 3279 V
2306 3246 2322 3265 ²
2342 3244 2357 3289 Ι
2377 3244 2516 3288 phrygie

305 3291 350 3324 M
373 3287 508 3325 κάπιτα
535 3290 587 3326 Le
609 3286 878 3333 κεφαλητίωνας
901 3290 937 3322 Β
955 3290 1003 3333 119
1029 3290 1205 3331 ἐπέχοντα
1229 3290 1292 3335 Β11
1309 3288 1376 3332 τὴν
1446 3290 1478 3324 V
1514 3291 1599 3332 rigie
1617 3290 1652 3323 R
1669 3289 1717 3334 118
1742 3291 1883 3324 habente
1901 3289 1936 3324 R
1950 3288 1962 3334 11
1981 3291 2002 3323 9
2027 3290 2207 3323 dioeceseos
2229 3289 2408 3332 provincii·
2435 3289 2514 3322 Οοη-

305 3336 384 3376 LB]
409 3349 467 3369 om.
491 3335 532 3368 M
549 3333 562 3379 11
581 3336 620 3369 13
651 3334 705 3368 τῶ
730 3331 858 3379 πρώην
881 3337 1005 3379 βικαρί
1027 3331 1066 3367 δὲ
1089 3336 1277 3382 ωρίζωμεν
1298 3333 1377 3380 1,*11
1447 3337 1521 3376 tius]
1544 3335 1712 3378 prouintie
1736 3335 1919 3369 diocesibus
1942 3335 2019 3368 libri
2041 3335 2053 3377 11
2075 3334 2215 3368 habente
2237 3334 2288 3367 R¹
2317 3334 2331 3375 fl
2360 3335 2399 3367 10
2418 3343 2513 3375 paca-

310 3381 350 3412 16
383 3376 540 3424 πρώτης]
598 3390 613 3413 ς
641 3380 858 3423 compendium
885 3381 917 3412 in
941 3392 1006 3413 ras.
1032 3380 1082 3413 L²
1109 3379 1123 3423 11
1154 3383 1191 3414 17
1222 3378 1290 3422 τὴν
1318 3393 1377 3415 om.
1447 3380 1537 3413 tione
1556 3379 1646 3413 R¹V
1652 3380 1662 3400 ¹
1678 3379 1691 3423 11
1715 3382 1751 3414 14
1777 3380 1997 3420 defininimus]
2024 3380 2084 3423 leq.
2108 3378 2305 3411 definimus?
2327 3377 2432 3421 sseum
2456 3391 2513 3411 om.

307 3422 375 3466 ΜΙ
408 3426 446 3457 18
471 3425 550 3465 νῦν]
574 3392 652 3458 Ζαῶ
677 3423 708 3457 L
731 3421 744 3468 11
768 3425 810 3458 23
830 3419 960 3467 ὁμοίως
984 3437 1042 3458 om.
1067 3436 1086 3461 ς
1109 3426 1122 3467 11
1150 3426 1193 3459 28
1218 3421 1380 3468 ἐχόμενος
1448 3425 1484 3459 V
1489 3425 1536 3458 ¹T
1612 3426 1652 3458 16
1685 3425 1819 3466 quidam
1842 3425 1881 3460 V
1899 3422 1912 3502 fl
1941 3426 1978 3457 17
2014 3423 2125 3464 habet]
2161 3423 2259 3455 habes
2278 3422 2331 3455 13⁶
2355 3422 2369 3465 11
2400 3423 2440 3457 19
2473 3423 2516 3455 ιιῖι

309 3468 353 3501 Μ
419 3470 550 3503 31-36
575 3481 648 3512 cap.
671 3469 731 3503 IV
751 3481 809 3502 om.
835 3469 903 3502 LB
932 3467 946 3513 11
969 3470 1011 3502 35
1036 3467 1221 3503 παντελῶς
1242 3483 1300 3503 om.
1327 3482 1346 3507 ς
1369 3469 1381 3515 11
1449 3469 1482 3503 V
1525 3478 1572 3502 nu
1586 3468 1652 3501 lam
1677 3471 1776 3511 enim]
1801 3473 1835 3503 et
1856 3481 1879 3503 n
2007 3468 2074 3513 V}
2094 3467 2193 3501 aliam
2216 3467 2247 3499 ei
2266 3466 2301 3499 R
2322 3466 2336 3510 11
2358 3468 2401 3501 20
2421 3467 2514 3500 nulla

308 3514 347 3544 37
374 3508 474 3551 αὐτὸ]
499 3510 586 3546 αὐτ·
612 3514 749 3557 L¹u39
772 3511 841 3559 γὰρ
864 3526 924 3547 om.
950 3514 1000 3547 12⁰
1449 3514 1486 3548 V
1515 3512 1587 3590 1121
1626 3514 1733 3556 primo
1758 3515 1825 3549 VT
1847 3515 1861 3558 11
1890 3516 1933 3549 24
1969 3510 2180 3552 nominando]
2215 3511 2417 3544 numerando
2439 3511 2475 3545 R
2502 3511 2514 3554 11

309 3574 1374 3584 *m*
1449 3560 1490 3592 25
1539 3558 1666 3599 abente]
1691 3570 1803 3593 eorum
1824 3559 1863 3593 V
1909 3560 1952 3594 26
1974 3556 2155 3602 praesulem
2178 3555 2316 3598 311133
2338 3556 2407 3589 sooi
2429 3555 2478 3589 R¹
2503 3555 2514 3600 11

358 3602 372 3634 1
402 3602 480 3640 uno]
509 3601 542 3632 in
569 3603 614 3634 12¹
641 3602 654 3645 11
683 3603 828 3636 uidendo
847 3602 895 3636 R¹
925 3601 938 3647 11
965 3604 985 3636 2
1009 3604 1294 3637 continutiaonem
1315 3601 1383 3646 Ru
1450 3604 1492 3637 34
1517 3603 1607 3644 quia]
1632 3614 1651 3636 a
1675 3606 1707 3638 in
1731 3616 1797 3639 rae.
1822 3603 1861 3638 V
1922 3601 2118 3646 perfecerint
2140 3599 2175 3634 R
2204 3599 2217 3642 11
2244 3601 2285 3634 35
2309 3601 2417 3642 suum]
2440 3611 2514 3643 suos

309 3647 329 3677 3
363 3647 471 3677 tamen
492 3645 538 3685 R]
570 3647 613 3679 tm
639 3647 706 3680 VT
728 3647 740 3690 11
769 3650 790 3681 4
827 3647 968 3680 annonis
990 3648 1040 3680 R¹
1071 3646 1083 3692 11
1109 3652 1287 3691 utrumque
1336 3648 1381 3681 ri-
1449 3647 1501 3681 1³⁶
1537 3658 1656 3681 usuum
1681 3649 1719 3683 V
1721 3653 1739 3671 ⁰
1766 3647 1781 3693 Ι
1807 3650 1848 3683 37
1869 3662 1917 3692 sq.
1947 3649 2064 3682 comite
2100 3644 2237 3679 orientis
2269 3647 2301 3678 et
2335 3645 2513 3680 clarissimo

310 3690 393 3730 dem]
433 3691 529 3721 utro·
570 3690 650 3730 quid
686 3691 739 3723 V¹
784 3694 923 3733 utraque
961 3692 1041 3734 quid
1076 3692 1123 3726 V³
1163 3693 1176 3737 11
1211 3695 1231 3727 5
1277 3704 1297 3726 o
1334 3692 1382 3725 tio
1449 3703 1509 3726 om.
1533 3692 1581 3725 R·
