2580 3984
1294 120 1377 171 (390

211 128 317 172 Nov.
343 126 539 171 CXXXV
573 129 606 169 1.
1933 134 1992 166 NE
2021 133 2098 172 Qm
2128 133 2337 166 oEssmNE
2365 135 2443 167 UTI

1272 247 1362 292 '13ss

352 335 531 389 ΠΕΡΙ
579 335 723 390 ΤΟΥ
771 337 892 389 ΜΗ
940 334 1547 455 ΑΝΑΞΙὲἓξΞΣΣὲἓῙΙ
1598 334 1832 388 ΤΙΝΑΣ
1882 333 2302 388 ΕΚΣΤΑΣΙῼΙ

341 491 653 538 (Προοίμιον.)
702 489 792 526 Ὅσα
830 491 873 526 τὸ
913 492 1018 526 θεῖον
1057 492 1351 537 ἐξευμενίζεσθαι
1387 488 1444 538 ὑφ’
1486 490 1592 536 ἡμῶν
1627 494 1888 537 προτρέπεται,
1923 492 2041 527 ταῦτα
2075 493 2136 528 ἐπὶ
2170 495 2243 527 τοῖς
2273 489 2443 535 ὑπηκόοις

207 535 437 578 αὗξάνεσθαί
466 550 506 572 τε
531 540 591 570 καὶ
624 535 845 581 διαλάμπειν
878 533 1151 584 ἀγωνιζόμεθα.
1199 536 1389 583 Ζωσάριός
1408 548 1462 571 τις
1482 538 1520 570 ἐκ
1540 538 1602 580 τῆς
1626 539 1767 572 Μυσῶν
1791 538 1962 582 ἐπαρχίας
1985 538 2174 572 καθεστώς
2198 538 2265 572 σὺν
2289 536 2438 583 δάκρυσι

207 580 351 625 δεηθεὶς
374 579 478 627 ἡμῶν
503 579 678 625 ἐδίδαξεν,
703 581 752 616 ὠς
775 584 836 616 ἐπὶ
858 582 1014 627 χρήμασι
1038 580 1221 627 δημοσίοις
1243 595 1283 616 τε
1306 586 1365 616 καὶ
1390 580 1583 616 ἰδιωτικοῖς
1605 580 1804 626 μεθοδείαν
1835 578 2030 626 ὑπομένων
2053 579 2125 617 ὑπὸ
2149 583 2214 617 τοῦ
2239 584 2301 626 τῆς
2323 584 2441 627 χώρας

206 626 463 670 λαμποοτάτου
494 626 665 673 ἄρχοντος
695 628 755 661 ἐπὶ
787 623 889 672 ἱῖβρει
922 630 982 660 καὶ
1009 626 1102 675 μόνῃ
1123 627 1177 669 (οὗ
1202 628 1272 675 γὰρ
1297 630 1356 662 ἐπὶ
1381 628 1458 662 τῶν
1481 625 1677 672 χρημάτων
1701 627 1869 662 πέπονθε
1893 631 2181 672 περσεκουτίονος
2204 626 2440 663 ἐπιδίδοσθ.ιι

205 659 386 716 λιβέλλους
416 673 494 707 τῶν
523 674 667 707 οἰκείων
697 685 771 717 πρα
794 671 924 716 μάτων
955 669 1098 716 aiecio·
1138 669 1229 718 ὅπερ
1261 669 1490 707 ἀδικώτατον
1521 675 1580 706 καὶ
1610 674 1687 706 τῶν
1721 674 1760 705 ἐν
1789 671 1994 717 κεφαλαίοις
2025 671 2197 719 λυπηρῶν
2225 673 2438 716 καθέστηκε.

206 718 278 752 ποῦ
299 717 371 764 γὰρ
394 715 553 760 δίκαιον,
586 717 654 751 τὸν
678 713 756 752 ὅπα
802 719 841 751 ἐκ
864 718 928 752 τοῦ
954 717 1221 762 συμβεβηκότος
1244 721 1304 752 καὶ
1327 716 1370 752 οὐ
1396 718 1563 765 ῥαθυμίᾳ
1586 715 1883 763 παραδεδομένον
1907 716 2008 751 ἐκτὸς
2027 718 2106 752 τῶν
2129 714 2240 753 αὑτοῦ
2264 719 2440 765 γεγονότα

206 756 317 796 αὖθις
340 761 526 807 ἀσχήμονα
546 762 615 797 τὸν
638 766 721 806 βίον
741 763 859 806 ἑαυτῷ
882 763 1132 810 περιτιθέναι,
1164 766 1223 797 καὶ
1253 763 1316 807 τῆς
1339 764 1516 809 ἐφημέρου
1540 766 1674 808 τροφῆς
1697 760 1746 796 ὠς
1769 762 1862 796 εἰκὸς
1884 763 1948 805 τῆς
1970 775 2010 796 τε
2033 763 2097 796 τοῦ
2122 762 2288 807 σώματος
2311 766 2440 806 σκέπης

205 807 277 848 ἔξω
300 810 430 852 βιαίως
452 809 696 851 καταστῆναι;

1228 886 1384 923 CAPUT
1404 886 1433 922 Ι.

347 954 467 988 Ταῦτα
504 953 690 996 μαθόντες
724 957 785 987 καὶ
819 954 872 996 τῷ
909 957 1086 999 κρείττονι
1111 952 1154 988 τὸ
1191 956 1308 999 χεῖρον
1345 952 1633 1000 διορθώσασθαι
1669 954 1759 1000 πρὸς
1787 955 1994 998 θεραπείαν
2023 957 2088 990 τοῦ
2119 968 2160 990 τε
2191 953 2213 989 ἆ
2240 955 2338 990 αθοῖν
2364 956 2441 989 τῶν

205 993 385 1033 ἇπάντων
417 998 507 1032 θεοῦ
539 1001 598 1031 καὶ
628 999 692 1032 τοῦ
724 997 774 1042 μή
806 1011 842 1032 τι
872 998 1051 1043 θλιβερὸν
1073 1000 1133 1033 ἐπὶ
1157 997 1262 1043 ἡμῶν
1286 998 1547 1034 πολιτεύεσθαι
1571 999 1875 1044 προθυμηθέντες
1895 1000 2131 1045 θεσπίζομεν,
2156 1015 2206 1045 μη
2231 1004 2285 1035 ενὶ
2309 1001 2440 1041 ἐξεῖναι

204 1045 284 1078 τῶν
307 1041 559 1084 ἐνδοξοτάτων
591 1040 614 1086 ἢ
641 1042 1043 1090 μεγαλοπρεπεστάτων
1075 1041 1264 1089 ἀρχόντων
1295 1046 1485 1078 ἐκστασίου
1518 1041 1729 1090 πράγματος
1754 1042 1861 1090 χάριν
1893 1042 2054 1091 ἀνάγκην
2086 1045 2236 1092 ἐπάγειν
2265 1048 2338 1080 τινὶ
2362 1046 2440 1079 τῶν

205 1089 270 1122 τὰς
294 1085 453 1122 εὐθύνας
477 1089 537 1122 ἐπὶ
560 1091 637 1122 ταῖς
661 1091 860 1134 εἰρημέναις
882 1093 1014 1133 χρείαις
1037 1090 1109 1133 (ἐπὶ
1134 1089 1290 1134 χρήμασι
1314 1089 1424 1132 τυχὸν
1449 1088 1629 1134 δημοσίοις
1652 1087 1675 1132 ἢ
1698 1087 1902 1133 ἰδιωτικοῖς)
1932 1087 2207 1136 ὑπομενόντων,
2237 1089 2261 1134 ἢ
2283 1102 2440 1125 τοιουτο-

205 1133 354 1178 τρόποις
379 1133 559 1177 αἰκισμῶν
590 1134 790 1180 κεχρῆσθαι
822 1146 892 1179 προ
923 1135 1068 1176 άσεσιν,
1102 1132 1150 1168 οὖς
1182 1134 1230 1168 ἄν
1262 1132 1391 1169 αὐτοὺς
1419 1136 1482 1178 τῆς
1514 1135 1579 1168 τοῦ
1613 1135 1778 1179 σώματος
1810 1133 2036 1181 φειδομένους
2058 1140 2233 1181 τιμωρίας
2256 1135 2442 1180 αἱρεῖσθαι

203 1177 342 1223 μᾶλλον
365 1178 434 1222 τὴν
457 1179 535 1213 τῶν
558 1176 664 1212 ἰδίων
687 1181 856 1224 στέρησιν
881 1147 1064 1222 δᾳέχεσθαι,
1090 1183 1149 1213 καὶ
1173 1179 1223 1224 μὴ
1243 1179 1311 1214 σὺν
1327 1180 1380 1223 τῷ
1404 1181 1466 1223 τῆς
1481 1176 1631 1225 ἇπορίας
1647 1180 1740 1226 ζυγῷ
1758 1181 1888 1223 καὶτῷ
1904 1182 1966 1223 τῆς
1986 1178 2232 1225 ἀσχημοσύνης
2248 1180 2441 1223 πιέζεσθαι

203 1226 306 1268 μέχρι
342 1223 508 1258 θανάτου
545 1220 750 1267 ὀνειδισμῷ.
799 1220 909 1269 ὅρκον
941 1223 981 1259 δὲ
1008 1224 1096 1270 πρὸς
1125 1225 1203 1259 τῶν
1233 1226 1489 1270 προςκυνητῶν
1520 1227 1689 1271 παρέχειν
1719 1223 1864 1271 λογίων,
1896 1221 1944 1260 αἶς
1974 1225 2018 1260 οὔ
2046 1237 2100 1261 τις
2127 1223 2228 1269 αὖτῷ
2260 1226 2441 1272 πρόφασις

205 1267 433 1314 πραγμάτων
463 1268 569 1313 χάριν
600 1266 856 1304 ὑπολέλειπται
887 1267 910 1313 ἢ
940 1274 1104 1315 χρυσίου,
1137 1266 1232 1304 ὅθεν
1262 1271 1331 1313 τὴν
1361 1271 1425 1304 τοῦ
1455 1272 1574 1316 χρέους
1604 1268 1796 1313 ποιήσεται
1826 1267 2022 1315 πλήρωσιν.
2071 1272 2102 1305 εἰ
2126 1269 2166 1305 δὲ
2189 1269 2311 1305 δίκαια
2337 1266 2437 1314 αὐτῷ

204 1327 289 1348 τινα
321 1310 340 1347 ὁ
373 1312 482 1358 νόμος
512 1312 536 1357 ἢ
567 1310 640 1347 άπὸ
672 1313 906 1360 κληρονομίας
929 1312 952 1358 ἢ
977 1312 1111 1360 δωρεᾶς
1133 1316 1318 1362 συγγενῶν
1343 1313 1472 1349 δίδωσι
1496 1315 1655 1358 κινητῶν
1679 1311 1701 1358 ἢ
1726 1312 1912 1358 ἀκινήτων
1935 1316 2180 1363 πραγμάτων,
2214 1319 2274 1350 καὶ
2297 1314 2440 1350 τούτων

205 1362 260 1392 ἔτι
293 1358 394 1393 ἐντὸς
423 1358 473 1403 μὴ
497 1361 661 1403 κατέστη.
689 1357 864 1404 ἁρμόζειν
888 1358 928 1394 δὲ
952 1356 1052 1402 αὐτῷ
1078 1363 1257 1406 φαίνεται,
1290 1363 1349 1394 καὶ
1379 1358 1539 1394 δυνατὸν
1561 1362 1664 1405 μέρος
1688 1360 1726 1400 ἐξ
1751 1357 1875 1394 αὐτῶν
1898 1358 1921 1404 ἢ
1945 1365 2005 1395 καὶ
2027 1361 2070 1396 τὸ
2094 1358 2182 1396 ὅλον
2205 1363 2278 1395 τοῖς
2301 1357 2440 1406 ὄφειλο-

204 1406 323 1448 μένοις
347 1403 499 1444 συνάξαι
523 1402 618 1447 (δίχα
641 1407 766 1448 μέντοι
789 1406 867 1439 τῶν
890 1405 953 1448 τῆς
972 1407 1128 1451 γαμετῆς
1151 1404 1388 1451 πραγμάτων,
1414 1406 1458 1453 τῇ
1484 1403 1641 1448 ἀληθείᾳ
1666 1406 1766 1452 εἴπερ
1790 1403 1952 1452 διαφέρει
1977 1403 2093 1452 αὐτῇ),
2125 1407 2232 1441 τοῦτο
2255 1405 2440 1452 γίνεσθαι,

204 1452 265 1482 καὶ
289 1447 414 1483 ἄδειαν
438 1449 530 1483 εἶναι
553 1452 627 1484 τοῖς
651 1447 894 1495 ὀφειλομένοις
917 1450 1143 1484 οἰκειοῦσθαι
1166 1452 1231 1485 τὰς
1254 1450 1422 1485 τοιαύτας
1445 1447 1590 1496 ἀγωγὰς
1612 1454 1671 1484 καὶ
1697 1451 1743 1484 εἰς
1767 1451 1961 1496 πρόςωπον
1983 1452 2047 1485 τοῦ
2070 1449 2155 1487 τότε
2178 1452 2256 1486 τῶν
2287 1449 2441 1485 δικαίων

204 1497 325 1539 κυρίου
347 1494 413 1529 τὰς
436 1493 619 1541 ἐναγωγὰς
642 1494 843 1537 ποιεῖσθαι,
867 1495 939 1529 εἴτε
962 1494 1141 1541 πάρεστιν
1162 1492 1181 1529 ὁ
1207 1493 1392 1541 ὀφειλέτης
1415 1496 1487 1529 εἴτε
1509 1498 1569 1529 καὶ
1592 1495 1654 1539 μή,
1682 1498 1742 1529 καὶ
1765 1496 1813 1529 εἰς
1836 1494 2032 1543 πρόςωπον
2055 1494 2164 1531 αὐτοῦ
2188 1492 2311 1531 ἅπλῶς
2327 1497 2441 1531 εἰπεῖν

204 1540 270 1574 τοῦ
292 1536 505 1574 ὑπευθύνου
525 1541 586 1574 ἐπὶ
608 1539 654 1587 τῇ
677 1539 828 1587 τοιαύτῃ
850 1541 1014 1587 ἐναγωγῇ
1038 1538 1061 1584 ἢ
1085 1538 1260 1584 ἐκδικήσει
1283 1541 1360 1575 τῶν
1383 1538 1613 1586 πραγμάτων
1636 1539 1874 1575 καθεστάναι.

340 1619 427 1653 Νου-
458 1620 639 1653 CXXXV
662 1620 787 1654 Graece
808 1627 928 1654 tantum
953 1628 1041 1654 extat
1064 1622 1096 1654 in
1119 1621 1203 1662 ML,
1225 1633 1250 1654 c.
1276 1624 1290 1655 1
1321 1621 1546 1663 Θεσπίζομεν
1568 1617 1694 1663 μηδενὶ
1714 1619 1847 1661 ἐξεῖναι
1864 1646 2004 1657 ......
2023 1623 2055 1656 in
2077 1621 2113 1655 B
2136 1623 2169 1663 9,
2186 1629 2276 1663 5,18.
2291 1638 2332 1646 -—
2351 1620 2442 1665 Epic.

209 1663 331 1697 Yheod.
359 1665 433 1705 135,
457 1664 579 1697 Athan.
607 1666 660 1706 16,
685 1672 712 1707 4,
736 1665 842 1698 Anon.
868 1665 1047 1699 Bodleian.
1096 1678 1150 1709 ap.
1175 1666 1364 1699 Zachariae
1384 1662 1516 1700 Ἀνέκδ.
1538 1678 1573 1709 p.
1600 1667 1676 1699 220.

342 1721 370 1742 c.
393 1709 419 1743 I
440 1710 482 1743 14
507 1709 790 1753 Θεσπίζομεν-
806 1711 848 1744 20
874 1707 1062 1755 πλήρωσιν
1082 1722 1122 1744 ex
1146 1711 1181 1744 B
1205 1711 1299 1744 habet
1322 1711 1394 1744 Ecl.
1420 1711 1642 1745 Basilicarum
1667 1712 1720 1745 lib.
1744 1711 1858 1745 I—X.

543 1895 644 1946 NE
677 1896 798 1957 QUI
838 1896 1181 1949 CESSJONE
1215 1828 1719 1948 ffng'OGANTUR
1754 1896 2114 1950 BONORUM.

342 1973 603 2020 Praefatio.
651 1974 903 2021 Quaecumque
926 1974 976 2010 ad
997 1986 1128 2011 numen
1151 1975 1311 2010 divinum
1335 1986 1358 2010 a
1375 1975 1477 2011 nobis
1489 1974 1709 2021 placandum
1732 1974 1898 2017 invitant,
1923 1975 2012 2011 haee
2030 1979 2070 2011 ut
2085 1976 2179 2012 inter
2193 1976 2371 2012 subiectos
2385 1977 2439 2012 in-

207 2024 387 2067 crementa
411 2030 454 2054 ca
483 2020 561 2055 iant
584 2023 620 2056 et
641 2021 845 2056 elucescant
867 2020 1124 2056 contendimus.
1173 2019 1345 2055 Zosarius
1370 2019 1517 2065 quidam
1541 2030 1591 2055 ex
1606 2019 1746 2055 Moesia
1764 2020 1958 2066 provincia
1983 2020 2158 2056 oriundus
2178 2031 2256 2056 cum
2281 2021 2441 2057 lacrimis

206 2066 311 2101 nobis
341 2075 436 2110 supp
453 2065 563 2100 icavit
593 2064 787 2110 docuitque
817 2075 857 2100 se
889 2064 932 2100 ob
964 2065 1131 2110 publicas
1162 2069 1198 2100 et
1219 2065 1386 2110 privatas
1402 2064 1583 2110 pecunias
1606 2075 1629 2099 a
1653 2063 1853 2099 clarissimo
1875 2065 2087 2110 provinciae
2108 2065 2277 2112 praeside
2300 2066 2440 2101 insidiis

205 2110 355 2157 petitum
379 2119 456 2145 esse
476 2119 545 2155 per
567 2109 682 2145 solam
706 2108 957 2145 contumeliam
982 2113 1112 2155 (neque
1135 2110 1228 2145 enim
1254 2108 1298 2144 de
1318 2109 1485 2155 pecuniis
1501 2119 1639 2155 passus
1655 2112 1709 2145 est
1725 2109 1865 2144 libellos
1874 2110 2141 2156 persecutionis
2157 2121 2276 2146 rerum
2291 2121 2439 2146 suarum

209 2156 348 2196 clatos).·
369 2154 410 2189 id
432 2154 531 2199 quod
549 2154 820 2189 iniustissimum
839 2158 876 2190 et
897 2154 936 2188 in
955 2154 1087 2200 primis
1111 2154 1276 2190 acerbum
1296 2157 1360 2190 est.
1408 2152 1479 2197 Qui
1502 2155 1595 2189 enim
1611 2164 1689 2200 par
1712 2158 1767 2190 est
1789 2164 1880 2196 eum,
1916 2155 1983 2235 qui
2002 2155 2111 2191 semel
2130 2155 2290 2207 fortuito
2314 2159 2439 2192 eventu

206 2210 271 2235 nec
301 2209 384 2235 vero
415 2198 663 2245 neqleqentiae
689 2199 833 2235 deditus
864 2209 923 2234 res
954 2210 1041 2234 suas
1074 2199 1213 2241 amisit,
1245 2199 1363 2234 denuo
1395 2199 1673 2245 iqnominiosam
1697 2199 1806 2235 vitam
1830 2210 1913 2246 amp
1930 2199 2017 2243 eeti,
2049 2203 2084 2235 et
2106 2203 2201 2236 victu
2226 2201 2439 2246 quotidiano

203 2246 307 2291 sorte
330 2248 439 2289 atque
463 2245 629 2289 corporis
654 2244 846 2289 teqimento
864 2254 937 2290 per
961 2243 1167 2280 violentiam
1191 2244 1302 2280 exui?

340 2289 366 2323 Ι.
396 2288 477 2324 Hoc
500 2292 683 2335 comperto
707 2299 786 2324 cum
809 2288 992 2325 deteriora
1015 2289 1222 2324 melioribus
1238 2287 1428 2325 emendare
1444 2299 1488 2324 cu
1516 2287 1644 2330 iamus,
1667 2292 1707 2324 ut
1723 2292 1758 2325 et
1776 2288 1933 2335 optimus
1950 2288 2107 2324 omnium
2125 2288 2213 2325 deus
2228 2289 2442 2326 concilietur

207 2344 292 2370 neve
319 2333 408 2379 quid
432 2333 548 2380 iniqui
577 2334 713 2369 nostris
738 2334 958 2386 temporibus
981 2345 1049 2369 usu
1074 2334 1203 2376 veniat,
1228 2334 1410 2369 sancimus
1432 2343 1481 2368 nu
1498 2333 1525 2367 li
1547 2332 1892 2379 qloriosissimorum
1916 2337 1982 2369 aut
2003 2333 2440 2380 maqnisicentissimorum

205 2379 482 2425 maqistratuum
515 2378 624 2414 licere
654 2378 825 2414 cessionis
856 2378 1030 2414 bonorum
1061 2379 1186 2431 qratia
1216 2379 1252 2414 in
1284 2379 1475 2424 anqustias
1504 2377 1718 2429 compellere
1749 2389 1962 2424 quemquam
1985 2389 2126 2422 eorum,
2157 2380 2223 2424 qui
2244 2379 2288 2415 de
2312 2379 2440 2415 debitis

206 2434 299 2470 quas
333 2423 494 2459 diximus
530 2424 711 2471 (pecuniis
748 2423 886 2459 scilieet
925 2423 1087 2470 publicis
1129 2423 1185 2459 vel
1221 2423 1394 2475 privatis)
1439 2426 1711 2466 conveniuntur,
1746 2427 1810 2459 aut
1843 2423 2021 2459 eiusmodi
2053 2423 2349 2459 contumeliarum
2385 2424 2440 2459 uti

201 2468 471 2516 praetextibus,
502 2473 544 2503 ut
575 2468 630 2503 illi
659 2468 708 2503 ad
738 2468 955 2515 supplicium
985 2469 1152 2520 corporis
1178 2468 1381 2504 evitandum
1412 2467 1539 2503 malint
1570 2478 1691 2502 rerum
1721 2478 1870 2503 suarum
1891 2469 2015 2514 potius
2034 2469 2259 2504 amissionem
2280 2469 2373 2515 pati,
2397 2479 2441 2504 ac

206 2525 280 2549 non
309 2524 389 2549 cum
419 2513 566 2559 inopiae
598 2513 686 2558 iuqo
717 2514 823 2548 etiam
855 2513 1094 2548 contumeliae
1150 2513 1260 2549 robro
1284 2512 1334 2547 ad
1355 2518 1505 2548 mortem
1529 2523 1643 2558 usque
1692 2513 1791 2548 remi.
1840 2512 2099 2548 Iusiurandum
2123 2516 2240 2549 autem
2256 2524 2330 2560 per
2353 2513 2440 2548 ado·

205 2558 325 2594 randa
349 2558 536 2603 evanqelia
556 2561 738 2604 praestet,
766 2557 904 2593 nullam
926 2558 996 2593 sibi
1016 2559 1232 2603 faculatem
1255 2558 1432 2603 reliquam
1457 2567 1533 2593 esse
1556 2557 1594 2592 in
1617 2568 1658 2593 re
1683 2568 1724 2593 us
1747 2561 1810 2593 aut
1833 2569 1937 2601 auro,
1961 2558 2056 2605 unde
2079 2558 2197 2594 debito
2220 2558 2440 2603 satisfaciat.

206 2603 249 2638 Si
278 2614 372 2648 quae
401 2613 486 2638 vero
518 2603 601 2638 iura
631 2603 665 2638 ei
697 2603 758 2638 lex
788 2606 851 2638 aut
881 2613 931 2639 ex
962 2601 1161 2639 hereditate
1191 2606 1255 2638 aut
1285 2613 1335 2638 ex
1365 2602 1561 2638 donatione
1583 2607 1823 2648 coqnatorum
1847 2603 1885 2637 in
1909 2602 2095 2638 mobilibus
2118 2607 2183 2638 aut
2203 2602 2442 2638 immobilibus

208 2648 316 2683 rebus
341 2647 486 2689 tribuat,
511 2658 707 2699 earumque
723 2648 957 2694 possessione
977 2648 1138 2683 nondum
1153 2647 1300 2695 potitus
1315 2647 1373 2689 sit,
1399 2650 1601 2693 competere
1619 2651 1735 2683 tamen
1751 2648 1785 2682 ei
1801 2647 2003 2691 videantur,
2027 2658 2071 2683 ac
2114 2648 2227 2683 ossint
2245 2647 2440 2684 creditores

201 2696 346 2740 partem
369 2703 494 2728 earum
518 2692 574 2728 vel
596 2697 703 2728 etiam
728 2696 840 2727 totum
865 2692 1037 2738 colliqere
1061 2692 1238 2739 (exceptis
1263 2696 1381 2727 tamen
1396 2691 1503 2728 rebus
1518 2692 1660 2734 uxoris,
1683 2691 1857 2737 siquidem
1880 2703 1920 2728 re
1937 2703 2021 2728 vera
2038 2703 2060 2727 a
2101 2703 2179 2728 eam
2189 2693 2441 2739 pertineant):

205 2738 276 2772 hoc
303 2738 391 2781 fiat,
422 2741 532 2782 atque
564 2736 671 2772 liceat
704 2737 945 2773 creditoribus
972 2737 1150 2773 eiusmodi
1180 2738 1341 2772 actiones
1370 2736 1439 2772 sibi
1469 2735 1671 2778 vindicare,
1704 2741 1739 2772 et
1769 2747 1819 2772 ea:
1835 2747 1998 2783 persona
2021 2738 2099 2772 eius
2122 2737 2186 2789 qui
2210 2741 2283 2772 tum
2306 2737 2439 2772 iuriam

205 2782 352 2818 illorum
376 2781 543 2817 dominus
574 2782 632 2824 sit,
665 2782 827 2818 actiones
856 2782 1058 2827 instituere,
1082 2782 1158 2818 sive
1181 2781 1277 2817 adsit
1300 2781 1440 2817 debitor
1461 2781 1535 2817 sive
1558 2791 1630 2816 non
1654 2780 1761 2823 adsit,
1785 2785 1821 2816 et
1843 2782 1880 2816 in
1900 2791 2096 2827 personam
2119 2781 2235 2827 ipsius
2258 2781 2439 2824 debitoris,

208 2831 250 2863 ut
271 2827 485 2873 simpliciter
508 2825 680 2869 dieamus,
704 2827 742 2862 in
766 2826 942 2863 eiusmodi
963 2827 1105 2862 actione
1128 2826 1186 2862 vel
1205 2836 1325 2863 rerum
1350 2826 1591 2862 vindicatione
1613 2826 1790 2862 substitui.

275 2951 295 2984 2
321 2952 409 2984 rubr.
426 2952 515 2994 Περὶ
531 2951 597 2983 τοῦ
612 2948 661 2993 μὴ
679 2946 958 2995 άναγκάζεσθαί
970 2962 1055 2984 τινα
1071 2949 1291 2990 ἐξίστασθαι

208 2995 328 3029 Theod.
356 2996 447 3038 Περὶ
463 2992 670 3028 ἐκστάσεων
685 2996 788 3028 Anon.
807 2995 907 3028 Bodl.
927 2995 939 3037 ΙΙ
957 2993 1069 3037 τινὰς]
1094 2994 1178 3028 τινὰ
1197 2996 1293 3028 index

206 3041 296 3082 Am,
322 3040 443 3073 Theod.
461 3039 466 3081 Ι
492 3039 658 3072 ἐκστάσει
673 3039 874 3083 κεχρῆσθαι
892 3039 1067 3080 (ἐξστάσει
1082 3037 1292 3083 χρήσασθαι

207 3085 318 3125 index)
350 3086 410 3117 καὶ
439 3096 484 3117 τα
517 3083 596 3126 ἑξῆς
620 3085 695 3117 Ath.
721 3083 937 3124 ἐξίστασθαι
966 3085 1085 3118 Theod.
1104 3086 1117 3129 ΙΙ
1134 3087 1230 3119 inscr-
1254 3079 1292 3118 ‘0

209 3125 317 3162 αὐτὸς
347 3126 516 3172 βασιλεύς
547 3130 623 3162 add.
650 3130 723 3162 Atta.
753 3130 1015 3163 Constitutionem
1047 3131 1093 3162 ad
1110 3136 1290 3173 praetorem

1360 2951 1442 2983 coni.
1457 2948 1677 2995 Zachariae)H
1689 2952 1727 2984 15
1741 2947 1950 3003 πράγματος
1961 2948 2067 2995 χάριν
2081 2949 2266 2982 ἐκστασίου
2280 2945 2441 2994 ἀνάγκην

1360 2996 1574 3034 Ηαίοαηάενς
1600 2995 1660 3039 leq.
1679 2995 1930 3040 πραγματωνῖ
1947 2994 1958 3038 ΙΙ
1978 2993 2125 3040 ἐπάγειν
2143 2995 2231 3035 ΜΒ]
2249 2995 2441 3040 ἐπαγαγεῖν

1361 3041 1391 3072 L
1416 3040 1501 3083 vulq.
1528 3039 1540 3083 ΙΙ
1567 3041 1606 3074 16
1639 3040 1699 3072 ἐπὶ
1731 3043 1808 3073 ταῖς
1835 3040 2033 3085 εἰρημέναις
2063 3042 2194 3083 χρείαις
2225 3052 2282 3073 om.
2308 3041 2356 3081 B,
2381 3040 2440 3073 ἐπὶ

1360 3082 1515 3128 χρήμασι
1533 3103 1575 3108 -
1593 3081 1785 3117 ἰδιωτικοῖς
1809 3097 1867 3118 om.
1893 3086 1924 3117 L
1949 3085 1961 3128 ΙΙ
1987 3087 2024 3119 17
2051 3085 2224 3127 αἰκισμοῖς
2247 3085 2278 3116 L
2294 3084 2305 3127 ΙΙ
2327 3086 2366 3118 18
2389 3082 2438 3127 μὴ

1362 3131 1527 3162 delendum
1544 3137 1647 3162 censet
1663 3129 1833 3162 Heraldus
1849 3131 1888 3163 de
1907 3142 2010 3163 rerum
2028 3130 2124 3163 indic.
2142 3136 2224 3162 auct.
2251 3130 2281 3170 2,
2298 3136 2332 3162 25
2349 3129 2440 3170 (Otto

209 3175 373 3207 Thraciae
404 3176 513 3207 datam
539 3186 605 3207 esse
628 3175 736 3207 videri
758 3187 796 3207 ex
821 3175 1040 3217 appellatione
1065 3176 1141 3216 691,
1158 3182 1171 3208 1
1194 3186 1292 3218 prae-

207 3220 334 3251 sidibus
364 3220 566 3252 comitibusve
598 3226 677 3261 apta
706 3219 898 3252 Zachariae
926 3221 1059 3261 conicit,
1091 3220 1178 3262 quod
1200 3219 1292 3252 nimis

208 3264 359 3296 incertum
385 3271 432 3297 est
446 3263 458 3306 ΙΙ
477 3265 498 3296 4
522 3265 716 3307 προτρέπει
737 3264 813 3297 ΑίΙι.
832 3263 844 3307 ΙΙ
863 3266 882 3298 5
902 3261 1078 3303 αὔξεσθαι
1098 3265 1129 3296 L
1148 3275 1293 3307 compen·

209 3308 262 3339 dio
294 3320 340 3340 αν
372 3309 405 3341 in
425 3309 500 3349 fine
532 3310 683 3341 vocabuli
711 3321 739 3341 s.
760 3321 788 3341 v.
824 3310 988 3352 adscripto
1006 3308 1018 3351 11
1035 3309 1108 3350 τῆς]
1133 3309 1211 3341 τῶν
1234 3308 1266 3341 L
1283 3307 1295 3351 ΙΙ

208 3350 396 3385 καθεστώς
409 3353 452 3393 L]
471 3349 583 3385 ἑστώς
597 3354 638 3385 Μ
648 3353 664 3407 fl
682 3354 701 3386 6
713 3349 799 3405 ἦμζν
815 3354 843 3385 L
859 3353 870 3395 ΙΙ
892 3355 909 3386 7
927 3352 1086 3387 πέποιθε
1100 3354 1294 3405 Ha'oander

207 3393 581 3475 Ἰκῖἶῗῖἷῗὲἷῖξῗῖοἷίοὲἶ
590 3410 625 3483 ’ἦζ
636 3399 914 3486 ῗιῗέἶῷἷῗῗὲῗῖἧ
925 3398 1295 3477 ἕτῗὲεἶῖἷσέἶᾌοῗςιῗῗξῖ

209 3495 285 3525 yero
309 3486 393 3528 vulq.
412 3485 424 3527 ΙΙ
442 3488 461 3520 9
485 3483 782 3531 παραδεδομένον
797 3488 1002 3528 Haloander]
1018 3484 1291 3531 παραδεδομένη

210 3527 252 3558 M
267 3527 535 3575 παραδιδομένη
553 3532 584 3563 L
600 3533 686 3574 vulfs.
704 3531 716 3576 ΙΙ
736 3528 848 3564 αὑτοῦ
863 3533 1070 3572 Haloander]
1088 3529 1201 3565 αὐτοῦ
1218 3532 1292 3564 ML

210 3568 276 3621 1119
305 3585 344 3604 τε
368 3587 426 3608 om.
452 3575 499 3607 M
514 3579 526 3617 ss
553 3577 592 3609 13
619 3575 825 3620 θεραπείαν
846 3577 902 3616 Μ]
928 3574 1146 3621 θεράπευμα
1169 3577 1201 3609 L
1219 3576 1231 3619 ΙΙ
1251 3577 1292 3610 14

210 3617 286 3654 του]
310 3615 351 3648 τὸ
377 3618 574 3660 Zachariae,
590 3633 619 3653 υ.
647 3622 686 3654 13
711 3632 750 3653 τε
774 3622 942 3654 abundare
965 3629 1055 3655 ratus
1072 3621 1084 3665 11
1102 3622 1163 3654 ἐπὶ
1186 3617 1292 3662 ἡμῶν

211 3657 296 3698 ΜΙΔ]
329 3656 411 3703 παρ’
437 3657 541 3704 ἡμῶν
564 3664 646 3696 male
671 3676 738 3697 cum
763 3665 946 3708 Scrimyero
970 3667 1056 3710 vuly.
1081 3661 1177 3710 (παρ’
1205 3661 1292 3709 ἡμῖν

1364 3175 1457 3206 Thes.
1483 3175 1544 3207 ίαν.
1561 3174 1596 3205 ῙῘ
1608 3187 1644 3217 p.
1665 3174 1774 3215 1287),
1798 3173 1871 3216 μὴν
1896 3186 1977 3207 corr.
2002 3174 2045 3207 R.
2064 3174 2253 3215 Schneider,
2277 3180 2440 3214 utrumque

1362 3219 1482 3251 iniuria
1500 3218 1512 3261 ss
1529 3220 1588 3250 καὶ
1612 3217 1678 3260 τῷ]
1703 3220 1763 3251 καὶ
1779 3218 1821 3251 τὸ
1840 3219 1870 3251 L
1892 3220 1896 3260 Ι
1920 3220 1960 3252 19
1977 3216 2020 3251 οὗ
2036 3228 2089 3252 τις
2106 3219 2310 3258 Haloander]
2327 3214 2440 3251 οὐδεὶς

1364 3263 1473 3295 MLB
1487 3259 1646 3305 (οὐδεμία
1660 3263 1748 3304 Ath.)
1769 3262 1781 3307 Η
1798 3265 1840 3297 20
1858 3260 2067 3308 πράγματος
2085 3261 2134 3295 ΒΓ
2152 3261 2164 3306 Η
2186 3260 2292 3308 χάριν
2314 3275 2329 3295 e
2351 3275 2381 3294 v.
2398 3263 2438 3296 15

1362 3309 1485 3341 illatum
1502 3320 1569 3341 esse
1584 3309 1768 3350 suspicatur
1780 3309 1892 3346 Kroll;
1915 3316 1948 3341 at
1964 3310 2006 3349 cf.
2021 3307 2182 3342 CLXIII
2193 3320 2218 3341 c.
2231 3310 2250 3341 2
2268 3307 2280 3350 ΙΙ
2296 3309 2438 3352 χρυσίου

1362 3353 1454 3384 MB⁶
1486 3353 1557 3385 Ecl.
1583 3353 1697 3394 (Ath.)]
1726 3356 1872 3396 χρυσίον
1896 3351 1980 3386 LBs
2001 3353 2115 3396 ”aly-1¹
2135 3353 2172 3385 21
2206 3350 2229 3393 ἢ
2248 3353 2341 3395 prius
2378 3351 2439 3382 καὶ

1362 3396 1413 3430 Bf
1431 3396 1443 3440 {1
1466 3393 1489 3438 ἢ
1506 3394 1690 3439 ἀκινήτων
1706 3410 1763 3430 om.
1779 3397 1810 3430 L
1829 3396 1841 3441 ΙΙ
1858 3398 1900 3430 22
1915 3396 1964 3440 μὴ
1978 3399 2130 3438 κατέστη
2143 3395 2244 3429 ἐντὸς
2255 3396 2287 3428 L
2302 3394 2314 3434 ΙΙ
2357 3405 2437 3426 vva-

1360 3441 1438 3474 τῶν
1461 3442 1492 3474 L
1509 3441 1520 3481 ΙΙ
1538 3443 1641 3486 μέρος
1666 3440 1704 3480 ἐξ
1724 3439 1849 3474 αὐτῶν
1873 3443 1931 3482 Μ]
1957 3441 1995 3481 ἐξ
2017 3438 2139 3474 αὐτῶν
2161 3442 2263 3483 μέρος
2279 3438 2348 3471 LB
2365 3437 2377 3480 fl
2395 3438 2437 3471 23

1360 3486 1423 3527 τῆς
1446 3485 1523 3518 τῶν
1545 3487 1576 3518 L
1600 3485 1611 3530 ΙΙ
1640 3483 1759 3519 αὐτοῖς
1785 3487 1813 3519 L
1838 3487 1850 3529 ΙΙ
1871 3485 2046 3531 γενέσθαι
2070 3487 2101 3518 L
2119 3486 2130 3528 ΙΙ
2157 3486 2197 3517 24
2219 3482 2303 3516 τότε
2326 3482 2437 3522 Kroll]

1361 3542 1450 3563 ποτε
1475 3532 1552 3563 libri
1566 3530 1578 3573 ΙΙ
1597 3533 1638 3564 25
1663 3530 1862 3573 εἴτε-μή]
1884 3533 2012 3573 plenius
2036 3531 2110 3563 Am.
2135 3527 2226 3560 εἴτε
2249 3522 2436 3558 καταδέ-

1360 3587 1525 3616 χονται
1556 3574 1660 3608 τοὺς
1691 3573 1881 3619 κλήρους
1910 3571 1933 3617 ἢ
1963 3574 2042 3608 τὰς
2069 3568 2240 3614 δωρεᾶς
2263 3570 2436 3603 ἐκεῖνοι

1360 3619 1450 3652 εἴτε
1474 3621 1547 3651 καὶ
1569 3619 1645 3662 μή,
1669 3622 1729 3652 καὶ
1752 3619 1823 3652 εἴτε
1847 3619 2014 3662 πάρεισιν
2035 3617 2104 3649 εἴτε
2120 3611 2437 3656 άπολιμπάνονται

1359 3660 1403 3708 1Ιὸ
1429 3677 1487 3698 om.
1513 3665 1543 3696 L
1561 3668 1572 3707 ΙΙ
1592 3665 1634 3697 26
1659 3663 1820 3709 ἐναγωγῆ-
1847 3663 1898 3702 Μ]
1922 3659 2046 3707 ἀγωγῇ
2067 3659 2136 3692 LB

2467 768 2506 801 10

2466 1049 2506 1082 15

2466 1274 2508 1306 20

2466 1498 2507 1531 25
