2618 4010
280 138 387 183 Nov.
409 137 649 182 LXXXVII
667 151 728 193 pr.
762 141 781 180 1

278 248 429 302 σάμενρς
450 246 626 295 βουληθῇ,
649 250 710 281 καὶ
725 248 755 282 εἰ
770 248 880 282 τοῦτο
899 246 1087 293 πράξαιεν,
1111 243 1240 280 α’δειαν
1262 248 1356 289 ἔχειν

1352 132 1437 180 424

1787 149 1848 181 ms
1874 148 2037 188 ποετις
2066 149 2208 189 CAUSA
2237 127 2500 181 nonninus

1425 247 1576 282 donator
1598 245 1769 288 voluerit.
1799 250 1837 283 et
1858 247 1889 283 si
1918 247 1987 284 hoc
2017 251 2136 284 actum
2160 248 2284 290 fuerit,
2313 247 2493 284 licentiam

279 292 556 328 αποταττεσθαι
579 295 639 326 καὶ
664 289 763 336 αὐτῷ
784 293 837 335 τῷ
857 290 1044 327 δύνασθαι
1066 291 1135 325 τὸν
1157 289 1359 336 μετάμελον
1426 291 1558 326 habere
1570 291 1774 327 renuntiare
1790 295 1826 327 et
1837 291 1906 328 hoc
1918 292 2034 337 ipsum
2047 303 2153 338 posse
2164 304 2228 339 per
2239 292 2493 338 paenitentiam

276 337 344 371 τὸν
368 339 428 371 ἐπὶ
451 340 528 372 ταῖς
549 336 733 372 τοιαύταις
755 334 903 383 δωρεαῖς
926 334 1192 371 ἀνακαλεῖσθαι
1214 339 1274 370 καὶ
1297 333 1357 371 οὓς

277 380 324 416 ἂν
347 381 562 425 βουληθεῖεν
577 378 599 416 δ’
643 393 680 416 υς
700 382 888 418 έντάττειν
908 386 983 416 ταῖς
997 381 1121 426 μόρτις
1144 382 1261 416 καῦσα
1285 379 1354 415 δω-

275 431 386 471 ρεαῖς,
416 426 587 472 καθάπερ
616 425 797 462 Ιουλιανὸς
825 424 845 461 ὁ
870 426 1079 472 σοφώτατος
1103 426 1355 470 ἐνομοθέτησε,

275 473 384 506 τοῦτο
415 467 507 517 ὅπερ
537 470 634 517 ἡμεῖς
662 474 703 507 ἐν
729 473 784 528 τξῇ
816 471 876 506 λθ’
901 470 1035 516 βιβλίῳ
1065 472 1142 505 τῶν
1170 468 1355 516 ἡμετέρων

277 515 454 563 διγὲστων
487 517 696 563 ἐγράψαμεν
731 520 894 560 (απαντα
928 519 998 563 γὰρ
1033 513 1280 560 συνελάβομεν
1315 517 1355 550 ἐν

277 565 404 606 βραχεῖ
423 561 470 596 τά
493 575 532 596 τε
555 565 628 597 τοῖς
651 560 816 597 παλαιοῖς
835 563 881 595 τά
904 575 942 595 τε
964 560 1050 606 ἡμῖν
1066 559 1354 615 διηγορευμε’να)·

275 608 384 642 τοῦτο
410 610 535 642 τοίνυν
566 606 695 642 εἰδότες
727 604 907 651 ᾠήθησαν
937 608 1066 651 χρῆναι
1101 619 1193 640 κατα
1223 607 1355 640 τοῦτον

1425 335 1625 387 huiusmodi
1648 335 1873 372 donationem
1891 346 2059 374 revocare
2073 343 2110 375 et
2125 349 2213 384 quas
2237 337 2386 373 voluerit
2407 347 2492 373 con·

1424 380 1581 416 diciones
1604 389 1759 416 inserere
1778 380 1903 417 mortis
1925 391 2036 418 eausa
2065 382 2334 425 donationibus,
2366 392 2493 418 secun-

1391 429 1410 460 5
1425 425 1507 460 dum
1532 425 1627 470 quod
1650 425 1807 460 Iulianus
1832 425 2109 470 sapientissimus
2125 429 2284 471 sancivit,
2308 428 2378 463 hoc
2400 428 2495 472 quod

1424 480 1489 505 nos
1513 470 1549 505 in
1579 470 1758 506 tricesimo
1790 475 1914 506 octavo
1942 471 2033 507 libro
2056 477 2257 510 nostrorum
2280 473 2495 517 digestorum

1424 514 1628 560 scripsimus
1653 514 1783 556 (omnia
1799 515 1891 550 enim
1912 516 2270 561 comprehendimus):
2295 519 2363 553 hoc
2386 518 2494 561 igitur

1424 560 1576 596 scientes
1591 560 1852 596 aestimavimus
1868 563 2032 605 oportere
2049 566 2085 597 et
2100 564 2293 598 secundum
2308 563 2403 597 hunc
2419 572 2494 597 mo-

1425 605 1507 640 dum
1538 605 1613 640 fieri
1643 605 1780 649 aliquas
1811 605 1933 640 mortis
1965 615 2075 641 causa
2097 606 2306 644 donationes
2328 611 2365 642 et
2387 606 2495 642 inseri

275 651 344 686 τὸν
366 651 506 697 τρόπον
529 653 720 687 ποιεῖσθαί
742 663 842 686 τινας
856 651 981 706 μὶόρτις
997 653 1113 686 καῦσα
1137 649 1272 706 δωρεὰς
1295 653 1355 683 καὶ
1372 654 1411 686 10
1424 649 1595 695 placitum
1619 650 1812 685 secundum
1835 650 1945 694 legem
1969 651 2117 686 tollendi
2133 652 2183 688 eis
2205 652 2410 688 facultatem
2435 662 2495 686 su·

276 697 466 732 ἐντιθέναι
495 697 694 743 σύμφωνον
723 697 815 731 κατὰ
846 710 914 731 τον
948 697 1064 740 νόμον
1098 709 1162 730 του
1194 698 1355 739 αναιρεῖν

276 743 414 776 ἑαυτοῖς
442 742 486 776 τὸ
517 741 703 777 δύνασθαι
733 742 800 775 τὸν
835 743 895 775 ἐπὶ
929 742 974 788 τῇ
1007 739 1125 785 δωρεᾷ
1155 739 1356 784 μετάμελον

276 783 559 829 ἀναχαλᾶσθαι,
590 786 700 821 ἄλλον
725 784 764 820 δὲ
786 782 874 831 ὅρον
899 783 1017 820 αὐτοῖς
1045 784 1222 820 δοκοῦντα
1254 797 1355 830 προς·

276 832 425 866 τιθέναι
455 831 603 866 ταύταις
632 834 709 866 ταῖς
745 829 910 876 δωρεαῖς,
947 832 1008 866 ἴνα
1045 828 1207 864 αὐτόθεν
1237 828 1356 865 αὐτοῖς

1424 706 1487 740 per
1505 695 1732 731 donationem
1753 695 2006 739 paenitentiam
2027 696 2222 739 revocandi,
2246 698 2352 732 aliam
2375 699 2495 732 autem

1426 740 1668 777 condicionem
1693 749 1784 784 quae
1807 739 1858 775 eis
1882 740 2001 784 placet
2029 740 2111 776 addi
2133 741 2210 777 istis
2234 742 2494 783 donationibus,

1426 787 1466 820 ut
1496 785 1624 820 exinde
1654 784 1709 820 his
1740 785 1847 820 liceat
1877 786 1998 820 facere
2031 786 2238 822 donationes
2270 786 2495 823 revocatione

1425 830 1553 866 liberas
1578 833 1614 866 et
1635 829 1687 865 ita
1710 839 1794 866 suas
1817 830 2024 865 imminuere
2046 830 2250 871 facultates,

277 874 394 920 δῆθεν
417 877 487 930 ἐξῇ,
503 878 691 912 ποιεῖσθαι
716 874 852 929 δωρεας
881 877 943 920 τῆς
963 873 1191 919 ἀνακλήσεως
1215 874 1355 911 ἐλευθέ-
1370 878 1412 911 15

276 933 339 968 ρας
361 925 421 956 καὶ
443 935 541 956 ουτω
560 921 624 956 τὰς
647 921 788 956 ἑαυτων
813 920 988 956 ἐλαττοῦν
1013 924 1224 966 περιουσίας.

1278 1032 1434 1069 CAPUT
1457 1033 1486 1069 1.

321 1103 493 1147 Καίτοιγε
516 1101 554 1143 ἐξ
577 1090 631 1135 ὧν
654 1098 722 1144 ἤδη
743 1099 1083 1145 νενομοθετήκαμεν
1099 1099 1214 1143 πάσης
1238 1100 1353 1135 αἰτίας

275 1142 499 1202 ἀνῃρημένης
521 1143 640 1180 αὐτοῖς
657 1147 722 1180 τοῦ
743 1145 854 1180 πλέον
875 1159 911 1180 τι
930 1143 1116 1180 δύνασθαι
1130 1147 1195 1180 τοῦ
1216 1158 1353 1192 τριουγ-

275 1195 354 1226 κίσυ
377 1205 399 1234 η
422 1193 462 1226 ἐν
482 1189 643 1246 διαθήκῃ
659 1190 949 1235 καταλιμπάνειν
969 1189 993 1234 ἢ
1007 1190 1100 1225 κατὰ
1121 1188 1258 1246 δαζρεᾶς
1272 1190 1353 1235 τρό-

1464 1099 1606 1136 Etenim
1631 1110 1674 1135 ex
1697 1099 1754 1135 his
1773 1109 1865 1145 quae
1881 1099 2013 1136 dudum
2037 1100 2250 1136 sancivimus
2269 1099 2365 1136 omni
2387 1109 2499 1135 causa

1422 1146 1563 1180 sublata
1595 1145 1645 1180 eis
1676 1145 1758 1190 plus
1789 1145 1922 1191 aliquid
1953 1157 2059 1191 posse
2089 1146 2204 1181 tribus
2236 1146 2350 1181 unciis
2374 1149 2438 1180 aut
2460 1146 2497 1179 in

1422 1191 1635 1226 testamento
1652 1190 1850 1234 relinquere
1869 1194 1932 1226 aut
1949 1201 2013 1236 per
2029 1191 2231 1227 donationis
2251 1191 2394 1226 modum
2411 1190 2496 1225 alie-

276 1249 348 1272 πον
370 1237 571 1279 ἐκποιῆσαι,
595 1248 694 1280 ομως
717 1237 777 1271 ἵνα
799 1238 854 1271 ἔτι
877 1239 938 1270 καὶ
965 1235 1103 1280 μᾶλλον
1133 1237 1257 1270 αυτῶν
1286 1236 1355 1279 τὴν
1367 1238 1410 1271 20
1422 1246 1527 1278 nare,
1560 1240 1678 1271 tamen
1701 1239 1742 1270 ut
1764 1235 1882 1271 adhuc
1906 1240 1942 1271 et
1964 1237 2074 1280 magis
2098 1247 2219 1272 eorum
2243 1236 2497 1280 malignitatem

275 1285 492 1328 κακουργίαν
511 1281 722 1324 παύσωμεν,
742 1281 801 1316 διὰ
825 1282 933 1315 τοῦτο
953 1284 1012 1314 καὶ
1028 1282 1097 1315 νῦν
1120 1281 1355 1325 θεσπίζομεν,

274 1324 402 1371 μηδενὶ
421 1325 594 1374 βουλευτῇ
614 1325 705 1371 μηδὲ
723 1326 815 1361 κατὰ
827 1325 952 1371 μόρτις
974 1327 1091 1360 καῦσα
1106 1323 1249 1371 δωρεὰν
1270 1326 1355 1367 ἐξεῖ-

275 1385 338 1407 ναι
365 1369 571 1418 δωρεῖσθαί
598 1385 653 1414 τι,
685 1370 781 1415 πλὴν
805 1368 827 1415 ἢ
850 1371 967 1414 μόνον
996 1371 1089 1405 κατὰ
1116 1375 1356 1418 προγαμιαίας

276 1415 412 1463 δωρεᾶς
433 1416 574 1462 τρόπον
589 1414 679 1471 ὑπὲρ
695 1418 800 1463 σφῶν
821 1414 944 1450 αὐτῶν
967 1413 990 1459 ἢ
1007 1417 1084 1451 τῶν
1107 1417 1251 1450 οἰκείων
1274 1420 1356 1451 παί-

1423 1290 1700 1326 compescamus,
1725 1280 1902 1316 sancimus
1925 1281 2014 1316 nulli
2038 1282 2162 1317 curiali
2183 1291 2298 1325 neque
2318 1291 2381 1326 per
2403 1290 2496 1315 mor-

1421 1326 1468 1362 tis
1492 1335 1602 1361 causa
1626 1325 1852 1361 donationem
1880 1326 1986 1362 licere
2010 1326 2142 1362 donare
2165 1326 2313 1371 aliquid,
2345 1325 2415 1361 nisi
2439 1335 2496 1360 so-

1421 1372 1495 1407 lum
1525 1381 1590 1416 per
1620 1374 1703 1405 ante
1734 1371 1877 1416 nuptias
1907 1371 2107 1407 donationis
2131 1371 2273 1406 modum
2296 1381 2361 1415 pro
2386 1373 2498 1406 semet

1422 1416 1508 1460 ipsis
1532 1420 1594 1451 aut
1614 1415 1768 1460 propriis
1792 1416 1873 1451 filiis
1898 1416 2026 1459 factae,
2051 1419 2114 1452 aut
2134 1427 2197 1462 per
2219 1416 2312 1451 dotis
2337 1416 2497 1451 occasio-

276 1460 354 1518 ξων
375 1465 577 1509 γινομένης,
607 1476 630 1506 η
654 1462 746 1496 κατὰ
771 1461 916 1509 προικὸς
940 1460 1126 1516 πρόφασιν
1149 1459 1240 1495 καθ’
1267 1459 1355 1496 ὅσον
1367 1464 1409 1497 25
1423 1472 1503 1497 nem
1527 1460 1721 1496 secundum
1745 1461 1978 1506 quantitatem
2002 1466 2042 1496 ut
2072 1466 2195 1497 nostra
2219 1461 2304 1496 dicit
2327 1460 2497 1496 constitu-

275 1522 299 1551 η
323 1510 475 1553 ημετέρα
504 1505 596 1553 λέγει
619 1505 781 1548 διάταξις
809 1510 868 1540 καὶ
891 1507 1121 1554 θυγατρασιν
1151 1504 1356 1541 ἐπιδιδόναι

275 1555 522 1600 γαμουμέναις.
578 1554 754 1599 έπείτοιγε
783 1550 899 1586 ἄλλως
932 1549 1059 1586 αὐτοὺς
1087 1550 1136 1595 μὴ
1168 1550 1356 1586 δύνασθαι

277 1596 479 1654 δωρεῖσθαι
498 1596 710 1650 νπράγματα
748 1594 918 1640 ἀκίνητα,
955 1594 1045 1630 ἀλλὰ
1079 1598 1197 1631 ταῦτα
1231 1600 1355 1641 μένειν

1422 1507 1471 1542 tio
1504 1508 1541 1541 et
1570 1506 1712 1541 filiabus
1748 1507 1910 1542 conferre
1946 1507 2181 1550 nubentibus3
2217 1516 2368 1550 namque
2395 1505 2498 1540 aliter

1423 1562 1484 1587 eos
1504 1562 1574 1586 non
1595 1561 1702 1596 posse
1722 1552 1854 1587 donare
1872 1561 1929 1587 res
1947 1552 2153 1594 immobiles,
2179 1551 2242 1588 sed
2265 1553 2329 1586 has
2354 1561 2498 1586 manere

1423 1606 1561 1642 semper
1595 1596 1691 1641 apud
1727 1607 1787 1632 eos
1819 1597 1938 1633 curiae
1974 1598 2151 1633 subiectas
2183 1595 2495 1632 administrationi-

277 1646 334 1677 αεὶ
357 1639 446 1688 παρ’
466 1646 584 1677 αυτοῖς
606 1646 683 1677 ταῖς
705 1642 946 1686 βουλευτικαῖς
960 1639 1178 1686 ὑποκείμενα
1201 1640 1353 1687 λειτουρ-
1421 1642 1506 1684 bus,
1537 1641 1615 1677 sola
1645 1642 1697 1676 eis
1728 1642 1930 1678 venditione
1957 1642 2111 1684 indulta,
2141 1646 2176 1677 et
2202 1642 2282 1687 ipsa
2305 1641 2498 1678 secundum

275 1692 379 1743 γίαις,
402 1686 518 1743 μόνης
537 1684 655 1740 adroic
666 1689 740 1741 ,τῆς
762 1688 927 1740 anginam
947 1690 1270 1739 fvyusxwpvyue'vrya
1294 1690 1354 1720 καὶ
1366 1690 1410 1722 30
1423 1687 1582 1723 novellae
1605 1691 1748 1722 nostrae
1771 1687 2037 1727 constitutionis
2062 1687 2355 1723 observationem.
2402 1687 2497 1722 Mor-

276 1743 409 1776 ταυτης
430 1745 523 1767 κατα
546 1746 615 1776 την
637 1744 700 1775 της
723 1744 852 1777 νεαρας
884 1746 989 1775 ημων
1020 1730 1216 1773 διατάξεως
1239 1745 1355 1776 παρα-

276 1777 438 1824 τήρησιν.
473 1778 550 1812 τῶν
565 1777 689 1823 μόρτις
703 1778 819 1812 καῦσοι
837 1776 985 1822 δωρεῶν
1001 1778 1158 1819 ἐχουσῶν
1173 1777 1242 1820 τὴν
1258 1775 1355 1811 ἰδίαν

277 1822 391 1866 ἰσχύν,
427 1825 487 1857 καὶ
521 1820 735 1867 δυναμένων
764 1823 842 1856 τῶν
873 1821 995 1856 ἄλλων
1029 1823 1107 1856 τῶν
1138 1821 1237 1867 παρὰ
1273 1821 1356 1856 τοὺς

276 1867 467 1912 βουλευτὰς
490 1867 679 1902 ποιεῖσθαι
701 1865 766 1901 τὰς
789 1868 974 1922 εἰρημένας
992 1866 1115 1912 μόρτις
1138 1868 1255 1901 καῦσα
1287 1865 1356 1901 δω-

1422 1733 1468 1768 ιὶε
1492 1742 1603 1767 causa
1633 1731 1886 1767 donationibus
1909 1732 2123 1768 habentibus
2151 1733 2332 1778 propriam
2355 1731 2495 1767 fortitu-

1424 1777 1560 1819 dinem,
1597 1780 1633 1812 et
1667 1777 1865 1812 valentibus
1901 1778 1977 1813 aliis
2012 1788 2117 1822 quam
2153 1777 2346 1813 curialibus
2377 1777 2497 1812 facere

1424 1822 1626 1868 praedictas
1649 1821 1772 1857 mortis
1799 1833 1908 1857 causa
1931 1822 2140 1858 donationes
2163 1823 2200 1858 in
2217 1833 2304 1868 quas
2323 1823 2497 1857 voluerint

1451 1877 1596 1903 ersonas
1626 1870 1663 1902 et
1686 1867 1911 1902 condiciones
1935 1868 1985 1902 eis
2009 1868 2165 1903 inserere
2196 1872 2231 1902 et
2254 1878 2435 1910 recusare,
2466 1867 2496 1903 si

277 1913 359 1959 ριὰε
381 1914 429 1948 εἰς
452 1909 545 1959 ἅπερ
574 1909 619 1946 ἂν
642 1911 856 1967 βουληθεῖεν
884 1923 1059 1958 προςωπα
1083 1915 1143 1946 καὶ
1167 1908 1270 1957 ὅρους
1293 1909 1353 1946 αὖ·
1369 1915 1410 1948 35
1451 1923 1494 1948 oc
1525 1912 1718 1954 voluerint,
1753 1913 2005 1957 paenitentiam
2038 1913 2083 1948 de
2117 1913 2248 1957 placito
2280 1913 2495 1954 revocand0;

277 1961 355 1993 ταῖς
377 1958 566 1993 ἐντιθέναι
587 1961 649 1991 καὶ
672 1957 959 1998 αποτάττεσθαι,
983 1957 1021 1990 εἴ
1037 1970 1077 2003 γε
1100 1959 1208 1991 τοῦτο
1232 1956 1356 2001 βουλη-

278 2003 392 2046 θεῖεν,
415 2004 468 2047 τῷ
491 2002 680 2047 μεταμέλῳ
704 2004 758 2046 τῷ
783 2005 865 2048 περὶ
887 2003 952 2036 τοῦ
969 2001 1164 2047 συμφώνου
1187 2004 1251 2045 τῆς
1273 1999 1360 2037 ἄνα-

277 2047 453 2093 κλήσεως·
475 2051 599 2092 μένειν
621 2050 747 2092 μέντοι
769 2047 812 2082 τὸ
830 2048 981 2094 πρᾶγμα
1003 2050 1063 2080 καὶ
1086 2043 1202 2081 οὕτως
1225 2048 1265 2081 ἐν
1288 2050 1362 2082 τοῖς

329 2152 358 2173 υ.
375 2141 390 2174 1
405 2151 452 2183 sq.
479 2146 697 2184 aryumentum
717 2145 846 2172 notatur
870 2135 929 2170 ΒΣ
943 2139 998 2179 47,
1011 2145 1038 2178 3,
1051 2145 1099 2172 48.

1424 1967 1567 1993 manere
1598 1957 1736 2002 quidem
1767 1967 1911 1994 causam
1943 1961 1978 1993 et
2007 1957 2059 1993 ita
2088 1958 2125 1992 in
2154 1958 2278 1993 mortis
2302 1967 2410 1994 eausa
2433 1957 2495 1994 do-

277 2239 348 2275 que
379 2226 537 2272 donator
567 2226 738 2270 voluerit,
773 2230 883 2272 atque
913 2226 946 2260 si
976 2226 1039 2272 qui
1071 2225 1140 2261 hoc
1169 2226 1327 2271 fecerint
1362 2225 1470 2262 licere
1502 2215 1609 2262 etiam
1644 2226 1855 2262 renuntiare
1883 2225 1957 2272 ipsi
1987 2226 2160 2270 facultati
2194 2236 2244 2262 ex
2270 2227 2498 2273 paenitentia

277 2271 455 2310 eiusmodi
480 2271 695 2308 donationes
725 2270 920 2308 revocandi
941 2278 985 2322 'et
1015 2281 1258 2322 quascumque
1288 2270 1465 2306 voluerint
1488 2271 1718 2307 condiciones
1745 2270 2003 2306 donationibus
2025 2271 2151 2307 mortis
2174 2282 2284 2307 causa
2307 2272 2496 2315 inserendi,

279 2316 588 2370 quemadmodum.
603 2315 772 2352 Iulianus
794 2317 851 2352 vir
865 2317 1152 2368 sapientissimus
1175 2316 1311 2358 statuit,
1336 2315 1375 2351 id
1390 2315 1487 2362 quod
1509 2327 1576 2351 nos
1599 2317 1635 2351 in
1662 2316 1846 2362 triqesimo
1871 2326 1967 2351 nono
1991 2315 2084 2351 libro
2112 2315 2333 2362 diqestorum
2355 2322 2497 2354 nostro-

278 2374 359 2399 rum
382 2372 668 2415 perscripsimus
701 2362 835 2404 (omnia
858 2372 951 2396 emm
975 2361 1128 2397 breviter
1150 2361 1334 2408 complexi
1356 2371 1490 2403 sumus,
1519 2371 1598 2397 cum
1623 2372 1716 2407 quae
1737 2372 1761 2396 a
1785 2360 1960 2396 veteribus
1992 2365 2065 2396 tum

2121 2372 2188 2397 uae
2211 2372 2234 2397 a
2262 2361 2366 2398 nobis
2389 2367 2497 2399 cauta

277 2411 395 2451 suno.-
428 2407 498 2443 hoc
520 2412 636 2454 sqitur
658 2417 738 2442 cum
760 2407 912 2449 scirent,
945 2406 1243 2442 existimaverunt
1265 2406 1315 2441 ad
1336 2417 1415 2442 eum
1438 2406 1583 2446 modum
1606 2405 1782 2452 quasdam
1806 2406 1932 2441 mortis
1956 2416 2067 2441 causa
2115 2407 2302 2442 ouationes
2331 2407 2399 2443 sibi
2421 2418 2498 2445 esse

276 2452 473 2500 faciendas
502 2457 539 2489 et
566 2452 795 2498 inserendum
824 2451 1018 2486 secundum
1051 2451 1163 2498 leqem
1191 2451 1386 2498 placitum,
1418 2462 1490 2497 quo
1522 2451 1591 2487 sibi
1622 2452 1711 2498 ipsis
1731 2455 1945 2498 potestatem
1973 2452 2164 2495 auferrent
2187 2451 2417 2488 donationem
2447 2464 2498 2490 ex

277 2498 505 2546 paenitentia
536 2496 733 2533 revocandi
761 2496 944 2542 aliamque
966 2495 1212 2543 condicionem
1243 2496 1276 2531 si
1304 2506 1398 2542 quae
1427 2496 1518 2542 ipsis
1542 2496 1709 2544 placeret
1739 2495 1795 2531 liis
1817 2495 2070 2531 donationibus
2093 2495 2268 2541 addendi,
2299 2501 2341 2533 ut
2362 2497 2498 2534 scilicet

279 2543 378 2580 ultro
401 2543 525 2579 liceret
547 2542 593 2577 iis
616 2541 834 2578 donationes
858 2552 880 2576 a
904 2541 1136 2577 revocatione
1160 2540 1291 2576 liberas
1312 2542 1440 2586 facere
1463 2541 1586 2587 itaque
1608 2540 1827 2577 substantias
1849 2551 1937 2576 suas
1959 2541 2174 2578 imminuere.

422 2588 451 2624 1.
499 2586 724 2633 Quamquam
753 2590 872 2622 autem
899 2598 968 2633 per
998 2597 1043 2622 ea
1073 2597 1166 2638 quae
1197 2586 1269 2621 iam
1299 2587 1488 2622 sanximus
1521 2587 1636 2622 omnis
1666 2596 1777 2621 causa
1807 2586 1854 2621 iis
1882 2585 2025 2622 sublata
2056 2591 2111 2622 est
2139 2586 2237 2623 ultra
2271 2590 2344 2623 tres
2372 2588 2499 2624 uncias

305 2634 474 2680 uicquam
507 2632 564 2669 vel
595 2632 635 2667 in
671 2636 882 2668 testamento
918 2631 1144 2677 relinquendi
1180 2631 1236 2667 vel
1260 2642 1330 2677 per
1360 2631 1591 2667 donationem
1626 2630 1828 2673 alienandi,
1865 2634 1982 2666 tamen
2013 2636 2055 2667 ut
2084 2631 2191 2667 etiam
2225 2633 2342 2679 mayis
2375 2645 2498 2669 eorum

278 2646 434 2727 flaudes
481 2678 686 2720 erimamus,
706 2681 905 2728 propterea
922 2687 1019 2728 nunc
1034 2687 1177 2722 quoque
1192 2677 1386 2718 sancimus,
1409 2676 1501 2712 nulli
1515 2675 1647 2727 curiali
1669 2686 1713 2711 ne
1728 2687 1800 2722 per
1814 2677 1931 2728 ipsam
1948 2675 2091 2721 quidem
2111 2677 2236 2712 mortis
2256 2687 2367 2713 causa
2388 2678 2497 2714 dona-

281 2728 412 2761 taonem
461 2733 574 2759 onare
620 2723 788 2769 uicquam
814 2721 921 2758 licere
944 2732 1013 2757 nisi
1032 2732 1105 2768 per
1127 2721 1271 2757 modum
1294 2722 1402 2756 unius
1424 2725 1508 2757 ante
1529 2725 1676 2768 nuptias
1697 2720 1908 2773 donationis
1924 2731 1996 2767 pro
2019 2732 2058 2756 se
2081 2722 2170 2767 ipsis
2193 2726 2258 2757 aut
2280 2721 2400 2758 liberis
2419 2723 2497 2759 suis

279 2767 486 2816 faciendae,
509 2768 567 2804 vel
609 2768 679 2804 otis
701 2777 813 2803 causa
832 2767 869 2802 in
887 2770 1060 2818 quantum
1084 2771 1211 2818 nostra
1231 2767 1440 2802 constitutio
1464 2767 1570 2802 etiam
1588 2765 1735 2811 filiabus
1759 2765 1973 2802 nubentibus
1994 2777 2072 2801 eam
2089 2766 2178 2801 dare
2188 2767 2384 2818 permittit.
2427 2767 2498 2804 Ne-

306 2825 352 2851 ue
374 2814 468 2850 enim
492 2813 600 2850 aliter
622 2823 684 2848 eos
705 2812 844 2848 donare
866 2822 926 2847 res
947 2811 1144 2847 immobiles
1159 2821 1290 2858 posse,
1323 2822 1444 2848 verum
1467 2811 1535 2847 lias
1564 2822 1637 2847 sem
1664 2821 1704 2846 er
1735 2810 1836 2857 apud
1857 2821 1919 2846 eos
1941 2821 2086 2846 manere
2116 2810 2313 2847 cunalibus
2342 2814 2497 2849 muneri-

281 2825 348 2896 διιε
371 2859 573 2896 obnoxias:
603 2859 655 2894 ita
678 2863 719 2893 ut
739 2857 821 2893 sola
845 2856 1001 2892 venditio
1024 2857 1070 2891 iis
1091 2867 1264 2892 concessa
1286 2856 1351 2899 sit,
1382 2867 1496 2903 eaque
1517 2867 1626 2893 secun
1653 2867 1712 2891 um
1736 2855 1898 2892 novellae
1920 2861 2068 2891 nostrae
2090 2856 2355 2892 constitutionis
2378 2858 2497 2894 obser-

282 2905 470 2942 vationem.
518 2903 680 2940 Ceterum
701 2903 828 2938 mortis
850 2912 962 2937 causa
986 2901 1198 2937 donationes
1228 2902 1297 2937 vim
1319 2912 1422 2937 suam
1445 2901 1618 2944 habeant,
1650 2901 1826 2947 liceatque
1856 2902 1983 2937 ceteris

2041 2905 2160 2936 raeter
2190 2901 2344 2938 curiales
2370 2905 2498 2940 mortis

283 2960 395 2987 eausa
416 2948 629 2985 donationes
658 2958 751 2995 quas
773 2947 934 2983 diximus
961 2947 999 2982 in
1023 2957 1267 2993 quascumque
1296 2946 1475 2982 voluerint
1501 2957 1682 2993 personas
1693 2946 1835 3027 Aacere
1863 2950 1899 2981 et
1929 2956 1996 2981 con
2023 2946 2156 2981 iciones
2186 2946 2310 2982 iisdem
2340 2947 2498 2986 inserere

283 2999 329 3038 et,
351 2995 386 3030 si
406 2993 476 3030 Ιιοσ
498 2993 686 3036 voluerint,
707 2993 951 3040 paenitentiae
974 2991 1020 3028 de
1042 2991 1245 3027 revocando
1265 2991 1401 3037 placito
1425 2992 1645 3027 renuntiare.

353 3087 369 3119 1
394 3083 437 3126 εἰ]
468 3083 516 3117 εἰς
540 3084 570 3117 L
600 3082 613 3119 ΙΙ
640 3083 700 3126 leq.
725 3080 920 3126 πράξειενῗ
948 3082 962 3126 ΙΙ
992 3083 1012 3116 2
1036 3078 1136 3124 αὐτῷ
1160 3082 1216 3124 τῷ
1239 3081 1357 3123 Lfflr,

284 3131 348 3165 hoo
370 3130 479 3173 ipsum
503 3130 547 3171 ς)]
571 3125 671 3170 αὐτῷ
695 3126 738 3161 τὸ
755 3128 800 3160 Μ
828 3123 926 3170 αὐτῷ
951 3127 1007 3161 ΒΡ
1023 3126 1037 3171 ΙΙ
1061 3128 1080 3161 3
1105 3128 1167 3161 ἐπὶ
1189 3128 1266 3161 ταῖς
1285 3138 1358 3160 τοι-

285 3171 411 3209 αύταις
439 3171 599 3218 δωρεαῖς]
637 3173 827 3206 huiusmodi
850 3172 1062 3206 donationem
1086 3184 1106 3208 ς
1133 3172 1146 3216 ΙΙ
1173 3168 1358 3206 ἀνακαλεῖ-

284 3219 379 3254 σθαι
393 3238 434 3245 -
447 3221 468 3253 4
481 3215 630 3263 δωρεαῖς
653 3231 711 3251 om.
727 3219 756 3251 L
773 3218 786 3260 ΙΙ
808 3214 880 3259 οὓς]
904 3214 1030 3251 ἄλλους
1053 3213 1113 3251 οὓς
1133 3217 1187 3251 ΒΡ
1204 3218 1216 3261 ΙΙ
1233 3218 1255 3251 4
1276 3219 1358 3261 βου-

286 3263 445 3308 ληθεῖεν]
477 3264 620 3297 voluerit
644 3275 664 3300 ς
697 3261 895 3307 βουληθείη
913 3263 1090 3296 ΗείηιὸαοΙι
1114 3264 1169 3306 (efi
1190 3266 1237 3295 ad
1249 3275 1278 3295 υ.
1294 3264 1324 3304 1)
1347 3262 1360 3306 ΙΙ

286 3307 532 3344 έντάττεσθαι
562 3309 598 3343 Β
627 3308 640 3352 ΙΙ
674 3311 694 3342 5
727 3307 933 3351 ένομισθηῗ
962 3308 1013 3341 12⁰
1043 3307 1056 3351 ΙΙ
1088 3308 1109 3341 6
1142 3304 1222 3348 λθ’]
1260 3306 1359 3339 trice-

286 3356 370 3388 simo
393 3356 509 3389 octavo
533 3365 561 3391 ς.
607 3354 689 3397 Diy.
703 3355 758 3394 39,
775 3361 848 3389 6,13
874 3353 886 3392 Ι
915 3355 934 3387 ’1
948 3365 995 3408 ειζ.
1021 3352 1062 3385 ἐν
1083 3354 1268 3398 βραχεῖ-
1284 3348 1359 3394 διη-

286 3401 481 3446 γορευμένα
504 3412 561 3433 om.
587 3411 606 3435 ς
635 3398 647 3443 ΙΙ
674 3401 694 3432 9
717 3398 835 3432 ταῦτα
858 3398 890 3431 L
913 3398 926 3440 Ι
955 3395 1136 3441 ῳήθησαν
1154 3398 1210 3439 M]
1234 3392 1358 3439 ὠήθη-

287 3457 354 3487 μεν
378 3445 469 3481 LBe
494 3444 508 3489 ΙΙ
536 3442 640 3486 κατὰ]
672 3446 705 3476 et
727 3443 906 3476 secundum
927 3455 947 3479 ς
974 3443 987 3488 ΙΙ
1018 3445 1054 3477 11
1084 3441 1283 3483 ἐντιθέναι]
1307 3442 1359 3475 in-

287 3490 351 3522 seri
375 3502 394 3526 ς
411 3489 424 3534 Ι
439 3489 532 3523 *τοῦ
556 3486 720 3533 ἀναιρεῖν
742 3489 862 3532 scripsi
876 3500 915 3523 ez·
930 3490 961 3530 ς]
985 3486 1027 3521 τὸ
1053 3483 1217 3532 ἀναιρεῖν
1239 3487 1358 3528 MLB,

287 3532 330 3565 τὸ
355 3532 529 3579 ἇναιροῦν
555 3534 750 3567 Haloander
776 3533 789 3577 u
820 3533 861 3567 12
893 3527 1012 3566 abfore
1037 3533 1066 3566 L
1146 3533 1186 3567 13
1217 3541 1358 3576 προπι-

288 3576 409 3618 &eracl
434 3579 510 3611 addi
534 3578 581 3622 ςΙΙ
601 3580 641 3613 15
660 3575 779 3622 δῆθεν
802 3591 859 3611 om.
874 3577 921 3623 ςΙΙ
941 3579 983 3612 19
999 3589 1092 3611 κατα
1129 3574 1357 3620 μπάνεινΜ]

288 3620 497 3655 καταλιπεῖν
514 3623 544 3656 L
559 3624 572 3666 ΙΙ
591 3624 634 3657 20
658 3623 712 3657 ἔτι
735 3625 795 3656 καὶ
811 3623 881 3664 Me]
904 3624 964 3656 καὶ
989 3635 1047 3656 om.
1062 3623 1093 3656 L
1109 3623 1121 3665 ΙΙ
1139 3623 1179 3656 21
1203 3619 1358 3656 παύσαι-

287 3676 354 3707 μεν
379 3666 436 3717 LJ
461 3663 521 3699 διὰ
544 3667 652 3700 τοῦτο
674 3670 734 3700 καὶ
757 3668 825 3701 νῦν
850 3680 907 3701 οηι.
933 3667 982 3712 en
1010 3668 1053 3701 25
1098 3668 1262 3710 ινομένας
1285 3666 1328 3700 Μ
1346 3665 1359 3711 ΙΙ

287 3706 382 3743 καθ’
409 3713 509 3751 οσον]
532 3712 711 3745 secundum
734 3713 955 3754 quantitatem
979 3716 1018 3746 ut
1041 3724 1060 3749 ς
1116 3713 1158 3747 26
1182 3708 1356 3753 διάταξις]

1729 3002 1767 3027 es
1789 2995 1908 3026 autem
1929 2991 1983 3026 sic
2003 3001 2146 3037 quoque
2169 2991 2206 3026 in
2227 2991 2498 3030 condicionibus

1417 3083 1490 3125 suit
1515 3083 1766 3124 Cod.10‚34,4;
1790 3084 1831 3126 cs:
1859 3082 2023 3124 Krusqeri
2046 3082 2152 3114 adnot.
2184 3081 2195 3123 ΙΙ
2223 3082 2265 3116 30
2287 3079 2413 3125 μόνοις
2436 3080 2496 3116 αὖ·

1425 3127 1488 3169 τῆς
1510 3128 1541 3160 L
1560 3127 1572 3171 ΙΙ
1588 3128 1627 3161 31
1655 3139 1718 3161 νεα
1743 3127 1783 3160 ἇς
1805 3123 1909 3170 ἡμῶν
1932 3123 2139 3167 διατάξεως]
2154 3128 2227 3169 suit
2242 3127 2320 3161 cod.
2337 3129 2388 3168 10,
2401 3135 2447 3171 8⁴,
2460 3137 2495 3168 ὃς

1426 3173 1468 3215 cf.
1494 3185 1563 3205 nov.
1590 3173 1709 3206 XXX
1745 3172 1866 3216 IIIpr.
1883 3172 1903 3214 ἐ
1918 3178 1934 3205 2
1953 3170 1965 3215 ΙΙ
1982 3173 2023 3206 35
2049 3167 2175 3204 αὖτοὺς
2199 3172 2230 3205 L

1485 3308 1501 3340 1
1527 3305 1665 3339 donatos
1686 3306 1718 3339 V
1741 3304 1755 3350 ΙΙ
1783 3307 1803 3340 3
1827 3307 1860 3338 et
1884 3305 2031 3348 Krieyel]
2055 3306 2104 3338 set
2125 3305 2156 3338 V
2178 3304 2192 3348 ΙΙ
2219 3303 2408 3338 conditione
2432 3302 2495 3349 Vff

1428 3353 1446 3383 7
1471 3351 1562 3383 omni
1583 3352 1613 3384 V
1626 3351 1639 3395 ΙΙ
1662 3349 1979 3394 comprehendimus]
2004 3350 2040 3382 in
2062 3349 2152 3383 brevi
2176 3351 2209 3382 et
2231 3360 2251 3382 a
2273 3347 2438 3381 veteribus
2462 3353 2494 3381 et

1404 3406 1445 3428 na
1469 3396 1564 3429 nobis
1587 3396 1724 3429 definita
1748 3396 1824 3430 add.
1840 3395 1964 3439 Beckn
1987 3397 2007 3430 9
2031 3393 2218 3428 donationis
2237 3391 2292 3437 V!
2317 3392 2357 3426 12
2381 3392 2493 3426 addidi

1435 3441 1472 3481 V,
1489 3454 1571 3475 corr.
1588 3442 1725 3485 Krieqel
1737 3440 1750 3484 11
1776 3441 1815 3475 13
1840 3450 1995 3473 reuocare
2017 3440 2053 3481 V,
2077 3450 2096 3472 a
2116 3436 2322 3473 revocatione
2335 3437 2491 3481 Krieqelss

1429 3488 1467 3520 17
1483 3486 1570 3519 enim
1592 3487 1644 3520 V⁰
1661 3486 1674 3531 ΙΙ
1693 3487 1733 3521 18
1746 3485 1864 3527 tribus]
1883 3496 1902 3518 a
1921 3485 2027 3518 tribus
2048 3484 2103 3528 Vfl
2119 3481 2275 3516 antonin
2292 3480 2348 3524 Vfl
2365 3482 2407 3516 20
2424 3493 2492 3515 ma-

1426 3530 1579 3573 lignitate
1595 3542 1665 3565 oom
1692 3541 1855 3565 esoeamus
1873 3530 1906 3564 V
1947 3531 1986 3564 21
2004 3528 2144 3574 <idcirco
2159 3529 2192 3560 et
2207 3524 2314 3568 nuno>
2328 3527 2492 3561 sancimus

1427 3576 1564 3619 Krieyel
1579 3576 1591 3620 ΙΙ
1608 3577 1667 3609 nul
1682 3577 1707 3618 i]
1730 3577 1767 3610 in
1786 3575 1847 3609 illa
1868 3575 1902 3609 V
1947 3575 1991 3608 24
2013 3573 2118 3607 factae
2135 3570 2280 3613 Krieqet]
2305 3570 2408 3604 factas
2431 3573 2463 3606 V
2479 3574 2492 3616 Ι

1426 3622 1467 3655 25
1482 3622 1702 3663 quantitatem
1718 3623 1768 3663 ut]
1792 3622 1952 3663 quantum
1965 3618 2058 3652 Beck
2074 3617 2088 3659 Ι
2102 3616 2146 3651 26
2157 3613 2240 3648 alter
2261 3615 2315 3659 ΙΙΙ
2334 3618 2375 3650 32
2393 3628 2491 3658 quam

1424 3666 1607 3700 curialibus
1637 3667 1745 3700 facere
1773 3663 1958 3709 praedictas
1980 3661 2126 3704 Krisqell
2161 3669 2245 3701 quae
2271 3670 2290 3693 a
2311 3662 2493 3696 curialibus

1423 3711 1496 3744 fleri
1516 3711 1693 3754 praedictis
1714 3710 1770 3755 V!
1797 3710 1839 3743 35
1863 3704 2066 3741 ‘revocandi
2086 3704 2119 3738 V
