2586 3990
164 150 222 182 ΕΤ
250 149 339 183 1)Εο
367 148 641 183 AMABILIBUS

163 252 189 288 2
232 252 285 295 τῷ
304 249 466 296 δημοσίῳ
483 247 756 296 ἐκδικουμένων.
806 247 963 296 Δίδομεν
979 248 1019 286 δὲ
1034 248 1163 286 ἄδειαν
1178 253 1253 286 τοῖς

164 296 212 332 τὰ
228 300 449 344 ψηφίσματα
466 298 709 341 ποιουμένοις,
733 296 769 330 εἴ
779 308 865 331 τινα
880 297 1055 342 κοσμικὸν
1072 294 1154 340 δίχα
1169 300 1252 342 βου-

165 342 289 378 λευτοῦ
313 345 374 377 καὶ
392 340 574 383 ταξειότου
599 340 703 383 ἄξιον
726 342 789 386 τῆς
809 345 1064 388 προειρημένης
1087 340 1253 390 ἐπιλογῆς

165 388 258 423 εἶναι
278 390 499 433 νομίσουσιν,
524 387 592 422 τὸν
608 389 776 423 τοιοῦτον
800 383 877 432 ἅμα
895 387 1014 423 ἄλλοις
1045 386 1109 423 δύο
1133 386 1250 434 κληρι-

165 437 236 468 κοῖς
251 431 276 477 ἢ
289 435 456 478 μοναχοῖς
472 431 732 474 ἐπιλέξασθαι,
758 429 856 468 οὕτω
873 436 998 478 μέντοι
1015 434 1076 468 ἴνα
1092 430 1112 468 ὅ
1129 445 1251 479 κοσμι-

164 479 225 513 κὸς
255 476 276 513 ὁ
301 477 421 522 τούτῳ
451 479 505 521 τῷ
539 477 667 524 τρόπῳ
699 479 747 514 εἰς
771 478 974 522 ἐπισκοπὴν
1002 478 1174 526 ἐπιλεγεὶς
1201 478 1250 523 μὴ

164 522 302 558 εὐθέως
335 525 529 559 ἐπίσκοπος
561 525 821 572 χειροτονηθῇ,
865 522 957 558 ἀλλὰ
994 526 1144 570 πρῶτον
1178 527 1253 571 τοῖς

163 569 339 615 κληρικοῖς
359 566 423 603 οὐκ
443 568 599 604 ἔλαττον
619 572 734 616 τριῶν
749 570 877 614 μηνῶν
898 570 1176 617 συναριθμηθῇ,
1191 573 1252 604 καὶ

162 610 260 649 οὕτω
282 614 365 649 τοὺς
387 612 509 662 ἁγίους
538 614 695 651 κανόνας
726 619 787 650 καὶ
816 613 885 658 τὴν
906 614 1008 660 ἱερὰν
1039 617 1102 659 τῆς
1127 613 1249 658 ἐκκλη-

1241 134 1326 183 595

1967 139 2076 184 Nov.
2098 138 2280 184 CXXIII
2312 143 2347 183 1.
2382 141 2407 182 2

1323 250 1347 286 2
1398 250 1630 287 vindicandis.
1722 250 1860 287 Damus
1894 251 2014 287 autem
2048 250 2229 287 licentiam
2264 251 2410 288 decreta

1322 296 1556 340 facientibus,
1588 296 1619 332 si
1643 296 1843 342 quempiam
1871 296 2043 333 laicorum
2071 299 2215 342 praeter
2240 297 2410 334 curialem

1323 344 1358 377 et
1383 341 1572 378 officialem
1604 341 1749 388 dignum
1772 346 1970 378 memorata
1996 343 2170 378 electione
2202 353 2280 380 esse
2303 345 2408 389 puta-

1322 387 1447 432 verint,
1480 388 1577 423 hunc
1603 398 1685 423 cum
1704 387 1784 423 aliis
1810 387 1949 423 duobus
1976 388 2113 424 clericis
2135 389 2198 424 aut
2220 389 2408 425 monachis

1289 436 1308 468 5
1322 433 1463 478 eligere,
1488 437 1529 468 ut
1551 433 1582 469 si
1605 433 1719 469 laicus
1742 433 1811 469 hoc
1834 432 1940 469 modo
1965 434 2012 470 ad
2031 434 2278 480 episcopatum
2301 435 2408 479 eliga-

1322 481 1392 521 tur,
1435 489 1508 514 non
1544 480 1693 524 repente
1728 478 1918 523 episcopus
1958 478 2151 522 ordinetur,
2195 480 2259 516 sed
2294 480 2408 526 primo

1322 524 1460 560 clericis
1496 534 1569 560 non
1600 524 1718 559 minus
1754 524 1871 559 tribus
1906 524 2090 561 mensibus
2122 529 2408 569 connumeretur,

1320 573 1356 605 et
1379 570 1430 605 ita
1451 571 1597 606 sanctas
1619 569 1760 614 regulas
1792 572 1828 604 et
1858 569 2075 605 cotidianum
2108 570 2282 606 ecclesiae
2306 571 2409 608 mini-

1321 615 1468 650 sterium
1493 615 1642 651 edoctus
1667 615 1858 660 episcopus
1883 614 2082 659 ordinetur;
2118 615 2180 661 qui
2200 616 2294 652 enim
2318 616 2408 652 alios

162 662 240 694 σίας
264 658 488 707 λειτουργίαν
512 659 699 704 διδαχθεὶς
722 661 1196 717 ἐπίσκοποςχειροτονηιῆῇ·
1229 657 1249 694 ὁ
1267 663 1306 695 10
1321 661 1427 696 debet
1451 661 1592 702 docere,
1625 660 1670 696 ab
1695 660 1776 695 aliis
1806 663 1890 705 post
1914 660 2173 696 ordinationem
2194 661 2314 697 doceri
2337 672 2410 698 non

161 703 228 751 γὰρ
252 703 378 740 ἄλλους
406 703 564 752 ὀφείλων
588 705 773 742 διδάσκειν
797 702 890 750 παρ’
909 719 1045 750 ετερων
1066 719 1160 751 μετα
1182 705 1251 749 τὴν

161 755 386 797 χειροτονίαν
410 750 653 787 διδάσκεσθαι
677 749 740 786 οὐκ
761 748 906 797 ὀφείλει.
954 752 1000 784 Εἰ
1025 749 1064 785 δὲ
1087 749 1135 785 ὠς
1158 751 1251 785 εἰκὸς

162 798 203 831 ἔν
226 808 301 831 τισι
323 798 451 833 τόποις
473 798 522 842 μὴ
547 796 731 844 εὑρεθεῖεν
754 800 837 842 τρία
862 794 1038 842 πρόςωπα
1069 796 1158 842 πρὸς
1181 796 1250 839 τὴν

162 839 336 886 τοιαύτην
366 842 538 888 ἐπιλογὴν
562 840 768 897 ἐπιτήδεια,
801 841 935 882 ἐξέστω
968 844 1041 876 τοῖς
1063 841 1108 875 τὰ
1138 845 1247 887 ψηφί-

1320 706 1436 742 debet.
1486 706 1525 742 Si
1547 715 1644 748 vero,
1677 709 1716 741 ut
1745 706 1878 750 evenit,
1909 705 1948 741 in
1972 706 2184 750 quibusdam
2215 707 2304 742 locis
2338 718 2410 743 non

1319 752 1546 787 inveniantur
1579 755 1652 786 tres
1683 761 1860 796 personae
1892 751 1938 786 ad
1968 751 2076 786 talem
2108 752 2319 788 electionem
2345 763 2409 797 op-

1319 801 1507 842 portunae,
1531 797 1638 832 liceat
1654 795 1800 832 decreta
1823 796 2040 832 facientibus
2065 796 2103 832 in
2119 797 2260 833 duabus
2285 801 2321 833 et
2337 808 2410 833 una

1319 853 1473 886 persona
1497 842 1680 878 decretum
1703 842 1838 886 facere,
1869 852 1991 878 omnes
2014 844 2134 878 tamen
2159 843 2275 879 dictas
2299 853 2321 878 a
2345 854 2410 879 no-

163 899 284 933 σματα
308 891 532 933 ποιουμένοις
556 891 617 925 ἐπὶ
638 886 702 923 δύο
727 901 748 931 η
773 890 833 921 καὶ
857 888 911 942 ἑνὶ
936 886 1116 933 προςώπῳ
1138 891 1249 942 ψηφί-
1266 890 1305 922 15
1319 888 1374 923 bis
1398 889 1555 924 habente
1578 888 1799 924 testationes.
1848 887 1886 923 Si
1906 898 1989 924 vero
2024 888 2085 933 qui
2109 888 2240 925 debent
2268 888 2410 934 episco-

163 944 285 977 σματα
315 935 522 978 ποιεῖσθαι,
554 933 674 969 πάσας
702 935 827 977 μέντοι
859 944 924 967 τας
955 934 1140 988 εἰρημένας
1163 936 1250 977 ημῖν

163 980 282 1021 ἔχοντι
304 983 508 1026 μαρτυρίας.
555 980 602 1014 Εἰ
623 976 663 1014 δέ
685 978 721 1013 οἱ
736 975 942 1025 ὀφείλοντες
964 992 1033 1013 τον
1049 980 1251 1013 ἐπίσκοπον

124 1034 135 1041 ·
162 1023 405 1065 ἐπιλέξασθαι
437 1025 483 1060 τοὶ
507 1026 661 1059 τοιαῦτα
684 1027 903 1070 ψηφίσματα
935 1024 1037 1059 ἐντὸς
1061 1023 1100 1065 ἓξ
1122 1024 1251 1069 μηνῶν

160 1069 209 1114 μὴ
227 1069 434 1124 ποιήσρυσι,
458 1070 659 1114 τηνικαῦτα
678 1071 732 1113 τῷ
749 1067 910 1113 κινδύνῳ
935 1071 998 1113 τῆς
1022 1067 1115 1104 ἰδίας
1138 1070 1252 1115 ψυχῆς

1320 944 1405 978 pum
1437 934 1581 978 eligere,
1620 933 1723 970 citius
1758 934 1839 979 ipsa
1870 933 2015 969 decreta
2048 933 2144 970 intra
2177 944 2240 970 sex
2271 944 2410 970 menses

1320 990 1393 1015 non
1411 979 1559 1022 faciant,
1583 981 1670 1014 tunc
1688 979 1851 1025 periculo
1867 979 2035 1025 propriae
2060 979 2199 1015 animae
2221 980 2281 1016 ille
2306 990 2411 1025 quem

1322 1025 1493 1070 competit
1522 1024 1689 1061 ordinare
1713 1025 1922 1070 episcopum
1947 1025 2106 1068 ordinet,
2140 1025 2304 1062 omnibus
2330 1025 2410 1061 aliis

1321 1080 1414 1114 quae
1438 1070 1679 1115 praediximus
1712 1070 1955 1107 observandis.
2003 1070 2042 1106 Si
2066 1071 2144 1116 quis
2178 1075 2299 1107 autem
2321 1071 2412 1107 citra

161 1117 293 1150 ἐκεῖνος
316 1115 346 1159 ᾧ
372 1115 522 1171 αρμόζει
545 1113 892 1169 χειροτονῆσαιρὸν
917 1116 1117 1151 ἐπίσκοπον
1139 1127 1250 1162 χειρο-
1265 1116 1308 1150 20
1321 1120 1553 1151 memoratam
1578 1116 1863 1152 observationem
1885 1117 2075 1162 episcopus
2092 1116 2288 1160 ordinetur,
2312 1117 2411 1153 iube-

161 1164 324 1204 τονείτω,
349 1173 506 1196 παντων
532 1174 610 1196 των
634 1159 758 1195 ἄλλων
790 1160 845 1194 εὖν
869 1161 1060 1206 εἰρήκαμεν
1083 1174 1251 1207 παραφυ·

162 1205 405 1250 λαττομένων.
453 1208 502 1241 Εἰ
537 1205 580 1241 δέ
610 1218 665 1241 τις
699 1206 799 1252 παρὰ
831 1206 899 1249 τὴν
934 1206 1252 1252 μνημονευθεῖσαν

161 1251 427 1298 παραφυλακὴν
450 1254 646 1288 ἐπίσκοπος
667 1252 926 1299 χειροτονηθῇ,
959 1251 1148 1297 κελεύομεν
1170 1253 1251 1287 τοῦ·

160 1311 227 1333 τον
259 1299 351 1333 πᾶσι
366 1298 521 1352 (τρόποις
551 1300 615 1342 τῆς
639 1299 837 1342 ἐπισκοπῆς
861 1296 1126 1343 ἐκβάλλεσθαι,
1159 1294 1251 1332 ἀλλὰ

1320 1172 1399 1197 mus
1434 1162 1531 1197 hunc
1566 1162 1730 1198 omnibus
1766 1162 1880 1198 modis
1916 1162 2126 1208 episcopatu
2163 1163 2310 1208 depelli3
2348 1162 2412 1198 sed

1321 1207 1428 1242 etiam
1451 1207 1569 1251 illum,
1602 1207 1663 1252 qui
1686 1211 1829 1253 praeter
1852 1207 1943 1243 haec
1968 1208 2207 1254 praesumpsit
2231 1208 2410 1251 ordinare,

1321 1253 1498 1298 segregari
1521 1263 1592 1288 uno
1617 1263 1712 1288 anno
1738 1263 1842 1289 sacro
1866 1252 2074 1298 ministerio,
2108 1257 2145 1290 et
2167 1264 2309 1290 omnem
2334 1254 2412 1290 eius

1321 1298 1561 1334 substantiam
1609 1308 1677 1334 uae
1693 1299 1853 1344 quolibet
1876 1301 2037 1344 tempore
2061 1302 2125 1334 aut
2148 1299 2252 1336 modo
2276 1299 2313 1335 in
2334 1299 2410 1336 eius

161 1340 327 1379 κάκεῖνον
363 1355 456 1379 οετις
492 1345 593 1390 παρὰ
637 1344 755 1379 ταῦτα
791 1343 966 1400 ἐτρλμησε
1000 1345 1251 1398 χειροτονῆσαι
1265 1346 1307 1379 25
1322 1344 1517 1380 dominium
1549 1343 1592 1379 de
1619 1346 1705 1379 ueta
1737 1348 1791 1380 est
1826 1348 1975 1389 propter
2006 1345 2151 1391 culpam
2210 1355 2292 1381 uam
2325 1345 2412 1382 fecii.

161 1389 387 1436 χωρίζεσθαι
418 1391 478 1425 ἐπὶ
509 1391 575 1424 ἕνα
598 1389 770 1424 ἐνιαυτὸν
800 1400 864 1433 της
887 1400 1063 1435 ιερατικης
1094 1387 1251 1435 λειτουρ-

162 1439 250 1478 γίας,
270 1438 331 1470 καὶ
350 1436 472 1470 πᾶσαν
491 1434 603 1470 αὐτοῦ
619 1435 687 1479 τὴν
703 1438 926 1481 περιουσίαν,
949 1432 1027 1479 ἥτις
1047 1431 1140 1469 καθ’
1158 1433 1252 1469 οἱον-

162 1479 298 1525 δήποτε
324 1480 458 1528 χρόνον
489 1479 512 1525 ἢ
543 1481 683 1528 τρόπον
715 1481 763 1515 εἰς
796 1480 866 1525 τὴν
890 1477 1001 1515 αὐτοῦ
1035 1478 1252 1515 δεσποτείαν

161 1526 357 1574 περιῆλθε,
390 1524 452 1561 διὰ
483 1525 527 1562 τὸ
562 1529 728 1572 πταῖσμα
760 1523 783 1560 ὃ
813 1528 958 1569 ἐποίησε
989 1526 1034 1573 τῇ
1059 1523 1254 1570 δεσποτεία

161 1573 224 1616 τῆς
248 1572 433 1616 ἐκκλησίας
456 1564 496 1616 ἧς
520 1571 719 1608 ἐπίσκοπός
742 1574 844 1607 ἐστιν
866 1569 1103 1606 ἐκδικεῖσθαι.

1322 1389 1477 1426 dominio
1502 1390 1675 1427 ecclesiae
1698 1390 1802 1426 cuius
1826 1390 2020 1437 episcopus
2044 1394 2100 1427 est
2122 1391 2181 1427 vin
2206 1390 2306 1428 icari.

1175 1685 1332 1723 CAPUT
1355 1686 1403 1723 II.

230 1754 279 1787 Εἰ
311 1751 354 1789 δέ
376 1765 431 1789 τις
459 1755 524 1788 τοῦ
556 1754 647 1800 πρὸς
678 1755 748 1799 τὴν
769 1758 996 1802 χειροτονίαν
1029 1753 1252 1802 έπιλεγέντος

162 1799 360 1843 ἐπισκοπῆς
382 1797 619 1847 κατηγορήσει
640 1798 701 1847 ἐφ’
721 1799 918 1844 οίᾳδήποτε
942 1801 1042 1843 αἰτίᾳ
1067 1798 1250 1847 δυναμένῃ

161 1844 255 1880 κατὰ
279 1844 361 1881 τοὺς
376 1842 507 1891 νόμους
529 1842 553 1889 ἢ
577 1845 660 1881 τοὺς
682 1847 839 1882 κανόνας
859 1847 904 1894 τῇ
925 1842 1036 1881 αὐτοῦ
1056 1844 1252 1891 ἐμποδίσαι

160 1894 374 1938 χειροτονίᾳ,
394 1891 661 1938 ὑπερτιθέσθω
679 1888 700 1936 ἡ
714 1889 844 1927 τούτου
860 1895 1073 1938 χειροτονία,
1089 1895 1149 1926 καὶ
1164 1891 1252 1938 πρό-

1390 1754 1428 1791 Si
1459 1755 1537 1801 quis
1569 1757 1691 1791 autem
1722 1755 1769 1792 ad
1801 1755 2061 1792 ordinationem
2093 1755 2246 1792 electum
2274 1755 2412 1801 episco-

1320 1803 1430 1847 patus
1455 1801 1680 1837 accusaverit
1708 1801 1746 1837 in
1771 1802 1932 1848 qualibet
1962 1811 2074 1838 causa
2104 1811 2195 1847 quae
2218 1802 2334 1847 possit
2357 1811 2413 1837 se-

1323 1848 1479 1884 cundum
1511 1847 1605 1893 leges
1638 1850 1702 1883 aut
1727 1857 1885 1884 canones
1918 1848 1993 1891 eius
2022 1847 2195 1893 impedire
2218 1847 2412 1884 ordinatio-

1321 1902 1423 1937 nem,
1457 1892 1641 1929 differatur
1664 1893 1770 1930 huius
1793 1894 1971 1931 ordinatio
1996 1896 2033 1930 et
2055 1893 2157 1940 prius
2181 1896 2309 1930 contra
2332 1903 2414 1930 eum

231 1993 252 2036 ξ
271 1995 291 2028 2
315 1991 517 2037 Κελεύομεν
540 1992 624 2027 τοὺς
647 1994 923 2040 ψηφιζομένους,
948 1994 985 2028 εἴ
1002 2006 1087 2029 τινα
1110 1992 1286 2039 κοσμικὸν
1310 1992 1416 2035 ἄξιον
1439 1995 1502 2039 τῆς
1526 1997 1839 2042 προειρημένης-
1855 1997 1897 2030 12
1916 1992 1980 2030 οὐκ
2001 1993 2138 2042 ὀφείλει
2162 1998 2260 2031 habet
2273 1997 2413 2042 Epana-

164 2051 246 2083 qoqe
267 2040 298 2080 8,
313 2046 339 2072 4.
367 2058 407 2063 ——
433 2039 454 2082 ξ
475 2040 495 2072 2
522 2051 560 2072 ex
576 2039 605 2072 S
626 2041 741 2082 repetit
765 2040 898 2073 Nomoc.
924 2041 956 2074 L
982 2041 1029 2075 tit.
1045 2042 1065 2075 8
1084 2054 1121 2084 p.
1136 2042 1202 2075 612
1225 2040 1350 2083 Voell.).

302 2084 491 2118 Summaria
507 2096 536 2117 v.
553 2085 615 2117 1—
627 2085 646 2118 8
664 2086 782 2117 habent
803 2080 897 2118 Ῥοπ.
915 2087 967 2127 15,
983 2093 999 2120 8
1016 2093 1046 2120 et
1057 2087 1112 2129 34,
1127 2093 1160 2125 23
1185 2086 1318 2120 Nomoc.
1332 2085 1486 2120 XIVtit.
1502 2088 1533 2128 1,
1548 2093 1588 2120 11.
1602 2105 1646 2111 —
1670 2099 1700 2120 v.
1717 2088 1849 2122 17—26
1865 2089 2071 2122 summarium
2091 2095 2181 2122 extat
2198 2083 2292 2123 ‘Pom
2307 2089 2362 2131 34,
2376 2096 2411 2128 2;

346 2142 376 2162 υ.
397 2129 526 2164 17—21
554 2130 731 2163 summaria
753 2126 847 2164 Ῥοπ.
876 2132 927 2172 19,
946 2138 963 2166 8
990 2138 1020 2164 et
1043 2131 1177 2165 Nomoc.
1192 2130 1346 2165 XIVtit.
1363 2133 1393 2173 1,
1409 2138 1436 2165 9.

232 2188 259 2209 c.
284 2175 334 2208 II.
358 2175 423 2208 III
443 2187 481 2208 ex
505 2175 535 2209 S
557 2176 673 2218 repetit
696 2174 829 2208 Nomoc.
856 2175 887 2208 L
914 2177 958 2209 tit.
976 2177 1016 2210 16
1038 2189 1072 2219 p.
1089 2177 1154 2210 623
1178 2175 1278 2209 Voetl.
1304 2195 1349 2201 —
1373 2177 1590 2210 Summarium
1615 2189 1642 2211 c.
1655 2178 1702 2211 ΙΙ
1705 2190 1760 2221 pr.
1786 2178 1883 2212 habet
1906 2178 2040 2212 Nomoc.
2055 2179 2117 2212 XI
2121 2179 2208 2213 Vtit.
2224 2181 2297 2222 1‚s.

165 2297 188 2333 2
235 2297 359 2333 curiae
382 2300 416 2333 et
435 2298 529 2343 fisco
554 2297 795 2334 vindicentur.

874 2297 1013 2333 Damus
1028 2300 1146 2334 autem
1168 2296 1385 2343 facultatem
1409 2296 1455 2332 iis
1478 2298 1544 2344 qui
1565 2297 1711 2334 decreta
1732 2297 1891 2344 faciunt,
1915 2298 1948 2334 si
1967 2309 2073 2346 quem
2098 2298 2241 2343 laicum,
2262 2304 2414 2347 praeter

165 2342 339 2379 curialem
370 2346 407 2378 et
436 2343 653 2389 officialem,
681 2342 876 2390 praedicta
906 2343 1080 2380 electione
1103 2343 1252 2396 diqnum
1273 2343 1502 2389 putaverint,
1537 2343 1645 2379 talem
1670 2343 1848 2380 hominem
1881 2354 1961 2380 cum
1985 2344 2070 2380 aliis
2100 2344 2243 2381 duobus
2272 2346 2414 2384 clericis

165 2391 230 2425 aut
253 2387 439 2424 monachis
461 2388 637 2435 eliqendi,
663 2389 715 2425 ita
739 2393 857 2424 tamen
881 2393 923 2425 ut
945 2389 1061 2424 laicus
1085 2399 1145 2434 qui
1170 2387 1240 2424 hoe
1263 2388 1370 2424 modo
1394 2387 1444 2424 ad
1466 2389 1718 2435 episcopatum
1744 2389 1878 2425 electus
1901 2392 1957 2425 est
1978 2400 2054 2425 non
2072 2391 2195 2427 statim
2219 2392 2414 2439 episcopus

166 2438 321 2477 creetur,
350 2433 415 2469 sed
432 2434 543 2486 prius
566 2433 707 2470 clericis
737 2445 812 2470 non
835 2437 954 2470 minus
986 2434 1101 2471 tribus
1131 2434 1310 2470 mensibus
1339 2433 1608 2477 adnumeretur,
1638 2438 1677 2470 at
1703 2446 1748 2471 ue
1775 2435 1828 2471 ita
1850 2439 1999 2471 sanctos
2030 2445 2188 2471 canones
2211 2441 2247 2473 et
2267 2447 2413 2474 sacrum

166 2480 337 2516 ecclesiae
360 2479 598 2515 ministerium
622 2479 771 2515 edoctus
794 2480 989 2527 episcopus
1012 2483 1173 2516 creetur:
1194 2480 1262 2531 qui
1282 2480 1375 2515 enim
1399 2478 1494 2515 alios
1517 2479 1646 2516 docere
1695 2479 1791 2522 ebet,
1823 2481 1868 2516 ab
1893 2481 1977 2516 aliis
1994 2483 2082 2527 post
2104 2481 2325 2518 creationem
2348 2483 2413 2519 do-

166 2525 240 2562 ceri
263 2535 338 2560 non
361 2524 474 2561 debet.
523 2523 664 2568 Quodsi
691 2525 793 2570 forte
823 2526 861 2560 in
887 2526 1099 2571 quibusdam
1130 2525 1219 2561 locis
1249 2535 1324 2560 non
1348 2525 1581 2561 inveniantur
1613 2530 1686 2561 tres
1744 2536 1897 2562 ersonae
1929 2525 1980 2561 ad
2000 2526 2177 2562 eiusmodi
2205 2527 2414 2564 electionem

166 2571 330 2614 idoneae,
354 2570 462 2606 liceat
484 2570 531 2606 iis
554 2570 617 2617 qui
639 2570 784 2606 decreta
805 2571 955 2617 faciunt
977 2571 1022 2607 de
1046 2570 1186 2606 duabus
1209 2569 1267 2606 vel
1287 2570 1396 2606 etiam
1420 2581 1494 2605 una
1516 2581 1676 2617 persona
1699 2537 1844 2607 ficreta
1865 2571 2006 2617 facere,
2031 2582 2125 2617 quae
2149 2576 2268 2608 tamen
2292 2574 2413 2611 omnia

167 2628 190 2652 a
214 2615 317 2651 nobis
339 2615 447 2651 modo
472 2615 570 2652 dicta
595 2617 799 2652 testimonia
821 2615 963 2652 habeat.
1011 2615 1052 2652 Si
1072 2627 1157 2653 vero
1181 2615 1209 2651 ii
1232 2616 1299 2662 qui
1319 2616 1528 2662 episcopum
1551 2616 1685 2662 eliqere
1709 2616 1839 2653 debent
1861 2616 2037 2652 eiusmodi
2057 2616 2203 2654 decreta
2226 2618 2325 2654 intra
2344 2630 2414 2656 sex
2434 2656 2436 2659 f

167 2672 305 2696 menses
327 2671 402 2696 non
422 2661 601 2707 fecerint,
627 2665 711 2697 tunc
727 2661 898 2709 periculo
924 2662 1068 2698 animae
1090 2672 1179 2697 suae
1202 2661 1234 2696 is
1257 2662 1319 2697 cui
1340 2661 1510 2708 competit
1533 2672 1660 2698 creare
1682 2662 1894 2709 episcopum
1918 2666 2029 2706 creet,
2062 2666 2103 2698 ut
2127 2667 2246 2699 tamen
2269 2664 2412 2711 reliqua

167 2707 288 2742 omnia
336 2717 405 2742 uae
428 2706 589 2743 diximus
614 2706 856 2743 observentur.
904 2706 947 2743 Si
969 2707 1053 2753 quis
1076 2718 1162 2744 vero
1188 2710 1317 2742 contra
1341 2706 1626 2742 observationem
1657 2708 1763 2743 modo
1787 2710 2021 2743 memoratam
2052 2708 2246 2756 episcopus
2269 2713 2413 2746 creatus

167 2752 232 2795 sit,
265 2751 302 2787 iu
327 2762 425 2787 emus
454 2763 534 2788 eum
559 2751 723 2788 omnibus
745 2751 863 2788 modis
885 2753 930 2789 ab
953 2753 1168 2800 episcopatu
1191 2751 1343 2805 repelli‚·
1375 2763 1496 2788 verum
1521 2753 1628 2788 etiam
1652 2752 1754 2788 illum
1783 2753 1848 2799 qui
1872 2752 2046 2789 adversus
2070 2753 2159 2790 llaec
2183 2764 2309 2790 creare
2333 2766 2413 2792 eum

167 2808 279 2833 ausus
301 2797 360 2840 sit,
383 2808 453 2844 per
475 2808 586 2833 unum
610 2808 745 2833 annum
767 2798 937 2845 separari
961 2809 984 2834 a
1007 2809 1114 2834 sacro
1138 2797 1349 2840 ministerio,
1374 2800 1413 2833 at
1439 2809 1483 2833 ue
1507 2808 1646 2833 omnem
1669 2798 1747 2834 eius
1766 2798 2017 2841 substantiam,
2043 2810 2139 2845 quae
2157 2799 2413 2847 qualicumque

169 2846 329 2894 tempore
353 2845 419 2878 aut
440 2842 546 2879 modo
571 2843 609 2878 in
632 2843 830 2879 dominium
853 2844 930 2880 eius
946 2843 1167 2891 pervenerit,
1196 2846 1353 2890 propter
1376 2842 1420 2879 de
1435 2843 1543 2879 ictum
1567 2843 1668 2890 quod
1690 2843 1907 2880 commiserit
1930 2843 2090 2881 dominio
2114 2844 2287 2882 ecclesiae
2309 2847 2413 2882 cuius

166 2898 361 2936 episcopus
383 2887 432 2924 sit
455 2888 643 2925 vindicari.

303 2933 350 2969 II.
398 2932 441 2968 Si
464 2934 547 2980 quis
570 2937 689 2970 autem
712 2945 791 2970 eum
815 2934 879 2981 qui
901 2934 951 2970 ad
973 2934 1191 2985 creationem
1215 2934 1335 2988 episco
1356 2936 1449 2985 ,atus
1472 2932 1605 2985 electus
1628 2936 1680 2970 est
1704 2935 1932 2971 accusaverit
1954 2945 2005 2971 ex
2023 2935 2278 2983 qualicumque
2299 2948 2412 2973 causa

168 2989 263 3025 quae
285 2978 481 3014 secundum
505 2979 603 3025 leqes
625 2979 682 3015 vel
704 2990 862 3015 canones
885 2981 1103 3030 creationem
1127 2990 1205 3016 ecus
1228 2991 1323 3026 impe
1349 2990 1403 3015 zre
1423 2983 1554 3026 posset,
1579 2979 1775 3026 differatur
1798 2980 1875 3016 eius
1898 2981 2046 3023 creatio,
2078 2984 2115 3018 et
2129 2982 2240 3028 prius
2264 2993 2412 3018 causam

238 3116 258 3148 3
283 3115 355 3155 καὶ]
380 3110 403 3156 ἢ
428 3114 457 3147 S
470 3113 483 3157 ΙΙ
509 3115 531 3147 4
553 3116 764 3155 νομίσουσιν
789 3115 845 3156 Μ,
869 3115 1005 3149 Nomoc.
1020 3114 1053 3147 L
1078 3116 1124 3148 tit.
1139 3116 1173 3157 8]
1197 3126 1256 3149 νο-

169 3162 304 3204 μίσωσι
328 3159 481 3202 SEpan.
509 3158 522 3202 ΙΙ
553 3155 629 3200 δύο]
661 3161 757 3212 ‘confi
781 3161 892 3203 Epan.
921 3159 933 3204 ΙΙ
966 3161 984 3193 5
1010 3153 1108 3192 οὕτω
1131 3162 1257 3204 μέντοι

172 3202 381 3283 maalain?
408 3204 621 3291 iin'eEssZTr'*
649 3207 664 3258 ἶ
691 3203 911 3294 ἓυῖἷῗεῧςὲᾞ
926 3206 1037 3284 ἶῖἔῗζὲ
1055 3203 1257 3295 Ιέἐζιὶεῗξνῇ

174 3262 214 3331 (123
239 3292 262 3337 ἢ
285 3295 343 3336 M]
370 3273 573 3330 omsSe'Iul.
590 3294 603 3338 ΙΙ
628 3262 857 3339 τὲἷτςιφῖσματα]
883 3262 1057 3328 deci-etun}2
1067 3307 1086 3332 ς
1110 3295 1122 3339 ΙΙ
1140 3263 1189 3330 718
1212 3294 1258 3330 τὰ

173 3340 327 3375 τοιαῦτα
343 3342 572 3385 ψηφίσματα]
595 3340 694 3373 citius
713 3340 785 3382 ipsa
801 3341 931 3374 decreta
947 3352 966 3377 ς
981 3340 994 3382 ss
1014 3342 1054 3375 19
1075 3340 1258 3384 ποιήσωσι

173 3388 202 3420 S
213 3399 244 3418 υ.
260 3387 280 3420 Ι.
306 3385 318 3430 ΙΙ
348 3387 390 3420 20
414 3387 662 3429 χειροτονείτω
687 3386 744 3428 Μ,
764 3386 896 3420 Nomoc.
911 3386 943 3419 L
957 3387 1016 3426 tia]
1048 3388 1257 3431 χειροτονεί-

174 3431 260 3465 σθω
286 3430 341 3474 811
361 3432 403 3464 32
426 3430 651 3471 *ἐπισκοπῆς
675 3432 752 3464 decli
774 3443 813 3464 ez·
833 3443 853 3467 ς
868 3432 945 3473 Ιιιί.,
968 3432 1025 3474 qui
1047 3432 1164 3465 habent
1188 3431 1256 3475 epi-

172 3479 336 3519 scopatus]
362 3475 561 3510 ἐπισκόπου
583 3476 632 3516 Μ,
649 3489 706 3509 om.
721 3476 749 3509 S
765 3475 777 3520 ΙΙ
794 3475 1020 3522 κατηγορήσῃ
1044 3476 1074 3510 S
1084 3489 1114 3509 v.
1128 3477 1149 3510 l.

240 3612 256 3644 1
282 3610 492 3644 nendicantis
515 3610 594 3654 13²1}
611 3612 734 3652 autem]
760 3612 870 3643 autem
894 3610 925 3643 ei
944 3611 978 3644 R
995 3610 1008 3655 ΙΙ
1026 3613 1045 3645 2
1071 3613 1256 3656 quempiam

182 3656 321 3700 Vvulffi]
346 3666 542 3699 quemquam
568 3656 636 3689 ΒΤ
654 3656 666 3699 ΙΙ
693 3656 884 3690 carnalem?
909 3656 958 3688 Β*
975 3656 987 3700 ΙΙ
1017 3657 1037 3690 3
1063 3657 1258 3690 electionem

174 3701 226 3733 Ra
244 3701 256 3743 ΙΙ
273 3711 342 3734 esse
364 3713 420 3735 om.
443 3702 478 3735 V
493 3703 505 3741 ΙΙ
532 3703 553 3735 4
577 3703 663 3742 cum]
689 3712 764 3735 enm
788 3712 863 3734 cum
887 3701 920 3734 R
935 3700 948 3746 ΙΙ
978 3702 998 3735 5
1023 3704 1061 3734 ut
1082 3702 1174 3743 VT1]
1199 3706 1258 3735 aut

175 3745 266 3780 RT2‘
286 3748 338 3789 (ut
361 3759 443 3781 corr.
458 3747 520 3789 T3)
538 3747 550 3791 ss
575 3747 605 3781 si
628 3746 745 3788 laicus]
770 3747 914 3780 alicuius
937 3746 1017 3791 13¹ss
1042 3747 1145 3781 huius
1168 3748 1257 3780 modi

1327 3114 1376 3147 Τ2
1395 3113 1407 3157 ΙΙ
1425 3115 1442 3146 7
1461 3112 1601 3147 clericus
1618 3113 1651 3146 R
1669 3108 1725 3157 {1'8
1745 3113 1951 3146 cotidianum
1968 3124 2064 3147 usum
2082 3114 2219 3148 ecclesie
2240 3115 2294 3148 uel
2310 3115 2410 3149 mini-

1324 3160 1461 3193 sterium
1484 3159 1549 3202 Vll
1576 3160 1616 3192 10
1642 3159 1758 3192 docere
1782 3158 1879 3191 debet
1905 3159 1938 3192 T
1951 3159 1963 3203 ΙΙ
1985 3161 2072 3201 post]
2096 3170 2177 3203 prae
2200 3159 2278 3205 13¹1}
2307 3163 2342 3196 11
2372 3163 2411 3194 ut

1326 3204 1438 3238 euenit
1461 3203 1498 3236 in
1528 3204 1626 3237 Vvul
1650 3206 1670 3245 .]
1707 3206 1745 3238 ut
1774 3203 1934 3237 conuenit
1963 3204 1999 3236 in
2023 3204 2073 3237 Β*
2118 3207 2157 3237 ut
2188 3206 2337 3238 euenerit
2360 3207 2410 3240 Τι

1326 3249 1439 3283 euenit
1463 3250 1502 3282 ut
1525 3249 1559 3280 in
1584 3249 1617 3282 Τ
1668 3249 1817 3282 euenerit
1837 3250 1876 3282 ut
1896 3249 1931 3281 in
1955 3248 2003 3282 132
2017 3249 2029 3293 ΙΙ
2058 3250 2100 3284 12
2124 3252 2301 3294 oportuere
2323 3251 2376 3285 V‘*
2398 3250 2411 3296 ss

1328 3298 1370 3330 14
1394 3305 1505 3327 omnes
1529 3296 1639 3326 tamen
1666 3294 1713 3335 Τ]
1750 3304 1804 3328 eos
1826 3296 1937 3327 tamen
1962 3305 2076 3328 omnes
2100 3296 2149 3337 (os
2172 3295 2236 3339 R¹)
2265 3296 2300 3328 R
2320 3298 2408 3340 vulq.

1326 3352 1380 3374 eos
1404 3349 1515 3372 omnes
1536 3338 1593 3382 Vn
1610 3339 1715 3372 dictas
1736 3339 1834 3381 RT¹J
1858 3340 1925 3372 iam
1946 3339 2051 3372 dictas
2070 3341 2199 3383 Vvulq.
2223 3341 2410 3384 praedictas

1328 3386 1377 3419 Τ2
1395 3385 1407 3426 11
1432 3386 1472 3418 15
1497 3384 1685 3417 *habentes
1709 3385 1787 3418 libri
1802 3385 1814 3429 ΙΙ
1842 3387 1882 3419 16
1906 3384 2002 3418 cuius
2028 3385 2077 3418 Τι
2094 3385 2106 3429 ΙΙ
2133 3386 2221 3418 inter
2245 3387 2293 3419 R¹
2313 3387 2326 3431 ss
2341 3390 2408 3429 sex]

1326 3442 1349 3464 v
1374 3431 1423 3464 Τι
1441 3430 1453 3473 ss
1473 3432 1512 3464 17
1536 3440 1604 3462 non
1629 3437 1660 3463 et
1680 3430 1831 3474 periculo
1855 3443 1913 3464 om.
1929 3430 1978 3463 Τι
1997 3430 2009 3473 ΙΙ
2027 3431 2067 3464 18
2090 3430 2241 3464 ordinari
2263 3431 2375 3465 R²T¹
2397 3433 2410 3476 ΙΙ

1329 3478 1368 3510 19
1394 3475 1538 3508 diximus
1563 3475 1596 3508 T
1603 3475 1690 3519 vulq.
1710 3474 1722 3519 H
1740 3476 1780 3510 21
1802 3475 1908 3508 modis
1924 3475 2078 3508 omnibus
2096 3476 2129 3509 T
2140 3476 2152 3520 ΙΙ
2172 3477 2215 3510 22
2234 3477 2298 3510 hoc
2313 3487 2409 3520 prae·

1325 3520 1502 3564 sumpserit
1518 3521 1551 3554 R
1565 3521 1654 3564 vulq.
1670 3522 1682 3563 ΙΙ
1702 3522 1744 3555 25
1761 3521 1895 3565 culpam
1912 3521 2022 3563 quam]
2044 3531 2144 3562 quam
2160 3522 2290 3564 culpam
2309 3533 2409 3565 quam

1328 3567 1377 3600 Τι
1397 3566 1409 3607 ΙΙ
1425 3566 1468 3601 31
1480 3568 1568 3599 rubr.
1585 3565 1636 3598 De
1651 3566 1918 3599 accusationibus
1935 3566 2166 3610 episcoporum
2187 3567 2292 3601 VTin
2306 3581 2408 3612 marq.

1326 3613 1377 3654 (ex
1390 3611 1470 3654 Iul.)
1488 3610 1500 3655 ΙΙ
1516 3612 1628 3644 autem
1652 3622 1707 3645 om.
1725 3612 1760 3645 V
1771 3612 1783 3655 ΙΙ
1799 3612 1922 3644 electus
1937 3612 1969 3645 T
1975 3612 1986 3632 ¹
2011 3611 2153 3645 electum
2169 3623 2226 3646 om.
2249 3613 2292 3646 V¹
2309 3613 2322 3657 ss
2339 3613 2409 3656 epi-

1326 3667 1444 3699 scopus
1470 3657 1502 3689 T
1509 3656 1520 3676 ¹
1557 3656 1745 3700 episcopum
1771 3657 1824 3691 Τ2
1845 3657 1856 3702 ΙΙ
1887 3658 1930 3690 32
1955 3659 2064 3698 causa]
2089 3667 2160 3690 eam
2183 3658 2217 3690 R
2235 3657 2248 3702 ΙΙ
2264 3659 2306 3692 33
2332 3669 2409 3692 can-

1326 3712 1427 3780 ἓοὲεε
1442 3701 1474 3780 ξ
1487 3701 1499 3744 ΙΙ
1516 3701 1671 3767 ἱῐηρεξίἰῐί
1683 3702 1731 3735 R¹
1749 3701 1761 3747 Η
1776 3701 1981 3735 ordinationi
1997 3703 2042 3735 R¹
2054 3703 2086 3735 Τ
2092 3702 2104 3723 ¹
2122 3702 2135 3747 1}
2151 3703 2195 3738 34
2207 3703 2343 3737 difflatur
2360 3704 2410 3738 V¹

1348 3747 1362 3779 i
1387 3757 1440 3779 ere
1465 3750 1541 3779 atur
1567 3748 1600 3780 Τ

2073 3804 2138 3838 75*
