2618 4010
235 101 342 145 Nov.
373 100 507 144 LXVI
541 104 558 142 1
1310 95 1397 145 342
2015 117 2076 149 υτ
2095 77 2280 148 ¹taleme
2308 114 2458 150 novin

236 209 598 266 καταλιμπανόμενον
613 213 759 254 κρατεῖν
776 211 838 245 ἐπί
858 222 898 244 τε
918 211 979 253 τῆς
1003 207 1212 254 εὐδαίμονος
1232 209 1316 246 ταύ-
1334 205 1338 208 ’
1383 211 1619 255 relinquatur,
1651 212 1769 249 valere
1799 216 1836 249 et
1863 214 1902 251 in
1933 215 2003 252 hac
2026 215 2231 252 felicissima
2253 214 2395 251 civitate
2424 217 2460 251 et

237 267 297 297 της
321 254 456 289 nolam
479 256 520 288 ἔν
544 267 584 288 τε
607 257 684 288 ταῖς
708 256 893 300 ἐπαρχίαις
914 254 1006 300 μετὰ
1034 253 1097 290 δύο
1120 256 1234 299 μῆνας
1256 257 1317 299 τῆς
1383 257 1420 291 in
1443 255 1634 301 provinciis
1665 260 1749 301 post
1771 257 1861 294 duos
1893 268 2033 297 menses
2056 259 2322 302 insinuationis,
2354 260 2460 296 sicuti

237 303 475 345 ἐμφανίσεως,
500 298 670 352 καθάπερ
694 296 856 334 εἰπόντες
878 299 1064 345 ἔφθημεν·
1099 297 1193 334 διότι
1215 313 1315 347 γενο-
1384 300 1645 345 praediximus:
1668 310 1709 337 eo
1727 302 1824 346 quod
1841 302 1945 340 factis
1965 314 1988 340 a
2003 306 2107 343 nobis
2123 304 2359 342 uniformibus
2376 315 2459 342 con-

234 347 356 388 μένων
379 340 464 388 ἡμῖν
482 344 668 378 ἰσοτυπων
688 341 889 385 διατάξεων
913 347 994 388 περὶ
1018 345 1080 378 τοῦ
1098 347 1230 391 μέτρου
1253 345 1316 388 τῆς
1384 346 1630 382 stitutionibus
1661 344 1705 381 de
1727 356 1895 383 mensura
1923 348 2158 387 institutionis
2182 350 2357 394 filiorum,
2389 350 2460 385 alia

236 386 436 423 ένστάσεως
466 390 544 423 τῶν
567 387 723 431 παίδων,
753 391 815 433 τῆς
872 391 911 424 ὲν
941 391 985 437 τῇ
1009 387 1188 432 Ἑλλήνων
1208 390 1315 434 φωνῆ
1352 393 1370 425 5
1410 389 1527 426 uidem
1541 390 1760 426 Graecorum
1777 390 1900 436 lingua
1915 395 2119 440 conscripta
2138 399 2284 440 propter
2301 395 2459 430 multitu-

235 436 478 480 γεγραμμένης
509 431 570 467 διὰ
599 432 641 468 τὸ
669 435 722 479 τῷ
755 433 827 478 πλή
860 447 892 468 ει
922 432 1154 476 κατάλληλον,
1185 435 1247 477 τῆς
1276 425 1317 468 δὲ
1385 400 1477 471 {inis
1497 434 1744 480 frequentiam,
1767 435 1839 471 alia
1856 447 1938 472 vero
1957 437 2078 482 latina,
2099 450 2189 485 quae
2208 440 2315 475 etiam
2334 439 2460 475 firmis-

236 480 280 524 τῇ
295 476 484 523 Ῥωμαίων
508 476 598 524 ἥπερ
618 481 696 514 ἐστὶ
719 482 778 514 καὶ
797 476 999 526 κυριωτάτη
1025 476 1085 512 διὰ
1108 478 1150 513 τὸ
1169 479 1230 522 τῆς
1250 491 1316 514 πο·
1386 479 1476 515 Sima
1498 483 1645 525 propter
1667 479 1887 525 reipublicae
1907 481 2056 527 figuram
2071 490 2136 527 est,
2160 485 2222 521 illa
2241 484 2380 530 quidem
2396 485 2459 520 ka·

237 522 369 558 λιτείας
393 524 527 568 σχῆμα,
558 522 579 567 ἡ
610 526 677 569 μὲν
707 522 885 559 καλάνδας
915 527 1081 570 Μαρτίας
1110 526 1197 567 ἐξίει,
1232 537 1317 570 γρα-
1385 524 1570 560 lendarum
1587 524 1799 560 Martiarum
1821 525 1931 561 habet
1950 529 2222 573 conscriptionis
2246 532 2333 565 tunc
2357 529 2460 573 diem,

237 571 343 612 φεῖσα
361 570 429 613 μὲν
444 568 539 610 τότε,
560 565 623 603 οὐκ
635 569 905 615 έμφανισθεῖσα
925 566 965 602 δὲ
982 569 1180 612 τηνικαῦτα
1197 565 1316 610 mistis,
1385 579 1458 605 non
1482 573 1602 605 autem
1625 569 1807 606 insinuata
1821 573 1919 614 tunc,
1944 572 2016 607 alia
2033 583 2115 609 vero
2128 574 2259 610 Latina
2274 584 2360 611 voce
2377 585 2460 610 con-

237 611 258 656 ἦ
283 611 323 647 δὲ
344 615 389 660 τῇ
407 611 596 657 Ῥωμαίων
614 616 718 662 φωνῇ
739 615 964 661 γεγραμμένη
989 612 1079 658 πρὸς
1092 612 1318 657 Σολομῶντα
1333 617 1372 650 10
1387 614 1522 659 scripta
1546 614 1593 650 ad
1607 614 1832 651 Solomonem
1850 615 2139 659 gloriosissimum
2158 619 2256 664 apud
2270 619 2382 655 Afros
2403 629 2459 655 sa-

236 657 304 692 τὸν
337 655 578 699 ἐνδοξότατον
612 660 690 694 τῶν
721 661 761 694 έν
791 658 935 704 Ἀφροις
972 658 1081 704 ἱερῶν
1120 657 1318 706 ἡγούμενον
1387 669 1528 695 crorum
1542 660 1743 705 praesulem
1754 662 1841 696 tunc
1852 662 2112 705 praetoriorum
2125 664 2298 701 kalendas
2307 664 2459 710 Aprilis:

238 707 476 750 πραιτωρίων
519 703 698 739 καλάνδας
737 702 941 750 Ἀπριλλίας
987 706 1318 751 προςγεγραμμένας

235 748 262 784 8
306 749 395 791 ἔχει·
440 746 565 794 διόπερ
594 747 677 784 οὐδὲ
703 747 724 792 ἡ
757 750 800 797 τῇ
833 746 973 782 Ἐλλάδι
1005 750 1110 796 φωνῇ
1138 751 1318 795 γραφεῖσα
1386 749 1411 785 3
1457 748 1542 795 quia
1566 759 1679 794 neque
1703 749 1843 785 Graeca
1866 750 1989 794 lingua
2012 751 2217 797 conscripta
2239 764 2322 790 mox
2344 754 2462 798 palam

235 796 360 840 γέγονε
391 795 609 842 παραχρῆμα
643 791 867 839 καταφανής,
908 795 974 827 ἕως
1005 796 1065 827 καὶ
1101 791 1123 836 ἦ
1157 794 1201 841 τῇ
1238 791 1317 828 Ῥω·
1386 794 1484 830 facta
1505 798 1561 830 est
1579 809 1732 827 noun
1755 799 1791 831 et
1814 795 1962 839 directa,
1986 794 2137 840 denique
2159 797 2266 833 etiam
2289 808 2380 844 quae
2403 799 2462 834 hic

236 842 358 882 μαίων
381 839 600 873 συντεθεῖσα
622 837 766 886 γλώττῃ
790 841 917 885 γέγονέ
944 851 985 872 τε
1007 841 1067 872 καὶ
1093 838 1316 884 ἐξεπέμφθη,
1334 843 1372 876 15
1386 839 1434 875 ad
1456 839 1630 883 gloriosos
1654 839 1856 885 praefectos
1887 850 2071 876 sacrorum
2094 844 2296 878 nostrorum
2318 847 2462 889 praeto·

236 880 356 927 ἀμέλει
381 881 421 917 δὲ
443 887 503 917 καὶ
534 883 554 926 ἡ
580 883 666 930 πρὸς
691 883 771 918 τοὺς
794 883 960 917 ἐνταῦθα
982 881 1236 924 ἐνδοξοτάτους
1257 885 1316 919 ἐπ·
1386 884 1522 920 rIorum
1552 885 1687 930 scripta
1711 888 1784 927 est,
1814 885 1853 921 id
1874 887 1930 921 est
1953 885 2108 928 Graeca,
2140 885 2237 922 Maio
2266 897 2386 923 mense
2408 889 2461 923 in-

236 926 362 972 άρχους
385 929 463 981 τῶν
487 928 595 974 ἱερῶν
615 927 719 973 ἡμῶν
741 931 977 974 πραιτωρίων
993 931 1218 975 γεγραμμένη
1239 933 1319 975 (φα-
1387 929 1531 965 sinuata
1563 932 1618 966 est
1649 930 1686 965 in
1718 930 1841 966 eadem
1873 930 1956 966 sede
1984 934 2091 984 atqpe
2113 930 2260 967 directa.
2307 932 2463 978 Ideoque

235 975 304 1017 μὲν
336 971 379 1016 δὴ
410 986 477 1015 την
501 972 701 1016 Ἑλληνίδα)
724 972 817 1007 κατὰ
841 971 907 1007 τὸν
931 971 1052 1008 Μάιον
1072 975 1168 1017 μῆνα
1191 975 1317 1020 ἐνεφα-
1387 974 1567 1010 sancimus
1598 978 1763 1020 oportere
1793 976 1868 1011 eius
1898 975 2156 1020 legislationem
2209 986 2276 1012 uae
2300 977 2343 1013 de
2365 988 2462 1014 men-

235 1018 350 1061 νίσθη
371 1032 410 1052 τε
434 1019 487 1061 τῷ
512 1016 635 1053 αὐτῶν
660 1017 880 1065 δικαστηρίῳ
906 1021 965 1052 καὶ
990 1018 1214 1065 ἐξεπέμφθη.
1254 1021 1316 1054 Θε-
1387 1029 1472 1055 sura
1494 1019 1730 1056 institutionis
1761 1020 1917 1057 filiorum
1948 1020 2129 1066 eloquitur
2157 1031 2201 1056 va
2216 1031 2275 1058 ere
2305 1022 2364 1058 hic
2387 1024 2462 1067 qui-

236 1065 412 1107 σπίζομεν
432 1066 557 1097 τοίνυν
580 1062 656 1098 δεῖν
680 1062 746 1106 τὴν
766 1061 872 1107 αὐτῆς
896 1064 1124 1108 νομοθεσίαν
1147 1062 1214 1108 τὴν
1234 1067 1316 1111 περὶ
1331 1067 1373 1100 20
1387 1064 1466 1100 dem
1489 1074 1533 1100 ex
1556 1065 1718 1101 kalendis
1741 1068 1828 1101 tunc
1847 1065 1964 1109 Maiis,
1989 1069 2030 1101 ut
2054 1065 2145 1102 duos
2168 1076 2308 1102 menses
2331 1067 2365 1103 ei
2388 1078 2462 1103 ser-

236 1109 300 1142 τοῦ
321 1110 452 1153 μέτρου
476 1109 537 1150 τῆς
561 1107 761 1143 ένστάσεως
787 1109 866 1143 τῶν
890 1107 1038 1143 παίδων
1061 1107 1316 1156 διαλεγομένην
1387 1120 1517 1152 νθωιιε,
1541 1109 1579 1145 in
1599 1110 1790 1155 provinciis
1809 1112 1929 1146 autem
1952 1120 1997 1146 ex
2016 1120 2086 1155 quo
2110 1111 2199 1147 haec
2222 1111 2342 1157 palam
2364 1111 2464 1148 facta

236 1155 381 1200 κρατεῖν
399 1153 564 1187 ἐνταῦθα
584 1155 651 1198 μὲν
668 1151 740 1188 ἀπὸ
761 1155 840 1188 τῶν
857 1151 941 1188 τότε
961 1152 1155 1189 καλανδῶν
1170 1153 1315 1196 Μαΐων,
1386 1158 1450 1198 est,
1483 1155 1590 1190 etiam
1619 1155 1670 1191 ibi
1693 1155 1832 1192 duobus
1865 1155 2046 1192 mensibus
2076 1159 2160 1200 post
2190 1156 2464 1193 insinuationem

237 1198 297 1232 ἵνα
331 1196 398 1241 τὴν
433 1195 585 1242 δίμηνον
621 1197 709 1246 αὐτῇ
746 1197 978 1244 φυλάξωμεν,
1014 1200 1055 1234 ἐν
1085 1197 1126 1233 δὲ
1161 1197 1204 1242 δὴ
1239 1202 1316 1233 ταῖς
1386 1199 1577 1236 servandis.
1634 1200 1672 1236 Si
1702 1211 1784 1237 vero
1821 1201 1978 1236 nondum
2012 1200 2189 1237 hactenus
2226 1201 2264 1236 in
2300 1202 2463 1238 omnibus

237 1245 422 1287 ἐπαρχίαις
453 1243 492 1283 ἐξ
515 1239 600 1278 ὅτου
629 1246 777 1291 γέγονεν
805 1240 894 1287 αὕτη
919 1243 1146 1290 καταφανής,
1177 1241 1316 1278 κάκεῖσε
1386 1244 1575 1289 provinciis
1612 1245 1789 1282 destinata
1819 1249 1889 1288 est,
1925 1245 2092 1281 velociter
2126 1250 2162 1281 et
2195 1255 2273 1282 eam
2309 1250 2344 1282 et
2374 1248 2463 1283 alias

236 1289 298 1329 τῆς
322 1285 470 1332 διμήνου
493 1287 584 1332 μετὰ
608 1287 675 1332 τὴν
690 1288 885 1334 ἐμφάνισιν
909 1288 1186 1334 φυλαττομένης.
1229 1289 1259 1323 εἰ
1279 1287 1318 1323 δὲ
1330 1293 1371 1325 25
1385 1300 1476 1334 quae
1499 1290 1592 1326 forte
1618 1301 1690 1326 non
1714 1292 1842 1327 missae
1868 1293 1952 1326 sunt
1975 1290 2093 1326 adhuc
2122 1294 2186 1326 aut
2209 1292 2316 1327 etiam
2339 1296 2465 1337 postea

236 1332 338 1367 οὔπω
363 1335 422 1366 καὶ
446 1334 513 1367 νῦν
545 1335 585 1368 ἐν
614 1332 746 1369 πάσαις
775 1337 853 1368 ταῖς
883 1335 1070 1381 ἐπαρχίαις
1094 1334 1317 1379 ἐξεπέμφθη,
1386 1334 1578 1370 comitante
1602 1335 1668 1371 deo
1692 1346 1714 1372 a
1737 1336 1840 1371 nobis
1863 1335 2047 1371 faciendas
2070 1335 2166 1371 mitti
2188 1347 2284 1372 nunc
2309 1337 2364 1373 vel
2382 1337 2462 1372 mit-

236 1376 292 1412 ὅτι
316 1375 470 1420 τάχιστα
494 1375 607 1422 αὐτὴν
631 1391 670 1413 τε
694 1381 754 1412 καὶ
776 1378 840 1412 τὰς
866 1376 982 1421 ἄλλας,
1014 1379 1121 1425 αἵπερ
1144 1379 1231 1413 ἴσως
1254 1378 1317 1413 οὐκ
1385 1379 1511 1415 tendas
1527 1390 1617 1424 esse,
1637 1384 1812 1425 quatenus
1828 1384 1973 1416 nostrae
1990 1381 2262 1417 constitutiones
2278 1382 2316 1417 in
2332 1385 2463 1418 metro-

237 1423 520 1468 ἐξεπέμφθησαν
537 1424 591 1457 ἔτι
610 1423 632 1466 ἢ
651 1421 717 1457 κᾶν
735 1420 886 1470 ὕστερον
907 1422 1101 1470 ἡγουμένου
1118 1424 1208 1458 θεοῦ
1225 1421 1314 1468 παρ’
1414 1424 1555 1460 olitanis
1587 1426 1790 1462 civitatibus
1820 1425 1909 1461 fiant
1944 1426 1999 1461 vel
2027 1425 2214 1462 faciendae
2249 1427 2322 1462 sint
2350 1427 2463 1463 mani-

236 1467 349 1512 ἡμῶν
374 1468 536 1511 τεθεῖεν,
578 1468 839 1514 ἐκπεμφθῆναί
876 1481 916 1503 τε
954 1472 1013 1503 καὶ
1052 1469 1317 1513 ἐκπέμπεσθαι,
1401 1473 1516 1515 estae3
1555 1470 1819 1515 provinciarum
1855 1480 1940 1506 vero
1974 1471 2158 1516 praesides
2192 1471 2290 1516 ipsos
2325 1473 2465 1508 mittere

237 1511 298 1559 ἐφ’
319 1510 348 1556 ᾧ
373 1525 414 1546 τε
437 1513 499 1547 τὰς
522 1509 691 1560 ἡμετέρας
715 1511 892 1554 διατάξεις
914 1515 956 1548 ἐν
974 1517 1053 1549 ταῖς
1074 1513 1316 1562 μητροπόλεσι
1330 1516 1372 1550 30
1386 1524 1447 1550 eas
1470 1519 1506 1550 et
1529 1516 1701 1552 missuros
1733 1526 1811 1552 esse
1841 1526 1907 1561 per
1937 1525 2059 1553 omnes
2092 1516 2251 1552 civitates
2282 1518 2350 1553 sub
2374 1527 2463 1553 una·

237 1559 315 1592 τῶν
346 1557 474 1593 ἐθνῶν
503 1559 679 1605 γενέσθαι
714 1572 753 1593 τε
785 1562 845 1592 καὶ
874 1559 1047 1605 γίνεσθαι
1079 1562 1313 1606 καταφανεῖς·
1386 1570 1525 1605 quaque
1557 1561 1740 1605 provincia
1773 1561 2004 1603 constitutas,
2043 1562 2084 1595 ut
2114 1561 2233 1596 nullus
2269 1561 2314 1598 de
2344 1566 2463 1599 cetero

236 1602 317 1638 τοὺς
345 1600 385 1637 δὲ
415 1604 493 1638 τῶν
517 1604 702 1651 ἐπαρχιῶν
725 1601 936 1651 ἡγουμένους
968 1602 1093 1639 αὐτοὺς
1116 1603 1256 1638 στεῖλαί
1276 1617 1316 1638 τε
1385 1606 1609 1641 occasionem
1633 1610 1751 1642 sumat
1777 1606 1966 1643 cuiuslibet
1990 1605 2237 1650 ignorationis.

238 1646 347 1683 αὐτὰς
375 1651 435 1682 καὶ
468 1647 628 1683 στέλλειν
659 1650 699 1683 ἐν
730 1648 861 1684 πάσαις
893 1651 971 1683 ταῖς
994 1646 1121 1684 πόλεσι
1151 1652 1229 1684 ταῖς
1253 1647 1312 1704 ἐφ’

237 1690 367 1740 ἑκάστῃ
392 1695 546 1738 ἐπαρχία
569 1702 678 1741 τεταγ
706 1696 817 1736 ε’ναις,
851 1691 940 1728 ὥςτε
961 1692 1100 1738 μηδένα
1121 1693 1164 1728 τὸ
1189 1693 1316 1729 λοιπον

236 1740 262 1775 4
305 1739 600 1784 προφασίζεσθαι
621 1752 670 1783 μη
695 1742 800 1783 εμίαν
819 1737 980 1785 ἄγνοιαν.
1023 1737 1080 1773 Ὡς
1101 1736 1143 1773 τό
1166 1753 1207 1786 γε
1226 1753 1315 1786 παρ·
1329 1742 1371 1776 35
1385 1739 1408 1774 4
1455 1739 1558 1775 Unde
1581 1740 1813 1786 praeteritum
1829 1750 1933 1776 omne
1951 1740 2082 1776 iustam
2102 1741 2211 1777 habet
2233 1741 2379 1784 veniam,
2404 1752 2463 1777 va·

238 1784 371 1828 ῳχηκὸς
387 1782 488 1819 ἅπαν
502 1781 647 1818 δικαίαν
663 1786 734 1827 ἔχει
748 1781 974 1831 συγγνώμην,
991 1787 1051 1818 καὶ
1066 1789 1317 1829 κρατείτωσαν
1384 1786 1552 1830 leantque
1593 1785 1844 1821 defunctorum
1881 1785 2154 1831 dispositiones,
2195 1787 2250 1821 vel
2285 1786 2317 1822 si
2350 1796 2466 1831 nuper

239 1829 278 1863 αἱ
306 1829 384 1864 τῶν
414 1827 708 1872 τελευτησάντων
740 1827 994 1871 διατυπώσεις,
1027 1826 1095 1863 κᾶν
1114 1830 1146 1863 εἰ
1169 1831 1317 1877 ἔναγχος
1384 1829 1504 1866 factae
1527 1830 1615 1874 sint,
1647 1830 1741 1866 sicut
1765 1840 1826 1866 eas
1848 1830 1900 1865 illi
1923 1832 2104 1874 fecerunt,
2136 1831 2189 1867 vel
2214 1831 2245 1867 si
2270 1831 2464 1867 secundum

236 1871 417 1922 γεγόνασι,
441 1873 612 1916 καθάπερ
637 1872 744 1908 αὐτὰς
767 1875 895 1909 ἐκεῖνοι
920 1878 1155 1917 πεποίηνται,
1185 1871 1253 1909 κᾶν
1286 1875 1318 1908 εἰ
1384 1875 1483 1920 prius
1518 1877 1697 1911 tenentem
1737 1875 1994 1920 legislationem
2033 1876 2162 1912 litteris
2201 1876 2355 1921 propriis
2394 1887 2465 1912 non

238 1918 328 1954 κατὰ
352 1918 419 1962 τὴν
438 1921 620 1967 προτέραν
643 1920 848 1965 κρατοῦσαν
868 1919 1092 1964 νομοθεσίαν
1110 1916 1317 1966 γράμμασιν
1385 1919 1607 1965 scripserunt
1637 1921 1806 1956 heredum
1838 1921 2096 1966 appellationes
2129 1923 2192 1956 aut
2223 1921 2374 1957 testibus
2403 1931 2464 1956 eas

238 1966 377 1999 οἰκείοις
408 1960 470 1998 οὐκ
499 1966 666 2019 ἔγραψαν
697 1963 759 1999 τὰς
789 1964 868 1999 τῶν
890 1962 1124 2010 κληρονόμων
1148 1975 1316 2011 προςηγο-
1330 1967 1372 2000 40
1386 1975 1456 2000 non
1480 1964 1644 2001 fecerunt
1666 1965 1874 2002 manifestas
1899 1970 1963 2002 aut
1986 1968 2060 2002 tres
2086 1966 2212 2001 uncias
2236 1969 2273 2002 et
2294 1976 2366 2003 non
2389 1976 2463 2002 am-

239 2013 315 2056 ρίας
338 2006 361 2052 ἢ
384 2012 456 2044 τοῖς
477 2020 655 2055 μαρτυσιν
679 2007 805 2043 αὐτοὺς
828 2007 891 2043 οὐκ
915 2007 1131 2053 ἐποιήσαντο
1155 2022 1316 2055 καταφα-

237 2057 318 2097 νεῖς,
350 2051 372 2097 ἢ
395 2053 596 2101 τριούγκιον
621 2051 702 2088 ἀλλ’
730 2052 770 2088 οὗ
795 2053 918 2089 πλεῖον
941 2052 1223 2089 καταλελοίπασι
1245 2057 1319 2090 τοῖς

296 2146 315 2190 ξ
341 2148 362 2180 4
382 2158 533 2179 summam
559 2153 651 2179 notat
672 2146 859 2190 Anonymus
879 2145 1088 2179 Bodleianus
1113 2158 1166 2188 ap.
1189 2146 1379 2180 Zachariae
1400 2141 1535 2180 Ἀνέκὸ.
1556 2158 1593 2189 p.
1607 2147 1672 2180 213
1698 2147 1753 2180 ubi
1776 2147 1895 2180 citatur
1918 2144 2032 2192 νεαρὰ
2052 2144 2120 2188 §Est

238 2235 361 2273 liberis
387 2233 662 2281 relinquendum
695 2237 765 2277 est,
804 2233 924 2270 valeat
955 2237 989 2269 et
1018 2233 1057 2268 in
1086 2233 1155 2270 hac
1184 2233 1288 2280 felici
1318 2235 1407 2270 urbe
1437 2237 1473 2270 et
1500 2234 1539 2269 in
1562 2234 1767 2280 provinciis
1796 2239 1883 2281 post
1911 2234 2004 2270 duos
2032 2245 2169 2272 menses
2198 2235 2465 2279 insinuationis,

237 2280 344 2317 sicuti
367 2283 475 2315 antea
498 2278 675 2321 diximus,
707 2278 879 2324 quoniam
911 2289 991 2313 cum
1014 2278 1087 2314 duo
1112 2278 1282 2325 exempla
1306 2279 1604 2314 constitutionum
1635 2278 1679 2314 de
1702 2278 1809 2315 modo
1832 2280 2069 2316 institutionis
2095 2280 2287 2316 liberorum
2314 2293 2337 2316 a
2360 2280 2466 2317 nobis

236 2327 341 2373 saeta
363 2325 446 2367 sint,
472 2324 625 2360 alterum
652 2323 872 2359 Graecorum
896 2323 1023 2369 linqua
1047 2324 1292 2370 conscriptum
1313 2328 1468 2371 propter
1490 2324 1643 2360 idoneas
1665 2324 1887 2371 multitudini
1908 2325 2080 2368 rationes,
2105 2325 2258 2362 alterum
2285 2325 2464 2362 Romano-

237 2382 330 2413 rum,
354 2369 453 2416 quod
475 2368 619 2416 quidem
642 2368 698 2405 vel
718 2368 872 2405 maximi
895 2369 1064 2405 momenti
1079 2373 1134 2405 est
1155 2373 1309 2416 propter
1330 2368 1552 2415 reipublicae
1572 2369 1746 2415 formam,
1770 2369 1922 2406 alterum
1946 2370 2089 2416 quidem
2110 2369 2287 2406 kalendas
2309 2369 2466 2407 Martias

238 2416 362 2458 habet,
398 2418 524 2462 utpote
553 2415 728 2461 scriptum
758 2424 801 2449 eo
833 2418 992 2460 tempore
1021 2424 1087 2450 nec
1115 2425 1198 2450 vero
1233 2418 1318 2449 tunc
1346 2414 1469 2450 statim
1492 2413 1739 2460 publicatum,
1773 2415 1928 2451 alterum
1958 2426 2041 2451 vero
2066 2414 2311 2451 Romanorum
2338 2415 2465 2463 linqua

237 2462 412 2508 scriptum
437 2458 486 2495 ad
509 2458 736 2495 Salomonem
758 2458 1058 2505 qloriosissimum
1078 2460 1308 2505 praefectum
1330 2470 1436 2495 sacro
1460 2459 1499 2494 in
1522 2459 1653 2505 Africa
1670 2459 1864 2506 praetorio
1888 2459 2066 2496 kalendas
2088 2461 2120 2496 A
2148 2460 2234 2497 riles
2257 2460 2466 2507 adscriptas

238 2507 262 2543 3
308 2505 432 2541 habet:
468 2504 564 2540 unde
588 2515 632 2540 ne
654 2503 747 2539 illud
769 2504 911 2551 quidem
936 2503 1036 2550 quod
1050 2504 1188 2540 Graeca
1211 2504 1338 2551 linqua
1357 2504 1600 2550 conscriptum
1620 2510 1684 2547 est,
1707 2505 1831 2541 statim
1851 2505 2084 2551 manifestum
2125 2509 2244 2541 actum
2263 2509 2328 2548 est,
2352 2505 2466 2541 donec

238 2551 346 2587 etiam
370 2549 619 2585 Romanorum
643 2550 771 2595 linqua
794 2550 1031 2596 compositum
1055 2549 1245 2596 exemplar
1268 2554 1304 2585 et
1324 2550 1531 2595 confectum
1553 2553 1608 2585 est
1627 2553 1663 2585 et
1682 2550 1866 2586 emissum:
1889 2554 1984 2586 certe
2004 2550 2097 2585 illud
2119 2550 2169 2586 ad
2183 2550 2466 2597 qloriosissimos

239 2596 302 2648 qui
325 2595 384 2631 Ιιὶι·
406 2598 492 2630 sunt
506 2595 723 2641 praefectos
753 2605 859 2630 sacro
884 2598 1012 2630 nostro
1039 2595 1228 2641 praetorio
1258 2595 1433 2642 scriptum
1457 2594 1647 2637 (Graecum
1672 2594 1835 2638 dicimus)
1859 2606 1978 2631 mense
2001 2594 2102 2631 Maio
2125 2599 2162 2631 et
2175 2595 2404 2642 publicatum
2427 2596 2465 2631 in

238 2641 372 2677 iudicio
396 2651 521 2676 eorum
544 2644 580 2676 et
598 2639 765 2676 emissum
785 2643 850 2675 est.
898 2637 959 2676 Ita
986 2651 1031 2675 ue
1052 2640 1245 2683 sancimus,
1269 2644 1311 2675 ut
1333 2640 1410 2675 eius
1434 2639 1524 2685 leqis
1540 2643 1753 2686 praecepta,
1778 2651 1872 2686 quae
1892 2639 1935 2675 de
1954 2639 2059 2676 modo
2078 2640 2317 2676 institutionis
2336 2640 2464 2676 libero-

238 2697 319 2722 rum
341 2688 468 2732 aqunt,
499 2685 645 2721 valeant
668 2684 727 2720 hic
748 2684 891 2731 quidem
914 2684 953 2719 in
979 2695 1000 2720 e
1022 2695 1045 2720 a
1069 2684 1237 2720 kalendis
1259 2684 1334 2720 illis
1357 2684 1481 2727 Maiis,
1514 2688 1555 2720 ut
1577 2684 1730 2720 duorum
1754 2684 1927 2720 mensium
1945 2685 2105 2731 spatium
2128 2685 2175 2720 iis
2195 2695 2394 2727 servemus,
2426 2686 2464 2720 in

237 2730 435 2778 provinciis
466 2734 585 2766 autem
616 2741 666 2766 ex
694 2741 767 2777 quo
799 2729 863 2765 illa
893 2729 1091 2776 manifesta
1119 2731 1227 2775 facta
1257 2735 1329 2772 est,
1360 2733 1503 2765 servato
1528 2729 1578 2765 ibi
1607 2740 1752 2775 quoque
1782 2729 1937 2765 duorum
1963 2730 2136 2764 mensium
2158 2730 2279 2776 spatio
2297 2734 2389 2777 post
2410 2730 2463 2765 in·

240 2777 489 2812 sinuationem.
538 2773 675 2818 Quodsi
698 2785 743 2810 ne
766 2785 862 2810 nunc
884 2774 1027 2820 quidem
1051 2775 1089 2809 in
1114 2774 1277 2810 omnibus
1293 2774 1495 2822 provinciis
1518 2774 1647 2810 emissa
1671 2778 1734 2817 est,
1759 2785 1868 2820 quam
1891 2774 2075 2810 celerrime
2098 2778 2133 2810 et
2155 2775 2237 2821 ipsa
2260 2779 2296 2810 et
2313 2779 2464 2817 ceterae,

240 2832 333 2867 quae
354 2821 516 2867 fortasse
539 2819 698 2855 nondum
723 2820 873 2855 emissae
895 2824 996 2862 sunt,
1027 2820 1084 2856 vel
1104 2820 1136 2855 si
1160 2830 1254 2866 quae
1271 2824 1406 2872 postea
1436 2829 1579 2866 quoque
1602 2818 1670 2855 deo
1694 2819 1784 2855 duce
1812 2830 1835 2855 a
1858 2819 1961 2855 nobis
1981 2819 2166 2865 ferantur,
2197 2823 2234 2855 et
2255 2820 2466 2855 emittantur

240 2870 276 2901 et
297 2876 412 2912 usque
434 2864 648 2901 emittendae
672 2869 855 2907 curentur,
885 2875 956 2911 quo
980 2869 1129 2901 nostrae
1160 2866 1436 2901 constitutiones
1465 2864 1503 2899 in
1526 2863 1787 2910 metropolibus
1842 2864 1975 2900 entium
2005 2868 2041 2900 et
2071 2865 2146 2900 sint
2176 2868 2212 2900 et
2231 2864 2327 2909 fiant
2348 2865 2463 2900 mani-

238 2911 379 2957 festae,·
407 2909 685 2957 provinciarum
715 2920 799 2945 vero
819 2909 1016 2961 praesides
1044 2910 1117 2957 ipsi
1147 2914 1184 2946 et
1213 2910 1358 2945 mittant
1387 2920 1450 2945 eas
1480 2912 1517 2944 et
1546 2919 1660 2962 usque
1682 2910 1806 2945 mitten
1833 2919 1876 2944 as
1900 2913 2028 2945 curent
2054 2920 2123 2955 per
2146 2919 2269 2945 omnes
2296 2909 2403 2945 urbes
2426 2909 2465 2944 in

240 2956 265 2993 4
309 2955 464 3002 sinqulis
479 2955 683 3001 provinciis
707 2959 942 2990 constitutas:
973 2959 1014 2991 ut
1036 2955 1074 2990 in
1090 2958 1282 3001 posterum
1306 2965 1410 2990 nemo
1441 2953 1553 2990 ullam
1584 2955 1830 3000 zqnorantiam
1851 2958 2057 3001 praetexat.
2128 2953 2222 2989 Nam
2270 2965 2339 2990 uae
2358 2965 2465 3001 prae-

242 3001 348 3036 terita
370 3004 457 3035 sunt
486 3000 607 3035 omnia
637 3000 769 3035 iustam
801 2998 934 3036 habent
964 3000 1120 3042 veniam,
1153 2999 1368 3045 valeantque
1399 2998 1655 3044 defunctorum
1678 2998 1945 3046 dispositiones,
1980 2999 2063 3035 licet
2085 3009 2204 3045 nuper
2253 3003 2357 3035 actae
2379 2998 2464 3041 sint,

240 3044 538 3092 quemadmodum
562 3055 624 3080 eas
647 3045 702 3080 illi
722 3045 904 3098 fecerunt,
927 3045 1069 3081 etiamsi
1090 3044 1286 3081 secundum
1309 3044 1406 3090 leqes
1455 3055 1522 3080 uae
1547 3044 1631 3080 olim
1655 3044 1847 3081 valuerunt
1874 3043 2034 3090 propria
2074 3054 2184 3079 manu
2214 3054 2288 3078 non
2311 3044 2465 3090 scripse-

239 3091 315 3126 rint
338 3089 506 3126 heredum
531 3090 677 3125 nomina
699 3101 774 3126 Sive
799 3090 945 3125 testibus
967 3100 1029 3126 eos
1052 3101 1125 3125 non
1146 3089 1305 3135 fecerint
1327 3055 1553 3134 manffestos,
1578 3093 1644 3125 aut
1660 3089 1693 3125 si
1711 3089 1950 3135 quadrantem
1974 3098 2039 3124 nec
2059 3089 2216 3135 amplius
2239 3088 2360 3126 liberis
2382 3088 2465 3124 reli-

295 3181 316 3214 9
341 3178 450 3213 εὐθὺς
475 3193 532 3214 om.
558 3192 577 3215 ς
603 3181 615 3223 ΙΙ
650 3182 689 3214 12
714 3182 1047 3233 προςγεγραμμένας
1071 3181 1141 3222 ἔχει
1170 3194 1227 3215 οηι.
1254 3192 1272 3216 ς
1307 3179 1319 3223 ΙΙ
1387 3180 1472 3223 vuly.
1516 3181 1665 3212 *sucrum
1681 3182 1757 3214 libri
1771 3180 1784 3224 ΙΙ
1806 3182 1843 3214 11
1861 3179 2031 3212 *kalendis
2043 3179 2158 3222 aprilis
2179 3180 2298 3222 Vvulq.
2314 3178 2465 3212 kalendis

244 3226 283 3259 16
302 3220 377 3258 *ὑπ
391 3224 399 3235 ’
424 3234 503 3266 χους
519 3225 563 3258 Μ
580 3223 593 3266 ΙΙ
617 3225 658 3259 22
679 3222 764 3259 τότε
786 3227 857 3266 Me]
879 3237 949 3269 προ
971 3222 1018 3258 ιε’
1034 3227 1116 3259 coni.
1131 3226 1319 3259 Zachariae
1386 3223 1487 3267 aprili
1510 3224 1594 3258 usR
1610 3224 1623 3268 ΙΙ
1642 3225 1682 3259 13
1705 3224 1785 3267 quia
1805 3234 1911 3266 neque
1928 3224 1989 3265 R¹]
2010 3224 2089 3266 quia
2107 3234 2214 3266 neque
2234 3234 2314 3257 uero
2335 3223 2369 3257 V
2384 3222 2464 3264 quia

241 3283 302 3303 non
316 3277 398 3303 recte
421 3269 427 3313 Ι
454 3271 495 3304 28
516 3267 622 3311 *nand
644 3272 703 3303 καὶ
719 3271 764 3303 M
780 3270 791 3314 ΙΙ
811 3271 852 3304 33
873 3269 951 3315 ἐφ’]
976 3270 1036 3303 sub
1051 3272 1084 3312 (i.
1099 3283 1124 3304 e.
1138 3266 1201 3314 ὑφ’
1214 3269 1243 3312 ¹2)
1268 3281 1287 3306 ς
1307 3267 1320 3313 ΙΙ
1387 3279 1466 3302 uero
1483 3279 1590 3311 neque
1611 3269 1658 3302 [ζ’
1669 3271 1755 3314 vulq.
1775 3268 1788 3314 ΙΙ
1815 3271 1857 3303 14
1872 3270 1959 3302 sacta
1983 3282 2042 3302 om.
2057 3270 2105 3302 R¹
2123 3269 2136 3313 ΙΙ
2160 3270 2308 3303 lacunam
2324 3279 2386 3301 non
2407 3278 2463 3299 no-

242 3317 282 3348 37
300 3315 447 3361 ἔναγχος
470 3315 547 3349 dedi
566 3327 604 3348 ea:
625 3317 655 3356 ς]
681 3316 720 3347 ἐν
743 3312 896 3348 ἅστειΜ
908 3314 921 3359 ΙΙ
940 3317 979 3349 41
999 3311 1140 3356 αὐτοὺς]
1165 3325 1219 3348 eas
1242 3315 1275 3357 (i.
1291 3327 1317 3349 e.
1386 3321 1455 3347 tant
1480 3315 1559 3348 libri
1563 3328 1576 3356 ‚·
1605 3316 1817 3358 supplendum
1832 3317 1909 3358 fere
1932 3314 2036 3348 donec
2060 3314 2160 3347 etiam
2183 3313 2308 3347 Latina
2330 3319 2461 3361 00111.Ρο-

242 3356 361 3401 aives)
375 3371 404 3400 ς,
419 3372 480 3393 nou
494 3360 575 3393 male
590 3362 645 3403 (cf.
661 3368 764 3393 tamen
782 3361 860 3394 Cod.
871 3360 903 3402 6,
914 3368 959 3402 23,
970 3368 1005 3395 29
1023 3366 1038 3400 §
1053 3362 1076 3403 ι)
1096 3361 1108 3404 ΙΙ
1130 3361 1175 3394 42
1190 3360 1268 3393 ταῖς
1281 3359 1326 3392 Μ
1386 3359 1449 3391 sita
1465 3358 1583 3401 lingua
1600 3359 1686 3393 sacta
1702 3362 1751 3392 est
1768 3358 1781 3404 ΙΙ
1805 3359 1903 3392 etiam
1925 3369 2009 3401 quae
2027 3359 2096 3400 hic]
2120 3369 2204 3402 quae
2226 3357 2324 3391 etiam
2347 3356 2461 3406 (etiam

1387 3404 1448 3437 del.
1463 3416 1502 3438 m.
1517 3405 1543 3446 1)
1566 3405 1622 3437 hio
1642 3404 1646 3448 Ι
1667 3404 1723 3437 hio
1743 3403 1800 3448 ΙῙΙΙ
1819 3406 1859 3438 15
1877 3404 2132 3446 gloriosissimos
2151 3403 2236 3446 vulq.
2254 3401 2268 3445 fl
2286 3401 2326 3434 16
2345 3398 2380 3431 ιᾱ
2400 3401 2461 3441 est]

1386 3448 1475 3480 idem
1501 3449 1531 3481 R
1557 3448 1570 3492 ΙΙ
1599 3459 1717 3490 graeca
1740 3449 1845 3491 3¹1⁷]
1869 3449 1988 3491 lingua
2008 3450 2086 3482 add.
2100 3447 2150 3481 R’
2169 3446 2253 3489 vulq.
2275 3445 2289 3487 Ι
2322 3446 2361 3477 17
2386 3443 2461 3477 ideo

289 3494 308 3525 2
331 3493 416 3527 sicut
439 3494 492 3539 ῑἸΙ
513 3496 531 3528 3
556 3495 715 3527 uniformi
738 3494 785 3527 V¹
802 3493 814 3538 ΙΙ
834 3497 854 3528 4
878 3494 977 3527 aliam
999 3496 1077 3529 libri
1099 3495 1104 3538 Ι
1123 3498 1142 3529 5
1167 3494 1319 3536 linguam
1385 3494 1473 3537 vulq.
1487 3493 1511 3536 11
1539 3495 1579 3529 18
1604 3495 1674 3527 eius
1697 3494 1941 3536 legislationem
1963 3495 2114 3536 oportere
2134 3491 2166 3524 R
2187 3490 2200 3534 ΙΙ
2228 3491 2269 3524 19
2293 3488 2353 3520 heo
2377 3487 2428 3521 R*
2450 3487 2464 3532 ΙΙ

254 3536 284 3568 V
324 3540 540 3581 conscriptam
567 3540 643 3573 libri
665 3539 671 3583 Ι
693 3538 934 3572 multitudino·
958 3540 1011 3573 V⁰
1035 3551 1068 3572 m
1107 3539 1263 3572 titudinis
1281 3551 1320 3572 ex
1386 3538 1429 3572 20
1453 3539 1534 3571 tunc
1559 3552 1616 3573 om.
1631 3539 1679 3572 13¹
1727 3539 1844 3572 madiis
1856 3539 1925 3572 ΒΤ
1938 3538 1951 3582 ΙΙ
1975 3539 2017 3572 23
2029 3536 2187 3570 mundum
2209 3533 2240 3566 V
2257 3533 2270 3576 ΙΙ
2286 3533 2330 3567 25
2349 3534 2462 3565 autem

245 3590 300 3611 mu
317 3581 475 3616 titudiues
488 3597 570 3617 corr.
588 3583 636 3618 1⁷⁶
662 3584 667 3628 Ι
684 3586 704 3618 6
717 3583 816 3618 aliam
831 3583 933 3628 libriss
952 3586 1045 3626 uero]
1065 3595 1133 3618 non
1146 3584 1194 3617 R*
1212 3582 1226 3628 ΙΙ
1241 3583 1318 3616 lati·
1383 3583 1496 3625 postea
1520 3584 1620 3616 etiam
1640 3584 1673 3617 V
1730 3585 1773 3619 26
1793 3584 2004 3617 commitante
2026 3581 2062 3614 R
2081 3580 2095 3623 Ι
2121 3581 2162 3613 27
2187 3579 2316 3611 nostras
2340 3577 2419 3611 libri
2446 3576 2460 3621 ΙΙ

245 3625 474 3669 namR¹VYn
502 3631 519 3661 7
538 3628 645 3670 figura
660 3629 693 3662 R
713 3628 726 3673 ΙΙ
753 3631 773 3664 9
795 3630 874 3671 non]
899 3628 1251 3673 nouaRVT1utune
1271 3628 1318 3670 V]
1386 3627 1428 3661 30
1453 3628 1613 3662 missurus
1637 3629 1685 3662 Β·
1711 3627 1726 3673 Ι
1752 3629 1793 3663 37
1817 3629 1886 3661 sint
1908 3626 1999 3669 RV]
2029 3624 2107 3658 sunt
2130 3623 2218 3667 vulq.
2245 3622 2259 3666 ΙΙ
2282 3623 2324 3657 40
2348 3623 2460 3655 autem

245 3671 293 3700 est
317 3671 395 3701 tuuc
421 3671 516 3713 ΝΤΞ,
541 3686 596 3706 om.
616 3674 664 3706 T¹
691 3673 705 3718 n
730 3675 771 3708 10
794 3674 941 3708 solonem
965 3674 1015 3708 12¹
1045 3673 1246 3708 salomonem
1267 3672 1319 3706 Β*
1384 3673 1451 3704 tres
1475 3672 1528 3705 V·
