2586 3990
204 137 310 184 Nov.
340 135 496 182 CXVII
527 135 690 178 13-15

203 261 273 293 μον
296 244 493 281 σπουδάσει
516 246 575 278 καὶ
601 240 740 289 ἀλόγως
762 239 954 291 ῥεπούδιον
978 243 1125 285 πέμψει,
1148 238 1284 275 κολούο-

203 305 270 336 μεν
292 288 491 325 ἇποδοῖναι
542 289 581 322 ἐν
600 284 714 322 αὐτὸν
737 285 784 330 ἣν
814 284 1012 326 ὑπεδέξατο
1043 287 1174 330 προῖκα
1206 281 1283 329 ἅμα

205 337 248 378 τῆ
272 335 342 379 πρὸ
365 333 480 380 γάμου
525 333 636 377 ωρεᾷ,
667 335 727 366 καὶ
749 333 925 366 τοσοῦτον
949 332 988 363 ἐκ
1009 331 1071 372 τῆς
1093 327 1198 373 ἄλλης
1221 326 1284 363 αὗ·

204 371 267 414 τοῦ
288 381 491 423 περιουσίας
513 377 739 422 παρέχεσθαι
762 377 809 423 τῇ
823 377 965 422 γυναικὶ
989 370 1078 408 ὅσον
1099 374 1142 408 τὸ
1160 376 1284 419 τρίτον

1270 126 1357 174 564

1352 239 1550 282 transigere
1578 237 1756 274 studuerit
1777 237 2041 276 matrimonium
2072 241 2108 273 et
2129 235 2428 273 inrationabiliter
2483 242 2485 245 ’

2232 11 2258 24 0

1749 140 1811 172 ΠΤ
1838 140 2003 173 melum
2031 138 2173 171 MATRI
2200 137 2257 170 m
2286 135 2427 171 Am

1349 283 1537 329 repudium
1567 282 1771 334 destinare,
1800 282 1962 319 iubemus
1990 283 2139 319 reddere
2174 281 2315 327 quidem
2346 290 2427 317 eum

1353 329 1640 409 ἓῖἳηέἒὲωέὲ*
1657 326 2429 425 ἓιῗὲθῗῑηὲ“ἓηὶἓῗιηὶξοῗὲὲέἳξὲἐ“ἔὲιῖἓ

204 427 306 478 μέρος
328 434 390 464 της
406 424 646 475 προγαμιαίας
663 419 799 466 δωρεᾶς
822 433 927 455 ποιει.
975 421 1035 452 καὶ
1054 419 1086 452 εἰ
1107 420 1175 462 μέν
1193 419 1286 453 εἰσιν
1320 422 1339 454 5
1353 420 1527 464 quantum
1559 415 1702 452 tertiam
1736 418 1876 461 partem
1909 427 1928 452 Ι
1974 417 2145 471 maliciae
2178 417 2288 452 faciet
2321 415 2427 460 largi-

205 469 294 510 αυτῇ·
326 464 468 508 παῖδες,
498 479 617 509 μονην
646 466 713 520 την
736 466 864 510 χρῆσιν
893 464 956 506 τῆς
983 476 1024 497 τε
1047 466 1286 509 ”persp-tatas

205 503 341 557 δωρεᾶς
371 514 429 544 καὶ
460 511 525 544 τοῦ
550 507 640 556 παρ’
665 511 771 554 ημῶν
793 508 1053 554 προετεθέντος
1082 511 1204 552 τρίτον
1226 510 1284 552 με’-

204 568 284 602 ρους
303 557 396 598 ἔχειν
416 555 485 598 τὴν
500 557 666 598 γυναῖκα,
691 554 760 598 τὴν
783 552 824 587 δὲ
841 552 1058 588 δεσποτείαν
1080 555 1154 586 τοῖς
1181 554 1286 587 παισὶ

206 599 475 646 φυλάττεσθαι,
507 598 653 653 παίδων
676 597 716 633 δὲ
737 598 787 644 μὴ
811 596 986 633 ὑπόντων
1020 599 1112 640 ἔχειν
1136 597 1204 640 τὴν
1226 610 1286 643 yv-

1353 463 1449 498 tatis.
1496 461 1547 496 Et
1569 461 1601 496 si
1624 461 1764 506 quidem
1793 463 1878 496 sunt
1939 472 1982 499 ιιι
2013 462 2095 506 ulii,
2129 463 2244 498 solum
2267 471 2370 496 usum
2393 462 2430 495 et

1354 506 1609 552 antenuptialis
1640 505 1842 541 donationis
1875 509 1912 541 et
1942 515 1965 541 a
1993 506 2098 542 nobis
2128 506 2271 542 additae
2302 505 2431 540 tertiae

1354 552 1468 597 partis
1491 551 1674 586 mulierem
1691 550 1836 594 habere,
1859 550 2114 604 proprietatem
2135 562 2221 587 vero
2241 551 2323 586 filiis
2345 560 2428 586 con-

1355 596 1505 638 servari,
1536 595 1619 632 filiis
1644 599 1763 631 autem
1794 605 1866 631 non
1889 595 2125 632 enatantibus
2152 596 2283 632 habere
2306 595 2430 630 mulie-

205 648 313 680 ναῖκα
343 644 434 691 πρὸς
455 646 500 691 τῇ
522 655 644 689 χρησει
671 647 730 677 καὶ
754 643 823 686 τὴν
847 644 908 678 ἐπὶ
931 645 1005 676 τοῖς
1029 641 1149 676 αὐτοῖς
1172 640 1286 688 πράγ-
1302 644 1342 681 20
1354 651 1428 676 rem
1453 651 1562 686 super
1584 650 1687 676 usum
1718 640 1756 675 in
1777 639 1866 684 ipsis
1897 641 2006 677 rebus
2037 640 2143 676 etiam
2163 640 2429 686 proprietatem.

204 701 293 734 μασι
317 687 542 725 δεσποτείαν.
584 692 655 722 Καὶ
673 688 736 723 τὰς
755 689 939 733 εἰρημένας
960 689 1028 732 μὲν
1049 685 1288 722 διατυπώσας

206 738 289 790 περὶ
304 735 381 768 τῶν
397 731 552 780 εὐλόγως
567 733 591 777 ἢ
607 731 745 780 ἀλόγως
761 731 1008 776 διαλυομένων
1026 733 1156 779 γάμων
1173 729 1286 765 διετυ-

207 789 392 823 πωσαμεν,
409 781 468 812 καὶ
484 778 609 814 πάντα
631 779 678 812 τὰ
699 781 781 823 περὶ
801 779 878 812 τῶν
894 778 1092 822 εἰρημένων
1110 776 1288 819 θεμάτων

207 823 300 859 κατὰ
330 824 466 866 ταύτην
496 821 602 867 ἡμῶν
632 823 701 867 τὴν
733 821 898 863 διάταξιν
931 822 1125 867 κρίνεσθαί
1157 834 1197 855 τε
1227 824 1288 855 καὶ

207 869 408 914 τέμνεσθαι
433 866 644 915 διορίζομεν.

1355 686 1404 721 Et
1426 685 1629 739 praedictas
1661 685 1802 729 quidem
1825 685 2076 729 dispositiones
2104 685 2147 721 de
2170 685 2296 721 solutis
2320 685 2430 720 ratio-

1354 731 1520 767 nabiliter
1543 732 1608 766 aut
1629 729 1925 766 inrationabiliter
1948 729 2085 775 nuptiis
2106 730 2363 772 ordinavimus,
2395 732 2431 764 et

1355 775 1474 812 omnia
1494 776 1539 812 de
1556 774 1760 811 memoratis
1780 774 1925 810 casibus
1945 774 2140 810 secundum
2163 775 2258 810 hanc
2272 777 2432 811 nostram

1355 821 1644 858 constitutionem
1666 819 1818 855 iudicari
1840 822 1877 855 et
1899 819 2014 855 decidi
2038 819 2270 856 decernimus.

1194 955 1351 992 CAPUT
1375 955 1470 991 XIV.

277 1025 323 1058 Εἰ
353 1022 395 1058 δέ
423 1035 476 1058 τις
505 1024 575 1067 τὴν
605 1021 704 1058 ἰδίαν
733 1025 895 1070 γαμετὴν
924 1022 1096 1068 μάστιξιν
1126 1019 1147 1066 ἢ
1172 1022 1288 1064 ξύλοις

209 1069 382 1111 τυπτήσει
410 1072 517 1114 χωρίς
545 1079 642 1103 τινος
671 1069 749 1102 τῶν
773 1069 913 1112 αἰτιῶν,
945 1065 984 1103 ἃς
1007 1067 1100 1103 κατὰ
1129 1069 1206 1103 τῶν
1228 1082 1287 1114 γυ-

210 1115 348 1148 ναικῶν
373 1113 463 1158 πρὸς
486 1113 555 1167 τὴν
579 1114 641 1148 τοῦ
666 1114 778 1159 γάμου
804 1111 969 1148 διάλυσιν
1001 1110 1122 1167 οξρκεῖν
1144 1126 1289 1158 παρεκε-

1423 1022 1460 1058 Si
1495 1022 1573 1067 quis
1615 1025 1734 1056 autem
1769 1030 1833 1065 pro
1861 1020 1948 1055 riam
1994 1028 2142 1055 uxorem
2183 1018 2332 1064 flagellis
2371 1020 2436 1054 aut

1355 1067 1511 1103 fustibus
1536 1066 1701 1102 ceciderit
1723 1066 1800 1101 sine
1823 1076 1844 1100 a
1859 1067 1941 1109 iqua
1965 1075 2174 1106 causarum,
2198 1074 2286 1110 quas
2311 1067 2436 1100 contra

1358 1123 1486 1148 uxores
1518 1112 1563 1146 ad
1588 1110 1802 1147 matrimonii
1831 1111 2043 1146 solutionem
2066 1109 2233 1146 sufficere
2255 1109 2435 1151 iussimus,

210 1157 436 1202 λευσάμεθα,
465 1171 581 1205 γαμου
603 1159 670 1203 μὲν
694 1156 862 1193 διάλυσιν
894 1162 932 1192 ἐκ
962 1171 1089 1193 τουτου
1119 1158 1291 1204 γίνεσθαι
1358 1157 1574 1193 matrimonii
1598 1156 1738 1202 quidem
1762 1155 1973 1191 solutionem
2002 1165 2047 1191 ex
2068 1155 2137 1190 hoc
2160 1154 2237 1190 fieri
2260 1154 2435 1197 nolumus,

211 1201 252 1238 οὖ
275 1201 500 1257 βουλόμεθα,
530 1203 598 1237 τὸν
627 1201 667 1237 δὲ
690 1201 807 1248 ἄνδρα
836 1203 905 1238 τὸν
929 1201 1162 1256 δεικνύμενον
1185 1206 1290 1248 χωρὶς
1303 1205 1344 1238 20
1358 1204 1470 1238 virum
1501 1206 1619 1237 autem
1652 1202 1711 1246 qui
1741 1204 1959 1236 monstratur
1990 1200 2067 1236 sine
2095 1199 2296 1235 huiusmodi
2327 1208 2436 1235 causa

210 1259 377 1292 τοιαυτης
398 1248 514 1282 αἰτίας
536 1245 707 1292 μάστιξιν
730 1247 752 1291 ἢ
778 1247 894 1288 ξύλοις
917 1259 1098 1292 τυπτησαι
1121 1248 1189 1291 τὴν
1213 1249 1290 1282 ἑαυ-

212 1294 274 1327 τοῦ
298 1293 459 1339 γαμετὴν
481 1295 658 1328 τοσοῦτον
689 1290 780 1339 ὑπὲρ
809 1295 872 1336 τῆς
895 1293 1062 1336 τοιαύτης
1091 1289 1228 1338 ὕβρεως
1253 1295 1291 1327 ἐκ

211 1339 273 1381 τῆς
303 1336 409 1381 ἄλλης
441 1334 550 1372 αὑτοῦ
582 1335 726 1372 διδόναι
757 1341 962 1384 περιουσίας
993 1339 1037 1385 τῇ
1059 1341 1200 1384 γυναικὶ
1232 1341 1292 1372 καὶ

212 1384 433 1417 συνεστῶτος
455 1383 520 1417 τοῦ
539 1383 667 1429 γάμου,
691 1379 780 1418 ὅσον
803 1382 844 1418 τὸ
863 1387 987 1429 τρίτον
1007 1384 1069 1426 τῆς
1089 1383 1160 1429 πρὸ
1178 1383 1292 1430 γάμου

213 1431 308 1463 ποιεῖ
331 1425 477 1473 δωρεᾶς.

1358 1247 1413 1283 vel
1434 1246 1584 1290 flagellis
1607 1246 1662 1282 vel
1684 1245 1839 1281 fustibus
1868 1245 2037 1280 cecidisse
2061 1255 2163 1280 suam
2187 1254 2332 1280 uxorem
2356 1247 2435 1279 tan-

1358 1297 1433 1327 tum
1465 1303 1529 1337 pro
1560 1291 1764 1327 huiusmodi
1794 1290 1924 1326 iniuria
1957 1301 2000 1326 ex
2031 1289 2102 1326 alia
2137 1299 2205 1325 sua
2236 1289 2320 1325 dare
2350 1289 2436 1325 sub-

1360 1338 1491 1373 stantia
1514 1337 1618 1372 uxori
1648 1336 1756 1372 etiam
1789 1338 1973 1371 constante
1996 1335 2231 1379 matrimonio,
2264 1337 2436 1380 quantum

1360 1382 1467 1419 tertia
1489 1393 1574 1428 pars
1598 1380 1851 1426 antenuptialis
1874 1380 1963 1416 facit
1984 1380 2168 1425 largitatis.

1198 1517 1355 1554 CAPUT
1374 1517 1454 1553 XV.

277 1584 375 1640 Πρὸς
396 1581 536 1618 τούτοις
566 1581 606 1618 δὲ
628 1580 770 1619 κάκεῖνο
801 1584 1052 1629 προςτίθεμεν,
1084 1580 1172 1618 diste
1196 1585 1295 1630 εἴπερ

213 1640 267 1663 τις
291 1641 340 1663 ως
363 1629 454 1663 εἰκὸς
477 1626 697 1663 anomalam
720 1628 806 1663 τινὰ
828 1627 1031 1673 βούλεσθαι
1054 1630 1099 1676 τῇ
1119 1630 1181 1671 τῆς
1203 1628 1295 1664 ἰδίας

212 1675 369 1729 γαμετῆς
392 1673 590 1718 συμπαῖξαι
614 1673 840 1728 σωφροσύνῃ]
853 1677 913 1707 καὶ
930 1673 1169 1720 παραγγελίας
1194 1671 1293 1718 αὐτῷ

1410 1584 1474 1619 His
1491 1593 1630 1628 quoque
1654 1583 1760 1618 etiam
1783 1582 1871 1617 illud
1894 1564 2078 1624 adicimus,
2101 1585 2142 1617 ut
2164 1581 2196 1617 si
2218 1581 2298 1625 quis
2317 1580 2440 1617 forsan

1363 1630 1566 1673 suspicatur
1597 1628 1750 1673 aliquem
1780 1628 1867 1663 velle
1898 1637 1984 1663 suae
2007 1626 2129 1663 uxoris
2157 1626 2307 1662 illudere
2330 1626 2438 1662 casti-

1363 1675 1429 1709 tati
1451 1679 1488 1709 et
1513 1673 1790 1710 contestationes
1821 1672 1854 1708 ei
1876 1682 1920 1708 ex
1945 1672 2077 1716 scripto
2108 1675 2181 1707 tres
2211 1670 2440 1707 destinaverit

215 1720 254 1774 ἐγ
277 1729 411 1765 ραφους
440 1721 534 1763 τρεῖς
556 1719 732 1764 ἐκπέμψω
760 1720 907 1760 ἐχουσας
928 1722 1124 1765 μαρτυρίας
1147 1716 1295 1766 ἀνδρῶν
1363 1719 1535 1755 habentes
1559 1718 1760 1770 testimonia
1789 1718 1948 1770 virorum·
1968 1717 2039 1753 fide
2059 1716 2266 1769 dignorum,
2298 1720 2334 1751 et
2357 1717 2441 1761 post

215 1732 451 1805 agamemn»,
489 1766 550 1816 καὶ
584 1763 674 1807 μετὰ
710 1762 844 1797 ταύτας
877 1763 944 1815 τὰς
973 1767 1066 1810 τρεῖς
1100 1764 1296 1821 ἐγγράφους
1309 1768 1350 1800 30
1364 1765 1430 1799 has
1450 1769 1520 1798 tres
1541 1774 1586 1799 ex
1605 1766 1740 1808 scripto
1763 1765 2037 1798 contestatlones
2056 1766 2230 1797 invenent
2252 1771 2332 1796 eum
2354 1771 2438 1797 con-

215 1806 473 1853 διαμαρτυρίας
502 1804 599 1852 εὕροι
631 1805 745 1842 αὐτὸν
767 1819 1062 1854 συντυγχανοντα
1091 1822 1136 1855 τῃ
1164 1822 1294 1843 εαυτου

213 1854 362 1901 γαμετῇ,
395 1853 426 1886 εἰ
454 1853 523 1897 μὲν
553 1853 601 1886 εἰς
622 1852 691 1887 τὸν
714 1850 808 1887 ἴδιον
831 1853 930 1886 οἷκον
959 1851 982 1895 ἢ
1008 1854 1077 1887 τὸν
1101 1850 1210 1897 αὐτῆς
1233 1855 1295 1897 τῆς

214 1898 381 1944 γυναικὸς
414 1895 438 1940 ἢ
467 1899 534 1931 τοῦ
567 1898 692 1941 μοιχοῦ
728 1895 752 1940 ἢ
783 1899 824 1931 ἐν
855 1902 1048 1942 προπίναις
1082 1896 1106 1941 ἢ
1139 1900 1180 1933 ἐν
1207 1911 1294 1944 προ-

215 1946 385 1984 αστείοις,
417 1942 509 1976 εἶναι
540 1940 670 1976 ἄδειαν
699 1943 752 1985 τῷ
783 1939 888 1987 ἀνδρὶ
919 1946 997 1976 ταῖς
1027 1943 1170 1978 οἰκείαις
1197 1946 1296 1991 χερσὶ

1364 1809 1560 1844 venientem
1591 1818 1678 1843 suae
1708 1808 1831 1849 uxori,
1866 1807 1898 1842 si
1921 1807 2061 1852 quidem
2091 1806 2129 1841 in
2154 1816 2220 1842 sua
2243 1806 2345 1842 domo
2376 1808 2440 1841 aut

1362 1853 1477 1899 ipsius
1502 1853 1623 1888 uxoris
1647 1856 1711 1888 aut
1730 1853 1884 1888 adulteri
1908 1855 1971 1887 aut
1994 1852 2031 1886 in
2051 1851 2191 1896 popinis
2215 1855 2279 1885 aut
2301 1852 2338 1886 in
2354 1851 2437 1886 sub-

1363 1899 1525 1940 urbanis,
1560 1909 1639 1934 esse
1661 1898 1840 1933 licentiam
1863 1897 1991 1932 marito
2019 1895 2174 1941 propriis
2196 1896 2361 1932 manibus
2383 1898 2438 1931 ta-

283 2023 310 2044 e.
323 2010 510 2044 XIIIextr.
534 2011 588 2052 (11
615 2011 689 2042 Καὶ
711 2008 776 2043 τὰς
798 2009 981 2054 εἰρημένας
994 2035 1001 2043 .
1016 2035 1023 2042 .
1038 2035 1046 2043 .
1060 2012 1082 2053 .)
1108 2012 1212 2045 XIV.
1237 2012 1317 2045 XV
1336 2018 1446 2046 extant
1470 2011 1505 2044 B
1519 2012 1573 2052 28,
1589 2018 1616 2052 7,
1629 2018 1644 2045 7
1671 2011 1758 2053 (inde
1782 2023 1809 2043 c.
1823 2009 1925 2043 XIV
1943 2009 1991 2042 B⁸
2010 2011 2046 2042 Γ
2065 2011 2096 2051 4,
2110 2016 2127 2043 6
2148 2021 2185 2053 p.
2202 2010 2263 2044 157
2285 2009 2388 2042 ΖαεΙι.
2411 2014 2441 2042 et
2479 2033 2481 2035 .

217 2056 377 2090 Ncemoc.m
391 2055 491 2088 XIV
508 2056 552 2088 tit.
575 2056 625 2096 13,
640 2056 679 2097 4).

285 2113 309 2133 c.
324 2100 423 2133 XIV
440 2101 642 2133 summarium
668 2101 793 2133 exhibet
816 2101 965 2143 Epitome
989 2102 1042 2138 49,
1058 2108 1085 2134 8.

282 2158 309 2179 c.
323 2147 362 2178 X
369 2145 452 2188 Vpr.
470 2145 564 2178 habet
577 2145 755 2178 Prochiron
771 2146 825 2186 39,
839 2152 891 2186 42,
911 2157 962 2187 pr.
979 2152 1006 2177 et
1023 2144 1044 2188 ἓ
1057 2147 1072 2179 1
1091 2146 1148 2187 (-
1162 2146 1239 2186 566,
1249 2152 1265 2178 6
1281 2146 1466 2188 σωτηρίαν
1483 2143 1679 2185 αἰτήσεται)
1698 2145 1820 2186 passim
1837 2144 2032 2186 interpolata
2048 2143 2254 2187 Epanaqoye
2267 2144 2320 2184 40,
2333 2150 2378 2177 4¹1.
2392 2149 2439 2178 48.

219 2191 378 2223 Summam
407 2190 524 2222 Theoti.
550 2190 664 2232 repetit
687 2186 758 2223 ΒΣ.

215 2265 357 2302 studeat
386 2270 423 2301 et
443 2266 520 2301 sine
549 2276 660 2300 causa
683 2265 873 2311 repudium
898 2266 1033 2308 mittat,
1066 2265 1226 2301 iubemus
1255 2264 1405 2300 reddere
1435 2275 1514 2300 eum
1546 2264 1664 2300 dotem
1693 2275 1802 2310 quam
1830 2266 1971 2310 accepit
1997 2264 2107 2299 simul
2135 2274 2214 2299 cum
2247 2264 2441 2300 donatione

217 2315 301 2347 ante
322 2310 480 2357 nuptias,
511 2314 550 2345 at
576 2321 621 2346 ue
651 2314 790 2346 tantum
818 2321 868 2346 ex
896 2310 1038 2362 reliqua
1070 2310 1148 2346 eius
1169 2309 1373 2345 substantia
1403 2309 1545 2344 mulieri
1569 2309 1759 2355 praestari
1790 2313 1964 2354 quantum
1996 2309 2103 2344 tertia
2118 2320 2214 2355 pars
2235 2309 2442 2345 donationis

217 2361 301 2392 ante
323 2356 471 2402 nuptias
493 2356 541 2402 ef
561 2355 620 2390 cit.
669 2354 721 2390 Et
742 2355 775 2390 si
798 2354 942 2402 quidem
965 2355 1030 2390 illa
1054 2355 1184 2390 liberos
1208 2354 1357 2393 habeat.
1388 2354 1505 2389 solum
1528 2354 1795 2399 usumfructum
1826 2359 1861 2389 et
1891 2354 2102 2390 donationis
2131 2358 2215 2390 ante
2237 2355 2384 2401 nuptias
2407 2358 2443 2391 et

218 2401 345 2437 tertiae
367 2401 486 2446 partis
514 2412 538 2436 a
560 2400 666 2436 nobis
697 2399 842 2435 additae
875 2399 1006 2436 habeat
1036 2400 1176 2442 mulier,
1207 2399 1404 2435 dominium
1435 2409 1519 2435 vero
1549 2398 1671 2433 tiberis
1701 2398 1929 2434 custodiatur
1935 2412 1950 2440 ;
1986 2398 2108 2434 liberis
2129 2403 2247 2435 autem
2278 2410 2353 2435 non
2375 2410 2440 2435 ex-

219 2446 377 2482 tantibus
405 2445 533 2481 mulier
560 2449 711 2492 praeter
740 2446 1006 2490 usumfructum
1036 2445 1143 2480 etiam
1175 2444 1370 2479 dominium
1400 2444 1439 2479 in
1470 2443 1592 2479 iisdem
1624 2443 1731 2479 rebus
1753 2442 1894 2479 habeat.
1939 2443 1988 2479 At
2013 2455 2056 2480 ue
2077 2443 2269 2495 praedicta
2298 2444 2441 2490 quidem

211 2494 412 2538 praecepta
436 2490 480 2526 de
501 2490 640 2537 nuptiis
662 2489 755 2525 iuste
776 2489 834 2525 vel
854 2490 985 2525 iniuste
1007 2490 1136 2525 solutis
1158 2490 1359 2531 statuimus,
1391 2493 1427 2525 et
1450 2489 1571 2524 omnia
1602 2499 1697 2534 quae
1720 2488 1770 2523 ad
1791 2499 1897 2524 casus
1919 2499 1977 2524 mo
2003 2500 2024 2523 o
2049 2488 2165 2524 dictos
2181 2489 2369 2536 pertinent
2386 2501 2441 2526 se·

217 2535 372 2571 cundum
397 2534 492 2570 hano
514 2538 675 2570 nostram
700 2535 988 2570 constitutionem
1013 2535 1167 2570 iudicari
1189 2538 1225 2570 et
1247 2533 1364 2570 decidi
1387 2533 1618 2570 decernimus.

350 2579 448 2615 XIV.
496 2578 538 2615 Si
557 2581 639 2625 quis
659 2583 777 2615 autem
798 2590 951 2615 uxorem
970 2590 1072 2615 suam
1072 2579 1248 2659 lllaqellis
1271 2579 1326 2615 vel
1342 2579 1502 2623 fustibus
1525 2578 1719 2615 verberarit
1741 2578 1819 2614 sine
1837 2578 1961 2624 aliqua
1981 2588 2105 2614 earum
2122 2588 2325 2620 causarum,
2349 2589 2441 2625 quas

217 2628 347 2661 contra
377 2625 545 2659 mulieres
574 2624 624 2659 ad
651 2625 918 2659 matrimonium
949 2625 1071 2660 solven
1098 2635 1156 2658 um
1186 2625 1359 2670 sufficere
1389 2623 1574 2666 iussimus,
1604 2623 1869 2658 matrimonium
1893 2621 2035 2669 quidem
2065 2623 2159 2658 solvi
2187 2634 2265 2658 eam
2289 2623 2334 2659 ob
2356 2634 2440 2659 cau-

217 2681 294 2705 sam
317 2669 496 2712 nolumus,
527 2669 641 2705 virum
665 2674 783 2704 autem
811 2669 874 2715 qm·
904 2669 982 2705 sine
1005 2668 1178 2706 eiusmodi
1203 2679 1314 2704 causa
1340 2668 1500 2715 flaqellis
1529 2668 1585 2704 vel
1603 2667 1766 2713 fustibus
1795 2678 1949 2703 uxorem
1980 2667 2185 2703 verberasse
2206 2668 2441 2704 convincatur

220 2719 357 2751 tantum
376 2725 450 2761 pro
474 2713 650 2750 eiusmodi
672 2714 889 2749 contumelia
919 2725 968 2749 ex
991 2715 1132 2760 reliqua
1162 2724 1230 2749 sua
1252 2713 1455 2749 substantia
1486 2716 1673 2749 constante
1705 2713 1811 2747 etiam
1836 2712 2064 2748 matrimonio
2097 2712 2239 2748 mulieri
2269 2713 2359 2749 dare
2381 2724 2439 2749 vo-

219 2760 336 2795 lumus
384 2762 532 2794 uantum
557 2759 663 2794 tertia
682 2769 776 2804 pars
798 2758 1008 2795 donationis
1032 2763 1116 2794 ante
1139 2759 1288 2806 nuptias
1310 2758 1433 2804 efficit.

387 2804 430 2839 V.
479 2803 677 2839 Praeterea
700 2806 819 2839 autem
842 2803 934 2839 illud
957 2814 1101 2856 quoque
1124 2804 1309 2845 adicimus,
1333 2808 1374 2838 ut
1392 2803 1424 2837 si
1443 2802 1524 2855 quis
1537 2802 1649 2848 forte,
1673 2804 1714 2836 ut
1724 2801 1779 2846 fit,
1803 2802 2007 2848 suspicetur
2029 2801 2081 2836 ali
2107 2812 2185 2836 uem
2208 2801 2340 2837 uxoris
2353 2811 2441 2838 suae

219 2849 378 2885 castitati
401 2848 553 2884 illudere
575 2848 673 2890 velle,
699 2849 802 2894 eique
816 2848 1108 2884 denuntiationes
1132 2853 1205 2885 tres
1223 2849 1296 2884 scri
1306 2853 1381 2883 >tas
1404 2848 1540 2883 miserit
1557 2846 1766 2883 testimoniis
1786 2846 1945 2882 virorum
1965 2845 2040 2891 side
2083 2856 2252 2892 nqnorum
2272 2847 2440 2888 munitas,

219 2898 327 2940 atque
342 2898 442 2946 post
470 2893 538 2928 lias
568 2897 642 2929 tres
673 2893 883 2929 testationes
911 2895 1070 2940 scriptas
1100 2892 1279 2940 deprehen
1305 2894 1373 2928 erit
1404 2903 1483 2928 eum
1514 2901 1594 2928 cum
1624 2902 1745 2928 uxore
1774 2902 1841 2926 sua
1873 2891 2152 2933 convenientem,
2183 2891 2217 2925 si
2238 2890 2380 2937 quidem
2403 2892 2440 2927 in

216 2949 373 2985 propria
396 2938 503 2973 domo
535 2937 591 2973 vel
612 2937 649 2971 in
675 2937 782 2973 domo
806 2938 922 2984 ipsius
944 2938 1104 2974 mulieris
1134 2938 1189 2974 vel
1210 2937 1368 2974 adulteri
1397 2937 1453 2973 vel
1475 2938 1513 2972 in
1526 2937 1679 2984 popinis
1705 2935 1762 2972 vel
1787 2937 1827 2970 in
1848 2935 2044 2977 suburbiis,
2077 2935 2185 2971 liceat
2213 2936 2343 2970 marito
2365 2936 2441 2972 suis

267 3020 282 3051 1
300 3019 448 3062 πέμψει]
467 3016 632 3049 destinare
650 3018 684 3058 (ι’.
694 3029 720 3050 ε.
734 3018 889 3061 πέμψαι)
905 3029 924 3053 ς
939 3016 952 3057 11
971 3019 991 3051 6
1005 3013 1114 3060 αὐτῆς
1130 3018 1198 3060 Me,
1215 3029 1298 3051 corr.

221 3063 326 3096 Scrim
351 3075 385 3096 er
403 3060 416 3106 11
434 3062 475 3096 16
487 3058 530 3095 δι’
543 3074 601 3095 om.
615 3061 738 3095 Nom-”²
761 3061 775 3104 11
794 3064 835 3096 19
844 3074 890 3105 sq.
904 3059 1020 3107 γάμου
1033 3081 1076 3086 -
1089 3060 1300 3106 βουλόμεθα

221 3120 280 3141 om.
330 3107 446 3150 orn-'nu
472 3107 513 3141 21
539 3106 716 3148 τοιαύτης]
740 3106 803 3149 τῆς
823 3103 989 3149 τοιαύτης
1018 3107 1064 3141 ΒΓ
1076 3107 1088 3152 11
1113 3106 1298 3151 μάστιξιν]

220 3162 273 3197 vel
295 3162 435 3206 flagellis
459 3174 478 3200 ς
499 3163 512 3207 11
542 3163 584 3196 22
607 3161 781 3207 γαμετὴν]
814 3164 967 3207 γυναῖκα
991 3162 1054 3196 M⁶
1080 3162 1092 3202 11
1123 3165 1165 3197 23
1190 3153 1300 3205 αὐτῆς

221 3210 294 3250 (sic)
312 3208 434 3242 Noram
454 3206 469 3261 u
493 3209 695 3251 περιουσίας
719 3204 863 3240 διδόναι
888 3207 956 3240 LB
980 3207 993 3250 11
1016 3209 1057 3242 27
1083 3204 1300 3243 ὖποπτεῦσει

221 3252 305 3287 τινὰ
329 3249 377 3286 ὣς
400 3251 492 3286 atnoe
514 3251 549 3285 Β
565 3251 578 3295 11
596 3253 638 3286 28
663 3251 834 3295 ἐμπαῖξαι
849 3253 923 3295 Ep„
940 3254 1203 3294 quemadmodum
1217 3254 1299 3287 coni.

222 3298 366 3332 Reitzius
382 3296 533 3340 (illudere
549 3296 655 3336 elul.)
673 3295 685 3340 11
709 3297 751 3330 29
776 3298 941 3342 ἐκπέμψῃ
958 3297 1022 3348 Ep.
1042 3296 1055 3342 11
1076 3293 1301 3338 ἀξιοπίστων

223 3337 369 3387 ἀνδρῶν
391 3342 448 3376 Pr.
486 3341 600 3386 τριῶν
623 3337 850 3380 ἀξιοπίστων
874 3338 1022 3385 ἄνδρων
1045 3342 1124 3386 Βῑ11
1146 3344 1185 3376 31

222 3389 342 3430 «velas
357 3386 413 3420 Pr.
422 3387 581 3430 plerique,
595 3386 660 3429 Ep.
679 3385 692 3430 11
708 3386 849 3427 ἑαυτοῦ]
863 3381 974 3420 αὐτοῦ
989 3387 1120 3430 ΡηΕρ.
1135 3387 1148 3431 11
1161 3388 1204 3422 32
1215 3397 1301 3421 ταυ-

222 3442 283 3472 της
306 3433 371 3472 Ρη,
391 3444 449 3464 om.
463 3430 522 3471 Bt,
536 3431 594 3464 Pr.
603 3444 632 3465 υ.
648 3431 668 3464 l.
685 3436 697 3472 11
716 3432 758 3464 33
782 3431 858 3473 τοῦ]
881 3430 949 3466 τὸν
964 3431 1028 3464 τοῦ
1055 3431 1110 3465 Pr.
1122 3433 1270 3476 plerique
1290 3429 1295 3476 1

224 3477 428 3518 προπίναις]
457 3473 657 3517 καπηλείοις
678 3488 706 3510 ε.
726 3488 756 3509 v.
778 3475 824 3516 L;
858 3479 1028 3510 ποπίναις
1052 3477 1214 3512 Roianus:
1242 3487 1279 3510 se

225 3522 268 3561 cs.
280 3521 399 3554 Isr'dor.
419 3521 511 3564 Oriq.
527 3522 581 3562 15,
595 3527 623 3562 2,
636 3528 671 3554 ⁴2
695 3520 845 3563 (popinis
857 3533 887 3563 ς,

226 3564 403 3607 inquiam,
425 3565 570 3608 prupina
592 3565 671 3607 Iul.)
687 3564 701 3608 u
718 3566 761 3599 34
782 3562 888 3599 ἰδίαις
955 3531 1046 3563 pum,
1069 3534 1097 3555 v.
1113 3522 1134 3555 l.
1157 3530 1300 3566 propa,

941 3565 951 3588 l
966 3578 1020 3609 pr.

294 3685 315 3716 4
342 3686 378 3716 tu
412 3684 520 3718 ΙίῑΤι
548 3686 562 3730 Ι
588 3688 609 3720 6
632 3687 664 3721 ei
686 3688 772 3731 vulq.
803 3688 816 3730 11
844 3689 861 3720 7
886 3687 1098 3720 donationem
1125 3687 1176 3721 1¹¹
1202 3686 1216 3731 Ι
1243 3687 1299 3721 wd—

1366 3016 1437 3050 dita
1461 3015 1574 3057 RT¹u
1592 3017 1613 3051 8
1637 3025 1833 3049 conseruare
1856 3016 1941 3056 libri,
1963 3027 2045 3048 corr.
2059 3014 2182 3058 Βοείε11
2210 3016 2249 3048 10
2273 3015 2385 3057 etium]
2409 3018 2442 3048 et

1376 3062 1429 3104 Vu
1457 3063 1494 3095 11
1521 3060 1722 3103 praedictam
1745 3060 1880 3102 quidem
1902 3060 2148 3102 dispositionem
2173 3058 2342 3093 dissolutis
2361 3059 2441 3098 (dis-

1367 3106 1544 3139 solutionis
1566 3107 1632 3148 Ta)
1658 3106 1690 3139 Τ
1714 3106 1726 3148 11
1755 3107 1796 3140 13
1822 3105 1860 3138 de
1884 3105 2083 3145 memoratis]
2109 3104 2285 3137 domm-atis
2307 3103 2357 3138 R²
2385 3103 2441 3137 de-

1366 3151 1557 3194 monstratis
1576 3150 1611 3185 V
1622 3152 1633 3193 11
1649 3150 1919 3184 constitutionem
1936 3152 2081 3183 nostram
2103 3149 2156 3194 Vss
2179 3149 2220 3184 1‘4
2236 3149 2339 3182 dicidi
2356 3149 2407 3183 T*
2428 3147 2441 3191 11

1370 3197 1410 3230 16
1423 3198 1511 3229 rubr.
1535 3196 1572 3229 Si
1597 3195 1672 3238 quis
1694 3205 1828 3228 uxorem
1859 3205 1952 3228 suam
1974 3194 2116 3237 flagellis
2143 3194 2354 3236 castigaverit
2375 3193 2446 3227 ΒΤ

1368 3254 1428 3283 my.
1453 3242 1505 3282 (ex
1527 3241 1604 3283 Iul.)
1632 3239 1645 3285 11
1675 3241 1717 3274 18
1738 3249 1872 3273 uxorem
1898 3241 1931 3273 Τ
1952 3238 1965 3284 fl
1995 3241 2034 3273 21
2061 3238 2215 3273 excidisse
2241 3238 2308 3282 Τῇ
2333 3240 2370 3272 ts
2390 3238 2439 3272 Β*

1370 3286 1402 3318 T
1409 3287 1417 3305 ¹
1435 3286 1448 3328 11
1466 3285 1509 3319 22
1532 3295 1592 3319 sua
1615 3297 1674 3319 om.
1689 3285 1722 3319 T
1735 3285 1748 3329 11
1772 3286 1816 3319 24
1838 3284 2025 3327 largitatem
2043 3284 2094 3317 Τι
2109 3284 2122 3326 11
2140 3285 2184 3318 26
2197 3286 2286 3317 rubr.
2308 3283 2344 3316 si
2363 3282 2439 3324 quis

1367 3331 1553 3372 suspicatus
1577 3330 1679 3363 suerit
1702 3329 1741 3362 de
1765 3329 1878 3372 aliquo
1901 3328 1989 3362 uelle
2014 3339 2089 3362 eum
2107 3328 2229 3371 pudori
2247 3328 2362 3361 uxoris
2380 3337 2438 3359 sue

1367 3375 1522 3409 deludere
1540 3376 1642 3419 qu.
1667 3374 1703 3407 Si
1722 3374 1797 3416 quis
1819 3375 2003 3417 suspicatus
2025 3373 2129 3406 fuerit
2151 3373 2192 3406 ab
2207 3372 2320 3413 aliquo
2338 3369 2437 3403 illudi

1367 3420 1550 3452 castitatem
1566 3430 1625 3453 sue
1639 3419 1753 3453 uxoris
1765 3418 1798 3451 R
1811 3431 1871 3463 my.
1902 3419 1939 3452 Si
1954 3418 2028 3461 quis
2047 3418 2231 3461 suspicatus
2250 3415 2353 3450 fuerit
2376 3415 2437 3448 ali-

1367 3475 1538 3550 &stiffi
1555 3463 2024 3552 {tmatziffifft'ttt
2040 3462 2246 3550 ἓῗῶεἶιῖἕ·
2263 3461 2316 3538 ἓὲῗ
2327 3460 2438 3537 {221⁰

1365 3553 1478 3596 piatur
1499 3554 1548 3587 1⁷¹
1574 3554 1587 3598 11
1614 3553 1701 3587 velle
1722 3555 1812 3595 suae]
1838 3565 1967 3584 nnn
1994 3551 2043 3586 Β*
2109 3548 2207 3583 uxori
2231 3549 2264 3582 T
2287 3549 2298 3590 11
2329 3550 2373 3584 30
2398 3560 2437 3583 ex

1365 3598 1488 3641 scripto
1511 3600 1612 3643 vulg]
1635 3598 1758 3641 scripto
1775 3599 1805 3631 R
1817 3598 1850 3631 V
1866 3597 2006 3640 scriptas
2021 3596 2055 3630 T
2094 3594 2331 3627 contestatione
2351 3594 2402 3625 17¹
2421 3594 2434 3637 11

1365 3642 1560 3676 inuenerint
1587 3644 1640 3677 T⁶
1665 3643 1679 3686 fl
1707 3643 1750 3677 32
1773 3643 1887 3676 uxoris
1907 3641 2012 3684 ἱρέα·
2081 3638 2096 3683 Ι
2118 3639 2178 3672 aut
2199 3637 2355 3680 adulteri]
2378 3638 2434 3672 ad—

1366 3686 1467 3720 alteri
1491 3690 1549 3722 aut
1570 3688 1650 3731 1⁷⁰1
1667 3688 1712 3722 33
1734 3686 1855 3720 marito
1877 3697 1936 3720 om.
1951 3685 1984 3720 Τ
