2618 4010
298 124 405 168 Nov.
436 125 558 168 XVII
593 129 750 168 14—17
1371 124 1448 172 126
1927 145 1987 176 m:
2015 144 2240 178 mumius
2269 147 2510 182 PRmon’tm

297 245 357 268 σιν
380 231 403 277 ἢ
425 232 517 269 καθ’
544 237 601 270 ὅτε
689 234 843 282 νόμιμον
868 235 987 273 αὐτοῖς
1018 235 1263 284 παραδέδοται
1291 235 1371 284 τρό·
1440 238 1492 274 eis
1515 242 1599 274 sunt
1621 239 1753 276 tradita
1781 241 1940 286 modum,
1971 244 2147 280 extraneis
2171 247 2288 280 autem
2319 245 2508 288 abstinere,

297 291 378 320 πον,
407 281 486 313 τῶν
509 277 549 313 δὲ
571 277 593 313 ἆ
618 279 772 328 λοτρίων
794 278 1012 326 ἀπέχεσθαι,
1042 285 1102 317 καὶ
1131 280 1180 327 μὴ
1205 286 1372 329 προνοεῖν
1440 286 1478 319 81
1499 294 1570 319 11011
1594 283 1780 328 providere
1802 286 1940 332 quidem
1963 289 2061 331 aliis,
2092 289 2231 325 laedere
2254 300 2335 326 vero
2358 290 2447 326 alios
2472 294 2508 326 et

296 325 361 366 μὲν
396 324 541 369 ἑτέρων,
579 322 715 360 ἀδικεῖν
748 324 789 360 δὲ
821 325 945 363 ἄλλους
978 331 1038 362 καὶ
1075 327 1210 361 ἑαυτοῖς
1250 325 1371 373 κέρδος
1438 328 1578 364 sibimet
1600 329 1738 364 lucrum
1761 329 1908 375 impium
1929 333 2013 370 hinc
2035 335 2229 379 acquirere.

296 366 418 413 ἀσεβές
441 370 616 404 ἐντεῦθεν
637 374 809 419 πορίζειν.
1274 416 1430 452 CAPUT
1453 417 1521 452 XV

338 472 416 526 <Ῐό>
461 481 620 518 Σανιδας
649 481 691 518 δὲ
720 485 929 520 ἐπιτιθέναι
958 486 1099 530 χωρίοις
1127 479 1325 528 ἀλλοτρίοις
1348 481 1370 527 ἢ
1405 488 1422 518 5
1483 483 1621 520 Titulos
1645 487 1763 520 autem
1785 485 1964 531 imponere
1992 490 2145 535 praediis
2173 490 2298 527 alienis
2321 494 2384 526 aut
2406 501 2505 537 erga-

294 527 537 580 ἐργαστηρίοις
565 530 605 563 ἐν
638 526 764 564 πόλεσι
795 527 1028 572 διακειμένοις
1061 530 1122 562 καὶ
1156 527 1368 575 ἐπιγράφειν
1436 528 1556 565 steriis
1579 529 1618 565 in
1642 530 1843 566 civitatibus
1866 533 2081 578 constitutis,
2105 538 2141 571 et
2157 536 2422 580 superscribere
2441 547 2507 572 sua

295 582 356 606 τας
379 571 520 607 ἑαυτῶν
551 578 782 630 προςηγορίας
804 572 900 608 οὕτω
923 576 997 607 τοῖς
1019 571 1203 626 τολμῶσιν
1234 575 1367 609 ἐπικίν-
1436 574 1610 610 voeabula
1631 575 1685 611 ita
1707 577 2016 620 praesumentibus
2038 581 2275 625 periculosum
2301 581 2506 626 constitues,

293 615 402 651 δυνον
431 629 681 663 καταστησεις,
713 617 761 654 ῶς
788 616 989 667 γινώσκειν,
1021 631 1079 653 οτι
1110 620 1226 653 ταῦτα
1257 616 1367 665 πράτ-
1436 621 1478 654 ut
1499 623 1714 664 agnoscant,
1739 620 1822 666 quia
1845 621 1934 658 haec
1957 626 2100 668 agentes
2124 625 2192 671 ipsi
2216 636 2315 662 suam
2339 627 2505 662 substan-

292 673 414 696 τοντες
438 660 540 698 αὐτοὶ
563 663 630 707 τὴν
654 665 794 699 ἑαυτῶν
825 666 1033 708 περιουσίαν
1063 660 1285 711 προςάψουσι
1313 664 1367 707 τῷ
1436 664 1521 700 tiam
1552 665 1788 711 applicabunt
1817 665 1916 702 fisco.
1964 667 2003 703 Si
2036 669 2128 705 enim
2162 680 2306 707 causam
2340 672 2408 708 soli
2442 672 2505 707 im-

292 704 465 752 δημοσίῳ.
513 709 558 742 Εἰ
579 708 647 756 γὰρ
671 711 818 756 πρᾶγμα
840 709 932 755 μόνῃ
962 709 1007 756 τῇ
1035 707 1203 753 βασιλείᾳ
1231 711 1291 743 καὶ
1313 709 1368 752 τῷ
1384 712 1423 744 10
1436 710 1534 754 perio
1567 714 1603 746 et
1634 710 1722 746 fisco
1759 711 1879 746 datam
1913 715 2136 758 temptaverit
2169 716 2297 761 aliquis
2329 717 2504 769 abripere,

293 749 454 797 δημοσίῳ
479 751 671 798 δεδομένον
695 753 852 799 πειρῷτό
882 764 934 788 τις
957 750 1192 799 ὑφαρπάζειν,
1225 756 1265 788 ἐν
1295 757 1368 788 τοῖς
1436 755 1474 790 111
1497 755 1571 791 suis
1595 759 1766 801 agnoscat
1789 766 1833 792 ex
1860 757 2067 794 erimentum
2099 763 2134 795 et
2165 761 2238 797 suis
2264 761 2370 797 rebus
2394 762 2505 797 titulis

292 797 419 831 ἑαυτοῦ
442 799 667 842 μανθανέτω
691 799 757 842 τὴν
781 801 919 844 πεῖραν,
947 802 1007 832 καὶ
1029 802 1103 833 τοῖς
1125 797 1235 833 αὐτοῦ
1258 796 1366 847 πράγ-
1435 800 1608 854 impositis
1642 801 1792 846 publicis
1827 768 1890 837 gat
1920 803 1998 839 aliis
2028 805 2224 850 exemplum
2257 806 2505 849 abstinentiae,

228 847 231 850 ’
290 853 381 886 μασι
414 842 550 878 τίτλων
581 845 848 887 ἐπιτιθεμένων
882 841 1064 888 δημοσίων
1100 844 1264 891 γινέσθω
1295 847 1368 879 τοῖς
1460 856 1495 880 ul
1519 845 1551 882 si
1573 845 1685 882 isdem
1707 846 1932 892 implicantur
1948 848 2060 892 malis,
2080 849 2252 886 similibus
2275 851 2398 896 poenis
2422 852 2504 887 sub-

290 885 409 922 ἅλλοις
432 886 658 936 παράδειγμα
682 885 929 943 σωφροσύνης,
961 889 1064 934 οἵπερ
1087 890 1119 923 εἰ
1141 890 1219 923 τῶν
1244 885 1367 924 αὐτῶν
1460 894 1575 926 entur.
1622 891 1722 927 Haec
1745 892 1853 937 igitur
1876 893 1995 929 omnia
2017 894 2181 938 observa,
2211 895 2326 932 sciens
2349 900 2506 932 nostram

290 930 448 978 ἅψαιντο
483 935 616 975 κακῶν,
651 937 727 968 ταῖς
759 937 896 978 ομοίαις
926 937 1068 968 ποιναῖς
1102 931 1365 969 ὑποκείσονται.
1383 938 1421 970 15
1436 935 1533 971 circa
1555 939 1591 971 te
1611 936 1828 973 voluntatem
1851 942 1958 983 atque
1982 940 2203 982 sententiam,
2227 941 2340 985 qualis
2365 941 2506 986 quidem

296 978 415 1012 Ταῦτα
437 982 561 1013 τοίνυν
579 975 726 1013 ἅπαντα
750 977 920 1024 φυλάξεις,
943 979 1137 1026 γινώσκων
1155 979 1223 1022 τὴν
1247 977 1365 1024 ἡμετέ-
1434 981 1501 1017 erit
1524 981 1748 1027 delinquente
1771 985 1823 1026 te,
1856 984 1971 1027 qualis
2000 987 2119 1020 autem
2149 985 2300 1030 probato
2323 989 2360 1022 et
2381 988 2506 1022 nostra

290 1035 359 1067 ραν
391 1027 475 1068 περί
504 1035 544 1057 σε
576 1027 786 1070 προαίρεσίν
817 1036 857 1057 τε
888 1026 947 1058 καὶ
973 1023 1050 1071 γνώ
1079 1038 1134 1068 ην,
1166 1021 1275 1061 ὁποία
1299 1027 1367 1069 μέν
1436 1030 1603 1071 sequente
1628 1030 1819 1072 praecepta
1842 1038 1885 1063 ac
1909 1029 2014 1074 leges.

289 1078 341 1100 τις
365 1069 469 1101 ἔσται
492 1066 781 1112 πλημμελοῦντος
804 1080 876 1109 σου,
901 1067 1010 1104 ὁποία
1057 1072 1074 1103 ἑ
1097 1067 1368 1114 εὐδοκιμοῦντος

289 1114 348 1144 καὶ
379 1115 450 1146 τοῖς
485 1110 664 1160 ἡμετέροις
699 1111 983 1149 ἀκολουθοῦντος
1017 1114 1292 1162 παραγγέλμασί
1325 1128 1366 1150 τε

288 1159 347 1190 καὶ
371 1156 501 1202 νόμοις.
1377 1163 1420 1196 20

1263 1250 1418 1286 CAPUT
1442 1250 1538 1285 XVI.

330 1306 390 1361 (ἶ)
429 1312 523 1360 ’Άμα
550 1314 591 1350 δὲ
618 1318 784 1360 ἐπιβαίης
805 1317 867 1360 τῆς
894 1314 1029 1363 χώρας,
1062 1314 1364 1364 συγκαλεσάμενος
1476 1318 1563 1354 Mox
1586 1321 1704 1355 autem
1726 1322 1767 1355 ut
1796 1319 2002 1365 ingredieris
2033 1321 2267 1366 provinciam,
2300 1323 2504 1359 convocatis

286 1355 450 1395 ἅπαντας
471 1359 553 1396 τούς
577 1363 616 1395 ἐν
638 1363 683 1408 τῇ
712 1359 931 1408 μητροπόλει
961 1363 1218 1405 καθεστῶτας,
1246 1365 1364 1409 φαμὲν
1431 1364 1594 1400 omnibus
1618 1365 1655 1400 in
1678 1365 1867 1410 metropoli
1891 1366 2090 1402 constitutis
2114 1367 2275 1409 (dicimus
2295 1371 2414 1403 autem
2435 1369 2502 1404 deo

286 1403 326 1439 δὲ
358 1402 425 1440 τόν
459 1418 499 1440 τε
531 1406 818 1452 θεοφιλέστατον
852 1409 1052 1442 ἐπίσκοπον
1087 1406 1153 1442 τόν
1186 1420 1226 1442 τε
1257 1405 1364 1455 εὐαγῆ
1432 1410 1576 1445 amabili
1599 1409 1767 1455 episcopo
1792 1414 1828 1445 et
1849 1411 2042 1447 venerabili
2065 1412 2160 1448 clero
2185 1417 2221 1448 et
2250 1413 2428 1449 nobilibus
2452 1414 2500 1448 ci-

286 1449 415 1496 κλῆρον
437 1451 519 1485 τούς
541 1465 581 1486 τε
605 1454 645 1486 ἐν
667 1451 760 1485 τέλει
779 1454 839 1495 τῆς
854 1451 1002 1493 πόλεως,
1027 1453 1168 1498 ἐμφανῆ
1188 1452 1363 1496 καταστή-
1430 1454 1583 1497 vitatis),
1613 1455 1810 1490 insinuabis
1834 1455 1922 1492 haec
1945 1459 2068 1492 nostra
2091 1467 2194 1493 sacra
2222 1460 2413 1503 praecepta
2435 1459 2502 1494 sub

286 1506 358 1530 σεις
380 1497 496 1530 ταῦτα
521 1493 623 1540 ἡμῶν
640 1496 685 1530 τὰ
703 1498 790 1531 θεῖα
811 1496 1094 1545 παραγγέλματα
1118 1499 1177 1532 ἐπὶ
1202 1497 1363 1544 πράξεως
1375 1502 1417 1535 25
1430 1503 1610 1544 gestorum
1632 1499 1891 1543 insinuatione,
1916 1505 1952 1536 et
1973 1512 2153 1547 propones
2178 1503 2357 1548 exemplar
2379 1513 2501 1538 eorum

285 1537 566 1586 ὑπομνημάτων.
621 1545 694 1576 Καὶ
724 1541 923 1587 προθήσεις
953 1556 992 1577 τε
1023 1542 1065 1578 τὸ
1099 1540 1272 1578 ἰσότυπον
1304 1540 1361 1577 αὖ·
1430 1545 1573 1590 publice
1601 1555 1674 1580 non
1705 1545 1818 1581 solum
1850 1546 1887 1581 in
1922 1547 2127 1592 metropoli,
2161 1548 2224 1583 sed
2256 1548 2325 1594 (et)
2354 1548 2391 1582 in
2422 1548 2501 1583 aliis

284 1586 362 1620 τῶν
393 1584 546 1630 δημοσίᾳ
577 1584 617 1621 οὗ
650 1584 763 1630 μόνον
793 1589 853 1622 ἐπὶ
884 1589 945 1631 τῆς
973 1585 1243 1635 μητροπόλεως,
1272 1585 1360 1623 ἀλλὰ
1428 1590 1633 1635 provinciae
1657 1589 1879 1634 civitatibus,
1911 1593 2154 1628 transmittens
2177 1603 2220 1628 ea
2242 1603 2307 1638 per
2330 1592 2501 1629 officiales

285 1633 345 1664 καὶ
369 1632 409 1665 ἐν
432 1635 509 1666 ταῖς
532 1630 653 1666 ἄλλαις
669 1633 730 1675 τῆς
746 1634 916 1680 ἐπαρχίας
936 1631 1072 1675 πόλεσι,
1097 1636 1253 1677 πέμπων
1270 1630 1360 1668 αὐτὰ
1428 1638 1510 1671 tuos
1542 1636 1617 1671 sine
1652 1635 1797 1679 damno,
1833 1638 1874 1671 ut
1906 1647 2026 1672 omnes
2060 1642 2273 1681 agnoscant,
2308 1638 2345 1673 in
2373 1638 2501 1683 quibus

285 1673 344 1709 διὰ
367 1676 563 1717 ταξεωτῶν
587 1678 665 1711 σῶν
689 1679 814 1722 ζημίας
844 1682 966 1725 χωρίς·
1001 1674 1087 1712 ὥςτε
1118 1675 1283 1714 ἅπαντας
1309 1692 1360 1726 γι-
1429 1681 1620 1726 suscepisti
1645 1681 1833 1724 cingulum,
1859 1686 1895 1716 et
1918 1682 2069 1724 videant,
2094 1682 2124 1718 si
2147 1683 2235 1718 haec
2258 1693 2446 1719 conservas
2465 1687 2501 1719 et

283 1718 437 1756 νώσκειν
466 1719 527 1766 ἐφ’
553 1721 604 1756 οἷς
633 1722 832 1769 παρέλαβες
859 1722 926 1766 τὴν
958 1721 1078 1770 ἀρχήν,
1110 1727 1170 1757 καὶ
1201 1721 1298 1768 ὁρᾶν,
1331 1725 1362 1758 εἰ
1374 1727 1416 1760 30
1429 1729 1550 1762 nostro
1575 1726 1719 1771 dignum
1742 1728 1851 1762 temet
1872 1726 1991 1772 ipsum
2015 1727 2172 1763 ostendis
2194 1727 2337 1764 iudicio.

283 1766 402 1820 ταῦτα
423 1763 609 1812 φυλάττεις
632 1770 691 1801 καὶ
713 1769 774 1811 τῆς
797 1765 967 1814 ἡμετέρας
990 1768 1092 1808 ἄξιον
1116 1767 1251 1803 σαυτὸν
1273 1766 1361 1804 ἄπο-

283 1809 453 1846 δεικνυεις
476 1815 633 1859 κρίσεως.
1246 1859 1402 1896 CAPUT
1426 1860 1529 1897 XVII

325 1916 418 1970 <Ἰ’(-Α>
471 1925 589 1960 Ταῦτα
619 1924 687 1972 γὰρ
720 1924 972 1971 φυλαττόμενα
1002 1926 1099 1971 παρὰ
1131 1927 1195 1960 σοῦ
1219 1924 1359 1969 ποιήσει
1471 1927 1570 1962 Haec
1595 1930 1805 1964 conservata
1833 1928 1929 1973 apud
1961 1930 1997 1963 te
2020 1928 2159 1964 faciunt
2187 1932 2412 1974 praesentem
2434 1931 2499 1967 tibi

281 1980 339 2002 σοι
362 1969 430 2012 τὴν
452 1972 642 2016 παροῦσαν
673 1967 785 2016 ἀρχὴν
814 1973 991 2017 χρονιωτέ
1011 1984 1057 2004 αν
1086 1984 1125 2005 τε
1154 1973 1214 2004 καὶ
1245 1969 1359 2005 εὖκλε-
1427 1973 1606 2016 cingulum
1641 1973 1897 2008 diuturniorem
1934 1974 1969 2008 et
2003 1973 2263 2018 gloriosiorem:
2301 1975 2332 2011 si
2382 1976 2499 2012 uidem

281 2016 451 2062 εστέραν·
475 2017 510 2049 εἴ
528 2028 569 2061 γε
593 2014 680 2062 πρὸς
702 2019 775 2049 τοῖς
798 2014 914 2050 ἄλλοις
936 2029 984 2059 μη
1010 2017 1026 2048 ἑ
1043 2012 1259 2061 ὁπλοφορεῖν
1282 2018 1360 2050 τῶν
1373 2020 1414 2052 35
1426 2027 1532 2062 super
1555 2018 1626 2053 alia
1657 2029 1772 2063 neque
1804 2018 1911 2053 armis
1934 2018 1987 2053 uti
2011 2029 2084 2053 non
2113 2019 2324 2055 militantem
2382 2022 2498 2067 iquem

281 2056 357 2101 οὐχὶ
391 2061 632 2107 στρατιωτῶν
661 2073 735 2094 τινι
770 2058 1021 2108 συγχωρήσειε·
1062 2060 1176 2095 ταῦτά
1208 2073 1248 2095 σε
1277 2061 1357 2105 θεῷ
1425 2062 1626 2107 permitte53
1659 2064 1749 2098 haec
1773 2066 1809 2098 te
1833 2066 1869 2098 et
1891 2062 1956 2098 deo
1981 2065 2016 2098 et
2038 2063 2175 2107 legibus
2203 2067 2238 2099 et
2261 2065 2364 2101 nobis
2388 2066 2496 2103 carls-

280 2106 341 2137 καὶ
363 2107 436 2139 τοῖς
459 2103 580 2149 νόμοις
602 2107 662 2138 καὶ
694 2103 779 2149 ἡμῖν
808 2104 982 2151 προςφιλῆ
1011 2105 1239 2149 καταστήσει.
1286 2105 1357 2140 Κᾶ·
1425 2107 1552 2143 simum
1582 2108 1816 2144 constituunt.
1863 2107 1934 2142 Sed
1966 2112 2002 2142 et
2027 2107 2115 2143 illud
2146 2109 2345 2153 providebis
2378 2115 2437 2154 ut,
2467 2112 2498 2149 Si

280 2152 398 2184 κείνου
421 2148 461 2184 δὲ
483 2147 692 2196 προνοήσεις
713 2147 810 2192 ὥςτε,
835 2151 871 2184 εἴ
889 2162 942 2185 τις
964 2151 1042 2185 τῶν
1064 2149 1146 2185 τοὺς
1170 2149 1358 2196 δημοσίους·

325 2230 399 2262 cap.
421 2219 463 2252 Χ
470 2219 503 2253 V
516 2220 721 2252 summarium
742 2220 838 2252 habet
860 2219 912 2252 ΒΓ
930 2220 961 2260 6,
982 2226 1010 2259 3,
1035 2226 1071 2252 22
1095 2231 1133 2252 ex
1157 2219 1278 2252 Theod.

279 2307 474 2354 leqitimum
495 2307 640 2343 modum
659 2307 706 2343 iis
725 2306 861 2343 tradita
883 2310 979 2349 sunt,
1001 2306 1045 2342 ab
1067 2307 1196 2343 alienis
1214 2312 1333 2344 autem
1356 2309 1546 2351 abstinere,
1567 2319 1632 2345 nec
1647 2319 1732 2345 vero
1753 2308 1836 2344 aliis
1854 2309 1996 2355 quidem
2015 2310 2239 2356 prospicere,
2261 2310 2355 2346 alios
2377 2314 2495 2348 autem

278 2352 414 2388 iniuria
437 2353 588 2433 afficere
611 2356 647 2388 et
668 2353 737 2388 sibi
759 2352 908 2399 impium
931 2351 1015 2388 inde
1038 2351 1176 2387 lucrum
1201 2363 1423 2399 comparare.

412 2397 447 2432 Χ
482 2424 492 2433 .
541 2397 698 2433 Tabulas
719 2408 803 2433 vero
824 2397 1009 2444 imponere
1027 2397 1194 2444 praediis
1217 2397 1345 2434 alienis
1367 2398 1426 2435 vel
1454 2398 1663 2445 erqasteriis
1694 2409 1788 2445 quae
1809 2398 1848 2433 in
1871 2398 2073 2435 civitatibus
2092 2402 2241 2442 extant,
2272 2410 2410 2446 suaque
2431 2412 2495 2437 no-

277 2444 376 2479 mina
395 2442 589 2479 inscribere
606 2442 753 2478 ausuris
773 2442 865 2478 adeo
882 2441 1128 2489 periculosum
1144 2446 1293 2486 statues,
1313 2447 1356 2479 ut
1371 2443 1491 2479 sciant
1511 2455 1550 2480 se
1572 2444 1605 2479 si
1629 2443 1698 2479 hoc
1718 2444 1879 2490 fecerint
1898 2454 1966 2479 sua
1989 2444 2090 2490 ipsos
2112 2443 2207 2480 bona
2275 2455 2317 2480 co
2333 2445 2495 2492 applica-

279 2494 382 2524 turos
399 2499 484 2524 esse.
521 2487 616 2523 Nam
632 2488 664 2523 si
682 2488 764 2534 quis
780 2499 855 2524 rem
871 2487 942 2523 soli
958 2487 1110 2533 imperio
1127 2491 1162 2523 et
1174 2487 1266 2532 fisco
1286 2487 1410 2524 datam
1434 2489 1600 2536 arripere
1622 2493 1785 2532 conetur,
1809 2489 1846 2524 in
1871 2489 1947 2524 suis
1971 2488 2076 2524 bonis
2095 2489 2178 2536 peri
2237 2500 2296 2525 um
2319 2495 2497 2536 aquosam

279 2533 463 2580 titulisque
486 2532 645 2580 publicis
666 2533 705 2568 in
727 2533 804 2568 suis
826 2532 932 2568 rebus
955 2533 1001 2567 im
1031 2532 1134 2567 ositis
1160 2533 1230 2578 fiat
1261 2534 1388 2569 ceteris
1418 2534 1623 2580 exemplum
1648 2533 1909 2576 continentiae,
1938 2534 2004 2585 qui
2030 2533 2173 2580 quidem
2194 2534 2227 2569 si
2249 2534 2371 2571 eadem
2401 2536 2497 2572 mala

277 2578 555 2625 aqqrediantur,
586 2577 760 2614 similibus
783 2578 919 2625 poenis
948 2589 991 2612 su
1015 2577 1190 2613 iacebunt.
1236 2577 1339 2614 Haec
1369 2579 1482 2624 iqitur
1513 2578 1634 2614 omnia
1665 2578 1863 2620 custodies,
1892 2589 2009 2613 sciens
2038 2582 2164 2614 nostra
2193 2578 2238 2614 de
2268 2584 2315 2631 te·
2330 2579 2497 2616 voluntas

277 2631 316 2660 et
336 2624 515 2660 sententia
546 2623 666 2670 qualis
691 2623 834 2676 quidem
864 2624 913 2658 sit
933 2623 1084 2668 futura,
1110 2622 1143 2657 si
1172 2621 1381 2669 delinquas,
1413 2623 1533 2670 qualis
1556 2628 1695 2666 autem,
1725 2623 1761 2658 si
1781 2622 1965 2670 probatus
1993 2623 2045 2658 sis
2066 2626 2103 2659 et
2121 2627 2333 2670 praeceptus
2362 2626 2496 2661 nostris

276 2673 386 2715 atque
409 2668 817 2765 ξφῖωδῖἒιῖἱῖιῖαῗεῖο
824 2713 1047 2760 provinciam
1064 2713 1101 2748 in
1147 2723 1248 2748 essus
1266 2713 1329 2756 sis,
1351 2713 1558 2750 convocatis
1575 2712 1738 2748 omnibus
1757 2712 1822 2765 qui
1840 2712 1878 2747 in
1896 2711 2088 2758 metropoli
2106 2713 2291 2749 constituti
2311 2719 2407 2758 sunt,
2427 2715 2493 2752 deo

277 2759 500 2795 carissimum
517 2759 725 2806 episcopum
746 2758 895 2793 dicemus
913 2761 947 2794 et
963 2768 1095 2794 venera
1119 2758 1200 2793 ilem
1222 2757 1355 2793 clerum
1380 2763 1417 2794 et
1435 2759 1616 2806 primores
1635 2759 1802 2800 civitatis,
1822 2756 1911 2793 haec
1933 2762 2060 2792 nostra
2081 2768 2188 2793 sacra
2204 2764 2406 2810 praecepta
2421 2772 2496 2808 per

277 2809 442 2840 actorum
464 2804 700 2839 instrumenta
718 2803 916 2849 manifesta
935 2802 1072 2839 reddes.
1119 2804 1237 2849 Atque
1255 2803 1460 2850 exemplum
1479 2814 1603 2839 eorum
1625 2802 1768 2850 publice
1782 2813 1972 2854 propones
1994 2813 2067 2837 non
2085 2802 2205 2854 solum
2230 2815 2268 2838 m
2291 2806 2486 2852 metropoli

277 2849 343 2885 sed
364 2849 472 2885 etiam
496 2849 534 2883 in
555 2849 705 2900 reliquis
719 2848 936 2895 provinciae
956 2847 1169 2890 civitatibus,
1197 2848 1341 2884 mittens
1361 2859 1405 2884 ea
1420 2860 1494 2896 per
1518 2847 1698 2894 officiales
1723 2852 1804 2883 tuos
1825 2858 1903 2883 stne
1926 2846 2135 2893 dispendio:
2158 2853 2199 2883 ut
2219 2859 2340 2901 omnes
2362 2861 2492 2896 cayno-

277 2898 497 2974 scant,dqua
521 2893 732 2929 condicione
754 2894 1008 2940 maqistratum
1030 2893 1242 2940 susceperis,
1272 2893 1503 2940 videantque,
1536 2903 1622 2928 num
1645 2892 1734 2929 lzaec
1756 2891 1920 2928 observes
1942 2897 1978 2928 et
1992 2897 2125 2928 *nostro
2151 2897 2185 2928 te
2209 2893 2357 2940 dtynum
2377 2901 2492 2932 osten-

276 2939 345 2975 das
365 2939 403 2974 iu
429 2939 509 2974 icio.

416 2983 530 3020 XVII.
579 2983 681 3020 Haec
703 2984 797 3020 enim
814 2984 847 3019 si
863 2995 886 3019 a
911 2987 945 3019 te
966 2982 1216 3026 servabuntur,
1235 2987 1461 3030 praesentem
1476 2986 1698 3030 potestatem
1718 2982 1784 3019 tibi
1804 2985 1840 3018 et
1862 2981 2123 3029 diuturniorem
2143 2987 2180 3018 et
2201 2983 2389 3020 clariorem
2411 2985 2491 3066 eZ-

277 3030 391 3067 eient:
425 3029 459 3065 si
485 3028 592 3065 modo
650 3033 770 3065 raeter
793 3033 913 3065 cetera
935 3039 981 3064 ne
1002 3039 1105 3064 arma
1129 3028 1271 3074 quidem
1293 3033 1438 3075 qestare
1461 3029 1629 3075 cuiquam
1652 3027 1723 3063 nisi
1745 3027 1808 3080 qui
1830 3026 1931 3062 miles
1953 3028 2001 3062 sit
2016 3028 2229 3079 permittas:
2256 3028 2344 3081 haec
2369 3033 2403 3066 te
2423 3074 2430 3081 .
2470 3041 2491 3066 ο

277 3080 312 3112 et
341 3074 479 3122 leqibus
510 3078 545 3110 et
573 3041 678 3109 nobis
709 3085 832 3109 carum
867 3073 1028 3110 reddent.
1075 3071 1175 3108 Illud
1205 3084 1349 3119 quoque
1377 3074 1600 3120 prospicies,
1635 3076 1695 3116 ut,
1731 3083 1762 3108 st
1794 3071 1940 3119 quando
1975 3083 2056 3118 quis
2086 3083 2209 3108 eorum
2238 3084 2300 3119 qut
2328 3074 2493 3121 publicos

325 3171 339 3202 1
367 3163 512 3200 δέδοται
528 3166 563 3199 Β
577 3165 590 3209 11
609 3166 629 3199 2
655 3165 851 3207 ἐπέχεσθαι
866 3167 913 3199 13⁰
928 3164 941 3210 11
959 3166 1138 3210 προνοεῖν]
1165 3167 1261 3198 νοεῖν
1274 3166 1320 3198 L¹
1343 3164 1356 3210 11
1423 3168 1456 3198 81
1472 3165 1521 3199 1⁷¹
1538 3164 1551 3209 11
1571 3167 1611 3199 12
1635 3164 1718 3198 alios
1732 3164 1782 3199 Β*
1796 3164 1810 3208 11
1829 3166 1868 3198 13
1892 3164 1920 3197 si
1937 3164 2051 3197 iisdem
2068 3166 2167 3210 vulq„
2188 3164 2312 3198 hisdem
2324 3164 2465 3199 RVOT
2478 3163 2492 3210 11

276 3216 297 3246 6
321 3214 381 3246 καὶ
401 3225 459 3246 om.
478 3210 576 3254 Β119
599 3210 652 3252 τῷ
677 3208 836 3254 δημοσίῳ
861 3212 894 3244 in
915 3223 981 3244 ras.
995 3211 1047 3244 ,Βε
1062 3209 1074 3254 11
1096 3212 1136 3244 10
1160 3208 1354 3257 πράγματα
1421 3209 1605 3243 subdentur
1629 3223 1686 3243 om.
1712 3209 1761 3243 R¹
1781 3209 1793 3253 Ι
1823 3211 1861 3243 15
1885 3209 2093 3242 uoluntatem
2116 3210 2204 3243 circa
2226 3212 2259 3243 te
2279 3210 2311 3242 V
2329 3209 2342 3253 11
2361 3211 2490 3242 senten-

278 3259 308 3291 L
324 3257 395 3302 11111
427 3252 600 3299 διδόμενα
613 3256 645 3288 L
663 3255 675 3299 11
691 3255 872 3301 πειρῶαιο
885 3255 932 3289 L¹
950 3254 963 3299 11
983 3257 1022 3289 13
1054 3254 1219 3301 γινέσθω
1234 3256 1279 3297 L]
1299 3268 1353 3301 γε·
1422 3256 1514 3296 tiam]
1541 3255 1617 3287 fn·
1640 3255 1689 3288 V²
1707 3254 1719 3299 11
1735 3253 1826 3297 quali
1846 3253 1922 3298 17111
1944 3256 1983 3288 16
2010 3254 2116 3287 *uelis
2136 3254 2185 3289 V¹
2199 3254 2212 3299 Ι
2228 3253 2367 3297 probato
2387 3256 2420 3286 te
2441 3254 2491 3287 V⁸

276 3302 402 3336 νέσθω
416 3303 463 3335 Μ
478 3299 650 3347 γίνεσθαι
664 3300 699 3333 Β
714 3300 726 3345 11
748 3303 788 3333 16
811 3300 889 3333 τῶν
911 3297 1095 3347 ἡμετέρων
1113 3300 1160 3333 L¹
1176 3299 1188 3344 11
1210 3302 1248 3334 17
1271 3302 1356 3346 περί
1423 3303 1521 3333 nato
1531 3299 1579 3334 V¹
1597 3298 1610 3344 11
1625 3302 1770 3333 nostram
1787 3298 1859 3343 0²11
1880 3301 1918 3333 17
1940 3302 2158 3342 consequente
2169 3299 2415 3351 (consequentes
2426 3297 2488 3350 12²2

277 3348 328 3388 σε]
350 3348 390 3380 σὲ
412 3347 458 3380 L¹
483 3347 539 3379 σοὶ
559 3345 608 3379 12²
635 3345 648 3389 11
679 3346 721 3379 24
745 3343 891 3378 ἐντελεῖς
915 3345 964 3379 L²
991 3345 1004 3389 11
1035 3347 1078 3379 26
1101 3342 1156 3386 τὸ]
1182 3342 1249 3378 τὸν
1272 3345 1308 3378 Β
1349 3343 1354 3388 1
1422 3346 1454 3378 R
1471 3343 1484 3390 11
1499 3345 1582 3386 legis
1607 3345 1683 3379 libri
1701 3345 1714 3389 11
1743 3346 1783 3379 21
1801 3357 1850 3388 sq.
1873 3346 2060 3377 convocatis
2083 3344 2234 3378 omnibus
2256 3353 2294 3394 ¹¹¹.
2314 3341 2487 3384 metropoli

277 3394 319 3425 28
343 3394 420 3425 ταῖς
444 3392 627 3435 ἐπαρχίαις
651 3391 683 3423 L
711 3389 724 3434 11
756 3386 878 3423 αὐτῶν
902 3391 950 3423 L¹
979 3389 992 3435 11
1027 3391 1069 3424 29
1095 3385 1251 3423 ἅπαντες
1275 3391 1306 3423 L
1348 3390 1353 3436 1
1420 3389 1608 3423 constitutis
1623 3391 1723 3434 υιι19.]
1746 3399 1930 3423 conuoeans
1945 3399 2056 3422 omnes
2070 3389 2105 3422 in
2123 3386 2296 3431 metropoli
2313 3388 2487 3429 (metropo-

279 3438 320 3469 33
343 3436 410 3482 γὰρ
433 3450 491 3470 om.
518 3437 607 3472 LBe
624 3434 637 3481 11
655 3437 697 3469 36
717 3434 811 3478 θεῷ]
836 3437 869 3467 81
890 3435 950 3468 deo
974 3434 1021 3480 ς11
1040 3436 1081 3470 37
1106 3431 1265 3468 κάκείνου
1292 3436 1324 3468 L
1419 3435 1478 3468 lim
1494 3434 1536 3476 0)
1558 3435 1754 3468 constitutos
1766 3434 1899 3468 RVTO
1916 3433 1928 3477 11
1947 3435 1988 3468 22
2012 3435 2072 3468 deo
2087 3433 2232 3476 Rvu19.]
2253 3432 2293 3464 de
2308 3432 2337 3465 0
2357 3443 2414 3464 om.
2431 3432 2487 3476 Vss

412 3499 1348 3507 ›—-—-—-—-——-—-————--—-——
1419 3481 1463 3514 24
1485 3481 1594 3512 uestra
1613 3479 1663 3513 13¹
1683 3479 1697 3525 11
1720 3481 1967 3523 praeceptorum
1989 3478 2207 3512 subiectorum
2230 3475 2282 3509 Β*
2303 3474 2316 3520 Ε
2345 3476 2388 3528 ‚²⁵
2411 3486 2485 3519 pre-

323 3526 343 3558 3
367 3525 496 3558 sibimet
519 3528 551 3566 et
578 3526 708 3559 lucrum
732 3526 791 3560 VO
817 3524 830 3569 11
859 3527 880 3560 6
909 3524 1113 3558 subscribere
1133 3525 1166 3559 V
1186 3523 1200 3570 11
1229 3526 1248 3558 7
1273 3535 1350 3559 con·
1417 3534 1518 3568 pones
1534 3524 1563 3558 0
1586 3534 1790 3568 praeponens
1806 3523 1892 3568 VT}
1909 3521 2104 3567 reorumVfl
2121 3523 2163 3557 26
2183 3520 2403 3573 metropohv·
2417 3531 2484 3573 nie-

280 3569 408 3610 stitues]
433 3571 638 3603 consentiens
651 3571 751 3605 R¹0²
769 3580 837 3604 esne
853 3570 960 3603 sciens
977 3570 1023 3604 0²
1041 3579 1107 3603 esee
1131 3570 1213 3603 scias
1230 3571 1348 3615 (suppl.
1417 3569 1585 3613 tropolitis
1600 3570 1632 3603 T
1649 3568 1662 3614 11
1678 3571 1711 3602 81
1730 3570 1848 3603 addidi
1869 3569 1982 3612 (etiam
2000 3568 2076 3602 add.
2096 3567 2195 3609 only.)
2211 3565 2218 3609 1
2242 3566 2283 3598 27
2306 3568 2485 3608 prouintus

286 3613 337 3647 V²
354 3615 387 3647 in
402 3619 474 3657 my.)
493 3614 582 3647 R²V
595 3615 607 3660 11
623 3618 642 3650 8
668 3615 868 3658 agnoscatR
886 3614 977 3659 {ipsi
997 3615 1129 3657 quidem
1147 3624 1240 3648 snam
1256 3616 1322 3650 OT
1337 3613 1351 3661 11
1424 3613 1487 3648 VT
1501 3614 1513 3657 11
1528 3615 1577 3656 ea]
1602 3624 1673 3647 eam
1694 3614 1835 3648 RVOT
1851 3613 1923 3692 1133
1956 3614 2036 3646 haee
2055 3610 2128 3652 VO]
2152 3612 2185 3643 81
2264 3612 2297 3643 et
2319 3610 2398 3643 haee
2424 3611 2456 3644 Τ
2472 3612 2485 3656 11

280 3660 299 3692 9
323 3657 548 3700 amplicabunt
567 3660 600 3692 V
619 3660 631 3702 11
652 3661 729 3693 fisco
751 3661 860 3693 datam
883 3660 1096 3702 temptauerit
1117 3660 1146 3693 si
1168 3660 1221 3693 R⁰
1242 3659 1255 3705 11
1276 3659 1348 3693 solo
1416 3660 1458 3694 35
1482 3669 1548 3691 non
1562 3677 1606 3684 —
1623 3661 1665 3693 36
1687 3658 1748 3691 deo
1771 3671 1853 3702 supp
1867 3683 1876 3692 .
1894 3658 1949 3692 V¹
1971 3669 2005 3691 m
2023 3662 2107 3700 spat.
2131 3654 2229 3699 vac-ss
2248 3657 2290 3688 36
2314 3655 2375 3688 hoo
2391 3655 2454 3689 VT
2471 3658 2484 3700 11

290 3703 331 3736 1⁷¹
346 3701 359 3747 11
383 3705 420 3736 10
438 3704 732 3744 temptauerintV¹
750 3705 762 3748 11
777 3705 923 3747 arripere
935 3706 1021 3748 vuly.
1040 3704 1053 3749 11
1072 3706 1108 3739 11
1134 3707 1167 3739 81
1182 3705 1262 3746 suis]
1279 3704 1347 3737 suin
1415 3702 1630 3736 clarissimum
1652 3703 1685 3737 V
