2618 4010
121 174 123 176 ι
151 130 211 162 nn
241 125 546 160 800110100118
1227 108 1316 157 333
1997 112 2105 155 Nov.
2139 111 2258 154 LXII
2290 114 2326 154 1.
2357 112 2383 154 2

150 228 408 269 examinantur,
431 225 564 262 idcirco
587 223 692 260 nobis
710 223 880 271 <placuit>
904 235 974 260 non
999 224 1114 260 solum
1135 225 1272 260 iudices
1293 227 1448 266 nostros,
1474 222 1537 259 sed
1559 222 1667 259 etiam
1688 225 1871 258 senatores
1895 222 1942 259 ad
1966 222 2221 259 examinandas
2246 222 2327 259 lites
2346 222 2384 258 in

151 273 473 310 consultationibus
491 270 743 307 convenientes
767 281 841 306 una
862 281 943 306 cum
959 269 1039 306 aliis
1056 269 1320 307 florentissimis
1344 269 1477 306 nostris
1496 268 1706 314 proceribus
1730 267 1845 303 litium
1866 267 1966 304 facta
1989 268 2178 314 trutinare,
2204 271 2240 304 et
2260 278 2382 314 quem-

151 319 356 362 admodum,
387 317 419 353 si
441 316 581 361 quando
606 315 787 351 silentium
810 316 856 352 ob
881 316 952 351 alia
975 326 1048 352 una
1073 326 1154 352 cum
1180 318 1357 351 conventu
1380 314 1489 350 fuerit
1512 314 1731 356 nuntiatum,
1764 324 1885 350 omnes
1910 314 2126 359 colliguntur
2149 317 2186 350 et
2210 323 2379 360 proceres

152 369 188 401 et
211 367 406 408 senatores,
435 362 488 398 ita
512 365 548 398 et
569 371 676 405 nunc,
708 362 850 407 quando
873 362 1053 397 silentium
1076 361 1321 397 tantummodo
1345 364 1495 407 propter
1519 359 1672 396 alicuius
1697 368 1828 395 causae
1852 360 2149 396 examinationem
2170 360 2381 406 pronuntie-

150 415 222 455 tur,
253 409 319 446 etsi
349 418 422 444 non
453 407 608 443 addatur
638 411 834 444 conventus
866 407 1093 452 vocabulum,
1130 411 1249 443 tamen
1273 417 1334 443 eos
1359 406 1548 442 convenire
1580 407 1617 442 01
1647 413 1770 441 omnes
1803 406 2038 441 consedentes
2071 405 2166 451 quod
2191 406 2242 441 eis
2268 406 2381 442 visum
2405 409 2425 441 5

151 456 259 492 fuerit
281 454 347 491 sub
372 455 684 489 sacrosanctorum
708 453 968 498 evangeliorum
991 453 1196 507 praesentia
1220 456 1255 488 et
1279 455 1437 489 statuere
1461 455 1498 488 et
1520 452 1568 488 ad
1589 452 1749 487 nostram
1772 449 1907 486 referre
1930 451 2116 487 scientiam
2145 454 2182 486 et
2204 454 2381 496 augustae

150 499 345 541 maiestatis
369 499 636 544 dispositionem
660 501 869 544 expectare:
894 509 918 535 a
938 498 1024 535 80118
1045 499 1280 543 senatoribus,
1305 498 1369 534 sed
1387 498 1607 544 abvutroque
1626 496 1761 541 ordine,
1785 496 1989 532 huiusmodi
2009 496 2133 532 litibus
2154 496 2375 533 exercendis.

149 545 279 582 Melius
302 544 394 580 enim
418 549 453 580 et
477 544 687 590 perpensius
711 545 945 591 amplioribus
970 554 1077 598 quam
1100 545 1227 590 paucis
1250 544 1536 580 examinantibus
1559 543 1616 579 ius
1638 552 1776 578 merum
1805 543 1842 578 et
1863 541 2020 577 iustitiae
2043 542 2162 577 lumen
2185 542 2377 578 invenitur.

103 593 128 630 3
148 591 204 627 Eo
228 590 424 627 certissimo
448 590 653 633 constituto,
679 590 774 635 quod
797 594 834 626 et
855 591 893 626 in
915 589 1008 625 101118
1034 590 1253 627 circensibus
1277 593 1315 626 et
1337 589 1480 635 quando
1506 591 1700 626 conventus
1723 587 1833 624 fuerit
1856 587 2055 632 nuntiatus,
2089 587 2194 623 solito
2219 598 2318 624 more
2344 591 2380 623 et

148 638 332 673 senatores
363 635 482 681 colligi
514 646 660 672 necesse
691 640 747 671 est
778 638 813 672 et
844 646 947 672 suum
978 634 1137 671 officium
1172 645 1347 672 exercere.
1396 635 1447 671 Et
1469 635 1565 671 110110
1597 633 1735 680 1101110111
1765 633 1966 680 praesentis
1999 633 2086 679 legis
2111 633 2302 670 articulum
2331 634 2380 668 ita
2407 637 2448 669 10

149 682 370 728 disponimus
394 684 430 718 et
454 682 522 718 hac
546 681 802 718 constitutione
826 682 863 717 in
886 682 1101 727 perpetuum
1126 681 1280 717 valitura
1305 681 1591 727 constringimus.

1155 817 1314 855 CAPUT
1337 817 1383 853 Π.

284 884 394 921 Aliud
422 888 541 921 autem
573 886 768 931 capitulum
798 883 947 930 propter
977 884 1150 920 honorem
1182 885 1374 929 dignitates
1411 884 1638 921 comitantem
1670 884 1850 930 praesenti
1885 885 1963 930 lege
1994 884 2266 920 discernendum
2302 893 2382 919 esse

149 933 411 977 perspeximus.
460 931 549 967 Cum
573 933 666 967 enim
688 932 783 967 inter
807 930 1077 967 florentissimos
1101 931 1215 966 nostri
1238 930 1365 976 palatii
1387 940 1555 975 proceres
1579 934 1616 966 et
1638 931 1912 975 gloriosissimos
1937 933 2122 966 senatores
2171 930 2250 965 uasi
2274 939 2381 974 quae-

150 978 232 1012 dam
255 977 426 1013 medietas
452 976 612 1012 sublimis
637 978 693 1013 est
714 976 974 1022 praefecturae,
1006 976 1186 1012 sancimus
1210 976 1410 1021 praesulem
1442 976 1584 1021 quidem
1607 975 1816 1021 amplissimi
1839 979 1984 1012 senatus
2020 941 2230 1020 (8000030111
2253 975 2383 1021 (quod)

151 1022 221 1058 sibi
245 1022 514 1068 antiquissimae
546 1023 655 1058 series
687 1022 875 1058 memoriae
902 1021 1071 1065 vindicat)
1107 1022 1324 1058 urbicariam
1355 1031 1434 1057 esse
1457 1022 1723 1067 praefecturam
1756 1024 1794 1058 et
1822 1021 1974 1068 primam
2006 1022 2126 1058 sedem
2158 1021 2191 1057 ei
2213 1021 2382 1065 dedicari,
2408 1024 2448 1057 15

150 1070 279 1113 postea
302 1070 422 1104 autem
445 1078 566 1104 omnes
590 1067 885 1104 eminentissimos
910 1071 1094 1103 senatores
1118 1068 1291 1112 patricios
1315 1067 1512 1111 numerari,
1545 1067 1711 1103 videlicet
1734 1071 1792 1110 ut,
1824 1068 1856 1104 si
1881 1068 1942 1113 qui
1965 1078 2009 1104 ex
2032 1068 2088 1103 his
2113 1070 2149 1104 et
2174 1066 2382 1103 consulatus

152 1113 351 1158 insignibus
376 1113 600 1156 decorantur,
624 1113 819 1149 secundum
843 1113 1051 1149 consulatus
1076 1113 1235 1149 ordinem
1256 1113 1414 1148 habeant
1443 1112 1537 1147 inter
1560 1123 1598 1148 se
1622 1117 1857 1157 emergentem
1881 1113 2184 1159 praerogativam3
2219 1112 2273 1148 1118
2299 1122 2381 1157 pro-

152 1159 212 1194 cul
235 1158 345 1195 dubio
401 1159 439 1195 ui
469 1159 505 1194 in
534 1159 614 1204 ipso
645 1162 730 1194 actu
754 1158 979 1194 consulatum
1001 1162 1188 1203 gesserunt
1218 1158 1298 1194 aliis
1322 1159 1486 1194 omnibus
1519 1158 1770 1194 consularibus
1801 1159 1846 1194 in·
1872 1170 1937 1195 suo
1963 1159 2087 1194 ordine
2110 1158 2380 1204 anteponendis.

106 1208 129 1243 1
153 1204 369 1249 Quemadmo
395 1215 455 1240 um
477 1204 571 1240 enim
592 1204 686 1240 inter
709 1214 879 1250 proceres
902 1207 1045 1240 nostros
1077 1204 1186 1240 moris
1218 1207 1274 1239 est
1296 1204 1510 1250 patriciatus
1533 1203 1667 1239 infulas
1692 1204 1874 1239 consulari
1904 1204 2046 1249 fastigio
2072 1204 2252 1249 anteponi,
2285 1207 2322 1240 et
2346 1204 2382 1238 in

103 1253 127 1288 2
152 1250 368 1295 amplissimo
392 1251 519 1287 senatu
549 1248 642 1285 idem
672 1250 872 1295 exemplum
896 1249 1157 1286 observandum
1181 1253 1247 1286 081.
1319 1250 1444 1286 001010
1468 1249 1564 1285 0111111
1595 1253 1678 1294 post
1701 1249 1872 1294 patricios
1905 1250 2085 1286 consortio
2116 1254 2189 1285 tam
2216 1249 2380 1285 consula·
2408 1253 2450 1286 20

152 1295 244 1331 rium
268 1305 373 1340 quam
402 1294 661 1341 praefectoriae
684 1294 886 1340 dignitatis,
919 1295 1049 1340 quibus
1074 1295 1181 1331 etiam
1204 1295 1394 1340 magistros
1424 1295 1578 1331 militum
1603 1305 1901 1330 connumeramus
1934 1305 2000 1331 nec
2024 1307 2097 1331 non
2128 1295 2222 1331 viros
2247 1295 2381 1340 magni-

152 1340 239 1376 ficos
258 1341 424 1383 illustres,
449 1340 644 1376 secundum
665 1350 753 1376 suae
773 1341 956 1387 dignitatis
979 1345 1141 1387 tempora
1163 1341 1202 1377 in
1220 1351 1384 1386 magnam
1409 1341 1546 1376 curiam
1570 1344 1644 1376 tam
1664 1340 1956 1376 convenientibus
1981 1351 2086 1386 quam
2107 1341 2382 1376 consedentibus

103 1389 127 1424 3
153 1388 188 1421 et
213 1386 424 1422 sententiam
453 1385 547 1422 ferre
576 1386 794 1423 habentibus
826 1386 1018 1423 licentiam.
1091 1386 1129 1422 Si
1153 1397 1257 1432 quem
1293 1389 1413 1423 autem
1437 1389 1596 1422 utentem
1622 1386 1762 1431 cingulo
1794 1396 1838 1422 ex
1869 1390 1994 1422 nostra
2024 1386 2182 1422 iussione
2206 1386 2384 1431 deponere

153 1431 331 1476 cingulum
354 1430 552 1476 contigerit,
577 1443 651 1468 non
675 1442 720 1468 ex
743 1433 812 1469 hoc
836 1432 914 1468 fieri
937 1443 1017 1468 eum
1039 1432 1250 1468 deteriorem
1274 1443 1459 1468 censemus
1483 1431 1539 1468 vel
1560 1432 1607 1468 ad
1630 1431 1834 1468 inferiorem
1857 1431 2007 1477 gradum
2030 1431 2170 1475 deduci,
2195 1432 2258 1467 sed
2282 1441 2384 1467 suam

151 1480 274 1513 tenere
297 1476 403 1512 etiam
426 1477 464 1512 in
488 1477 706 1523 amplissimo
730 1482 858 1514 senatu
882 1478 1186 1524 praerogativam,
1221 1488 1328 1524 quam
1352 1480 1460 1514 antea
1484 1488 1567 1514 cum
1592 1477 1733 1523 cingulo
1766 1480 1927 1514 uteretur
1949 1477 2121 1514 habuisse
2144 1477 2382 1520 noscebatur3
2409 1481 2451 1513 25

152 1523 187 1557 et
209 1521 241 1557 si
263 1522 405 1567 quidem
433 1522 560 1559 altiore
589 1523 670 1560 1000
693 1524 896 1560 condonare
928 1524 1155 1567 voluerimus,
1187 1523 1256 1560 hoc
1287 1534 1367 1560 eum
1397 1526 1434 1560 et
1462 1523 1501 1559 in
1531 1524 1687 1559 maxima
1719 1523 1819 1559 curia
1849 1523 2024 1560 beneficio
2054 1523 2237 1569 perpotiri.
2287 1522 2383 1567 Quos

150 1566 245 1602 enim
274 1569 471 1604 honoratos
502 1578 687 1612 vocamus,
721 1580 784 1606 008
815 1570 949 1605 1111110111
976 1569 1141 1605 iniuriam
1171 1570 1312 1616 perpeti
1344 1569 1591 1613 concedimus,
1623 1579 1669 1605 ne
1694 1569 1790 1614 quod
1813 1569 1865 1605 eis
1896 1580 1964 1615 pro
1988 1569 2111 1605 labore
2142 1579 2207 1614 per
2231 1568 2384 1613 quietem

102 1616 127 1651 4
151 1613 383 1658 praecipuum
405 1614 600 1659 praemium
623 1615 858 1659 indulgemus,
884 1616 953 1651 hoc
976 1616 1014 1651 in
1033 1615 1310 1652 deminutionem
1329 1615 1478 1652 honoris
1498 1625 1623 1651 eorum
1642 1614 1864 1651 detrahatur.
1933 1614 2101 1651 Gaudeat
2119 1615 2171 1650 ita
2191 1613 2383 1660 unusquis-

151 1668 220 1703 que
244 1658 320 1694 sine
343 1659 464 1705 aliqua
486 1660 643 1696 laesione
668 1661 840 1697 beneficio
866 1665 1001 1705 nostro,
1035 1661 1108 1697 sive
1131 1665 1172 1696 ut
1195 1665 1278 1706 agat
1309 1661 1382 1697 sive
1406 1665 1447 1697 ut
1470 1660 1673 1705 requiescat
1696 1661 1806 1696 fuerit
1828 1660 1866 1696 in
1889 1671 1971 1697 eum
1996 1660 2182 1703 collatum,
2215 1670 2296 1696 cum
2321 1669 2384 1695 ne-

151 1714 220 1747 que
243 1715 384 1757 semper
406 1706 573 1740 laborare
605 1716 719 1751 neque
743 1717 883 1752 semper
913 1717 1042 1742 vacare
1075 1707 1279 1743 hominibus
1309 1707 1451 1743 libitum
1483 1717 1562 1743 esse
1585 1706 1735 1750 videtur,
1769 1706 1832 1742 sed
1856 1706 2072 1751 permutatio
2102 1710 2138 1742 et
2169 1706 2325 1742 varietas
2349 1707 2386 1740 et
2411 1708 2453 1742 30

104 1754 128 1789 5
151 1760 238 1785 118118
262 1760 377 1787 rarior
399 1754 535 1787 mentes
558 1751 733 1788 humanas
759 1752 947 1788 delectant.
1019 1752 1058 1788 Si
1082 1753 1143 1798 qui
1165 1756 1285 1789 autem
1308 1753 1438 1788 illustri
1462 1752 1634 1798 dignitate
1658 1752 1818 1789 decorati
1844 1757 1938 1797 sunt,
1966 1752 2074 1788 liceat
2096 1752 2148 1788 eis
2172 1751 2384 1797 patriciatus

152 1795 334 1832 codicillos
357 1796 532 1842 accipere,
566 1796 634 1832 etsi
658 1808 730 1833 non
755 1798 962 1834 consulares
986 1799 1040 1834 vel
1063 1797 1294 1843 praefectorii
1319 1799 1487 1842 existant,
1521 1797 1617 1844 quod
1649 1798 1856 1834 constitutio
1889 1797 1991 1833 divae
2015 1797 2208 1834 memoriae
2230 1796 2384 1833 Zenonis

151 1840 250 1894 irrite
283 1842 501 1886 postulabat.
559 1842 699 1878 Sufficit
734 1844 864 1879 etenim
897 1844 935 1879 in
970 1844 1183 1890 patriciatus
1218 1844 1390 1880 honorem
1426 1843 1656 1890 capiendum,
1694 1846 1734 1879 ut
1766 1844 2012 1880 tantummodo
2046 1843 2178 1879 illustri
2214 1842 2385 1888 dignitate

152 1887 294 1931 1101110111
316 1887 515 1924 decoretur.
563 1887 634 1924 Sed
662 1889 729 1925 etsi
760 1890 830 1925 hoc
858 1889 929 1925 iam
960 1890 998 1925 in
1023 1890 1151 1936 quibus
1183 1890 1475 1936 praetermissum
1499 1893 1570 1934 est,
1602 1889 1741 1925 nullum
1767 1889 2028 1935 praeiudicium
2059 1889 2110 1925 018
2141 1888 2203 1935 qui
2226 1888 2386 1934 provecti

105 1935 130 1972 6
152 1935 236 1968 80111
258 1942 438 1978 generare.
509 1933 573 1969 Sin
595 1943 679 1971 vero
703 1934 875 1980 dignitate
897 1935 1033 1972 donare
1057 1935 1232 1981 quosdam
1255 1936 1490 1979 voluerimus,
1522 1936 1585 1971 illa
1615 1938 1736 1970 tamen
1759 1936 1942 1971 voluntate
1974 1939 2015 1970 ut
2044 1934 2129 1970 ilico
2161 1935 2198 1970 in
2223 1936 2386 1970 senatum
2412 1938 2455 1971 35

153 1987 215 2014 eos
237 1978 507 2022 transferamus,
533 1989 593 2015 eos
616 1981 862 2017 tantummodo
887 1981 1028 2017 tertiam
1052 1984 1192 2027 partem
1213 1981 1457 2028 sportularum
1479 1983 1667 2027 praestare
1685 1981 1876 2025 sancimus,
1902 1985 1943 2017 ut
1961 1984 1999 2016 et
2018 1980 2053 2016 di
2103 1981 2189 2016 ’tate
2207 1980 2388 2025 gaudeant

152 2027 189 2104 gii:
211 2033 377 2069 magnum
382 2026 651 2106 εε1ι1οέ1ι)8011110111
675 2026 942 2073 detrimentum
982 2026 1062 2063 aliis
1085 2027 1252 2064 videlicet
1275 2027 1440 2064 omnibus
1465 2026 1503 2064 in
1526 2026 1819 2073 provectionibus
1852 2027 1926 2063 suis
1950 2026 1989 2062 in
2013 2037 2054 2063 so
2071 2026 2167 2063 'dum
2191 2027 2386 2062 consuetu·

190 2079 252 2105 nes
300 2079 380 2106 raes
420 2081 444 2105 n
460 2082 472 2105 1
498 2081 552 2107 us.

275 2081 565 2162 p(Epilogus.)
611 2116 711 2161 Quae
732 2118 842 2162 igitur
864 2128 929 2164 per
952 2118 1046 2154 hanc
1071 2118 1225 2155 divinam
1247 2118 1361 2163 legem
1384 2121 1509 2155 nostra
1532 2118 1655 2154 sanxit
1678 2118 1895 2162 aeternitas,
1928 2117 2132 2154 sublimitas
2156 2119 2221 2154 tua
2245 2120 2282 2153 et
2303 2120 2389 2153 tuae

152 2160 247 2196 sedis
270 2170 498 2197 successores
523 2165 559 2197 et
582 2162 742 2197 officium
764 2167 866 2199 tuum
889 2163 926 2199 in
950 2173 1054 2199 omne
1078 2174 1204 2200 aevum
1229 2174 1441 2201 conservare
1465 2164 1654 2208 festinent,
1690 2174 1807 2209 poena
1830 2164 2088 2211 quinquaginta
2111 2164 2285 2199 librarum
2308 2163 2387 2198 auri
2413 2169 2456 2201 40
2507 2170 2509 2172 ’

153 2206 204 2258 eis
227 2206 431 2242 imminente
455 2207 515 2250 qui
538 2207 608 2242 hoc
631 2207 764 2243 violare
786 2212 856 2244 tem
883 2209 1038 2244 taverint
1059 2209 1114 2244 vel
1137 2219 1160 2244 a
1182 2219 1363 2262 quoquam
1393 2209 1518 2245 violari
1544 2209 1798 2246 concesserint.
1889 2209 1975 2246 Dat.
1992 2224 2008 2242 *
2023 2210 2095 2246 kal.
2111 2209 2299 2245 Ianuarias
2317 2208 2386 2244 GP.

152 2260 238 2295 imp.
264 2250 322 2286 dn.
347 2250 537 2286 Iustiniani
560 2262 620 2297 pp.
645 2253 737 2297 Aug.
763 2219 947 2296 annogss„
972 2255 1055 2299 post
1078 2263 1175 2289 cons.
1201 2253 1368 2290 Behsarii
1390 2265 1422 2290 v.
1444 2265 1475 2290 0.
1501 2255 1613 2300 (011110
1637 2254 1704 2299 ΙΙ.)
2246 2257 2294 2298 [a.
2309 2256 2387 2297 537]

1885 2352 2064 2359 munh—*-
2067 2354 2126 2359 -..--.

212 2411 228 2443 1
255 2408 384 2452 placuit
407 2411 567 2454 supplevit
592 2412 715 2444 Biener
741 2410 754 2455 ΙΙ
784 2413 805 2445 2
828 2413 994 2445 trutinare
1018 2416 1050 2445 et
1075 2411 1230 2454 quemad·
1299 2410 1449 2444 illustres
1471 2412 1569 2446 Beck
1595 2410 1607 2455 ῘΙ
1639 2413 1681 2446 22
1714 2412 1882 2454 maginem
1914 2414 1947 2447 V
1970 2413 1983 2458 ΙΙ
2015 2414 2057 2448 23
2088 2414 2224 2457 cing-ulo
2249 2415 2387 2456 Biener]

154 2454 288 2487 modum
303 2455 408 2497 Beck]
432 2456 602 2489 trucinare
626 2458 659 2489 et
680 2456 739 2498 qui
763 2458 812 2489 est
835 2456 877 2489 ad
900 2457 1034 2490 modum
1055 2458 1090 2491 V
1107 2457 1120 2501 fl
1145 2458 1165 2491 3
1190 2457 1232 2490 ob
1266 2472 1267 2480 1
1301 2456 1475 2498 cingulum
1495 2457 1530 2490 V
1549 2455 1562 2501 ΙΙ
1592 2458 1635 2491 28
1657 2458 1717 2499 110]
1745 2459 1805 2502 leq.
1831 2458 1970 2501 itaque?
1995 2458 2007 2503 ΙΙ
2037 2460 2081 2494 30
2106 2459 2258 2494 laborare
2280 2470 2388 2502 neque

154 2500 221 2532 alia
243 2500 444 2543 Zachariae]
474 2501 516 2535 ab
540 2501 612 2535 ulla
631 2502 663 2535 V
690 2501 731 2534 ab
755 2501 827 2535 ullo
852 2503 946 2536 Beck
977 2502 990 2547 ΙΙ
1019 2502 1232 2545 colleg-untur
1266 2523 1268 2527 ›
1300 2512 1427 2545 semper
1451 2503 1588 2544 Biener]
1625 2503 1739 2536 labore
1769 2514 1898 2547 semper
1930 2514 2037 2546 neque
2069 2505 2104 2539 V
2123 2505 2135 2549 ΙΙ
2168 2506 2207 2540 31
2235 2506 2388 2549 patritias

163 2545 194 2578 V
205 2545 218 2590 ΙΙ
237 2547 259 2580 4
271 2546 446 2580 nuntietur
458 2547 585 2581 Biener
601 2547 614 2592 ΙΙ
632 2550 651 2582 5
665 2547 784 2580 0110101·
800 2547 854 2591 Vn
873 2548 1082 2581 considentes
1095 2550 1231 2590 Biener,
1301 2547 1558 2590 (patriaiastVa)
1587 2549 1623 2591 V,
1646 2562 1730 2583 corr.
1745 2549 1869 2583 Biener
1884 2548 1897 2595 ΙΙ
1924 2551 1967 2583 32
1990 2550 2187 2593 prefectorie
2209 2552 2264 2595 Vn
2282 2552 2388 2585 Zeno-

155 2591 410 2625 conscendentes
427 2591 511 2637 17116
524 2592 667 2626 *referre
680 2593 735 2636 (cf
746 2594 940 2636 imperatori
953 2594 1099 2627 referant
1109 2594 1231 2628 Iulian.
1301 2592 1368 2634 nis]
1397 2593 1475 2627 God.
1496 2594 1548 2636 12,
1566 2600 1594 2635 3,
1612 2601 1628 2628 3
1652 2594 1665 2639 ΙΙ
1693 2595 1736 2629 33
1758 2595 1866 2637 irrite]
1892 2595 2025 2629 iniri-ite
2055 2597 2089 2630 V
2105 2607 2174 2630 non
2196 2597 2260 2630 rite
2277 2598 2387 2631 Heim-

155 2649 182 2669 c.
196 2638 271 2678 199,
295 2634 538 2683 ἀναφερέσθω
554 2639 700 2681 Theod.)]
723 2639 890 2681 praeferre
906 2640 941 2673 V
959 2640 1105 2682 perferre
1117 2640 1204 2683 vulq.
1222 2638 1234 2684 ΙΙ
1303 2639 1395 2680 bach,
1419 2639 1531 2671 minus
1547 2639 1611 2672 ritc
1626 2640 1816 2674 Zachariae
1833 2639 1845 2684 ΙΙ
1864 2640 1942 2682 *utJ
1962 2641 2005 2674 sit
2026 2642 2060 2675 V
2077 2642 2106 2675 si
2122 2644 2207 2687 vulq.
2225 2642 2238 2687 ΙΙ
2258 2644 2300 2677 34
2313 2643 2387 2684 qui-

156 2684 174 2715 7
197 2683 228 2723 a]
253 2693 321 2715 non
337 2694 357 2716 0
382 2684 627 2728 Οεεηόνᾶφρεη,
644 2686 740 2728 prob.
754 2685 942 2718 Zachariae
959 2685 971 2728 ΙΙ
991 2687 1029 2720 11
1051 2686 1137 2718 110110
1156 2695 1233 2718 0011-
1301 2683 1375 2726 bus]
1400 2684 1599 2726 quibusdam
1611 2686 1737 2719 Biener
1761 2685 1774 2730 ΙΙ
1801 2689 1849 2719 081
1862 2686 1999 2729 Biener]
2025 2689 2058 2720 et
2079 2688 2112 2721 V
2128 2687 2141 2733 ΙΙ
2169 2689 2211 2722 35
2236 2689 2388 2731 generari

155 2728 366 2762 stitutionem
387 2729 525 2774 Vvul9.‚
549 2742 631 2764 corr.
651 2730 839 2763 Zachariae
864 2729 877 2774 ΙΙ
906 2730 1054 2763 ualitura
1075 2731 1122 2772 V]
1147 2730 1233 2763 uali—
1303 2729 1431 2763 Biener
1461 2729 1472 2773 ΙΙ
1502 2732 1655 2764 senatum
1679 2731 1786 2773 Beck]
1821 2733 1940 2765 senatu
1966 2733 2002 2766 V
2018 2732 2031 2776 ss
2058 2734 2098 2768 41
2126 2733 2330 2768 imminenda
2350 2735 2388 2775 V,

155 2774 265 2806 turam
281 2775 366 2818 vuly.
386 2773 399 2818 ΙΙ
417 2776 459 2809 12
473 2774 656 2817 dignitates
669 2776 740 2818 (sic)
762 2776 813 2809 Va
837 2775 1012 2818 dignitatis
1034 2775 1082 2808 Vb
1097 2775 1110 2821 ΙΙ
1128 2775 1234 2818 legem
1304 2786 1386 2808 corr.
1405 2775 1531 2809 Biener
1555 2775 1568 2820 ΙΙ
1592 2778 1806 2819 temptauerit
1826 2777 1860 2811 V
1878 2776 1891 2822 ΙΙ
1916 2779 2038 2812 subscr.
2058 2779 2123 2812 dat.
2146 2780 2211 2812 kal.
2236 2780 2388 2813 1011001ἰο

164 2818 220 2862 Vn
246 2819 490 2853 disscerendum
512 2821 550 2859 V,
574 2834 657 2855 corr.
682 2821 778 2855 Beck
801 2820 813 2866 ΙΙ
845 2823 886 2856 14
910 2821 1084 2854 *sublima
1106 2822 1137 2854 V
1156 2822 1234 2855 sub·
1304 2829 1374 2862 cap.
1399 2820 1478 2862 imp.
1503 2820 1584 2854 (11·1111
1607 2822 1728 2854 Iustin.
1752 2833 1807 2866 pp.
1825 2833 1902 2865 aug.
1925 2834 2014 2856 anno
2032 2823 2094 2858 XI.
2119 2835 2150 2867 p.
2176 2825 2303 2859 consul.
2331 2825 2386 2859 bil.

155 2863 230 2896 limi
253 2865 433 2899 Heimbach
462 2865 475 2910 ΙΙ
501 2866 736 2900 sublimissima
760 2869 808 2899 est
830 2867 1040 2910 praefectura
1065 2868 1189 2901 Biener
1224 2867 1235 2910 ΙΙ
1304 2865 1369 2897 uic·
1392 2865 1424 2898 V
1444 2864 1661 2911 έξεφωνήθη
1683 2869 1770 2911 μηνὶ
1794 2867 1990 2913 ἰανουαρίῳ
2015 2867 2107 2914 μετὰ
2128 2868 2197 2913 τὴν
2210 2867 2389 2905 ὑπατείαν

158 2910 201 2943 14
213 2923 268 2963 sq..
286 2909 401 2964 *quod
424 2911 500 2964 sibi]
526 2911 589 2964 sibi
611 2912 645 2946 V
663 2912 757 2964 quod·
766 2912 955 2964 Zachariae
978 2913 990 2956 ΙΙ
1023 2914 1064 2948 15
1085 2913 1235 2946 uindica-
1305 2908 1518 2966 Bstcoaptoy
1549 2910 1591 2944 τὸ
1613 2911 1654 2956 β’
1674 2914 1794 2966 Thegd.
1833 2910 1968 2968 ἐχράφη
1998 2912 2192 2949 καλάνδων
2215 2912 2386 2962 Ἰανουαρ.

158 2955 214 2987 tur
236 2955 395 2989 bicariam
416 2957 450 2991 V
467 2957 658 2991 vindicatur
682 2956 883 2991 urbicariam
906 2959 991 3003 valy.
1011 2958 1023 3002 ΙΙ
1048 2959 1159 2992 sedere
1180 2958 1237 3002 Vl}
1304 2953 1487 2999 βασιλείας
1511 2958 1760 2991 Ιουστινιανου
1779 2971 1872 3002 μετα
1894 2972 1962 3002 την
1980 2956 2161 2994 ὑπατείαν
2174 2959 2388 3008 Βελισαρίου

161 3002 202 3033 16
226 3001 285 3042 qui
308 3003 445 3044 Biener]
470 3003 544 3044 quis
570 3003 604 3036 V
626 3002 639 3047 11
674 3005 712 3037 17
738 3003 951 3046 insingnibus
972 3004 1006 3037 V
1027 3004 1039 3047 Ι]
1069 3015 1139 3037 eme
1157 3015 1236 3047 gen·
1306 3003 1381 3034 Atle.
1395 3002 1465 3038 dat.¹
1475 3003 1549 3045 post
1561 3012 1649 3035 00118.
1663 3003 1807 3037 1111180111
1821 3004 1935 3038 Iul-⁶¹0.
1955 3006 2129 3040 Numerum
2144 3009 2300 3041 excidisse
2313 3015 2387 3041 ante

158 3046 223 3077 tem
248 3047 319 3089 (sic)
348 3047 382 3081 V
403 3046 417 3092 ss
444 3048 487 3082 20
511 3048 731 3092 amplissimos
758 3049 791 3083 V
814 3049 827 3093 ss
855 3050 893 3082 21
909 3063 956 3093 sq.
981 3050 1175 3092 magnificos
1206 3052 1238 3082 et
1306 3047 1371 3080 kal.
1386 3048 1614 3090 viditBiener,
1638 3058 1672 3083 v.
1687 3049 1753 3082 kal.
1770 3063 1833 3083 scr.
1848 3050 2036 3085 Zachariae
