2586 3990
113 154 119 157 .
165 119 471 156 COGNOSCITUR
501 120 741 154 SECUNDUM
771 121 900 153 ILLAS

163 221 337 270 ιίδγνάτοι
371 221 393 267 ἢ
424 220 589 269 κογνάτοι
624 223 687 264 τῆς
718 225 909 255 κοινωνίας
943 222 1006 265 τῆς
1039 219 1242 269 ὀρθοδόξου

163 273 318 302 πίστεως
349 269 442 309 ξένοι
473 266 693 313 τυγχάνοιεν,
728 268 926 310 τηνικαῦτα
962 268 993 301 εἰ
1023 270 1091 311 μὲν
1124 268 1242 311 σχῆμα

162 314 339 359 κληρικιῦν
363 314 398 347 οἱ
415 316 529 359 γονεῖς
554 309 678 346 αὐτῶν
699 315 823 355 ἔχοιεν,
849 314 892 359 τῇ
910 311 1076 356 ἐκκλησίᾳ
1096 314 1159 355 τῆς
1174 309 1241 346 πό-

162 359 248 393 λεως
278 355 368 393 ὅπου
404 358 472 401 τὴν
503 357 641 400 οἴκησιν
675 358 770 400 εἶχον
805 357 853 392 τὰ
889 357 1014 392 αὐτῶν
1045 356 1241 404 πράγματα

160 403 372 449 βουλόμεθα
396 401 591 448 διαφέρειν,
614 399 711 437 οὕτω
727 406 891 450 μέντοιγε
911 400 999 437 ὦςτε
1019 404 1050 437 εἰ
1070 402 1105 437 οἱ
1121 401 1240 445 ἐκκλη-

161 453 338 483 σιαστικοὶ
362 448 463 488 ἐντὸς
488 449 653 481 ἐνιαυτοῦ
685 449 912 494 προθεσμίας
943 449 989 482 τὰ
1018 449 1096 482 τῶν
1125 447 1240 482 τοιού-

159 508 236 528 των
253 493 455 540 προςιόπων
471 492 668 538 πράγματα
685 492 907 536 διεκδικῆσαι
922 490 1149 537 ἅμελήσαιεν,
1173 492 1242 536 τὴν

161 537 283 573 αὐτῶν
317 537 532 585 δεσποτείαν
566 540 619 581 τῷ
653 537 814 584 ἡμετέρῳ
850 542 966 584 φίσκῳ
1000 537 1239 572 ἐκδικεῖσθαι·

160 586 190 618 εἰ
221 582 260 618 δὲ
291 583 406 617 λαϊκοὶ
439 586 525 627 αἷσι,
558 582 639 626 δίχα
663 584 762 618 τινὸς
793 583 1002 629 διακρίσεως
1032 584 1094 617 τὰς
1118 580 1241 617 αὐτῶν

159 633 361 674 περιουσίας
392 630 439 662 εἰς
462 629 507 662 τὰ
537 630 624 662 θεῖα
655 626 759 673 ήμῶν
790 628 953 674 πριβάτα
979 627 1112 671 ὁμοίως
1142 641 1240 673 περι·
1257 630 1296 662 10
1311 628 1501 663 sancimus.

159 674 339 719 έρχεσθαι.
381 671 490 708 ἅτινα
506 677 651 719 κρατεῖν
668 676 893 718 θεσπίζομεν
909 671 978 707 κᾶν
995 675 1025 707 εἰ
1040 677 1146 717 χωρὶς
1164 672 1239 707 δια-

159 719 274 763 θήκης
289 720 335 754 τὰ
352 721 503 753 τοιαῦτα
526 718 702 764 πρόςωπα
722 719 947 762 τελευτήσειε.
992 720 1146 753 πάντων
1162 720 1240 752 τῶν

158 766 251 799 κατὰ
275 766 352 799 τῶν
377 764 516 799 λοιπῶν
542 765 733 810 αἱρετικῶν
757 767 797 799 ἐν
813 768 889 798 ταῖς
907 763 1030 797 ἄλλαις
1055 762 1239 804 διατάξεσι

159 809 476 845 διατυπωθέντων
499 814 559 843 καὶ
583 810 675 843 κατὰ
701 811 778 844 τῶν
795 811 1051 854 Νεστοριανῶν
1074 812 1133 842 καὶ
1147 806 1240 842 Ἀκε-

1121 106 1313 173 „243

2092 71 2198 151 Nor.
2221 108 2333 151 CXV
2362 106 2386 148 3

1311 219 1435 265 pinqui
1470 220 1590 264 agnati
1621 219 1676 254 vel
1708 219 1847 262 cognati
1883 219 1928 254 ab
1961 219 2180 255 orthodoxae
2210 217 2388 262 religionis

1312 266 1558 300 communione
1590 265 1662 301 sint
1693 264 1869 306 extranei,
1901 268 1988 299 tunc
2017 265 2047 300 si
2072 265 2214 310 quidem
2246 264 2389 298 schema

1312 311 1520 346 clericorum
1552 313 1718 356 parentes
1749 319 1871 344 eorum
1895 310 2102 352 habuerint,
2133 309 2178 345 ad
2202 308 2390 344 ecclesiam

1312 355 1464 391 civitatis
1489 356 1551 390 ubi
1571 354 1787 391 domicilium
1812 355 1993 390 habebant
2016 366 2073 391 res
2090 365 2211 391 eorum
2226 354 2388 390 volumus

1278 405 1296 435 5
1311 401 1497 445 pertinere,
1521 402 1572 436 ita
1596 404 1637 436 ut
1659 400 1690 435 si
1705 399 1940 435 ecclesiastici
1963 402 2057 435 intra
2080 401 2210 436 annale
2234 400 2390 444 spatium

1311 447 1512 481 huiusmodi
1536 456 1769 491 personarum
1793 456 1850 480 res
1871 445 2051 481 vindicare
2074 445 2304 489 neglexerint,
2329 454 2388 479 ea·

1310 502 1389 526 rum
1425 492 1618 527 dominium
1658 490 1771 526 nostri
1809 490 1888 525 fisci
1926 491 2059 526 viribus
2096 491 2303 526 vindicetur.
2352 489 2389 524 Si

1311 541 1429 572 autem
1452 537 1536 572 laici
1560 538 1641 579 sint,
1674 536 1749 571 sine
1774 535 1894 581 aliqua
1918 536 2145 571 distinctione
2169 535 2388 572 substantias

1311 592 1433 617 eorum
1470 583 1516 617 ad
1550 593 1608 618 res
1641 582 1797 626 privatas
1833 584 1975 616 nostras
2011 582 2174 617 similiter
2207 581 2389 626 pervenire

1549 627 1648 671 Quae
1669 627 1829 662 obtinere
1853 627 2073 662 decernimus
2099 627 2204 661 etiam
2228 626 2258 661 si
2275 628 2388 660 testa-

1309 677 1428 708 mento
1461 684 1532 708 non
1565 673 1662 708 facto
1686 672 1776 707 tales
1800 682 1976 716 personae
2005 672 2238 715 decesserint3
2276 671 2387 706 omni-

1312 719 1376 753 bus
1409 728 1500 763 quae
1523 720 1650 754 contra
1682 719 1818 752 ceteros
1842 717 2042 753 haereticos
2074 717 2110 752 in
2143 717 2222 751 aliis
2255 716 2387 751 consti-

1308 763 1507 799 tutionibus
1541 763 1714 809 disposita
1745 766 1829 797 sunt
1863 767 1898 797 et
1931 766 2056 798 contra
2087 762 2323 797 Nestorianos
2353 764 2389 795 et

1307 809 1511 853 Acephalos
1541 813 1577 844 et
1607 808 1696 844 alios
1729 818 1866 852 omnes,
1901 808 1960 853 qui
1985 808 2181 843 catholicae
2205 806 2388 846 ecclesiae,

159 855 287 901 φάλων
316 859 375 889 καὶ
400 857 475 888 τῶν
500 854 622 889 ἄλλων
646 852 826 899 ἁπάντων
855 868 932 888 των
951 854 1000 898 μὴ
1024 855 1238 888 κοινωνούν-
1255 854 1344 888 15in
1380 864 1451 898 qua
1485 853 1690 899 praedictae
1726 855 1894 897 quattuor
1931 853 2058 899 synodi
2093 857 2129 888 et
2162 852 2389 897 patriarchae

158 914 235 935 των
255 903 299 947 τῇ
316 900 494 947 καθολικῇ
517 900 694 944 ἐκκλησίᾳ,
717 902 756 934 ἐν
775 901 796 947 ᾑ
815 900 854 934 αἱ
868 899 1123 945 προλεχθεῖσαι
1140 896 1239 945 ἅγιαι

157 949 324 991 τέσσαρες
356 943 502 979 σύνοδοι
535 949 595 979 καὶ
631 945 850 990 πατριάρχαι
882 942 1144 990 ἀναφεόονται,
1181 947 1241 978 καὶ

157 992 249 1024 κατὰ
281 993 355 1025 τῶν
380 991 615 1035 κληρονόμων
643 989 768 1024 αὐτῶν
792 989 925 1034 ὁμοίως
949 978 1238 1036 φυλαττομένων.

158 1038 187 1070 εἰ
201 1037 272 1081 γὰρ
296 1035 386 1080 ὑπὲρ
407 1037 589 1080 κοσμικῶν
613 1036 741 1070 αἰτιῶν
763 1037 1003 1081 μεριμνῶμεν,
1029 1034 1134 1079 πόσῳ
1150 1033 1239 1079 μᾶλ-

1308 899 1514 943 recitantur,
1545 910 1618 934 non
1642 899 1916 941 communicant,
1941 903 1976 934 et
2000 899 2243 935 successiones
2267 907 2389 933 eorum

1308 945 1469 980 similiter
1492 944 1734 980 observandis.
1784 944 1820 979 Si
1844 945 1936 979 enim
1962 955 2027 990 pro
2052 944 2169 979 causis
2194 942 2388 988 corporali-

1307 990 1375 1024 bus
1408 990 1614 1034 cogitamus,
1648 991 1780 1035 quanto
1811 990 1922 1034 magis
1951 1001 2017 1035 pro
2046 989 2244 1025 animarum
2273 988 2390 1023 salute

1308 1035 1531 1079 providentia
1554 1038 1611 1071 est
1633 1038 1779 1071 nostrae
1803 1036 2051 1071 sollicitudinis
2077 1034 2288 1070 adhibenda.

158 1082 221 1115 λον
252 1080 343 1127 ὑπὲρ
365 1083 427 1124 τῆς
447 1083 524 1115 τῶν
543 1083 670 1127 ψυχαῖν
694 1085 873 1126 σωτηρίας
896 1082 1239 1127 προνοητικωτάτην
1254 1081 1295 1113 20

157 1125 333 1173 φροντίδα
358 1125 413 1160 δεῖ
434 1129 683 1171 συνεκφέρειν.-

157 1175 205 1210 15
253 1173 342 1206 Εἴτε
366 1176 491 1206 τοίνυν
514 1172 629 1206 πάσας
653 1171 717 1205 τὰς
740 1172 924 1217 εἰρημένας
947 1173 1009 1215 τῆς
1032 1169 1240 1216 ἀχαριστίας

159 1219 274 1252 αἰτίας
293 1219 363 1251 εἴτε
384 1219 539 1262 φανερὰς
563 1217 600 1257 ἐξ
625 1214 749 1251 αὐτῶν
772 1218 844 1250 εἴτε
860 1221 949 1261 μίαν
967 1216 1186 1260 οἱανδήποτε
1205 1215 1241 1249 οἱ

157 1266 271 1310 γονεῖς
293 1266 336 1310 τῇ
362 1261 437 1317 ἰδίᾳ
461 1262 680 1317 ἐγγράυξαιεν
711 1260 871 1309 διαθήκῃ
881 1289 905 1317 ,Ἀ
919 1265 979 1317 κατ’,
1002 1262 1037 1317 οιΞ
1058 1260 1238 1308 γραφόμε-

1307 1171 1353 1207 15
1400 1170 1480 1205 Sive
1504 1170 1610 1215 igitur
1634 1181 1756 1206 omnes
1781 1174 1992 1206 memoratas
2016 1170 2283 1214 ingratitudinis
2305 1180 2388 1205 cau-

1308 1226 1367 1250 sas
1392 1216 1465 1250 sive
1490 1218 1608 1251 certas
1633 1227 1676 1251 ex
1701 1217 1756 1252 his
1782 1217 1854 1251 sive
1875 1215 2068 1260 quamlibet
2091 1225 2198 1250 unam
2221 1218 2388 1260 parentes

1307 1263 1520 1296 testamento
1547 1272 1612 1297 suo
1636 1262 1868 1304 inseruerint,
1901 1265 1936 1296 et
1956 1261 2080 1304 scripti
2105 1261 2251 1296 heredes
2276 1262 2388 1295 nomi-

157 1322 213 1343 νοι
237 1307 451 1363 κληρονομοι
482 1321 549 1351 την
580 1308 852 1351 ονομασθεῖσαν
884 1322 904 1350 η
933 1319 995 1342 τας
1019 1308 1238 1386 ονιίζιασθεί-
1253 1307 1293 1339 25
1308 1310 1427 1341 natam
1452 1306 1508 1341 vel
1531 1307 1732 1342 nominatas
1758 1317 1884 1342 causas
1913 1306 1968 1341 Vel
1991 1317 2099 1341 unam
2124 1316 2168 1341 ex
2191 1307 2247 1342 his
2272 1317 2389 1341 veram

158 1366 222 1388 σας
253 1355 368 1387 αἰτίας
397 1368 418 1396 η
450 1357 538 1396 μίαν
570 1353 608 1393 ἐξ
639 1350 762 1387 αὐτῶν
794 1350 916 1396 ἀληθῆ
950 1353 1041 1386 εἶναι
1096 1352 1238 1396 είξειαν,

156 1400 225 1443 τὴν
249 1397 432 1442 διαθήκην
455 1397 522 1441 τὴν
542 1396 639 1432 ἰδίαν
663 1399 756 1440 ἔχειν
780 1398 882 1440 ἰσχὺν
907 1397 1237 1444 παρακελευόμεθα.

157 1446 187 1478 εἰ
212 1442 252 1478 δὲ
275 1446 391 1478 ταῦτα
413 1443 462 1488 μὴ
480 1442 793 1489 παραφυλαχθείη,
818 1442 931 1488 μηδὲν
953 1444 1125 1490 γίνεσθαι
1150 1441 1238 1477 ποό-

157 1503 266 1541 κριμα
302 1492 372 1523 τοῖς
408 1486 482 1523 ἀπὸ
516 1488 751 1534 κληρονόμων
781 1492 948 1543 γραφεῖσι
981 1493 1119 1531 παισίν,
1155 1474 1236 1522 ἀλλ’

1308 1362 1387 1387 esse
1424 1353 1717 1395 monstraverint,
1758 1355 2009 1387 testamentum
2048 1362 2149 1386 suam
2186 1352 2389 1386 firmitatem

1308 1397 1440 1432 habere
1475 1397 1715 1442 decernimus;
1752 1398 1783 1433 si
1813 1400 1933 1432 autem
1969 1397 2060 1432 haec
2096 1398 2286 1432 observata
2317 1407 2389 1432 non

1307 1443 1458 1486 fuerint,
1491 1443 1628 1478 nullum
1652 1443 1875 1479 exheredatis
1904 1443 2024 1478 liberis
2049 1442 2305 1487 praeiudicium
2329 1452 2389 1487 ge-

1308 1488 1444 1530 nerari,
1478 1489 1540 1523 sed
1566 1493 1737 1533 quantum
1761 1489 1806 1523 ad
1830 1488 2088 1524 institutionem
2114 1488 2284 1523 heredum
2308 1498 2389 1533 per-

158 1533 247 1568 ὃσον
277 1535 324 1569 εἰς
353 1534 423 1577 τὴν
454 1537 625 1568 ὲνστασιν
657 1534 999 1589 τῶνῆκληρονομων
1031 1531 1154 1577 ἀνήκει
1178 1535 1240 1576 τῆς
1253 1536 1293 1568 30
1308 1534 1396 1568 tinet
1419 1536 1632 1570 testamento
1664 1538 1834 1570 evacuato
1867 1534 1912 1568 ad
1937 1538 2125 1578 parentum
2156 1533 2389 1568 hereditatem

158 1577 335 1623 διαθήκης
367 1577 602 1624 ἀκυρουμένης
635 1580 682 1613 εἰς
713 1593 781 1622 την
812 1581 890 1614 τῶν
911 1583 1050 1626 γονέων
1073 1578 1239 1624 κληρονο-

155 1629 245 1669 μίαν
276 1625 358 1659 τοὺς
381 1622 513 1658 παῖδας
537 1625 575 1665 ἐξ
600 1621 800 1658 ἄδιαθέτου
824 1625 863 1665 ἐξ
885 1625 961 1668 ἴσης
989 1629 1113 1671 μοίρας
1145 1627 1237 1669 ἔρχε-

156 1671 267 1714 σθαι,
293 1667 381 1704 ὥςτε
403 1670 452 1714 μὴ
469 1670 551 1703 τοὺς
566 1668 697 1704 παῖδας
720 1669 990 1713 πεπλασμέναις
1013 1674 1238 1717 κατηγορίαις

155 1715 439 1760 κατακρίνεσθαι
460 1713 482 1758 ἦ
502 1728 586 1748 τινα
607 1715 834 1761 περιγραφὴν
856 1718 895 1749 ἐν
915 1719 992 1749 ταῖς
1007 1717 1085 1750 τῶν
1099 1719 1238 1762 γονέων

156 1764 373 1806 περιουσίαις
402 1757 604 1804 ὑπομένειν.
674 1761 683 1771 ²
747 1763 754 1771 ’

1309 1580 1439 1614 liberos
1464 1583 1645 1624 tamquam
1675 1581 1720 1615 ab
1753 1581 1923 1615 intestato
1954 1589 1998 1613 ex
2029 1589 2143 1623 aequa
2175 1584 2279 1623 parte
2308 1589 2389 1623 per-

1306 1625 1435 1666 venire,
1468 1635 1514 1660 ne
1537 1625 1639 1660 liberi
1666 1626 1765 1661 falsis
1791 1624 2079 1660 accusationibus
2112 1624 2390 1659 condemnentur

1306 1670 1362 1705 vel
1384 1671 1539 1715 aliquam
1565 1671 1930 1715 circumscriptionem
1952 1670 1989 1704 in
2010 1673 2199 1714 parentum
2224 1671 2389 1705 substan-

1307 1716 1366 1751 tiis
1402 1716 1596 1761 patiantur.
1652 1717 1689 1751 Si
1724 1719 1843 1752 tamen
1881 1715 2068 1760 contigerit
2104 1715 2141 1750 in
2178 1715 2389 1760 quibusdam

653 1774 682 1793 ει
706 1774 872 1807 μεντοιγε
903 1765 1062 1805 συμβαίη
1094 1763 1135 1796 ἔν
1165 1772 1240 1795 τισι
1253 1763 1295 1796 35

224 1831 266 1863 22
291 1829 379 1863 Εἴτε
402 1832 526 1862 τοίνυν
553 1849 593 1853 -—
621 1831 661 1862 35
687 1826 883 1872 ὑπομένειν
908 1839 937 1864 et
962 1832 1044 1873 544,
1063 1838 1078 1862 6
1105 1832 1178 1862 Καὶ
1201 1830 1319 1863 ταῦτα
1344 1849 1386 1853 -
1412 1838 1444 1864 10
1463 1826 1693 1864 διατυπῶσαι
1717 1832 1813 1864 habet
1836 1830 1885 1863 Βε
1907 1832 1946 1863 A
1971 1832 2012 1864 71
2034 1843 2070 1873 p.
2087 1830 2149 1863 126
2175 1830 2277 1863 Zach.
2302 1831 2391 1872 (inde

159 1877 191 1908 B
217 1877 270 1914 35,
289 1883 315 1909 s.
331 1883 365 1909 36
392 1876 541 1916 Herma).

156 1954 211 1990 vel
235 1954 382 1999 coqnati
407 1965 429 1987 a
454 1952 701 1987 communione
726 1952 955 1987 orthodoxae
976 1952 1064 1996 fidei
1088 1952 1198 1987 alieni
1221 1954 1304 1995 sint,
1337 1958 1410 1988 tum
1431 1954 1463 1988 si
1487 1953 1629 1998 quidem
1654 1952 1814 1987 habitum
1840 1952 2049 1987 clericorum
2071 1956 2245 1998 parentes
2267 1963 2390 1987 eorum

157 1998 329 2039 habeant,
363 1998 412 2032 ad
435 1998 619 2032 ecclesiam
653 1997 807 2032 civitatis
838 1997 901 2032 ubi
929 1997 1149 2032 domicilium
1181 1997 1362 2033 habebant
1392 2009 1450 2033 res
1474 2009 1600 2033 eorum
1629 1999 1814 2044 pertinere
1838 1998 2020 2040 volumus,
2054 1997 2106 2032 ita
2140 2002 2256 2032 tamen
2287 2003 2329 2032 ut
2358 1998 2393 2032 si

157 2043 389 2079 ecclesiastici
420 2043 517 2077 intra
549 2042 636 2076 anni
667 2042 826 2087 spatium
856 2053 916 2076 res
946 2042 1121 2077 eiusmodi
1151 2054 1390 2088 personarum
1421 2044 1605 2079 vindicare
1637 2043 1885 2089 neqlexerint,
1917 2054 2043 2078 earum
2074 2042 2271 2077 dominium
2299 2043 2390 2087 fisco

158 2093 285 2124 nostro
310 2087 531 2128 vindicetur;
564 2088 621 2121 sin
645 2086 730 2121 laici
753 2087 843 2127 sint,
876 2086 953 2122 sine
978 2087 1052 2121 ulla
1077 2087 1306 2123 distinctione
1336 2089 1559 2123 substantiae
1591 2099 1714 2124 eorum
1746 2088 1795 2123 ad
1817 2099 1944 2123 sacras
1975 2099 2034 2124 res
2055 2088 2221 2134 privatas
2245 2092 2390 2123 nostras

157 2133 320 2169 similiter
343 2132 570 2178 perveniant.
619 2130 719 2173 Quae
749 2131 867 2166 valere
899 2131 1073 2173 volumus,
1109 2132 1248 2166 etiamsi
1282 2133 1360 2167 sine
1395 2137 1605 2168 testamento
1644 2133 1734 2168 tales
1765 2144 1948 2179 personae
1982 2134 2211 2169 decesserint.
2263 2132 2389 2168 Omnia

158 2183 276 2214 autem
301 2188 394 2223 quae
418 2182 545 2211 contra
574 2182 712 2211 ceteros
736 2175 937 2210 haereticos
968 2176 1005 2210 in
1029 2177 1179 2221 reliquis
1204 2178 1521 2213 constitutionibus
1541 2183 1745 2224 praecepta
1767 2183 1851 2213 sunt
1881 2183 1915 2214 et
1938 2184 2068 2213 contra
2093 2178 2332 2213 Nestorianos
2355 2182 2390 2213 et

158 2223 364 2269 Acephalos
379 2227 414 2257 et
431 2226 567 2257 ceteros
590 2232 712 2256 omnes
736 2222 801 2266 qui
818 2220 1016 2256 catholicae
1040 2222 1211 2256 ecclcsiae
1235 2223 1480 2257 communione
1497 2233 1570 2257 non
1588 2227 1751 2263 utuntur,
1777 2224 1814 2257 in
1832 2234 1904 2268 qua
1923 2223 2116 2269 praedicta
2140 2226 2267 2258 sancta
2285 2228 2389 2269 quat-

159 2274 241 2304 tuor
265 2268 419 2304 concilia
443 2270 476 2302 et
497 2266 735 2313 patriarchae
756 2265 1028 2311 praedicantur,
1060 2267 1168 2301 etiam
1191 2272 1318 2302 contra
1343 2266 1491 2302 heredes
1521 2278 1641 2302 eorum
1666 2268 1832 2303 similiter
1856 2269 2099 2303 observentur.
2148 2268 2241 2302 Nam
2265 2271 2297 2302 si
2314 2279 2389 2314 pro

159 2314 354 2349 mundanis
378 2312 498 2347 causis
522 2311 739 2352 laboramus,
774 2314 911 2356 quanto
935 2311 1052 2356 maqis
1077 2322 1152 2357 pro
1184 2311 1302 2346 salute
1331 2312 1532 2346 animarum
1555 2312 1850 2358 providissimam
1883 2323 2006 2347 curam
2038 2312 2208 2348 adhibere
2231 2318 2387 2359 oportet.

158 2362 204 2396 15
250 2358 333 2394 Sive
348 2358 461 2404 iqitnr
482 2367 604 2391 omnes
620 2356 830 2402 praedictas
850 2356 1125 2401 z'nqratiludinis
1145 2366 1276 2391 causas
1294 2357 1368 2392 sive
1384 2361 1501 2391 certas
1521 2357 1631 2392 exiis
1650 2358 1724 2392 sive
1740 2368 1849 2392 unam
1866 2358 2060 2403 quamlibet
2081 2362 2253 2403 parentes
2268 2358 2306 2392 in
2322 2369 2388 2394 suo

161 2409 369 2440 testamento
392 2403 613 2448 scripserint,
638 2406 671 2436 et
694 2401 822 2446 scripti
846 2400 994 2436 heredes
1017 2408 1248 2436 memoratam
1272 2407 1533 2437 memoratasve
1556 2412 1687 2436 causas
1710 2402 1766 2437 vel
1788 2413 1896 2437 unam
1921 2414 1970 2438 ea:
1993 2403 2038 2437 iis
2062 2413 2182 2438 veram
2205 2414 2282 2438 esse
2300 2414 2389 2449 pro-

159 2450 337 2490 baverint,
372 2451 617 2483 testamentum
640 2457 742 2481 suam
767 2446 835 2481 vim
859 2445 990 2481 habere
1013 2446 1182 2480 iubemus.
1231 2445 1274 2481 Si
1295 2457 1379 2482 vero
1404 2446 1492 2482 haec
1518 2458 1591 2482 non
1623 2447 1812 2482 observata
1835 2448 1927 2488 sint,
1959 2447 2095 2483 nullum
2123 2448 2389 2494 praeiudicium

156 2497 225 2540 siat
241 2494 361 2529 liberis
378 2491 620 2533 exheredatis,
644 2491 709 2526 sed
728 2494 901 2537 quantum
924 2491 972 2525 ad
988 2491 1248 2526 institutionem
1273 2491 1441 2527 heredum
1461 2493 1589 2527 attinet
1610 2497 1820 2527 testamento
1842 2493 1947 2527 irrito
1965 2493 2070 2538 facto
2092 2493 2141 2527 ad
2156 2493 2389 2529 hereditatem

156 2544 349 2586 parentum
380 2537 483 2573 liberi
514 2536 557 2571 ab
590 2538 758 2572 intestato
788 2547 837 2571 esc
867 2547 984 2581 aequa
1011 2540 1122 2582 parte
1155 2537 1314 2572 veniant:
1353 2548 1397 2572 ne
1431 2537 1533 2572 liberi
1561 2538 1659 2582 lictis
1691 2538 1981 2573 accusationibus
2012 2537 2294 2573 condemnentur
2326 2542 2390 2574 aut

159 2585 270 2620 ullam
294 2582 658 2628 circumscriptionem
690 2582 727 2616 in
751 2581 856 2616 bonis
877 2586 1069 2626 parentum
1087 2582 1293 2627 patiantur.
1343 2580 1384 2616 Si
1408 2586 1524 2617 tamen
1556 2583 1748 2628 contiqerit
1778 2583 1815 2617 in
1839 2582 2053 2629 quibusdam
2083 2583 2258 2618 eiusmodi
2283 2588 2388 2620 testa-

208 2666 222 2697 1
250 2658 422 2707 ἆδγνάτοι
440 2656 604 2702 (ἆδνάτοι
620 2661 662 2702 A)
688 2657 711 2702 ἢ
735 2658 905 2706 κογνάτοι
922 2660 1039 2700 MLA]
1066 2662 1241 2704 συγγενεῖς

160 2710 216 2742 Pr.
231 2709 294 2751 Ep.
311 2706 451 2741 Nonam
476 2706 487 2749 ΙΙ
513 2706 575 2747 τῆς
598 2707 798 2746 κοινωνίας]
825 2706 862 2737 ἐκ
887 2704 949 2747 τῆς
972 2708 1161 2737 κοινωνίας
1182 2706 1239 2737 Pr.

155 2755 314 2798 plerique,
327 2753 403 2795 Ep..
420 2751 480 2792 τῆς
494 2765 551 2784 om.
563 2752 592 2783 A
610 2750 621 2795 ΙΙ
637 2753 656 2784 2
670 2751 874 2796 τυγχάνειεν
888 2751 918 2782 L
936 2750 947 2792 ΙΙ
965 2751 984 2782 3
999 2748 1167 2794 κληρικὸν
1183 2750 1238 2783 Ρν.

158 2813 187 2833 v.
203 2800 223 2832 l.
241 2799 253 2842 ss
272 2800 292 2832 4
309 2793 432 2830 αὐτῶν
446 2796 697 2837 LAgN0m,dm]
724 2792 816 2829 αὐτὰ
831 2797 874 2829 Μ
882 2796 935 2827 Pr.
946 2796 1010 2836 Ep.
1038 2795 1050 2838 ΙΙ
1079 2798 1096 2829 5
1116 2797 1240 2838 μέντοι

160 2845 216 2878 Pr.
229 2845 387 2887 plerique,
401 2843 465 2885 Ep.
484 2846 494 2883 ξξ
514 2842 544 2874 εἰ
563 2855 619 2874 om.
632 2842 701 2874 MA
712 2842 899 2884 N0771.m(cf.
910 2842 955 2873 ad
967 2842 999 2879 6)
1017 2839 1028 2884 ΙΙ
1048 2842 1067 2873 6
1081 2840 1238 2886 προθεσ-

158 2893 240 2933 μίας
260 2888 424 2921 ἐνιαυτοῦ
447 2888 569 2921 Νοηι.7η
589 2886 600 2929 Η
616 2885 673 2927 τὰ]
692 2885 735 2919 τὸ
755 2885 802 2919 Lb
825 2886 880 2918 εἰσ
903 2883 949 2918 τὰ
968 2887 1009 2918 M
1032 2886 1127 2925 (unde
1147 2885 1178 2918 εἰ
1194 2884 1238 2918 τὰ

161 2935 254 2967 Beck
267 2936 380 2966 omisso
394 2933 424 2965 εἰ
439 2935 457 2967 5
472 2945 533 2965 non
547 2934 641 2973 recte)
658 2932 670 2976 ΙΙ
690 2934 707 2965 7
723 2932 872 2976 πρᾶγμα
885 2932 916 2963 L
934 2930 945 2974 ΙΙ
964 2927 1178 2973 ἄμελήσειαν
1192 2931 1238 2963 L¹

159 2980 280 3013 Nom.m
308 2975 515 3020 ἀμελήσειεν
528 2977 575 3009 L²
585 2976 698 3010 Nom.‘³l
716 2975 908 3019 μελησαιεν
921 2978 950 3009 A
968 2976 978 3016 ΙΙ
999 2977 1017 3009 8
1037 2978 1154 3020 φίσκω
1169 2977 1239 3008 MA

159 3025 261 3064 (Am,
278 3025 409 3064 Theod„
424 3023 583 3067 N2moc.)]
609 3019 769 3064 δημοσίω
787 3023 817 3054 L
847 3024 999 3064 ταμιείῳ
1016 3022 1071 3053 Ρν.
1104 3024 1238 3063 ταμείῳ

159 3070 223 3112 Ep.
240 3068 379 3102 Nom.d⁷⁷1
397 3068 409 3111 11
428 3069 447 3101 9
469 3068 548 3107 ωσι]
574 3066 640 3099 εἰσὶ
661 3066 844 3100 LN0111.d⁷n
862 3067 873 3108 ΙΙ
894 3069 934 3100 10
958 3065 1004 3098 τὰ
1025 3065 1112 3098 θεῖα
1136 3063 1239 3109 ἡμῶν

159 3110 323 3159 πριβάτα
348 3109 546 3154 (ἰδιόκτητα
563 3125 589 3144 ε.
604 3125 631 3143 υ.
646 3112 690 3153 L)
710 3112 813 3144 MLA
846 3110 891 3143 τὰ
915 3110 1002 3144 θεῖα
1025 3107 1127 3154 ἡμῶν
1151 3108 1238 3144 ἰδιό-

158 3171 272 3201 κτητα
285 3158 424 3192 Νονη.ῑῑ7”
448 3156 491 3190 τὸ
517 3155 622 3190 θεῖον
645 3153 751 3198 ἡμῶν
775 3153 892 3189 ἰδικὸν
907 3157 963 3189 Pr.
978 3157 1043 3199 Ep.
1063 3167 1115 3188 res
1130 3156 1238 3199 priva—

160 3208 210 3237 tas
235 3206 364 3236 nostras
389 3215 407 3238 ς
426 3203 436 3245 ΙΙ
461 3200 727 3246 περιέρχεσθαι]
752 3200 941 3244 κελεύομεν
966 3203 1041 3234 add.
1057 3201 1105 3233 L2
1128 3215 1166 3234 ex
1187 3214 1206 3237 ς
1229 3200 1240 3246 ΙΙ

162 3253 202 3284 11
227 3245 309 3290 κᾶν]
334 3250 393 3281 καὶ
413 3248 466 3280 Pr.
487 3247 498 3290 Η
514 3247 556 3287 εἰ]
582 3247 628 3279 εἰς
645 3248 767 3280 Nom.m
791 3247 802 3291 ΙΙ
821 3246 866 3280 τὰ
881 3246 1033 3279 τοιαῦτα
1057 3244 1240 3291 πρόσωπα

158 3297 265 3338 χωρὶς
278 3291 454 3335 διαθήκης
464 3291 603 3326 Νονη.·17η
615 3291 627 3336 Η
642 3293 681 3326 12
696 3289 937 3334 τελευτήσειεν
949 3292 1002 3324 Pr,
1015 3294 1107 3332 tinus]
1124 3290 1239 3325 τελευ-

158 3339 263 3382 τήσοι
279 3340 349 3371 ML
360 3339 418 3371 Pr.
428 3352 456 3371 v.
469 3339 501 3379 l.,
514 3337 577 3381 Ep.
588 3336 730 3371 Nom.d²¹¹
750 3335 942 3378 τελευτήση
956 3337 987 3370 A
1004 3336 1016 3380 ΙΙ
1034 3337 1187 3371 πάντων
1198 3357 1239 3362 -

161 3387 200 3420 21
227 3386 464 3429 συνειςφέρειν
482 3396 539 3415 om.
554 3383 616 3426 Ep.
636 3382 647 3425 ΙΙ
667 3384 708 3416 14
721 3381 798 3415 τῶν
816 3396 872 3415 om.
888 3383 919 3414 L
938 3385 948 3422 ΙΙ
967 3384 1008 3415 15
1024 3382 1102 3415 τῶν
1118 3380 1240 3416 ἄλλων

160 3428 351 3470 ἁπάντων]
370 3427 492 3461 ἄλλων
505 3429 535 3460 A
552 3428 564 3471 ΙΙ
581 3427 659 3461 τῶν
680 3441 737 3460 om.
752 3426 907 3461 LNom.d
972 3429 1012 3461 16
1032 3426 1240 3470 προλεχθεῖ-

160 3478 233 3516 σαι]
258 3473 480 3519 πραχθεῖσαι
497 3474 543 3506 Μ
554 3473 565 3516 ΙΙ
586 3476 624 3506 17
649 3475 817 3517 τέσσαρες
837 3470 924 3505 συνο
949 3475 994 3513 οι]
1019 3472 1112 3506 ἑπτὰ
1137 3473 1239 3506 σύνο-

161 3518 217 3553 δοι
235 3522 291 3554 Pr.
305 3521 369 3564 Ep.
389 3518 526 3553 Numam
554 3520 720 3562 τέσσαρες
743 3515 889 3550 σύνοδοι
913 3520 972 3550 καὶ
992 3516 1030 3549 αἱ
1045 3516 1166 3551 λοιπαὶ
1182 3520 1213 3552 L
1230 3520 1240 3558 ΙΙ

163 3567 204 3599 18
229 3561 351 3599 αὐτῶν
382 3563 617 3610 κληρονόμων
642 3564 699 3596 Pr.
738 3562 861 3596 αὐτῶν
892 3561 1140 3606 κληρονομιῶν
1163 3565 1194 3597 A
1229 3563 1240 3608 ΙΙ

162 3612 204 3644 20
228 3611 304 3643 τῶν
329 3606 449 3643 αὐτῶν
473 3609 600 3654 ψυχῶν
616 3610 646 3642 A
664 3609 676 3652 Ῑ]
695 3610 733 3642 21
759 3610 1004 3653 συνεισφέρειν
1024 3605 1079 3641 δεῖ
1093 3609 1125 3642 L
1149 3605 1241 3652 ἡμᾶς

163 3652 217 3688 δεῖ
239 3658 482 3701 συνεισφέρειν
502 3656 533 3688 Α
547 3657 599 3698 (cs.
616 3656 645 3696 ς)
665 3655 677 3698 Ι]
695 3655 735 3687 22
750 3653 849 3694 Εἴτε]
876 3654 920 3686 Εἰ
938 3654 993 3686 Pr.
1012 3653 1024 3697 11
1041 3656 1174 3696 τοίνυν]
1201 3652 1241 3687 δὲ
1272 3678 1274 3696 3

162 3701 225 3746 Ep.
254 3701 266 3747 ΙΙ
290 3702 331 3736 23
356 3699 523 3747 φανερὰς]
554 3699 654 3734 τινὰς
680 3700 728 3733 B⁸
750 3713 778 3734 v.
804 3701 836 3742 l.,
861 3700 925 3744 Ep.
951 3699 964 3744 ΙΙ
994 3698 1033 3740 ἐξ
1057 3712 1113 3734 om.
1140 3701 1202 3745 Ep.
1228 3701 1239 3745 Η
1272 3698 1274 3735 ῗ

1308 2659 1379 2693 εἴτε
1402 2663 1462 2693 καὶ
1481 2664 1570 2703 μιάν
1594 2662 1623 2693 Α
1643 2664 1655 2705 ΙΙ
1679 2663 1721 2695 24
1743 2661 1956 2706 ἐγγράφοιεν
1980 2664 2026 2699 Α,
2047 2663 2101 2695 Ρν.
2112 2665 2271 2706 plerique,
2288 2664 2353 2706 E'p.
2385 2664 2389 2706 Ι

1307 2704 1343 2737 οἱ
1365 2704 1577 2748 καλούμενοι
1593 2708 1623 2740 A
1640 2707 1652 2750 Ι]
1679 2709 1719 2740 25
1734 2706 1802 2749 τὴν
1822 2703 2094 2749 ὀνομασθεῖσαν
2118 2703 2141 2750 ἢ
2158 2722 2216 2742 om.
2232 2709 2287 2742 Pr.
2299 2710 2363 2752 Ep.
2384 2709 2389 2754 Ι

1306 2750 1370 2783 τὰς
1385 2752 1424 2789 L,
1442 2752 1490 2784 Β8
1503 2765 1530 2785 υ.
1543 2753 1575 2792 1.,
1590 2753 1645 2785 Pr.
1659 2753 1736 2795 Ep.]
1759 2765 1816 2785 om.
1829 2754 1910 2793 MA,
1926 2753 1975 2785 ΒΕ
1989 2767 2017 2786 υ.
2030 2755 2048 2786 l.
2067 2752 2078 2795 ΙΙ
2098 2754 2141 2786 26
2155 2752 2247 2787 εἶναι
2264 2749 2388 2797 ἀληθῆ

1308 2797 1339 2828 L
1372 2792 1520 2837 ἀληθεῖς
1543 2793 1566 2838 ἢ
1590 2792 1714 2839 ἀληθῆ
1739 2796 1830 2830 εἶναι
1856 2799 1905 2831 RS
1925 2811 1953 2830 v.
1969 2799 1988 2830 l.
2011 2798 2023 2841 ΙΙ
2055 2795 2210 2837 δείξειαν
2227 2801 2284 2840 Μ]
2318 2797 2388 2832 δεί-

1308 2839 1407 2879 ξαιεν
1427 2838 1588 2882 (δείξειεν
1613 2843 1659 2875 Β8
1684 2856 1711 2876 υ.
1736 2844 1769 2883 l.)
1791 2844 1853 2875 LA
1868 2844 1914 2875 Β8
1934 2843 1991 2876 Pr.
2006 2846 2068 2887 Ep.
2087 2843 2098 2885 ΙΙ
2119 2845 2159 2877 27
2176 2843 2278 2886 ἰσχὺν
2294 2846 2388 2887 ἔχειν

1308 2886 1356 2918 B⁸
1372 2899 1401 2918 υ.
1415 2887 1434 2919 l.
1452 2886 1463 2930 ΙΙ
1490 2889 1531 2921 28
1553 2883 1885 2932 παραφυλαχθῇ.Β8
1900 2902 1929 2922 υ.
1945 2889 1965 2921 l.
1982 2888 1993 2930 ΙΙ
2018 2886 2109 2931 μηδὲ
2132 2890 2171 2922 ἓν
2196 2892 2225 2922 A
2238 2890 2296 2922 Pr.
2313 2894 2324 2933 ΙΙ
2345 2892 2387 2924 29

1308 2927 1612 2975 ἄποκληρονόμοις
1635 2934 1691 2966 Pr.
1707 2946 1788 2966 unus
1817 2932 1866 2976 μὴ
1891 2934 1961 2975 (om.
1980 2934 2042 2975 La)
2068 2932 2297 2979 κληρονόμοις
2321 2936 2352 2968 L
2376 2934 2388 2971 ΙΙ

1305 2978 1586 3063 {factat
1602 2977 2064 3062 ''stritsatztitts
2079 2980 2152 3065 {¹129
2167 2975 2388 3057 {cazat

1307 3067 1498 3109 venientes)]
1523 3066 1604 3100 τοὺς
1624 3067 1662 3107 ἐξ
1682 3064 1878 3100 ἄδιαθέτου
1896 3069 1953 3101 Pr.
1979 3065 2027 3101 ὠς
2042 3067 2081 3108 ἐξ
2104 3065 2304 3102 ἅδιαθέτου
2328 3071 2388 3106 Ας

1306 3114 1361 3155 (cf.
1376 3113 1451 3145 Ath.
1476 3109 1690 3146 ἄδιαθέτως
1701 3111 1798 3145 δοκεῖ
1812 3111 1982 3146 τελευτᾶν
2001 3111 2019 3146 ὁ
2040 3112 2174 3159 γονεύς)
2191 3116 2202 3156 ΙΙ
2223 3116 2265 3148 34
2279 3127 2387 3148 κατα-

1306 3157 1497 3202 κρίνεσθαι
1520 3156 1611 3200 μήτε
1634 3157 1717 3191 τινὰ
1740 3160 1795 3191 Pr.
1811 3159 1876 3201 Ep.
1912 3161 2166 3201 κατεχομένους
2188 3159 2272 3193 τινὰ
2297 3161 2328 3194 Α

1355 3250 1432 3290 1sq.
1459 3248 1631 3289 religionis
1656 3267 1695 3272 —
1721 3248 1900 3281 habuerint
1924 3249 1964 3281 ad
1988 3252 2093 3292 suppl.
2111 3249 2161 3281 12²
2175 3251 2206 3282 in
2220 3263 2285 3282 ras.
2300 3251 2314 3284 1
2331 3263 2359 3283 v.

1308 3295 1326 3326 2
1354 3293 1652 3325 communicatione
1676 3293 1749 3326 RV
1764 3294 1775 3337 ΙΙ
1791 3296 1870 3326 sunt
1891 3294 2014 3337 Vvuly.
2033 3294 2044 3337 ΙΙ
2063 3296 2084 3327 4
2108 3296 2171 3335 res]
2197 3296 2230 3326 et
2253 3305 2304 3326 res
2320 3295 2354 3327 R

1308 3341 1326 3372 5
1352 3339 1399 3370 ita
1423 3351 1479 3371 om.
1494 3338 1543 3371 R¹
1563 3339 1574 3382 ΙΙ
1597 3340 1617 3372 6
1634 3339 1781 3371 iudicare
1800 3340 1831 3371 T
1838 3339 1849 3359 ¹
1864 3338 1876 3382 ΙΙ
1895 3338 2078 3380 neglexerit
2094 3339 2127 3371 R
2144 3339 2156 3382 Ι]
2174 3350 2288 3372 eorum
2305 3340 2354 3373 ΒΞ
2377 3339 2389 3384 Ι]

1308 3386 1325 3416 7
1347 3383 1417 3415 fisci
1434 3383 1541 3415 nostri
1557 3383 1687 3415 iuribus
1704 3385 1736 3417 T
1749 3384 1760 3427 ΙΙ
1785 3383 1836 3416 sin
1856 3385 1887 3417 T
1901 3384 1912 3427 ΙΙ
1939 3386 1956 3418 8
1975 3387 2052 3416 sunt
2070 3384 2101 3416 R
2114 3385 2202 3426 vuly.
2222 3384 2234 3428 ΙΙ
2257 3387 2276 3419 9
2294 3396 2387 3417 sanc-

1308 3429 1410 3460 cimus
1429 3429 1604 3470 peruenire
1621 3430 1652 3461 R
1672 3428 1683 3472 ΙΙ
1704 3431 1739 3462 11
1768 3429 1860 3470 tales]
1887 3430 1926 3462 de
1947 3430 2028 3461 tales
2048 3430 2101 3462 Ta
2120 3428 2131 3473 1}
2148 3430 2301 3462 omnibus
2326 3443 2385 3464 om.

1317 3475 1349 3506 V
1361 3477 1372 3516 11
1392 3476 1430 3507 12
1449 3485 1531 3515 quae
1548 3478 1663 3506 contra
1679 3477 1815 3514 ceteros]
1843 3475 1901 3518 qui
1919 3478 2104 3507 contractos
2123 3475 2154 3507 T
2161 3475 2170 3493 ¹
2189 3474 2200 3518 ΙΙ
2220 3477 2262 3509 14
2283 3477 2387 3508 acefa-

1308 3519 1355 3551 los
1377 3519 1613 3561 Vaccephalos
1631 3520 1662 3551 R
1680 3519 1691 3562 ΙΙ
1712 3521 1752 3553 16
1770 3522 1849 3560 11011]
1872 3523 1903 3551 et
1919 3530 1986 3551 non
2003 3520 2052 3552 T¹
2069 3519 2081 3563 ΙΙ
2099 3521 2387 3554 communicantur

1309 3564 1383 3596 lt’V
1402 3564 1665 3597 communicatur
1680 3565 1712 3597 T
1726 3566 1737 3606 ΙΙ
1756 3567 1796 3599 19
1819 3565 2039 3597 sollicitudini
2064 3566 2095 3598 T
2109 3564 2120 3608 ΙΙ
2139 3567 2180 3598 25
2206 3565 2257 3598 vel
2282 3567 2387 3599 nomi-

1307 3612 1411 3650 natas]
1442 3612 1474 3642 et
1498 3610 1684 3642 nominatas
1712 3611 1743 3643 T
1762 3611 1773 3653 ΙΙ
1800 3612 1841 3643 26
1865 3611 2100 3642 monstrauerit
2124 3611 2156 3643 R
2179 3610 2191 3654 ΙΙ
2218 3612 2260 3645 28
2284 3612 2387 3645 fuerit

1311 3655 1339 3686 [ἶ
1359 3654 1370 3698 ΙΙ
1394 3655 1627 3687 exhereditatis
1651 3655 1698 3687 Β·
1725 3656 1737 3697 Ι]
1766 3657 1808 3689 33
1833 3655 1946 3698 aliqua
1971 3656 2002 3688 T
2031 3655 2130 3688 aliam
2153 3656 2216 3701 Vll
2246 3656 2386 3690 circum-

1307 3701 1486 3744 scriptione
1512 3702 1629 3745 Τ1134
1653 3701 1698 3734 trix
1719 3702 1752 3735 R
