2618 4010
240 111 349 161 Nov.
378 113 503 159 XXII
531 118 598 159 43.
623 117 678 159 44

241 231 500 274 ἐπιτρίψαντες
532 226 652 274 λῆψιν,
691 226 930 273 ἐνενοήσαμεν
966 225 1014 264 ὠς
1047 226 1207 275 θάτερον
1238 226 1323 274 ἡμῖν

241 275 318 308 τῶν
342 269 567 319 πραγμάτων
590 271 874 320 παραλέλειπται
905 272 947 308 τὸ
979 272 1055 308 δεῖν
1086 277 1146 307 καὶ
1168 273 1235 316 τὴν
1258 275 1322 309 τοῦ

242 320 498 361 κατοιχομένου
528 318 758 372 θεραπεῦσαι
789 315 916 365 ψυχήν.
964 318 1029 353 Διὸ
1061 315 1105 360 δὴ
1136 317 1203 353 τὸν
1232 331 1323 366 παρ-

242 361 333 397 όντα
367 362 522 407 τίθεμεν
556 374 686 407 νομον·
726 360 768 398 οὗ
802 362 869 412 γὰρ
903 363 1114 408 βουλόμεθα
1149 363 1212 397 τὰς
1242 365 1322 399 τῶν

1318 89 1398 164 m

2205 130 2264 168 DE
2292 129 2469 170 sums

1391 231 1676 276 perceptionem,
1709 232 2007 286 consideravimus
2039 238 2207 282 quoniam
2238 236 2466 273 alterutrum-

1392 286 1462 356 3ue
1491 285 1664 329 rerum-a
1694 276 1798 313 nobis
1827 282 2115 324 praetermissum
2146 286 2201 318 est
2232 284 2397 327 oportere
2431 286 2468 317 et

1418 321 1554 373 efuncti
1572 330 1712 356 ammae
1729 322 1874 360 mederi.
1912 325 2139 372 Quapropter
2181 329 2379 363 raesenoem
2401 337 2465 379 po-

1391 376 1507 401 mmus
1532 366 1661 410 legem3
1697 375 1770 401 non
1802 367 1894 404 enim
1924 371 2085 408 volumus
2115 373 2159 409 dc
2186 372 2352 408 cientium
2378 371 2465 406 nihil

242 404 500 442 τελευτώντων
535 405 642 442 οὐδὲν
675 406 813 444 ἄτοπον
855 408 1002 451 ἐχούσας
1037 407 1166 452 βουλὰς
1202 406 1321 444 ὃιαπί·
1359 414 1379 445 5
1392 410 1556 446 illicitum
1580 411 1754 446 habentes
1778 412 1976 452 voluntates
2005 416 2182 453 frustrari.
2237 416 2275 452 Si
2298 416 2390 451 enim
2413 415 2465 451 di-

242 466 358 487 πτειν.
405 452 444 505 εἰ,
458 455 526 497 μὲν
549 452 618 501 γὰρ
640 453 842 500 ἐφάσκομεν
866 454 941 487 δεῖν
964 452 1031 496 τὴν
1057 456 1209 500 γυναῖκα
1232 452 1321 488 πάν-

242 509 313 531 τως
335 497 400 531 τοῦ
424 496 555 544 ανδρὸς
578 498 815 552 ἐπιτάξαντος
843 498 905 551 μὴἶ
915 502 1042 552 γαμεῖν
1065 499 1173 533 τοῦτο
1222 496 1323 533 υλάτ·

242 555 335 583 τειν,
366 542 459 585 εἶχεν
482 542 528 578 ἄν
550 557 587 578 τι
611 557 742 589 πικρον
774 546 859 578 tows
889 558 908 576 υ
932 553 1056 587 vanos·
1092 544 1160 578 νῦν
1208 546 1225 577 ὲ
1248 542 1322 578 δευ·

1392 464 1554 491 ceremus
1575 460 1742 500 oportere
1768 457 1952 495 mulierem
1970 462 2114 498 omnino
2131 462 2207 498 viro
2250 461 2467 505 raecipiente

1393 510 1465 535 non
1489 500 1622 536 nubere
1658 500 1726 537 hoc
1752 501 1941 547 custodire,
1972 515 2038 551 pro
2061 473 2296 543 amaritudine
2321 506 2466 541 habuis·

1393 548 1448 580 set
1483 544 1553 581 hoc
1588 546 1714 582 merito
1749 546 1825 591 lex;
1862 558 1957 584 nunc
1987 554 2120 596 autem,
2157 563 2237 587 cum
2271 549 2466 588 secundum

242 591 348 642 τέρου
378 587 570 642 προςὸντος
604 591 688 631 τοῦ,
731 590 832 636 εἴπερ
851 587 1062 642 ,βουληθείη
1095 591 1235 636 γαμεῖν,
1274 588 1324 633 μὴ
1393 594 1536 643 praesto
1567 590 1624 634 sit,
1657 591 1773 643 id.e⁸t
1795 595 1846 635 ut,
1875 592 1906 627 Si
1928 594 2077 631 voluerit
2107 597 2253 639 nubere,
2277 596 2382 643 (non)
2406 605 2465 630 ac-

243 630 369 677 λαβειν
391 645 434 667 το
458 633 793 690 καταλελειμμένον,
822 645 892 687 τηςυ
913 635 960 667 εἰς
989 636 1142 676 ἔσχατον
1172 631 1325 688 ἀτοπίας
1340 638 1380 670 10
1394 639 1504 680 c1p1at
1528 635 1623 680 quod
1645 637 1807 671 rehctum
1839 639 1911 680 est,
1941 639 2119 676 novissimi
2147 642 2292 677 sceleris
2321 644 2376 676 est
2405 640 2466 674 de-

243 680 320 711 έστὶ
349 677 524 725 περιιδεῖν
552 692 620 734 ‘'L’‘
647 693 798 726 γνωμην
831 692 895 713 του
924 677 1200 722 τελευτήσαντος
1228 692 1324 714 ουτω

242 721 539 766 κινδυνεύουσαν,
572 736 661 759 ωςτε
685 722 776 772 αὐτῇ
800 722 925 758 δοῦναι
949 728 1156 772 παρρησίαν
1178 727 1239 758 καὶ
1261 737 1323 771 γα-

241 767 397 812 μεῖσθαι
426 772 487 803 καὶ
523 767 722 824 λαμβάνειν
753 768 796 804 τὸ
828 767 1151 813 καταλελειμμένον
1181 772 1240 804 καὶ
1264 767 1323 804 διὰ

243 812 398 848 πάντων
421 813 544 849 λυπεῖν
569 828 634 849 τον
658 814 836 862 πρότερον
860 812 1136 858 συνοικήσαντα.

1393 680 1530 725 spicere
1543 681 1781 733 ‘voluntatem
1812 681 1972 734 defuncti
2001 684 2054 720 ita
2082 686 2332 729 fluctuantem,
2365 688 2405 720 ut
2434 685 2467 720 ci

1393 725 1498 761 detur
1526 725 1674 762 hcentia
1703 726 1877 780 nubendi·
1893 730 1930 763 et
1957 730 2153 782 accipiendi
2183 731 2278 776 quod
2304 731 2467 766 relictum

1394 774 1449 807 est
1472 775 1507 807 et
1530 781 1596 817 per
1619 782 1737 807 omma
1762 773 1999 809 contristandi
2021 774 2175 819 priorem
2199 776 2375 812 maritum.

1205 950 1362 987 CAPUT
1385 950 1514 987 XLIV.

289 1023 393 1061 Ὥςτε
427 1027 669 1072 θεσπίζομεν,
705 1028 742 1062 εἴ
772 1039 826 1062 τις
862 1027 1033 1083 κωλύσειε
1062 1027 1133 1083 τὴν
1166 1030 1324 1083 γαμετὴν
1340 1034 1380 1066 15
1439 1030 1541 1067 Unde
1565 1031 1756 1075 sancimus,
1781 1032 1813 1067 si
1831 1032 1910 1076 quis
1927 1032 2150 1077 prohibuerit
2171 1032 2218 1068 ad
2236 1032 2334 1068 aliud
2351 1033 2467 1068 venire

245 1075 333 1117 πρὸς
357 1075 481 1118 ἕτερον
505 1071 630 1107 ἐλθεῖν
654 1077 888 1115 συνοικέσιον,
917 1087 940 1116 η
967 1076 1028 1107 καὶ
1051 1087 1074 1117 η
1093 1087 1234 1129 γαμετη
1258 1074 1325 1110 τὸν

242 1115 356 1163 ἄνδρα
380 1114 528 1159 (ταύτὸν
550 1116 619 1165 γάρ
644 1119 746 1153 ἐστιν
770 1117 962 1164 ἑκάτερον),
993 1122 1054 1152 καὶ
1082 1121 1174 1166 υπὲρ
1195 1119 1324 1154 τούτου

243 1176 280 1196 τι
303 1161 548 1204 καταλίποιεν,
574 1161 621 1197 ais
644 1165 684 1198 ἐκ
708 1161 810 1197 δυοῖν
834 1164 973 1209 αἵρεσιν
997 1166 1092 1207 ἔχειν
1111 1166 1190 1199 τῶν
1209 1177 1323 1200 συνοι-

242 1208 407 1242 κούντων
430 1206 495 1242 τὸν
518 1210 671 1262 ἕτερονζ
694 1205 716 1253 ἢ
740 1207 829 1264 πρὸς
858 1206 974 1262 γι-ἱμον
1004 1208 1130 1244 ἐλθεῖν
1153 1213 1213 1244 καὶ
1236 1207 1324 1246 ἄπο-

1392 1076 1654 1112 matrimonium
1675 1087 1834 1121 uxorem,
1855 1077 1928 1112 sive
1943 1078 2049 1112 etiam
2069 1088 2161 1113 uxor
2181 1078 2343 1113 maritum
2362 1077 2467 1121 (idem

1392 1131 1545 1166 namque
1568 1126 1624 1157 est
1647 1126 1848 1166 utrumque)
1877 1126 1913 1157 et
1935 1134 2000 1168 pro
2026 1123 2095 1158 hoc
2119 1122 2254 1168 aliquid
2275 1122 2467 1167 reliquerit,

1394 1177 1501 1201 unam
1524 1177 1568 1202 ex
1592 1167 1732 1203 duabus
1756 1167 2001 1203 condicionem
2030 1168 2163 1203 habere
2186 1168 2468 1203 contrahentium

1393 1212 1563 1254 alterum,
1587 1215 1652 1247 aut
1675 1212 1721 1248 ad
1744 1213 1889 1258 nuptias
1912 1213 2032 1248 venire
2055 1217 2091 1248 et
2113 1213 2365 1248 abrenuntiare
2387 1222 2467 1258 per-

243 1251 430 1307 τάξασθαι
452 1254 498 1301 τῇ
521 1251 627 1299 λήψει
650 1268 688 1297 η,
713 1255 814 1300 εἰπερ
835 1267 944 1308 :tomo
969 1252 1009 1288 οὗ
1034 1253 1211 1299 βούλοιτο,
1236 1254 1322 1290 ἀλλὰ
1338 1259 1379 1291 20
1395 1257 1560 1301 ceptioni‚
1585 1262 1650 1292 aut
1672 1258 1702 1293 si
1722 1257 1791 1293 hoc
1810 1258 1975 1300 noluerit,
1999 1257 2063 1293 sed
2080 1259 2233 1293 honorat
2251 1258 2468 1300 defunctum,

242 1311 331 1342 τιμα
371 1311 437 1333 τον
471 1297 754 1343 τελευτήσαντα,
794 1310 942 1335 παντως
975 1297 1205 1342 ἀποσχέσθαι
1246 1303 1324 1335 τῶν

243 1346 264 1399 2
315 1344 438 1389 ἐφεξῆς
452 1341 592 1398 γάμων.
643 1342 738 1379 Ἀλλ’
761 1345 823 1379 ἵνα
840 1343 890 1389 μὴ
913 1343 955 1397 τὸ
976 1346 1123 1392 πρᾶγμα
1142 1349 1324 1393 μετέωρον

242 1403 265 1433 η
296 1392 355 1422 καὶ
382 1402 474 1434 μετα
502 1401 650 1434 χρονους
679 1389 767 1425 ἴσως
796 1401 951 1443 μαμρους
985 1392 1128 1424 ἐπανίοι
1162 1389 1273 1426 πάλιν
1303 1389 1325 1434 ἡ

243 1426 437 1488 εἴξπραξις,
471 1432 532 1469 διὰ
555 1435 663 1469 τοῦτο
686 1434 805 1469 καλῶς
835 1438 921 1479 ημῖν
943 1433 1066 1489 ἔδοξεν
1089 1438 1184 1478 ἔχειν
1206 1433 1324 1481 ὁρίσαι

1393 1302 1536 1338 omnino
1560 1302 1741 1338 abstinere
1764 1303 1808 1339 de
1832 1307 1949 1339 cetero
1974 1303 2118 1348 nuptiis.

1393 1349 1408 1381 1
1469 1346 1539 1382 Sed
1563 1349 1605 1382 ut
1627 1358 1699 1383 non
1724 1357 1834 1383 causa
1857 1358 2030 1392 suspensa
2061 1349 2108 1384 sit
2137 1352 2173 1383 et
2201 1350 2286 1393 post
2307 1352 2469 1393 tempora

1393 1391 1546 1427 forsitan
1579 1392 1684 1438 longa
1712 1396 1911 1428 revertatur
1941 1403 2065 1429 rursus
2089 1394 2249 1437 exactio,
2279 1398 2469 1438 propterea

1395 1437 1485 1472 bene
1517 1437 1621 1473 nobis
1653 1437 1767 1473 visum
1799 1442 1854 1473 est
1885 1438 2018 1473 habere
2049 1438 2283 1474 determinare
2313 1447 2468 1477 causam,

242 1493 285 1514 το
308 1492 474 1536 πραγμα,
507 1483 568 1514 καὶ
599 1480 686 1514 εἴσω
715 1482 784 1525 μὲν
808 1481 974 1515 ἐνιαυτοῦ
1004 1494 1054 1525 μη
1078 1480 1170 1515 εἶναι
1194 1495 1324 1516 παντε-
1338 1484 1380 1517 25
1395 1485 1431 1517 et
1453 1492 1567 1527 usque
1598 1482 1644 1518 ad
1673 1492 1807 1517 annum
1838 1483 1978 1528 quidem
2009 1493 2082 1518 non
2111 1493 2191 1518 esse
2214 1483 2356 1528 penitus
2379 1482 2469 1527 peti-

244 1523 314 1559 λῶς
336 1529 535 1567 απαίτησιν
557 1526 621 1559 τοῦ
644 1524 975 1570 καταλελειμμένου,
1000 1524 1095 1568 πλὴν
1118 1527 1150 1559 εἰ
1172 1526 1222 1571 μὴ
1244 1524 1324 1572 τρό-

242 1582 310 1605 πος
333 1568 528 1616 ἱερωσύνης
558 1568 809 1617 ἐπιγενόμενος
839 1571 989 1617 θατέρῳ
1013 1571 1093 1605 τῶν
1120 1571 1325 1617 προςώπων

243 1612 354 1650 εὐθὺς
377 1614 456 1659 δοίη
487 1615 555 1658 τὴν
579 1615 706 1662 λῆψιν,
739 1613 786 1650 ὥς
815 1613 879 1650 οὐκ
910 1618 965 1650 ἔτι
987 1616 1115 1663 γάμων
1141 1615 1248 1661 οὖσης
1271 1616 1323 1651 ἐλ-

242 1661 267 1696 2
319 1658 434 1695 πίδος.
486 1663 532 1695 Εἰ
553 1664 678 1705 μέντοι
705 1659 918 1715 διαδραμεῖν
942 1665 1100 1716 συμβαίη
1124 1661 1190 1697 τὸν
1211 1664 1323 1697 ἐνιαυ-

1393 1527 1525 1562 tionem
1542 1527 1666 1570 relicti,
1690 1528 1760 1563 nisi
1782 1532 1902 1563 tamen
1925 1528 2050 1563 modus
2068 1527 2259 1563 sacerdotii
2279 1527 2470 1563 adveniens

1392 1573 1497 1607 alteri
1521 1583 1754 1618 personarum
1779 1574 1898 1608 statim
1922 1574 2091 1618 praebeat
2114 1573 2387 1618 perceptionem,
2412 1577 2469 1607 ut-

1392 1621 1477 1663 pote
1499 1627 1724 1663 nequaquam
1747 1619 1953 1664 nuptiarum
1976 1618 2150 1653 existente
2174 1628 2247 1663 spe.

1392 1664 1416 1698 2
1474 1662 1512 1698 Si
1531 1674 1613 1699 vero
1631 1664 1783 1699 transire
1808 1664 1998 1708 contigerit
2021 1664 2151 1699 annale
2170 1667 2241 1698 tem
2268 1674 2322 1706 us,
2347 1663 2470 1697 damus

243 1704 534 1760 &talou-zebarim,
569 1704 716 1751 δίδομεν
738 1709 805 1751 μὲν
829 1720 882 1750 τῳ
911 1719 1093 1753 προςωπῳ
1120 1705 1239 1751 τούτῳ
1264 1706 1323 1742 λα·
1338 1710 1380 1742 30
1393 1708 1534 1753 quidem
1564 1718 1740 1753 personae
1769 1709 1854 1744 huic
1884 1709 2047 1753 accipere
2086 1708 2181 1753 quod
2209 1718 2249 1743 re
2263 1708 2372 1744 ictum
2403 1710 2469 1750 est,

242 1754 324 1795 βεῖν
345 1764 388 1786 το
411 1750 755 1796 καταλελειμμένον,
786 1750 850 1795 οὐχ
879 1749 1002 1787 ἁπλῶς
1033 1749 1073 1786 δέ
1095 1749 1179 1786 οὐδὲ
1200 1749 1323 1787 οὕτως.

242 1793 323 1830 ἀλλ’
349 1797 381 1830 εἰ
402 1810 470 1842 μεν
489 1795 661 1840 ἀκίνητον
685 1797 738 1840 εἴη
762 1795 804 1831 τὸ
829 1797 987 1844 πρᾶγμα,
1010 1796 1060 1841 μὴ
1080 1796 1196 1832 ἄλλως
1217 1799 1325 1832 τοῦτο

243 1839 443 1886 λαμβάνειν
474 1840 570 1886 πλὴν
599 1843 630 1876 εἰ
643 1841 707 1895 ἱμὴ
739 1840 941 1886 διωμοσίαν
971 1842 1121 1877 &seboim
1151 1846 1212 1876 καὶ
1237 1841 1323 1878 ὑπο-

1392 1764 1465 1789 non
1486 1754 1652 1789 absolute
1675 1758 1795 1789 tamen
1818 1764 1934 1799 neque
1958 1753 2177 1800 simpliciter;
2200 1753 2262 1789 sed
2283 1754 2312 1789 si
2331 1752 2470 1798 quidem

1392 1799 1580 1834 immobilis
1613 1799 1721 1834 fuerit
1751 1809 1829 1844 res,
1866 1810 1938 1834 non
1969 1799 2073 1834 aliter
2107 1799 2177 1834 hoc
2208 1798 2371 1844 accipere
2400 1798 2471 1833 nisi

1394 1844 1603 1879 iuratoriam
1628 1845 1829 1880 cautionem
1853 1845 2059 1889 exposuerit
2082 1848 2119 1879 et
2138 1843 2368 1889 supposuerit
2386 1852 2471 1878 suas

242 1886 365 1930 θήκην
395 1884 576 1922 ὑπόθοιτο
610 1901 656 1921 τα
690 1888 818 1922 ἑαυτοῦ
851 1885 1045 1934 πράγματα
1083 1889 1204 1931 (τοῦτο
1235 1885 1324 1934 ὅπερ
1392 1899 1451 1924 res
1476 1889 1559 1932 (hoc
1583 1889 1678 1934 quod
1710 1889 1820 1925 tacite
1850 1899 1895 1924 ex
1918 1890 1988 1924 hac
2017 1890 2094 1934 lege
2117 1889 2274 1932 damus),
2306 1891 2350 1924 ut
2371 1888 2404 1924 si
2424 1887 2471 1923 ad

242 1935 302 1966 καὶ
331 1933 526 1979 οιωπηρῶε
555 1934 594 1967 ἐκ
624 1930 731 1967 τοῦδε
766 1933 831 1966 τοῦ
863 1930 975 1976 νόμου
1007 1930 1168 1977 δίδομεν)
1199 1930 1261 1974 ὠς,
1294 1934 1325 1967 εἰ
1338 1935 1379 1968 35
1393 1933 1568 1969 secundas
1603 1934 1739 1969 venerit
1768 1935 1932 1980 nuptias,
1968 1934 2094 1970 reddat
2127 1933 2223 1980 quod
2258 1933 2381 1969 datum
2415 1935 2471 1969 est

242 1975 331 2023 πρὸς
355 1975 523 2024 δεύτερον
546 1977 653 2012 ἔλθοι
675 1977 807 2025 γάμον,
838 1975 1042 2012 ἀποδίδωσι
1064 1977 1107 2012 τὸ
1132 1975 1324 2022 δεδομένον

242 2023 408 2057 τοιοῦτον
423 2021 552 2058 ὁποῖον
569 2023 799 2069 παρείληφεν,
825 2019 1018 2057 ἀποδιδοὺς
1037 2026 1097 2057 καὶ
1115 2019 1174 2057 οὓς
1193 2022 1324 2067 ἔλαβεν

241 2068 268 2104 3
319 2070 359 2102 ἐν
378 2071 478 2113 μέσῳ
503 2067 671 2115 καρπούς.
730 2069 777 2102 Εἰ
796 2065 836 2102 δὲ
855 2067 1004 2111 κινητὸν
1027 2069 1079 2111 εἴη
1100 2066 1143 2102 τὸ
1165 2069 1323 2115 πρᾶγμα,

242 2113 364 2166 sisaim
387 2110 549 2159 εὐπόρως
571 2115 646 2157 ἔχοι
674 2112 720 2148 τὰ
742 2114 804 2148 ss
827 2116 1031 2160 περιουσίας
1057 2113 1111 2156 τῷ
1142 2125 1170 2147 π
1193 2111 1323 2157 oscine)

1392 1979 1466 2014 tale
1497 1979 1602 2024 quale
1630 1979 1811 2024 percepit,
1846 1980 2038 2015 restituens
2070 1983 2106 2015 et
2138 1989 2226 2024 quos
2261 1979 2399 2024 accepit
2433 1978 2470 2013 in

1391 2024 1508 2060 medio
1531 2024 1682 2060 fructus.
2178 2063 2181 2067 ⁴

1392 2069 1418 2105 3
1474 2069 1511 2105 Si
1539 2080 1622 2105 vero
1654 2070 1793 2106 mobilis
1825 2070 1936 2106 fuerit
1966 2079 2043 2111 res,
2076 2070 2108 2105 si
2139 2069 2279 2114 quidem
2307 2069 2471 2106 idoneam

1393 2114 1504 2150 habet
1539 2115 1776 2150 substantiam
1821 2125 1976 2160 persona
2010 2114 2131 2150 volens
2166 2114 2350 2159 accipere,
2393 2115 2470 2149 dari

242 2171 297 2202 τῳ
321 2157 529 2213 βουλομένῳ
554 2157 695 2203 λαβεῖν,
728 2156 767 2193 ὃί
789 2158 902 2192 οσθαι
926 2156 969 2192 τὸ
991 2156 1167 2203 καταλειφ
1201 2160 1240 2192 ἐν
1264 2160 1325 2193 ἐπὶ
1338 2161 1380 2193 40
1394 2159 1489 2204 quod
1511 2160 1674 2195 relictum
1697 2165 1752 2196 est
1775 2163 1842 2197 sub
1866 2160 1990 2195 eadem
2014 2159 2180 2195 cautione
2203 2163 2240 2194 et
2261 2159 2386 2195 iisdem
2405 2159 2470 2205 hy·

241 2205 287 2251 τῇ
312 2201 403 2252 αὐτῇ
426 2203 607 2250 ασφαλεία
637 2207 698 2238 καὶ
728 2207 807 2238 ταῖς
827 2200 951 2237 αὐταῖς
981 2198 1194 2246 ὑποθήκαις.
1241 2200 1321 2237 ἀλλ’

234 2317 533 2365 praetermissam
564 2326 641 2351 esse
673 2314 935 2357 intelleximus,
970 2314 1106 2350 scilicet
1136 2315 1244 2351 etiam
1275 2314 1442 2362 defuncti
1473 2316 1629 2351 animam
1658 2325 1735 2351 esse
1766 2315 1975 2351 curandam.

1393 2204 1568 2249 pothecis.
1636 2205 1707 2241 Sed
1745 2205 1778 2240 si
1811 2205 1952 2250 quidem
1987 2204 2085 2240 aliud
2118 2204 2251 2249 aliquid
2288 2204 2469 2241 mobilium

2037 2314 2152 2359 Quam
2183 2315 2228 2351 ob
2259 2325 2341 2367 rem·
2361 2328 2468 2363 prae-

240 2366 376 2398 sentem
406 2361 520 2442 leqvem
549 2362 727 2412 ferimus:
760 2360 926 2396 nolumus
956 2360 1050 2396 enim
1083 2360 1340 2406 defunctorum
1370 2360 1576 2413 voluntates
1601 2371 1696 2407 quae
1724 2359 1816 2395 nihil
1844 2360 1993 2396 absurdi
2019 2361 2226 2396 contineant
2255 2361 2295 2395 in
2327 2361 2470 2397 irritum

242 2407 382 2444 cadere.

477 2417 535 2442 am
558 2405 736 2452 siquidem
759 2405 977 2448 diceremus,
1009 2405 1153 2440 mulieri
1183 2406 1349 2449 omnino,
1380 2416 1411 2440 si
1442 2406 1598 2441 maritus
1626 2417 1671 2441 ne
1700 2405 1849 2441 nuberet
1865 2405 2115 2458 praeceperit,
2147 2405 2187 2441 id
2210 2405 2470 2441 observandum

241 2464 330 2496 esse,
361 2451 512 2488 haberet
531 2451 698 2498 fortasse
721 2451 784 2487 lea:
808 2450 929 2486 acerbi
952 2450 1102 2496 aliquid.
1163 2449 1244 2486 Iam
1267 2462 1351 2487 vero
1377 2462 1457 2486 cum
1481 2451 1634 2487 alterum
1654 2455 1806 2498 praesto
1830 2451 1896 2493 sit,
1929 2455 1986 2494 ut,
2010 2461 2042 2486 si
2062 2449 2206 2497 quidem
2225 2450 2357 2486 nubere
2376 2451 2470 2494 velit,

242 2504 316 2534 non

315 2543 322 2550 .
348 2498 474 2578 εἶρξαι
502 2496 603 2543 quod
631 2496 796 2532 relictum
828 2499 901 2538 est,
936 2506 1096 2531 summae
1126 2495 1364 2532 absurditatis
1393 2501 1449 2532 est
1477 2497 1559 2543 pati
1582 2496 1802 2532 voluntatem
1831 2495 1999 2541 defuncti
2020 2497 2074 2531 ita
2095 2495 2322 2542 periclitari,
2355 2500 2395 2532 ut
2415 2496 2471 2532 illi

242 2555 346 2580 venia
393 2554 413 2578 e

429 2554 476 2578 ur
497 2547 534 2578 et
553 2541 711 2578 nubendi
730 2546 767 2577 et
789 2540 891 2592 quod
911 2540 1076 2592 relictum
1096 2545 1151 2577 est
1172 2541 1375 2588 accipiendi
1398 2547 1434 2577 et
1449 2552 1524 2588 per
1547 2541 1668 2577 omnia
1686 2541 1852 2594 priorem
1875 2541 2043 2576 maritum
2067 2540 2242 2576 laedendi.

377 2587 507 2624 XLIV.
565 2587 626 2623 Ita
653 2598 697 2623 ue
719 2597 920 2629 sancimus,
950 2596 982 2621 si
1006 2587 1088 2632 quis
1109 2586 1340 2633 prohibuerit
1362 2597 1533 2629 uxorem,
1565 2586 1622 2623 vel
1644 2590 1751 2622 etiam
1774 2596 1874 2621 uxor
1896 2587 2064 2621 maritum
2088 2585 2194 2628 (idem
2217 2586 2310 2621 enim
2334 2590 2470 2621 utrum-

244 2646 314 2682 que
336 2638 402 2676 est)
434 2633 484 2669 ad
507 2644 615 2669 secun
643 2643 702 2667 um
726 2631 934 2678 coniuqium
967 2632 1125 2682 transire
1147 2642 1263 2678 eoque
1289 2632 1435 2668 nomine
1464 2631 1554 2678 quid
1582 2631 1817 2677 reliquerint.-
1853 2635 1894 2666 ut
1916 2630 2009 2682 alter
2040 2630 2233 2682 coniuqum
2255 2641 2306 2667 ex
2328 2629 2469 2667 duobus

243 2680 451 2716 electionem
475 2678 624 2720 habeat,
656 2683 697 2713 ut
721 2680 785 2712 aut
813 2676 863 2712 ad
884 2676 1151 2712 matrimonium
1184 2681 1347 2713 transeat
1377 2682 1413 2713 et
1441 2678 1498 2713 rei
1522 2675 1755 2724 accipiendae
1781 2679 1984 2718 renuntiet,
2016 2680 2082 2711 aut
2108 2686 2140 2710 si
2171 2674 2241 2711 hoc
2269 2676 2378 2718 nolit,
2408 2676 2472 2712 sed

243 2727 264 2761 1
323 2724 535 2771 defunctum
555 2722 727 2765 honoret,
751 2726 793 2757 ut
815 2722 961 2757 omnino
986 2721 1030 2757 ab
1052 2721 1169 2758 altero
1192 2722 1424 2758 matrimonio
1448 2721 1636 2757 abstineat.

1707 2720 1763 2756 Ne
1789 2726 1906 2756 tamen
1929 2730 1987 2756 res
2006 2721 2045 2756 in
2066 2731 2244 2767 suspenso
2265 2721 2315 2756 sit
2332 2726 2369 2774 et
2383 2727 2472 2768 post

245 2771 392 2816 lonqum
414 2769 517 2815 forte
538 2773 677 2821 tempus
708 2767 825 2803 denuo
854 2767 980 2802 redeat
1010 2767 1173 2810 exactio,
1197 2772 1401 2820 propterea
1433 2771 1530 2803 recte
1552 2766 1657 2802 nobis
1676 2765 1808 2802 habere
1839 2765 1951 2802 visum
1981 2770 2036 2801 est
2061 2776 2136 2801 rem
2160 2765 2321 2818 definire,
2353 2771 2406 2802 ita
2429 2771 2470 2802 ut

243 2818 344 2851 intra
379 2825 514 2850 annum

572 2813 690 2849 uidem
725 2812 826 2848 nullo
856 2816 972 2858 pacto
1004 2813 1150 2848 exactio
1182 2817 1231 2848 sit
1256 2823 1335 2848 eius
1366 2812 1467 2859 quod
1493 2811 1658 2848 relictum
1689 2815 1760 2854 est,
1797 2811 1868 2846 nisi
1899 2811 2001 2856 forte
2023 2810 2220 2847 sacerdotii
2241 2811 2339 2847 ratio
2363 2811 2471 2847 alteri

243 2861 268 2897 2
320 2870 506 2908 personae
529 2825 718 2895 obveniens
740 2858 862 2908 statim
887 2856 1057 2904 capiendi
1079 2859 1136 2893 ius
1151 2862 1335 2905 praestet,
1371 2858 1498 2905 utpote
1528 2867 1608 2892 cum
1638 2867 1713 2892 non
1746 2855 1902 2908 amplius
1923 2866 2006 2902 spes
2036 2856 2085 2891 sit
2117 2856 2337 2903 nuptiarum.
2422 2855 2470 2908 ‘Si

243 2917 329 2943 vero
355 2905 443 2941 anni
474 2909 613 2951 tempus
638 2903 890 2950 praeterierit,
927 2902 1156 2938 concedimus
1178 2902 1322 2950 quidem
1345 2902 1380 2939 ei
1411 2913 1602 2948 personae,
1638 2906 1680 2938 ut
1711 2901 1875 2938 relictum
1911 2902 2053 2948 capiat,
2089 2911 2306 2954 quamquam
2339 2911 2385 2936 ne
2415 2905 2468 2936 ita

244 2951 388 2998 quidem
411 2949 451 2985 id
473 2950 649 2997 protinus
667 2949 747 2994 fiat.
807 2947 881 2983 Sed
910 2948 1087 2994 siquidem
1110 2948 1302 2984 immobilis
1324 2958 1386 2983 res
1406 2947 1471 2990 sit,
1508 2958 1581 2983 non
1610 2947 1717 2983 aliter
1739 2957 1819 2983 eam
1850 2946 1974 2992 capiat
1996 2946 2068 2981 nisi
2090 2945 2339 2982 iusiurandum
2359 2956 2467 2992 prae·

243 2997 378 3033 stiterit
404 3006 563 3041 suasque
591 3005 651 3030 res
671 2993 828 3041 piqnori
856 2994 1092 3040 supposuerit
1113 2993 1165 3037 (id
1186 2992 1287 3040 quod
1309 2993 1417 3028 etiam
1439 2993 1546 3028 tacite
1569 3003 1618 3028 ex
1641 2991 1711 3028 hac
1735 2991 1814 3039 leqe
1833 2991 2073 3035 concedimus)
2097 3002 2147 3034 se,
2170 2991 2203 3026 si
2225 2990 2276 3027 ad
2293 2989 2470 3027 secundas

245 3041 394 3089 nuptias
416 3040 570 3092 venerit,
604 3039 705 3091 quod
733 3038 858 3074 datum
889 3043 967 3090 est,
992 3039 1063 3074 tale

244 3087 270 3124 3
328 3091 490 3134 tempore
519 3088 751 3121 interiacente
773 3088 993 3130 perceperit.

1119 3038 1203 3090 μαῖα
1225 3037 1409 3090 acceperit
1436 3049 1513 3073 esse
1542 3037 1786 3090 reddituram,
1817 3036 2043 3073 reddituram
2071 3037 2179 3073 etiam
2207 3037 2356 3083 fructus
2378 3046 2470 3082 quos

1115 3095 1153 3119 m
1181 3082 1324 3119 mobilis
1354 3087 1404 3118 sat
1433 3094 1509 3126 res,
1541 3094 1573 3118 st
1598 3082 1742 3130 quidem
1772 3081 1914 3118 abunde
1944 3081 2077 3118 habeat
2105 3081 2282 3117 bonorum
2297 3091 2469 3134 ‘persona

246 3143 340 3179 quae
368 3141 501 3179 capere
523 3130 616 3173 vult,
649 3129 748 3176 quod
774 3128 939 3165 relictum
969 3132 1026 3165 est
1053 3129 1119 3165 sub
1150 3127 1275 3165 eadem
1304 3128 1473 3164 cautione
1503 3132 1539 3164 et
1565 3128 1691 3165 iisdem
1722 3126 1936 3175 hypothecis
1960 3126 2074 3163 detur.
2132 3127 2251 3174 Atque
2272 3137 2304 3162 si
2327 3125 2468 3173 quidem

296 3250 309 3282 l
337 3242 578 3289 ἐνενοήσαμεν
601 3244 690 3285 ΜΒ]
715 3240 914 3287 Ἴἐνοήσαμεν
934 3244 966 3277 L
991 3243 1004 3285 11
1025 3245 1046 3277 9
1067 3241 1130 3275 τοῦ
1156 3255 1214 3276 om.
1239 3242 1272 3276 L
1318 3244 1331 3287 11

251 3296 289 3327 18
316 3289 363 3326 ὡς
386 3306 444 3326 om.
460 3290 534 3334 Blfl
558 3286 656 3323 δυεῖν
682 3288 854 3333 Μ11τῶν]
877 3287 945 3323 τὸν
966 3287 1014 3322 Bl
1031 3286 1044 3332 11
1073 3289 1114 3322 22
1136 3286 1213 3330 ἑξῆς
1238 3287 1283 3321 Bl
1319 3291 1329 3326 ΙΙ

248 3340 289 3371 27
316 3335 561 3383 ἐπιγινόμενος
580 3334 657 3389 ΒῙ11
683 3335 725 3369 28
750 3330 808 3367 δοί
830 3334 902 3375 (sic)
925 3334 971 3367 M
1019 3333 1151 3385 3⁰0ss¹5⁹
1174 3331 1284 3367 ona-B
1317 3332 1330 3374 11

249 3382 357 3415 τοῦτο
381 3381 456 3426 ΒῖΙ]
483 3384 521 3416 31
549 3376 612 3422 οὐχ
634 3376 758 3414 απλῶς
778 3380 903 3422 μέντοι
927 3375 967 3412 οὗ
995 3378 1012 3411 ε’
1035 3379 1160 3419 ουτως]
1185 3387 1254 3411 non
1273 3377 1328 3410 ab·

250 3426 357 3459 solute
376 3429 484 3459 tamen
509 3436 617 3468 neque
640 3423 837 3467 simpliciter
860 3435 880 3461 ς
895 3425 907 3467 11
925 3420 1060 3457 οὑτωσὶ
1080 3423 1112 3457 L
1142 3422 1155 3467 11
1182 3423 1223 3458 33
1243 3418 1329 3457 ὑπο-

251 3469 372 3512 θήκην
396 3484 453 3505 οηι.
477 3483 514 3512 ς,
553 3473 596 3505 34
619 3466 803 3504 ὑπόθοιτο
828 3482 887 3503 om.
909 3469 955 3502 B1
981 3468 994 3512 11
1021 3471 1063 3503 35
1087 3467 1132 3510 εἰ]
1163 3468 1212 3501 εἰς
1239 3467 1287 3501 Μ
1313 3467 1326 3512 11

252 3517 295 3550 36
318 3512 501 3548 ἀποδώσει
527 3515 661 3560 311139
684 3516 770 3558 ἔχοι]
794 3514 894 3547 habet
918 3525 937 3550 ς

301 3608 315 3639 1
342 3606 488 3648 percepti
512 3606 560 3637 12¹
583 3607 596 3648 11
624 3606 781 3648 quoniam
804 3604 1070 3646 alterutrumque
1093 3613 1123 3638 et
1145 3605 1166 3639 2
1190 3614 1210 3637 a
1233 3603 1328 3637 nobis

252 3651 359 3694 suppl.
383 3650 431 3683 V²
454 3651 486 3683 in
508 3657 593 3692 spat.
618 3663 686 3684 vac.
704 3650 717 3693 11
734 3650 942 3691 alterumque
958 3649 1007 3683 R¹
1032 3649 1173 3682 alterum
1194 3659 1327 3701 quoque

253 3696 337 3740 vulq.
354 3694 367 3739 11
385 3695 406 3729 2
431 3704 537 3727 rernm
554 3694 596 3734 R]
611 3705 720 3727 rerum
734 3698 919 3727 nostrarum
942 3694 979 3736 V,
993 3707 1050 3729 om.
1064 3695 1149 3739 vulq.
1165 3693 1180 3739 Ι
1198 3697 1218 3728 4
1239 3692 1326 3726 unni

1399 3255 1457 3277 om.
1480 3242 1551 3286 V¹ll
1570 3243 1590 3277 8
1615 3241 1786 3275 *secundo
1798 3239 1901 3285 libr-iu
1919 3242 1939 3274 9
1964 3241 2019 3282 sit]
2043 3251 2101 3273 sue
2113 3240 2161 3273 R·
2177 3239 2190 3285 11
2208 3239 2314 3280 *nonJ
2337 3237 2424 3280 quod
2442 3237 2473 3271 V

1398 3288 1461 3320 hoo
1475 3287 1515 3329 T,
1530 3299 1589 3321 om.
1603 3287 1637 3321 R
1649 3288 1734 3332 vulq.
1753 3286 1766 3331 1
1783 3287 1824 3321 10
1847 3285 1997 3319 scelerim
2010 3284 2058 3318 12¹
2074 3284 2087 3330 11
2105 3285 2165 3326 est]
2186 3286 2220 3318 et
2240 3281 2303 3328 R}
2322 3283 2362 3317 16
2386 3292 2466 3315 uxo-

1397 3343 1467 3365 rem
1487 3333 1533 3374 V]
1558 3333 1704 3375 om.RT,
1724 3339 1801 3376 post
1821 3330 2032 3375 prohibuerit
2054 3330 2127 3364 coll.
2139 3328 2253 3373 nula}
2280 3329 2317 3362 17
2338 3329 2466 3360 utrum-

1397 3387 1462 3419 que
1481 3377 1673 3419 Heimbach]
1693 3377 1851 3420 utrinque
1873 3377 1951 3410 libri
1966 3375 1979 3420 11
1994 3374 2192 3417 relinquen-it
2209 3372 2271 3416 ΕΙ
2291 3372 2330 3406 18
2354 3375 2465 3414 unam]

1397 3432 1473 3455 nam
1487 3422 1534 3456 R*
1551 3421 1563 3466 11
1587 3424 1625 3457 19
1649 3421 1872 3466 praeceptioni
1893 3421 1972 3454 Val.
1991 3420 2063 3463 1120
2081 3419 2138 3453 sed
2150 3418 2291 3451 honorat
2302 3429 2361 3451 om.
2381 3417 2432 3451 1⁷¹
2454 3417 2467 3462 11

1396 3469 1439 3501 22
1460 3477 1526 3500 non
1540 3471 1578 3500 ut
1590 3468 1622 3501 R
1641 3467 1654 3511 11
1670 3469 1711 3502 24
1737 3467 1869 3507 habere]
1886 3465 2002 3499 haberi
2017 3463 2145 3499 RV¹T
2160 3463 2246 3495 hano
2266 3461 2316 3495 1⁷¹
2332 3461 2345 3506 fl
2360 3461 2466 3495 deter-

1395 3513 1517 3545 minari
1539 3512 1590 3546 1⁷¹
1608 3511 1621 3557 11
1637 3515 1679 3547 25
1702 3511 1880 3556 petitiones
1892 3512 1925 3545 R
1939 3510 1953 3556 11
1971 3511 2014 3545 26
2037 3509 2166 3542 tantum
2184 3506 2255 3541 ΒΤ
2267 3506 2279 3549 11
2295 3507 2337 3540 29
2361 3507 2466 3540 amale

1404 3557 1459 3601 Vll
1485 3559 1525 3591 31
1551 3557 1740 3591 absolutum
1767 3557 1822 3601 1711
1846 3555 1991 3599 quidem]
2007 3552 2091 3607 qpid
2113 3551 2195 3604 13¹..
2214 3552 2257 3586 32
2282 3552 2357 3593 hoo]
2381 3553 2466 3585 hano

1394 3603 1480 3691 3⁹35.-
1490 3603 1600 3682 193ἷὲ
1623 3612 1793 3691 22:523?
1806 3595 2466 3691 ῗέοῗέηέῗῗῖἑι’ἒοῗὛοἿΗῶᾶίἲῗᾎῗ

1403 3691 1458 3737 V}
1476 3693 1662 3726 cautionem
1684 3690 1747 3737 Β.
1765 3690 1890 3725 hisdem
1909 3687 2020 3723 RVT
2042 3686 2056 3731 Ι
2084 3689 2123 3721 41
2145 3686 2226 3729 quid
2246 3687 2280 3720 R
