2586 3990
133 172 439 205 COGNOSCI'I'UR
467 171 708 204 SECUNDUM
737 170 867 204 ILLAS

131 271 214 306 τοὺς
235 270 455 317 ἠμεληκότας
481 267 679 317 ἀχάριστον
710 269 732 314 ἢ
760 268 970 317 ἀχαρίστους
1000 272 1041 305 ἐν
1064 271 1109 318 τῇ
1134 268 1209 313 ἰδίᾳ

130 316 267 371 γράψαι
299 315 468 363 διαθήκῃ.
516 317 547 349 εἰ
578 314 618 350 δὲ
646 318 686 350 ἐν
711 318 755 363 τῇ
779 317 880 361 νόσῳ
910 317 973 359 τῆς
994 319 1125 360 μανίας
1149 314 1208 348 αύ-

131 376 199 396 τον
230 361 467 406 κατεχόμενον
499 361 668 402 ἐξωτικός
702 373 755 396 τις
784 359 854 396 ἴδοι
890 359 964 396 ἀπὸ
994 362 1072 396 τῶν
1102 358 1208 394 ἰδίων

131 404 373 452 ἀμελούμενον
396 404 542 441 παίδων
566 406 587 449 ἢ
612 408 797 453 συγγενῶν
820 406 843 450 ἢ
866 405 989 441 ἄλλων
1013 402 1080 440 ὑπ’
1095 405 1206 440 αὐτοῦ

129 455 385 499 γεγραμμένων
409 450 645 496 κληρονόμων
669 455 729 485 καὶ
749 449 809 486 διὰ
830 450 1065 495 συμπάθειαν
1083 448 1207 495 βουλη-

130 498 213 540 θείη
238 493 347 531 αὐτοῦ
372 500 577 542 φροντίσαι,
611 495 756 541 δίδομεν
776 494 877 540 αὐτῷ
905 494 1033 530 ἄδειαν
1057 494 1206 540 διαμαρ·

128 547 256 588 τυρίαν
277 544 350 575 τοῖς
373 541 412 582 ἐξ
436 539 636 575 ἀδιαθέτου
660 540 682 584 ἢ
705 539 776 577 ἀπὸ
802 538 977 583 διαθήκης
1008 539 1075 584 ἤδη
1106 553 1205 587 γενο-

128 590 235 630 μένης
257 587 304 620 εἰς
335 586 403 620 τὸν
426 589 491 620 τοῦ
514 586 712 631 μεμηνότος
743 585 872 631 κλῆρον
902 585 1128 640 καλουμένοις
1152 587 1205 631 ἔγ-

126 643 267 677 γραφον
306 630 481 674 στέλλειν,
525 629 614 666 ὦςτε
654 629 873 674 σπουδάζειν
911 627 1040 664 αύτους
1077 629 1207 664 τούτου

1194 153 1279 202 539

2040 154 2148 197 Nov.
2179 151 2294 196 CXV
2324 151 2349 194 3

1276 270 1417 311 gentem
1446 267 1558 303 filium
1588 266 1643 302 vel
1671 265 1764 301 filios
1796 267 1860 301 aut
1890 268 2060 311 cognatos
2088 265 2265 309 ingratum
2296 262 2352 299 vel

1276 313 1436 357 ingratos
1471 313 1506 348 in
1538 322 1603 348 suo
1635 311 1792 347 scribere
1827 314 2048 346 testamento.
2098 310 2135 345 Si
2165 312 2283 344 autem
2314 309 2352 344 in

1277 357 1409 392 furoris
1424 358 1548 393 morbo
1567 366 1647 392 eum
1663 356 1846 391 detentum
1870 361 2058 391 extraneus
2082 354 2208 399 aliquis
2226 353 2353 390 viderit

1276 403 1332 447 (a)
1358 403 1432 438 suis
1457 403 1653 448 neglectum
1676 401 1798 436 liberis
1830 401 1885 435 vel
1908 401 2068 445 cognatis
2101 405 2164 435 aut
2195 399 2274 434 aliis
2304 399 2351 433 ab

1244 452 1318 484 5e0
1355 448 1497 493 scriptis
1531 447 1721 482 heredibus
1758 448 1795 480 et
1828 456 1893 490 pro
1929 445 2169 481 misericordia
2202 443 2353 480 voluerit

1277 502 1357 528 eum
1373 503 1578 537 procurare,
1603 491 1727 527 damus
1752 491 1783 526 ei
1803 490 1982 525 licentiam
2006 489 2277 525 adtestationem
2301 490 2352 524 eis

1276 538 1335 582 qui
1370 538 1416 573 ab
1451 538 1618 573 intestato
1654 536 1708 571 vel
1742 545 1787 571 ex
1820 539 2033 571 testamento
2070 535 2139 570 iam
2174 534 2271 569 facto
2306 534 2352 568 ad

1275 582 1403 618 furiosi
1426 582 1656 618 hereditatem
1676 584 1849 617 vocantur
1868 581 2010 626 scriptis
2029 580 2191 624 dirigere,
2216 583 2256 613 ut
2272 589 2352 614 eum

1275 638 1470 672 procurare
1501 627 1680 663 festinent.
1728 626 1766 661 Si
1796 629 1915 660 autem
1947 630 2029 670 post
2058 624 2262 659 huiusmodi
2290 625 2351 660 ad-

128 678 343 721 φροντίζειν.
392 678 423 710 εἰ
446 675 488 710 δέ
507 690 547 723 γε
570 681 630 710 καὶ
655 675 746 720 μετὰ
770 676 838 719 τὴν
861 672 1034 728 τοιαύτην
1057 673 1206 719 διαμαρ-
1219 677 1262 714 ,10
1275 673 1502 708 testationem
1531 671 1765 715 neglexerint,
1796 674 1831 705 et
1860 674 2052 705 extraneus
2083 670 2119 704 in
2152 679 2217 705 sua
2247 669 2352 704 domo

127 725 254 765 τυρίαν
279 719 506 765 ἀμελήσειαν,
531 725 590 755 καὶ
614 721 634 755 ὁ
653 721 822 762 ἐξωτικὸς
843 722 884 755 ἐν
906 721 959 763 τῷ
984 721 1094 754 αυτοῦ
1118 720 1205 763 οἴκῳ

127 766 196 800 τὸν
210 766 396 809 μεμηνότα
414 765 677 810 ’ὑποδεξάμενος
698 764 955 808 δαπανήμασιν
970 766 1109 799 οἰκείοις
1124 764 1206 808 ἄχρι

128 813 188 854 τῆς
209 810 371 854 τελευτῆς
395 812 506 846 αὑτοῦ
531 815 724 858 φροντίσας
747 809 919 853 δειχθείη,
950 810 1018 844 τὸν
1046 809 1115 852 τὴν
1139 807 1205 844 ὑπ-

127 860 274 901 ηρεσίαν
305 860 365 909 καὶ
395 857 462 900 τὴν
494 856 699 899 ἐπιμέλειαν
729 857 784 898 τῷ
814 854 990 910 μεμηνότι
1021 855 1205 898 παρασχό-

1274 718 1447 753 furiosum
1487 722 1692 762 susceptum
1727 715 1927 760 sumptibus
1967 715 2122 760 propriis
2159 724 2272 758 usque
2306 713 2353 748 ad

1275 763 1380 798 finem
1403 763 1495 798 vitae
1518 762 1630 807 ipsius
1652 770 1866 806 procurasse
1889 765 2105 795 monstratus
2129 759 2248 801 fuerit,
2271 769 2352 793 eum

1275 808 1333 851 qui
1358 807 1567 852 obsequium
1591 817 1634 842 ac
1658 806 1877 850 diligentiam
1900 805 2038 840 furioso
2063 804 2242 847 exhibuit,
2268 804 2353 839 licet

1274 858 1463 888 extraneus
1488 853 1544 892 sit,
1569 851 1615 887 ad
1639 851 1714 887 eius
1739 851 2001 886 successionem
2022 850 2206 895 pervenire
2230 849 2351 884 decer·

127 914 248 944 μενον,
279 914 348 935 nav
379 901 424 935 τὰ
448 901 604 946 μάλιστα
630 901 798 942 ἐξωτικὸς
821 902 884 955 εἳὶη,
915 901 962 934 εἰς
984 900 1052 943 τὴν
1075 898 1205 934 τούτου
1220 901 1260 934 15
1273 898 1406 940 nimus,
1438 901 1609 933 evacuata
1637 896 1860 932 institutione
1890 906 2012 931 eorum
2043 897 2168 939 utpote
2190 893 2351 937 indigno-

128 945 300 990 διαδοχὴν
335 947 509 991 ἔρχεσθαι
547 947 782 989 θεσπίζομεν,
823 947 1112 990 ανατρεπομένης
1145 946 1205 987 τῆς

128 987 252 1025 αὐτῶν
282 991 499 1033 ἐνστάσεως,
533 988 598 1025 ἅτε
626 989 670 1034 δὴ
703 988 866 1031 ἀναξίων
890 989 1014 1024 ὄντων
1044 991 1122 1023 τῶν
1150 990 1205 1032 τῷ

127 1035 320 1080 μεμηνότι,
356 1037 529 1081 καθάπερ
560 1037 759 1081 εἰρήκαμεν,
796 1033 970 1082 φροντίδα
1006 1037 1205 1078 παρασχεῖν

128 1079 402 1125 ἀμελησάντων,
432 1078 529 1116 οὕτω
552 1086 678 1122 μέντοι
702 1076 789 1114 ὥςτε
820 1080 865 1115 τὰ
897 1078 1005 1115 λοιπὰ
1034 1081 1098 1123 τῆς
1129 1077 1206 1113 διαυ

128 1125 244 1169 θήκης
267 1125 444 1172 κεφάλαια
467 1128 508 1160 ἐν
526 1128 570 1173 τῇ
595 1124 670 1169 ἰδίᾳ
692 1129 814 1169 μένειν
839 1126 941 1168 ἰσχύι.

129 1172 177 1208 13
222 1173 253 1206 εἰ
276 1174 342 1205 ἕνα
363 1173 441 1206 τῶν
456 1171 735 1217 προλεχθέντων
758 1174 896 1218 γονέων
920 1173 959 1204 έν
980 1168 1207 1212 αἰχμαλωσίᾳ

128 1217 344 1262 κρατεῖσθαι
367 1220 536 1261 συμβαίη,
566 1220 626 1251 καὶ
656 1215 692 1250 οἱ
718 1214 850 1250 τούτου
873 1213 998 1251 παῖδες
1019 1215 1091 1248 εἴτε
1113 1215 1205 1249 πάν-

127 1273 184 1295 τες
213 1263 284 1296 εἴτε
314 1261 362 1296 εἷς
392 1261 440 1305 μὴ
471 1260 715 1297 σπουδάσαιεν
743 1263 873 1295 τοῦτον
904 1258 1202 1306 ἀναρρύσασθαι·

129 1304 216 1341 ὥςτε
239 1308 270 1340 εἰ
293 1309 359 1350 μὲν
380 1305 553 1350 δυνηθείη
576 1307 644 1350 τὴν
664 1308 726 1350 τῆς
750 1305 992 1348 αἰχμαλωσίας
1015 1305 1206 1350 συμφορὰν

1272 953 1369 984 rum,
1406 942 1467 986 qui
1497 942 1652 984 furioso,
1689 942 1784 976 sicut
1819 941 1989 983 diximus,
2025 950 2145 975 curam
2181 939 2353 985 praebere

1273 987 1520 1031 neglexerunt,
1545 987 1597 1022 ita
1620 994 1739 1022 tamen
1763 990 1804 1021 ut
1827 990 1946 1022 cetera
1968 985 2172 1021 testamenti
2195 984 2353 1029 capitula

1271 1033 1310 1068 in
1333 1042 1399 1068 sua
1421 1035 1592 1068 maneant
1613 1032 1791 1067 firmitate.

1219 1126 1261 1159 20

1274 1167 1322 1204 13
1368 1166 1406 1202 Si
1429 1177 1539 1201 unum
1563 1166 1607 1202 de
1629 1166 1823 1211 praedictis
1847 1165 2057 1211 parentibus
2085 1165 2122 1200 in
2147 1164 2354 1210 captivitate

1273 1211 1424 1247 detineri
1458 1212 1646 1256 contigerit
1688 1217 1724 1246 et
1757 1212 1833 1246 eius
1868 1211 1971 1246 liberi
2014 1211 2086 1246 sive
2121 1219 2243 1245 omnes
2280 1209 2354 1245 sive

1272 1268 1364 1293 unus
1387 1267 1460 1292 non
1483 1256 1731 1292 festinaverint
1753 1266 1834 1291 eum
1858 1256 2040 1299 redimere,
2074 1255 2104 1290 si
2127 1254 2269 1308 quidem
2293 1264 2353 1289 va·

1272 1303 1379 1337 luerit
1411 1302 1648 1337 calamitatem
1680 1301 1898 1346 captivitatis
1930 1301 2094 1344 evadere,
2131 1311 2168 1335 m
2201 1299 2278 1335 eius
2308 1299 2355 1335 sit

129 1354 303 1405 ξκφυγεῐν,
336 1353 375 1386 ἐν
399 1365 443 1399 τῃ
469 1352 579 1386 αὑτοῦ
609 1351 701 1385 εἶναι
725 1351 867 1394 ἐξουσίᾳ
891 1350 1048 1396 πότερον
1067 1349 1206 1393 ταύτην
1218 1351 1260 1384 25
1274 1351 1468 1393 potestate,
1501 1350 1622 1382 utrum
1653 1347 1746 1381 hanc
1779 1356 1924 1381 eausam
1953 1344 2215 1389 ingratitudinis
2244 1349 2353 1380 testa-

128 1401 336 1441 αχαριστίας
353 1398 473 1431 αἰτίαν
492 1398 537 1443 τῇ
553 1395 628 1439 ἰδίᾳ
643 1395 809 1442 βούλοιτο
829 1395 1004 1443 ἐγγράψαι
1026 1393 1203 1441 διαθήκῃ·

128 1446 159 1475 εί
183 1441 223 1476 δὲ
246 1440 306 1476 διὰ
331 1443 393 1485 τῆς
416 1443 493 1476 τῶν
516 1440 662 1477 παίδων
686 1440 850 1485 ἀμελείας
867 1440 890 1485 ἢ
906 1438 1207 1487 καταφρονήσεως

127 1487 176 1531 μὴ
206 1485 491 1531 ἐλευθερωθείη,
524 1484 604 1521 ἀλλ’
638 1489 678 1521 ἐν
710 1484 756 1532 τῇ
788 1486 1012 1530 αἰχμαλωσίᾳ
1044 1484 1205 1541 τελευτή-

128 1544 233 1573 σειεν,
268 1534 419 1567 ἐκείνους
452 1533 501 1567 εἰς
531 1531 599 1575 τὴν
632 1530 740 1566 αὐτοῦ
777 1529 948 1575 διαδοχὴν
983 1530 1107 1565 ἐλθεῖν
1142 1544 1205 1564 ουκ

1274 1397 1392 1428 mento
1418 1403 1483 1428 suo
1507 1392 1590 1427 velit
1612 1392 1834 1434 adscribere3
1871 1391 1902 1427 si
1925 1395 2043 1426 autem
2073 1400 2139 1443 per
2162 1389 2355 1425 liberorum

1275 1438 1530 1483 neglegentiam
1553 1437 1607 1472 vel
1632 1440 1874 1482 contemptum
1898 1447 1969 1471 non
1992 1436 2101 1471 fuerit
2123 1435 2294 1470 liberatus
2319 1437 2356 1470 et

1274 1483 1311 1518 in
1337 1483 1542 1528 captivitate
1565 1482 1776 1524 decesserit,
1806 1482 1886 1517 illos
1916 1481 1962 1516 ad
1986 1481 2248 1517 successionem
2278 1480 2355 1516 eius

1275 1529 1393 1563 venire
1425 1538 1498 1563 non
1527 1528 1693 1573 patimur,
1726 1527 1786 1572 qui
1817 1537 1888 1562 non
1912 1526 2170 1562 festinaverunt
2200 1525 2274 1561 eius
2298 1536 2354 1561 re-

129 1575 354 1620 ἀνεχόμεθα,
385 1578 513 1612 οἵτινες
543 1574 607 1611 οὐκ
631 1575 863 1612 ἐσπούδασαν
892 1588 955 1620 της
978 1574 1206 1621 ἀναρρύσεως
1218 1579 1261 1612 30
1276 1573 1512 1618 demptionem
1542 1582 1748 1618 procurare.
1782 1572 1843 1607 sed
1876 1572 2038 1607 omnibus
2071 1570 2192 1607 liberis
2225 1571 2263 1605 in
2285 1570 2356 1607 hoc

129 1622 240 1657 αὐτοῦ
261 1626 471 1668 φροντίσαι,
494 1620 585 1656 ἀλλὰ
610 1621 765 1657 πάντων
787 1623 865 1656 τῶν
881 1620 1026 1657 παίδων
1050 1623 1111 1656 ἐπὶ
1125 1621 1204 1655 τού-

127 1679 181 1709 τῳ
206 1663 467 1711 ἀμελησάντων
495 1667 620 1702 πάντα
648 1667 695 1702 τὰ
724 1666 920 1712 πράγματα
950 1667 997 1701 τὰ
1030 1662 1119 1712 παρ’
1146 1663 1206 1710 ai}-

127 1713 191 1744 τοῦ
214 1711 561 1756 καταλιμπανόμενα
591 1714 636 1759 τῇ
661 1711 826 1755 ἐκκλησίᾳ
857 1713 919 1755 τῆς
942 1711 1081 1746 πόλεως
1109 1711 1148 1752 ἐξ
1171 1711 1208 1753 ἧς

128 1754 292 1802 ὥρμηται
316 1758 621 1803 προςκυροῦσθαι,
650 1757 867 1792 inventariov
898 1755 1033 1800 δηλαδὴ
1062 1759 1123 1791 ἐπὶ
1148 1754 1207 1812 δη-

1274 1619 1540 1664 neglegentibus
1576 1628 1635 1653 res
1671 1618 1854 1654 universas
1889 1617 1934 1652 ab
1964 1616 2087 1652 eodem
2121 1616 2265 1652 relictas
2296 1626 2354 1651 ec-

1277 1665 1405 1699 clesiae
1430 1663 1582 1699 civitatis
1613 1673 1658 1698 ex
1682 1672 1753 1707 qua
1786 1662 1900 1697 oritur
1931 1661 2125 1707 applicari,
2158 1661 2355 1696 inventario

1276 1710 1413 1745 scilicet
1437 1709 1503 1745 sub
1524 1709 1668 1753 publica
1691 1708 1929 1743 adtestatione
1954 1706 2177 1748 celebrando,
2202 1716 2247 1742 ne
2271 1706 2355 1751 quid

1277 1765 1322 1791 ex
1346 1755 1422 1790 eius
1450 1754 1684 1790 facultatibus
1715 1756 1858 1799 pereat,
1888 1753 1939 1788 ita
1961 1755 2003 1788 ut
2029 1752 2197 1798 quicquid
2228 1752 2356 1788 exinde

113 1806 252 1854 -μοσίου
273 1804 506 1847 ἐκμαρτυρίαν
529 1805 728 1849 γινομένου,
755 1798 844 1836 ὥςτε
862 1800 974 1857 μῗηδὲν
999 1803 1122 1855 ἐκυτῆς
1146 1815 1207 1835 αυ-
1221 1804 1264 1837 35

127 1860 190 1881 του
213 1851 417 1893 περιουσίας
440 1846 739 1894 παραπολέσθαι,
771 1844 832 1893 ἐφ’
860 1861 890 1891 ῳ
921 1848 999 1882 πᾶν
1030 1859 1123 1892 οπερ
1152 1849 1207 1881 ἐν·

195 1941 216 1981 ξ
235 1940 275 1972 13
299 1951 450 1972 summam
475 1940 572 1973 habet
589 1939 717 1982 Ecloqa
742 1939 789 1972 ad
805 1939 986 1972 Prochiron
1005 1945 1129 1972 mutata
1145 1939 1199 1979 32,
1214 1945 1230 1972 6
1251 1950 1290 1972 ex
1305 1937 1424 1971 Proch.
1441 1955 1486 1962 —
1509 1950 1539 1971 v.
1553 1938 1641 1971 27—
1653 1937 1730 1977 540,
1744 1942 1761 1970 2
1785 1947 1907 1968 summa
1923 1934 1999 1967 Ath.
2024 1935 2179 1977 repetitur
2202 1936 2236 1969 in
2252 1947 2356 1979 para-

131 1985 209 2018 titlis
232 1985 307 2017 Am.
333 1985 353 2018 2
380 1988 438 2023 §a

131 2105 209 2130 eum
232 2092 460 2139 neglexerint
489 2092 673 2137 inqratum
703 2092 759 2128 vel
785 2093 953 2138 inyratos
984 2092 1023 2126 in
1053 2102 1120 2127 suo
1152 2091 1309 2127 scribere
1333 2095 1552 2127 testamento.
1601 2089 1645 2126 Si
1664 2101 1749 2126 vero
1779 2090 1862 2135 quis
1883 2094 2084 2126 extraneus
2113 2100 2192 2125 eum
2211 2089 2358 2134 suroris

132 2138 255 2174 morbo
279 2137 448 2184 affectum
472 2148 495 2172 a
512 2137 681 2183 propriis
705 2137 826 2172 liberis
855 2137 912 2172 vet
933 2137 1099 2182 coqnatis
1129 2136 1186 2171 vel
1207 2136 1291 2171 attis
1321 2137 1366 2171 ab
1390 2146 1432 2171 eo
1455 2136 1603 2215 scribptis
1626 2134 1816 2170 heredibus
1838 2135 1981 2180 neqleqi
2004 2135 2133 2169 viderit
2163 2137 2198 2169 et
2220 2134 2356 2168 miseri-

132 2183 256 2219 cordia
279 2188 398 2218 motus
422 2193 551 2217 curare
575 2193 653 2217 eum
677 2182 849 2223 voluerit,
881 2181 1008 2216 damus
1030 2181 1063 2216 ei
1084 2180 1301 2226 facultatem
1332 2181 1378 2215 iis
1408 2181 1472 2226 qui
1494 2191 1516 2215 a

1563 2181 1734 2215 intestato
1765 2180 1822 2215 vet
1850 2190 1901 2214 ex
1926 2183 2133 2215 testamento
2158 2179 2228 2213 iam
2250 2179 2355 2224 facto

132 2229 181 2264 ad
215 2227 446 2264 hereditatem
479 2226 614 2271 furiosi
648 2231 825 2262 vocantur
858 2226 1165 2262 denuntiationem
1200 2225 1374 2271 scriptam
1409 2224 1591 2266 mittendi,
1629 2229 1670 2259 ut
1704 2235 1784 2259 eum
1819 2235 1950 2259 curare
1982 2224 2164 2259 studeant.
2219 2223 2357 2266 Quodsi

132 2274 239 2310 etiam
261 2277 345 2319 post
369 2271 545 2307 eiusmodi
565 2271 871 2307 denuntiationem
893 2281 973 2306 eum
997 2270 1242 2315 neqtexerint.
1278 2275 1314 2305 et
1336 2274 1534 2305 extraneus
1563 2269 1748 2313 furiosum
1780 2269 1818 2302 in
1846 2279 1914 2303 sua
1938 2268 2043 2303 domo
2065 2274 2270 2314 susceptum
2293 2269 2354 2303 im-

126 2319 253 2365 pensis
282 2316 445 2364 propriis
479 2327 591 2362 usque
621 2316 670 2350 ad
699 2322 847 2351 mortem
874 2316 951 2350 eius
980 2325 1127 2350 curasse
1157 2314 1335 2360 probatus
1362 2315 1426 2355 sit,
1461 2325 1541 2349 eum
1572 2314 1635 2359 qui
1667 2324 1814 2359 operam
1847 2317 1884 2348 et
1916 2324 2041 2348 curam
2074 2313 2221 2357 furioso
2250 2323 2357 2359 prae-

132 2364 240 2405 stitit,
272 2361 500 2408 quantumvis
523 2364 723 2396 extraneus
744 2361 810 2402 sit,
841 2360 890 2395 ad
912 2360 989 2395 eius
1020 2359 1252 2395 hereditatem
1282 2359 1402 2394 venire
1430 2358 1627 2399 sancimus,
1658 2368 1782 2393 eversa
1812 2357 1955 2392 illorum
1985 2358 2209 2393 institutione
2233 2362 2358 2403 utpote

134 2408 381 2460 indignorum,
417 2406 479 2452 qui
512 2406 657 2450 furioso
691 2405 798 2440 sicuti
832 2405 992 2440 diximus
1026 2414 1150 2439 curam
1186 2403 1355 2440 adhibere
1389 2403 1645 2449 neqteoeerunt,
1686 2402 1740 2438 ita
1776 2407 1893 2438 tamen
1926 2406 1967 2438 ut
2001 2407 2120 2438 cetera
2157 2403 2357 2439 testamenti

134 2458 255 2499 capita
280 2453 317 2487 in
340 2462 406 2486 suo
429 2450 561 2487 robore
584 2454 761 2486 maneant.

134 2499 182 2535 13
228 2497 269 2532 Si
291 2507 401 2531 unum
425 2506 475 2531 ex
495 2495 695 2541 praedictis
716 2494 929 2541 parentibus
952 2494 990 2528 in
1014 2494 1224 2540 captivitate
1247 2493 1402 2529 detineri
1423 2492 1616 2539 contigerit
1638 2495 1675 2528 et
1699 2491 1802 2528 liberi
1823 2492 1901 2527 eius
1923 2492 1997 2527 sive
2020 2502 2144 2528 omnes
2166 2493 2240 2528 sive
2263 2503 2358 2528 unus

133 2554 211 2579 eum
235 2542 409 2577 redimere
432 2551 505 2575 non
529 2540 749 2575 studuerint:
783 2543 823 2575 ut
845 2540 878 2574 si
899 2538 1042 2590 quidem
1065 2539 1307 2574 calamitatem
1337 2538 1557 2585 captivitatis
1587 2537 1749 2583 effuqere
1768 2537 1947 2583 potuerit,
1978 2536 2018 2571 in
2041 2537 2156 2582 ipsius
2173 2542 2358 2584 potestate

133 2589 181 2623 sit
206 2599 290 2622 num
314 2586 408 2621 nanc
429 2584 703 2631 inqratitudinis
726 2595 872 2620 causam
896 2595 933 2618 in
957 2588 1165 2619 testamento
1188 2594 1254 2618 suo
1277 2583 1434 2619 scribere
1457 2583 1540 2619 vetit
1546 2595 1562 2624 ;
1590 2584 1647 2617 sin
1667 2587 1785 2618 autem
1807 2592 1876 2628 per
1898 2581 2160 2627 neqleqentiam
2184 2587 2249 2618 aut
2272 2593 2356 2618 con-

135 2638 305 2684 temptum
328 2630 521 2666 liberorum
552 2640 626 2665 non
651 2629 823 2665 liberatus
845 2629 904 2670 sit,
935 2628 999 2664 sed
1027 2629 1065 2662 in
1089 2628 1297 2675 captivitate
1320 2628 1521 2668 decesserit,
1553 2627 1638 2663 ilios
1660 2626 1709 2662 ad
1730 2626 1991 2662 successionem
2022 2627 2099 2662 eius
2131 2627 2253 2663 venire
2282 2638 2357 2663 non

127 2682 294 2725 patimur
316 2676 381 2722 qui
401 2675 639 2720 redemptioni
668 2676 745 2710 eius
775 2685 922 2721 operam
947 2673 1036 2709 dare
1067 2684 1138 2708 non
1169 2673 1402 2714 studuerunt,
1435 2683 1556 2707 verum
1578 2672 1612 2707 si
1635 2683 1757 2707 omnes
1787 2671 1890 2707 liberi
1912 2672 1951 2706 in
1975 2671 2044 2707 ltac
2066 2682 2107 2707 re
2130 2672 2358 2718 neqleqentes

131 2723 293 2769 fuerint,
324 2731 446 2757 omnes
468 2730 528 2755 res
550 2720 595 2755 ab
619 2730 661 2755 eo
685 2720 832 2755 relictae
855 2718 1024 2754 ecclesiae
1048 2718 1203 2753 civitatis
1234 2718 1328 2753 unde
1351 2717 1528 2753 oriundus
1557 2721 1611 2752 est
1633 2716 1862 2758 addicantur,
1894 2721 2004 2762 atque
2027 2717 2265 2753 inventarium
2289 2717 2356 2752 sci-

135 2768 218 2803 licet
246 2777 326 2802 cum
354 2764 501 2812 publica
534 2765 724 2800 testatione
749 2765 835 2809 siat,
867 2775 913 2798 ne
937 2763 1026 2809 quid
1055 2763 1099 2798 de
1122 2762 1324 2798 substantia
1354 2763 1432 2797 eius
1455 2767 1605 2808 pereat:
1635 2772 1707 2808 quo
1732 2772 1835 2796 omne
1858 2761 1958 2807 quoct
1986 2761 2070 2797 inde
2100 2761 2149 2797 ad
2171 2762 2357 2798 ecclesiam

1280 2887 1340 2917 que
1357 2873 1370 2918 11
1387 2876 1430 2909 34
1452 2869 1608 2918 ὁρμᾶται
1623 2875 1721 2908 APr.
1745 2870 1884 2926 ὁρμᾶτο
1896 2875 1968 2916 (sic)
1981 2875 2046 2917 Ep.
2065 2874 2077 2917 11
2092 2875 2284 2909 inbentariu
2305 2877 2356 2917 M,

1279 2920 1506 2963 ἰνβενταρίου
1519 2920 1581 2952 LA
1606 2915 1816 2998 ἀπογραίφης
1830 2921 1870 2952 Μ
1882 2933 1907 2952 ε.
1916 2932 1960 2961 υ.,
1976 2920 2024 2952 B⁸
2056 2921 2284 2966 καταγραφῆς
2298 2921 2355 2954 Pr.

1278 2966 1344 3008 Ep.
1364 2966 1375 3007 11
1392 2965 1452 2997 ἐπὶ
1466 2962 1636 3007 δημοσίου
1653 2962 1696 3007 δη
1721 2977 1743 2996 α
1768 2963 1788 3007 ὴ
1809 2965 1851 2996 Β*
1872 2964 1884 3008 11
1904 2966 1945 2998 35
1957 2967 2148 3009 γενομένης
2161 2966 2210 2999 Β·
2223 2966 2275 2999 Pr.
2291 2967 2356 3010 Ep.

181 2881 200 2914 3
216 2875 304 2920 ἀπὸ]
324 2875 396 2912 ὑπὸ
410 2879 459 2919 A,
479 2878 533 2911 Pr.
547 2880 702 2922 plerique,
716 2878 781 2920 Ep.
799 2877 811 2920 11
829 2874 946 2918 ἰδίων]
969 2875 1111 2908 οἰκείων
1129 2875 1182 2908 Pr.
1200 2873 1212 2919 11

135 2928 156 2959 4
175 2923 308 2965 ἄλλων]
332 2920 406 2958 ὑπὸ
425 2921 547 2956 ἄλλων
564 2924 627 2966 Ep.
653 2920 774 2955 ἄλλων
797 2922 874 2955 τῶν
897 2924 927 2955 Α
946 2921 958 2965 11
982 2924 999 2954 7
1025 2933 1064 2965 γε
1089 2921 1210 2963 ενημέ-

135 2980 196 3012 νης
217 2970 266 3002 B⁸
286 2981 315 3002 v.
334 2970 365 3009 l.‚
387 2969 451 3011 Ep.
468 2969 480 3011 11
506 2970 524 3002 8
543 2967 727 3014 ἐγγράφως
750 2968 796 3000 B⁸
820 2967 832 3010 11
858 2968 878 3000 9
902 2962 1060 3000 ἆποστέλ
1083 2977 1137 2998 ειν
1152 2966 1183 2998 A

138 3017 178 3048 10
199 3015 259 3046 καὶ
283 3026 340 3046 om.
356 3013 412 3046 Pr.
427 3024 446 3049 ς
461 3013 474 3056 11
495 3015 532 3047 11
559 3009 765 3056 ἀμελήσειεν
777 3012 808 3044 L
833 3008 1050 3055 ἀμελήσαιεν
1065 3011 1112 3043 B⁸
1124 3023 1151 3043 v.
1167 3010 1187 3042 l.

136 3056 155 3091 ὁ
179 3057 345 3098 ἐξωτικὸς
362 3059 438 3101 Ep]
464 3056 632 3097 ἐξωτικὸς
657 3057 780 3090 MLB·
791 3056 848 3089 Pr.
882 3054 1051 3095 ἐξωτικὸς
1073 3057 1126 3087 τίς
1148 3055 1180 3088 A
1200 3056 1211 3096 11

136 3101 261 3144 αὑτοῦ]
287 3098 394 3135 αὐτοῦ
421 3103 509 3135 ΜΒ*
522 3103 586 3145 Ep.
612 3102 849 3135 ἑαυτοῦΔΡν.
875 3097 974 3134 αὐτῶ
990 3101 1020 3133 L
1046 3099 1058 3144 11
1085 3101 1125 3133 13
1149 3099 1212 3142 τῆς

136 3146 330 3192 ὑπηρεσίας
341 3148 391 3180 La
409 3146 422 3191 11
441 3149 481 3180 14
497 3150 557 3179 καὶ
571 3146 652 3189 τὴν]
676 3145 744 3188 τὴν
764 3159 821 3178 om.
836 3146 883 3185 A.
899 3146 954 3179 Ρν,
970 3157 1050 3178 unus
1067 3144 1080 3183 ΙΙ
1097 3156 1212 3188 παρα-

136 3190 272 3234 σχόντα
292 3194 322 3225 Α
337 3191 349 3236 11
371 3194 411 3226 16
436 3191 673 3234 θεσπίζομεν]
697 3188 883 3233 κελεύομεν
896 3191 945 3223 13⁸
961 3190 974 3233 11
995 3192 1034 3223 17
1052 3185 1211 3223 ἀναστά-

136 3248 225 3271 σεως
249 3238 299 3270 L⁰
326 3236 338 3280 11
369 3237 446 3270 τῶν
477 3237 530 3278 τῷ
557 3235 604 3269 L'’
627 3238 683 3279 (cf
709 3238 752 3276 ς)]
792 3235 845 3277 τῷ
878 3237 950 3275 (καὶ
973 3235 1026 3277 τῷ
1055 3234 1101 3267 13⁸
1123 3247 1154 3267 v.
1177 3235 1211 3274 l.)

136 3284 256 3316 MLaA
268 3282 312 3314 Β·
323 3282 379 3314 Pr.
411 3281 423 3325 11
453 3283 493 3315 18
515 3279 754 3335 μενμαινηκότι
777 3281 833 3313 Pr.
852 3282 1001 3324 plerique
1027 3278 1040 3323 11
1071 3281 1112 3314 19
1135 3279 1212 3312 τῶν

136 3325 329 3368 διαθηκῶν
347 3327 396 3359 L⁰
412 3327 425 3370 11
450 3328 489 3360 21
517 3324 550 3359 ιὸ
578 3339 679 3369 maro.
697 3327 726 3360 A
752 3325 765 3369 11
788 3325 829 3366 εἰ]
853 3325 907 3358 εἰσ
931 3324 978 3358 Μ
1005 3326 1064 3357 καὶ
1088 3322 1153 3358 ἐὰν
1174 3322 1213 3358 δὲ

136 3373 194 3406 Pr.
212 3373 278 3415 Ep.
302 3371 315 3416 11
339 3370 625 3416 προρρηθέντων
643 3372 688 3405 Β*
701 3384 729 3404 υ.
741 3371 773 3406 l..
791 3371 844 3403 Pr.
857 3382 939 3403 unus
956 3369 968 3413 11
993 3371 1035 3403 23
1059 3368 1131 3403 εἴτε
1153 3367 1211 3410 εἷς]

137 3416 207 3450 εἴτε
229 3419 290 3450 καὶ
317 3415 364 3449 εἷς
386 3415 543 3460 μάθοιεν
566 3418 626 3449 καὶ
650 3418 680 3450 A
708 3415 720 3459 11
754 3417 797 3449 24
821 3410 916 3448 ὥστε
947 3428 1005 3448 om.
1031 3414 1087 3447 Pr.
1112 3415 1176 3459 Ep.
1201 3414 1213 3459 11

138 3459 281 3508 δυνηθῇ
306 3462 362 3495 Pr.
380 3463 527 3506 plerique
551 3461 563 3504 11
592 3461 671 3504 τὴν]
702 3452 802 3494 οὗτος
825 3461 944 3502 (αὐτὸς
957 3460 1014 3494 Pr.
1028 3460 1123 3498 unus)
1144 3458 1213 3515 τήν

140 3506 196 3539 Pr.
211 3507 274 3549 Ep.
294 3506 307 3550 11
329 3508 371 3541 25
380 3520 428 3549 sq.
454 3503 660 3552 ἀχαριστίας
682 3504 820 3548 ταύτην
836 3506 867 3538 A
885 3505 897 3548 11
922 3506 964 3538 26
987 3504 1120 3545 αἰτίαν]
1144 3518 1213 3548 την

141 3550 260 3584 αἰτίαν
285 3552 559 3586 GGEHeimbacln
584 3565 647 3585 non
670 3558 753 3585 recte
779 3551 791 3593 11
816 3547 988 3596 διαθήκῃ]
1013 3546 1036 3592 ἢ
1059 3551 1118 3583 καὶ
1141 3551 1213 3592 (καὶ

141 3608 199 3628 οπι.
214 3596 290 3648 Ep.)
313 3597 362 3640 μή
387 3599 465 3630 add.
476 3597 536 3649 Pr.
550 3597 614 3640 Ep.
632 3597 644 3640 11
670 3598 711 3630 27
736 3592 770 3638 ἢ]
795 3597 854 3628 καὶ
880 3596 942 3649 Ep'.
969 3596 981 3638 11
1004 3596 1046 3629 28
1071 3592 1212 3629 ἐλευθε-

141 3639 571 3730 ἵῖιῖῗτῇᾆῗίἑλῇἶήῗῖ
579 3642 730 3728 ἕῗρἰῗῗῖ
743 3638 852 3719 22¹1}ss
850 3650 1035 3728 ῗῖιῖῗῗζ
1036 3710 1042 3718 .
1047 3639 1138 3729 ¹533
1141 3642 1211 3718 ⁷2⁴5}

142 3729 218 3772 τοῦ]
242 3727 338 3764 ἰδίαν
361 3735 391 3765 A
415 3732 428 3776 11
457 3733 497 3767 31
523 3723 595 3773 ἐπὶ]
628 3731 706 3765 τῶν
729 3732 789 3766 ἐπὶ
812 3732 843 3764 A
870 3730 882 3775 11
910 3730 1017 3765 τοῦτο
1044 3730 1098 3764 Pr.
1111 3731 1210 3775 pleri-

1336 3055 1355 3087 2
1380 3056 1577 3086 tcstamento
1600 3054 1743 3089 scribere
1770 3054 1802 3087 T
1814 3054 1826 3097 11
1851 3053 1907 3086 *εἰ
1931 3057 2042 3086 autem
2065 3053 2114 3095 in]
2139 3055 2284 3095 aliquem
2309 3055 2355 3088 R¹

1281 3111 1432 3129 «nunu
1456 3098 1502 3131 V¹
1534 3098 1564 3131 si
1579 3109 1677 3140 quem
1699 3098 1746 3130 V2
1775 3098 1805 3131 si
1828 3101 1938 3131 autem
1962 3099 2142 3140 eontigerit
2165 3099 2309 3141 aliquem
2329 3100 2361 3132 T

1279 3144 1315 3177 Si
1339 3154 1419 3176 uero
1442 3143 1588 3185 aliquem
1612 3143 1661 3176 132
1691 3142 1704 3187 11
1731 3144 1751 3177 3
1776 3143 1895 3176 sororis
1919 3143 1973 3176 Ta
1998 3143 2010 3186 11
2039 3143 2172 3177 detento
2196 3145 2230 3177 R
2254 3144 2266 3187 11
2293 3146 2314 3179 4
2337 3155 2358 3177 a

1280 3190 1356 3222 add.
1371 3190 1455 3232 vuly.
1479 3188 1491 3231 11
1516 3189 1584 3220 suis
1606 3188 1654 3222 V²
1678 3191 1710 3222 in
1735 3201 1800 3222 ras.
1818 3188 1831 3232 11
1854 3188 1894 3220 ab
1916 3190 1966 3229 eo]
1990 3188 2095 3221 habeo
2116 3189 2172 3232 Vn
2199 3190 2219 3222 6
2239 3191 2356 3222 atesta-

1279 3234 1401 3266 tionem
1423 3234 1513 3266 RV²
1536 3235 1592 3274 (id.
1618 3235 1649 3268 9.
1675 3235 1717 3267 33
1741 3233 1826 3275 ΒΤ)
1843 3233 1856 3275 11
1881 3233 1952 3266 eius
1986 3233 2036 3266 V·
2058 3234 2070 3273 11
2097 3235 2116 3266 7
2139 3233 2181 3266 ad
2205 3247 2263 3267 om.
2278 3235 2324 3268 R'
2345 3233 2358 3279 11

1282 3281 1300 3314 8
1317 3281 1367 3320 ut]
1393 3281 1425 3311 et
1441 3278 1490 3311 Β*
1521 3282 1554 3311 et
1577 3281 1615 3310 ut
1643 3278 1692 3310 Τι
1723 3280 1763 3310 ut
1787 3281 1819 3311 et
1844 3278 1896 3311 Τ2
1920 3277 1933 3321 11
1961 3280 1981 3312 9
1997 3277 2132 3311 festinet
2150 3278 2207 3323 Τ11
2235 3280 2275 3314 10
2298 3290 2356 3312 ne-

1279 3324 1455 3366 glexerunt
1474 3324 1507 3355 V
1524 3322 1708 3366 neglexerit
1726 3323 1759 3356 T
1765 3324 1774 3343 ¹
1791 3323 1803 3365 11
1830 3325 1869 3357 11
1895 3322 2050 3366 propriis]
2074 3323 2152 3356 filiis
2176 3325 2253 3357 add.
2272 3325 2324 3357 Ra
2345 3323 2359 3369 11

1282 3371 1322 3404 13
1347 3369 1521 3410 obliquum
1549 3367 1598 3401 T¹
1613 3367 1625 3412 11
1653 3370 1692 3402 15
1716 3370 1835 3409 utpute
1861 3368 1910 3400 Τι
1927 3367 1940 3411 11
1967 3368 2006 3402 16
2031 3368 2133 3401 sicuti
2153 3368 2215 3412 Rss
2235 3371 2272 3403 1’1
2299 3379 2357 3402 ne-

1279 3414 1445 3456 glexerint
1470 3414 1502 3447 T
1514 3413 1526 3456 11
1543 3413 1588 3446 tffi
1611 3413 1677 3446 ΒΤ
1698 3412 1711 3456 11
1733 3415 1929 3445 testamenta
1958 3413 1992 3446 V
2010 3411 2023 3456 11
2051 3414 2091 3446 18
2115 3417 2246 3446 maneat
2271 3414 2303 3447 T
2311 3415 2322 3435 ¹
2345 3413 2358 3458 11

1281 3461 1324 3493 22
1342 3458 1544 3500 contingerit
1564 3457 1620 3500 Vss
1645 3459 1687 3492 23
1709 3457 1809 3490 unius
1829 3457 1883 3500 Vn
1901 3459 1981 3498 non]
2004 3460 2053 3490 set
2076 3468 2145 3490 non
2159 3458 2209 3491 Β*
2225 3459 2238 3502 11
2255 3458 2295 3500 si]
2318 3463 2359 3493 ut

1280 3505 1309 3537 si
1319 3505 1412 3537 Beck
1427 3503 1439 3547 11
1459 3505 1501 3536 24
1514 3502 1720 3546 captiuitatis
1733 3502 1952 3535 calamitatem
1968 3503 1998 3535 T
2011 3503 2023 3546 11
2041 3504 2083 3536 25
2097 3506 2292 3545 potestatem
2307 3505 2340 3538 T
2345 3504 2357 3547 11

1281 3551 1321 3583 27
1345 3551 1534 3581 contentum
1559 3548 1590 3581 V
1608 3547 1620 3591 11
1645 3548 1687 3581 28
1710 3547 1940 3589 captiuitatem
1962 3548 2019 3591 Vn
2044 3548 2251 3582 decesserunt
2273 3549 2323 3583 Τ1
2346 3555 2358 3593 ΙΙ

1281 3597 1323 3629 29
1346 3594 1473 3635 patitur
1494 3593 1544 3626 V¹
1569 3592 1581 3635 11
1605 3593 1663 3634 qui
1690 3592 1957 3635 Hamburqensis]
1987 3593 2067 3634 quia
2094 3593 2253 3637 RTvulq.
2278 3595 2358 3637 quia

1281 3641 1307 3672 si
1331 3638 1445 3683 V1133
1470 3637 1597 3671 seilicet
1615 3636 1687 3678 sub]
1714 3650 1753 3667 υ
1778 3637 1827 3670 V¹
1850 3637 1910 3670 sub
1932 3637 1982 3670 V³
1998 3638 2010 3681 11
2027 3637 2180 3679 publio-s
2200 3631 2250 3672 V²
2267 3639 2280 3682 11
2295 3650 2357 3672 nee

1281 3685 1312 3717 R
1327 3684 1371 3717 V¹
1397 3683 1410 3728 11
1433 3685 1475 3718 34
1499 3685 1614 3726 pareat
1639 3682 1671 3717 T
1678 3683 1688 3703 ¹
1722 3692 1781 3725 per
1805 3693 1878 3715 eum
1899 3682 1950 3716 V¹
1968 3681 1981 3727 11
2007 3682 2056 3715 ita
2081 3696 2138 3717 om.
2152 3683 2213 3728 Rn
2239 3684 2357 3718 exinde

1280 3743 1338 3764 om.
1366 3729 1398 3763 Γ

2024 3784 2089 3820 68*
