2580 3984
106 154 286 186 HABERE
314 153 419 187 LOCI
448 153 742 186 SERVATOREM

105 249 164 288 ὅτι
184 253 221 288 οἱ
240 251 427 289 δανεισταὶ
448 252 491 288 τὰ
507 256 615 288 τέκνα
636 255 713 288 τῶν
729 255 1013 300 χρεωστούντων
1028 252 1189 298 τολμῶσι

105 302 266 342 κατέχειν
296 298 318 343 ἢ
347 300 396 334 εἰς
418 301 583 345 ἐνέχυρον
614 298 638 355 ἢ
665 301 712 334 εἰς
737 298 903 344 δουλικὴν
934 298 1133 345 ὑπηρεσίαν
1164 296 1187 342 ἢ

104 345 279 389 μισθοῦν,
307 345 416 380 τοῦτο
446 345 538 380 πᾶσι
569 357 717 391 τροποιε
741 345 936 390 κωλύομεν,
968 349 1028 380 καὶ
1051 342 1186 379 κελεύο-

104 403 182 434 μεν,
217 390 254 425 εἴ
280 401 334 425 τιε
366 388 509 425 τοιοῖτό
545 405 580 426 τι
615 390 874 436 πλημμελήσει,
908 391 957 435 μὴ
986 389 1103 435 μόνον
1134 392 1188 424 ἐκ·

106 438 255 470 πίπτειν
277 433 392 470 αὐτὸν
414 436 478 470 τοῦ
504 441 637 481 χρέους,
669 435 759 471 ἀλλὰ
785 441 844 470 καὶ
867 436 1048 479 τοσαύτην
1077 434 1189 478 ἄλλην

105 480 292 523 ποσότητα
329 479 640 523 καταδικάζεσθαι
679 482 933 526 δοθησομένην
970 483 1023 525 τῷ
1059 494 1187 527 κρατη-

106 526 214 560 θέντι
245 522 336 570 παρ’
363 524 474 560 αὐτοῦ
513 526 535 570 ἢ
565 532 637 563 τοῖς
666 529 835 575 γονεῦσιν
858 524 981 570 αἰτοῖ,
1014 530 1073 560 καὶ
1100 526 1188 570 μετὰ

105 571 214 604 τοῦτο
230 573 290 604 καὶ
306 576 527 615 σωματικαῖς
548 577 688 608 ποιναῖς
704 570 819 607 αὐτὸν
834 571 1188 616 καθυποβάλλεσθαι

104 616 202 659 παρὰ
236 617 313 649 τῶν
344 618 435 651 κατὰ
465 618 582 652 τόπον
615 616 815 663 ἀρχόντων,
846 615 968 660 ἐπειδη
995 615 1189 672 πρόςωπον

1184 138 1268 187 683

1837 141 1945 185 Nov.
1974 138 2193 184 CXXXIV
2225 141 2333 182 7-9

1258 253 1451 290 creditores
1482 254 1574 291 filios
1598 253 1795 290 debitorum
1826 253 2059 298 praesumunt
2087 251 2243 287 retinere
2272 252 2336 286 aut

1255 301 1291 335 in
1315 299 1442 345 pignus
1473 304 1538 335 aut
1566 300 1604 335 in
1628 299 1752 336 servile
1776 297 2009 333 ministerium
2040 299 2104 333 aut
2128 296 2334 332 conductio-

1256 355 1353 387 nem,
1389 346 1456 381 boc
1487 345 1601 381 modis
1632 344 1795 381 omnibus
1824 343 2070 388 prohibemus,
2101 346 2138 378 et
2159 342 2334 387 iubemus,

1256 394 1297 426 ut
1326 391 1356 426 si
1387 391 1465 436 quis
1488 390 1690 427 huiusmodi
1721 389 1853 434 aliquid
1882 389 2087 434 deliquerit,
2120 399 2192 424 non
2219 387 2335 423 solum

1225 435 1376 471 5debit0
1403 437 1524 478 cadat,
1556 437 1619 471 sed
1643 439 1777 471 tantam
1808 434 1914 469 aliam
1946 434 2178 479 quantitatem
2203 433 2336 469 adiciat

1256 481 1409 517 dandam
1441 482 1492 524 ei,
1523 481 1582 526 qui
1612 484 1772 517 retentus
1804 484 1858 515 est
1888 479 1934 515 ab
1963 489 2005 515 eo
2038 483 2101 514 aut
2124 477 2334 524 parentibus

1257 527 1351 568 eius;
1388 529 1424 562 et
1446 529 1528 571 post
1559 527 1627 562 hoc
1658 527 1763 561 etiam
1788 524 2032 569 corporalibus
2064 524 2187 568 poenis
2218 524 2333 568 ipsum

1257 572 1361 607 subdi
1392 582 1414 607 a
1436 571 1507 607 loci
1530 572 1657 614 iudice,
1691 571 1774 616 quia
1797 580 1984 615 personam
2013 569 2158 604 liberam
2183 579 2247 614 pro
2272 568 2334 604 de·

1257 617 1331 653 bito
1355 617 1634 663 praesumpserit
1657 617 1809 652 retinere
1833 619 1896 650 aut
1915 615 2034 650 locare
2058 618 2121 650 aut
2134 614 2332 660 pignorare.

104 659 298 715 ἐλεύθερον
330 658 420 718 ὑπερ
443 666 562 708 χρέους
586 663 759 708 ἐτόλμησε
783 666 973 704 κατασχεῖν
999 677 1018 706 η
1042 662 1186 707 μισθῶ-
1204 666 1244 698 10

104 716 165 739 σαι
191 720 211 748 ¹:
236 708 471 752 ἐνεχυριασαι.

1086 821 1243 857 CAPUT
1269 820 1364 856 VIII.

124 940 132 952 '
175 896 328 934 Κάκεῖνο
361 898 400 934 δὲ
431 898 640 945 συνείδομεν
672 900 763 947 ὑπὲρ
798 903 859 944 τῆς
890 903 967 936 τῶν
999 899 1187 936 ὑποτελῶν

105 943 276 988 maeleim
299 946 582 990 ἐπανορθῶσαι,
614 947 674 982 ἵνα
698 948 734 981 εἴ
752 959 805 982 τις
819 947 915 1003 ,γυνὴ
945 949 983 982 ἐν
1008 945 1186 989 δανειακῴ

102 994 336 1044 γραμματείῳ
361 994 562 1026 συναινέσει
586 994 639 1035 τῷ
663 994 781 1047 οἰκείῳ
807 990 912 1045 ανδρί
937 990 959 1035 ἢ
983 990 1185 1038 ὑπογράψει

1324 900 1372 935 Et
1395 899 1482 935 illud
1506 909 1587 935 vero
1612 899 1849 945 praevidimus
1879 908 1943 944 pro
1972 898 2213 934 subiectorum
2239 896 2335 932 utili-

1257 949 1332 981 tate
1356 946 1547 990 corrigere,
1581 948 1620 980 ut
1645 945 1674 980 si
1698 955 1769 990 qua
1792 944 1917 980 mulier
1948 944 2072 980 crediti
2102 943 2335 979 instrumento

1256 992 1456 1027 consentiat
1478 990 1621 1036 proprio
1645 992 1718 1026 viro
1743 994 1805 1025 aut
1829 990 1963 1025 scribat
1990 994 2025 1025 et
2047 989 2228 1034 propriam
2251 989 2335 1023 sub-

104 1038 164 1067 καὶ
188 1048 256 1078 την
279 1036 415 1070 οἰκείαν
438 1042 647 1081 περιουσίαν
672 1052 692 1080 η
719 1041 778 1071 καὶ
802 1039 935 1092 ἑαυτην
958 1039 1083 1080 ἔνοχον
1107 1051 1184 1072 ποι·
1206 1042 1242 1072 15
1257 1036 1426 1072 stantiam
1460 1039 1524 1072 aut
1558 1046 1597 1071 se
1632 1036 1746 1081 ipsam
1783 1035 1972 1080 obligatam
2008 1034 2135 1078 faciat,
2174 1034 2336 1070 iubemus

104 1078 193 1134 1ἐσει,
218 1079 404 1125 κελεύομεν
420 1079 535 1125 μηδὲν
556 1084 722 1117 τοιοῖτον
741 1083 875 1125 ἰσχύειν
900 1098 920 1126 η
939 1086 1092 1127 κρατεῖν,
1117 1082 1186 1116 εἴτε

105 1125 205 1166 απαξ
228 1126 299 1160 εἴτε
323 1124 491 1161 πολλάκις
515 1129 658 1161 τοιοῖτό
683 1142 718 1162 τι
746 1126 833 1173 irrep
857 1130 920 1162 τοῦ
944 1126 1052 1163 αὑτοῦ
1074 1127 1186 1174 πράγ-

103 1182 214 1214 ματος
245 1174 410 1217 γένηται,
443 1172 514 1206 εἴτε
546 1172 734 1207 ἰδιωτικὸν
766 1175 835 1208 εἴτε
860 1173 1034 1216 δημόσιον
1065 1174 1116 1216 εἴη
1144 1173 1185 1206 τὸ

104 1214 267 1270 ᾇῐφλημα,
292 1213 373 1250 ἀλλ’
392 1213 507 1251 οὕτως
530 1218 621 1252 εἶναι
646 1216 694 1252 ὠς
719 1216 765 1252 ἅν
790 1221 820 1272 εί
836 1218 926 1262 μηδὲ
943 1221 1188 1265 γεγραμμένον

1255 1082 1457 1117 nullatenus
1489 1082 1690 1117 huiusmodi
1722 1081 1840 1116 valere
1869 1085 1933 1116 aut
1964 1083 2097 1124 tenere,
2133 1080 2205 1116 sive
2228 1078 2337 1115 semel

1256 1128 1327 1163 sive
1352 1126 1556 1162 multotiens
1582 1127 1782 1162 huiusmodi
1806 1125 1938 1171 aliquid
1962 1136 2026 1171 pro
2051 1125 2173 1160 eadem
2202 1134 2240 1160 re
2262 1124 2336 1166 fiat,

1256 1173 1328 1208 sive
1345 1173 1519 1217 privatum
1544 1173 1616 1208 sive
1634 1173 1813 1217 publicum
1838 1172 1885 1207 sit
1905 1171 2073 1211 debitum,
2098 1170 2160 1207 sed
2185 1170 2234 1206 ita
2258 1179 2337 1205 esse

1255 1229 1296 1253 ac
1323 1218 1352 1252 si
1378 1228 1490 1263 neque
1515 1218 1686 1263 scriptum
1708 1219 1817 1254 esset:
1855 1217 1923 1252 nisi
1947 1216 2134 1252 manifeste
2165 1216 2338 1269 probetur

104 1274 160 1302 ην,
193 1263 223 1294 εί
249 1261 307 1316 μὴ,
331 1263 492 1314 φανερῶς
515 1260 760 1307 ἇποδειχθιιη,
794 1280 849 1297 ιιιι
882 1279 921 1298 ιιι
948 1278 1112 1307 χρηματα
1142 1265 1188 1298 εἰς
1201 1267 1242 1299 20
1257 1263 1339 1309 quia
1364 1263 1532 1308 pecuniae
1556 1264 1591 1299 in
1614 1264 1759 1309 propria
1782 1262 1893 1308 ipsius
1917 1262 2076 1298 mulieris
2102 1262 2255 1298 utilitate
2275 1270 2335 1297 ex-

104 1304 196 1341 idias
219 1319 327 1349 αυτηε
351 1319 413 1350 τηε
435 1310 602 1354 γυναικὸς
630 1315 745 1354 χρείας
770 1308 998 1353 ἐδαπανήθη.

1256 1318 1388 1354 pensae
1413 1313 1507 1343 sunt.

1107 1445 1263 1480 CAPUT
1285 1444 1347 1479 lx.

157 1519 368 1568 Ἀναγκαῖον
393 1522 432 1556 δὲ
455 1525 649 1568 νομίζομεν
681 1523 823 1559 κιῖκεῖνο
856 1526 1075 1571 προΐηκούσῃ
1107 1528 1187 1567 βοη-

103 1568 190 1611 θείᾳ
222 1570 504 1611 ἐπανορθῶσαι,
541 1571 599 1603 ἵνα
631 1569 785 1613 μηδεμία
818 1570 900 1616 γυνη
939 1573 1019 1614 περὶ
1051 1568 1187 1611 elevans<

103 1627 191 1648 ποτε
224 1615 433 1666 πράγματος
464 1616 681 1659 χρηματικοῧ
715 1617 752 1655 ἐξ
775 1614 988 1670 οἱονδηίποτε
1020 1615 1189 1660 ἄρχοντος

1303 1523 1551 1558 Necessarium
1576 1533 1657 1558 vero
1675 1523 1849 1558 credimus
1871 1526 1909 1559 et
1931 1522 2016 1558 illud
2039 1522 2252 1568 competenti
2275 1522 2338 1558 ad-

1259 1570 1387 1604 iutorio
1424 1568 1628 1610 emendare.
1667 1573 1707 1604 ut
1742 1569 1839 1604 nulla
1875 1568 1999 1604 mulier
2034 1568 2078 1603 de
2111 1567 2268 1613 qualibet
2299 1576 2338 1603 re

1258 1614 1460 1650 includatur
1492 1617 1555 1649 aut
1588 1613 1821 1650 custodiatur.
1870 1614 1939 1649 Sed
1964 1614 1993 1649 si
2017 1613 2158 1659 quidem
2189 1623 2254 1658 pro
2278 1613 2338 1648 tis·

103 1658 301 1713 ἐγκλειήῃι
328 1674 348 1701 η
375 1658 607 1704 φυλάττηται.
657 1658 735 1694 ἀλλ’
757 1663 790 1715 εἰ,
806 1663 872 1704 μὲν
891 1662 980 1714 νπὲρ
1005 1658 1188 1712 δημοσίων
1203 1664 1244 1695 25
1260 1661 1393 1695 calibus
1418 1660 1545 1694 debitis
1570 1664 1632 1694 aut
1653 1660 1797 1704 privatis
1823 1659 1984 1704 pulsetur
2010 1658 2203 1694 secundum
2227 1658 2338 1703 legem

102 1706 218 1749 χρεῶν
243 1718 263 1746 η
288 1702 485 1739 ἰδιωτικῶν
509 1707 679 1760 έναχθείη
704 1720 794 1740 κατα
820 1707 887 1740 τὸν
905 1719 1017 1748 νυμον
1044 1720 1061 1747 η
1087 1708 1186 1751 γυνη,

102 1748 126 1782 τ’
151 1747 209 1782 διὰ
236 1751 299 1783 τοῦ
326 1747 458 1793 ἀνδρὸς
490 1749 509 1791 ἢ
534 1748 569 1783 δι
609 1751 735 1793 ε’(ιινῐῆς
765 1749 786 1794 ἢ
817 1748 868 1785 δι’
895 1752 970 1785 οἴου
1002 1749 1071 1783 dciv
1102 1751 1185 1794 βοί·

103 1764 200 1828 λοιτο
232 1791 422 1839 neo-'ainau
448 1800 606 1838 νομίμων·
635 1793 892 1839 ἀποκρινέσθω
925 1799 982 1829 καὶ
1008 1794 1186 1829 &coensium

102 1840 145 1873 τὸ
179 1841 336 1886 πρᾶγμα.
386 1840 416 1873 ει’
446 1838 485 1874 δὲ
516 1844 574 1874 καὶ
606 1838 695 1886 χήρα
727 1842 778 1883 εἴη
813 1839 833 1883 ἦ
863 1840 952 1884 μηδὲ
982 1841 1050 1883 τὴν
1074 1838 1187 1885 ἀρχην

170 1943 196 1964 c.
220 1931 311 1964 VIII
329 1932 447 1965 habent
473 1932 650 1966 Prochiron
676 1935 707 1973 9,
727 1941 773 1971 20.
800 1934 1004 1977 Epunaqoqe
1031 1934 1081 1973 13,
1099 1940 1145 1966 29.

1257 1706 1393 1747 mulier,
1430 1711 1492 1740 aut
1529 1715 1591 1749 per
1625 1704 1736 1740 virum
1771 1715 1874 1740 suum
1910 1708 1973 1740 aut
2008 1714 2071 1749 per
2105 1714 2144 1740 se
2178 1708 2241 1739 aut
2275 1714 2340 1749 per

1257 1761 1361 1795 quam
1380 1750 1530 1785 voluerit
1555 1759 1741 1794 personam
1766 1750 1918 1792 legitime
1943 1749 2155 1795 respoudeat
2171 1754 2206 1784 et
2222 1751 2339 1785 trans-

1257 1796 1330 1839 igat
1355 1806 1438 1831 rem.
1477 1796 1512 1830 Si
1533 1806 1614 1830 vero
1641 1795 1746 1830 vidua
1770 1796 1816 1831 sit
1839 1798 1902 1831 aut
1925 1806 1996 1832 non
2020 1806 2042 1831 a
2066 1794 2238 1841 principio
2262 1795 2338 1831 viro

172 1988 198 2009 c.
218 1977 275 2009 IX
296 1983 383 2009 extat
407 1976 442 2009 Β
456 1977 546 2017 6,19,
560 1986 587 2011 ἵ.
614 1997 656 2002 -
682 1979 843 2011 Summam
870 1979 945 2011 Alli.
972 1985 1116 2021 repetunt
1136 1978 1297 2019 paratitlo
1315 1979 1389 2011 Ath.
1407 1980 1426 2011 5
1446 1983 1517 2016 §¹0-

103 2109 280 2155 perinms,
314 2111 353 2143 ut
383 2107 578 2143 creditores
601 2107 800 2143 debitorum
825 2108 955 2143 liberos
979 2107 1032 2143 vel
1054 2107 1094 2159 pi
1122 2107 1222 2141 noris
1251 2106 1331 2141 loco
1364 2105 1420 2141 vel
1448 2106 1497 2141 ad
1527 2108 1654 2142 servile
1686 2108 1920 2143 ministerium
1952 2107 2111 2145 detinere
2141 2108 2198 2145 vel
2219 2108 2341 2146 locare

105 2154 274 2194 audeaut,
299 2152 368 2188 hoc
393 2154 557 2188 omnibus
579 2153 694 2187 modis
715 2152 957 2199 prohibemus,
989 2158 1025 2187 et
1049 2163 1084 2186 m
1110 2161 1224 2192 emus,
1256 2152 1290 2185 si
1310 2151 1391 2197 quis
1417 2151 1487 2186 tale
1511 2152 1599 2197 quid
1621 2153 1851 2194 commiserit,
1884 2164 1963 2188 eum
1986 2164 2057 2188 uon
2081 2153 2198 2189 solum
2222 2154 2339 2190 debito

103 2199 255 2246 privari,
278 2198 343 2234 sed
365 2199 470 2233 etiam
497 2199 531 2232 in
551 2199 700 2233 alteram
726 2203 861 2233 tantam
888 2197 1121 2243 quantitatem
1146 2195 1377 2231 condemnari
1401 2195 1556 2232 dandam
1583 2197 1616 2232 ei
1639 2198 1703 2243 qui
1726 2197 1770 2232 ab
1787 2208 1827 2233 eo
1849 2197 2029 2234 detinetur
2052 2198 2108 2234 vel
2127 2199 2340 2245 parentibus

106 2246 193 2287 cius,
218 2250 253 2278 et
276 2245 424 2323 insuper
447 2245 551 2279 etium
578 2243 830 2289 corporalibus
847 2242 978 2288 poenis
1001 2253 1078 2277 eum
1103 2252 1126 2276 a
1150 2241 1421 2294 rttaqistratibtts
1445 2241 1603 2276 locorum
1626 2242 1751 2284 subici,
1780 2243 1950 2288 quoniam
1976 2243 2123 2279 liberam
2143 2256 2337 2291 personam

101 2301 174 2336 pro
200 2289 318 2324 debito
343 2302 353 2324 t

241 2334 337 2369 vl11.

367 2289 501 2324 canere
526 2289 580 2324 vel
603 2288 726 2323 locare
750 2287 806 2324 vel
821 2288 1022 2334 piyuerare
1045 2296 1156 2321 ausus
1178 2291 1236 2322 sit.

395 2334 523 2370 Verum
550 2333 639 2368 illud
662 2343 806 2385 quoque
827 2344 896 2379 pro
921 2332 1157 2367 subiectorum
1182 2331 1334 2367 utilitate
1355 2330 1545 2367 emendare
1569 2332 1670 2367 uobis
1694 2332 1805 2368 visum
1826 2338 1890 2375 est,
1923 2337 1963 2369 ut
1986 2333 2018 2368 si
2037 2344 2111 2380 qua
2143 2334 2272 2370 mulier
2302 2336 2339 2370 in

106 2381 341 2414 instrumento
367 2379 494 2414 crediti
517 2385 735 2414 consenserit
766 2389 843 2414 vtro
868 2388 935 2412 suo
959 2383 1024 2412 aut
1045 2376 1296 2422 subscripserit
1327 2379 1361 2411 ct
1378 2377 1572 2456 propriam
1596 2376 1834 2412 substantiam
1867 2378 1924 2414 vel
1945 2378 2051 2414 etiam
2075 2389 2114 2414 se
2137 2380 2253 2425 ipsam
2278 2379 2337 2416 ob—

108 2424 285 2476 liqaverit,
318 2424 501 2459 iubeamus
525 2423 615 2458 niltil
637 2423 814 2459 eiusmodi
838 2423 955 2458 valere
978 2427 1042 2457 aut
1066 2421 1235 2463 obtinere,
1262 2421 1336 2456 sive
1359 2432 1452 2456 seme

1488 2421 1561 2456 sire
1583 2422 1730 2468 saepius
1754 2423 1824 2458 tale
1848 2423 1937 2469 quid
1957 2434 2029 2476 prp
2053 2423 2175 2460 eadem
2199 2435 2239 2460 re
2258 2425 2338 2470 fiat,

107 2480 180 2505 sive
201 2469 383 2516 privatum
408 2470 481 2505 sive
498 2469 684 2520 publicum
707 2469 755 2503 sit
778 2468 951 2519 debitunt,
975 2466 1047 2518 ..sed
1063 2466 1218 2512 perinde
1241 2466 1365 2501 haberi
1388 2476 1432 2500 ac
1455 2466 1487 2501 si
1510 2467 1683 2512 scriptum
1707 2478 1781 2502 non
1805 2472 1915 2511 esset,
1939 2469 2008 2504 nist
2033 2469 2227 2515 manifeste
2243 2481 2338 2517 pro-

108 2515 211 2551 betur
232 2516 422 2561 pecuniam
448 2515 484 2548 in
506 2524 680 2565 proprios
703 2514 818 2560 ipsius
841 2513 1000 2564 mulieris
1023 2522 1110 2547 usus
1133 2517 1379 2565 consumptam
1403 2522 1488 2546 esse.
1519 2557 1525 2563 ι
1547 2556 1552 2562 1

242 2559 305 2595 ΙΧ.
355 2559 605 2594 Necessarium
635 2563 753 2594 autem
784 2558 947 2593 ducimus
977 2557 1069 2592 illud
1099 2567 1242 2602 quoque
1274 2556 1401 2591 idoneo
1433 2556 1576 2591 ausculto
1601 2556 1806 2600 emendare,
1838 2558 2004 2594 utnulla
2036 2558 2165 2595 mulier
2194 2558 2238 2596 de
2262 2559 2338 2596 ulla

108 2616 219 2640 causa
241 2605 455 2651 pecuniaria
478 2603 523 2639 ab
548 2604 621 2639 ullo
645 2604 860 2649 maqistratu
884 2602 1090 2637 includatur
1115 2602 1168 2637 vel
1191 2601 1424 2637 custodiatur.

1195 2647 1308 2682 virum
1339 2647 1395 2682 vet
1418 2657 1490 2692 per
1513 2657 1551 2682 se
1578 2646 1634 2681 vel
1653 2658 1722 2693 per
1746 2647 2040 2727 iaalemcumque
2060 2659 2255 2696 personam
2278 2661 2337 2688 vo-

1151 2691 1230 2727 odsi
1250 2692 1355 2727 etiam
1381 2691 1489 2727 vidua
1508 2692 1557 2727 sit
1580 2691 1635 2727 vel
1657 2703 1701 2728 ne
1724 2704 1747 2728 a
2095 2695 2102 2701 ‘

109 2650 236 2686 debitis
258 2649 451 2685 secundum
475 2650 587 2695 lcqem
612 2649 739 2684 mulier
762 2649 1006 2689 conveniatur,
1030 2648 1085 2682 vel
1133 2657 1172 2682 er

109 2696 216 2731 luerit
239 2695 395 2740 leqitime
417 2694 635 2741 respondeat
658 2699 692 2730 et
715 2705 859 2729 causam
878 2699 1047 2739 pet-ayat.
1094 2657 1149 2736 ὅν

180 2833 195 2866 l
221 2831 266 2864 τὰ
293 2832 399 2863 τέκνα
430 2827 464 2862 οἱ
495 2826 679 2861 δανεισταὶ
705 2828 756 2861 B!
779 2828 791 2870 11
821 2829 981 2868 κατέχειν
1009 2824 1191 2869 τολμῶσιν

111 2878 142 2911 L
161 2877 173 2918 fl
190 2877 209 2910 2
224 2872 423 2919 ι”πηρεσίαν
439 2870 475 2916 ἢ]
492 2870 512 2914 ἦ
531 2887 590 2906 om.
603 2874 652 2906 B!
666 2874 678 2915 ΙΙ
697 2875 715 2906 3
728 2872 948 2915 μισθοῖ-ντες
963 2873 1011 2904 B⁸
1022 2884 1052 2904 υ.
1065 2873 1096 2910 1.,
1114 2882 1190 2904 con-

110 2922 298 2955 ductionem
325 2923 358 2959 (i.
374 2933 398 2953 e.
423 2918 626 2960 μίσθωσιν)
652 2931 669 2954 ς
691 2919 702 2960 ΙΙ
731 2915 862 2960 λύομεν
889 2918 931 2949 Μ
949 2916 961 2959 ΙΙ
993 2919 1011 2949 5
1037 2918 1108 2957 καὶ]
1132 2918 1191 2949 καὶ

111 2967 158 2999 είς
187 2967 241 3005 Bt,
267 2978 324 2997 om.
339 2977 357 3000 ς
380 2964 393 3006 ΙΙ
423 2966 443 2996 6
467 2959 776 3003 καταδικάζεσθαι
801 2959 1054 3004 δοθησομένην
1079 2961 1148 2995 LB
1159 2963 1190 3002 ς]

111 3007 443 3051 καταδικαζομένην
472 3005 704 3049 δοθήσεσθαι
730 3007 775 3040 Μ
799 3006 811 3048 ΙΙ
840 3010 856 3039 'l
879 3005 970 3049 μετὰ
1000 3006 1109 3039 τοῦτο
1131 3009 1191 3039 καὶ

113 3069 170 3088 om.
192 3056 220 3087 L
244 3054 255 3097 ΙΙ
284 3058 302 3086 b
326 3051 643 3095 καθυποβάλλουσι
668 3053 717 3084 L⁰
752 3048 1085 3094 καθυποβάλεσθαι
1110 3050 1158 3084 L⁰
1180 3050 1191 3095 ΙΙ

113 3106 133 3134 9
149 3099 226 3133 τῶν
243 3119 281 3122 -
296 3096 497 3142 ἀρχόντων]
522 3098 630 3130 iudice
655 3109 674 3133 ς
690 3097 702 3139 11
720 3096 835 3130 τόπον
860 3110 918 3129 om.
935 3097 979 3128 M
990 3096 1002 3139 ΙΙ
1021 3098 1058 3130 11
1078 3096 1190 3138 ἐνεχυ-

113 3143 222 3187 ράσαι
250 3145 297 3176 B·
315 3143 327 3187 ΙΙ
346 3144 443 3185 12sq.
464 3140 615 3175 Κάκεῖνο
635 3161 675 3165 -
693 3141 753 3174 ἵνα
777 3154 835 3174 om.
854 3141 902 3174 B'
919 3141 1036 3174 Proch.
1050 3142 1084 3174 E
1106 3154 1158 3174 an.
1181 3142 1191 3179 !{

114 3188 152 3223 δὲ
177 3203 233 3222 om.
250 3189 316 3221 ΕΒ
335 3188 347 3231 ΙΙ
363 3184 565 3229 συνίδωμεν
583 3186 634 3220 ΒΓ
655 3187 667 3229 ΙΙ
688 3189 728 3221 14
745 3188 936 3232 συναινε’σῃ
954 3186 1062 3229 Εραη.
1078 3154 1191 3229 ᾔίδίῳ

117 3235 231 3268 ΡιοοΙι.
257 3234 366 3276 Epan.
384 3236 394 3274 ΙΙ
413 3231 608 3278 ὑπογράφῃ
628 3233 737 3274 Epan.
771 3231 894 3264 scribat
918 3231 966 3273 ςΙΙ
987 3233 1026 3265 15
1051 3233 1110 3263 καὶ
1134 3243 1190 3264 om.

118 3281 144 3313 L
163 3281 174 3321 11
199 3278 346 3318 οἰκείαν]
371 3273 479 3318 αὐτῆς
498 3278 527 3310 L
553 3275 650 3310 ἰδίαν
667 3278 779 3310 Proch.
795 3289 875 3309 unus
892 3276 904 3317 ΙΙ
922 3276 1045 3316 ἔνοχον
1062 3273 1191 3317 ποιήση

118 3323 162 3357 L⁶
188 3324 429 3364 ἐιόχοποιῇσει
444 3323 558 3355 Procli.
573 3323 680 3365 Epan.
701 3321 713 3365 ΙΙ
731 3323 772 3355 16
786 3334 832 3364 sq.
854 3319 1041 3364 κελεύομεν
1055 3340 1098 3344 -
1109 3333 1192 3364 κρα-

115 3372 201 3409 τεῖν]
222 3365 325 3401 οἶδὲ-ν
341 3368 506 3400 τοιοῖτον
523 3364 635 3408 ἰσχύει
651 3362 674 3408 ἢ
690 3369 812 3410 κρατεῖ
827 3367 939 3399 Procli.
957 3365 969 3410 ΙΙ
992 3368 1029 3400 17
1047 3364 1191 3400 τοιοῦτό

115 3417 163 3456 τι]
193 3415 356 3447 τοιοῦτον
383 3413 496 3445 Procli.
519 3413 625 3455 Epan.
660 3411 715 3450 (τὸ
739 3411 904 3444 τοιοῦτον
927 3411 1044 3444 Procli.
1066 3412 1159 3453 unus)

120 3462 157 3493 18
171 3456 288 3491 ἰδικὸν
305 3459 419 3490 Procli.
434 3458 541 3498 Epan.
560 3457 572 3499 ΙΙ
594 3459 632 3490 19
648 3455 803 3501 ὄφλημα]
825 3458 922 3498 χρέος
935 3456 1050 3488 Procli.
1062 3412 1192 3499 Epami}

117 3505 133 3535 έ
155 3506 398 3548 γεγραμμένον
421 3502 471 3535 ΒΓ
485 3502 497 3540 ΙΙ
516 3504 556 3535 20
575 3499 810 3543 ἀποδειχθείη
826 3502 882 3542 M]

118 3517 235 3582 ἔνοεὴ.
264 3549 370 3591 Εριιιι.
400 3548 412 3590 11
442 3550 479 3580 21
509 3544 799 3588 ἐδαπανήθησαν
822 3547 871 3579 Βδ
895 3559 922 3579 υ.
942 3547 962 3579 l.
997 3542 1192 3587 ἐδανείσθη

118 3593 233 3626 Procli.
260 3594 365 3634 Epan.
392 3590 671 3634 (έδανείσθησαν
693 3593 808 3625 Procli.
823 3594 917 3631 unus)
934 3591 945 3633 ΙΙ
964 3593 1006 3625 24
1026 3603 1193 3634 χρηματι-

118 3638 180 3670 κοῦ
207 3657 242 3661 -
273 3637 442 3681 ἄρχοντος
466 3651 523 3670 om.
549 3650 569 3674 ς
594 3637 606 3680 ΙΙ
631 3639 673 3670 26
697 3635 765 3670 τὸν
789 3636 975 3679 om.LBsu
1000 3633 1021 3677 ἡ
1047 3649 1105 3669 om.
1132 3636 1161 3668 L
1184 3634 1196 3679 ΙΙ

119 3683 159 3715 2Ἱ
187 3679 244 3715 διὰ
272 3684 334 3716 τοῦ
361 3681 501 3726 ἀνδρὸς]
527 3693 584 3725 per
608 3683 711 3714 virum
738 3692 831 3714 suum
858 3680 907 3724 5ss
932 3678 953 3722 ἢ
977 3676 1027 3713 δι’
1053 3680 1126 3714 οἱόυ
1151 3699 1194 3706 -

119 3727 220 3768 684‚1
246 3725 296 3761 δι’
323 3728 446 3770 ἑαυτῆ.-
471 3742 527 3761 οηι.
554 3728 633 3771 ΒῦΙΙ
660 3729 700 3762 28
725 3730 883 3770 νομίμως
907 3739 964 3759 orn.
980 3726 1030 3759 Bt

1482 2601 1612 2636 Verum
1635 2602 1667 2636 si
1690 2602 1833 2648 quidem
1862 2614 1934 2649 pro
1952 2603 2112 2650 publicis
2138 2605 2338 2651 privatisve

1786 2693 1889 2728 initio
1908 2693 2050 2739 quidem
2066 2705 2145 2731 mro
2162 2696 2338 2743 nupserit,

1308 2828 1320 2859 1
1337 2825 1422 2857 filias
1442 2827 1457 2857 b
1476 2825 1488 2868 Ι]
1506 2827 1525 2859 2
1539 2826 1574 2858 in
1591 2826 1724 2869 pignus]
1742 2827 1778 2861 in
1795 2841 1852 2862 om.
1864 2828 1973 2872 R¹Tn
1990 2829 2145 2863 seruilem
2162 2833 2178 2864 b
2198 2830 2211 2875 ΙΙ
2226 2831 2337 2865 miste-

1259 2871 1344 2903 rium
1368 2870 1421 2912 ΤΙΙ
1438 2872 1508 2912 aut]
1533 2871 1643 2903 autin
1666 2872 1790 2915 Vvulq.
1809 2872 1821 2916 ΙΙ
1839 2873 2064 2907 condicionem
2089 2879 2106 2909 b
2123 2877 2136 2919 fl
2155 2878 2174 2910 3
2200 2878 2259 2910 hee
2281 2890 2303 2910 v
2326 2878 2337 2918 ll

1259 2918 1279 2948 4
1301 2915 1475 2956 reliquerit
1499 2918 1517 2949 b
1534 2915 1546 2959 ΙΙ
1564 2919 1583 2950 5
1601 2919 1725 2949 tantam
1743 2917 1835 2951 [ΡΤ
1841 2919 1866 2959 ²]
1890 2921 2020 2952 tantum
2043 2921 2101 2953 Vb
2113 2934 2133 2954 v
2158 2923 2267 2954 tamen
2287 2923 2319 2955 T
2326 2923 2336 2943 ²

1259 2964 1314 2993 t··
1342 2960 1391 2992 Β*
1408 2960 1421 3003 ΙΙ
1437 2960 1504 2993 alia
1529 2963 1546 2994 b
1564 2961 1576 3005 ss
1600 2962 1722 2995 adiciat
1748 2963 1885 3007 Tvulq]
1911 2964 2055 2997 addiciat
2080 2965 2128 2998 R²
2163 2966 2336 3000 addicatur

1261 3005 1306 3038 [ἐι
1319 3005 1372 3038 Vv
1396 3005 1567 3039 abdicatur
1593 3009 1610 3040 b
1627 3007 1640 3050 fl
1665 3009 1685 3040 6
1709 3008 1817 3040 danda
1836 3008 1886 3041 R¹
1901 3011 1917 3041 b
1934 3008 1946 3052 ΙΙ
1965 3012 2145 3052 retemptus
2163 3013 2180 3043 b
2204 3014 2334 3044 senten-

1259 3056 1311 3083 tus
1335 3063 1355 3082 v
1372 3049 1384 3092 ΙΙ
1401 3052 1471 3092 aut]
1494 3054 1553 3084 aut
1575 3062 1595 3084 a
1620 3052 1652 3085 Τ
1673 3052 1685 3095 ΙΙ
1714 3055 1731 3085 7
1758 3053 1817 3085 hec
1839 3053 1903 3086 VT
1921 3054 1932 3096 ΙΙ
1950 3065 2071 3096 poenas
2094 3068 2115 3087 υ
2133 3054 2145 3098 ΙΙ
2161 3055 2226 3097 ipsi
2251 3058 2301 3088 bv
2323 3055 2336 3101 Ι

1260 3098 1278 3129 8
1302 3095 1430 3128 subsidi
1449 3108 1471 3128 v
1488 3095 1500 3140 ΙΙ
1516 3096 1657 3130 iudicem
1681 3099 1698 3129 b
1723 3097 1848 3130 iudicet
1871 3110 1892 3130 v
1910 3098 1922 3141 ΙΙ
1938 3109 1998 3141 pro
2022 3112 2079 3132 om.
2098 3100 2148 3132 Τι
2163 3099 2175 3143 ΙΙ
2195 3102 2215 3134 9
2240 3111 2334 3143 prae-

1259 3140 1398 3183 sumpsit
1423 3142 1440 3173 b
1452 3153 1473 3174 υ
1490 3141 1503 3184 ΙΙ
1519 3141 1695 3184 pignerare
1721 3144 1738 3174 b
1755 3142 1768 3185 ΙΙ
1795 3144 1835 3176 12
1854 3143 1901 3174 Et
1922 3156 1979 3175 om.
1998 3145 2014 3175 b
2027 3157 2048 3176 υ
2066 3144 2077 3182 11
2094 3155 2171 3177 vero
2195 3158 2252 3178 om.
2268 3147 2299 3178 R

1259 3185 1439 3217 utilitatem
1456 3188 1474 3219 b
1494 3186 1685 3218 humilitate
1706 3186 1738 3219 V
1750 3186 1762 3230 ΙΙ
1782 3188 1822 3221 13
1839 3187 1979 3220 credidit
1997 3190 2013 3221 b
2030 3189 2042 3230 ΙΙ
2060 3189 2276 3223 instrumenti
2291 3146 2336 3233 vfl

1263 3233 1302 3264 14
1326 3229 1497 3273 proprium
1524 3233 1540 3263 b
1571 3230 1584 3274 ΙΙ
1611 3242 1689 3263 uero
1715 3234 1766 3264 bv
1794 3231 1806 3275 ΙΙ
1836 3233 1895 3276 leq.
1920 3233 2126 3266 subscribat?
2150 3234 2162 3277 ΙΙ
2197 3236 2236 3269 15
2260 3235 2334 3278 ipsa

1268 3275 1317 3308 1⁷¹
1341 3275 1353 3318 ΙΙ
1382 3278 1418 3308 1'1
1445 3275 1545 3308 huius
1571 3276 1602 3308 R
1619 3276 1631 3318 ΙΙ
1655 3275 1768 3317 aliqua
1790 3289 1811 3309 v
1826 3277 1838 3320 ΙΙ
1857 3288 1923 3310 rem
1949 3280 1999 3310 bv
2034 3279 2161 3320 aliquid
2183 3291 2220 3312 re
2246 3281 2299 3313 Ta
2322 3280 2327 3321 Ι

1263 3321 1302 3354 18
1319 3320 1364 3352 sic
1383 3322 1400 3352 b
1418 3320 1431 3362 {l
1448 3320 1607 3361 debitum]
1633 3320 1779 3353 debitum
1796 3322 1840 3354 sit
1860 3322 1907 3355 T¹
1925 3323 1936 3364 ΙΙ
1957 3324 1997 3356 19
2017 3325 2065 3364 ac]
2090 3325 2151 3357 hac
2169 3327 2185 3357 b
2210 3325 2270 3358 hec
2285 3338 2306 3358 υ
2321 3325 2325 3369 Ι

1260 3376 1327 3398 esse
1353 3367 1369 3397 b
1382 3378 1402 3397 v
1421 3364 1433 3407 ΙΙ
1449 3365 1525 3406 nisi]
1549 3365 1577 3398 si
1597 3376 1664 3398 non
1688 3379 1708 3398 v
1727 3366 1738 3409 ΙΙ
1754 3367 1913 3409 probatur
1931 3368 1962 3400 Τ
1972 3367 1982 3387 ¹
2006 3369 2200 3410 probabitur
2223 3382 2243 3402 υ
2261 3370 2273 3413 ll
2290 3371 2331 3404 20

1260 3410 1400 3453 pecunia
1422 3422 1443 3442 υ
1475 3421 1506 3452 p.
1532 3411 1565 3450 (i.
1584 3422 1610 3443 e.
1634 3410 1807 3452 publicat)
1831 3412 1880 3445 V·
1909 3412 1921 3455 ΙΙ
1949 3412 1986 3445 in
2009 3426 2100 3447 om.v
2128 3414 2141 3457 ΙΙ
2170 3414 2273 3456 ipsius
2295 3415 2331 3448 in

1226 3482 1228 3488 ι
1261 3454 1394 3498 propria
1422 3455 1453 3488 T
1474 3457 1485 3496 u
1516 3455 1682 3498 propriam
1714 3457 1797 3498 vulq.
1829 3456 1841 3498 ΙΙ
1870 3457 2047 3490 utilitatem
2078 3461 2095 3492 b
2119 3460 2206 3502 vulg).
2235 3459 2247 3502 ΙΙ
2276 3470 2331 3492 ex-

908 3497 1110 3544 ἇποδειχθῇ
1126 3501 1193 3534 LB
1226 3495 1229 3548 ἱ

1262 3510 1361 3543 pensa
1383 3512 1404 3532 υ
1431 3499 1443 3540 ΙΙ
1475 3501 1512 3533 21
1540 3500 1608 3532 sint
1632 3502 1682 3533 bv
1709 3500 1721 3545 ΙΙ
1754 3502 1795 3535 22
1825 3502 2023 3536 credidimus
2044 3516 2065 3536 v
2102 3504 2249 3537 crededit
2273 3508 2290 3537 b
2321 3509 2333 3548 u

1261 3545 1356 3577 illum
1378 3557 1400 3577 v
1417 3544 1429 3587 ll
1446 3544 1647 3578 adiutorium
1672 3548 1690 3579 b
1705 3546 1717 3589 ll
1737 3548 1779 3581 23
1800 3547 1965 3580 emendari
1987 3561 2009 3581 v
2026 3551 2038 3591 ΙΙ
2055 3553 2093 3582 ut
2117 3562 2174 3582 om.
2191 3552 2208 3582 b
2226 3550 2238 3593 ΙΙ
2255 3549 2332 3583 nul·

1263 3591 1326 3621 lam
1352 3591 1369 3623 b
1387 3589 1400 3632 {l
1415 3589 1455 3622 de
1479 3602 1537 3623 om.
1550 3603 1571 3622 υ
1589 3590 1601 3632 ΙΙ
1616 3601 1684 3623 rem
1709 3593 1726 3624 b
1744 3591 1756 3634 ΙΙ
1773 3593 1815 3626 26
1839 3603 1898 3636 per
1917 3606 1975 3626 om.
1991 3594 2039 3626 12¹
2058 3595 2069 3637 ΙΙ
2085 3604 2179 3626 ειιιιιη
2204 3608 2261 3628 om.
2280 3594 2332 3640 Vfl

1264 3637 1302 3669 27
1327 3645 1483 3676 personae
1503 3647 1524 3667 v
1548 3634 1561 3678 ΙΙ
1587 3634 1712 3676 legitiffi
1736 3637 1770 3669 V
1797 3637 1978 3679 legitimam
2002 3639 2062 3672 hec
2086 3641 2104 3672 b
2129 3639 2142 3678 ΙΙ
2168 3642 2333 3682 transgre-

1264 3680 1332 3712 diat
1355 3692 1375 3712 υ
1399 3679 1411 3723 ΙΙ
1439 3681 1480 3713 28
1505 3682 1584 3719 rem]
1610 3691 1683 3712 nam
1707 3693 1727 3713 υ
1750 3681 1763 3725 ΙΙ
1786 3683 1921 3716 uiduam
1948 3683 1966 3714 b
1974 3696 2028 3728 pr.
2053 3684 2170 3717 uiduat
2190 3685 2240 3718 V·
2263 3686 2275 3728 ΙΙ
2299 3687 2331 3727 a]

1229 3736 1232 3755 t
1264 3725 1305 3757 ad
1330 3727 1347 3758 b
1363 3725 1375 3767 ΙΙ
1393 3726 1571 3758 coniuncta
1595 3726 1669 3758 uiro
1694 3726 1726 3759 T

1994 3784 2063 3815 86*
