2618 4010
168 147 226 176 DE
257 145 431 178 NUPTHS
1249 130 1325 176 155
1966 135 2074 178 Nov.
2107 136 2233 177 XXII
2255 138 2317 177 14.
2355 138 2402 176 15

166 247 186 280 1
245 244 299 279 Αἱ
319 246 387 289 μὲν
419 237 484 278 οὖν
509 246 768 290 ἐπιεικέστεραι
799 244 877 278 τῶν
907 242 1037 292 γάμων
1062 242 1251 288 διαλύσεις,
1322 247 1343 281 1
1400 245 1563 282 Mitiores
1592 244 1714 290 itaque
1747 246 1950 291 nuptiarum
1975 247 2188 291 solutiones,
2221 249 2402 291 tamquam

166 286 205 324 ἃς
228 291 358 336 γενικῷ
384 303 458 324 τινι
484 287 576 336 λόγῳ
611 286 696 342 ὑπὸψ
711 287 778 332 τὴν
803 289 897 343 bona
920 290 1035 334 gratia
1057 293 1253 338 γινομένην
1321 292 1477 335 generali
1502 291 1655 337 quadam
1679 292 1817 326 ratione
1841 293 1907 327 sub
1941 292 2036 328 bona
2058 293 2174 337 gratia
2198 292 2304 327 factis
2330 291 2401 327 dis-

167 331 346 378 διάζευξιν
370 331 568 376 ἀνοιστεόν,
594 337 764 368 τοιαυταί
785 346 863 368 πως
887 336 990 370 εἰσιν.
1319 337 1573 381 iunctionibus‚
1599 337 1783 373 sciendum
1808 338 1900 373 tales
1926 348 2004 373 esse
2026 338 2298 383 quodammodo.

1148 404 1306 441 CAPUT
1332 403 1410 439 XV.

210 460 265 494 Αἱ
274 458 324 513 Ἀδὲ
341 460 613 514 ἑφεξῆςωαὶτίαν
636 461 805 514 ζητοῦσιν
824 458 914 495 ἰδεῖν
938 459 970 517 ἢΙ
983 460 1083 508 παρὰ
1106 463 1169 496 τοῦ
1187 460 1248 497 ἀν·
1367 462 1514 497 Ceterae
1538 471 1619 496 vero
1641 470 1787 495 causam
1809 464 1986 505 quaerunt
2006 461 2182 505 inspicere
2202 464 2266 497 aut
2285 472 2308 497 a
2326 462 2402 498 viro

166 503 246 550 δρὸς
270 519 291 548 η
314 518 413 551 παρα
439 517 500 549 της
522 517 690 552 γυναικος
712 509 923 551 γινομένην,
954 509 1014 540 ἱνα
1041 507 1250 552 ζημιώσωσι
1286 510 1304 542 5
1319 510 1383 541 aut
1407 507 1452 542 ab
1478 517 1589 541 uxore
1612 507 1763 548 factam,
1794 511 1834 540 ut
1864 505 2093 541 damnificent
2117 508 2342 543 temerarium
2366 509 2402 543 in

164 552 231 584 τὸν
250 552 413 595 προπετῆ
432 553 477 595 τῆ
498 551 576 585 τῶν
596 547 686 598 παρ’
711 549 820 584 αὐτοῦ
839 549 1044 596 δεδομένων
1059 552 1249 595 έκπτώσει,
1322 563 1409 587 casu
1433 552 1559 588 horum
1585 562 1675 596 quae
1699 552 1744 586 ab
1770 561 1811 586 eo
1839 552 1922 586 data
1939 553 2032 593 sunt,
2059 551 2152 587 dotis
2173 552 2321 588 dicimus
2339 555 2403 589 aut

165 596 308 642 προικός
340 587 463 641 φαμενΙ
491 594 513 638 ἢ
547 594 607 629 διὰ
635 594 752 642 γάμον
782 594 927 642 δωρεᾶς.
972 595 1077 631 Ἀλλὰ
1107 596 1251 632 τούτων
1320 599 1468 642 propter
1499 598 1644 642 nuptias
1678 597 1891 632 donationis.
1948 596 2019 631 Sed
2050 597 2178 632 harum
2211 609 2402 634 causarum

165 644 244 675 τῶν
269 642 400 675 αἰτιῶν
425 640 460 675 οἱ
510 643 548 674 ὲν
567 638 793 688 ἀρχαιότεροι
811 640 960 677 πολλοὺς
982 644 1172 677 ἐποιοῦντο
1192 647 1251 677 καὶ
1321 643 1540 688 antiquiores
1577 642 1719 685 quidem
1754 642 1926 686 plurimos
1963 642 2146 677 faciebant
2176 643 2403 688 diversosque

165 684 356 734 διαφόρους
379 700 471 720 κατα
487 685 613 732 .όγους·
657 685 845 721 Θεοδόσιος
878 685 917 720 δὲ
947 684 966 720 ὁ
992 690 1069 721 νεός
1100 687 1162 722 τὰς
1184 691 1252 732 μὲν
1321 690 1517 730 tractatus,
1564 688 1788 723 Theodosius
1824 690 1944 723 autem
1978 687 2097 722 iunior
2132 688 2221 723 alias
2260 689 2402 733 quidem

165 731 308 766 ἐκεῖθεν
332 730 469 775 λαβών,
501 730 563 765 τὰς
594 730 634 765 δὲ
664 731 770 766 αὐτὸς
799 731 1043 778 προςεξευρών
1075 732 1142 776 τὴν
1166 737 1249 780 περὶ
1267 737 1305 768 10
1321 733 1446 768 deinde
1471 744 1625 776 sumens,
1663 733 1752 768 alias
1778 735 1897 768 autem
1921 733 1998 778 ipse
2023 732 2252 768 adinveniens
2279 734 2321 768 de
2346 745 2400 769 re-

163 778 241 810 τῶν
265 776 446 822 repudium
478 779 613 823 ἔγραψε
644 775 821 817 διάταξιν.
870 774 954 831 ἡμῖν
978 776 1018 811 δὲ
1045 781 1104 811 καὶ
1129 780 1251 825 ἕτεραί
1318 778 1438 822 pudiis
1459 779 1603 823 scripsit
1624 778 1932 823 constitutionem3
1955 788 1976 813 a
1994 778 2096 813 nobis
2119 781 2237 813 autem
2259 783 2294 813 et
2311 780 2402 814 aliae

164 834 259 856 τινες
283 822 619 867 προςεξευρεθησαν
644 823 775 863 αἰτίαι,
807 818 847 855 ἃς
870 823 995 869 ορθῶς
1017 825 1110 865 ἔχειν
1135 827 1247 857 συνεί·
1320 824 1492 867 quaedam
1518 824 1730 859 adinventae
1756 827 1840 859 sunt
1865 834 2006 867 causae,
2034 834 2122 868 quas
2147 828 2246 859 recte
2269 825 2402 859 habere

165 865 274 911 δομεν
294 869 342 901 εἰς
367 869 488 901 αἰτίαν
512 866 715 908 ἀνενεγκεῖν
733 868 797 901 τοῦ
820 864 969 902 ταύταις
990 865 1247 903 ὑποπεσόντος.
1317 869 1564 913 perspeximus
1584 870 1630 904 ad
1655 870 1798 913 culpam
1822 869 1948 904 referri
1973 870 2047 904 eius
2073 870 2133 914 qui
2157 870 2400 904 succubuerit.

164 914 182 946 1
241 914 287 946 Εἰ
317 916 441 947 τοίνυν
471 911 563 947 κατὰ
595 912 662 955 τὴν
687 910 879 947 Θεοδοσίου
908 914 972 946 τοῦ
997 914 1058 956 τῆς
1082 911 1248 957 εὐσεβοῦς
1316 915 1337 949 1
1392 914 1427 948 Si
1452 914 1559 958 igitur
1577 915 1771 949 secundum
1793 914 1986 950 Theodosii
2003 915 2085 959 piae
2105 916 2296 950 memoriae
2318 926 2401 950 con-

142 955 294 1010 ’λήξεως
318 956 482 998 διάταξιν
509 957 682 1000 ἰσχύσειεν
713 954 734 1000 ἡ
763 955 852 1003 γυνὴ
887 955 1001 998 δεῖξαι
1033 957 1098 992 τὸν
1132 972 1246 992 συνοι-
1265 962 1301 993 15
1318 959 1540 995 stitutionem
1574 960 1726 994 valuerit
1759 960 1886 995 mulier
1921 960 2110 995 ostendere
2141 961 2308 995 maritum
2340 964 2403 995 aut

164 1016 323 1044 κησαντα
347 1001 369 1046 ἢ
390 1007 553 1047 μοιχείαν
577 1000 803 1048 ἁμαρτόντα,
828 1000 849 1044 ἢ
872 1004 999 1044 ἔνοχον
1023 1004 1247 1038 καθεστῶτα
1317 1004 1491 1039 adulterio
1514 1005 1787 1049 delinquentem,
1810 1008 1873 1041 aut
1891 1015 1990 1041 reum
2010 1005 2200 1049 homicidii,
2221 1009 2285 1041 aut
2298 1016 2401 1041 vene-

164 1046 292 1092 φόνου,
327 1046 348 1091 ἢ
379 1052 612 1095 μαγγανείαις
644 1061 683 1081 τε
714 1050 773 1099 nu}
805 1044 989 1094 ἀγυρτίαις
1013 1046 1245 1091 ἐσχολακότα,
1317 1049 1407 1084 ficiis
1441 1051 1503 1084 aut
1537 1050 1772 1085 seditionibus
1806 1055 2041 1095 occupatum,
2075 1055 2138 1086 aut
2169 1052 2264 1095 quod
2288 1051 2401 1096 pessi-

164 1092 184 1136 5)
207 1095 261 1137 τῷ
292 1093 539 1136 χαλεπωτάτῳ
570 1091 723 1127 πάντων
753 1091 1025 1138 αμαρτημάτων
1057 1096 1246 1128 ἐπικοινω-
1317 1106 1412 1129 mum
1445 1095 1601 1130 omnium
1635 1100 1865 1139 peccatorum
1898 1101 1952 1132 est
1990 1097 2309 1132 communicantem
2341 1097 2401 1132 de-

163 1136 325 1182 νὴσαντα
350 1136 641 1182 πλημμελήματι,
674 1140 793 1183 φαμὲν
818 1136 857 1171 δὲ
880 1140 934 1181 τῷ
960 1139 1249 1182 μηχανήσασθαί
1317 1140 1414 1181 licto,
1438 1140 1587 1175 dicimus
1602 1145 1720 1175 autem
1740 1142 1983 1177 machinatum
1997 1142 2133 1186 aliquid
2147 1147 2271 1177 contra
2285 1143 2402 1187 ipsum

164 1199 200 1219 τι
225 1184 316 1218 κατὰ
339 1186 401 1227 τῆς
423 1182 606 1227 βασιλείας
632 1181 755 1226 αὐτῆς,
786 1180 807 1225 ἢ
832 1181 1155 1219 καταδικασθέντα
1180 1198 1246 1220 πα·
1262 1188 1303 1219 20
1316 1185 1522 1230 imperium,
1547 1189 1610 1220 aut
1636 1187 1909 1222 condemnatum
1934 1188 2122 1230 falsitatis,
2149 1191 2211 1222 aut
2235 1188 2403 1232 sepulcra

164 1227 402 1272 οαποιήσεως,
440 1225 461 1271 ἢ
494 1227 626 1273 τάφους
658 1226 892 1271 διορύξαντα,
929 1226 950 1272 ἢ
979 1231 1019 1263 ἔκ
1049 1242 1146 1264 τινος
1170 1232 1247 1264 τῶν
1318 1231 1554 1274 effodientem,
1581 1234 1644 1266 aut
1664 1241 1708 1266 ex
1728 1231 1847 1276 aliqua
1869 1242 2054 1267 sacrarum
2075 1232 2243 1268 domuum
2268 1233 2403 1278 aliquid

164 1263 273 1321 ἶερῶν
304 1275 415 1308 οἴκων
447 1287 484 1307 τι
515 1271 752 1316 σεσυληκότα,
793 1270 813 1316 ἢ
845 1272 1036 1321 λῃστρικὸν
1071 1277 1247 1322 ἐπανῃθη-
1318 1276 1498 1320 rapuisse,
1525 1280 1588 1311 aut
1612 1277 1790 1311 latrocinii
1817 1281 2013 1312 sectantem
2036 1277 2144 1312 vitam
2169 1283 2232 1313 aut
2255 1278 2401 1313 latroci-

161 1323 272 1364 με’νον
292 1323 374 1363 βίον
396 1315 417 1362 ἢ
447 1317 530 1352 τοὺς
554 1317 793 1365 λῃστεύοντας
822 1315 1104 1363 ὑποδεχόμενον,
1137 1318 1158 1363 ἢ
1184 1325 1248 1354 ἕνα
1318 1324 1447 1356 nantes
1473 1322 1736 1366 suscipientem,
1763 1326 1826 1356 aut
1851 1333 1959 1357 unum
1986 1332 2107 1358 eorum
2133 1324 2193 1366 qui
2217 1324 2401 1368 appellan-

163 1366 241 1398 τῶν
264 1363 496 1408 καλουμένων
517 1361 722 1405 ἀπελατῶν,
747 1364 797 1398 οἷς
821 1366 900 1398 ἐστι
925 1369 1070 1410 φροντὶς
1094 1369 1168 1400 τοῖς
1189 1365 1247 1400 ἀλ·
1318 1370 1378 1401 tur
1403 1367 1519 1411 abigei
1544 1367 1686 1411 (quibus
1713 1369 1766 1402 est
1791 1378 1878 1402 cura
1903 1368 2029 1403 alienis
2054 1368 2215 1403 insidiari
2240 1369 2400 1404 animali-

163 1408 314 1455 λοτρίοις
345 1406 549 1455 ἐφεδρεύειν
580 1405 784 1456 ὑποζυγίοις
811 1406 831 1452 ἢ
852 1410 1054 1454 βοσκήμασι
1081 1414 1140 1444 καὶ
1163 1413 1246 1446 ταῦ-
1263 1414 1302 1445 25
1319 1413 1385 1447 bus
1406 1416 1469 1446 aut
1490 1413 1656 1447 iumentis
1682 1416 1718 1447 et
1739 1423 1781 1448 ea
1799 1417 2035 1457 transponere
2056 1414 2165 1456 alibi),
2192 1418 2254 1448 aut
2274 1415 2402 1458 probet

161 1468 208 1489 τα
230 1455 414 1499 μεθιστᾶν
447 1455 623 1510 ἑτέρωθι,
656 1451 678 1496 ἣ
711 1453 923 1501 ἐξελέγξειεν
951 1454 1247 1503 ἀνδραποδιστὴν
1318 1458 1529 1502 plagiarium
1554 1468 1652 1502 esse,
1685 1462 1749 1492 aut
1771 1459 1823 1492 ita
1855 1459 2036 1493 luxuriose
2078 1458 2253 1492 viventem
2285 1463 2324 1493 ut
2348 1460 2400 1493 in-

161 1500 403 1542 καθεστῶτα,
441 1497 462 1543 ἢ
486 1498 598 1534 ου’τως
622 1495 779 1546 ἀσελγῶς
803 1502 957 1543 βιοῦντα
990 1499 1037 1535 ιὸς
1069 1503 1108 1535 ἐν
1140 1500 1246 1548 ὄψεσι
1318 1503 1491 1547 spiciente
1516 1513 1628 1538 uxore
1652 1514 1733 1538 cum
1757 1504 1835 1538 aliis
1855 1506 2107 1549 corrumpatur
2127 1505 2234 1549 (quod
2252 1505 2402 1540 maxime

161 1547 221 1588 τῆς
242 1547 395 1592 γαμετῆς
416 1546 553 1590 ἑτέραις
578 1543 935 1590 συνδιαφθείρεσθαι
962 1543 1062 1591 (ὅπερ
1086 1546 1243 1591 μάλιστα
1315 1548 1481 1583 mulieres
1507 1553 1631 1593 utpote
1658 1549 1753 1584 circa
1778 1550 1894 1584 cubile
1916 1549 2118 1585 stimulatas
2141 1554 2340 1594 exasperat,
2368 1552 2404 1585 et

160 1594 329 1636 γυναῖκας·
361 1589 418 1624 οἶα
451 1593 532 1636 περὶ
565 1589 631 1633 τὴν
659 1589 767 1633 εὐνὴν
799 1589 1011 1634 ἠδικημένοις
1043 1592 1244 1638 ἀγριαίνειν
1314 1594 1507 1639 praecipue
1533 1597 1686 1637 castas),
1721 1597 1784 1629 aut
1816 1595 1847 1629 si
1875 1595 2026 1631 insidias
2051 1605 2089 1630 se
2114 1605 2258 1640 passam
2282 1606 2304 1630 a
2327 1595 2402 1630 viro

160 1639 272 1677 ποιεῖ,
304 1639 364 1669 καὶ
394 1634 551 1680 μάλιστα
583 1634 627 1679 δὴ
651 1635 713 1669 τὰς
742 1634 964 1682 σώφρονας),
998 1634 1019 1680 ἢ
1044 1638 1143 1684 εἴπερ
1169 1640 1243 1673 ἐπι-
1259 1641 1300 1673 30
1314 1639 1443 1683 probet
1476 1639 1572 1674 circa
1604 1640 1719 1684 ipsam
1755 1640 1905 1674 salutem
1929 1642 1993 1674 aut
2023 1641 2166 1675 venenis
2199 1645 2261 1675 aut
2285 1641 2401 1684 gladio

160 1680 396 1725 βουλευομένη
430 1679 528 1727 παρὰ
559 1683 622 1715 τοῦ
656 1679 785 1727 ἀνδρὸς
818 1681 944 1722 δείξειε
968 1686 1051 1729 περὶ
1083 1682 1150 1726 τὴν
1175 1695 1243 1717 σω·
1314 1686 1378 1719 aut
1409 1695 1473 1729 per
1504 1685 1612 1719 alium
1644 1685 1798 1729 aliquem
1824 1686 1930 1720 talem
1954 1686 2098 1720 modum
2131 1686 2277 1728 (multae
2302 1697 2401 1721 nam-

160 1730 289 1772 τηρίαν
325 1725 438 1770 αὐτὴν
469 1724 490 1769 ἢ
524 1725 722 1771 φαρμάκοις
753 1726 773 1770 ἢ
806 1727 899 1772 ξίφει
939 1726 960 1770 ἢ
992 1725 1084 1762 καθ’
1120 1731 1243 1775 ἕτερον
1340 1740 1383 1764 ue
1407 1730 1610 1766 hominibus
1637 1731 1682 1765 ad
1705 1731 1877 1765 malitiam
1901 1731 1979 1766 viae
2004 1734 2118 1774 sunt),
2152 1735 2216 1766 aut
2241 1732 2347 1766 etiam
2373 1732 2402 1766 si

161 1770 325 1806 τοιοῦτόν
348 1785 432 1806 τινα
457 1770 595 1817 τρόπον
620 1771 764 1814 (πολλαὶ
790 1770 829 1806 δὲ
853 1769 1069 1818 ἀνθρώποις
1095 1773 1133 1807 αἱ
1156 1773 1244 1821 πρὸς
1341 1775 1462 1819 agellis
1497 1786 1607 1820 super
1639 1786 1681 1811 ea
1714 1780 1854 1811 utatur:
1894 1777 1925 1811 si
1956 1776 2065 1821 igitur
2088 1777 2216 1811 mulier
2241 1777 2312 1811 tale
2336 1777 2401 1811 ali-

160 1821 288 1851 κακίαν
321 1815 430 1859 ὁδοί),
466 1815 487 1860 ἢ
518 1821 577 1850 καὶ
608 1815 779 1861 μάστιξιν
804 1815 864 1852 ἐπ’
893 1815 1005 1862 αὐτὴν
1036 1822 1174 1866 χρῷτο·
1213 1820 1244 1853 εἰ
1314 1821 1399 1865 quid
1426 1821 1614 1856 ostendere
1639 1822 1807 1866 potuerit,
1834 1821 2018 1857 licentiam
2042 1822 2074 1856 ei
2095 1822 2158 1856 dat
2177 1823 2233 1856 lex
2252 1822 2401 1867 repudio

160 1866 282 1896 τοίνυν
305 1862 393 1909 γυνὴ
415 1859 558 1896 τοιοῦτό
582 1876 618 1896 τι
644 1861 755 1902 δεῖξαι
781 1861 973 1907 δυνηθείη,
1002 1862 1129 1898 ἄδειαν
1151 1863 1241 1912 αὐτῇ
1257 1868 1297 1900 35
1313 1866 1366 1900 uti
1392 1868 1428 1901 et
1452 1866 1587 1911 nuptiis
1613 1866 1794 1902 abstinere
1821 1867 2010 1912 dotemque
2034 1867 2220 1912 percipere
2245 1870 2279 1901 et
2301 1871 2400 1902 antc-

161 1905 312 1941 δίδωσιν
343 1905 362 1941 ὁ
393 1905 500 1952 νόμος
531 1911 590 1941 καὶ
621 1907 780 1952 repudia)
812 1909 973 1954 χρῆσθαι
1003 1912 1063 1943 καὶ
1091 1907 1241 1955 ἀφίστα-
1312 1911 1510 1955 nuptialem
1545 1911 1773 1948 donationem
1806 1915 1937 1955 totam,
1971 1923 2044 1947 non
2076 1913 2191 1948 solum
2224 1912 2255 1948 si
2280 1923 2402 1948 omnes

160 1953 253 1987 σθαι
282 1954 344 1986 τοῦ
368 1951 501 2000 γάμου,
534 1956 593 1986 καὶ
623 1952 689 1996 τὴν
713 1956 845 2000 προῖκα
869 1952 1067 1999 λαμβάνειν
1092 1958 1151 1989 καὶ
1175 1955 1242 1998 τὴν
1313 1956 1417 1991 simul
1441 1957 1648 2002 probaverit
1675 1968 1825 2000 causas,
1860 1958 1922 1993 sed
1947 1958 2055 1993 etiam
2087 1958 2118 1994 si
2143 1958 2339 1993 secundum
2364 1968 2402 1993 se

161 2002 408 2044 προγαμιαίαν
428 1996 569 2045 δωρεὰν
587 1994 746 2040 ἅπασαν,
770 1996 811 2032 οὗ
827 1998 942 2043 μόνον
965 2000 995 2034 εἰ
1016 1998 1133 2034 πάσας
1152 1998 1240 2045 ὁμοῦ
1312 2012 1430 2037 unam.

160 2042 283 2084 δείξειε
307 2043 369 2077 τὰς
394 2044 525 2084 αἰτίας,
558 2041 639 2077 ἀλλ’
668 2044 698 2076 εἰ
722 2047 782 2077 καὶ
806 2043 900 2078 καθ’
931 2042 1044 2088 αὑτὴν
1066 2049 1166 2089 μίαν.

159 2089 182 2124 2
242 2092 314 2122 Καὶ
346 2082 454 2123 αὖθις
477 2087 602 2122 ἄδειαν
627 2087 756 2123 δίδωσι
789 2090 842 2132 τῷ
868 2086 973 2137 ἀνδρὶ
997 2089 1064 2133 τὴν
1087 2094 1240 2136 γυναῖκα
1253 2092 1333 2126 402
1392 2092 1442 2127 Et
1474 2103 1598 2129 rursus
1631 2092 1813 2127 licentiam
1845 2093 1907 2127 dat
1938 2093 2014 2128 viro
2040 2093 2222 2129 mulierem
2248 2094 2401 2138 abicere,

159 2133 400 2178 ἀποπέμπει-ν,
426 2134 457 2167 εἰ
479 2137 737 2178 μοιχευομένην
756 2131 862 2180 εὕροι,
889 2132 909 2177 ἢ
928 2134 1238 2181 μαγγανεύουσαν,
1310 2137 1339 2171 Si
1364 2138 1565 2173 adulteram
1590 2138 1757 2180 inveniat,
1785 2141 1849 2172 aut
1873 2138 2076 2180 veneficam,
2107 2142 2171 2174 aut
2195 2139 2401 2184 delinquen-

159 2177 180 2222 ἢ
204 2179 521 2225 ἐξαμαρτάνουσαν
545 2178 659 2224 φόνρν
683 2177 704 2222 ἢ
728 2176 1026 2226 ἀνδραποδισμὸν
1052 2178 1072 2223 ἢ
1099 2186 1243 2225 τυμβω-
1314 2185 1385 2217 tem
1422 2183 1670 2223 homicidium,
1713 2187 1776 2218 aut
1812 2183 2040 2227 plagiariam,
2080 2187 2143 2219 aut
2181 2185 2402 2228 sepultorum

160 2228 294 2271 ρυχίαν,
331 2221 352 2267 ἢ
378 2223 561 2271 ἱερόσυλον
590 2225 713 2267 οὖσαν,
747 2221 767 2267 ἢ
800 2224 1073 2259 συσπεύδουσαν
1098 2225 1243 2272 λῃσταῖς
1312 2228 1541 2271 violatricem,
1567 2232 1631 2263 aut
1651 2228 1859 2272 sacrilegam
1881 2228 2110 2272 existentem,
2137 2232 2200 2265 aut
2224 2230 2400 2266 faventem

205 2307 276 2337 cop.
302 2294 381 2326 XV
402 2293 451 2336 §l
481 2294 680 2326 decurtatam
705 2294 831 2326 exhibet
855 2294 1062 2337 Epanayoye
1085 2295 1138 2334 21,
1162 2302 1177 2327 6
1192 2302 1271 2327 extr.

161 2363 179 2395 1
252 2358 357 2394 Tales
380 2359 495 2404 iqitur
519 2362 604 2393 sunt
626 2359 709 2404 fere
733 2359 925 2404 aequiores
953 2359 1166 2405 nuptiarum
1195 2360 1414 2403 solutiones,
1446 2372 1540 2407 quae
1568 2363 1733 2407 qenerali
1766 2363 1925 2408 quadam
1957 2363 2103 2399 ratione
2130 2364 2180 2399 ad
2209 2364 2402 2400 divortium

159 2404 258 2451 quod
278 2405 373 2439 bona
396 2404 519 2449 qratia
540 2404 583 2447 sit
607 2404 824 2449 referendae
847 2407 941 2439 sunt.

294 2449 373 2485 XV.
432 2447 531 2491 Quae
567 2459 650 2484 vero
687 2448 857 2495 deinceps
890 2460 929 2484 se
955 2453 1092 2484 uantur
1127 2449 1272 2496 culpam
1307 2450 1501 2495 requirunt
1534 2457 1600 2486 aut
1633 2463 1656 2486 a
1689 2452 1821 2487 marito
1855 2457 1920 2487 aut
1950 2453 1994 2488 ab
2019 2465 2139 2490 uxore
2163 2455 2400 2498 commissam,

161 2499 200 2531 ut
231 2498 417 2530 nocentem
444 2493 603 2540 puniant
633 2505 757 2528 eorum
788 2505 882 2540 quae
912 2506 933 2529 a
989 2506 1030 2530 eo
1064 2494 1152 2529 data
1186 2499 1270 2530 sunt
1302 2495 1515 2538 amissione,
1548 2496 1644 2531 dotis
1675 2497 1828 2532 dicimus
1860 2498 1916 2533 vel
1939 2503 2094 2545 propter
2114 2500 2263 2546 nuptias
2287 2500 2400 2536 dona-

161 2541 277 2576 tionis.
326 2539 379 2574 Ac
404 2544 539 2575 veteres
589 2538 705 2574 uidem
731 2538 861 2574 barum
886 2540 1076 2585 culparum
1108 2540 1240 2575 multos
1273 2545 1308 2575 et
1334 2540 1496 2576 diversos
1518 2542 1689 2585 fecerunt
1721 2542 1873 2584 indices,
1908 2543 2132 2579 Theodosius
2162 2555 2246 2580 vero
2279 2546 2402 2580 iunior

159 2586 243 2621 aliis
265 2585 367 2620 illinc
387 2584 515 2631 petitis
538 2550 621 2619 aZ'is
646 2584 690 2619 ab
716 2584 796 2630 ipso
820 2586 975 2631 repertis
999 2585 1290 2620 constitutionem
1319 2585 1363 2620 de
1391 2586 1555 2631 repudiis
1578 2587 1747 2633 scripsit;
1780 2587 1934 2633 denique
1957 2601 1980 2624 a
2009 2589 2113 2624 nobis
2138 2589 2233 2625 aliae
2258 2601 2400 2637 quoque

159 2632 309 2676 insuper
332 2633 500 2675 repertae
523 2633 609 2664 sunt
629 2639 772 2671 causae,
822 2640 890 2664 uas
910 2641 983 2676 par
1007 2641 1083 2665 esse
1101 2630 1346 2665 intelleximus
1367 2630 1416 2665 ad
1439 2631 1582 2677 culpam
1605 2633 1692 2674 eius,
1719 2633 1782 2678 qui
1805 2633 1844 2667 in
1865 2634 1950 2668 illas
1973 2634 2152 2677 inciderit,
2176 2636 2322 2680 referri.

159 2678 179 2711 1
248 2674 380 2720 Itaque
404 2675 435 2709 si
463 2674 656 2709 secundum
684 2674 778 2709 Tlieo
807 2675 875 2709 osii
933 2677 989 2711 iae
1018 2676 1211 2710 memoriae
1242 2676 1534 2711 constitutionem
1571 2677 1700 2712 mulier
1732 2678 1920 2714 ostendere
1954 2680 2109 2715 valuerit
2141 2681 2311 2715 maritum
2347 2681 2404 2717 vel

159 2721 378 2757 adulterium
402 2720 636 2761 commisisse,
671 2720 728 2755 vel
755 2719 887 2755 bomici
913 2720 940 2754 ii
970 2732 1070 2756 reum
1097 2721 1240 2766 factum
1272 2732 1367 2762 esse,
1401 2721 1456 2756 vel
1480 2722 1659 2766 veneficiis
1684 2728 1793 2768 atque
1813 2725 2048 2771 praestriqiis
2073 2736 2222 2771 operam
2247 2725 2399 2768 dedisse,

159 2767 214 2802 vel
238 2765 384 2801 sceleris
416 2765 574 2800 omnium
606 2765 820 2800 delictorum
846 2766 1053 2811 pravissimi
1076 2766 1217 2812 partici
1228 2777 1298 2800 >em
1325 2766 1461 2810 fuisse,
1497 2767 1636 2802 scilicet
1664 2772 1706 2802 ut
1737 2773 1867 2803 contra
1896 2770 2013 2805 iusum
2044 2770 2234 2816 imperium
2260 2771 2402 2817 aliquid

159 2811 358 2853 moliretur,
379 2810 433 2846 vel
446 2810 626 2856 falsitatis
642 2810 918 2846 condemnatum
940 2822 1027 2853 esse,
1049 2811 1105 2846 vel
1121 2822 1208 2857 sepu
1225 2822 1289 2846 cra
1306 2811 1470 2853 violasse,
1496 2812 1552 2847 vel
1568 2823 1617 2848 ex
1636 2823 1826 2848 sacrarum
1846 2825 1889 2849 ae
1916 2816 1989 2849 ium
2010 2815 2134 2861 aliqua
2157 2816 2298 2861 aliquid
2317 2818 2397 2853 sub-

159 2857 326 2903 ripuisse,
347 2856 402 2891 vel
421 2855 604 2890 latronum
627 2856 735 2890 vitam
755 2860 931 2891 sectatum
949 2867 1025 2891 esse
1047 2856 1101 2891 vel
1119 2856 1281 2891 latrones
1301 2857 1473 2907 recipere,
1496 2861 1561 2892 aut
1577 2869 1688 2892 unum
1709 2869 1785 2893 esse
1806 2870 1855 2894 ecc
1876 2859 2109 2895 abactoribus
2129 2862 2191 2906 qui
2211 2866 2399 2904 uocantur,

159 2902 288 2947 quibus
320 2901 479 2936 studium
511 2905 566 2935 est
597 2901 725 2936 alienis
753 2901 922 2936 iumentis
954 2905 1019 2936 aut
1046 2901 1240 2947 pecoribus
1271 2901 1471 2936 insidiandi
1495 2913 1609 2947 eaque
1634 2903 1708 2938 alio
1734 2903 1920 2949 abiqendi,
1947 2905 2003 2940 vel
2024 2906 2056 2940 si
2081 2907 2293 2951 eom-querit
2321 2919 2399 2942 eum

154 2947 381 2994 plaqiarium
414 2956 507 2987 esse,
542 2946 596 2981 vel
628 2945 718 2980 adeo
750 2945 940 2981 luxuriose
982 2948 1098 2983 vivere
1140 2950 1181 2982 ut
1212 2946 1249 2980 in
1282 2951 1477 2992 conspectu
1513 2948 1645 2983 uxoris
1676 2959 1755 2983 eum
1787 2949 1871 2984 aliis
1902 2950 2112 2986 mulieribus
2135 2955 2317 2987 scortetur
2350 2952 2401 2994 (id

159 2991 259 3037 quod
287 2991 445 3026 maxime
474 2991 656 3033 mulieres,
692 2994 819 3036 utpote
849 2991 893 3026 de
926 2996 1006 3027 toro
1041 2992 1212 3026 iniuriam
1235 3003 1383 3037 passas,
1415 3002 1459 3026 ac
1483 2993 1716 3038 potissimum
1747 2998 1867 3029 castas
1891 2999 2120 3041 exasperat),
2158 2997 2215 3031 vel
2237 2997 2269 3031 si
2291 2997 2400 3032 saluti

157 3047 246 3071 suae
269 3036 421 3070 insidias
442 3047 464 3070 a
489 3036 567 3071 viro
589 3040 745 3081 paratas
776 3047 852 3071 esse
878 3036 1094 3082 probaverit
1126 3037 1200 3072 sive
1231 3037 1376 3072 venenis
1403 3038 1477 3072 sive
1508 3037 1634 3083 qladio
1666 3038 1740 3073 siue
1771 3039 1844 3073 alio
1869 3040 1978 3074 simili
2002 3040 2109 3076 modo
2135 3042 2282 3084 (multae
2306 3043 2398 3077 enim

160 3081 362 3116 bominibus
386 3081 436 3115 ad
454 3081 635 3126 flafsitium
661 3081 739 3116 viae
762 3085 871 3123 sunt),
896 3081 970 3116 sive
986 3082 1120 3127 flaqris
1143 3083 1182 3116 in
1202 3093 1280 3117 eam
1300 3093 1386 3117 usus
1405 3082 1470 3117 stt:
1505 3082 1537 3117 si
1554 3082 1667 3127 iqitur
1686 3083 1758 3118 tale
1782 3084 1871 3129 quid
1894 3085 2023 3120 mulier
2073 3086 2205 3121 robare
2221 3088 2398 3132 potuerit,

161 3126 298 3162 veniam
323 3125 355 3160 ei
379 3125 442 3160 lex
466 3125 531 3160 dat
554 3130 589 3160 et
612 3126 766 3171 repudio
792 3126 917 3161 utendi
940 3131 976 3161 et
999 3138 1021 3160 a
1045 3138 1093 3160 ‘nit
1125 3128 1182 3162 tiis
1205 3127 1424 3169 discedendi,
1460 3131 1495 3162 et
1518 3127 1637 3163 dotem
1662 3132 1697 3163 et
1721 3133 1855 3164 antenu
1885 3130 2005 3165 tialem
2056 3132 2261 3167 ouationem
2287 3136 2399 3168 totam

160 3170 371 3216 auferendi,
396 3181 510 3215 neque
534 3170 572 3204 id
590 3171 707 3205 solum
730 3171 763 3205 si
788 3182 909 3206 omnes
932 3172 1040 3206 simul
1063 3173 1090 3206 il
1105 3183 1147 3207 as
1171 3183 1314 3215 causas,
1339 3172 1403 3207 sed
1427 3173 1535 3207 etiam
1558 3174 1592 3207 si
1613 3173 1670 3208 sin
1700 3173 1780 3208 ulas
1803 3141 1904 3209 soiizs
1917 3175 2142 3221 probaverit.

159 3216 183 3251 2
252 3217 369 3261 Atque
404 3215 554 3250 invicem
590 3216 729 3250 veniam
765 3216 830 3250 dat
865 3217 942 3251 viro
979 3217 1163 3252 mulierem
1196 3217 1415 3259 dimittendi,
1452 3218 1487 3252 si
1519 3229 1598 3253 eam
1636 3230 1658 3252 a
1686 3218 1838 3253 alteram
1875 3219 2172 3266 deprehenderit,
2210 3223 2264 3257 vel
2300 3234 2400 3259 venc-

157 3262 282 3306 ficam,
319 3260 374 3296 vel
401 3259 585 3295 homicidii
613 3265 678 3295 aut
700 3261 820 3306 plccqii
855 3265 920 3296 aut
948 3262 1107 3308 sepulcri
1137 3262 1262 3298 violati
1295 3275 1413 3304 ream,
1450 3263 1504 3298 vet
1535 3263 1769 3309 sacrileqam,
1808 3265 1863 3300 vel
1899 3265 2081 3300 latronum
2109 3268 2305 3311 fautricem
2347 3269 2404 3305 vel

206 3333 224 3364 2
250 3327 301 3370 ἃς]
328 3332 496 3370 tamquam
515 3331 549 3367 (i.
565 3342 590 3363 e.
614 3327 672 3369 ὡς)
698 3341 717 3365 ς
735 3329 746 3372 11
763 3330 849 3362 bona
872 3331 1004 3371 gratian
1021 3333 1061 3364 M
1076 3331 1088 3374 11
1107 3335 1125 3366 3
1151 3329 1245 3365 ἀνοι-
1316 3333 1389 3373 lego
1429 3342 1483 3366 Pls
1526 3332 1736 3365 nouellarum
1776 3334 1827 3376 kp.
1862 3335 1897 3366 11
1938 3337 2044 3368 adscr.
2083 3338 2266 3370 rubricator
2306 3340 2338 3371 V
2387 3340 2398 3380 11

161 3377 280 3416 στεόν]
305 3375 475 3407 sciendum
500 3376 533 3415 (i.
550 3388 574 3407 e.
598 3371 642 3406 ἄν
664 3374 796 3416 ἰστέον)
823 3387 841 3411 ς
857 3374 868 3418 11
898 3378 932 3409 11
958 3372 1135 3417 διάταξιν]
1169 3379 1244 3411 Cod.
1323 3380 1359 3411 16
1385 3389 1475 3409 rcum
1502 3391 1560 3411 om.
1590 3379 1620 3410 V
1635 3379 1646 3420 11
1663 3379 1850 3411 homicidiis
1872 3379 1919 3412 V³
1935 3379 1947 3424 11
1967 3380 2120 3413 ueneficii
2144 3381 2226 3415 R²T
2236 3383 2248 3426 11
2269 3385 2308 3417 21
2335 3384 2399 3416 ali-

162 3424 192 3461 5,
220 3429 260 3460 ¹7,
281 3429 297 3454 8
318 3421 328 3462 11
346 3416 440 3463 ἡμῖν]
472 3421 548 3453 Cod.
570 3423 600 3459 5,
626 3427 667 3459 17,
693 3428 733 3453 10.
758 3428 783 3453 11
804 3420 875 3461 1126
902 3418 1074 3465 ἐλέγξειεν
1095 3424 1204 3465 Epan.
1236 3421 1249 3476 11
1318 3424 1391 3464 quis
1419 3423 1465 3455 V¹
1487 3422 1498 3466 11
1529 3424 1570 3455 22
1597 3424 1655 3465 leq.
1682 3424 1891 3466 rapientem?
1922 3425 1933 3467 11
1962 3425 2147 3458 latrociniis
2171 3428 2204 3459 V
2220 3428 2232 3471 11
2264 3430 2304 3461 23
2331 3441 2399 3462 sus-

163 3468 206 3499 30
232 3467 350 3499 ποιεῖν
370 3466 432 3497 Illa
449 3464 460 3508 11
489 3467 530 3498 34
557 3462 681 3506 αὐτὴν]
707 3462 879 3508 σφοδραῖς
904 3467 980 3498 add.
996 3467 1105 3510 Epan.
1126 3468 1137 3510 11
1161 3471 1200 3501 35
1228 3481 1248 3507 η
1318 3468 1477 3510 cipientes
1508 3468 1539 3500 V
1561 3468 1572 3510 11
1604 3470 1646 3501 24
1679 3469 1813 3510 abigehi
1848 3470 1879 3502 V
1904 3468 1915 3514 11
1943 3470 2054 3512 abigei
2077 3490 2121 3494 -
2145 3474 2183 3504 27
2215 3474 2304 3514 quod
2328 3486 2400 3507 mu-

161 3508 250 3555 γυνὴ
269 3512 377 3553 Epan.
398 3509 409 3551 ΙΙ
429 3512 470 3543 36
495 3510 646 3551 repudio)
663 3511 717 3549 M]
742 3507 887 3551 διαισίῳ
910 3511 1020 3554 Epan.
1040 3511 1052 3555 11
1070 3514 1111 3546 38
1133 3512 1175 3553 εἰ]
1201 3513 1248 3546 εἰς
1318 3513 1414 3545 lieres
1438 3513 1579 3545 maxime
1604 3513 1650 3556 ut}
1677 3527 1737 3547 scr.
1753 3515 1803 3546 ΗΖ
1820 3516 1851 3547 in
1872 3528 1937 3548 ras.
1954 3518 2030 3548 3vv.
2048 3516 2059 3558 11
2079 3517 2212 3558 quibus]
2239 3520 2298 3560 qui
2320 3521 2365 3553 V¹
2389 3519 2402 3563 11

164 3555 291 3598 1111139
317 3552 469 3594 *δείξειε
494 3557 550 3598 (cf.
569 3557 614 3595 ς)]
639 3552 746 3593 δείξει
770 3555 811 3587 Μ
1320 3560 1361 3590 ’26
1386 3558 1573 3599 plag-iarum
1607 3559 1654 3591 V¹
1681 3559 1692 3602 11
1719 3560 1886 3592 uiuentem
1913 3560 2124 3602 luxoxuriose
2151 3564 2181 3595 R
2200 3563 2211 3602 11
2235 3564 2401 3607 inspiente

1332 3604 1374 3635 V¹
1393 3602 1404 3646 11
1424 3605 1466 3636 29
1495 3614 1620 3645 passam
1646 3605 1744 3647 vulo]
1770 3615 1860 3646 passe
1885 3605 1977 3638 R¹V
2002 3616 2110 3647 passas
2136 3608 2303 3650 R²T1130
2324 3621 2400 3652 pro-

213 3647 227 3678 1
253 3646 397 3678 minores
419 3646 469 3679 R¹
486 3645 498 3690 11
518 3648 537 3680 8
562 3646 707 3687 plurimo
741 3645 783 3678 V¹
803 3645 814 3687 11
839 3647 858 3679 9
884 3646 1010 3687 iunior]
1035 3647 1144 3680 minor
1165 3649 1214 3681 ΕΙ
1238 3649 1250 3688 ΙΙ
1320 3648 1374 3680 bct
1394 3649 1491 3691 ναῖς]
1516 3648 1657 3691 probent
1675 3651 1702 3681 lt
1716 3650 1767 3691 Vll
1788 3652 1827 3683 31
1855 3649 1990 3691 aliquod
2013 3651 2068 3692 VH
2085 3652 2150 3685 tale
2173 3653 2222 3686 V²
2238 3653 2250 3698 11
2270 3658 2311 3687 36
2334 3667 2400 3688 non

170 3691 208 3722 10
233 3689 363 3730 deinde]
388 3691 447 3734 leq.
468 3691 571 3724 inde?
589 3690 599 3734 11
631 3694 663 3724 11
695 3691 843 3732 repudiis
864 3694 974 3724 autem
998 3693 1130 3734 scripsit
1156 3694 1205 3725 Ra
1239 3693 1250 3734 11
1320 3693 1425 3725 solum
1447 3698 1556 3725 autem
1577 3694 1604 3725 si
1632 3694 1677 3726 Η*
1702 3694 1713 3736 11
1745 3697 1784 3727 37
1812 3695 1988 3728 secundam
2015 3697 2120 3730 RVT
2144 3696 2155 3742 11
2182 3701 2227 3739 se]
2253 3711 2310 3732 sou
2329 3701 2361 3732 R
2391 3699 2402 3741 1Ι

166 3735 289 3775 autem]
312 3745 346 3767 as
370 3736 418 3767 V¹
434 3738 445 3778 11
471 3738 507 3769 13
530 3736 750 3769 succumbunt
775 3737 805 3769 R
838 3737 1011 3770 suffuerit
1038 3738 1086 3769 V¹
1106 3737 1117 3781 11
1141 3740 1175 3771 11
1202 3739 1249 3778 Si]
1322 3741 1356 3771 111
1389 3738 1610 3772 adulteratam
1641 3740 1694 3783 Τ11
1714 3741 1755 3773 42
1776 3740 2002 3782 sepulcrorum
2026 3742 2076 3774 12³
2089 3745 2174 3786 vulq.

2069 3788 2138 3820 20*
