2618 4010
1217 131 1299 179 295

147 150 355 186 sonnisse
384 150 474 182 NON
503 149 651 181 sonum
2083 137 2191 179 Nov.
2224 137 2278 179 LI
2304 149 2367 191 pr.

657 306 714 353 NA
1800 304 1859 339 LI.
1953 305 2062 340 Auth.
2074 305 2116 340 L.
2134 304 2263 340 0011.V
2282 303 2369 339 tit.4

147 376 323 430 ΠΕΡΙ
361 373 503 427 ΤΟΥ
546 374 686 426 ΤΑΣ
734 374 866 427 ΕΠΙ
909 372 1224 426 ΣΚΗΝΗΣ
1287 375 1339 423 R
1378 371 1706 423 SCENIOAS
1738 372 1877 424 NON
1914 373 2140 424 SOLUM
2186 374 2248 423 SI
2282 374 2369 422 FI-

146 443 363 497 MHTE
392 442 489 494 ΕΓ
491 443 533 493 Γ
535 442 697 494 YHN
727 443 943 497 MHTE
974 440 1225 494 OPKON
1293 441 1731 492 DEIUSSOREM
1766 441 2187 500 PRAESTENT,
2238 441 2367 492 SED

148 509 673 566 ΑΠΑΙΤΕΙΣΘΑΙ
714 508 1226 564 ΠΡΟΣΕΔΡΕΙΑΣ.
1294 510 1512 559 ΕΤΙΑΜ
1558 509 1621 559 SI
1649 508 2124 559 IUSIURANDUM
2163 510 2365 570 DENT,

1261 578 1451 628 5SINE
1497 575 1836 626 PERICULO
1883 577 2274 628 DISOEDERE
2319 578 2372 627 R

145 654 183 693 ‘0
214 654 317 691 αὐτὸς
346 654 512 699 βασιλεὺς
539 654 687 703 Ἰωάννῃ
720 654 864 703 ἐπάρχῳ
898 659 1135 704 πραιτωρίων
1163 655 1223 699 τῆς

284 698 358 736 ‘'Eco
382 700 424 735 τὸ
449 700 502 745 β’,
527 698 599 737 ἀπὸ
625 701 777 737 ὑπάτων
799 705 859 735 καὶ
881 706 1076 748 πατρικίῳ.

201 769 506 816 (Προοίμιον.)
546 768 663 814 Ἴσμεν
685 768 814 816 πρώην
845 771 1079 813 πεποιημένοι
1110 765 1224 813 νόμον

146 814 418 870 ἀπαγορεύοντα
441 813 569 858 μηδενὶ
592 819 798 869 παρρησίαν
822 814 914 868 εἶναι
938 814 1000 849 τὰς
1020 815 1067 848 εἰς
1090 813 1224 856 σκηνὴν

1383 655 1470 700 Imp.
1494 654 1713 690 Iustinianus
1734 654 1826 698 Aug.
1851 653 2003 690 Iohanni
2026 666 2086 700 pp.
2109 654 2279 691 secundo.

1348 768 1500 814 <Praef
1504 766 1629 812 atio.)
1681 767 1852 803 Novimus
1884 766 2020 812 pridem
2054 767 2227 803 facientes
2260 769 2370 814 legem

1291 814 1561 849 interdicentem
1585 813 1671 848 nulli
1696 813 1874 848 licentiam
1899 822 1976 848 esse
1991 812 2062 858 (in)
2082 824 2190 849 scena
2209 814 2370 849 detentas

146 871 335 896 κατιουσας
369 863 537 913 γυναῖκας
573 862 740 907 ἐγγυητας
775 861 1007 906 εἰςπραττειν,
1045 856 1091 894 ὠς
1122 865 1224 906 προς-
1241 861 1280 892 10
1293 859 1458 895 mulieres
1490 860 1716 894 fideiussores
1749 859 1906 902 exigere,
1948 859 2032 903 quia
2064 859 2303 894 observabunt
2335 862 2371 894 et

147 906 350 952 εδρεύσουσι
367 909 427 939 καὶ
446 919 512 948 την
532 906 645 949 ἀσεβῆ
664 904 917 951 πληρώσουσιν
933 907 1104 952 ἐργασίαν
1120 916 1223 948 μετα-

147 951 253 997 μέλου
285 950 411 998 καιρὸν
441 949 505 985 οὐκ
534 954 693 994 ἔχουσαι,
725 954 784 984 καὶ
815 949 941 986 ποινὰς
972 948 1225 992 ἀπειλήσαντες

148 997 296 1040 ἐσχάτας
318 999 392 1030 τοῖς
414 997 476 1030 τὰς
494 995 662 1030 τοιαύτας
685 995 809 1042 ἐγγύας
831 993 1036 1036 ἀπαιτοῦσι,
1057 993 1145 1041 πρὸς
1169 996 1223 1037 τῷ

147 1046 207 1077 καὶ
239 1040 365 1076 αὐτοὺς
406 1040 488 1076 τοὺς
521 1039 688 1096 ἐγγυητὰς
726 1039 944 1095 ἀνευθύνους
978 1039 1124 1075 ἀπιέναι
1166 1043 1225 1073 καὶ

1293 904 1437 949 impiam
1457 905 1686 949 complebunt
1705 905 1947 949 operationem
1970 904 2209 948 paenitentiae
2230 906 2371 949 tempus

1293 960 1366 984 non
1386 950 1570 992 habentes,
1593 954 1627 985 et
1647 960 1780 994 poenas
1799 949 2069 985 interminantes
2086 950 2294 985 novissimas
2316 950 2371 984 his

1295 995 1355 1039 qui
1378 996 1468 1029 tales
1493 995 1738 1030 fideiussiones
1759 995 1912 1038 exigunt,
1937 995 2084 1040 insuper
2108 999 2143 1030 et
2162 997 2260 1040 ipsos
2283 995 2370 1030 fide-

1293 1040 1450 1075 iussores
1485 1040 1560 1075 sine
1588 1040 1804 1085 obligatione
1835 1040 2000 1076 recedere
2031 1045 2067 1076 et
2090 1041 2225 1076 nullam
2247 1040 2371 1076 inferri

147 1086 326 1142 μηδεμίαν
342 1084 561 1141 νἐπάγεσθαι
593 1089 711 1120 αυτοῖς
740 1099 898 1131 ανάγκην
929 1087 989 1129 τῆς
1020 1086 1097 1120 τῶν
1124 1096 1224 1140 προς·
1240 1086 1280 1118 15
1294 1085 1345 1119 eis
1369 1085 1618 1120 necessitatem
1643 1096 1876 1130 personarum
1908 1086 2035 1121 harum
2059 1086 2369 1130 praesentationis.

149 1146 265 1167 ωπων
289 1145 430 1166 τουτων
454 1130 721 1180 παραστάσεως.
768 1127 849 1164 ἀλλ’
877 1132 937 1165 ἐπὶ
959 1133 1022 1165 τοῦ
1048 1142 1226 1176 παροντος

148 1176 295 1223 εὕρομεν
325 1174 447 1220 δεινήν
475 1190 560 1211 τινα
590 1179 649 1210 καὶ
680 1174 720 1210 οὐ
752 1175 912 1221 φορητὴν
937 1174 1106 1223 ἐπήρειαν
1134 1174 1226 1209 κατὰ

149 1226 208 1265 τῆς
229 1220 311 1267 ἡμῖν
328 1220 616 1266 σπουδαζομένης
632 1222 804 1268 γίνεσθαι
821 1233 875 1255 σω
906 1219 1064 1266 ροσύνης.
1102 1218 1226 1263 ἐπειδὴ

148 1268 215 1315 γὰρ
241 1265 367 1301 αὐτοὺς
389 1266 556 1313 ἐγγυητὰς
580 1266 778 1322 λαμβάνειν
802 1269 870 1301 ἐκω
894 1265 1039 1311 ύσαμεν,
1072 1267 1225 1312 ἐξευρεῖν

340 1312 349 1323 I
384 1315 390 1323 Ι

1294 1130 1363 1165 Sed
1386 1130 1423 1164 in
1447 1131 1627 1174 praesenti
1658 1131 1892 1175 comperimus
1925 1131 2102 1167 crudelem
2134 1131 2312 1176 quandam
2337 1134 2372 1166 et

1292 1175 1541 1220 inportabilem
1575 1176 1785 1210 calumniam
1819 1179 1943 1212 contra
1975 1177 2185 1212 studendam
2215 1187 2237 1212 a
2268 1177 2371 1213 nobis

1292 1220 1370 1255 fieri
1396 1221 1608 1255 castitatem.
1662 1221 1753 1265 Quia
1783 1222 1875 1256 enim
1908 1232 1968 1257 eos
1999 1222 2246 1258 fideiussorem
2276 1222 2370 1258 acci-

1292 1276 1379 1311 pere
1403 1266 1661 1310 prohibuimus,
1687 1267 1865 1301 invenisse
1888 1267 1968 1302 illos
1993 1268 2100 1302 aliam
2123 1268 2216 1303 viam
2239 1269 2285 1304 ad
2306 1268 2371 1303 im-

150 1316 300 1348 ἐκείνους
330 1309 571 1366 ετερανκὸὃρν
602 1313 649 1346 εἰς
680 1315 850 1366 ασέβειαν
882 1311 1037 1359 ἄγουσαν
1060 1313 1280 1367 μείζονα·20
1293 1312 1461 1357 pietatem
1497 1311 1730 1346 deducentem
1764 1312 1949 1347 maiorem:
1991 1312 2240 1349 iusiurandum
2280 1314 2373 1349 enim

150 1357 255 1404 ὅρκον
288 1358 355 1403 γὰρ
387 1368 495 1391 αυτας
525 1360 703 1399 απαιτεῖν,
740 1369 788 1392 ως
819 1354 991 1391 οὐδέποτε
1023 1369 1225 1391 παυσονται

149 1405 210 1446 τῆς
238 1399 386 1446 ἀσεβοῦς
416 1403 548 1445 ἐκείνης
578 1406 638 1436 καὶ
669 1399 865 1447 ἀσχήμονος
892 1405 1067 1449 ἐργασίας,
1102 1401 1164 1436 τὰς
1188 1400 1227 1436 δὲ

149 1450 316 1494 γυναῖκας
336 1445 443 1481 οὔσας
458 1445 590 1482 ἀθλίας
614 1451 673 1481 καὶ
695 1446 792 1482 οὕτω
817 1450 934 1482 κακῶς
957 1448 1226 1492 ἐξηπατημένας

151 1491 310 1546 εὐσεβςεῖν
329 1494 490 1536 νομίζειν
513 1494 612 1541 εἴπερ
635 1490 860 1547 ἀσεβήσαιεν,
885 1496 944 1527 καὶ
963 1494 1022 1527 ἵνα
1043 1493 1226 1539 φυλάξωσι

1294 1367 1355 1392 eas
1379 1357 1535 1401 exigere,
1567 1356 1650 1401 quia
1680 1367 1872 1401 numquam
1904 1358 1950 1392 ab
1980 1358 2089 1402 impia
2119 1358 2180 1392 illa
2212 1362 2247 1393 et
2277 1359 2373 1403 turpi

1294 1403 1500 1447 operatione
1526 1402 1728 1445 cessabunt,
1758 1402 1922 1437 mulieres
1947 1406 2064 1437 autem
2089 1404 2284 1439 existentes
2308 1404 2371 1438 mi-

1294 1457 1392 1483 seras
1424 1451 1459 1482 et
1491 1447 1543 1483 sic
1574 1447 1667 1482 male
1691 1447 1858 1482 seductas
1889 1448 1947 1492 pie
1974 1458 2080 1492 agere
2112 1459 2150 1483 se
2174 1451 2310 1493 putare,
2343 1449 2373 1484 si

1293 1493 1399 1538 impie
1416 1493 1562 1537 egerint,
1587 1497 1622 1528 et
1637 1497 1678 1527 ut
1696 1493 1899 1528 custodiant
1914 1493 2162 1528 iusiurandum
2182 1497 2374 1539 propterea

150 1537 216 1591 τον
246 1551 354 1583 ορκον
384 1536 444 1571 διὰ
467 1540 574 1572 τοῦτο
606 1552 672 1582 την
700 1539 842 1572 ἑαυτων
866 1538 1062 1584 προΐεσθαι
1086 1550 1226 1584 σωφρο-
1240 1540 1279 1573 25
1295 1549 1395 1574 suam
1412 1538 1626 1582 prostituere
1642 1538 1859 1573 castitatem:
1884 1549 1963 1573 cum
1984 1543 2164 1583 oporteret
2179 1550 2375 1584 agnoscere

151 1594 281 1626 συνην·
320 1587 478 1629 καίτοιγε
516 1584 621 1628 ἐχρῆν
653 1583 858 1630 γινώσκειν,
899 1581 946 1618 ὠς
986 1583 1025 1617 αἱ
1060 1586 1226 1618 τοιαῦται

151 1627 371 1675 παραβάσεις
387 1627 520 1672 μᾶλλον
543 1629 730 1675 ἀρέσκουσι
755 1629 834 1672 θεῷ
859 1628 957 1675 παρὰ
980 1629 1041 1663 τὰς
1064 1631 1141 1664 τῶν
1169 1626 1225 1675 ὅρ-

151 1687 228 1727 κων
250 1672 419 1727 τηρῄσεις.
467 1671 507 1728 οῇ
526 1673 593 1729 γρῖιρ
617 1675 652 1708 εἴ
670 1686 723 1729 τις
747 1673 847 1729 παρά
868 1687 964 1709 τινος
984 1671 1090 1720 ὅρκον
1112 1674 1222 1719 λάβοι,

153 1731 201 1753 ως
218 1730 400 1764 φονευσειε
418 1731 525 1774 τυχον
544 1733 565 1762 η
584 1731 846 1774 μοιχευσειενυη
863 1733 900 1754 τι
920 1720 1065 1774 πρεᾴξειε
1088 1721 1229 1754 τοιοῦτο

1295 1584 1379 1629 quia
1416 1584 1617 1619 huiusmodi
1652 1584 1953 1628 transgressiones
1988 1585 2098 1628 magis
2133 1585 2277 1629 placent
2309 1585 2374 1620 deo

1295 1640 1401 1673 quam
1432 1629 1663 1664 iurisiurandi
1687 1629 1964 1665 observationes.
2012 1630 2093 1665 Non
2118 1630 2211 1665 enim
2244 1631 2273 1665 si
2298 1631 2375 1675 quis

1296 1675 1340 1710 ab
1366 1675 1483 1719 aliquo
1507 1674 1753 1710 iusiurandum
1770 1675 1961 1720 acceperit,
1987 1676 2070 1719 quia
2092 1675 2231 1711 occidet
2252 1676 2375 1711 forsan

1298 1723 1360 1755 aut
1396 1720 1656 1755 adulterabitur
1696 1722 1760 1756 aut
1798 1721 1932 1765 aliquid
1972 1724 2054 1764 aget
2090 1721 2163 1756 tale
2202 1721 2374 1765 illicitum,

152 1763 299 1806 ἄτοπον,
338 1763 393 1798 δεῖ
422 1763 672 1810 φυλάττεσθαι
704 1778 769 1800 τον
799 1778 908 1813 ορκον
942 1777 1055 1818 ουτως
1080 1764 1228 1810 αἰσχρόν
1242 1768 1282 1800 30
1298 1769 1438 1810 oportet
1459 1766 1592 1801 servari
1608 1765 1866 1808 iusiurandum,
1888 1769 2013 1811 utpote
2033 1777 2113 1801 eum
2133 1767 2180 1802 sit
2202 1767 2254 1801 ita
2272 1770 2375 1812 turpe

152 1822 191 1843 τε
213 1813 272 1843 καὶ
296 1807 435 1844 ἄτοπον
455 1813 514 1843 καὶ
533 1811 580 1844 εἰς
599 1808 784 1845 ἀπώλειαν
803 1810 947 1858 ἄγοντα.
986 1808 1075 1845 ὡςτε
1096 1811 1227 1851 ἐξέστω

151 1855 196 1901 τῇ
219 1858 369 1901 γυναικί,
394 1853 462 1889 κᾶν
477 1856 509 1889 εἰ
527 1854 593 1890 τὸν
612 1857 778 1890 τοιοῦτον
798 1853 906 1904 ὅρκον
935 1853 1109 1902 ὂμόσειεν,
1145 1853 1228 1890 ἀνα-

151 1902 281 1947 χωρεῖν
311 1901 371 1943 τῆς
400 1902 464 1934 τοῦ
497 1896 601 1948 ὅρκου
632 1899 759 1936 τούτου
781 1905 922 1949 πικρίας
945 1905 1006 1936 καὶ
1028 1904 1229 1948 σωφρονεῖν

1298 1814 1334 1846 et
1355 1811 1518 1846 illicitum
1544 1814 1578 1846 et
1601 1811 1647 1846 ad
1670 1811 1904 1855 perditionem
1929 1811 2119 1847 deducens.
2157 1812 2313 1857 Ideoque
2333 1813 2374 1847 li-

1301 1860 1379 1892 ceat
1402 1857 1556 1898 mulieri,
1588 1856 1673 1891 licet
1695 1857 1898 1892 huiusmodi
1928 1857 2173 1892 iusiurandum
2196 1858 2374 1900 iuraverit,

1298 1901 1464 1938 recedere
1494 1912 1516 1937 a
1545 1902 1775 1938 iurisiurandi
1805 1903 1911 1938 huius
1943 1903 2180 1938 amaritudine
2212 1907 2247 1938 et
2278 1907 2376 1939 caste

196 1991 280 2025 Νου.
294 1992 351 2025 LI
370 1992 577 2032 (Audierit-L
597 2010 642 2022 =
669 1994 748 2027 Coll.
772 1994 806 2027 V
824 1995 920 2029 tz't.4:
946 1995 1057 2038 yloss.)
1082 1995 1206 2029 Graece
1228 2001 1313 2027 extat
1338 1995 1370 2027 in
1390 1993 1473 2027 ML.
1506 2014 1549 2017 ——
1582 1995 1672 2037 Epit.
1701 1994 1820 2027 Theod.
1835 1996 1874 2028 51
1902 1995 1989 2036 (inde
2014 1996 2050 2028 B
2075 1996 2129 2038 60,
2145 2002 2181 2030 38
2205 2002 2282 2030 extr.
2308 2008 2376 2029 cum

150 2037 262 2080 schol„
287 2050 325 2070 ex
348 2038 384 2071 B
407 2040 484 2072 citat
506 2039 604 2072 schol.
630 2039 763 2073 Nomoc.
785 2041 884 2073 XIV
901 2041 947 2073 tit.
972 2041 1023 2082 13,
1046 2047 1077 2074 18
1100 2053 1134 2084 p.
1150 2041 1216 2073 624
1240 2039 1362 2082 Piera),
1397 2041 1517 2073 Athan.
1547 2041 1597 2083 12,
1616 2047 1643 2073 2.
1691 2039 1812 2074 Iulian.
1839 2048 1936 2073 const.
1963 2040 2030 2073 XL
2041 2041 2079 2074 V.

198 2107 254 2138 pr.
276 2107 398 2128 summa
423 2102 510 2129 extat
533 2096 666 2130 Nomoc.
692 2096 793 2129 XIV
808 2097 853 2129 tit.
874 2098 924 2139 13,
942 2104 985 2130 18.

1232 2215 1295 2251 LI.

343 2282 443 2332 ΝΕ
472 2282 517 2332 Α
553 2283 925 2332 SCAENICJS
958 2282 1408 2333 MULIERIBUS
1438 2283 1576 2333 AUT
1603 2283 2014 2335 FIDEIUSSIO
2048 2286 2189 2336 AUT

489 2350 985 2400 IUSIURANDUM
1017 2349 1245 2400 PERSE
1253 2350 1653 2401 VERANTJAE
1681 2350 2043 2402 EXIGATUB.

344 2428 445 2464 Idem
470 2429 657 2474 Auqustus
680 2427 840 2464 Iohanni
857 2429 1051 2475 praefecto
1074 2429 1264 2474 praetorio
1282 2440 1355 2476 per
1382 2428 1559 2465 Orientem
1582 2429 1722 2473 iterum,
1751 2430 1943 2466 exconsuli
1966 2435 2001 2466 et
2017 2432 2190 2477 patricio.

301 2495 557 2541 Praefatio.
614 2495 754 2531 Scimus
778 2507 844 2531 nos
865 2507 981 2542 nuper
1004 2495 1116 2541 leqem
1138 2496 1270 2541 fecisse
1301 2507 1394 2542 quae
1427 2500 1524 2532 vetat
1552 2497 1718 2543 cuiquam
1750 2509 1827 2534 esse
1851 2498 2031 2534 licentiam
2055 2510 2078 2534 a
2102 2500 2310 2536 mulieribus
2335 2503 2374 2536 in

155 2553 321 2579 scaenam
339 2541 605 2587 prodeuntibus
625 2541 857 2586 fideiussores
879 2541 1051 2587 exiqencli
1081 2552 1121 2576 eo
1146 2541 1289 2577 nomine
1313 2546 1353 2576 ut
1368 2546 1671 2588 perseveraturae
1693 2543 1766 2577 sint
1789 2547 1823 2578 et
1846 2544 1992 2589 impiam
2027 2556 2175 2591 operam
2206 2557 2372 2591 persecu-

157 2593 260 2624 turae
284 2587 557 2633 opportunitate
573 2587 820 2632 paenitentiae
836 2588 1018 2633 privatae,
1043 2590 1151 2631 atque
1173 2597 1309 2631 poenas
1333 2592 1514 2622 extremas
1537 2599 1602 2623 nos
1625 2599 1701 2623 esse
1724 2588 1909 2624 minitatos
1931 2589 1977 2623 iis
2001 2590 2064 2635 qui
2087 2590 2262 2625 eiusmodi
2281 2592 2372 2636 fide-

155 2633 331 2668 iussiones
354 2632 398 2667 ab
422 2632 467 2666 iis
491 2631 653 2677 exiqant,
683 2636 939 2678 praeterquam
963 2631 1063 2677 quod
1084 2631 1156 2677 ipsi
1175 2631 1409 2676 fideiussores
1432 2632 1558 2677 officio
1588 2644 1662 2668 non
1686 2636 1875 2669 teneantur
1906 2645 1971 2669 nec
1994 2634 2070 2669 ulla
2097 2635 2142 2670 iis
2164 2635 2373 2687 imponatur

156 2677 349 2714 necessitas
365 2687 549 2722 personas
568 2676 651 2712 illas
670 2676 872 2712 exhibendi.
919 2676 993 2711 Sed
1010 2677 1047 2710 in
1063 2677 1272 2722 praesentia
1296 2678 1534 2723 comperimus
1556 2689 1702 2723 qravem
1724 2679 1883 2724 aliquam
1906 2690 1971 2714 nec
1988 2680 2179 2725 ferendam
2199 2681 2372 2716 iniuriam

155 2722 314 2758 castitati
338 2732 445 2766 quam
469 2726 648 2757 sectamur
670 2722 814 2767 inferri.
862 2721 957 2756 Nam
981 2722 1151 2772 quoniam
1175 2722 1365 2766 quominus
1385 2722 1617 2767 fideiussores
1637 2724 1843 2770 acciperent
1857 2723 2124 2769 prohibuimus,
2155 2726 2238 2761 illos
2262 2726 2373 2762 aliam

155 2767 383 2813 excoqitasse
406 2767 499 2802 viam
524 2778 617 2812 quae
640 2766 689 2801 ad
711 2767 882 2802 maiorem
905 2767 1121 2813 impietatem
1144 2766 1267 2801 ducat:
1292 2767 1542 2802 iusiurandum
1563 2768 1655 2804 enim
1676 2780 1698 2803 a
1718 2769 1925 2805 mulieribus
1948 2770 2095 2816 exiqere
2118 2782 2156 2806 se
2177 2782 2372 2817 numquam

156 2813 200 2848 ab
224 2812 335 2859 impia
358 2811 423 2846 illa
446 2816 483 2847 et
506 2812 604 2858 turpi
628 2823 741 2858 opera
764 2823 840 2847 esse
863 2812 1068 2854 destituras,
1100 2812 1248 2846 miseras
1272 2815 1390 2846 autem
1414 2812 1579 2848 mulieres
1613 2817 1722 2859 atque
1747 2817 1818 2849 tam
1842 2815 1934 2850 male
1958 2815 2127 2861 deceptas
2156 2822 2289 2862 putare
2311 2818 2373 2863 pie

154 2870 193 2893 se
217 2868 336 2904 aqere,
361 2867 439 2891 cum
464 2857 570 2903 impie
594 2861 717 2902 aqant,
741 2861 776 2892 et
795 2862 836 2892 ut
854 2861 994 2893 servent
1015 2860 1277 2892 sacramentum
1307 2861 1503 2903 propterea
1532 2869 1634 2892 suam
1651 2859 1877 2904 prostituere
1898 2860 2127 2906 pudicitiam,
2153 2872 2232 2896 cum
2254 2866 2372 2898 tamen

156 2914 261 2939 nosse
284 2902 451 2937 deberent
474 2902 648 2937 eiusmodi
667 2902 776 2947 fidem
808 2902 979 2938 violatam
1006 2902 1072 2938 deo
1103 2902 1219 2948 maqis
1243 2902 1395 2953 placere
1426 2913 1534 2947 quam
1564 2907 1871 2939 sacramentorum
1905 2906 2197 2941 observationem.
2246 2906 2372 2953 Neque

155 2948 248 2984 enim
271 2948 303 2982 si
327 2947 407 2992 quis
430 2958 534 2992 quem
557 2947 792 2982 iureiurando
817 2947 1032 2993 adstrinqat‚
1064 2951 1105 2982 ut
1128 2946 1356 2982 homicidium
1379 2947 1480 2992 forte
1503 2948 1559 2982 vel
1582 2948 1797 2984 adulterium
1821 2951 2019 2985 committat
2051 2951 2106 2986 vel
2128 2952 2204 2986 eius
2229 2954 2372 2997 qeneris

156 2992 304 3028 absurdi
327 2992 415 3037 quid
435 2993 565 3037 faciat,
591 2996 735 3038 oportet
756 3003 902 3028 servare
924 2992 1173 3027 iusiurandum
1198 2992 1287 3027 adeo
1315 2995 1419 3044 turpe
1442 2996 1477 3027 et
1495 2992 1688 3028 absurdum
1711 2997 1746 3029 et
1769 2994 1818 3028 ad
1829 2995 2029 3046 perniciem
2053 2995 2195 3031 ducens,
2240 2996 2372 3043 Itaque

157 3038 263 3072 liceat
284 3037 435 3078 mulieri,
467 3037 606 3072 etiamsi
630 3037 701 3072 tate
728 3037 978 3072 iusiurandum
1002 3037 1240 3083 praestiterit,
1273 3037 1316 3071 ab
1349 3048 1424 3072 eius
1454 3037 1691 3073 iurisiurandi
1723 3039 1918 3075 acerbitate
1948 3041 2112 3076 recedere
2139 3045 2248 3087 atque
2272 3047 2370 3078 caste

203 3140 320 3172 2rubr.
341 3135 387 3170 ‘H
398 3135 556 3176 διάταξις
574 3136 742 3180 βούλεται
760 3136 822 3171 τὰς
838 3139 897 3172 ἐπὶ
917 3139 1044 3181 σκηνῆς
1061 3136 1101 3171 οὗ
1116 3137 1228 3182 μόνον

158 3184 188 3216 εἰ
202 3183 263 3224 (εἰς
275 3183 358 3224 cod.)
379 3180 551 3227 ἐγγυητὴν
571 3181 787 3228 παράσχοιεν
805 3185 864 3215 καὶ
884 3181 928 3216 τὰ
949 3183 1025 3225 ἑξῆς
1037 3185 1112 3217 ΑεΙι.
1127 3185 1182 3227 (cf
1197 3185 1227 3222 ς)

159 3231 248 3273 Περὶ
263 3227 341 3261 τῶν
358 3228 418 3260 ἐπὶ
438 3227 564 3269 σκηνῆς
585 3227 702 3261 Theod.
727 3227 761 3270 (ἡ
777 3230 858 3273 περὶ
878 3228 954 3261 τῶν
975 3230 1154 3271 σκηνικῶν
1171 3226 1226 3262 να’

158 3270 269 3319 νεαρά
292 3273 437 3313 Nomoc.)
472 3273 484 3315 ΙΙ
509 3274 526 3304 7
553 3271 643 3305 ἐώας
664 3274 695 3306 L
720 3273 731 3316 Η
764 3276 967 3318 πατρικίων
986 3275 1017 3306 L
1047 3273 1059 3318 Η
1091 3276 1109 3308 8
1131 3274 1228 3318 πρῶ-

157 3332 222 3352 τον
242 3319 475 3359 πεποιηκέναι
498 3319 549 3350 cit.
566 3318 685 3350 Theod.
703 3318 715 3361 ΙΙ
740 3320 980 3360 πεποιημένον
993 3320 1050 3352 Ma
1068 3319 1079 3362 ΙΙ
1104 3316 1227 3362 νόμον]

159 3377 228 3398 nov.
239 3363 362 3406 XIVss
379 3364 398 3396 9
412 3359 549 3405 μηὸ***
567 3364 617 3395 La
634 3362 646 3405 ΙΙ
664 3361 828 3405 εἰσκηνὴν
840 3364 884 3395 Μ
898 3364 909 3406 ΙΙ
928 3366 968 3397 10
983 3365 1042 3407 leq.
1056 3360 1205 3410 ἐγγύαςῖ)
1217 3362 1229 3408 Η

162 3412 199 3443 11
226 3406 455 3453 μεταμελείας
479 3407 526 3440 L2
554 3407 566 3452 Η
595 3409 632 3441 12
654 3404 716 3440 οὐκ
740 3421 797 3440 om.
812 3409 859 3440 L¹
883 3408 894 3451 ΙΙ
927 3410 968 3443 18
993 3405 1095 3451 ἡμῶν
1119 3420 1227 3443 σπου-

160 3452 359 3497 δαζομένην
372 3454 415 3486 M
429 3453 441 3497 ΙΙ
458 3451 689 3498 σωφροσύνης
707 3452 878 3498 γίνεσθαι
897 3454 947 3486 La
962 3453 974 3497 ΙΙ
995 3456 1035 3487 19
1049 3453 1226 3500 ἐγγυητὰς]

158 3500 379 3532 fideiussorem
393 3510 412 3534 ς
432 3500 444 3542 ΙΙ
472 3500 514 3532 24
539 3494 708 3540 εὐσεβεῖν]
733 3494 874 3538 ἀσεβεῖν
892 3499 922 3531 L
938 3497 950 3537 ΙΙ
980 3498 1079 3546 εἴπερ
1103 3496 1228 3543 ἀσεβή-

160 3555 262 3577 σαιια*
284 3545 332 3577 L¹
363 3543 463 3588 εἴπερ
485 3541 534 3587 μὴ
557 3540 770 3585 ἀσεβήσαιεν
787 3544 835 3576 L2
851 3543 862 3587 ΙΙ
890 3545 932 3577 26
958 3540 1004 3576 ὥς
1026 3547 1085 3577 καὶ
1109 3544 1149 3578 αἱ
1165 3546 1196 3578 L
1218 3546 1229 3587 Η

160 3591 202 3623 29
222 3587 441 3632 μοιχεύσοιεν
460 3586 481 3631 ἢ
500 3591 539 3622 τί
557 3587 706 3634 πράξοιε
727 3589 772 3622 Μ

206 3680 222 3711 1
235 3692 282 3721 sq.
298 3679 337 3724 R:
357 3681 385 3712 L
404 3679 458 3724 VH
477 3682 496 3714 2
512 3680 740 3713 fideiussorum
760 3678 815 3723 VH
835 3681 853 3713 3
866 3680 1035 3721 praestant
1050 3680 1126 3713 libri
1138 3679 1151 3723 ΙΙ
1169 3683 1190 3714 4
1204 3681 1231 3713 si

161 3735 219 3756 om.
232 3723 309 3768 R¹u
327 3727 346 3758 5
359 3725 551 3760 descendere
564 3726 598 3759 R
622 3725 803 3759 descendum
826 3725 873 3758 V¹
892 3723 905 3768 ΙΙ
921 3725 941 3758 9
961 3725 998 3756 in
1020 3725 1096 3758 add.
1112 3726 1197 3769 vuly.
1220 3726 1231 3769 ᾗ

1296 3149 1408 3171 scenas
1432 3139 1479 3171 Ιιη
1511 3139 1522 3181 ΙΙ
1553 3141 1592 3172 12
1617 3149 1734 3180 penam
1766 3141 1814 3173 V³
1842 3140 1854 3184 Η
1881 3141 2094 3174 nouissimam
2127 3144 2164 3181 V,
2197 3144 2303 3186 lsimas
2327 3164 2370 3169 —

1300 3186 1339 3217 14
1363 3184 1544 3225 obligatore
1568 3197 1629 3217 scr.
1645 3185 1695 3216 R2
1708 3187 1740 3218 in
1753 3198 1819 3218 ras.
1836 3188 1850 3219 1
1868 3199 1947 3219 versu
1974 3187 1985 3229 ΙΙ
2013 3189 2053 3220 13
2077 3187 2319 3222 fideiiussiones
2338 3191 2371 3222 R

1295 3229 1501 3261 fideiussione
1522 3230 1569 3261 V·
1589 3229 1600 3272 ΙΙ
1617 3229 1835 3263 fideiiussores
1855 3231 1888 3264 R
1913 3230 1925 3275 ΙΙ
1954 3233 1995 3265 14
2015 3232 2097 3273 sine]
2126 3246 2164 3263 *2-
2188 3234 2239 3266 V¹
2258 3234 2269 3276 ΙΙ
2285 3235 2370 3267 obli-

1295 3276 1408 3315 gatorc
1431 3274 1505 3314 ΒΡ)
1529 3274 1541 3316 ΙΙ
1570 3274 1694 3307 inferre
1719 3276 1768 3307 Ra
1798 3275 1809 3318 ΙΙ
1841 3278 1880 3309 15
1904 3280 2133 3319 personarum]
2159 3281 2191 3310 et
2214 3290 2369 3321 persona—

1295 3330 1370 3351 rum
1382 3320 1415 3351 R
1432 3319 1443 3362 ΙΙ
1460 3319 1740 3361 praesentationes
1750 3322 1819 3353 RT
1828 3322 2145 3363 inpraesentationes
2163 3324 2213 3368 V}
2240 3326 2279 3358 16
2294 3336 2368 3358 eru-

1297 3364 1413 3403 delem]
1440 3364 1612 3396 cudssem
1633 3365 1682 3397 V¹
1701 3365 1712 3407 ΙΙ
1737 3367 1776 3399 18
1789 3366 1994 3399 fideiussores
2008 3368 2093 3411 vuly.
2114 3367 2126 3411 ΙΙ
2150 3370 2192 3402 20
2229 3370 2369 3404 educen-

1297 3411 1361 3441 tem
1383 3410 1519 3451 Vvulq]
1545 3410 1718 3442 ducentem
1734 3411 1802 3443 RT
1822 3410 1833 3455 ΙΙ
1861 3413 1903 3445 22
1925 3412 2148 3454 operationem
2162 3414 2195 3446 R
2217 3413 2229 3458 Η
2253 3417 2295 3449 23
2314 3416 2369 3449 de-

1296 3455 1410 3486 ductas
1430 3454 1486 3497 Vl}
1514 3456 1642 3497 putare]
1666 3466 1799 3497 pumat*
1822 3457 1872 3490 V¹
1889 3457 1901 3499 ΙΙ
1929 3459 1972 3491 24
1993 3458 2098 3499 egerit
2121 3458 2171 3491 13¹
2197 3458 2210 3503 ΙΙ
2242 3462 2284 3495 25
2309 3473 2369 3494 sua

1295 3519 1339 3523 —
1362 3500 1511 3532 castitate
1543 3500 1602 3541 V1,
1633 3502 1849 3543 comperimus
1874 3510 1947 3536 ante
1972 3503 2154 3536 castitatem
2180 3506 2255 3538 add.
2278 3507 2327 3540 V³
2358 3508 2369 3548 Η

1296 3547 1427 3587 oportet
1448 3544 1506 3588 Vll
1530 3546 1572 3578 26
1589 3546 1704 3588 magis]
1727 3547 1836 3579 minus
1858 3548 1910 3580 Va
1926 3547 1938 3591 ΙΙ
1964 3549 2005 3582 28
2028 3548 2336 3585 iurisiurandumR
2359 3552 2371 3597 ΙΙ

1297 3590 1418 3622 occidit
1439 3590 1486 3622 V¹
1507 3589 1519 3632 ΙΙ
1534 3590 1644 3623 forsan
1666 3592 1743 3633 VT]
1769 3592 1907 3624 forsitan
1931 3593 2064 3637 Rvulq.
2084 3594 2096 3636 ΙΙ
2120 3596 2162 3628 29
2187 3599 2274 3638 aget]
2300 3599 2370 3639 agit

1306 3635 1442 3668 Vom.R
1458 3633 1469 3679 ss
1488 3634 1608 3668 illicito
1621 3637 1734 3681 R¹Vn
1754 3639 1792 3670 31
1809 3637 1971 3670 deducens
1987 3639 2032 3680 V]
2051 3639 2172 3673 ducens
2184 3641 2343 3687 RTvulq.
2359 3643 2371 3688 Η

1299 3682 1341 3714 33
1365 3680 1570 3713 uui-iurandi
1591 3682 1643 3714 V¹
