2618 4010
280 147 386 190 Nov.
401 144 536 189 XCIV
567 148 602 187 1.
633 146 660 186 2

278 255 408 300 νόμους
429 255 498 298 τὴν
522 252 738 298 κηδεμονίαν
759 251 936 288 ὑπελθεῖν
958 250 1141 295 ἅντετέθη
1165 251 1265 298 παρὰ
1288 251 1356 287 τὸν

291 300 384 345 ’μέτε
407 313 450 334 ον
481 299 620 334 σκοπὸν
650 297 722 333 ὑπό
754 312 870 334 τινων
905 295 968 332 οὐκ
998 295 1123 342 ὀρθῶς
1153 295 1174 340 ἦ
1206 295 1355 340 τοιαύτη

303 314 456 385 adsurgis,
488 341 702 388 βουλόμεθα
725 345 790 377 τοῦ
813 343 928 388 νόμου
959 344 1023 377 τοῦ
1047 343 1164 376 ταῦτα
1194 340 1357 389 λέγοντος

277 392 356 424 τῶν
378 391 545 434 μητέρων
567 388 792 433 ἐξαιρεῖσθαι
815 388 863 423 τὰ
887 387 1072 432 πρόςωπα.
1119 387 1269 432 πρῶτον
1289 388 1357 431 μὲν

277 435 348 481 γὰρ
379 435 526 480 πρᾶγμα
557 434 841 478 εἰςενηνεγμένον
872 430 963 478 ὑπὲρ
986 432 1064 466 τῶν
1086 434 1182 466 νέων
1210 428 1264 466 ἀεὶ
1287 444 1356 466 κω-

279 478 386 514 λῦσαι
408 480 475 513 νῦν
506 479 583 512 τῶν
613 473 865 512 ἀτοπωτάτων
895 476 1103 524 ἡγούμεθα,
1135 478 1262 511 ἔπειτα
1293 473 1356 511 οὐκ

279 524 325 559 ἄν
354 535 407 558 τις
437 523 506 566 τὴν
535 520 649 566 αὐτὴν
679 523 786 557 θοῖτο
816 522 921 563 τάξιν
945 523 988 568 τῇ
1019 535 1058 556 τε
1086 525 1195 567 μητρὶ
1224 524 1296 556 τοῖς
1317 533 1358 555 τε

280 567 407 603 ἄλλοις.
455 568 524 623 τὴν
547 570 613 612 μὲν
636 567 705 614 γὰρ
729 566 867 614 φύσεως
891 569 979 613 ἔρως
1003 563 1149 611 εὐσεβὴς
1172 570 1254 612 περὶ
1276 566 1358 600 τοὺς

280 612 412 648 παῖδας
431 610 646 648 ἇνυποπτον
668 609 836 647 ἀποτελεῖ
857 612 903 646 τὰ
927 611 1060 654 πολλά,
1091 615 1163 646 τοῖς
1192 609 1231 646 δὲ
1259 608 1357 646 οὐδε-

1337 137 1423 186 462

1956 153 2016 184 UT
2045 151 2145 184 SINE
2175 147 2496 183 PROHIBmolm

1422 249 1519 294 leges
1549 258 1672 286 curam
1701 249 1822 286 subire
1848 250 1990 288 obiecta
2018 252 2076 288 est
2106 252 2233 286 contra
2257 250 2417 286 nostram
2438 249 2493 284 in-

1423 294 1618 330 tentionem
1652 294 1698 330 ab
1729 294 1908 340 aliquibus
1942 306 2015 333 non
2048 299 2145 332 recte
2179 293 2382 331 huiusmodi
2409 303 2493 330 con-

1425 339 1579 382 stitutio,
1611 338 1775 376 volumus
1803 339 1842 374 in
1868 340 1946 385 lege
1975 341 2064 378 haec
2093 341 2232 377 dicente
2254 342 2410 375 matrum
2432 348 2494 374 ex-

1425 383 1497 429 cipi
1519 393 1701 429 personas.
1749 383 1906 420 Primum
1926 385 2066 430 quidem
2088 396 2233 422 causam
2255 384 2494 421 introductam

1392 434 1491 474 5pro
1513 428 1710 465 minoribus
1738 438 1877 474 semper
1923 430 2086 467 rohibere
2108 432 2212 467 modo
2235 429 2501 475 ineptissimum⁴

1425 473 1664 516 aestimamus,
1696 473 1825 509 deinde
1848 485 1871 509 n
1924 484 1966 511 us
1988 475 2134 512 eandem
2156 476 2298 522 (ponet)
2321 474 2493 511 constitu-

1425 519 1556 554 tionem
1579 520 1617 554 et
1631 518 1736 554 matri
1759 521 1796 554 et
1818 518 1918 554 aliis:
1952 529 2032 555 cum
2053 521 2149 556 illam
2171 530 2323 566 namque
2346 524 2495 555 naturae

1426 573 1525 599 amor
1555 564 1635 609 pius
1668 564 1765 599 circa
1795 563 1886 599 filios
1917 563 1993 600 sine
2016 565 2216 610 suspicione
2243 566 2355 602 faciat
2388 574 2494 610 quam

1425 608 1634 654 plurimum,
1665 608 1734 644 illis
1766 609 1900 644 nullam
1930 609 2142 646 habentibus
2173 610 2219 647 ad
2241 610 2333 647 filios
2361 609 2494 646 favoris

279 662 368 703 μίαν
392 659 509 702 ἔχουσι
533 658 623 705 πρὸς
647 657 727 692 τούς
751 656 882 693 παῖδας
914 654 1075 704 ἀνάγκην
1107 654 1244 691 εὐνοίας
1267 654 1357 690 stud·
1373 658 1413 691 10
1425 654 1689 697 necessitatem,
1725 655 1823 689 recte
1854 663 1927 690 non
1957 656 2012 689 est
2041 654 2211 692 matribus
2243 655 2493 700 derogandum.

279 715 351 739 τως
385 702 427 738 οὗ
457 701 691 749 παραβλητεά
721 702 767 737 τοὶ
800 703 878 737 τῶν
911 705 1078 749 μητέρων
1113 704 1223 736 ἐστίν.
1271 698 1359 736 ῶςτε

281 747 386 783 ἄδεια
408 751 504 783 ἔστω
533 751 611 782 ταῖς
632 746 788 794 μητράσι
812 748 904 801 κατὰ
928 747 997 790 τὴν
1021 745 1357 802 ἀρχαίανιπαρατή-

282 805 388 848 ρησιν
411 790 722 838 άποταττομέναις
754 795 814 826 καὶ
837 792 1194 848 υποτιθεμέναιςγτα
1217 792 1359 826 ἑαυτῶν
1383 797 1386 800 ’

282 852 494 893 πραγματα,
525 837 697 883 καθάπερ
720 837 899 884 πρότερον
922 849 1099 893 σχηματος
1121 851 1176 892 ηγ,
1209 841 1269 872 καὶ
1297 833 1359 872 ἆν-

1425 698 1580 744 Ideoque
1613 699 1758 734 licentia
1793 698 1840 735 sit
1873 698 2047 734 matribus
2081 701 2275 737 secundum
2311 701 2495 746 antiquam

1427 744 1711 780 observationem
1734 743 2071 780 abrenuntiantibus
2094 747 2131 780 et
2154 744 2224 779 obl·
2293 746 2390 781 tibus
2411 755 2496 780 suas

1426 799 1495 831 ree,
1519 789 1626 825 sicuti
1649 789 1749 835 prius
1773 789 1918 825 schema
1939 789 2018 832 fuit,
2044 790 2080 824 et
2102 789 2195 825 tueri
2255 790 2307 826 'os
2330 793 2368 826 et
2389 790 2496 826 talem

1426 834 1745 880 praescriptionem
1776 844 1848 870 non
1877 833 2088 876 formidare,
2123 834 2186 870 sed
2215 834 2268 870 ita
2301 844 2408 881 super
2441 835 2497 870 his

281 883 576 939 τιλαμβανεσθαι
598 885 675 918 τῶν
698 881 845 918 παίδων
873 886 932 918 καὶ
959 897 1028 926 την
1050 896 1222 938 τοιαυτην
1246 895 1360 928 παρα·
1375 885 1415 918 15
1428 890 1506 916 esse
1540 890 1583 915 ac
1615 880 1645 915 si
1675 890 1742 915 nec
1774 879 1821 915 ab
1851 879 1952 915 initio
1985 879 2190 924 contigisset
2220 879 2331 924 legem
2361 879 2399 915 in
2427 879 2497 915 hoc

283 942 424 976 γραφη-ν
454 928 503 973 μὴ
535 927 706 969 δεδιέναι,
737 925 817 962 ἄλλ’
841 925 938 963 οὕτω
962 928 1007 962 τὰ
1032 926 1092 964 ἐπ’
1111 931 1235 962 αυταῖς
1258 927 1359 969 εἶναι,

284 973 333 1009 ὣς
356 973 404 1009 ἂν
419 975 450 1008 εἰ
473 971 564 1018 μηδὲ
586 974 653 1017 τὴν
669 970 778 1019 ἀρχὴν
802 973 996 1020 ἐτύγχανεν
1020 970 1039 1007 ὁ
1064 972 1172 1017 νόμος
1196 975 1255 1008 ἐπὶ
1278 971 1360 1008 τού-

285 1034 337 1064 τῳ
359 1022 608 1066 γεγραμμένος.
652 1015 740 1053 ῶςτε
764 1019 834 1053 εἴτε
858 1022 1005 1064 προῖκας
1028 1019 1098 1053 εἴτε
1122 1022 1361 1066 προγαμιαίας

284 1063 482 1100 ἀπαιτοῦσι
514 1063 648 1110 δωρεὰς
679 1064 750 1098 εἴτε
773 1065 880 1118 ἕτερα
902 1061 1095 1120 ὀφλήματα
1119 1066 1259 1107 ἔχουσιν
1290 1063 1360 1098 εἴτε

1429 925 1547 961 scribi.
1595 925 1822 970 Quapropter
1854 924 1927 961 sive
1957 924 2057 960 dotes
2081 925 2154 961 sive
2181 924 2413 970 sponsalicias
2436 935 2496 961 ex-

1427 970 1530 1015 igunt
1552 970 1735 1015 largitates
1765 969 1838 1006 sive
1867 969 1938 1005 alia
1969 969 2090 1005 debita
2111 969 2245 1006 habent
2273 969 2347 1006 sive
2369 972 2498 1006 matres

1429 1016 1475 1051 ad
1490 1015 1643 1051 minores
1660 1015 1734 1051 sive
1748 1015 1901 1052 minores
1919 1014 1965 1050 ad
1979 1017 2122 1057 matres,
2146 1025 2189 1050 ex
2203 1014 2361 1061 paternis
2375 1014 2499 1051 forsan

1430 1061 1681 1097 occasionibus
1712 1063 1777 1096 aut
1805 1060 1911 1096 etiam
1942 1070 1986 1096 ex
2016 1060 2171 1106 propriis
2202 1059 2326 1102 (multa
2349 1069 2501 1104 namque

285 1109 324 1144 αἱ
340 1113 485 1156 μητέρες
505 1109 594 1156 πρὸς
618 1109 700 1143 τοὺς
723 1113 820 1144 νεόυς
844 1111 914 1143 sin
937 1122 971 1143 οι
994 1112 1068 1144 νεόι
1099 1110 1189 1155 πρὸς
1213 1110 1274 1144 τὰς
1297 1122 1360 1153 μη-
1375 1111 1417 1144 20
1430 1106 1579 1151 quilibet
1595 1106 1757 1150 cogitans
1777 1107 1814 1141 et
1830 1105 2059 1141 considerans
2078 1105 2300 1148 adinveniet),
2321 1105 2393 1141 sint
2410 1105 2499 1158 haec

283 1158 396 1201 τέρας,
421 1157 459 1188 ἐκ
476 1153 661 1202 πατρῴων
684 1155 770 1189 ἴσως
793 1152 1013 1201 προφάσεων
1036 1153 1059 1198 ἢ
1082 1158 1142 1189 καὶ
1165 1155 1204 1195 ἐξ
1219 1156 1362 1189 οἰκείων
1429 1152 1567 1196 integra
1590 1153 1769 1196 utrimque
1785 1151 1977 1186 secundum
1999 1151 2136 1196 priores
2157 1150 2426 1187 constitutiones
2446 1160 2500 1185 ιιι-

287 1199 415 1239 (πολλά
439 1198 478 1234 δὲ
493 1199 541 1234 ἄν
561 1211 613 1234 ’τις
628 1201 814 1243 μεριμνῶν
833 1203 892 1234 καὶ
912 1201 1144 1245 περισκοπῶν
1160 1197 1363 1247 εὖρήσειεν),
1430 1196 1583 1232 dicanda
1607 1201 1642 1231 et
1663 1195 1867 1238 tractanda,
1898 1197 1970 1232 Sive
1993 1196 2225 1241 legitimorum
2257 1195 2331 1232 sive
2353 1199 2499 1231 natura·

286 1247 380 1279 ἔστω
402 1246 518 1279 ταῦτα
534 1245 766 1289 ἑκατέρωθεν
782 1242 947 1291 ἀκέραια,
969 1245 1059 1279 κατὰ
1076 1245 1136 1279 τὰς
1152 1245 1363 1291 ἔμπροσθεν
1430 1242 1517 1277 lium
1543 1247 1655 1277 mater
1678 1241 1830 1278 filiorum
1852 1241 2000 1277 tutelam
2021 1244 2132 1286 gerat.

286 1289 465 1331 διατάξεις
495 1289 703 1343 κρινόμενά(
723 1303 763 1324 τε
792 1293 851 1324 καὶ
875 1289 1151 1334 πολιτευόμενα,
1184 1291 1254 1325 εἴτε
1281 1304 1363 1337 γνη·

286 1339 380 1370 σίων
402 1336 474 1370 εἴτε
498 1337 660 1381 φυσικῶν
684 1349 706 1379 η
729 1334 844 1381 μήτηρ
867 1333 1014 1371 παίδων
1036 1335 1272 1382 ἐπιτροπεύει.
1376 1336 1418 1370 25

1278 1446 1434 1483 CAPUT
1457 1446 1505 1482 11.

340 1512 486 1558 Ἐπειδὴ
511 1512 551 1549 δὲ
573 1513 709 1558 πολλὴν
739 1516 867 1559 ἥκομεν
894 1511 1086 1559 εὐλάβειαν
1116 1515 1181 1549 τοῦ
1204 1515 1254 1559 μὴ
1279 1526 1363 1561 προ-
1484 1513 1575 1558 Quia
1597 1523 1680 1549 vero
1703 1512 1849 1549 multam
1872 1513 2045 1550 habemus
2068 1513 2306 1558 formidinem,
2329 1523 2375 1549 ne
2398 1512 2503 1548 facile

287 1565 411 1605 χείρως
441 1556 565 1605 ὅρκους
594 1560 687 1594 κατὰ
718 1561 782 1594 τοῦ
805 1559 961 1605 μεγάλου
983 1560 1075 1594 θεοῦ
1100 1558 1274 1594 δίδοσθαι
1303 1563 1364 1594 καὶ
1431 1558 1675 1594 iusiurandum
1706 1569 1770 1603 per
1792 1569 1955 1603 magnum
1987 1559 2092 1594 deum
2116 1559 2219 1594 detur
2248 1562 2285 1594 et
2307 1558 2376 1594 hoc
2398 1567 2502 1604 prae·

287 1606 433 1641 τούτους
464 1606 783 1651 παραβαίνεσθαι,
816 1603 877 1639 διὰ
901 1606 1008 1639 τοῦτο
1033 1602 1210 1650 ᾠήθημεν
1236 1607 1364 1651 χρῆναι
1432 1604 1619 1648 varioetur,
1662 1607 1856 1649 propterea
1890 1604 2102 1640 credidimus
2138 1606 2304 1649 oportere
2337 1607 2374 1639 et
2408 1604 2503 1638 hanc

287 1654 347 1685 καὶ
370 1652 502 1685 τοῦτον
525 1651 790 1696 ἐπανορθῶσαι
813 1651 882 1685 τὸν
899 1649 1025 1694 νόμον,
1050 1648 1088 1685 ὃς
1110 1650 1279 1695 βούλεται
1302 1651 1366 1684 τὰς
1432 1649 1619 1685 emendare
1652 1649 1780 1694 legem,
1818 1659 1909 1694 quae
1943 1650 2019 1685 vult
2052 1652 2200 1692 matres,
2239 1650 2323 1685 dum
2358 1659 2503 1685 suorum

287 1699 457 1742 μητέρας,
488 1694 637 1731 ἐπειδὰν
665 1696 743 1730 τῶν
773 1696 916 1730 οἰκείων
947 1693 1094 1730 παίδων
1117 1694 1366 1741 κηδεμονεύειν
1378 1697 1421 1730 30
1432 1695 1586 1731 filiorum
1603 1704 1724 1730 curam
1740 1696 1904 1739 gesturae
1920 1695 2002 1738 sint,
2023 1694 2267 1730 iusiurandum
2284 1694 2401 1730 iurare
2421 1694 2503 1739 quia

287 1740 461 1786 μέλλοιεν,
484 1737 593 1788 ὅρκον
613 1737 768 1785 ὀμνύναι
787 1739 836 1775 ὠς
855 1743 914 1776 ἐπὶ
931 1738 1111 1787 δευτέρους
1134 1739 1197 1775 οὐκ
1220 1738 1365 1787 ἀφίξον-
1432 1741 1480 1776 ad
1503 1740 1679 1776 secundas
1703 1740 1847 1784 nuptias
1870 1750 1942 1776 non
1966 1741 2123 1775 venient:
2158 1742 2194 1775 et
2216 1739 2348 1776 totiens
2373 1739 2503 1775 scimus

287 1800 349 1821 ται
371 1785 520 1834 γάμους·
552 1789 613 1820 καὶ
636 1782 851 1820 τοσαυτάκις
879 1786 984 1829 ἴσμεν
1007 1787 1277 1833 παραβαθέντα
1299 1784 1366 1821 τὸν
1433 1785 1713 1831 praevaricatam
1731 1785 1842 1829 legem
1870 1787 1907 1821 et
1931 1786 2176 1822 iusiurandum
2199 1785 2360 1830 peiurum
2383 1785 2504 1820 datum

287 1830 404 1876 νόμον
433 1835 493 1865 καὶ
524 1827 634 1877 ὅρκον
665 1833 833 1875 ἐπίορκον
857 1829 1050 1875 δεδομένον
1081 1829 1205 1866 ὁσάκις
1235 1830 1365 1874 σχεδὸν
1434 1830 1596 1875 quotiens
1627 1840 1739 1875 paene
1773 1830 1895 1865 datum
1926 1834 1997 1874 est,
2033 1835 2074 1866 ut
2104 1834 2290 1876 peccatum
2321 1830 2504 1876 apertissi-

288 1880 348 1911 καὶ
379 1874 542 1918 δέδοται,
578 1873 667 1911 ὥςτε
698 1873 890 1921 ἁμάρτημα
921 1879 1150 1921 σαφέστατον
1180 1877 1274 1911 εἶναι
1306 1873 1365 1910 ὅτι
1433 1887 1528 1911 mum
1551 1878 1645 1911 esset
1668 1875 1752 1919 quia
1774 1875 1842 1911 hoe
1861 1876 2043 1912 intulimus
2066 1875 2310 1911 iusiurandum
2333 1876 2378 1912 ad
2400 1885 2504 1921 prae-

287 1923 419 1956 τοῦτον
443 1922 624 1969 ἐπάγομεν
647 1921 714 1956 τὸν
737 1917 856 1966 ὅρκον,
888 1918 927 1956 ὃς
949 1919 1099 1956 ἐπειδὰν
1123 1920 1219 1969 δοθῇ
1246 1933 1364 1966 παρα·
1378 1925 1420 1957 35
1433 1921 1672 1956 varicandum.
1720 1920 1803 1956 Non
1823 1921 1916 1956 enim
1936 1931 1978 1957 eo
2002 1922 2096 1966 quod
2119 1921 2258 1966 aliquae
2277 1924 2506 1957 servaverunt

288 1966 505 2012 βαθήσιται.
553 1962 594 2000 οὗ
646 1966 690 2012 ἀρ
722 1964 845 2010 ἐπειδή
877 1978 969 2001 τινες
1000 1966 1182 2012 ἐφύλαξαν
1213 1966 1279 2001 τὸν
1307 1964 1365 2012 δ’ρ-
1433 1966 1688 2009 iusiurandum,
1739 1969 1902 2011 ropterea
1926 1969 2067 2018 oportet
2089 1970 2126 2002 et
2148 1976 2208 2002 eas
2233 1977 2325 2010 quae
2347 1966 2504 2002 exhono-

288 2026 365 2053 κον,
396 2010 457 2047 διὰ
482 2013 589 2046 τοῦτο
621 1979 676 2046 δεῖ
697 2014 757 2046 καὶ
780 2011 844 2045 τὰς
867 2008 1108 2056 ἆτιμαζούσας
1140 2010 1250 2047 αὐτὸν
1274 2014 1366 2055 ἔχειν
1433 2016 1515 2046 rant
1551 2021 1631 2047 eum
1671 1976 1803 2046 hassere
1838 2021 2060 2047 occasionem
2096 2011 2278 2056 inpietatis
2316 2011 2354 2046 in
2387 2011 2503 2046 deum.

289 2057 474 2113 πρόφασιν
508 2058 572 2101 τῆς
605 2058 653 2091 εἰς
687 2056 782 2090 θεὸν
813 2054 994 2102 ἀσεβείας·
1031 2057 1075 2091 τὸ
1106 2056 1176 2103 γὰρ
1207 2061 1370 2092 σπανίως
1436 2057 1528 2092 Nam
1552 2057 1647 2102 quod
1669 2066 1752 2092 raro
1776 2056 1831 2099 fit,
1864 2056 1957 2092 sicut
1987 2060 2023 2092 et
2053 2059 2153 2092 vetus
2184 2056 2360 2102 sapientia
2390 2057 2505 2099 docet,

288 2116 492 2149 γινομενον,
523 2102 626 2136 καθὰ
657 2104 718 2135 καὶ
747 2098 768 2144 ἡ
801 2101 938 2136 παλαιὰ
969 2101 1061 2149 λέγει
1085 2106 1212 2147 σοφία,
1243 2100 1284 2135 οὐ
1309 2116 1368 2145 τη-

289 2227 397 2263 quam
420 2219 563 2250 nostras
586 2225 709 2250 curam
732 2214 854 2250 subire
877 2212 1098 2256 desiderant,
1124 2217 1276 2259 praeter
1299 2213 1487 2249 consilium
1511 2217 1673 2250 nostrum
1696 2226 1719 2249 a
1742 2213 1956 2261 quibusdam
1986 2225 2060 2250 non
2083 2218 2179 2251 recte
2208 2214 2273 2250 illa
2296 2216 2505 2252 constitutio

289 2261 460 2308 opposita
483 2265 556 2302 est,
581 2271 604 2295 a
632 2260 710 2305 teqe
734 2269 828 2305 quae
850 2258 940 2294 haec
963 2258 1051 2293 dicit
1072 2262 1227 2294 matrum
1246 2269 1428 2305 personas
1451 2259 1574 2306 eoecipi
1596 2259 1768 2295 volumus,
1817 2259 1977 2295 Primum
2001 2260 2094 2296 enim
2117 2271 2192 2295 rem
2213 2271 2284 2306 pro
2308 2261 2507 2299 minoribus

287 2316 429 2353 semper
459 2304 702 2341 introductam
733 2314 830 2340 nunc
853 2302 1052 2350 prohibere
1082 2303 1376 2339 absurdissimum
1407 2304 1671 2345 existimamus,
1704 2304 1832 2341 deinde
1862 2304 1962 2340 haud
1987 2304 2101 2350 facile
2135 2305 2324 2352 quisquam
2357 2306 2506 2342 eundem

289 2351 407 2388 locum
430 2354 466 2387 et
486 2350 596 2386 matri
617 2354 654 2385 et
675 2349 802 2385 ceteris
827 2348 969 2385 tribuat.
1018 2347 1127 2383 Illam
1151 2349 1243 2384 enim
1267 2349 1447 2385 naturalis
1469 2360 1573 2385 amor
1627 2350 1683 2385 ius
1712 2361 1801 2397 erqa
1833 2350 1962 2386 liberos
1985 2361 2008 2385 a
2029 2350 2236 2396 suspicione
2260 2350 2407 2386 liberam
2425 2351 2505 2398 ple-

288 2407 439 2443 rumque
461 2395 600 2438 reddit,
630 2395 677 2430 iis
700 2399 819 2430 autem
849 2393 978 2440 quibus
1001 2393 1103 2428 nulla
1126 2404 1206 2429 cum
1229 2394 1351 2430 tiberis
1374 2395 1568 2430 necessitas
1613 2395 1854 2431 enevolentiae
1886 2395 2075 2431 intercedit
2097 2395 2225 2431 merito
2256 2399 2389 2432 matres
2411 2407 2505 2433 com-

284 2441 477 2488 parandae
501 2451 575 2476 non
596 2444 692 2475 sunt.
740 2439 873 2486 Itaque
893 2439 1001 2475 liceat
1030 2438 1206 2474 matribus
1234 2440 1429 2475 secundum
1457 2444 1608 2475 veterem
1639 2440 1921 2477 observationem
1951 2440 2239 2477 renuntiantibus
2268 2446 2304 2478 et
2332 2451 2420 2477 suas
2447 2452 2507 2478 res

289 2485 544 2533 obliqantibus,
567 2485 674 2520 sicuti
690 2486 799 2531 prius
821 2485 860 2519 in
883 2494 950 2519 usu
974 2488 1065 2525 erat,
1089 2488 1123 2519 et
1147 2483 1339 2520 liberorum
1363 2484 1510 2521 tutelam
1533 2485 1716 2532 suscipere
1739 2496 1854 2532 neque
1869 2485 2045 2521 eiusmodi
2068 2486 2316 2533 exceptionem
2339 2491 2506 2531 metuere,

288 2531 354 2568 sed
376 2536 550 2578 quantum
573 2530 624 2566 ad
645 2530 727 2565 illas
749 2529 803 2565 ita
826 2540 884 2566 res
906 2529 971 2570 sit,
1005 2534 1187 2575 tamquam
1210 2530 1244 2565 si
1266 2529 1368 2565 nulla
1392 2530 1515 2576 utique
1539 2530 1601 2566 lex
1624 2541 1667 2565 ea
1698 2530 1742 2567 de
1763 2542 1804 2567 re
1826 2531 1964 2577 scripta
1985 2531 2129 2576 fuisset.
2175 2530 2406 2579 Quapropter
2435 2532 2508 2568 sive

289 2577 391 2613 dotes
421 2576 495 2612 sive
526 2575 739 2611 donationes
767 2580 851 2610 ante
883 2575 1033 2621 nuptias
1062 2575 1235 2620 exiqunt,
1269 2575 1343 2610 sive
1367 2586 1462 2622 quae
1492 2574 1566 2610 alia
1597 2575 1725 2612 debent
1754 2576 1828 2612 sive
1859 2581 1991 2612 matres
2021 2575 2220 2612 minoribus
2249 2577 2323 2613 sive
2351 2577 2508 2613 minores

289 2622 476 2664 matribus,
508 2632 558 2657 ex
580 2620 751 2668 paternis
779 2620 882 2666 sorte
912 2619 969 2655 vel
996 2620 1104 2655 etiam
1126 2630 1176 2655 ex
1195 2619 1360 2666 propriis
1382 2620 1502 2656 causis
1524 2621 1650 2662 (multa
1674 2624 1792 2657 autem
1815 2621 1973 2657 inveniat
1994 2621 2026 2656 si
2047 2621 2129 2667 quis
2151 2632 2226 2657 rem
2249 2621 2452 2658 consideret
2473 2627 2508 2659 et

290 2667 580 2713 circumspiciat),
611 2665 699 2701 lzaec
722 2665 902 2711 utrimque
924 2665 998 2700 inte
1025 2675 1068 2698 ra
1091 2665 1165 2700 sint
1187 2668 1225 2702 et
1246 2665 1441 2701 secundum
1467 2666 1612 2712 priores
1635 2666 1907 2702 constitutiones
1929 2665 2133 2702 iudicentur
2163 2671 2273 2712 atque
2297 2670 2507 2711 tractentur,

289 2712 362 2749 sive
386 2712 418 2748 Ie
445 2711 626 2747 itimorum
648 2710 723 2746 sive
746 2709 966 2745 naturalium
1004 2710 1183 2745 iberorum
1208 2714 1324 2746 mater
1348 2710 1493 2746 tutelam
1516 2711 1620 2757 qerit.

418 2723 469 2793 q(III.
515 2756 694 2800 Quoniam
718 2760 836 2791 autem
860 2755 1051 2790 admodum
1076 2765 1247 2798 veremur,
1279 2766 1324 2791 ne
1348 2760 1477 2792 temere
1500 2755 1740 2791 iureiuranda
1765 2767 1836 2803 per
1858 2766 2026 2801 maqnum
2057 2755 2160 2791 deum
2190 2759 2425 2803 praestentur
2447 2769 2505 2794 ea·

289 2814 359 2850 que
382 2802 573 2844 violentur,
603 2804 801 2847 propterea
823 2801 931 2835 etiam
954 2799 1047 2835 hanc
1072 2800 1183 2845 leqem
1206 2801 1459 2847 corripendum
1476 2801 1706 2848 putavimus,
1739 2812 1833 2847 quae
1856 2805 2006 2845 matres,
2037 2811 2116 2836 cum
2141 2800 2333 2836 liberorum
2360 2812 2507 2838 suorum

289 2859 413 2885 curam
429 2850 664 2893 suscepturae
678 2845 765 2888 sint,
790 2844 1041 2880 iusiurandum
1063 2848 1254 2891 praestare
1276 2846 1351 2880 vult
1370 2846 1419 2881 ad
1433 2845 1609 2881 secundas
1631 2857 1670 2882 se
1686 2846 1835 2893 nuptias
1858 2857 1932 2881 non
1954 2856 2031 2882 esse
2055 2845 2292 2882 transituras:
2314 2857 2359 2882 ac
2377 2847 2508 2883 scimus

291 2893 397 2929 toties
419 2893 531 2939 leqem
555 2890 727 2927 violatam
745 2901 822 2926 esse
841 2894 876 2926 et
894 2889 1146 2926 iusiurandum
1168 2890 1307 2935 falsum
1332 2890 1468 2932 datum,
1492 2891 1634 2936 quoties
1653 2891 1737 2936 fere
1759 2891 1881 2928 datum
1904 2894 1956 2927 est
1963 2903 1978 2933 ;
2000 2895 2042 2926 ut
2062 2891 2393 2936 manifestissimum
2416 2897 2508 2929 esset

288 2941 487 2985 peccatum,
518 2936 619 2989 quod
642 2935 708 2971 lioc
731 2935 982 2971 iusiurandum
1004 2935 1199 2981 excipimus,
1231 2935 1330 2981 quod
1351 2936 1462 2971 simul
1490 2940 1598 2982 atque
1625 2936 1838 2988 praestitum
1860 2940 1916 2972 est
1945 2935 2110 2972 violetur.
2157 2935 2283 2982 Neque
2305 2937 2398 2972 enim
2422 2939 2508 2984 quia

289 2982 487 3019 nonnullae
517 2981 768 3018 iusiurandum
799 2985 1010 3024 servarunt,
1035 2985 1238 3027 propterea
1267 2981 1373 3016 etiam
1405 2992 1467 3016 eas
1498 2992 1591 3026 quae
1619 2980 1659 3015 td
1680 2986 1910 3017 contemnunt
1941 2981 2164 3017 occasionem
2193 2981 2389 3028 impietatis
2418 2993 2508 3030 erqa

289 3028 394 3065 deum
418 3027 548 3063 habere
573 3030 737 3073 oportet;
771 3037 855 3061 nam
879 3025 980 3071 quod
1001 3036 1089 3060 raro
1113 3026 1302 3071 continqit,
1326 3027 1418 3061 sicut
1441 3027 1548 3062 etiam
1573 3026 1724 3072 antiqua
1754 3026 1843 3062 dicit
1865 3026 2064 3073 sapientia,
2095 3037 2169 3062 non
2191 3026 2382 3063 observant
2404 3027 2508 3075 lepis-

348 3145 364 3177 1
390 3139 562 3176 ἐπελθεῖν
586 3142 617 3175 L
639 3141 652 3184 11
677 3142 696 3174 3
720 3139 785 3173 τοῦ
809 3138 939 3179 ταῦτα]
963 3139 1026 3172 τοῦ
1052 3151 1110 3172 om.
1124 3139 1155 3172 L
1180 3138 1193 3182 11
1220 3140 1238 3172 7
1266 3137 1367 3172 θεῖτο
1400 3144 1401 3165 ¹

291 3188 466 3230 Scrimyer,
490 3188 575 3229 vuly.
595 3188 606 3228 11
622 3183 738 3226 τάξιν]
763 3184 1035 3217 constitutionem
1060 3195 1079 3220 ς
1096 3183 1108 3227 ΙΙ
1127 3186 1165 3217 11
1191 3180 1233 3216 οὗ
1254 3195 1367 3227 παρα-

289 3230 423 3277 βλητέα
446 3229 492 3265 τὰ
515 3230 592 3265 τῶν
614 3232 780 3274 μητέρων
805 3230 893 3271 ἐστὶ]
921 3240 989 3262 non
1014 3232 1062 3261 est
1085 3228 1249 3261 matribus
1274 3228 1365 3261 dero-

289 3278 433 3319 gandum
459 3288 478 3313 ς
499 3275 512 3320 11
541 3278 580 3310 16
606 3271 724 3308 αὐτοῖς
749 3275 795 3308 M
810 3274 823 3319 11
851 3277 892 3308 19
917 3270 1093 3308 ἆποτοῦσι
1115 3274 1162 3307 L·
1185 3273 1197 3317 ΙΙ
1226 3274 1269 3307 26
1291 3273 1366 3313 τοῦ]
1399 3279 1401 3347 ι’

289 3319 395 3356 τοῦδε
420 3321 466 3356 L¹
486 3321 498 3363 11
519 3323 722 3364 προχείρους
746 3320 777 3352 L
795 3319 807 3363 ΙΙ
831 3321 874 3353 29
897 3317 1022 3362 νόμον]
1051 3319 1128 3353 Cod.
1155 3321 1186 3361 5,
1206 3325 1254 3361 85,
1271 3325 1286 3352 2
1311 3319 1367 3361 (cs.

291 3369 323 3409 6,
337 3374 384 3407 56,
398 3375 430 3405 6;
456 3379 528 3400 που.
542 3366 665 3399 XXII
684 3378 710 3399 c.
726 3366 781 3406 40)
799 3364 812 3408 11
829 3366 871 3399 33
893 3365 1062 3410 ἐπίορκον
1078 3363 1271 3397 Haloander
1283 3376 1322 3396 esc
1335 3365 1366 3404 ς]

291 3413 351 3445 ἐπὶ
374 3407 484 3456 ἶίρκον
507 3411 538 3444 L
570 3412 629 3444 ἐπι
651 3405 748 3454 ὅρκω
775 3409 843 3453 Mu
868 3406 1061 3452 διδόμενον
1083 3420 1151 3442 cum
1171 3409 1366 3442 Haloandro

290 3458 376 3499 vulq.
396 3456 408 3493 11
432 3458 475 3491 34
498 3458 720 3501 σαφέστερον
747 3455 806 3497 Lu
829 3456 871 3488 35
894 3450 933 3487 ὃς
957 3450 1106 3486 ἐπειδὰν
1130 3450 1226 3499 δοθῇ
1251 3464 1365 3496 παρα-

291 3500 510 3543 βαθήσεται]
534 3501 576 3533 ad
596 3499 889 3544 praevaricandum
915 3510 934 3535 ς
950 3499 963 3542 11
988 3500 1028 3532 37
1048 3495 1102 3531 δεῖ
1124 3511 1182 3532 om.
1197 3499 1257 3541 L}
1276 3500 1319 3532 39
1342 3493 1364 3540 ἡ

292 3544 428 3579 παλαιὰ
456 3544 547 3591 λέγει
571 3547 693 3590 σοφία]
725 3546 963 3588 Theophrastus
986 3545 1040 3577 cit.
1064 3555 1086 3577 a
1107 3543 1213 3577 Paulo
1235 3543 1316 3587 Diy.
1336 3544 1365 3584 1,

293 3597 349 3630 ας
374 3593 429 3634 (cs.
453 3593 494 3624 ib.
519 3594 548 3633 ³)

1434 3141 1544 3172 turam
1567 3140 1601 3172 R
1617 3138 1630 3184 11
1656 3142 1675 3174 3
1699 3139 1804 3182 legem
1824 3139 1925 3184 RTn
1949 3140 2112 3173 dicentem
2136 3140 2241 3173 RVT
2258 3139 2271 3182 11
2294 3140 2315 3173 6
2339 3140 2506 3173 estimaui-

1435 3195 1507 3217 mus
1525 3185 1557 3217 T
1569 3184 1582 3228 11
1599 3185 1728 3228 *ponet
1745 3187 1880 3226 inserui,
1904 3185 2029 3218 obiciat
2045 3192 2120 3229 post
2136 3184 2406 3218 constitutionem
2427 3185 2504 3219 add·

1435 3230 1520 3273 vulq.
1548 3229 1561 3272 ΙΙ
1592 3232 1610 3263 7
1634 3232 1721 3271 cum]
1754 3229 1852 3263 eum?
1878 3230 1926 3263 T¹
1955 3230 1968 3274 11
1996 3230 2055 3263 illa
2079 3230 2202 3263 RVT¹
2232 3228 2245 3271 11
2273 3231 2292 3264 8
2316 3228 2410 3273 prius
2441 3229 2475 3262 V
2493 3228 2507 3317 H

1437 3276 1477 3307 16
1494 3274 1564 3307 siue
1585 3274 1686 3308 scribi
1706 3275 1796 3308 dotes
1819 3275 1871 3308 Ta
1887 3275 1900 3319 11
1918 3277 2056 3317 exigunt
2079 3275 2179 3318 ναῖς]
2205 3275 2384 3316 exiguntur
2405 3274 2481 3307 libri

1437 3321 1475 3352 1’1
1500 3319 1571 3352 siue
1588 3320 1676 3353 enim
1699 3319 1766 3353 alia
1789 3320 1842 3353 R⁰

1858 3320 1871 3363 11
1889 3320 2030 3353 habeant
2054 3319 2087 3353 R
2099 3321 2185 3363 vuly.
2202 3318 2215 3364 11
2237 3320 2276 3354 18
2293 3318 2434 3351 minores
2449 3317 2504 3358 ad]

1399 3369 1401 3428 ὲ
1433 3363 1846 3451 34¹ff¹2⁸1i⁰2⁸3251⁶132¹1¹¹239
1856 3364 2180 3451 „¹²‘¹2}¹¹¹0⁶¹2{1²13„{‡T14¹
2197 3364 2279 3452 ἳΐξ
2293 3363 2422 3439 ῖξὶἵῗέ
2436 3361 2505 3440 ἵξῖἰῖ

1398 3434 1400 3454 ³
1436 3453 1479 3485 R·
1499 3453 1572 3496 1130
1595 3420 1727 3495 antif]
1751 3422 2002 3499 siniam&
2022 3454 2035 3498 ιι
2058 3455 2137 3496 quia
2150 3451 2246 3493 RT⁸1
2269 3450 2327 3493 qui
2339 3451 2392 3502 Τ*
2415 3431 2503 3493 quod

1436 3497 1565 3542 Vvulq.
1584 3498 1597 3544 11
1622 3501 1661 3534 31
1689 3510 1756 3532 non
1781 3512 1838 3532 om.
1857 3499 1937 3544 T²fl
1959 3501 2102 3533 ueniunt
2126 3498 2188 3540 Τ11
2213 3497 2257 3530 32
2280 3497 2313 3528 et
2336 3497 2503 3547 iusiuran-

1431 3542 1509 3575 dum
1532 3562 1576 3569 —
1601 3546 1643 3578 35
1668 3546 1887 3578 seruauerunt
1909 3558 1970 3578 scr.
1993 3543 2042 3577 1⁷²
2064 3546 2096 3577 in
2120 3553 2186 3575 ras.
2199 3541 2218 3574 3
2235 3553 2282 3574 vv.
2303 3541 2315 3578 11
2337 3544 2502 3584 peiurum]

1430 3587 1575 3629 peierum
1600 3589 1654 3631 (al.
1675 3590 1856 3632 peieratum
1881 3591 1913 3623 in
1930 3590 2045 3632 marq.)
2067 3586 2102 3620 R
2128 3584 2277 3628 peiorum
2298 3585 2329 3617 V
2350 3585 2402 3622 (al-
2427 3597 2501 3629 per-

1430 3632 1518 3664 iurio
1537 3633 1585 3665 17³
1596 3647 1622 3667 ε.
1631 3635 1677 3675 υ.)
1700 3634 1870 3677 periurum
1886 3635 2008 3676 Tvulq.
2021 3631 2034 3675 11
2048 3629 2190 3664 dandum
2208 3630 2255 3662 T·
2272 3629 2285 3672 11
2303 3631 2344 3664 35
2359 3642 2397 3663 eo
2413 3632 2503 3673 qnod

1429 3676 1572 3719 aliquae]
1595 3678 1732 3721 aliquod
1752 3689 1790 3713 so
1808 3678 1895 3720 quod
1916 3678 1949 3711 T
1966 3677 1980 3720 11
2004 3677 2046 3711 36
2065 3674 2267 3709 exhonorant
2282 3674 2331 3707 R²
2348 3675 2361 3725 11
2385 3677 2425 3715 3ῖ
2446 3687 2500 3716 00-

360 3723 372 3756 1
406 3720 528 3762 subire]
562 3724 594 3754 et
616 3722 727 3755 subire
756 3723 808 3756 V⁰
831 3723 844 3766 11
871 3723 1000 3756 abiecta
1023 3722 1058 3755 R
1081 3720 1095 3765 11
1122 3722 1280 3762 nostram]
1303 3731 1363 3755 na·
1429 3722 1575 3756 essiones
1595 3723 1630 3756 R
