2618 4010
283 104 388 150 Nov.
405 102 545 148 LXIII
565 118 625 160 pr.
659 103 678 148 1

279 339 454 394 ΠΕΡΙ
487 274 1023 394 KAINOTgluIsaeN
1053 339 1200 393 ΤΗΣ
1219 341 1354 395 ΕΠΙ

403 407 813 462 ΘΑΛΑΣΣΑΝ
844 406 1233 462 ΑΠΟΨΕῼΣ.

278 483 313 520 Ὁ
338 482 444 521 αὐτὸς
472 484 639 531 βασιλεὺς
672 488 845 535 Λογγίνῳ
879 484 1023 533 ἐπάρχῳ
1055 488 1115 531 τῆς
1146 485 1355 532 εὐδαίμονος

660 532 792 577 ταύτης
816 530 963 568 πόλεως.

321 601 379 645 (Π
380 604 479 644 ροοί
483 601 616 645 μιον.>
651 602 806 658 Πρᾶγμα
825 598 977 647 δολερῶς
989 597 1182 647 γινόμενον
1198 601 1259 635 ἐπὶ
1270 598 1354 634 ταὺ-

276 656 339 689 της
362 646 422 688 τῆς
443 644 630 690 βασιλίδος
651 644 790 682 πολεως
820 648 902 689 περὶ
934 644 997 679 τὰς
1019 646 1097 680 τῶν
1128 645 1240 679 οἴκων
1262 646 1352 679 οἰκο-

277 688 387 735 δομὰς
420 687 628 726 ἀναστεῖλαι
663 694 722 725 καὶ
756 690 1020 737 ἐπανορθῶσαι
1053 688 1204 743 δίκαιον.
1223 687 1353 737 ἡγησά-

1355 96 1446 150 334

1781 117 1841 153 DE
1870 118 1977 153 NOVI
2006 116 2161 151 OPERIS
2185 118 2492 152 NUNTIATIONE

1800 274 1930 312 LXIII.
1976 275 2225 312 Auth.LXV1.
2245 274 2375 311 0011.v
2387 274 2441 313 tit.
2454 279 2494 313 15

1470 343 1523 392 R
1555 342 1649 391 DE
1686 341 1854 393 NOVI
1886 344 2126 396 OPERIS
2163 345 2443 396 NUNTIA—

1475 409 1686 459 TIONE
1729 409 1972 461 MARINI
2005 412 2360 464 ASPEOTUS
2391 413 2443 462 R

1477 486 1567 533 Imp.
1593 486 1813 523 Iustinianus
1836 487 1926 532 Aug.
1953 487 2112 536 Longino
2137 490 2320 537 praefecto
2344 490 2444 527 urbis

1392 535 1411 568 5
1791 532 2128 580 Constantinopolis.

1479 598 1767 654 <Prae-satio.)
1813 598 1967 636 Causam
2001 611 2092 645 quae
2127 603 2248 640 dolose
2282 603 2324 639 fit
2357 603 2395 638 in
2429 603 2497 639 hac

1425 654 1522 689 regia
1553 648 1694 680 c1v1tate
1731 654 1826 679 circa
1862 645 2028 681 domuum
2062 647 2224 684 aedificia
2260 649 2427 684 cohibere
2461 654 2497 684 et

1425 689 1612 726 emendare
1639 690 1772 725 iustum
1804 689 1991 725 credimus.
2040 690 2130 735 Quia
2153 693 2244 728 enim
2268 694 2375 729 certis
2399 703 2495 728 men-

276 735 388 779 μεθα.
425 734 550 791 ἐπειδὴ
565 736 634 783 γὰρ
651 737 769 789 ῥητοῖς
785 739 927 790 μέτροις
943 733 1129 770 διεστάναι
1145 747 1227 770 τους
1241 736 1355 770 οἴκους
1424 735 1518 771 suris
1539 735 1673 771 distare
1697 735 1821 770 domos
1844 734 1890 770 ab
1914 735 2065 771 invicem
2085 736 2237 774 Zenonis
2261 739 2341 784 piae
2365 749 2496 774 memo-

277 778 442 824 ἀλλὴλων
462 796 483 824 η

278 825 386 874 λέγει,
416 829 476 860 καὶ
500 828 596 871 ἡμεῖς
625 825 665 861 δὲ
687 828 830 861 τοιοῦτο
854 839 889 861 τι
913 825 1262 871 νενομοθετήκαμεν,
1294 828 1354 861 ἐπ-

276 872 381 914 ῆκται
410 870 450 906 δὲ
474 869 563 907 ὥςτε
593 874 653 907 ἐπὶ
684 870 815 915 ταύτης
843 873 904 916 τῆς
935 869 1120 916 βασιλίδος
1148 870 1284 906 πόλεως
1306 870 1356 916 μὴ

277 915 468 951 δύνασθαί
486 931 571 952 τινα
592 915 722 951 ἑκατὸν
742 915 872 951 ποδῶν
891 917 976 951 εἴσω
998 915 1356 963 κωλύεινχθαλάττης

502 784 669 825 Ζηνωνος
693 794 756 815 του
779 793 839 835 της
863 782 1028 825 ευσεβοῦς
1046 779 1177 824 λήξεως
1197 779 1356 821 διάταξις
1370 785 1411 817 10
1425 781 1500 816 riae
1524 780 1731 816 constitutio
1756 780 1858 822 dicit,
1892 781 1956 816 sed
1978 784 2015 816 et
2037 791 2103 816 nos
2127 782 2260 827 aliquid
2282 785 2355 819 tale
2380 784 2495 819 sanci-

1423 826 1546 870 vimus,
1579 826 1739 871 sequitur
1763 828 1882 860 autem
1905 826 1943 860 in
1966 823 2034 861 hac
2057 826 2155 871 regia
2185 828 2274 864 urbe
2297 839 2368 864 non
2391 839 2497 874 posse

1425 871 1579 917 aliquem
1595 871 1692 906 intra
1706 874 1849 906 centum
1860 870 1968 915 pedes
1981 871 2169 916 prohibere
2183 873 2291 908 marIs
2302 878 2495 919 aspectum,

1425 926 1499 952 rem
1524 916 1791 970 gratissimam:
1830 916 2020 961 oportebat
2055 916 2196 961 quidem
2229 917 2351 954 forsan
2384 923 2420 955 et
2454 929 2497 954 ex

276 961 427 1008 ἄποψιν,
453 961 662 1010 πράγματος
684 960 938 1007 χαριεστάτου,
971 962 1077 1007 ἐχρῆν
1099 964 1167 1007 μὲν
1186 963 1272 997 ἴσως
1295 965 1355 996 καὶ
1424 972 1481 997 am
1508 961 1590 997 hori
1621 971 1789 997 mensura
1820 963 1987 1007 aspectus
2019 962 2070 997 eis
2101 964 2226 1007 patere
2263 966 2298 998 et
2333 973 2405 999 non
2436 974 2497 1000 eos

277 1008 316 1041 ἐκ
339 1006 501 1061 πλείονος
522 1010 652 1054 μέτρου
676 1006 738 1041 τὰς
761 1005 914 1053 ἀπόψεις
935 1004 1052 1042 αὐτοῖς
1074 1005 1263 1052 ἀνεῷχθαι
1294 1010 1355 1042 καὶ
1370 1011 1411 1043 15
1425 1018 1489 1053 pro
1518 1007 1633 1050 ibere,
1666 1006 1729 1043 sed
1751 1010 1871 1042 tamen
1903 1010 1939 1042 et
1961 1006 1998 1042 in
2022 1007 2091 1043 hoc
2114 1007 2323 1052 inopinabili
2346 1008 2497 1053 quadam

274 1051 325 1096 μὴ
343 1064 477 1087 ταυτας
499 1051 663 1095 κωλύειν,
695 1051 790 1096 πλὴν
821 1051 910 1087 ἀλλά
940 1055 1000 1087 καὶ
1026 1054 1134 1088 τοῦτο
1157 1050 1353 1101 παραδόξῳ

275 1100 348 1132 τινὶ
366 1098 699 1147 προςμεμηχάνηται
715 1101 832 1145 τέχνῃ.
868 1100 962 1133 τινὲς
980 1097 1048 1146 γὰρ
1064 1097 1106 1133 τὸ
1126 1099 1205 1133 τῶν
1225 1098 1355 1133 ἑκατὸν

275 1141 403 1178 ποδῶν
433 1140 694 1179 καταλιπόντες
723 1146 858 1190 μέτρον
889 1141 911 1187 ἢ
941 1147 1001 1178 καὶ
1059 1141 1147 1190 ραχύ
1177 1156 1214 1178 τι
1235 1141 1353 1186 τούτῳ

275 1188 503 1233 προςθέντες,
527 1189 605 1223 εἶτα
624 1186 826 1233 οἰκοδομεῖν
850 1190 962 1223 ἐκεῖσε
985 1186 1026 1223 οὐ
1052 1191 1092 1223 ἐν
1115 1191 1239 1235 ἕτερον
1257 1190 1353 1231 ἕχον-

1424 1052 1675 1088 machinantur
1695 1053 1782 1088 arte.
1831 1051 1983 1096 Quidam
2007 1052 2100 1088 enim
2126 1056 2265 1088 centum
2289 1053 2418 1106 pedum
2441 1063 2497 1088 re-

1423 1098 1622 1142 linquentes
1646 1107 1848 1133 mensuram
1872 1100 1936 1133 aut
1957 1097 2063 1133 etiam
2086 1107 2234 1143 parvum
2258 1098 2392 1142 ahquid
2415 1099 2498 1133 huic

1423 1143 1595 1179 addentes
1625 1142 1752 1178 deinde
1781 1142 1973 1178 aedificant
2003 1143 2053 1179 ibi
2077 1142 2165 1178 nihil
2195 1142 2292 1179 aliud
2314 1143 2498 1186 habentes,

1424 1188 1486 1223 sed
1509 1190 1690 1233 tamquam
1713 1187 1858 1233 aliquod
1881 1188 1996 1223 velum
2019 1189 2182 1231 tendunt,
2212 1192 2248 1223 et
2272 1198 2352 1224 oum
2375 1189 2497 1224 abstu-

275 1245 347 1275 τες,
383 1230 472 1268 ἀλλὰ
503 1233 674 1281 καθάπερ
705 1247 743 1288 τι
774 1238 1043 1288 παραπέτασμα
1075 1238 1355 1289 παρατείναντες
1368 1233 1530 1269 201erint
1549 1234 1656 1269 maris
1675 1235 1859 1279 aspectum
1881 1243 1947 1279 per
1966 1243 2105 1269 omnem
2127 1235 2352 1280 potestatem,
2372 1235 2410 1269 et
2428 1244 2499 1269 non

276 1277 425 1314 ἐπειδὰν
454 1276 662 1326 ἀφέλωνται
691 1293 759 1322 την
782 1292 843 1323 της
874 1279 1061 1323 θαλάττης
1091 1290 1230 1335 αποφιν
1262 1278 1354 1313 κατὰ

276 1326 397 1358 πᾶσαν
421 1324 596 1367 ἐξουσίαν,
630 1324 671 1359 οὔ
693 1324 891 1370 μαχόμενοι
922 1326 976 1370 τῷ
1001 1325 1104 1369 νόμῳ
1128 1323 1188 1359 δια
1209 1323 1252 1359 τὸ
1275 1325 1354 1359 τῶν

274 1369 405 1405 ἑκατὸν
435 1368 564 1405 ποδῶν
593 1368 773 1415 διάστημα
805 1368 913 1405 ἔνδον
942 1368 1193 1416 οἰκοδομοῦσιν
1215 1368 1352 1405 ἀκωλύ-

274 1426 362 1450 τως·
395 1419 454 1449 καὶ
479 1413 627 1451 ἐπειδὰν
647 1417 711 1450 τοῦ
737 1417 954 1461 ζητουμένου
979 1413 1131 1459 τύχοιεν,
1155 1416 1353 1462 καθαιροῦ-

1422 1283 1663 1324 repugnantes
1698 1279 1767 1323 legi
1799 1281 1950 1324 propter
1985 1281 2126 1314 centum
2165 1278 2295 1325 pedum
2332 1279 2497 1324 spatium,

1423 1324 1572 1360 interius
1605 1323 1798 1376 aedificant
1830 1323 1907 1359 sine
1937 1324 2194 1379 prohibiti-cnm
2227 1327 2263 1359 et
2292 1324 2375 1359 dum
2403 1325 2498 1369 quod

1423 1372 1614 1451 ἓῗῑῗῑῖὶῗὲἑι
1633 1368 2498 1457 ἓξὲξ“ὲῖ1’ῑην“ἒίἳῧῖξὲξι,“ὲῗῖιὲξῖ1εὲἑοῖἳίῗ

275 1473 335 1495 σιν
358 1462 472 1495 ἐκεῖνο
502 1461 545 1495 τὸ
577 1459 636 1495 διὰ
665 1461 734 1505 τὴν
756 1465 881 1517 χριείαν
912 1459 1031 1496 αὐτοῖς
1063 1463 1352 1505 ἐπινενοημένον,
1367 1462 1409 1495 25
1425 1461 1686 1496 cumvenientes
1712 1459 1808 1495 omni
1831 1459 2015 1504 voluptate
2039 1464 2225 1496 extraneas
2249 1469 2497 1504 possessorum

274 1509 334 1540 καὶ
354 1502 451 1541 οὕτω
474 1504 518 1541 τὸ
538 1507 654 1551 σχῆμα
677 1518 911 1553 σοφισαμενοι
934 1505 1050 1560 πάσης
1073 1510 1233 1553 τέρψεως
1253 1504 1352 1560 {2220-

1424 1506 1649 1542 constituunt
1672 1505 1806 1541 domos.
1855 1505 1958 1549 Quod
1981 1506 2027 1541 de
2058 1509 2176 1541 cetero
2208 1505 2285 1541 fieri
2308 1506 2405 1541 nullo
2430 1516 2491 1541 vo-

274 1555 374 1598 τρίας
399 1551 462 1587 τὰς
490 1552 569 1586 τῶν
592 1555 821 1597 κεκτημένων
849 1552 1071 1587 καθιστασιν
1095 1554 1215 1587 οἰκίας.
1264 1564 1354 1599 οπερ
1422 1551 1540 1588 lumus
1563 1551 1679 1587 modo.

275 1599 338 1630 τοῦ
363 1595 489 1632 λοιποῦ
511 1598 684 1645 γίνεσθαι
707 1595 791 1632 κατ’
814 1595 946 1633 οὐδένα
970 1595 1180 1643 βουλόμεθα
1205 1596 1353 1644 τρόπον.

1281 1676 1438 1713 CAPUT
1462 1677 1492 1712 I.

330 1729 412 1767 ἀλλ’
439 1733 476 1767 εἴ
501 1744 555 1768 τις
578 1732 745 1778 βούλοιτο
767 1732 911 1768 τοιοῦτό
938 1745 976 1768 τι
998 1731 1185 1776 σχεδιάσαι
1210 1735 1270 1766 καὶ
1294 1746 1354 1767 κα·

1469 1732 1540 1768 Sed
1564 1733 1594 1768 si
1618 1732 1698 1778 quis
1722 1732 1873 1768 voluerit
1896 1733 1970 1768 tale
1990 1733 2123 1778 aliquid
2144 1733 2344 1779 excogitare
2368 1737 2404 1769 et
2423 1744 2496 1769 ma-

274 1778 484 1826 κουργῆσαι,
511 1777 562 1823 μὴ
592 1780 743 1813 τοιαῦτα
776 1780 955 1821 παιζέτω,
987 1776 1070 1813 ἀλλ’
1097 1778 1197 1824 εἴπερ
1228 1777 1356 1813 τούτου
1369 1778 1568 1823 3olignari‚
1601 1788 1673 1814 non
1704 1778 1825 1814 taliter
1853 1779 1972 1821 ludat,
2009 1779 2071 1814 sed
2103 1778 2136 1815 si
2167 1780 2236 1815 hoc
2263 1779 2400 1824 eguerit
2432 1791 2496 1825 pro

318 1858 402 1892 Nov.
417 1858 554 1893 LXIII
567 1859 731 1901 (Anthene
746 1859 818 1893 LX
825 1859 876 1893 VI
885 1875 930 1889 ===
947 1859 1027 1894 Gall.
1043 1859 1134 1893 Vtit.
1150 1860 1204 1901 15)
1228 1858 1354 1893 Graece
1367 1866 1455 1892 extat
1467 1860 1499 1892 in
1513 1858 1598 1901 ML,
1622 1860 1726 1892 maior
1741 1870 1825 1901 pars
1847 1859 1902 1898 (—-
1915 1857 1977 1900 τῆς
1988 1853 2161 1903 ἀπόψεως
2172 1854 2365 1904 ἁρπαζέτω
2379 1861 2455 1902 335,
2469 1865 2498 1905 ’1)

273 1905 306 1938 in
332 1904 368 1937 B
387 1905 440 1942 58,
455 1912 495 1945 11,
509 1911 541 1938 13
565 1905 629 1946 (3⁸
640 1917 676 1947 p.
690 1905 757 1938 394
770 1905 899 1947 ΖαοΙι.).
921 1923 966 1929 -
986 1905 1075 1948 Epit.
1093 1904 1213 1938 Theod.
1229 1905 1283 1945 63,
1307 1904 1427 1938 Athan-
1447 1904 1502 1946 21,
1516 1910 1544 1938 2.
1590 1904 1711 1938 Iulian.
1730 1910 1828 1937 oonst.
1844 1903 1964 1937 LVII.

1132 1956 1281 1966 -——r-—-*

317 2070 418 2122 ΒΕ
447 2071 542 2123 No
552 2070 663 2123 VIS
700 2069 922 2122 OPERI
924 2070 1053 2121 BUS
1083 2002 1517 2122 PROSPL'LIYI'IJI
1545 2071 1631 2122 IN
1658 2070 1868 2123 MARE
1903 2070 2450 2123 OFFICIENTIBUS.

826 2137 928 2175 Idem
950 2139 1138 2185 Auqustus
1160 2137 1329 2185 Lonqino
1347 2140 1544 2186 praefecto
1568 2138 1675 2174 huius
1695 2139 1819 2185 felicis
1841 2137 1950 2174 urbis.

415 2207 678 2253 Praefatio.
725 2205 833 2250 Quod
853 2206 892 2241 in
916 2204 985 2241 hae
1007 2205 1111 2252 reqia
1135 2205 1279 2243 civitate
1300 2194 1556 2252 fraudulenter
1576 2206 1622 2252 fit
1651 2206 1690 2241 in
1720 2205 1896 2252 aedificiis
1924 2207 2156 2242 exstruendis
2186 2210 2227 2242 ut
2257 2206 2500 2244 cohibet-emus
2568 2193 2571 2195 ’

1093 2250 1100 2257 ’
1246 2250 1339 2287 Nam
1364 2263 1444 2287 eum
1468 2252 1576 2288 certis
1597 2251 1729 2298 spatiis
1752 2251 1880 2287 domos
1903 2262 1926 2286 a
1949 2262 1987 2287 se
2009 2252 2158 2287 invicem
2182 2251 2319 2288 distare
2345 2252 2500 2289 Zenonis

275 2259 384 2301 atque
407 2252 676 2290 emendaremus
692 2263 770 2299 par
793 2262 870 2288 esse
893 2250 1190 2287 existimavzmus.

273 2301 358 2347 piae
378 2299 572 2335 memoriae
595 2297 806 2334 constitutio
829 2296 963 2339 iubeat,
994 2299 1030 2332 et
1052 2306 1121 2332 nos
1151 2307 1298 2343 quoque
1322 2297 1394 2333 tale
1425 2297 1514 2343 quid
1544 2297 1623 2343 leqe
1646 2296 1949 2338 constituerimus,
1977 2296 2095 2342 sitque
2117 2296 2167 2332 ibi
2189 2297 2431 2333 introductum
2455 2309 2500 2334 ne

275 2345 358 2392 quis
379 2345 418 2380 in
441 2343 510 2380 Ιιαο
532 2344 636 2391 reyia
659 2343 804 2380 civitate
826 2342 926 2378 intra
950 2345 1090 2378 centum
1112 2342 1224 2389 pedes
1239 2346 1478 2390 prospectum
1501 2342 1540 2378 in
1563 2353 1673 2384 mare,
1698 2353 1771 2378 rem
1792 2341 2098 2385 iucundissimam,
2122 2342 2296 2389 impedire
2312 2344 2437 2389 possit
2455 2363 2495 2370 -

274 2391 342 2427 etsi
363 2390 466 2437 forte
491 2401 570 2437 par
599 2393 680 2426 erat
702 2399 752 2425 ex
775 2388 942 2435 lonqiore
973 2387 1080 2423 etiam
1104 2387 1225 2434 spatio
1249 2387 1444 2435 adspectus
1459 2391 1593 2435 patere
1623 2388 1668 2423 iis
1691 2398 1806 2434 neque
1829 2387 1997 2434 impediri
2019 2407 2082 2430 —,

2120 2391 2237 2423 tamen
2265 2387 2334 2423 Ῐιοο
2356 2399 2500 2435 quoque

274 2435 455 2483 sinqulari
478 2434 634 2481 quodam
655 2434 813 2486 artificio
831 2433 1200 2486 ultrouattemptatum
1221 2437 1284 2469 est.
1333 2433 1512 2486 Nonnulli
1534 2433 1627 2469 enim
1650 2432 1843 2469 intervallo
1864 2436 2004 2484 eentum
2022 2432 2158 2479 pedum
2181 2433 2309 2469 relicto
2332 2433 2388 2470 vel
2407 2433 2498 2470 adeo

270 2492 391 2529 parvo
415 2480 573 2528 quodam
595 2480 717 2533 spatio
742 2478 881 2515 adteeto
905 2478 998 2514 nzhil
1019 2477 1122 2514 ahud
1144 2478 1245 2524 quod
1267 2478 1459 2524 aedtfieent
1480 2478 1661 2521 habentes,
1686 2477 1751 2514 sed
1769 2488 1873 2524 quast
1893 2477 2077 2558 quoddam
2098 2483 2256 2525 tapetum
2277 2478 2499 2515 obtendenda

276 2527 338 2563 ubi
352 2537 448 2574 pros
475 2529 590 2563 ectum
611 2537 651 2561 ιη
673 2536 774 2561 mare
796 2535 878 2560 cum
902 2524 1002 2560 omni
1024 2523 1169 2560 licentia
1193 2523 1428 2567 abstulerunt,
1459 2534 1532 2560 non
1547 2527 1761 2571 puqnantes
1784 2534 1863 2558 cum

1906 2534 1971 2570 eye
1987 2527 2146 2570 propter
2170 2523 2398 2560 intervallum
2421 2534 2499 2559 een-

277 2578 350 2609 tum
375 2583 427 2620 pe
454 2583 513 2607 um
547 2572 645 2607 intus
676 2570 872 2616 aedificant
900 2570 1046 2616 impune
1053 2583 1068 2612 ,·
1101 2573 1137 2605 et
1159 2573 1361 2616 postquam
1393 2569 1493 2616 quod
1522 2572 1704 2616 quaerunt
1734 2568 2023 2620 assecutissunt,
2059 2569 2250 2604 destruunt
2280 2568 2372 2605 illud
2402 2569 2502 2615 quod

273 2623 428 2666 propter
451 2617 546 2653 hune
568 2627 672 2653 usum
695 2616 740 2652 ab
759 2616 849 2663 ipsis
871 2615 1120 2662 excoqitatum
1139 2618 1204 2657 est,
1228 2619 1339 2661 atque
1361 2614 1414 2651 ita
1431 2625 1577 2650 eausam
1600 2618 1788 2650 commenta
1812 2624 1927 2649 omms
1951 2613 2149 2660 voluptatis
2166 2617 2338 2661 expertes
2352 2625 2499 2660 posses-

275 2675 398 2700 sorum
422 2663 548 2699 domos
570 2661 735 2698 reddunt.

782 2659 889 2704 Quod
911 2661 1158 2713 inposterum
1180 2659 1282 2696 nullo
1306 2659 1413 2696 modo
1463 2660 1515 2696 eri
1538 2658 1710 2696 volumus.

411 2709 440 2745 1.
497 2707 628 2744 Verum
651 2708 685 2744 si
706 2707 788 2755 quis
811 2705 901 2753 quid
922 2705 1097 2742 emsmodi
1117 2716 1323 2753 properare
1351 2709 1387 2741 et
1437 2705 1587 2741 raudem
1615 2705 1742 2751 facere
1765 2703 1867 2747 velit,
1898 2714 1944 2740 ne
1967 2702 2056 2739 talia
2078 2714 2152 2750 per
2182 2702 2375 2739 ludibrium
2399 2707 2498 2750 aqut,

319 2802 433 2836 2rubr.
444 2795 807 2845 Περὶ-άπὸψεως(ὅ
839 2809 906 2833 eoos
916 2811 946 2833 v.
956 2799 1073 2840 LAeh.)
1087 2798 1250 2839 MLAtlz.]
1266 2799 1356 2843 Περὶ

278 2844 447 2891 ἆπόψεως
459 2841 648 2887 θαλάσσης
661 2846 806 2886 ΤΙιεοᾱ.(
829 2846 886 2887 ul.)
902 2845 914 2888 Ι]
933 2846 954 2879 4
967 2843 1112 2889 ἐπάρχω
1126 2844 1182 2884 Μ]
1205 2838 1356 2889 ὑπάρχω

280 2894 310 2927 L
328 2892 342 2938 ΙΙ
357 2895 376 2926 ’1
398 2888 599 2935 οἰκοδομίας
612 2891 648 2924 Β
665 2890 679 2935 [Ι
704 2892 745 2924 10
759 2889 939 2932 Ζήνωνος]
959 2890 1037 2924 Cod.
1049 2891 1080 2930 8,
1093 2897 1139 2931 10,
1154 2895 1187 2923 12
1203 2893 1220 2928 §
1231 2896 1247 2923 4
1265 2886 1279 2933 u
1293 2888 1356 2921 τοῦ

278 2957 323 2962 -
339 2935 470 2981 λήξεως
490 2949 548 2971 om.
565 2937 600 2970 Β
615 2935 629 2980 Ι]
650 2937 688 2970 11
706 2933 850 2970 τοιοῦτό
865 2947 902 2969 τι
918 2934 1270 2979 νενομοθετήκαμεν]
1294 2946 1357 2967 non

279 2991 436 3019 servatur.
473 2983 561 3018 Nam
586 2982 664 3016 cod.
680 2983 711 3024 8,
729 2989 818 3023 10,13
840 2982 901 3015 hue
924 2994 987 3015 non
1006 2982 1149 3025 pertinet
1171 2981 1228 3024 (ef.
1253 2979 1289 3012 B
1303 2979 1357 3019 58,

280 3038 320 3071 11,
331 3031 387 3071 1¹2),
411 3040 469 3062 nee
490 3028 609 3062 rectius
631 3040 702 3061 nov.
718 3028 782 3062 165
807 3028 963 3070 intelleyit
974 3026 1162 3060 Zachariae
1180 3023 1194 3065 ΙΙ
1209 3023 1358 3066 ἐπῆκται

281 3076 327 3109 Μ
339 3074 503 3117 (sequitur
515 3075 559 3128 ς)]
583 3073 815 3107 ἐπιτέτακται
829 3073 860 3105 L
884 3072 1146 3117 ἐπιτέτραπται
1159 3070 1195 3104 Β
1213 3069 1226 3114 ΙΙ
1245 3071 1285 3103 12
1297 3068 1358 3110 τῆς

279 3116 463 3165 βασιλίδος
484 3128 616 3161 ταυτης
639 3119 671 3152 L
691 3118 704 3164 Ι
737 3119 777 3152 13
802 3113 988 3159 θαλάττης
1006 3118 1064 3158 Μ]
1089 3113 1275 3157 θαλάσσης
1289 3114 1358 3147 LB

281 3167 338 3207 (id.
352 3166 408 3208 21)
425 3164 438 3209 ΙΙ
458 3166 498 3199 19
516 3160 716 3207 οἰκοδομεῖν
730 3164 789 3205 Μ]
814 3161 1066 3206 οἰκοδομοῦσιν
1079 3161 1170 3197 ῙιΒς
1185 3162 1197 3203 ll
1216 3158 1358 3193 ἐκεῖθεν

283 3210 360 3256 ΒἸΙ
383 3211 424 3245 21
452 3206 570 3243 ἔπιδ’
588 3207 633 3243 ἂν
646 3210 704 3250 M]
727 3211 786 3242 καὶ
811 3204 960 3242 ἐπειδὰν
973 3208 1064 3243 ΕΒς
1087 3207 1099 3250 ΙΙ
1122 3204 1189 3248 τὴν
1212 3203 1359 3255 οπωΜηῖΙ

281 3250 798 3344 ἑιῄιιῗέεῗέίὲοῑεὲιῖ
818 3254 909 3341 ’ἧς
923 3246 1359 3339 ’ὲξὶὲςὶεῖᾶῗῖὃιςῆ

283 3349 325 3382 29
344 3346 487 3381 τοιοῦτο
511 3358 569 3380 om.
584 3345 619 3379 B
639 3345 653 3391 ΙΙ
679 3347 721 3379 30
744 3341 862 3378 τούτω
876 3343 923 3377 Μ

341 3484 357 3516 1
385 3482 526 3516 Novella
540 3479 676 3515 LXIII
689 3495 735 3509 =
754 3479 852 3512 Auth.
866 3478 1000 3512 LXVI
1008 3479 1040 3512 in
1061 3477 1256 3521 Vrepetz'tur
1268 3477 1359 3520 infra

285 3526 366 3559 inter
379 3533 627 3571 extravaqantes
641 3525 828 3559 Anthentt‘ei
837 3530 912 3568 post
923 3536 993 3557 nov.
1007 3524 1102 3557 XXI
1109 3525 1142 3567 f.
1158 3519 1231 3557 184¹
1247 3523 1304 3564 (=
1315 3522 1358 3564 v),

287 3571 392 3604 eodem
412 3573 479 3605 loco
501 3572 617 3615 leyitur
637 3572 670 3605 in
691 3570 724 3604 R
740 3572 773 3613 f.
791 3571 846 3612 74,
871 3575 957 3603 extat
977 3570 1071 3603 etiam
1087 3570 1121 3602 in
1145 3581 1163 3602 r
1178 3570 1210 3612 f.
1226 3569 1268 3602 88
1284 3573 1360 3611 post

287 3627 356 3647 nov.
371 3616 442 3648 LX
452 3617 542 3650 VIII
560 3617 616 3658 (εει
635 3616 731 3650 ΛιιίῙι.
746 3614 871 3657 LXX)
895 3613 908 3658 ΙΙ
933 3612 972 3658 Bt
997 3612 1112 3647 LXVI
1144 3613 1179 3648 V
1197 3613 1210 3659 ss
1236 3613 1257 3647 2
1270 3614 1356 3646 rubr.

287 3671 345 3692 om.
360 3660 416 3692 Rv
433 3659 447 3703 11
463 3661 510 3693 De
525 3661 634 3703 operis
649 3661 731 3694 noui
747 3659 1004 3693 annuntiatione
1024 3673 1042 3693 r
1056 3659 1070 3704 ΙΙ
1087 3662 1109 3695 4
1125 3661 1221 3694 inser.
1242 3672 1300 3693 om.
1313 3671 1331 3693 r
1345 3654 1358 3702 ΙΙ

287 3704 389 3746 Impr.
406 3703 485 3737 Iust,
500 3707 583 3746 Aug.
602 3707 646 3747 V]
659 3706 750 3739 Idem
763 3707 802 3739 Δ.
815 3705 875 3739 Rv
890 3704 904 3750 ll
922 3705 1069 3747 Longini
1081 3702 1114 3737 R
1129 3704 1143 3750 u
1162 3707 1181 3739 5
1196 3705 1358 3738 Constan-

1424 2795 1583 2839 tinopolis
1603 2796 1648 2838 V]
1674 2795 2042 2838 Constantinopolitane
2053 2795 2087 2828 R
2098 2808 2117 2829 v
2135 2795 2148 2838 ΙΙ
2163 2796 2184 2828 6
2201 2794 2246 2828 sit
2265 2808 2283 2828 r
2296 2794 2310 2839 ΙΙ
2330 2797 2348 2829 7
2367 2795 2499 2828 domum

1424 2841 1581 2876 R¹VvT
1599 2841 1672 2874 doffi
1689 2854 1707 2875 r
1732 2839 1745 2885 ΙΙ
1767 2840 1907 2874 ediffitia
1929 2854 1950 2874 v
1966 2842 2009 2882 (ει
2023 2842 2070 2874 sic
2082 2842 2224 2884 saepius)
2243 2839 2256 2884 ΙΙ
2279 2841 2299 2874 8
2323 2840 2498 2882 credimus]

1425 2886 1574 2919 dedimus
1595 2887 1668 2928 ΒΤ,
1695 2887 1754 2930 leq.
1771 2886 1995 2920 credidimus?
2018 2885 2031 2930 fl
2058 2886 2231 2927 mensuris]
2255 2885 2316 2918 mis
2338 2885 2422 2918 iuris
2443 2898 2465 2918 υ
2486 2885 2493 2927 Ι

1425 2933 1446 2966 9
1459 2931 1641 2965 distrahere
1661 2945 1683 2964 v
1711 2931 1874 2974 digestare
1890 2932 1924 2966 rl
1940 2931 1953 2975 ΙΙ
1970 2931 2067 2965 domo
2087 2930 2142 2975 Vn
2163 2933 2203 2965 10
2218 2933 2443 2963 const-un·
2458 2944 2475 2964 r

1426 2979 1458 3010 et
1473 2990 1531 3011 om.
1545 2990 1564 3010 r
1581 2977 1594 3021 ΙΙ
1609 2978 1827 3010 sanctiuimus
1845 2978 1890 3019 V]
1912 2977 2095 3010 sanccimus
2106 2977 2299 3018 (sanctimus
2313 2978 2343 3018 v)
2361 2976 2476 3010 RTrv

1428 3024 1467 3058 11
1493 3022 1575 3056 urbe
1597 3023 1652 3056 Vv
1665 3025 1693 3064 r]
1717 3023 1855 3055 ciuitate
1866 3023 1937 3056 ΒΤ
1949 3022 1962 3066 η
1981 3023 2021 3056 12
2044 3021 2189 3064 aliquem
2211 3022 2256 3063 V]
2281 3021 2498 3064 aliquide,

1391 3067 1394 3094 Ι
1427 3081 1516 3101 om.r
1545 3067 1558 3111 1]
1586 3068 1676 3100 intra
1700 3070 1844 3110 centum]
1871 3067 1995 3101 coctum
2011 3068 2069 3110 (=
2081 3069 2278 3108 trecentum)
2302 3080 2320 3100 r
2345 3066 2358 3111 ΙΙ
2387 3066 2497 3109 perhi—

1427 3113 1532 3147 berer
1548 3113 1561 3157 ΙΙ
1585 3114 1699 3147 matris
1724 3113 1805 3158 12¹ss
1830 3114 1870 3147 13
1895 3124 1930 3146 re
1954 3113 2139 3155 gratissima
2164 3126 2180 3146 r
2204 3112 2216 3156 ΙΙ
2241 3112 2386 3154 quidem]
2411 3110 2497 3153 quod

1426 3159 1460 3193 R
1478 3158 1490 3201 ΙΙ
1506 3159 1625 3192 sorsam
1650 3173 1667 3193 r
1683 3158 1696 3203 ΙΙ
1714 3160 1746 3191 et
1770 3171 1828 3192 om.
1841 3159 1874 3192 R
1889 3157 1902 3203 ΙΙ
1925 3160 1965 3192 14
1986 3158 2056 3191 eius
2069 3158 2102 3191 R
2114 3172 2130 3191 r
2142 3159 2177 3191 υι
2197 3159 2209 3201 ΙΙ
2224 3161 2336 3201 patere
2355 3157 2399 3198 V]
2422 3165 2495 3199 par-

1427 3207 1492 3238 tem
1516 3204 1639 3238 RTrv
1668 3204 1680 3247 ΙΙ
1712 3206 1752 3239 15
1776 3203 1950 3246 perhibere
1973 3216 1991 3237 r
2012 3203 2025 3248 ΙΙ
2055 3206 2088 3236 et
2112 3217 2170 3237 om.
2186 3203 2218 3236 R
2250 3204 2282 3236 et
2305 3203 2341 3235 in
2365 3213 2455 3235 orn-v
2483 3198 2497 3244 ΙΙ

1426 3248 1627 3292 inopinabili
1648 3250 1713 3291 Vv]
1737 3248 1901 3292 opinabili
1915 3249 1948 3282 T
1967 3248 2126 3291 epinabili
2142 3249 2173 3281 R
2196 3247 2238 3281 ob
2257 3246 2336 3280 mali
2353 3246 2397 3289 νΙ
2415 3255 2495 3287 qua-

1428 3294 1502 3327 dam
1522 3295 1566 3336 V]
1588 3294 1729 3337 quodam
1741 3294 1803 3327 Rv
1822 3294 1988 3336 quandam
2001 3295 2045 3338 ru
2067 3295 2107 3328 16
2120 3293 2352 3326 machinantur
2368 3303 2386 3324 r
2396 3291 2494 3334 ναῖς]

1427 3339 1638 3373 machinatur
1666 3340 1698 3373 V
1724 3340 1933 3373 machinatus
1957 3339 1991 3373 R
2021 3338 2211 3373 dominatur
2233 3351 2254 3371 v
2281 3335 2296 3381 ΙΙ
2319 3337 2421 3368 artem
2446 3349 2462 3368 r
2484 3337 2496 3379 Η

1427 3385 1573 3427 quidam]
1601 3385 1734 3427 quidem
1751 3384 1835 3418 clam
1851 3398 1872 3418 v
1887 3384 1900 3428 ΙΙ
1917 3384 2038 3428 pedum
2058 3385 2200 3428 spatium
2216 3381 2424 3422 relinquente
2446 3380 2496 3425 VM

1430 3432 1469 3465 17
1493 3441 1632 3473 parvum
1660 3431 1901 3475 Osenbriiqqen]
1925 3440 2043 3473 parum
2068 3431 2144 3464 libri
2169 3428 2183 3472 ΙΙ
2209 3425 2337 3468 aliquid
2361 3438 2419 3458 om.
2444 3438 2461 3457 r
2484 3427 2496 3468 ΙΙ

1427 3477 1468 3509 18
1501 3476 1676 3509 aedificant
1706 3475 1754 3508 ibi
1787 3476 1893 3517 Beck]
1933 3474 2159 3508 edificantibus
2191 3472 2269 3505 libri
2293 3470 2306 3514 ΙΙ
2337 3470 2495 3503 habentes

1426 3518 1518 3554 aliud
1534 3534 1554 3553 v
1570 3520 1583 3566 ΙΙ
1611 3523 1651 3556 19
1669 3520 1798 3563 aliquid
1818 3521 1854 3553 υί
1878 3520 1882 3564 Ι
1901 3520 2074 3554 abstulerit
2093 3518 2147 3560 Vl]
2172 3517 2214 3550 23
2232 3516 2419 3559 potiuntur,
2439 3516 2494 3549 de-

1425 3567 1565 3609 ponunt]
1588 3567 1759 3609 potuerint
1773 3579 1793 3598 υ
1810 3566 1823 3610 ΙΙ
1841 3567 1852 3598 1
1881 3577 1917 3599 os
1930 3567 1963 3599 R
1980 3565 1994 3609 ΙΙ
2007 3563 2150 3608 propter]
2170 3571 2230 3604 per
2244 3574 2260 3593 r
2273 3573 2291 3593 υ
2308 3560 2320 3604 ΙΙ
2345 3561 2387 3595 24
2400 3561 2494 3594 adin-

1425 3613 1563 3644 uentum
1578 3612 1682 3652 RVv]
1703 3611 1878 3644 inuentum
1896 3611 1939 3654 ru
1958 3612 1990 3643 et
2011 3609 2075 3649 Vr]
2090 3608 2138 3640 set
2153 3606 2214 3639 Rv
2231 3605 2243 3649 ΙΙ
2269 3606 2310 3639 25
2330 3606 2495 3649 voluptate

1424 3656 1536 3700 Rssru
1560 3658 1602 3690 26
1623 3656 1730 3697 Quod]
1755 3656 1813 3698 qui
1835 3656 1867 3690 R
1891 3655 1905 3699 Ι
1927 3655 1970 3690 29
1988 3652 2064 3694 Sed]
2085 3651 2150 3685 Sed
2168 3653 2201 3683 et
2219 3651 2279 3684 Rv
2295 3651 2308 3695 ΙΙ
2332 3652 2412 3694 quid
2437 3651 2496 3696 Vn

1427 3701 1571 3735 voluerit
1595 3701 1662 3735 tale
1687 3702 1735 3736 bis
1745 3712 1840 3735 ser-v
1862 3698 1876 3744 ΙΙ
1900 3699 1943 3734 30
1967 3697 2037 3732 luat
2062 3709 2078 3730 r
2099 3695 2113 3741 ΙΙ
2137 3698 2275 3738 egerunt
2298 3709 2316 3730 r
