2618 4010
300 117 408 161 Nov.
441 117 460 160 I
502 120 610 160 2—-4
1415 116 1442 165 8
2196 138 2257 171 nn
2284 139 2538 175 muninus

298 228 361 262 οὐκ
392 230 433 262 ἐν
462 229 516 272 τῷ
549 227 691 273 λαβεῖν,
710 225 797 282 θάλλῖ
831 229 872 263 ἐν
900 230 955 282 vg}
977 226 1094 275 μόνον
1117 228 1274 282 εὐσεβῶς
1297 232 1392 286 ἐχειν
1460 233 1518 277 pie
1542 232 1679 278 agendo
1703 233 1902 278 habentem,
1925 238 1962 272 et
1984 247 2055 273 non
2078 237 2189 274 videri
2200 238 2277 276 sine
2295 240 2396 277 lucro
2414 241 2538 278 huius·

297 275 358 326 καὶ
379 273 434 327 μὴ’
454 271 572 307 δοκεῖν
595 270 726 328 {neptim
747 286 1004 329 ‘tov‘vocovwv
1027 273 1121 326 εἶναι
1144 272 1290 329 κληρον·
1314 288 1337 318 η
1360 276 1392 310 εἰ
1458 276 1554 313 modi
1585 287 1664 313 esse
1693 277 1936 323 hereditatem,
1965 284 2029 317 aut
2050 281 2083 318 si
2104 283 2269 330 noluerit,
2293 295 2375 321 eum
2397 286 2539 331 quidem

296 331 347 362 μη
369 317 547 363 βουλοιτο,
580 331 691 352 αυτον
715 319 783 362 μὲν
805 321 1038 364 αναχωρῆσαι
1062 330 1124 362 της
1146 330 1314 363 τοιαυτηε
1336 321 1390 354 ἐν·
1458 321 1623 357 recedere
1647 322 1693 357 ab
1717 321 1919 360 huiusmodi
1940 325 2178 371 institutione,
2202 329 2319 365 locum
2342 340 2426 367 vero
2449 331 2527 367 fieri

297 360 475 405 στάσεως,
512 361 638 409 χώραν
669 360 710 397 δὲ
737 364 931 410 γενέσθαι,
971 364 1143 411 καθάπερ
1177 364 1390 411 ἑζιιπροσθεν
1458 366 1553 402 sicut
1583 366 1716 401 dudum
1739 368 1987 413 praediximus,
2017 372 2222 409 substitutis
2245 378 2282 410 et
2305 358 2538 411 coheredibus

298 405 460 443 εἰπόντες
492 408 679 453 ἔφθημεν,
708 405 1021 444 ὑποκαταστάτοις
1052 422 1092 442 τε
1115 410 1175 442 καὶ
1200 407 1389 455 συγκληρο-
1423 414 1443 446 5
1458 413 1496 445 et
1517 410 1854 448 fideicommissariis
1885 417 1923 448 et
1951 414 2132 459 legatariis
2155 420 2193 453 et
2215 419 2324 455 servis
2348 422 2385 455 et
2407 420 2468 465 qui
2490 422 2536 456 ab

295 450 418 497 νόμοις
458 455 519 486 καὶ
557 451 785 500 ληγαταρίοις
822 457 882 487 καὶ
920 452 1290 500 φιδεὶὶιομμισσαρίοις
1329 458 1390 488 καὶ
1457 455 1629 490 intestato
1661 458 1745 491 sunt
1776 458 1813 491 et
1843 457 1940 500 aliis,
1970 461 2166 497 secundum
2187 463 2288 508 prius
2311 474 2335 500 a
2357 465 2460 501 nobis
2483 465 2537 500 in·

296 498 448 532 οἰκέταις
478 499 539 531 καὶ
567 500 642 532 τοῖς
674 499 713 540 ἐξ
743 495 942 533 ἀδιαθέτου
965 502 1025 532 καὶ
1049 502 1122 532 τοῖς
1145 497 1273 540 ἄλλοις,
1297 498 1390 533 κατὰ
1457 504 1599 535 ventam
1621 500 1659 536 in
1682 500 1816 537 talibus
1839 502 1942 538 viam.

294 541 363 586 τὴν
386 542 600 621 ἔμ’προσθεν
622 539 683 589 ὑφ’
715 542 820 588 ἡμῶν
843 543 1085 590 ἐξηυρημένην
1103 545 1163 578 ἐπὶ
1180 546 1254 578 τοῖς
1273 543 1387 578 τοιού-

294 598 371 621 τοις
394 600 413 622 ο
438 600 492 622 ον.

1298 655 1458 693 CAPUT
1479 655 1547 693 111.

342 717 370 757 ἶ
402 719 452 758 Οὔ
477 720 643 768 δώσομεν
666 721 707 758 δὲ
729 721 854 758 ἄδειαν
877 723 932 766 τῷ
955 720 1167 768 κληρονόμῳ
1191 721 1234 757 τὸ
1257 726 1389 769 μέτρον
1406 727 1445 760 10
1502 725 1585 761 Non
1625 729 1745 762 autem
1785 726 1949 763 dabimus
1979 727 2157 765 licentiam
2186 730 2307 768 heredi
2336 744 2535 770 mensuram

293 768 356 811 τῆς
378 766 501 803 οὐσίας
523 767 681 815 ἀκριβῶς
728 767 922 802 ινώσκοντι
946 767 1168 812 καταβαλεῖν
1189 770 1258 812 μὲν
1277 766 1389 804 εὐθὺς
1457 771 1684 807 substantiae
1705 772 1885 807 subtiliter
1909 774 2116 817 agnoscenti
2139 776 2275 813 solvere
2297 779 2436 822 quidem
2455 790 2537 816 mox

293 813 333 854 ἐξ
355 810 462 859 ἀρχῆς
484 825 582 848 τισιν
605 781 781 861 ὁλόκίηρα
812 812 858 847 τὰ
884 816 1069 857 πρεσβεῖα,
1093 816 1170 866 ml„
1179 811 1296 860 πλήρη
1320 813 1388 858 τὴν
1457 815 1502 851 ab
1526 816 1626 852 initio
1651 816 1863 862 quibusdam
1886 818 2027 862 integra
2049 819 2166 863 legata
2179 822 2216 855 et
2230 821 2276 857 ad
2295 823 2438 867 plenum
2457 834 2536 860 sen-

291 854 443 904 γνώμην
473 860 537 892 τοῦ
574 857 793 903 διαθεμένου
822 859 975 902 τηρῆσαι
1004 859 1125 898 (τοῦτο
1150 871 1240 906 οπερ
1264 862 1324 893 καὶ
1349 858 1390 893 αἱ
1455 861 1603 896 tentiam
1626 862 1807 897 testatoris
1832 872 1975 897 servare
1999 864 2108 908 (quod
2125 864 2233 899 etiam
2250 869 2535 911 praecedentium

292 904 371 936 τῶν
394 901 465 950 πρὸ
489 901 595 948 ἡμῶν
619 902 758 949 λέγουσι
782 900 985 944 διατάξεις),
1003 901 1102 950 παρὰ
1123 901 1164 936 δὲ
1183 905 1300 938 τινῶν
1317 916 1385 939 πα·
1455 915 1521 941 nos
1552 906 1677 942 dicunt
1701 907 2007 950 constitutiones),
2039 909 2086 943 ab
2111 909 2288 954 aliquibus
2311 914 2430 948 autem
2452 915 2535 949 reti-

292 951 503 995 ρακατέχειν
534 946 695 989 ἐθέλειν,
728 945 811 981 οὐδὲ
835 949 873 980 ἐκ
895 949 1021 993 μέρους
1043 949 1111 992 μὲν
1134 947 1296 996 πληροῦν
1317 948 1386 993 τὴν
1403 953 1440 985 15
1454 961 1539 986 nere
1570 952 1679 994 velle,
1715 961 1828 996 neque
1855 963 1901 988 ex
1933 957 2038 997 parte
2060 954 2201 998 quidem
2225 956 2402 1000 complere
2421 962 2532 994 testa-

291 993 356 1026 τοῦ
379 991 599 1037 διαθεμένου
622 992 783 1039 γνώμην,
808 993 848 1025 ἐκ
865 995 990 1039 μέρους
1009 990 1050 1026 δὲ
1068 990 1182 1036 αὐτὴν
1199 993 1385 1029 ἐλαττοῦν.
1453 996 1541 1031 toris
1572 996 1807 1041 sententiam,
1839 1007 1882 1032 ex
1911 1000 2015 1042 parte
2045 1009 2128 1034 vero
2159 1009 2238 1034 eam
2268 1002 2442 1045 minuere,
2474 1003 2535 1039 sed

291 1034 381 1071 ἀλλὰ
403 1036 470 1071 τόν
517 1051 533 1071 ε
551 1035 643 1072 ὅλως
660 1036 700 1071 οὐ
720 1036 999 1082 πεπλανημένον
1017 1040 1102 1085 περὶ
1125 1038 1168 1072 τὸ
1186 1039 1249 1082 τῆς
1265 1037 1387 1074 οὐσίας
1454 1041 1599 1077 omnino
1623 1052 1696 1077 non
1719 1046 1896 1078 errantem
1927 1043 2023 1078 circa
2046 1044 2268 1080 substantiae
2291 1046 2536 1090 quantitatem,

291 1082 419 1124 ποσόν,
443 1080 486 1116 ἀλ
519 1082 526 1091 “
554 1080 781 1129 γινώσκοντα
804 1095 844 1116 τε
867 1085 927 1116 καὶ
951 1080 1060 1117 εὐθὺς
1083 1081 1387 1128 ἀκολουθήσαντα
1454 1086 1518 1121 sed
1541 1089 1792 1131 agnoscentem
1816 1091 1852 1122 et
1873 1097 1956 1122 mox
1979 1092 2183 1133 sequentem
2200 1090 2413 1125 sententiam
2425 1095 2536 1127 testa-

289 1128 335 1174 τῇ
388 1125 493 1175 νώμῃ
525 1129 587 1162 τοῦ
614 1126 835 1172 διαθεμένου
859 1125 919 1161 διὰ
943 1128 1096 1163 πάντων
1120 1126 1210 1176 αὐτῇ
1235 1143 1385 1163 κατακο-
1453 1131 1543 1166 toris
1573 1141 1638 1176 per
1667 1132 1785 1167 omnia
1814 1142 1892 1167 eam
1921 1133 2022 1178 sequi
2046 1137 2083 1168 et
2104 1144 2177 1169 non
2201 1134 2247 1169 ad
2270 1135 2394 1179 peiora
2416 1137 2536 1181 paeni-

291 1141 439 1225 λου-ζεῖν
462 1175 522 1225 καὶ
544 1173 595 1217 μὴ
615 1171 888 1225 μεταμέλεσθαι
912 1172 1001 1219 πρὸς
1024 1173 1213 1227 τὰἳχείρω·
1260 1172 1301 1208 οὐ
1340 1174 1386 1221 ἀρ
1399 1178 1441 1211 20
1454 1180 1548 1221 tere3
1581 1187 1653 1212 non
1678 1177 1770 1212 enim
1794 1178 1861 1212 erit
1885 1178 1953 1213 hoc
1977 1188 2066 1223 pure
2090 1179 2281 1224 sequentis.
2329 1180 2400 1216 Sed
2423 1191 2538 1226 neque

289 1231 337 1250 αν
360 1218 414 1260 εἴη
437 1230 546 1251 τουτο
570 1218 746 1263 καθαρως
768 1215 995 1252 ἀκολουθεῖν.
1044 1221 1094 1253 Ου
1111 1232 1185 1263 μην
1203 1216 1288 1253 οὐδὲ
1322 1219 1385 1266 φή·
1455 1223 1682 1257 concedimus
1707 1222 1759 1257 eis
1783 1222 1828 1257 ab
1848 1222 1950 1257 initio
1970 1223 2163 1259 scientibus
2183 1224 2324 1268 quidem
2343 1228 2380 1260 et
2396 1226 2538 1261 incaute

289 1273 401 1306 σομεν
425 1260 545 1297 αὐτοῖς
567 1262 635 1306 τὴν
657 1261 770 1309 ἀρχὴν
793 1265 1045 1308 ἐπισταμένοις
1071 1267 1149 1308 μέν,
1173 1263 1385 1310 ἀφυλάκτως
1453 1266 1691 1309 solventibus,
1728 1270 1856 1311 postea
1900 1267 1982 1303 lites
2019 1268 2297 1313 percipientibus
2338 1270 2473 1306 inferre
2502 1275 2538 1306 et

289 1305 330 1341 δὲ
352 1306 632 1351 καταβαλοῦσιν,
657 1308 735 1342 εἶτα
757 1304 910 1354 ὕστερον
935 1307 1131 1355 πράγματα
1151 1313 1225 1343 τοῖς
1244 1308 1381 1354 λαμβά-
1452 1311 1612 1355 recipere
1635 1311 1724 1347 velle
1749 1312 1794 1346 ab
1819 1312 1870 1347 eis
1894 1312 2139 1358 quodcumque
2163 1314 2311 1359 contigit
2332 1316 2534 1351 exsolvisse.

288 1363 391 1386 νουσι
435 1355 606 1399 παρέχειν
647 1356 707 1386 καὶ
750 1349 1022 1397 ἀναλαμβάνειν
1059 1351 1261 1397 βούλεσθαι
1296 1352 1380 1400 παρ’
1454 1355 1606 1400 Oportet
1636 1356 1729 1391 enim
1759 1361 1842 1392 ante
1878 1357 2054 1392 actionem
2094 1359 2252 1403 cogitare
2282 1364 2319 1394 et
2349 1370 2470 1404 agere,
2500 1364 2537 1396 et

289 1395 434 1438 αὐτῶν,
465 1396 555 1444 ὅπερ
579 1394 625 1431 ἂν
649 1395 792 1440 τύχοιεν
815 1397 1094 1442 καταβαλόντες.
1143 1396 1199 1432 δεῖ
1218 1398 1264 1445 γὰ
1312 1398 1383 1444 πρὸ
1398 1403 1438 1435 25
1453 1411 1526 1435 non
1568 1401 1783 1445 cogitantem
1824 1405 1923 1437 recte
1965 1402 2091 1438 deinde
2133 1404 2320 1439 transferri
2355 1405 2401 1440 ad
2435 1406 2535 1441 inde·

289 1443 366 1476 τῶν
397 1439 571 1488 πράξεων
605 1441 857 1488 βουλεύεσθαι,
889 1446 949 1476 καὶ
987 1442 1180 1491 πράττειν,
1216 1443 1261 1477 ἀλ
1283 1443 1306 1478 ἀ
1335 1443 1385 1487 μὴ
1453 1445 1645 1480 votionem:
1672 1446 1742 1481 nisi
1764 1446 1856 1482 forte
1879 1447 1975 1482 iusta
1998 1447 2172 1492 quaedam
2195 1459 2307 1484 causa
2329 1449 2398 1485 hoc
2421 1450 2535 1486 intro-

289 1500 318 1522 π
342 1486 482 1528 άξαντα
506 1486 631 1535 ὀρθῶς
654 1487 733 1522 εἶτα
755 1488 976 1532 μεταβαλεῖν
994 1486 1084 1535 πρὸς
1101 1486 1382 1535 ἀγνωμοσύνην·
1453 1489 1605 1534 duxerit,
1635 1491 1846 1536 inopinabili
1875 1493 2029 1536 quodam
2053 1497 2258 1537 apparente,
2283 1495 2378 1539 quod
2399 1495 2536 1531 minuat

287 1545 317 1567 π
339 1532 384 1576 ὴν
414 1533 446 1566 εἰ
476 1531 526 1578 μὴ
558 1532 681 1567 δικαία
708 1545 762 1567 τις
793 1534 892 1567 αἰτία
921 1534 1029 1567 τοῦτο
1053 1533 1239 1580 εἰςαγάγοι,
1263 1546 1378 1581 παρα·
1448 1535 1686 1571 substantiam
1717 1540 1753 1571 et
1782 1537 1902 1572 locum
1928 1537 2124 1582 receptioni
2145 1537 2268 1573 faciat.

289 1576 395 1619 δόξου
418 1577 516 1612 τινὸς
539 1575 797 1624 ἀναφανέντος,
822 1575 912 1624 ὅπερ
933 1577 1078 1612 ἐλαττοῖ
1098 1580 1165 1622 τῆν
1182 1575 1310 1613 οὐσίαν
1328 1582 1388 1613 καὶ

285 1621 411 1670 χώραν
433 1623 478 1671 τῇ
503 1620 683 1669 ἀναλήψει
706 1625 813 1658 ποιεῖ.
1393 1629 1436 1661 30

1290 1714 1447 1751 CAPUT
1470 1715 1532 1752 1v.

333 1776 398 1827 <H>
412 1778 517 1816 Ἀλλὰ
539 1779 703 1816 κάκείνου
716 1779 895 1828 πρόνοιαν
916 1781 1085 1828 ἐθέμεθα
1101 1783 1164 1817 τοῦ
1181 1782 1230 1827 μὴ
1250 1780 1382 1830 χρόνον
1495 1783 1590 1819 Illud
1614 1794 1755 1829 quoque
1768 1785 2018 1830 prospicimus,
2032 1796 2076 1822 ne
2088 1787 2229 1831 tempus
2245 1786 2310 1822 fiat
2331 1786 2472 1832 longum
2495 1787 2533 1823 in

284 1827 459 1874 γίνεσθαι
490 1828 630 1874 μακρὸν
654 1829 695 1861 ἐν
717 1830 796 1861 ταῖς
817 1824 1002 1862 τοιαύταις
1026 1826 1226 1871 ζητήσεσιν.
1275 1825 1381 1863 023&-
1449 1829 1583 1864 talibus
1607 1830 1890 1874 quaestioni'bus.
1932 1831 2077 1866 Nullam
2100 1831 2192 1866 enim
2215 1832 2340 1866 talium
2356 1832 2532 1876 quaestio-

284 1876 374 1917 μίαν
405 1871 473 1919 γὰρ
503 1874 581 1906 τῶν
613 1871 791 1906 τοιούτων
815 1870 1000 1916 ζητήσεων
1023 1872 1046 1917 ἢ
1070 1871 1185 1907 δικῶν
1209 1871 1380 1919 ὑπερβαί-
1450 1885 1534 1909 num
1546 1876 1611 1909 aut
1623 1875 1736 1909 litium
1748 1876 2004 1911 transcendere
2017 1875 2101 1911 anni
2114 1879 2254 1921 tempus
2267 1877 2457 1917 sancimus,
2471 1887 2532 1912 ne-

285 1931 363 1959 νειν
394 1916 460 1951 τὸν
490 1919 555 1951 τοῦ
590 1919 755 1952 ἐνιαυτοῦ
786 1917 919 1965 χρόνον
951 1918 1188 1962 θεσπίζομεν,
1219 1916 1380 1965 ἀνάγκην
1450 1919 1653 1955 cessitatem
1665 1920 1887 1965 imponentes
1902 1921 2046 1956 omnino
2058 1921 2154 1956 intra
2167 1931 2300 1956 annum
2312 1925 2395 1967 post
2407 1921 2531 1958 aditio·

285 1962 515 1997 ἐπιτιθέντες
544 1961 692 1998 πάντως
722 1962 810 1996 εἴσω
843 1964 1007 1997 ἐνιαυτοῦ
1037 1962 1129 2007 μετὰ
1153 1962 1380 2010 προςέλευσιν
1395 1966 1436 1999 35
1449 1974 1530 1999 nem
1553 1966 1590 1999 et
1623 1965 1741 2009 legata
1764 1966 1853 2001 solvi
1883 1970 1920 2001 et
1943 1976 2034 2011 quae
2057 1976 2080 2001 a
2108 1969 2280 2002 testatore
2303 1970 2387 2002 sunt
2409 1967 2534 2002 relicta

285 2011 346 2041 καὶ
376 2006 423 2042 τὰ
454 2011 630 2055 πρεσβεῖα
652 2006 894 2051 καταβάλλειν
917 2011 978 2041 καὶ
1001 2007 1046 2042 τὰ
1069 2005 1141 2042 ὑπὸ
1164 2009 1228 2042 τοῦ
1253 2006 1379 2042 ὃιαθε-
1450 2010 1619 2054 compleri
1643 2011 1839 2045 secundum
1862 2012 1918 2047 sui
1941 2014 2105 2046 naturam
2128 2014 2165 2046 et
2193 2012 2312 2047 omnia
2329 2012 2399 2056 agi,
2424 2022 2532 2057 quae-

283 2055 392 2097 μένου
415 2051 722 2098 καταλελειμμένα
741 2051 900 2099 πληροῦν
914 2052 1007 2087 κατὰ
1026 2052 1090 2096 τὴν
1108 2053 1249 2087 ἑαυτῶν
1270 2052 1400 2099 φύσιν*
1449 2064 1600 2099 cumque
1623 2054 1724 2100 prius
1748 2055 1934 2092 ediximus.
1979 2056 2123 2091 Initium
2147 2059 2266 2092 autem
2289 2067 2384 2093 anno
2407 2056 2532 2092 damus

283 2100 343 2131 καὶ
363 2095 488 2133 πάντα
503 2097 689 2145 πράττειν,
706 2095 776 2132 ὅσα
796 2098 1011 2144 ἔμπροσθεν
1023 2095 1224 2145 εἰρήκαμεν.
1251 2095 1379 2145 Ἀρχὴν
1448 2100 1542 2134 sicut
1571 2100 1669 2144 prius
1704 2100 1776 2135 iam
1807 2101 1977 2145 diximus,
2008 2101 2284 2137 admonitionem
2306 2111 2351 2137 ex
2373 2101 2532 2137 iudiciali

284 2141 325 2176 δὲ
346 2144 402 2186 τῷ
427 2144 582 2186 ἐνιαυτῷ
608 2141 766 2187 δίδομεν,
791 2143 962 2189 καθάπερ
981 2142 1194 2187 ἔμπροσθεν
1212 2141 1376 2178 εἰπόντες

283 2187 470 2233 ἔφθημεν,
500 2186 568 2231 τὴν
600 2190 638 2221 ἐκ
666 2186 872 2231 δικαστικῆς
894 2184 1102 2233 ὑπόμνησιν
1125 2186 1258 2233 ψήφου.
1311 2189 1377 2222 Τοῦ
1391 2192 1434 2223 40

282 2277 380 2313 iusta
408 2279 513 2324 forte
544 2283 579 2313 et
607 2278 674 2324 pia
704 2277 883 2323 quaedam
915 2278 1135 2323 relinquenti
1166 2278 1308 2313 lucrum
1339 2289 1414 2313 non
1447 2279 1486 2313 in
1510 2280 1734 2326 accipiendo,
1757 2280 1822 2316 sed
1842 2281 1960 2316 solum
1982 2282 2022 2316 in
2037 2281 2103 2328 pie
2128 2283 2269 2328 aqendo
2286 2293 2442 2334 ponere,
2466 2293 2531 2317 nec

285 2323 391 2358 talem
414 2322 649 2358 hereditatem
669 2333 742 2368 pro
766 2322 1003 2368 infructuosa
1026 2322 1180 2365 habere;
1210 2328 1276 2358 aut
1297 2323 1330 2358 si
1353 2323 1464 2365 nolit,
1488 2323 1607 2370 ipsum
1633 2324 1776 2370 quidem
1801 2325 1969 2361 recedere
1991 2325 2038 2361 ab
2062 2326 2267 2362 huiusmodi
2289 2326 2529 2370 institutione,

283 2368 402 2403 Iocum
434 2372 571 2410 autem,
629 2371 717 2402 rout
745 2372 831 2402 ante
861 2367 1045 2410 diximus,
1073 2367 1160 2418 fieri
1189 2371 1226 2403 et
1246 2367 1452 2403 substitutis
1483 2372 1519 2403 et
1542 2367 1780 2404 coheredibus
1802 2374 1839 2405 et
1861 2370 2050 2416 leqatariis
2072 2375 2110 2407 et
2127 2370 2473 2416 fideicommissariis
2494 2377 2531 2408 et

281 2413 397 2449 servis
419 2418 456 2449 et
478 2411 600 2448 heredi
625 2422 669 2447 us
690 2411 735 2447 ab
758 2412 932 2448 intestato
956 2415 994 2447 et
1014 2412 1080 2447 reli
1109 2412 1178 2455 uis,
1202 2412 1400 2448 secundum
1424 2412 1518 2448 viam
1540 2417 1650 2449 antea
1674 2424 1698 2448 a
1721 2414 1827 2450 nobis
1847 2414 1887 2449 in
1912 2415 2044 2451 talibus
2066 2415 2175 2451 rebus
2196 2420 2402 2463 repertam·

419 2457 484 2493 ΠΙ.
522 2458 599 2493 Nee
622 2468 708 2493 vero
733 2457 872 2493 veniam
895 2456 1061 2493 dabimus
1083 2423 1210 2493 {credi
1230 2457 1377 2492 modum
1397 2458 1616 2510 patrimonii
1638 2463 1811 2495 accurate
1832 2461 2007 2503 noscenti,
2039 2465 2081 2496 ut
2101 2461 2224 2496 statim
2247 2461 2293 2497 ab
2315 2461 2422 2497 initio
2445 2461 2530 2497 aliis

282 2502 427 2550 quidem
457 2503 602 2549 inteqra
631 2501 755 2549 leqata
777 2502 907 2545 solvat,
939 2507 976 2538 et
997 2502 1218 2538 voluntatem
1243 2507 1430 2538 testatoris
1464 2507 1578 2538 totam
1599 2509 1719 2539 servet
1741 2504 1797 2545 (id
1818 2504 1920 2556 quod
1939 2506 2048 2541 etiam
2071 2505 2297 2541 decessorum
2319 2509 2529 2542 nostrarum

282 2547 561 2584 constitutiones
583 2547 745 2591 dicunt),
779 2547 863 2582 aliis
886 2551 1007 2582 autem
1031 2547 1222 2582 detrahere
1244 2547 1340 2589 velit,
1372 2557 1438 2582 nec
1468 2553 1510 2582 ut
1532 2558 1609 2594 pro
1659 2553 1740 2583 arte
1770 2548 1915 2594 quidem
1938 2550 2158 2585 voluntatem
2181 2550 2348 2596 defuncti
2369 2550 2528 2597 impleat,

281 2604 353 2641 pro
370 2598 486 2640 parte
509 2603 594 2628 vero
616 2603 696 2627 eam
719 2592 918 2627 imminuat.
973 2591 1106 2627 Verum
1138 2592 1203 2638 qui
1226 2592 1373 2627 omnino
1397 2603 1471 2627 non
1494 2597 1596 2627 errat
1643 2604 1663 2628 e
1683 2592 1910 2629 substantiae
1932 2594 2145 2640 quantitate,
2167 2597 2233 2630 sed
2254 2605 2333 2630 eam
2357 2596 2529 2642 coynovit

282 2643 394 2684 atque
427 2638 550 2673 statim
579 2642 727 2672 secutus
760 2640 815 2672 est
847 2637 1069 2672 voluntatem
1094 2637 1290 2679 testatoris,
1316 2647 1390 2689 per
1415 2637 1536 2672 omnia
1558 2648 1638 2673 eam
1668 2642 1844 2684 sequatur
1866 2649 1982 2684 neque
2003 2639 2041 2673 in
2057 2640 2194 2686 peiora
2217 2640 2375 2675 antimum
2397 2644 2528 2676 mutet:

281 2693 399 2729 neque
419 2683 513 2717 enim
537 2681 607 2718 hoc
630 2686 724 2717 esset
739 2692 838 2728 pure
859 2682 971 2728 sequi.
1020 2682 1148 2728 Neque
1170 2682 1289 2734 maqis
1311 2682 1369 2725 iis,
1395 2682 1470 2730 qui,
1494 2692 1575 2717 cum
1598 2682 1639 2717 id
1660 2682 1706 2718 ab
1722 2683 1826 2718 initio
1841 2683 2012 2725 scierunt,
2036 2683 2181 2720 incaute
2197 2688 2315 2720 tamen
2326 2684 2524 2727 solverunt,

279 2728 532 2774 permittemus
564 2731 695 2774 postea
725 2727 874 2773 neqotia
905 2727 1093 2773 facessere
1125 2727 1385 2773 accipientibus
1415 2731 1453 2762 et
1481 2726 1526 2762 ab
1557 2727 1631 2762 illis
1661 2727 1763 2774 quod
1789 2728 1964 2764 solverint
1994 2728 2157 2775 recipere
2179 2729 2277 2765 velle.
2323 2732 2526 2776 Antequam

281 2772 376 2808 enim
398 2784 422 2808 a
449 2783 491 2807 as
513 2771 771 2807 consulendum
793 2773 918 2818 itaque
941 2771 1122 2818 aqendum
1146 2779 1211 2814 est,
1241 2782 1306 2807 nec
1330 2782 1427 2814 vero,
1458 2771 1520 2807 ubi
1542 2776 1639 2808 recte
1659 2773 1806 2818 feceris,
1831 2773 1882 2808 ad
1901 2773 2128 2819 iniquitatem
2151 2774 2294 2809 animus
2315 2779 2525 2818 converten—

281 2818 361 2898 dzcsl.
409 2784 491 2853 lgm·
519 2818 623 2898 forte
653 2818 875 2898 imt‘fftffufle
903 2827 1016 2852 causa
1045 2816 1115 2853 hoc
1137 2817 1344 2860 induxerit,
1375 2816 1437 2852 ubi
1459 2816 1550 2863 quid
1569 2817 1754 2864 inopinati
1776 2819 1971 2860 emerserit,
2003 2818 2104 2865 quod
2124 2819 2364 2854 substantiam
2387 2819 2526 2854 minuat

281 2874 301 2898 e
356 2873 459 2898 ocum
504 2873 586 2897 acta
625 2873 665 2898 re
692 2868 739 2898 eti
757 2873 844 2898 zoni.

416 2908 467 2944 IV
469 2862 616 2942 fland
638 2874 783 2959 qic’oque
806 2907 1023 2949 curavimus,
1047 2918 1093 2943 ne
1116 2906 1267 2942 multum
1292 2907 1465 2953 temporis
1487 2907 1527 2942 in
1550 2906 1727 2943 eiusmodi
1750 2907 2024 2953 quaestionibus
2040 2912 2285 2944 consumatur.
2334 2908 2525 2945 Sancimus

281 2952 388 2995 enim,
417 2957 460 2988 ut
487 2952 590 2987 nulla
621 2952 797 2988 eiusmodi
846 2953 986 2988 uaestio
1019 2957 1086 2988 aut
1108 2952 1153 2988 lis
1175 2952 1264 2987 anni
1286 2952 1446 2999 spatium
1469 2952 1636 2996 excedat,
1660 2953 1907 2988 necessitatem
1930 2953 2166 2999 imponentes,
2190 2958 2232 2989 ut
2254 2954 2402 2990 omnino
2424 2955 2523 2990 intra

281 3008 417 3033 annum
438 3002 527 3045 post
549 2996 745 3033 aditionem
769 3002 805 3033 et
841 3002 951 3044 eqata
974 2997 1094 3033 solvat
1115 3002 1152 3033 et
1174 3008 1198 3032 a
1223 3001 1397 3033 testatore
1419 2997 1548 3033 relicta
1565 3009 1642 3045 pro
1666 2998 1721 3033 rei
1743 3001 1879 3033 natura
1903 2998 2053 3044 impleat
2074 3003 2110 3034 et
2133 2999 2254 3034 omnia
2273 2999 2405 3045 faciat,
2428 3010 2523 3045 quae

281 3048 368 3078 ante
399 3043 570 3079 diximus.
619 3041 770 3078 Initium
802 3048 921 3078 autem
951 3053 1048 3077 anno
1081 3042 1229 3085 damus,
1266 3041 1566 3088 quemadmodum
1598 3053 1715 3096 supra
1745 3042 1818 3078 iam
1842 3042 2013 3085 diximus,
2037 3042 2082 3078 ab
2106 3043 2356 3079 admonitione
2378 3043 2521 3080 decreto

280 3088 447 3124 iudiciali
475 3089 592 3134 facta.
640 3089 746 3123 Anno
782 3088 876 3123 enim
906 3088 1017 3134 culpa
1052 3087 1193 3123 heredis
1227 3087 1449 3123 circumacto
1480 3088 1560 3135 ipse
1583 3087 1726 3134 quidem
1749 3087 1886 3123 relictis
1909 3088 2065 3130 excidet,
2089 3088 2154 3123 alii
2176 3099 2272 3130 vero,
2298 3099 2405 3148 quos„⁸
2413 3094 2522 3124 antea

332 3185 343 3214 l
371 3177 534 3224 εὐσεβεῖν
555 3182 589 3214 Α
607 3182 654 3224 115
679 3177 841 3214 εἰπόντες
865 3179 1034 3226 ἔφθημεν
1059 3179 1112 3221 Μ]
1138 3179 1286 3223 εἴπομεν
1307 3181 1339 3212 Α
1360 3178 1372 3223 Ι]
1440 3181 1471 3213 Α
1495 3182 1528 3213 in
1552 3194 1612 3223 my.
1634 3181 1647 3224 ΙΙ
1673 3182 1716 3214 32
1746 3179 1922 3226 γενέσθαι
1940 3182 1972 3213 Α
1998 3181 2011 3224 Η
2036 3184 2078 3214 33
2103 3176 2125 3222 ἢ
2147 3178 2272 3222 δικῶν]
2305 3177 2433 3212 ἰδικῶν
2454 3180 2486 3213 Α
2508 3178 2521 3220 ΙΙ

282 3240 302 3270 6
326 3239 385 3269 καὶ
409 3234 761 3283 φιδικομμισσαρίοις
791 3239 851 3270 καὶ
883 3235 1109 3283 ληγατιιρίοις
1133 3238 1162 3270 A
1188 3248 1208 3273 ς
1233 3236 1246 3280 fl
1272 3238 1311 3271 10
1336 3229 1369 3277 ξ]
1441 3227 1483 3260 35
1509 3221 1656 3259 πάντως
1677 3224 1764 3279 ἶῖσω
1786 3222 2091 3282 51‘21'31511‘n4vwc
2110 3223 2326 3278 (naitvost)
2342 3225 2483 3277 QLAlB
2506 3224 2519 3267 ss

285 3283 350 3325 Μιι
368 3279 408 3314 δε
431 3297 457 3315 s.
481 3296 510 3315 v.
533 3284 564 3316 L
587 3283 600 3326 ιι
628 3284 663 3316 ιι
691 3278 932 3325 καταβάλλειν
956 3283 1033 3314 MB
1054 3283 1066 3325 ιι
1089 3283 1157 3323 μιν
1180 3294 1239 3315 om.
1265 3282 1336 3314 LB
1359 3283 1372 3322 ιι
1441 3272 1483 3325 ³36
1501 3267 1764 3323 uavassahzwA
1779 3270 1792 3314 ll
1809 3272 1895 3311 υπο]
1918 3282 2009 3314 mee
2020 3271 2065 3303 12¹
2081 3270 2094 3315 ΙΙ
2114 3273 2156 3326 3ἷ3
2178 3272 2316 3315 Αρκην]
2341 3267 2379 3302 λε
2396 3278 2521 3321 29⁰⁹?ss

284 3329 324 3361 12
349 3325 509 3371 πληροῦν
520 3329 562 3368 A,
586 3329 645 3370 qui
655 3328 770 3360 deinde
782 3340 841 3360 om.
858 3326 1011 3372 τηρῆσαι
1034 3327 1142 3360 τοῦτο
1160 3326 1172 3369 ΙΙ
1192 3328 1231 3361 13
1245 3325 1285 3359 αἱ
1295 3334 1370 3369 post
1438 3327 1586 3359 αθκεται
1612 3316 1643 3348 Α
1673 3328 1706 3348 ”²
1731 3328 1790 3359 ''¹9-
1814 3315 1831 3367 fl
1862 3318 1904 3348 39
1933 3312 2294 3368 Steunevfeqaffppwv
2316 3326 2389 3366 ⁰„st
2399 3316 2441 3354 A,
2473 3315 2517 3347 ul.

282 3370 443 3417 λέγουσιν
468 3373 539 3406 roll.
554 3373 612 3415 An
634 3374 673 3406 14
699 3370 798 3417 παρὰ
822 3370 955 3415 οτη.ΑΙΙ
976 3374 1014 3404 15
1039 3370 1201 3418 πληροῦν
1222 3372 1290 3414 μὲν
1303 3372 1333 3404 A
1357 3372 1369 3410 ιι
1440 3362 1535 3394 habet
1573 3362 1616 3394 40
1646 3356 1850 3403 δικαστικης
1886 3356 2032 3403 δίδομεν
2070 3368 2303 3404 υπομνησεως
2339 3369 2472 3403 ψηφον.
2506 3358 2518 3402 Ι

282 3430 325 3460 20
347 3425 686 3470 μεταβάλλεσθαιᾼ
704 3428 717 3471 ιι
734 3429 772 3462 2ι
801 3423 862 3469 οὐ]
881 3421 914 3464 ἕ
932 3429 974 3470 L,
990 3422 1090 3462 Im
1115 3430 1148 3461 in
1161 3441 1221 3471 my.
1235 3427 1251 3483 ιι
1277 3425 1368 3461 οὐδὲ
1437 3411 2510 3470 QQ—*ss

281 3470 354 3515 μὴν
384 3468 567 3526 ἀφήσομεν
591 3474 621 3506 Α
653 3474 664 3516 ΙΙ
691 3475 733 3507 22
765 3469 977 3527 ἀφυλάκτοις
1000 3475 1031 3506 Α
1046 3473 1064 3525 ἱΙΙ
1097 3475 1138 3526 ἳὲ
1171 3484 1268 3527 πραῖ
1296 3485 1366 3506 ‘¹⁷⁰‘
1483 3487 1502 3519 5
1527 3485 1599 3526 qui]
1624 3485 1703 3526 quia
1735 3485 1778 3518 V¹
1794 3485 1806 3528 ΙΙ
1825 3487 1844 3519 6
1869 3495 1889 3517 a
1911 3484 2007 3518 nobis
2030 3484 2123 3527 prius
2156 3482 2208 3525 Vll
2233 3485 2252 3517 7
2276 3481 2404 3515 talibu·
2439 3483 2480 3515 V¹
2505 3481 2518 3521 ΙΙ

281 3520 358 3559 P⁰⁸²
369 3528 538 3568 παρεχειν
559 3519 630 3550 ⁰⁰31·
642 3519 674 3551 Α
693 3518 705 3561 ΙΙ
721 3521 762 3552 25
775 3531 824 3571 {W
837 3531 896 3551 ⁰¹¹¹·
909 3519 941 3551 Α
956 3521 968 3561 ΙΙ
987 3530 1058 3562 προ
1082 3530 1161 3551 των
1184 3529 1258 3564 “Qu
1280 3520 1365 3558 εων]
1438 3532 1479 3564 10
1502 3530 1592 3570 Non]
1606 3532 1692 3563 rubr.
1711 3529 1947 3571 delegatorum
1961 3529 2125 3562 solutione
2137 3527 2208 3561 RV
2221 3526 2234 3572 ΙΙ
2255 3529 2294 3561 12
2308 3527 2350 3560 ab
2363 3539 2422 3560 om.
2435 3527 2485 3561 R¹
2505 3526 2517 3567 ΙΙ

282 3565 359 3593 ³⁰20
383 3565 545 3613 ³0t3011e¹¹¹
570 3574 589 3597 ς
616 3562 628 3605 ll
653 3565 694 3596 26
718 3561 920 3617 sswsswffm
944 3564 990 3596 [ι’
1015 3563 1123 3616 ssew]
1147 3565 1270 3616 ’τ’-’,καὶ
1296 3563 1330 3595 Β
1438 3576 1478 3609 19
1497 3574 1640 3616 peniteri
1661 3575 1730 3608 ΒΤ
1748 3573 1762 3618 ιι
1788 3575 1830 3607 22
1850 3574 1975 3617 postea]
1995 3575 2028 3606 et
2049 3574 2162 3616 postea
2178 3571 2300 3606 R¹TV
2318 3572 2330 3614 ιι
2357 3573 2399 3606 24
2412 3573 2514 3604 aetio-

282 3607 342 3638 καί
373 3617 546 3649 πράττειν
578 3608 714 3640 delenda
738 3610 907 3649 cedentum
937 3620 980 3641 an
1011 3620 1103 3650 κατα
1132 3612 1330 3652 πραττεινῗ
1435 3630 1510 3652 nem
1531 3619 1577 3661 R]
1611 3619 1812 3652 exactionem
1841 3620 1910 3652 TV
1933 3618 1947 3663 ss
1973 3619 2015 3652 28
2046 3616 2243 3659 receptioni„
2275 3616 2414 3649 R¹T=V
2435 3616 2448 3659 u
2473 3618 2510 3650 3¹

285 3652 325 3684 27
351 3650 554 3695 πράξαντα]
586 3652 784 3692 cogitantem
810 3665 829 3688 ἴ
858 3652 871 3696 fl
898 3651 976 3686 εἶτα
1000 3666 1057 3686 ⁰m·
1086 3653 1117 3685 Α
1147 3652 1161 3696 ΙΙ
1189 3654 1231 3687 30
1255 3652 1364 3694 ποιεῖ]
1436 3663 1539 3704 Illud]
1554 3666 1640 3697 rubr.
1662 3666 1700 3696 ut
1719 3663 1827 3706 legata
1838 3664 1928 3696 intra
1940 3672 2064 3696 annum
2080 3663 2290 3704 praestentur
2303 3663 2455 3703 (prentur
2469 3661 2515 3700 R)

283 3708 430 3756 παριέναι
442 3707 473 3740 A
497 3706 598 3739 faeiat
618 3708 654 3752 (i.
669 3719 697 3742 e.
710 3711 820 3750 ποιοῖ)
834 3708 880 3744 cl!
900 3711 936 3734 2¹
964 3704 1122 3745 '‘tlibi—z
1140 3710 1171 3742 L
1186 3711 1219 3744 in
1240 3722 1302 3742 mo-
1323 3701 1366 3742 23
1435 3708 1539 3742 RTV
1554 3707 1566 3753 ΙΙ
1583 3710 1625 3752 32
1650 3708 1787 3742 enimin
1806 3707 1924 3741 talium
1944 3708 1976 3742 V
1989 3708 2002 3752 fl
2017 3707 2060 3742 38
2079 3706 2282 3740 §monitione
2306 3706 2395 3738 facta
2419 3715 2458 3738 ex
2489 3706 2516 3739 V
