2586 3990
219 130 328 174 Nov.
349 128 532 173 CXXXI
562 129 671 170 3—5

1297 121 1382 170 656

1798 137 1861 168 DE
1887 134 2242 182 EOCLESIXSTIGIS
2269 133 2447 167 TITULIS

213 237 518 284 χειροτονεῖσθαι,
541 238 601 269 καὶ
622 237 663 270 ἐν
678 232 802 270 αὗταῒς
825 237 902 270 ταῖς
925 231 1173 288 ὑποκειμέναις
1197 230 1297 278 αὐτῷ
1364 235 1457 279 cilio,
1490 236 1527 271 et
1554 234 1594 270 in
1609 233 1788 274 subiectis
1821 233 1891 270 sibi
1918 233 2110 280 provinciis
2142 233 2261 269 locum
2284 232 2445 269 obtinere

214 286 398 327 ἐπαρχίαις
428 280 495 315 τὸν
518 279 636 314 τόπον
660 282 800 323 ἐπέχειν
823 276 938 314 αὐτὸν
967 291 1030 314 του
1055 275 1295 315 ἀποστολικοῦ

211 325 342 370 Ῥώμης
372 324 512 371 θρόνου
547 322 641 360 κατὰ
671 324 718 360 τὰ
749 321 952 371 ὁρισθέντα
987 319 1061 359 ἀπὸ
1093 325 1158 358 τοῦ
1194 322 1296 371 ἁγίου

212 373 316 405 mim
340 368 511 417 Βιγιλίου.

1364 290 1445 316 eum
1482 279 1577 316 sedis
1612 277 1834 323 apostolicae
1867 278 2002 316 Romae
2040 278 2236 316 secundum
2271 286 2314 314 ea
2352 287 2444 324 quas

1365 324 1510 361 definita
1533 326 1617 360 sunt
1639 333 1662 359 a
1684 322 1910 361 sanctissimo
1930 333 2025 371 papa
2046 323 2186 369 vigilio.

1215 469 1372 506 CAPUT
1395 469 1459 506 IV.

267 538 339 569 Καὶ
369 535 438 570 τὸν
469 531 596 579 ὅμοιον
626 534 767 580 τρόπον
797 534 840 569 τὸ
867 533 1009 569 δίκαιον
1039 535 1103 578 τῆς
1126 532 1293 581 ἇρχιερω-
1330 539 1349 571 5

209 580 332 636 azia-⁷33,
365 577 455 626 ὅπερ
488 582 540 623 τῷ
575 581 763 623 ἐπισκόπῳ
787 577 1039 624 Ἰουστινιανῆς
1064 579 1295 626 Καρχηδόνος

209 627 271 668 τῆς
292 626 457 671 Αφρικῆς
480 622 686 668 διοικήσεως
710 623 917 669 δεδώκαμεν
948 625 987 666 ἐξ
1010 618 1122 670 οὗπερ
1154 623 1174 659 ὁ
1206 626 1295 660 θεὸς

208 670 346 726 ταύτην
376 667 463 748 ημῖν
494 666 783 712 ἀποκατέστησε,
815 668 1067 716 φυλάττεσθαι
1095 669 1292 715 κελεύομεν.

362 713 377 725 ³!

208 717 268 747 καὶ
292 728 329 748 αι
353 728 375 747 α

1432 535 1542 588 ξίῳίΗ
1566 544 1706 580 quoque
1728 534 1833 587 modo
1857 535 1913 570 ius
1936 534 2125 580 pontificis,
2156 536 2251 580 quod
2274 545 2293 571 e
2320 536 2443 579 iscorpo

1362 581 1581 616 Iustinianae
1613 580 1857 633 Carthaginis·
1870 580 2063 634 Africanae
2098 581 2252 634 civitatis
2268 625 2277 634 ⁹
2306 580 2442 615 edimus

1362 636 1499 706 ἓῖθὲἲ
1514 626 1620 706 aa?
1630 625 1877 712 civiffieffk'?
1888 626 2244 723 ιὶῖῗῖὲξωὲῥῑέἕέἕῗῗ
2251 625 2442 715 {ximus

402 713 460 748 λαι
484 712 524 749 δὲ
547 713 669 750 πόλεις
693 717 752 748 καὶ
776 713 812 748 οἱ
832 714 977 749 τούτων
1005 716 1212 758 ἐπίσκοποι,
1245 714 1295 749 οἷς
1362 715 1509 751 diversis
1541 714 1628 751 locis
1660 714 1928 767 metropolicum
1958 715 2014 749 ius
2038 716 2247 759 praestitum
2270 718 2342 755 est,
2376 713 2442 747 hu-

209 760 250 794 ἐν
284 757 469 813 διαφόροις
509 760 635 794 τόποις
676 758 981 805 μητροπολιτικὸν
1021 758 1162 794 δίκαιον
1203 773 1294 806 παρ·
1310 763 1349 796 10
1361 760 1516 796 iusmodi
1546 759 1726 806 privilegio
1762 769 1801 794 m
1831 761 2042 804 perpetuum
2076 760 2267 803 potiantur.
2316 757 2443 794 Omnia

208 805 353 848 εσχέθη,
377 817 440 838 του
464 805 630 839 τοιούτου
655 808 851 850 προνομίου
884 805 931 838 εἰς
957 804 1000 839 τὸ
1027 803 1181 847 διηνεκὲς
1205 802 1293 839 ἀπο-

207 848 426 884 λαυέτωσαν.
464 849 587 884 πάντα
610 847 650 882 δὲ
679 850 724 883 τὰ
749 849 932 894 προνόμια
962 853 1022 883 καὶ
1043 849 1108 884 τὰς
1131 862 1294 894 παραμυ-

208 894 316 938 θίας,
339 891 433 940 ἅπερ
451 895 488 928 ἐκ
503 893 691 939 βασιλικῆς
711 893 915 948 φίλοτιμίας
937 891 961 937 ἢ
978 897 1039 928 καὶ
1059 891 1151 928 καθ’
1171 896 1295 939 ἕτερον

1362 805 1523 851 <autem>
1560 804 1743 849 privilegia
1781 804 1836 839 vel
1872 804 2023 846 solacia,
2063 813 2154 848 quae
2188 814 2232 839 ex
2268 801 2444 848 imperiali

1362 850 1603 885 munificentia
1639 854 1702 884 aut
1734 848 1840 884 etiam
1874 849 1944 884 alio
1980 848 2138 894 quolibet
2170 848 2274 884 modo
2310 847 2443 883 sanctis

1363 895 1524 931 ecclesiis
1560 896 1623 930 aut
1656 893 1737 929 aliis
1771 893 2031 930 venerabilibus
2067 893 2154 929 locis
2188 893 2318 929 collata
2347 895 2443 935 sunt,

207 937 422 982 οἱονδήποτε
452 939 593 985 τρόπον
626 941 705 973 ταῖς
735 942 851 986 αγίαις
882 938 1080 983 ἐκκλησίαις
1113 937 1136 982 ἢ
1166 939 1296 985 ἑτέροις
1362 940 1465 976 firme
1487 940 1537 975 eis
1561 949 1625 985 per
1649 938 1767 975 omnia
1791 941 2056 975 conserventur,

207 987 414 1028 σεβασμίοις
429 981 556 1019 τόποις
572 984 793 1029 παρεσχέθη,
817 987 975 1028 βεβαίως
992 980 1111 1018 αὐτοῖς
1125 981 1186 1018 διὰ
1202 983 1294 1020 πάν·
1309 988 1350 1021 15

207 1042 285 1063 των
308 1027 572 1074 φυλάττεσθαι.

1214 1131 1370 1167 CAPUT
1393 1131 1437 1167 V.

274 1197 372 1244 Πρὸς
395 1196 534 1231 τούτοις
557 1197 793 1241 θεσπίζομεν,
823 1199 885 1231 καὶ
914 1198 1047 1232 πασῶν
1076 1198 1154 1232 τῶν
1183 1195 1207 1231 ά
1232 1212 1291 1233 ιω-

206 1242 332 1279 τάτων
363 1241 562 1285 ἐκκλησιῶν
593 1245 654 1276 καὶ
683 1243 760 1276 τῶν
790 1239 913 1277 ἄλλων
944 1246 1155 1287 σεβασμίων
1184 1244 1294 1278 σι’κων

206 1288 271 1324 τὰς
302 1287 442 1332 κτήσεις
476 1286 567 1332 μήτε
603 1287 765 1342 ῥυπαροῖς
799 1286 1017 1344 λειτουργίας
1051 1288 1141 1332 μήτε
1175 1292 1292 1323 extra-

1414 1197 1472 1233 Ad
1492 1198 1581 1232 haec
1602 1197 1781 1233 sancimus
1806 1197 1962 1233 omnium
1984 1199 2190 1232 sanctarum
2214 1195 2443 1230 ecclesiarum

1364 1245 1400 1278 et
1430 1242 1585 1278 omnium
1619 1242 1872 1278 venerabilium
1903 1242 2071 1277 domuum
2102 1240 2346 1285 possessiones
2381 1249 2442 1274 ne-

1363 1297 1430 1332 que
1461 1287 1623 1324 sordidas
1657 1287 1861 1323 functiones
1895 1296 2010 1332 neque
2045 1285 2345 1321 extraordinarias
2382 1284 2442 1320 de-

207 1334 406 1388 ordinariae
428 1330 627 1385 διαγραφὰς
658 1335 862 1388 υπομεὲιειν.
910 1346 949 1387 ει,
962 1335 1088 1378 μέντοι
1111 1329 1292 1379 ὁδοστρω-
1307 1336 1349 1368 20
1363 1333 1575 1378 scriptiones
1595 1333 1781 1368 sustinere.
1826 1332 1864 1367 Si
1883 1334 2000 1368 tamen
2020 1331 2156 1366 itineris
2177 1329 2358 1366 sternendi
2381 1332 2445 1364 aut

206 1383 285 1414 σίας
307 1392 329 1422 η
352 1390 521 1426 γεφυρων
544 1374 730 1422 οἰκοδομης
760 1392 782 1420 η
807 1389 1043 1412 ανανεωσεως
1072 1382 1171 1423 χρεία
1194 1382 1293 1425 γένη-

207 1438 285 1466 ται,
310 1423 404 1457 κατὰ
425 1426 579 1478 μίμησιν
602 1424 680 1456 τῶν
703 1421 824 1457 ἄλλων
847 1421 1037 1470 κτητόρων
1060 1423 1103 1457 τὸ
1127 1424 1294 1458 τοιοῦτον

206 1471 312 1515 ἔργον
343 1471 402 1502 καὶ
433 1479 499 1502 τας
530 1471 631 1515 αγίας
662 1466 846 1511 ἐκκλησίας
879 1471 940 1502 καὶ
970 1467 1051 1502 τοὺς
1081 1465 1207 1502 ἄλλους
1237 1481 1293 1503 σε-

1361 1378 1523 1431 pontium
1557 1377 1710 1414 aedificii
1747 1377 1802 1412 vel
1835 1376 2070 1422 reparationis
2108 1385 2198 1420 opus
2232 1375 2355 1416 fuerit,
2397 1374 2444 1409 ad

1361 1427 1474 1459 mstar
1490 1423 1640 1459 aliorum
1657 1432 1901 1468 possessorum
1922 1421 2123 1457 huiusmodi
2142 1430 2232 1465 opus
2249 1424 2284 1455 et
2299 1422 2443 1455 sanctas

1362 1469 1532 1504 ecclesias
1565 1471 1602 1503 et
1633 1467 1851 1503 venerabiles
1882 1467 2005 1502 domos
2037 1465 2231 1510 complere,
2263 1465 2346 1500 dum
2376 1465 2443 1500 sub

206 1517 378 1560 βασμίους
398 1512 513 1547 οἴκους
534 1512 703 1557 πληροῦν,
726 1510 833 1556 ἡνίκα
857 1509 923 1546 ὑπ’
943 1514 1082 1557 ἐκείνην
1105 1516 1294 1557 κέκτηνται
1361 1513 1424 1549 illa
1447 1513 1633 1558 possident
1656 1513 1796 1548 civitate
1820 1512 1886 1548 sub
1910 1522 1981 1557 qua
2003 1512 2074 1547 tale
2097 1511 2139 1546 fit
2155 1520 2257 1555 opus.
2296 1509 2332 1545 Si
2353 1519 2444 1554 quae

205 1559 275 1603 τὴν
310 1557 418 1594 πόλιν
454 1554 521 1603 ὑφ’
559 1555 605 1601 ἣν
639 1557 682 1592 τὸ
719 1558 887 1592 τοιοῦτον
904 1562 1065 1612 κγίνέιται
1101 1560 1215 1615 ἔργον.
1263 1559 1299 1592 εἴ
1309 1561 1348 1593 25
1362 1569 1445 1595 vero
1466 1568 1524 1593 res
1546 1568 1591 1593 ex
1608 1558 1794 1594 curialium
1818 1557 2026 1593 substantiis
2049 1556 2095 1591 ad
2111 1555 2302 1600 quamlibet
2321 1564 2442 1590 sacro-

205 1616 290 1639 τινα
314 1601 355 1638 δὲ
376 1602 572 1649 πράγματα
603 1599 676 1638 ἀπὸ
701 1601 942 1647 βουλευτικων
974 1614 1215 1639 υποστασεων
1246 1605 1294 1638 εἰς

205 1647 423 1692 οἱανδήποτε
451 1646 663 1694 ἁγιωτάτην
686 1646 875 1691 ἐκκλησίαν
904 1645 928 1692 ἢ
960 1646 1071 1683 ἄλλον
1095 1648 1293 1693 σεβάσμιον

206 1694 306 1728 οἷκον
340 1692 434 1728 κατὰ
467 1692 550 1727 τοὺς
579 1691 710 1737 νόμους
741 1692 964 1737 ἐληλύθασιν
999 1691 1022 1736 ἢ
1052 1693 1145 1738 μετὰ
1176 1694 1293 1728 ταῦτα

206 1737 464 1784 περιέλθωσιν,
497 1737 674 1783 ἐλεύθερα
704 1737 797 1773 εἶναι
824 1739 944 1772 ταῦτα
974 1739 1200 1783 θεσπίζομεν
1231 1739 1294 1782 τῆς

205 1785 284 1819 τῶν
307 1783 516 1820 lucrativam
541 1780 747 1830 διαγραφῆς.

1362 1606 1524 1639 sanctam
1562 1604 1747 1639 ecclesiam
1786 1606 1849 1638 aut
1885 1602 1989 1637 aliam
2029 1600 2262 1637 venerabilem
2301 1599 2444 1635 domum

1362 1649 1559 1684 secundum
1582 1649 1676 1693 leges
1693 1650 1866 1684 venerunt
1888 1651 1950 1682 aut
1969 1648 2096 1692 postea
2119 1646 2289 1689 venerint,
2313 1645 2443 1680 liberas

1363 1704 1423 1730 eas
1448 1703 1527 1729 esse
1551 1694 1729 1729 sancimus
1754 1692 1993 1738 descriptione
2016 1691 2281 1728 lucrativorum.

204 1908 291 1955 pria
313 1904 455 1952 synodo
479 1910 631 1947 creetur,
655 1909 691 1940 et
714 1905 751 1939 in
775 1905 865 1951 ipsis
886 1905 1085 1950 provinciis
1108 1905 1141 1940 ei
1163 1904 1331 1940 subiectis
1355 1904 1471 1940 locum
1497 1905 1657 1940 obtineat
1679 1903 1774 1939 sedis
1798 1902 2018 1949 apostolicae
2039 1901 2227 1937 Romanae
2248 1902 2442 1938 secundum

207 1964 251 1988 ea
274 1962 368 1998 quae
391 1962 414 1986 a
437 1955 564 1986 sancto
581 1960 688 1996 papa
716 1949 850 1995 Viqz'lio
876 1950 1072 1985 constituta
1095 1953 1188 1984 sunt.

342 1995 404 2032 IV.
451 1995 571 2041 Atque
589 1994 676 2041 pari
698 1994 804 2029 modo
827 1994 885 2029 ius
905 1995 1157 2041 pontificatus,
1189 1993 1290 2040 quod
1311 1994 1484 2040 episcopo
1509 1991 1736 2028 Iustinianae
1763 1991 1993 2043 Carthaqinis
2016 1990 2218 2036 Africanae
2242 1990 2443 2027 dioeceseos

208 2041 370 2078 dedimus
393 2050 442 2075 ατ
483 2050 529 2075 uo
554 2039 643 2074 deus
665 2037 760 2074 hanc
783 2039 885 2074 nobis
907 2038 1077 2080 restituit,
1101 2038 1241 2074 servari
1263 2038 1433 2073 iubemus.
1481 2036 1555 2073 Sed
1577 2037 1684 2071 etiam
1709 2040 1848 2072 ceterae
1871 2037 2032 2072 cavitates
2055 2046 2249 2081 earumque
2272 2036 2441 2083 episcopi,

208 2086 337 2133 quibus
366 2085 405 2120 in
462 2084 588 2120 iversis
618 2084 708 2119 locis
737 2084 795 2118 ius
825 2083 1129 2130 metropoliticum
1154 2083 1373 2129 praestitum
1397 2086 1469 2124 est,
1502 2081 1678 2117 eiusmodi
1701 2081 1836 2127 privile
1863 2082 1898 2116 io
1931 2081 1969 2115 in
1995 2085 2213 2126 perpetuum
2243 2080 2443 2125 fruantur;

207 2131 327 2167 onmia
351 2133 470 2165 autem
519 2128 686 2174 rivileqia
709 2132 744 2163 et
767 2128 924 2170 solacia,
960 2139 1055 2174 quae
1077 2138 1125 2163 ex
1149 2127 1331 2174 imperiali
1355 2127 1570 2163 liberalitate
1593 2126 1649 2163 vel
1669 2129 1777 2161 etiam
1808 2137 1830 2161 a
1847 2127 1882 2162 io
1905 2125 2157 2172 qualicumque
2179 2124 2284 2160 modo
2307 2126 2443 2161 sanctis

207 2175 365 2212 ecclesiis
387 2173 446 2211 vel
463 2185 486 2209 a
501 2174 547 2209 iis
569 2172 832 2209 venerabilibus
856 2173 946 2209 locis
958 2173 1145 2219 praestita
1167 2177 1262 2214 sunt,
1284 2173 1441 2218 firmiter
1466 2172 1511 2207 iis
1527 2182 1600 2218 per
1624 2172 1743 2207 omnia
1766 2176 1963 2207 serventur.

340 2220 383 2256 V.
432 2218 628 2254 Praeterea
651 2218 833 2253 sancimus
856 2221 892 2253 et
915 2217 1073 2253 omnium
1096 2217 1404 2253 sanctissimarum
1427 2217 1659 2253 ecclesiarum
1691 2221 1727 2252 et
1749 2216 1971 2261 reliquarum
1998 2213 2252 2250 venerabilium
2275 2212 2442 2248 domuum

202 2266 451 2313 possessiones
476 2274 592 2309 neque
614 2262 765 2298 sordida
787 2273 938 2298 munera
970 2273 1085 2308 neque
1107 2262 1429 2298 extraordinarias
1451 2261 1713 2307 descriptiones
1735 2261 1864 2296 subire.
1912 2260 1955 2296 Si
1979 2264 2096 2295 tamen
2119 2260 2260 2295 viarum
2282 2262 2442 2294 sternen-

207 2311 335 2347 darum
364 2309 419 2346 vel
436 2309 607 2355 pontium
629 2307 886 2343 struendorum
918 2312 983 2343 aut
1011 2307 1289 2353 reficiendorum
1320 2308 1515 2343 necessitas
1538 2305 1722 2348 inciderit,
1757 2306 1807 2341 ad
1829 2306 1945 2341 instar
1969 2308 2169 2340 ceterorum
2193 2312 2443 2350 possessorum

206 2354 381 2391 eiusmodi
410 2364 503 2406 opus
532 2353 640 2389 etiam
669 2357 818 2389 sanctae
848 2352 1019 2388 ecclesiae
1051 2356 1262 2398 ceteraeque
1290 2352 1511 2388 venerabiles
1541 2351 1669 2386 domus
1698 2355 1937 2397 exequantur,
1967 2350 2031 2385 ubi
2052 2348 2142 2394 quid
2170 2349 2209 2383 in
2232 2359 2276 2384 ea
2299 2348 2444 2383 civitate

203 2400 393 2448 possident
422 2410 460 2433 in
484 2409 559 2445 qua
584 2397 761 2433 eiusmodi
785 2408 878 2445 opus
929 2401 951 2431 t.
1001 2395 1138 2440 Quodsi
1165 2408 1259 2443 quae
1290 2408 1349 2433 res
1372 2408 1421 2433 ea:
1445 2395 1637 2432 curialium
1660 2395 1872 2431 substantiis
1905 2395 1954 2430 ad
1975 2394 2269 2441 qualemcumque
2291 2393 2442 2428 sanctis-

206 2447 331 2481 simam
355 2443 541 2480 ecclesiam
564 2442 621 2478 vel
635 2442 746 2478 aliam
761 2453 892 2479 venera
917 2442 997 2478 ilem
1019 2441 1163 2477 domum
1182 2442 1376 2478 secundum
1401 2442 1497 2488 leqes
1517 2445 1691 2477 venerunt
1715 2441 1771 2477 vel
1786 2445 1915 2487 postea
1931 2443 2176 2486 perventurae
2190 2442 2286 2480 sunt,
2311 2437 2443 2474 liberas

205 2501 269 2526 eas
291 2500 368 2526 esse
391 2489 573 2524 sancimus
597 2499 621 2523 a
644 2487 886 2534 descriptione
911 2487 1183 2524 lucrativorum.

2024 2608 2063 2641 21
2089 2608 2237 2651 γένηται
2259 2618 2281 2647 χ
2303 2608 2359 2639 ela
2382 2604 2442 2650 Ab,

2197 2651 2209 2694 11
2236 2649 2281 2684 ἄλ
2305 2663 2359 2684 ων
2383 2664 2441 2685 om.

2317 2693 2444 2730 ἄλλους

1361 2603 1590 2651 ὁδοστρωσία
1613 2615 1643 2641 et
1667 2609 1705 2641 21
1733 2604 1901 2651 οἰκοδομὴ
1926 2607 1955 2640 S
1982 2606 1994 2650 11

1358 2655 1459 2695 χρεία
1489 2666 1546 2685 om.
1572 2653 1622 2686 Aa
1651 2652 1663 2697 11
1691 2653 1734 2687 22
1757 2653 1850 2686 κατὰ
1873 2655 2023 2695 μίμησιν
2054 2664 2113 2684 om.
2138 2654 2166 2684 A

1359 2699 1387 2730 S
1414 2698 1425 2740 11
1447 2695 1648 2741 οἰκητόρων
1672 2698 1726 2731 Bs
1751 2697 1763 2737 ΙΙ
1791 2699 1833 2731 23
1857 2700 1916 2731 καὶ
1940 2696 2013 2738 τὰς]
2047 2698 2107 2729 καὶ
2136 2709 2195 2729 om.
2216 2698 2248 2730 L
2275 2697 2287 2740 11

1358 2755 1417 2775 om.
1431 2754 1452 2778 ς’
1467 2743 1479 2786 11
1499 2744 1542 2776 24
1565 2740 1715 2785 πληρῶν
1733 2743 1774 2775 Μ
1796 2742 1808 2786 11
1823 2738 1930 2785 ἡνίκα
1953 2761 1998 2766 —-
2021 2742 2064 2775 30
2085 2737 2283 2786 διαγραφῆς
2307 2754 2366 2774 om.
2381 2742 2410 2774 S
2431 2741 2443 2784 11

1358 2789 1547 2830 κέκτηνται
1569 2786 1638 2830 τὴν
1662 2784 1782 2828 πόλιν]
1819 2786 1888 2829 τὴν
1911 2782 2021 2820 πόλιν
2044 2784 2292 2819 καθίστανται
2321 2783 2441 2818 τελοῦ-

264 2616 280 2648 1
308 2608 432 2646 αὐταῖς
457 2609 615 2654 οηι.Ας11
643 2611 662 2643 3
688 2606 828 2652 θ’ρόνου
852 2609 972 2655 ῥώμης
992 2610 1023 2642 A
1041 2610 1052 2653 11
1075 2608 1134 2650 τὰ]
1159 2606 1224 2643 τὸν
1241 2609 1292 2641 B⁶

205 2658 249 2693 τὰ
271 2656 338 2700 ἤδη
351 2658 511 2691 Νοηιοο.”’
539 2656 551 2699 11
576 2651 649 2688 ἀπὸ
672 2655 795 2695 MLB]
821 2649 892 2688 ὑπὸ
914 2654 1116 2688 ANomoc.m
1143 2653 1156 2697 11
1181 2649 1288 2699 ἁγιω-

205 2701 316 2737 τάτου
331 2701 392 2747 Α11
415 2704 437 2736 4
461 2699 598 2736 πάππα
622 2700 694 2733 ML
711 2699 723 2743 11
741 2696 924 2742 βασιλείου
947 2699 979 2732 A
998 2699 1010 2743 11
1033 2702 1052 2733 5
1077 2701 1162 2740 Καὶ]
1186 2697 1292 2732 Κατὰ

206 2751 297 2782 malit
316 2748 504 2781 Zachariae
521 2746 534 2790 11
551 2747 572 2779 6
595 2744 657 2787 τῆς
681 2744 921 2786 ἰουστινιανῆς
943 2744 1104 2778 Numnam
1128 2744 1140 2788 11
1163 2741 1291 2786 χαλκη-

207 2791 311 2827 δόνος
333 2792 540 2827 LNomoc.m
564 2790 577 2834 11
607 2793 625 2823 7
649 2786 824 2841 'Assegufifl
860 2789 901 2822 ἐν
925 2785 1058 2834 ἄφρικῆ
1083 2789 1245 2823 Νοηιοο.”ι
1280 2787 1292 2832 11

207 2836 424 2880 διοικήσεως]
447 2836 594 2870 civitatis
617 2847 636 2871 ς
652 2835 665 2878 11
683 2837 702 2869 8
727 2836 813 2876 ημῖν
837 2833 974 2875 ταύτην
994 2835 1155 2868 Nomoc.’⁷¹
1169 2832 1181 2879 11
1204 2831 1290 2868 ἄπε-

205 2885 401 2926 κατέστησε
425 2882 511 2915 LB⁶
527 2881 539 2925 11
564 2883 584 2915 9
610 2878 649 2912 αἱ
672 2880 804 2913 σπι-ΑΕ
822 2879 834 2922 11
862 2881 903 2913 10
926 2876 1194 2923 μητροπολικὸν
1218 2879 1260 2912 Μ
1271 2890 1291 2914 ς

208 2925 499 2974 ιμητροπολιτη
525 2928 575 2959 Λα
600 2925 613 2969 11
638 2926 676 2959 11
704 2919 994 2966 ἄπολαβέτωσαν
1017 2925 1179 2958 Νονηοο.’”
1210 2923 1223 2967 11
1250 2925 1290 2958 12

206 2972 330 3007 πάντα
354 2992 396 2997 -—
424 2973 464 3007 16
490 2968 742 3015 φυλάττεσθαι
766 2981 823 3003 om.
838 2970 885 3009 A,
911 2971 967 3003 ubi
989 2970 1033 3012 (s.
1054 2970 1133 3003 184v
1149 2970 1227 3003 med.
1246 2987 1291 2993 —

200 3020 231 3061 s.
252 3019 340 3060 188¹)
372 3024 446 3051 ante
470 3029 497 3050 c.
523 3018 542 3050 5
567 3017 752 3050 inseruntur
781 3014 928 3048 novellae
955 3014 1121 3048 CXXIII
1140 3020 1291 3057 excerpta

206 3064 438 3096 Athanasium:
470 3063 526 3105 (cfi
561 3061 657 3095 Witte
688 3061 721 3093 in
750 3059 839 3092 Krit.
863 3060 1069 3092 Jahrbaclzer
1083 3061 1117 3102 f
1144 3059 1291 3092 deutsche

207 3108 412 3141 Rechtswiss.
428 3108 526 3148 1847,
546 3119 582 3150 p.
599 3105 675 3146 187)
701 3104 714 3148 11
739 3106 810 3145 καὶ]
834 3103 887 3137 vel
912 3115 932 3140 ς
956 3104 968 3146 11
995 3102 1035 3138 αἱ
1056 3102 1290 3148 παραμυθίαι

207 3153 437 3186 Haloandrum
454 3159 578 3185 secutus
594 3151 770 3192 Scrimyer,
793 3150 880 3193 ναῖς.
898 3150 952 3192 (cs
972 3150 1018 3182 ad
1034 3151 1087 3191 16)
1106 3149 1118 3192 11
1140 3151 1178 3183 13
1195 3143 1290 3191 ἅπερ

207 3197 415 3250 ζΙαΖοαιιᾱεν]
453 3192 570 3240 ἅσπερ
595 3195 677 3228 ML
687 3195 730 3247 Β,
751 3193 763 3237 11
790 3195 849 3227 καὶ
874 3206 933 3228 om.
958 3194 1009 3227 B⁶
1028 3194 1190 3228 Numnam
1212 3195 1223 3232 ΙΙ
1249 3195 1290 3228 14

207 3241 503 3330 assisini(
510 3241 548 3320 1¹¹⁷
572 3236 1289 3328 {3005¹25222‘5332trigenaria:

208 3343 273 3372 μεν
296 3329 547 3375 φυλάττεσθαι
571 3329 660 3374 πρὸς
682 3325 822 3362 τούτοις
845 3330 874 3362 S
899 3328 911 3373 11
933 3331 993 3361 καὶ
1018 3342 1076 3362 οηι.
1101 3340 1120 3365 ς·
1138 3328 1150 3373 11
1172 3328 1291 3361 πάσας

208 3374 271 3407 τὰς
295 3373 499 3420 ἁγιωτάτας
524 3373 706 3417 ἐκκλησίας
735 3376 793 3406 καὶ
817 3371 900 3407 τοὺς
928 3371 1054 3407 ἄλλους
1077 3375 1292 3417 σεβασμίους

209 3419 338 3462 οἴκους,
370 3434 427 3453 om.
452 3419 516 3453 τὰς
539 3418 677 3462 κτήσεις
696 3419 727 3451 A
745 3419 757 3462 11
773 3415 994 3464 ἁγιωτάτων
1019 3431 1076 3451 om.
1093 3419 1131 3459 S,
1162 3421 1290 3451 sanota-

210 3474 280 3495 rum
306 3476 325 3500 ς
342 3465 354 3507 11
375 3466 414 3498 18
432 3465 510 3497 τῶν
525 3463 660 3505 ἄλλων]
685 3465 834 3496 omnium
857 3475 877 3500 ς
895 3465 907 3505 11
926 3466 966 3498 19
991 3460 1107 3507 *μηδὲ
1130 3459 1291 3508 ῥυπαράς

212 3508 319 3558 2less
353 3508 401 3551 μὴ
427 3508 587 3553 ῥυπαρὰς
613 3510 670 3542 SA
688 3509 700 3548 ΙΙ
715 3507 806 3553 μήτε
825 3508 946 3549 MLB]
969 3505 1061 3551 μηδὲ
1079 3509 1109 3541 A
1136 3504 1160 3550 ἢ
1178 3508 1289 3548 Sv.l.‚

210 3563 230 3590 η
248 3556 479 3596 προσκαίρους
498 3553 634 3599 ἐξορίας
653 3550 677 3596 ἢ
701 3555 729 3586 S
738 3555 885 3597 plerique
902 3553 914 3595 11
940 3553 1234 3586 entraordinarias
1259 3553 1289 3586 L

211 3594 499 3645 ἕξξτειωδιναρίας
513 3599 558 3631 M
575 3595 835 3642 ἐκστραόρδινα
847 3599 900 3631 vel
911 3595 1149 3643 έξτραόρδινα
1163 3598 1191 3630 S
1213 3595 1288 3638 ἔξω

208 3650 285 3671 των
309 3644 538 3686 τεταγμένων
560 3640 866 3687 (διατεταγμένων
889 3643 932 3684 L)
959 3643 1036 3675 ML
1048 3655 1127 3683 s.v.‚
1150 3642 1184 3675 Β
1208 3642 1221 3686 11
1247 3643 1290 3677 20

209 3679 419 3728 διαγραφὰς]
454 3682 665 3728 οἱαςδήποτε
695 3683 895 3732 διαγραφὰς
918 3687 949 3720 A
990 3683 1187 3730 οἱαδήποτε
1211 3687 1240 3721 S
1275 3686 1289 3731 11

1358 2842 1419 2864 σαι
1443 2833 1473 2865 A
1491 2832 1503 2876 11
1529 2833 1571 2867 25
1596 2828 1664 2878 ὑφ’
1689 2828 1736 2875 ἣν
1760 2845 1818 2865 om.
1833 2832 1869 2865 B
1895 2832 1906 2873 11
1929 2834 2034 2876 ἔργον
2055 2834 2195 2876 γίνεται
2218 2830 2266 2870 Β,
2289 2831 2346 2863 ubi
2366 2831 2441 2863 reli-

1359 2890 1423 2919 qua
1442 2890 1526 2920 pars
1550 2879 1668 2921 capitis
1692 2878 1844 2910 omittitur
1860 2877 1872 2921 11
1898 2879 1939 2911 28
1963 2874 2044 2910 τοὺς
2068 2889 2125 2909 οηι.
2150 2875 2211 2918 An
2237 2877 2279 2909 29
2303 2871 2439 2918 περιέλ-

1357 2921 1492 3010 βθὲζσιῖ
1514 2922 1727 3010 lLocflagziZa
1739 2921 1844 3000 Εἶναι
1864 2922 1912 2963 L,
1935 2921 2053 2955 ταῦτα
2077 2922 2180 2954 οηι.Α
2197 2920 2209 2964 11
2235 2922 2277 2954 30
2301 2920 2440 2953 lucrati-

1425 3060 1443 3091 5
1461 3060 1548 3090 rubr.
1571 3057 1621 3089 De
1645 3056 1894 3099 archiepiscopo
1918 3054 2118 3096 cartaginesi
2144 3055 2175 3087 R
2200 3056 2232 3088 in
2258 3067 2359 3106 marq.
2384 3055 2440 3096 (ef.

1356 3102 1432 3143 Iul.)
1455 3103 1467 3144 11
1493 3102 1589 3135 modo
1614 3112 1746 3143 quoque
1769 3102 1802 3133 R
1825 3100 1837 3145 11
1861 3099 2013 3143 pontiflci
2039 3100 2071 3132 T
2087 3098 2100 3140 ΙΙ
2128 3100 2148 3133 6
2173 3098 2353 3141 cartaginis
2376 3098 2446 3132 ΕΤ

1357 3146 1561 3189 chartaginis
1581 3147 1638 3190 Vss
1655 3146 1816 3179 affricane
1828 3145 1862 3179 R
1875 3146 1936 3178 VT
1947 3144 1959 3188 11
1977 3143 2133 3184 civitatis]
2154 3143 2311 3177 dioecesis
2323 3143 2418 3177 Beck
2429 3141 2442 3188 11

1357 3192 1476 3224 dedin
1503 3192 1580 3235 R’fl
1608 3193 1626 3225 7
1651 3191 1740 3224 huno
1764 3191 1798 3223 R
1814 3190 1826 3234 11
1851 3191 1870 3224 8
1895 3189 2053 3232 episeopis
2075 3188 2123 3222 V1
2141 3186 2153 3233 11
2175 3190 2195 3222 9
2220 3187 2441 3230 metropoliti-

1357 3247 1437 3269 cum·
1448 3237 1535 3280 vulq.
1553 3236 1566 3280 11
1581 3236 1817 3280 praestitutum
1837 3234 1888 3268 V²
1905 3234 1917 3278 11
1935 3237 1975 3268 10
1988 3234 2160 3276 patiantur
2175 3234 2225 3267 T¹
2242 3234 2254 3277 11
2275 3236 2310 3268 11
2328 3235 2439 3265 autem

1358 3283 1434 3315 add.
1459 3282 1547 3325 vulq.
1573 3281 1585 3325 11
1615 3281 1679 3322 vel]
1704 3283 1737 3314 et
1762 3281 1853 3314 Beck
1878 3279 1891 3323 11
1917 3279 2037 3313 solatio
2064 3279 2113 3312 T¹
2141 3278 2153 3322 11
2185 3280 2226 3312 12
2249 3278 2333 3311 alios
2354 3277 2405 3311 V¹
2427 3276 2440 3321 fl

1361 3328 1401 3360 14
1424 3326 1519 3359 firma
1539 3326 1595 3370 Vn
1619 3326 1831 3359 confirmetur
1851 3324 1901 3358 V¹
1936 3324 2172 3357 confirmentur
2193 3322 2270 3367 V³n
2299 3324 2338 3357 17
2351 3323 2438 3356 rubr.

1359 3373 1406 3404 De
1429 3371 1619 3413 priuilegiis
1649 3370 1892 3413 possessionum
1922 3369 1964 3402 ad
1987 3368 2194 3402 uenerabiles
2226 3368 2316 3400 locos
2336 3364 2437 3409 perti-

1357 3417 1508 3449 nentium
1525 3415 1781 3459 (pertinentibus
1796 3415 1841 3457 T)
1865 3415 1934 3447 RT
1943 3416 1975 3448 in
1993 3427 2094 3457 marq.
2115 3415 2168 3454 (ex
2179 3413 2257 3454 Iul.)
2273 3411 2287 3455 11
2301 3408 2436 3443 motis-

1356 3461 1513 3494 simarum
1531 3460 1741 3494 ecclesiarum
1762 3460 1794 3493 Τ
1812 3459 2023 3493 eeclesiarum
2038 3461 2227 3491 sanctarum
2242 3455 2276 3489 R
2291 3454 2305 3497 Ι
2323 3454 2362 3487 18
2378 3452 2435 3484 do—

1358 3517 1485 3539 morum
1510 3507 1542 3539 R
1555 3507 1640 3550 vulq.
1656 3506 1669 3549 11
1690 3507 1730 3539 19
1755 3504 2034 3538 extraordinarios
2053 3503 2103 3536 V¹
2120 3501 2133 3546 11
2150 3503 2192 3535 20
2213 3499 2243 3532 si
2265 3510 2324 3532 om.
2340 3497 2408 3530 RT
2425 3496 2438 3541 11

1358 3552 1404 3584 tffl
1422 3551 1455 3583 R
1470 3550 1482 3594 11
1503 3551 1541 3584 21
1569 3552 1662 3593 opus]
1687 3550 1715 3583 si
1739 3560 1821 3592 opus
1845 3550 1913 3582 ΕΤ
1935 3551 1947 3591 11
1971 3549 2013 3582 22
2033 3554 2237 3591 posterorum
2258 3541 2315 3585 Vfl
2339 3543 2380 3575 23
2405 3544 2438 3573 et

1366 3594 1418 3629 V²
1433 3596 1532 3638 ναίω]
1558 3608 1616 3629 om.
1631 3594 1772 3637 RV¹T‚
1796 3596 1830 3628 et
1845 3593 1927 3627 alias
1945 3593 2039 3627 Beck
2056 3592 2068 3634 Ι
2083 3586 2329 3637 οοιιιρὶθτῑᾶιιμι
2352 3586 2404 3620 V'*
2425 3586 2437 3628 11

1359 3642 1403 3675 24
1426 3640 1572 3683 possidet
1596 3640 1707 3681 RVT,
1725 3651 1808 3673 corr.
1821 3640 1877 3672 vul
1899 3662 1908 3671 .
1925 3637 1938 3681 11
1954 3637 1999 3670 sit
2019 3634 2104 3678 VT!
2122 3634 2164 3667 27
2190 3629 2354 3670 veneunt]
2379 3640 2438 3664 uo-

1357 3685 1458 3719 niunt
1484 3685 1516 3718 T
1528 3685 1541 3728 11
1559 3686 1600 3719 28
1626 3684 1843 3727 discriptione
1864 3652 1921 3727 ff!
1938 3681 2165 3715 lucratum-um
2185 3675 2219 3710 Τ
2226 3675 2237 3697 ¹
