2618 4010
119 174 122 176 v
151 134 209 166 m·
238 132 605 167 succnssmmnus
1227 116 1308 164 135
1975 119 2083 165 Nov.
2113 117 2257 162 XVIII
2287 121 2324 162 8.
2354 121 2380 160 9

153 233 268 291 λεγειν
289 230 382 281 ἅπερ
405 229 590 280 ὁμολογεῖν
607 228 782 279 προςήκει.
817 234 877 267 ἐπὶ
895 233 962 276 μὲν
977 224 1042 267 οὖν
1064 231 1142 267 τῶν
1162 245 1232 266 τοι·
1303 231 1441 274 dicant,
1474 229 1570 277 quod
1599 229 1762 266 confiteri
1795 230 1975 275 competit.
2022 230 2065 266 In
2093 228 2229 266 talibus
2260 229 2382 275 itaque

151 292 272 314 ουτων
291 280 381 314 πᾶσι
395 277 544 324 τρόποις
565 275 628 312 τὰς
649 275 845 312 καταδίκας
867 279 999 313 τοῦτον
1021 274 1234 322 βουλόμεθα
1303 276 1467 312 omnibus
1495 274 1611 312 modis
1644 274 1974 311 condemnationem
2004 275 2075 312 hoc
2104 274 2184 311 fieri
2219 274 2381 310 voiumus

181 324 333 372 ἔρεσθαι
355 322 422 359 τὸν
444 320 593 370 τρόπον,
625 325 685 356 καὶ
710 323 741 356 εἰ
770 323 868 371 παρὰ
891 322 1006 358 ταῦτά
1027 335 1065 358 τι
1088 319 1234 369 πράξειε
1302 322 1418 364 modo,
1444 324 1480 357 et
1499 321 1529 357 si
1548 323 1695 366 'praeter
1718 319 1808 355 haec
1832 321 1959 365 egerit,
1984 321 2139 357 iudicem
2163 320 2273 362 scire,
2322 319 2383 355 uia

153 339 340 413 δικαστής,
372 370 582 416 γινωσκέτω
607 363 655 402 ιὸς
680 372 925 415 παραβαίνων
948 367 1015 403 τὸν
1037 365 1150 412 νόμον
1173 364 1232 401 αὖ·
1302 366 1559 402 transcendens
1581 366 1692 411 legem
1715 365 1794 410 ipse
1817 366 1998 401 tenebitur
2018 366 2074 402 his
2098 365 2234 411 poenis.
2341 374 2383 400 ec

152 415 212 450 τὸς
234 414 391 455 ἐνέξεται
412 416 491 448 ταῖς
514 413 690 447 ἐντεῦθεν
709 417 861 449 ποιναῖς.
905 414 1023 448 Ταῦτα
1043 410 1083 447 δὲ
1103 415 1232 467 φαμέν,
1269 416 1287 447 5
1303 417 1422 447 autem
1441 412 1601 455 dicimus,
1625 410 1694 446 nisi
1716 410 1990 455 probationibus
2009 413 2110 447 actor
2126 410 2382 446 abrenuntians

153 461 185 495 εἰ
206 459 256 506 μὴ
277 462 361 507 περὶ
389 458 452 494 τὰς
480 456 681 499 ἀποδείξεις
711 455 731 492 ὁ
759 457 905 493 διώκων
933 456 1104 494 ἀπειπών
1135 455 1231 502 ὅρκῳ
1303 461 1526 493 sacramento
1549 456 1601 492 rei
1631 466 1729 492 nunc
1753 464 1867 499 usque
1891 456 2114 500 negationem
2137 456 2270 491 factam
2295 455 2385 491 solvi

153 507 217 540 τοῦ
243 503 434 552 φεύγοντος
464 502 533 548 τὴν
563 506 664 550 μέχρι
688 505 756 538 νῦν
779 503 932 551 ἄρνησιν
964 502 1121 548 λυθῆναι
1150 506 1232 547 βου·
1302 503 1463 538 voluerit.
1504 502 1542 538 Si
1565 501 1658 538 enim
1681 501 1754 536 tale
1777 500 1911 545 aliquid
1935 502 2055 545 egerit,
2082 501 2113 536 si
2137 501 2277 546 quidem
2301 511 2384 536 mox

155 549 292 594 ληθείη.
340 550 372 584 εἰ
393 548 461 597 γάρ
484 562 521 583 τι
544 552 686 583 τοιοῦτο
711 547 890 596 πράξειεν,
918 549 950 582 εἰ
972 551 1038 594 μὲν
1062 546 1171 583 εὐθὺς
1195 549 1233 590 ἐξ
1303 548 1349 583 ab
1380 547 1482 583 initio
1517 551 1601 592 post
1630 546 1902 591 abnegationem
1933 546 2095 581 intulerit
2124 546 2383 586 iusiurandum,

154 594 259 639 ἀρχῆς
279 594 371 640 μετὰ
392 594 459 638 τὴν
477 593 630 641 ἄρνησιν
654 594 829 642 ἐπαγάγοι
848 594 914 629 τὸν
933 589 1052 639 ὅρκον,
1076 591 1234 628 κάκεῖνος
1303 596 1339 628 et
1362 593 1421 629 ille
1446 592 1616 628 continuo
1641 591 1825 628 confessus
1848 590 1958 626 fuerit
1982 591 2077 636 quod
2100 591 2138 626 in
2161 592 2384 636 negationem

154 628 264 675 εὖθ’ὐς
291 636 518 688 ὁμολογήσειε
541 639 582 674 τὸ
607 641 654 673 εἰς
678 639 829 687 ἄρνησιν
853 639 1016 682 ἐνεχθέν,
1048 636 1234 673 ἀκίνδυνος
1249 642 1288 674 10
1303 638 1492 674 deductum
1513 638 1590 682 erit,
1616 637 1693 673 sine
1714 636 1874 682 periculo
1893 637 1960 672 erit
1977 640 2148 681 quantum
2163 637 2208 671 ad
2225 636 2382 681 duplum.

153 684 196 721 τό
218 699 258 734 γε
281 687 329 720 εἰς
351 684 394 720 τὸ
418 683 611 721 διπλάσιον
634 687 746 719 ἔσται.
795 685 841 719 Εἰ
870 682 909 718 δὲ
938 686 1159 730 μακροτέρας
1181 697 1232 730 γι·
1303 684 1341 719 Si
1365 693 1447 719 vero
1479 683 1631 728 longiori
1653 682 1752 717 facta
1783 681 1845 717 lite
1869 684 1957 716 tunc
1982 684 2084 717 actor
2107 681 2239 716 inferat
2263 691 2384 716 sacra-

145 733 302 777 youe'vns
323 731 386 774 τῆς
409 728 506 774 δίκης
540 731 738 773 τηνικαῦτα
761 727 780 764 ὁ
800 727 947 764 διώκων
968 727 1144 775 ἐπαγάγοι
1167 727 1234 763 τὸν
1302 732 1472 772 mentum,
1497 730 1536 764 at
1558 728 1617 764 ille
1634 728 1740 764 etiam
1764 727 1827 770 Sic,
1853 727 1948 780 quod
1972 727 2135 770 infertur,
2161 726 2384 771 profiteatur,

154 773 272 822 ὅρκον,
296 773 316 811 ὁ
341 774 382 810 δὲ
404 779 463 810 καὶ
488 772 583 810 οὕτω
607 775 650 810 τὸ
667 777 737 810 ἐπα
761 773 893 819 όμενον
911 770 1148 821 ὁμολογήσειε,
1173 775 1235 816 τῆς
1305 774 1348 809 de
1372 774 1471 819 dupli
1494 773 1636 819 quidem
1663 783 1743 808 eum
1767 772 1951 808 eximimus
1983 782 2116 817 poena3
2151 782 2272 807 omnes
2301 782 2386 807 vero

152 824 219 867 μὲν
242 822 306 856 τοῦ
330 819 561 857 διπλασίονος
582 818 693 855 αὐτὸν
717 822 734 853 ἐ
755 821 926 866 αιροῦμεν
949 820 1087 863 ποινῆς,
1111 819 1235 853 πᾶσαν
1305 829 1490 864 expensas,
1515 829 1608 865 quae
1631 829 1744 864 usque
1767 821 1854 853 tunc
1878 817 1997 853 factae
2021 819 2107 853 sunt
2130 820 2279 862 propter
2302 827 2386 861 pro-

154 865 195 901 δὲ
222 866 289 910 τὴν
314 864 483 910 δαπάνην
511 866 578 910 τὴν
607 869 710 912 μέχρι
740 864 824 900 τότε
853 867 1051 912 γενομένην
1082 862 1142 898 διὰ
1172 862 1235 897 τὰς
1251 867 1290 900 15
1304 864 1468 900 bationes
1507 864 1638 907 actori,
1675 863 1904 899 iureiurando
1937 863 2013 899 eius
2047 862 2231 904 definitas,
2271 862 2386 898 exsol-

154 911 352 953 ἀποδείξεις
386 913 440 956 τῷ
483 911 666 958 ἐνάγοντι,
710 906 804 957 ὅρκῳ
846 909 974 944 τούτου
1009 911 1234 957 κρινομένην,
1303 919 1384 944 vere
1408 920 1488 945 eum
1516 910 1576 955 qui
1601 910 1645 945 ab
1670 909 1772 944 initio
1797 908 1938 954 quidem
1962 908 2113 953 negavit,
2175 911 2277 943 ostea
2303 917 2387 942 vero

154 956 395 1037 καταδθάλλειν
419 956 485 992 τὸν
512 957 579 1000 τὴν
602 954 624 990 ἀ
647 955 712 998 χὴν
742 957 810 1000 μὲν
839 952 1100 1011 ἀρνησάμενον,
1133 950 1234 988 ὅστε·
1305 954 1492 990 confessus
1516 956 1583 997 est,
1608 955 1782 990 iubemus.
1819 954 1857 989 Si
1881 954 1960 999 quis
1976 957 2097 989 autem
2120 964 2142 989 a
2169 952 2387 988 numeratio—

155 1016 218 1050 ρον
262 1005 278 1036 ὲ
297 1000 569 1051 ὁμολογήσαντα
589 1015 627 1035 κε
650 1000 785 1046 εύομεν.
833 1004 878 1034 Ει
904 998 946 1034 δέ
965 1012 1019 1034 τις
1037 999 1104 1043 τὴν
1128 995 1234 1044 ἀρίθ-
1304 1010 1385 1034 nem
1407 999 1443 1034 in
1469 1010 1506 1035 se
1534 1000 1669 1035 factam
1699 999 1933 1045 pecuniarum
1963 1009 2117 1043 negans,
2149 1001 2276 1044 postea
2304 999 2387 1033 uta-

154 1060 264 1093 μησιν
296 1046 358 1084 ἐπ’
387 1046 486 1092 αὐτῷ
516 1046 691 1094 γενέσθαι
716 1047 791 1080 τῶν
814 1042 1010 1092 χρημάτων
1040 1042 1236 1091 ἆρνησάμε-
1304 1048 1364 1079 tur
1395 1045 1633 1080 solutionibus
1663 1056 1685 1080 a
1709 1055 1747 1080 se
1777 1044 1903 1087 factis,
1936 1045 2000 1080 tali
2032 1044 2164 1079 nullam
2195 1043 2389 1079 utilitatem

155 1106 232 1136 νος,
267 1093 345 1128 εἷτα
373 1089 524 1140 ὕστερον
556 1088 727 1138 χρήσαιτο
758 1089 975 1135 καταβολαῖς
1006 1089 1096 1136 παρ’
1125 1087 1235 1124 αὑτοῦ
1249 1092 1291 1124 20
1303 1089 1449 1133 horum,
1482 1100 1573 1135 quae
1596 1100 1678 1125 vere
1703 1090 1821 1125 soluta
1849 1093 1952 1134 sunt,
1984 1100 2062 1125 esse
2092 1089 2292 1132 sancimus,
2326 1088 2390 1123 sed

154 1142 376 1187 γενομέναις,
399 1139 453 1182 τῷ
478 1134 631 1179 τοιούτῳ
654 1134 769 1181 μηδὲν
791 1134 918 1182 ὄφελος
941 1135 1034 1169 εἶναι
1057 1136 1136 1170 τῶν
1158 1137 1235 1170 ταῖς
1304 1138 1420 1170 totum
1443 1145 1524 1170 eum
1549 1135 1707 1171 debitum
1733 1135 1837 1181 exigi!
1855 1135 2110 1180 praecipimus,
2144 1139 2180 1170 et
2210 1135 2306 1169 hanc
2330 1144 2389 1169 so-

155 1181 342 1228 ἄληθείαις
363 1180 692 1227 καταβεβλημένων
717 1181 954 1225 θεσπίζομεν,
979 1177 1063 1215 ἀλλ’
1091 1177 1234 1222 ὁλόκλη-
1303 1181 1375 1216 lam
1412 1180 1587 1216 sustinere
1617 1180 1816 1224 negationis
1853 1190 2005 1225 poenam
2044 1180 2126 1223 (hoc
2159 1179 2253 1225 quod
2283 1178 2391 1214 etiam

157 1243 221 1276 ρον
246 1227 356 1263 αὐτὸν
378 1227 422 1263 τὸ
444 1231 543 1275 χρέος
575 1223 816 1269 ἀπαιτεῖσθαι
840 1225 1038 1271 κελεύομεν,
1067 1229 1128 1260 καὶ
1151 1223 1234 1260 ταύ-
1305 1225 1447 1270 quidam
1471 1229 1555 1260 ante
1579 1235 1645 1261 nos
1666 1225 1920 1270 imperatorum
1938 1225 2148 1268 constituit),
2172 1224 2272 1260 nullo
2296 1224 2390 1259 iudi-

157 1288 224 1318 την
249 1273 367 1319 μόνην
388 1269 533 1316 ὑπέχειν
562 1273 624 1315 τῆς
653 1270 833 1319 ἀρνήσεως
862 1270 930 1316 τὴν
954 1268 1085 1314 ποινήν
1115 1272 1235 1314 (τοῦτο
1305 1271 1462 1306 cantium
1492 1281 1606 1315 neque
1640 1270 1679 1305 in
1715 1271 1783 1306 hoc
1820 1270 2015 1312 flectendo,
2052 1270 2115 1305 sed
2149 1270 2391 1315 integritatem

157 1316 245 1366 ὅπερ
269 1323 331 1353 καί
352 1329 406 1353 τις
429 1320 508 1353 τῶν
529 1316 600 1364 πρὸ
626 1315 730 1362 ἡμῶν
748 1315 1025 1365 αὐτοκρατόρων
1042 1318 1143 1359 ἔτυχε
1160 1314 1236 1351 δια-
1250 1317 1390 1361 25legis
1417 1315 1650 1351 custodiente.
1700 1315 1738 1351 Si
1761 1318 1882 1350 autem
1905 1315 2012 1350 etiam
2035 1325 2118 1350 reus
2148 1315 2308 1360 proferat
2331 1315 2390 1349 lit-

154 1364 380 1408 ταξάμενος)·
404 1361 548 1398 οὐδενὸς
570 1363 649 1397 τῶν
670 1361 896 1405 δικαζόντων
918 1360 1002 1397 οὐδὲ
1025 1360 1114 1406 πρὸς
1130 1363 1236 1396 τοῦτο
1304 1365 1402 1397 teras
1426 1361 1578 1403 actoris,
1612 1361 1739 1396 deinde
1770 1360 1829 1396 ille
1854 1370 1915 1395 eas
1948 1363 2070 1405 neget,
2104 1362 2142 1396 at
2172 1360 2232 1395 ille
2262 1360 2392 1405 probet

156 1407 540 1456 ὑποκατακλινομένου,
565 1405 654 1442 ἀλλὰ
670 1407 737 1452 τὴν
755 1405 943 1455 ἀκρίβειαν
959 1409 1023 1442 τοῦ
1043 1404 1154 1451 νόμου
1174 1421 1235 1454 qou-
1305 1417 1385 1442 eas:
1411 1417 1484 1442 non
1509 1407 1622 1442 solum
1647 1406 1736 1441 illud
1759 1408 1957 1451 reputetur,
1984 1406 2028 1442 de
2050 1417 2119 1450 quo
2144 1406 2285 1450 negatio
2309 1405 2391 1447 fuit,

157 1452 358 1490 λάττοντος.
413 1455 460 1488 Εἰ
493 1452 532 1488 δὲ
563 1457 623 1487 καὶ
646 1450 665 1487 ό
690 1451 835 1500 φεύγων
866 1456 1094 1499 προκομίσειε
1126 1466 1236 1500 γραμ-
1305 1452 1369 1488 sed
1394 1452 1499 1487 etiam
1518 1456 1657 1487 tantum
1674 1451 1771 1486 aliud
1790 1451 1932 1486 adiciat.
1970 1451 2039 1486 Hic
2056 1461 2200 1496 quoque
2219 1450 2263 1485 de
2285 1450 2390 1485 iuris-

155 1513 255 1545 ματα
282 1501 346 1534 τοῦ
372 1497 582 1541 διώκοντος,
607 1498 684 1532 εἶτα
708 1500 838 1533 ἐκεῖνος
860 1499 977 1533 ταῦτα
1000 1495 1190 1545 ἀρνηθείη,
1217 1494 1236 1532 ὁ
1304 1497 1446 1532 iurandi
1478 1497 1622 1533 datione
1646 1497 1810 1533 sitniliter
1834 1496 1941 1532 etiam
1965 1496 2002 1531 in
2026 1500 2151 1538 actore
2181 1495 2388 1531 introduca-

157 1543 198 1579 δὲ
220 1549 372 1588 συσταίη
396 1543 551 1586 τούτοις,
579 1542 630 1588 μὴ
651 1542 766 1589 μόνον
791 1546 905 1578 έκεῖνο
928 1542 1132 1591 λογιζέσθω
1154 1546 1238 1590 περὶ
1252 1546 1365 1578 3013111·
1388 1542 1492 1578 ratio.

157 1583 198 1625 οὗ
228 1590 274 1625 τὰ
303 1591 364 1634 τῆς
399 1588 581 1639 ἀρνήσεως
609 1583 664 1632 ἧν,
697 1587 787 1623 ἀλλὰ
816 1592 876 1623 καὶ
909 1589 1086 1623 τοσοῦτον
1115 1590 1239 1635 ἕτερον

157 1636 488 1692 προς-κατατιθέτω.
524 1633 718 1669 κάνταῦθα
739 1633 778 1668 δὲ
799 1630 818 1668 ὁ
838 1637 920 1681 περὶ
939 1635 1001 1678 τῆς
1018 1635 1096 1668 τῶν
1120 1630 1241 1681 ὅρκων

158 1680 292 1716 δοσεως
314 1677 444 1726 ὁμοίως
463 1683 523 1715 καὶ
540 1681 602 1716 ἐπὶ
623 1680 689 1714 τοῦ
706 1678 894 1727 ἐνάγοντος
911 1679 1110 1727 εἰςαγέσθω
1130 1677 1242 1727 λόγος.

1150 1770 1306 1807 CAPUT
1334 1770 1396 1806 IX.

204 1841 251 1876 Εἰ
274 1838 314 1876 δὲ
343 1837 366 1884 ἡ
389 1837 469 1883 δίκη
493 1837 691 1887 πράττοιτο
721 1836 782 1873 διὰ
813 1835 1024 1883 κηδεμόνων
1051 1837 1123 1878 (οἷα
1145 1839 1237 1873 καθ·-
1353 1839 1391 1874 Si
1414 1848 1498 1874 vero
1522 1836 1566 1873 lis
1591 1840 1720 1882 agatur
1742 1846 1808 1882 per
1832 1839 2041 1873 curatorum
2058 1836 2153 1872 forte
2177 1835 2393 1871 constitutas

159 1887 305 1922 εστῶσα
321 1883 526 1934 προςώπων
545 1881 569 1919 ἃ
589 1881 800 1937 κηδεμόνων
825 1882 963 1926 δεῖται),
986 1883 1050 1918 τὰς
1069 1885 1239 1919 τοιαύτας
1252 1887 1292 1920 35
1307 1894 1498 1929 personas,
1531 1894 1621 1928 quae
1646 1886 1830 1919 curatores
1854 1883 2070 1928 respiciunt,
2100 1880 2305 1917 huiusmodi
2329 1891 2393 1915 ne-

159 1933 237 1967 τῶν
260 1928 447 1978 ἀρνήσεων
475 1929 618 1972 ποινάς,
647 1926 738 1964 ὅταν
762 1927 819 1965 ἐπ’
844 1930 985 1964 οἰκείοις
1013 1925 1136 1964 αὐτῶν
1160 1932 1239 1964 τῶν
1306 1929 1461 1974 gationis
1486 1939 1654 1975 poenam,
1689 1929 1832 1973 quando
1856 1929 1893 1963 in
1920 1929 2080 1973 ipsorum
2106 1930 2312 1963 curatorum
2335 1926 2393 1961 fu-

160 1975 370 2023 κηδεμόνων
392 1980 553 2024 γίνοιντο
575 1975 775 2032 γράμμασι,
805 1973 854 2019 μὴ
878 1974 970 2009 κατὰ
993 1976 1070 2010 τῶν
1092 1973 1237 2020 κηδεμο-
1308 1975 1376 2011 erit
1412 1975 1556 2017 litteris,
1594 1985 1666 2009 non
1696 1974 1867 2009 adversus
1899 1984 1960 2009 eos
1992 1984 2143 2019 quorum
2173 1974 2259 2008 sunt
2290 1981 2393 2007 cura-

160 2026 375 2078 νευομένων,
399 2019 487 2076 ἀλλὰ
505 2035 573 2056 κατ
612 2022 736 2074 αυτΙῶν
756 2021 935 2076 φέρεσθαι
953 2021 1032 2055 τῶν
1046 2019 1113 2064 τὴν
1133 2018 1237 2064 ἇσχή-
1308 2024 1421 2063 tores,
1456 2020 1519 2056 sed
1546 2019 1717 2055 adversus
1750 2019 1936 2060 eos.ferri
1967 2019 2027 2064 qui
2058 2021 2199 2063 turpem
2229 2020 2265 2053 et
2294 2017 2393 2051 inde-

160 2082 254 2112 μονα
283 2081 324 2103 τε
351 2071 411 2102 καὶ
445 2067 590 2114 απρεπῆ
618 2080 756 2109 ταυτην
784 2077 937 2111 αρνησιν
969 2069 1237 2109 ποιησαμένων.
1309 2069 1446 2102 centem
1482 2066 1578 2101 hanc
1614 2064 1840 2110 negationem
1875 2065 2051 2100 fecerunt.
2102 2064 2141 2099 Si
2175 2073 2258 2099 vero
2295 2061 2394 2097 aliud

162 2115 208 2148 Εἰ
231 2111 274 2148 δέ
293 2125 347 2148 τις
377 2113 481 2157 ἑτέρα
514 2109 706 2151 καταδίκης
735 2108 880 2154 αὔξησις
902 2108 924 2154 ἢ
948 2112 997 2146 εἰς
1022 2110 1065 2145 τό
1090 2109 1243 2146 διπλοῦν
1255 2115 1298 2146 40

166 2161 2389 2175 —————-——-.-——---.-.—.—-.—---—-—————

161 2182 295 2224 dicant,
317 2193 410 2228 quae
433 2181 599 2226 confiteri
622 2179 732 2215 decet.
778 2178 824 2214 In
849 2180 981 2214 talibus
1004 2180 1118 2226 iqitur
1141 2180 1249 2215 rebus
1272 2180 1416 2214 omnino
1443 2180 1694 2214 damnationes
1714 2178 1782 2213 ltoc
1799 2178 1906 2213 modo
1925 2178 2059 2224 peraqi
2078 2178 2262 2213 volumus:
2285 2180 2325 2211 at
2351 2186 2395 2210 ue

161 2228 193 2263 si
212 2227 326 2263 iudex
349 2226 522 2262 adversus
545 2224 634 2260 haec
655 2224 743 2270 quid
761 2224 906 2270 fecerit,
929 2224 1023 2260 sciat
1044 2235 1084 2260 se
1107 2224 1243 2259 violata
1268 2225 1344 2269 leqe
1367 2224 1486 2270 ipsum
1504 2223 1638 2269 poenis
1661 2222 1746 2258 inde
1767 2223 1916 2258 statutis
1940 2222 2140 2258 obnoaeium
2160 2222 2258 2266 fore.
2331 2231 2395 2255 aec

163 2284 248 2308 vero
272 2271 435 2313 dicimus,
462 2270 533 2305 nisi
562 2272 667 2304 actor
686 2268 968 2314 probationibus
990 2270 1205 2303 renuntians
1225 2268 1461 2303 iureiurando
1485 2269 1542 2303 rei
1571 2267 1825 2313 infitiationem
1850 2278 1923 2313 qua
1945 2268 1978 2301 is
2001 2278 2117 2313 usque
2136 2277 2178 2302 eo
2203 2277 2291 2301 usus
2314 2270 2394 2300 erat

162 2317 279 2353 decidi
306 2315 469 2352 voluerit.
517 2314 612 2349 Nam
639 2314 671 2348 si
697 2313 768 2348 tale
793 2312 883 2358 quid
902 2313 1054 2358 fecerit,
1083 2312 1260 2358 siquidem
1282 2313 1403 2347 statim
1427 2312 1471 2347 ab
1495 2312 1600 2347 initio
1619 2316 1711 2358 post
1733 2310 1987 2356 infitiationem
2011 2311 2266 2347 iusiurandum
2294 2310 2394 2346 detu—

164 2362 263 2404 lerit,
296 2363 331 2396 et
356 2360 418 2395 ille
439 2359 562 2394 statim
585 2357 625 2392 id
646 2357 745 2403 quod
766 2357 805 2391 in
828 2357 1079 2403 infitiationem
1102 2357 1298 2392 adductum
1321 2360 1402 2392 erat
1434 2357 1626 2408 confessus
1644 2357 1711 2398 sit,
1767 2356 1840 2392 uod
1862 2357 1991 2392 attinet
2014 2356 2063 2391 ad
2085 2356 2234 2403 duplum
2259 2366 2396 2401 expers

162 2405 318 2453 periculi
349 2404 427 2440 erit.
484 2402 525 2438 Si
553 2413 638 2438 vero
669 2402 731 2437 tite
762 2401 908 2447 lonyius
940 2401 1091 2448 prolata
1129 2401 1269 2437 demum
1300 2406 1405 2437 actor
1435 2401 1687 2437 iuszurandum
1749 2401 1912 2443 etulerit,
1949 2401 2010 2436 ille
2043 2412 2128 2437 vero
2166 2401 2220 2436 sic
2251 2411 2323 2447 quo
2353 2411 2396 2435 ue

165 2451 380 2496 confiteatur
402 2448 442 2483 id
491 2447 565 2483 uod
587 2447 765 2492 defertur,
794 2446 897 2492 dupli
921 2446 1064 2492 quidem
1081 2458 1207 2493 poena
1235 2458 1314 2482 eum
1339 2446 1549 2488 eximimus,
1581 2456 1703 2481 omnes
1726 2449 1845 2481 autem
1866 2450 2032 2498 sumptus
2052 2457 2166 2492 usque
2189 2457 2232 2481 eo
2286 2456 2330 2480 ro
2356 2456 2394 2480 α-

167 2497 302 2532 tionum
326 2505 438 2530 causa
455 2459 581 2540 anctos
605 2493 649 2528 ab
674 2496 798 2527 actore
817 2491 1053 2527 iureiurando
1078 2491 1156 2527 eius
1179 2491 1404 2536 definiendos
1426 2502 1525 2533 eum,
1550 2491 1613 2538 qui
1635 2491 1740 2526 initio
1793 2490 1912 2526 uidem
1934 2491 2133 2536 infitiatus,
2158 2490 2216 2526 dei
2267 2502 2287 2526 e
2309 2501 2394 2526 vero

165 2541 356 2587 consessus
379 2542 449 2582 est,
479 2537 619 2574 solvere
640 2536 811 2572 iubemus.
859 2535 997 2579 Quodsi
1025 2536 1108 2582 quis
1137 2537 1422 2572 numerationem
1446 2536 1628 2582 pecuniae
1659 2535 1728 2571 sibi
1754 2501 1897 2581 sqactam
1930 2546 2007 2572 esse
2033 2536 2232 2581 infitiatus,
2264 2539 2396 2582 postea

164 2586 363 2623 solutiones
385 2596 409 2619 a
427 2594 467 2619 se
488 2584 615 2629 factas
636 2581 779 2628 atleqet,
798 2592 843 2617 ne
868 2581 933 2617 tali
956 2580 1096 2617 homini
1116 2582 1310 2628 quicquam
1325 2581 1478 2628 prosint
1499 2592 1560 2624 ea,
1586 2592 1680 2627 quae
1699 2592 1826 2617 revera
1850 2580 1972 2616 soluta
1993 2585 2090 2623 sunt,
2114 2581 2310 2624 sancimus,
2332 2579 2398 2615 sed

164 2633 345 2678 inteqrum
369 2628 523 2665 debitum
547 2627 591 2663 ab
615 2638 657 2664 eo
685 2627 788 2673 eoeiqi
817 2625 978 2662 iubemus
1001 2631 1111 2673 atque
1132 2626 1226 2663 hanc
1249 2638 1328 2662 eum
1351 2626 1466 2662 solam
1488 2625 1610 2662 subire
1635 2625 1866 2671 infitiationis
1893 2637 2049 2672 poenam
2080 2625 2134 2669 (id
2161 2625 2262 2672 quod
2288 2626 2397 2661 etiam

165 2687 260 2713 unus
282 2686 332 2711 ex
355 2672 653 2721 imperatoribus,
685 2672 747 2718 qui
770 2675 854 2707 ante
881 2683 949 2707 nos
973 2673 1146 2719 fuerunt,
1173 2672 1396 2715 constituit);
1424 2675 1466 2706 ut
1488 2682 1534 2707 ne
1555 2672 1594 2706 in
1621 2670 1690 2706 Izac
1715 2671 1859 2723 quidem
1888 2682 1929 2707 re
1960 2671 2074 2706 iudex
2096 2670 2193 2706 ullus
2213 2671 2396 2718 flectatur,

165 2721 230 2758 sed
249 2721 340 2768 leqis
362 2719 596 2755 subtilitatem
618 2720 743 2753 servet.
791 2716 930 2760 Quodsi
948 2718 1055 2753 etiam
1075 2728 1160 2752 reus
1180 2717 1320 2752 litteras
1344 2716 1482 2752 actoris
1501 2717 1686 2763 proferat,
1707 2727 1739 2751 ιε
1768 2728 1810 2752 ue
1834 2727 1896 2751 eas
1919 2716 2105 2761 infitietur,
2130 2716 2192 2752 ille
2215 2727 2300 2752 vero
2318 2727 2397 2752 eas-

167 2767 246 2803 dem
264 2765 406 2814 probet,
430 2775 504 2800 non
526 2763 619 2799 iilud
639 2762 768 2805 solum,
793 2762 837 2798 de
886 2773 933 2798 uo
958 2762 996 2797 in
1020 2762 1239 2808 infitiatione
1262 2761 1449 2807 aqebatur,
1474 2765 1666 2807 computet,
1689 2772 1729 2796 se
1777 2761 1884 2797 etiam
1906 2761 2059 2797 alterum
2086 2765 2225 2797 tantum
2249 2760 2395 2797 adiciat.

170 2812 331 2849 Ceterum
354 2809 404 2845 ibi
451 2821 498 2845 uo
527 2820 571 2844 ue
594 2809 639 2844 de
661 2808 848 2843 iureiuran
877 2819 897 2842 o
915 2808 1145 2854 praestando
1168 2807 1264 2842 ratio
1287 2806 1430 2852 pariter
1449 2806 1557 2841 etiam
1580 2807 1619 2841 in
1642 2810 1767 2842 actore
1790 2806 2012 2842 instituatur.

300 2856 364 2891 IX.
444 2866 490 2890 uo
518 2854 550 2889 si
580 2854 625 2889 lis
647 2864 720 2900 per
748 2857 936 2888 curatores
960 2857 1093 2899 aqatur
1116 2855 1254 2900 (utpote
1283 2862 1376 2897 quae
1406 2852 1456 2887 sit
1478 2862 1724 2897 personarum
1754 2862 1848 2897 quae
1879 2851 2109 2887 curatoribus
2136 2852 2274 2899 eqent),
2305 2851 2397 2887 eius-

167 2902 266 2938 modi
287 2912 434 2949 poenae
455 2899 733 2945 infitiationum,
763 2897 910 2950 quando
942 2898 986 2934 de
1011 2898 1179 2945 propriis
1209 2897 1373 2944 ipsorum
1397 2900 1608 2932 curatorum
1634 2896 1764 2932 litteris
1783 2897 1898 2942 fiunt,
1935 2907 2011 2932 non
2041 2896 2215 2933 adversus
2243 2907 2306 2932 eos
2335 2896 2398 2942 qui

167 2948 231 2983 sub
256 2958 346 2983 cura
367 2949 464 2988 sunt,
486 2944 551 2980 sed
574 2944 746 2980 adversus
768 2954 870 2990 ipsos
894 2943 957 2988 qui
979 2943 1153 2979 indecora
1176 2948 1212 2979 et
1234 2942 1425 2977 inhonesta
1448 2940 1518 2976 Izac
1541 2942 1758 2987 infitiatione
1781 2941 1840 2976 usi
1862 2945 1958 2984 sunt,
1982 2945 2203 2978 statuantur.
2250 2940 2293 2976 Si
2312 2952 2397 2977 vero

216 3041 232 3092 1
260 3039 320 3072 ἐπὶ
338 3038 406 3081 μὲν
423 3057 468 3062 -
490 3040 508 3092 ζ)
532 3039 675 3071 ποιναῖς
699 3048 757 3069 om.
773 3034 850 3087 13³ss
869 3037 888 3068 3
902 3033 1081 3100 ἱπροίξιειεν
1104 3032 1123 3067 ὁ
1150 3032 1247 3088 Baga:
1280 3053 1282 3096 1
1316 3048 1375 3105 cmx.
1399 3045 1418 3070 ς
1443 3032 1470 3111 ΙΙὃ
1481 3035 1534 3110 37λ
1543 3034 1711 3087 γένοιντο·
1729 3029 1867 3109 ΒΒΣλοῖἱΙ
1890 3032 1969 3066 τῶν
1994 3046 2051 3067 om.
2080 3030 2139 3066 ΒΣ
2166 3033 2251 3103 ΙΙΣ40
2278 3031 2399 3078 ἑτέρας

169 3084 308 3171 {iffi
323 3082 375 3167 ¹¹21}
396 3081 709 3172 ἕζτῗῑῖξέἷέἓςΒὲΙν
725 3083 746 3170 ⁷11
768 3079 1247 3166 ἶῧνέκῖἶὲυῇςιιιῖιῆοἷῖιῖῗ
1316 3080 1352 3113 Β
1404 3078 1417 3123 ¹¹
1471 3090 1513 3111 ‘⁷‘
1536 3088 1640 3111 “⁰¹⁰''
1662 3096 1709 3102 “
1731 3089 1820 3123 ‘⁰⁶⁷‘
1867 3089 1947 3111 ‘'¹⁰''
1971 3079 2062 3120 ‘¹3⁶'
2087 3079 2119 3119 ¹)
2145 3078 2181 3111 B

171 3172 279 3208 δυνον
292 3171 343 3206 ΒΓ
361 3169 442 3205 ἇκιν
466 3170 559 3205 ύνως
573 3172 621 3204 Β*
637 3171 831 3204 Haloander
848 3169 860 3213 ΙΙ
882 3172 917 3221 11
944 3171 1154 3222 μικροτέρας
1166 3171 1213 3204 L¹
1237 3169 1249 3216 ΙΙ

1361 3171 1380 3202 2
1406 3169 1517 3201 01111110
1537 3168 1590 3201 Va
1606 3167 1618 3211 ΙΙ
1636 3170 1658 3201 4
1681 3167 1755 3209 lege
1777 3167 1828 3200 Βι
1843 3166 1856 3212 ΙΙ
1874 3168 1939 3209 his]
1965 3169 1993 3202 le
2019 3191 2027 3200 .
2053 3166 2188 3211 111110ῗὶ1
2214 3169 2234 3201 5
2258 3168 2318 3199 aut
2338 3167 2373 3201 V
2387 3165 2400 3212 ΙΙ

170 3219 358 3266 γενομένης
373 3218 420 3250 Β*
439 3217 451 3261 ΙΙ
471 3220 509 3251 15
519 3230 567 3259 sq.
592 3213 659 3258 τὴν
677 3211 844 3256 δαπάνην
866 3217 944 3256 την]
967 3227 1046 3248 των
1070 3211 1249 3248 δαπανῶν

1317 3216 1336 3249 8
1361 3213 1479 3246 intulit
1499 3212 1548 3246 V¹
1564 3211 1577 3256 ΙΙ
1595 3213 1616 3246 9
1641 3213 1818 3254 negatione
1838 3212 1895 3256 Vss
1920 3215 1957 3246 10
2010 3206 2143 3246 effetum
2168 3212 2244 3257 12¹1}
2263 3213 2399 3245 alterum

170 3266 244 3298 τοῖς
267 3263 314 3296 L¹
333 3262 346 3307 ΙΙ
366 3265 404 3295 15
428 3263 630 3307 γινομένοις
657 3262 700 3294 L¹
724 3260 916 3306 γινομένην
939 3259 988 3293 122
1009 3262 1248 3306 γεγενημένην
1316 3260 1381 3292 erit
1414 3271 1473 3292 om.
1499 3258 1531 3291 R
1561 3257 1574 3299 ΙΙ
1604 3259 1644 3291 13
1678 3268 1753 3290 eum
1790 3270 1847 3292 om.
1872 3258 1984 3292 R¹V¹
2014 3257 2026 3301 11
2057 3268 2096 3291 ex
2133 3257 2281 3290 minimis
2306 3256 2357 3290 V¹
2388 3255 2401 3302 11

172 3311 221 3343 B⁸
237 3310 250 3353 ΙΙ
272 3310 312 3342 16
332 3305 498 3353 ένάγοντι
512 3306 565 3349 τῷ
582 3301 677 3358 ὅρκῳ
693 3306 740 3339 B⁸
756 3305 767 3348 ΙΙ
789 3306 829 3339 18
853 3314 906 3338 τις
923 3317 980 3338 om.
996 3306 1046 3338 B!
1058 3304 1070 3349 ΙΙ
1088 3300 1247 3352 ἀπαρίθ-
1321 3306 1359 3338 16
1382 3303 1423 3336 ab
1444 3303 1557 3342 initio]
1578 3301 1682 3335 abitio
1704 3303 1754 3336 V¹
1772 3301 1785 3347 ΙΙ
1806 3304 1844 3337 18
1863 3304 1977 3345 postea
1996 3313 2078 3335 uero
2098 3303 2215 3335 utatur
2229 3302 2265 3336 R
2287 3303 2401 3345 postea

172 3364 282 3399 μησιν
293 3352 346 3387 B!
357 3352 370 3396 ΙΙ
392 3354 431 3386 19
447 3349 506 3385 ἐπ’
529 3345 627 3394 αὗτῳ
642 3351 752 3391 ΜΒς]
772 3345 833 3383 ἐπ’
854 3346 965 3382 αὐτὸν
977 3350 1025 3383 12¹
1043 3346 1105 3385 ἐπ’
1125 3347 1248 3384 αὐτῶν
1280 3346 1284 3526 Ι
1316 3359 1383 3382 non
1408 3350 1524 3380 utatur
1547 3346 1602 3391 Vll
1627 3349 1663 3381 19
1687 3348 1784 3380 factis
1807 3358 1826 3380 a
1849 3358 1883 3380 se
1910 3349 1940 3381 R
1955 3347 1968 3391 ΙΙ
1986 3347 2060 3388 tan]
2090 3347 2222 3380 homini
2246 3348 2324 3380 add.
2350 3347 2400 3380 Β*

174 3400 237 3440 L²3
265 3401 326 3443 leq.
339 3397 479 3439 ἑαυτῷὶ)
497 3396 510 3439 ΙΙ
526 3398 569 3430 24
582 3396 689 3429 τοῦτο
707 3415 739 3418 -
760 3397 801 3428 26
821 3391 1076 3447 διαταξάμενος
1094 3408 1152 3429 om.
1166 3396 1216 3429 B⁸
1236 3395 1247 3439 ΙΙ
1315 3395 1403 3437 vulq.
1419 3392 1431 3437 ΙΙ
1451 3395 1493 3426 20
1514 3391 1622 3444 solute
1641 3392 1699 3432 Vn
1716 3395 1752 3427 21
1783 3394 1901 3433 totum]
1928 3395 2035 3425 totum
2062 3403 2130 3425 esse
2148 3392 2205 3426 >13¹
2221 3391 2238 3445 ΙΙ
2251 3391 2400 3425 debitum

163 3447 216 3479 ’25
241 3440 520 3489 αὐτοκρατόρων
543 3441 675 3484 om.Lss
694 3437 979 3485 διαπραξαμενος
990 3440 1050 3482 ΒΓ,
1076 3441 1164 3484 quod
1184 3453 1246 3474 non
1317 3450 1390 3472 eum
1413 3439 1446 3471 R
1464 3436 1476 3481 fl
1493 3447 1655 3478 emglmus
1671 3437 1722 3471 13¹
1737 3437 1749 3481 ΙΙ
1768 3439 1810 3471 22
1836 3437 1925 3479 quod
1948 3450 2006 3472 om.
2033 3437 2096 3480 Ru
2113 3438 2156 3472 23
2172 3437 2316 3480 ,qmdem
2337 3438 2372 3472 V
2387 3437 2399 3480 ΙΙ

175 3491 334 3533 improbat
346 3489 544 3528 Zachariae,
570 3487 616 3519 ad
631 3487 821 3519 decisionem
837 3486 929 3528 forte
945 3486 992 3518 ad
1009 3498 1123 3528 preces
1146 3486 1198 3519 vel
1214 3487 1247 3519 in
1317 3486 1359 3518 28
1384 3484 1527 3523 tantum]
1549 3483 1638 3515 inter
1661 3483 1709 3516 R¹
1726 3482 1738 3524 11
1765 3484 1808 3516 34
1829 3484 1916 3516 rubr.
1942 3482 1979 3514 Si
2001 3481 2044 3515 lis
2066 3492 2126 3524 per
2172 3484 2399 3518 roouratorem

173 3536 337 3568 auditorio
364 3535 460 3567 latam
484 3534 636 3576 referem.
686 3531 779 3564 Certe
801 3530 957 3564 eiusmodi
980 3531 1159 3564 constitutio
1185 3543 1247 3564 non
1280 3531 1283 3555 ἔ
1316 3528 1500 3561 uentiletur
1524 3527 1558 3560 R
1578 3539 1638 3571 my.
1659 3526 1672 3572 ΙΙ
1694 3538 1752 3570 per
1775 3530 2030 3570 procuratorum
2049 3526 2128 3562 VR²
2147 3492 2397 3572 ffconstitutas]

153 3580 155 3582 ’
173 3587 260 3614 extat
283 3579 296 3623 ΙΙ
320 3581 360 3613 27
386 3574 773 3620 ὑποκατακλινομένων
797 3575 855 3608 M“
882 3573 895 3618 ΙΙ
931 3576 974 3610 28
997 3578 1248 3621 προσκομίσειε
1317 3573 1497 3606 constituta
1509 3572 1546 3604 in
1564 3572 1794 3615 Osenbrityqen
1812 3571 1825 3615 ΙΙ
1843 3573 1884 3606 35
1898 3572 2097 3615 respiciunt]
2116 3572 2286 3615 recipiunt
2297 3574 2398 3607 osen-

175 3626 221 3658 Μ
230 3625 243 3668 11
271 3620 413 3671 γραφὴν
427 3620 488 3657 ΒΣ
516 3618 710 3668 πράγματα
731 3619 808 3663 ΒΓΗ
830 3619 894 3653 τοῦ
922 3615 1114 3653 διώκοντος
1140 3617 1248 3666 γράμ-
1318 3621 1477 3661 bru‘qqen:
1504 3618 1564 3660 leq.
1590 3619 1657 3650 vid.
1682 3617 1859 3657 requirunt
1881 3616 1894 3660 ΙΙ
1913 3619 1956 3651 36
1979 3627 2120 3660 poenam
2135 3619 2236 3661 vulga]
2261 3628 2348 3661 pena
2371 3618 2403 3651 V

174 3681 271 3712 ματα
285 3670 333 3703 Βθ
349 3668 361 3714 ΙΙ
381 3670 422 3702 29
443 3665 462 3702 ὁ
481 3665 533 3709 δέ]
551 3664 633 3700 οὐδὲ
649 3666 695 3699 L¹
715 3665 727 3709 ΙΙ
744 3667 786 3698 30
806 3665 914 3698 τοῦτο
929 3665 1026 3698 B⁸L²
1040 3663 1114 3710 ”32
1137 3676 1247 3711 προσ·
1315 3673 1398 3705 pene
1419 3662 1488 3694 RT
1498 3661 1510 3705 ΙΙ
1528 3662 1564 3695 iu
1587 3662 1748 3703 ipsorum]
1768 3662 1946 3703 impiorum
1965 3662 2016 3694 V¹
2033 3662 2046 3707 ΙΙ
2063 3665 2186 3698 37-eos
2210 3663 2292 3697 ferri
2316 3673 2399 3704 quo-

176 3713 430 3748 κατατιθέστω
457 3714 490 3749 L
522 3709 883 3759 προσκατατιθέσθω
915 3709 950 3743 Β
981 3709 995 3755 ΙΙ
1032 3712 1074 3746 36
1109 3709 1248 3745 οἰκείοις
1316 3719 1389 3742 rum
1407 3708 1486 3741 sunt
1508 3707 1560 3741 ΒΡ
1578 3705 1591 3753 ΙΙ
1606 3708 1785 3748 curatores]
1808 3707 2005 3751 cuzatum&
2026 3707 2075 3743 V¹
2095 3707 2109 3754 fl
2135 3709 2176 3744 39
2201 3708 2342 3743 fecerint
2370 3708 2400 3741 R.
