2586 3990
1301 107 1387 156 634

230 226 403 271 μίξεσθαι
426 224 458 258 εἰ
475 224 613 269 περιῆν.
660 222 778 257 ταῦτα
802 220 841 257 δὲ
864 222 1023 264 θεσπίζο
1053 234 1092 254 εν
1114 223 1198 266 περὶ
1221 222 1305 255 ἐκει-
1375 220 1539 266 accipere
1573 220 1604 256 si
1636 220 1793 258 vixisset.
1842 221 1940 258 Haec
1974 233 2055 259 vero
2093 223 2273 259 sancimus
2307 222 2351 260 de
2381 222 2452 260 illis

231 283 308 304 νων
331 270 408 303 τῶν
431 264 714 314 άδελφοπαιδων
737 259 792 302 ὦν
815 263 835 301 ὁ
853 266 975 312 πατὴρ
999 235 1050 306 ig
1060 265 1227 310 ἑκατέρου
1250 277 1308 312 γο-
1377 266 1499 301 fratris
1522 265 1606 301 filiis
1631 275 1780 310 quorum
1803 269 1907 311 pater
1925 275 1969 303 ex
1986 271 2138 313 utroque
2162 267 2342 313 parentei
2414 277 2464 305 οε

230 317 319 348 νέως
341 312 543 356 συνήπτιτο
574 312 628 355 τῷ
652 310 924 354 τελευτήσαντι,
957 313 1018 344 καὶ
1040 306 1166 344 ἁπλῶς
1197 310 1311 346 εἰπεῖν
1377 311 1485 346 batur
1500 310 1679 354 defuncto,
1699 312 1736 346 et
1751 310 1914 346 absolute
1931 311 1968 348 di
2005 313 2136 349 endum
2152 322 2258 358 quem
2273 312 2324 348 eis
2340 278 2451 357 ggii>-

229 358 311 392 οἵαν
342 355 461 391 αὐτοῖς
492 353 702 401 δεδώκαμεν
730 355 838 396 τάξιν
873 352 936 390 ὅτε
964 353 1057 399 μετὰ
1089 353 1218 399 μόνων
1248 367 1310 389 κα-
1377 365 1456 391 mus
1487 354 1646 391 ordinem
1677 355 1818 399 quando
1849 365 1932 392 cum
1960 366 2000 393 so
2017 357 2026 366 “
2075 361 2248 394 vocantur
2269 356 2453 399 fratribus,

230 401 377 436 λοῦνται
395 402 473 436 τῶν
490 397 672 447 ἀδελφῶν,
693 399 833 444 ταύτην
851 396 980 433 αὐτοὺς
1003 399 1098 442 ἔχειν
1121 398 1310 444 κελεύομεν
1346 402 1365 436 5
1378 399 1529 436 eundem
1558 409 1621 435 eos
1649 398 1783 435 habere
1804 399 1967 437 iubemus
1995 405 2032 437 et
2058 403 2199 455 quando
2230 412 2311 438 cum
2333 401 2453 437 fratri·

228 449 287 479 καὶ
310 442 373 480 ὅτε
393 445 485 490 μετὰ
506 446 584 480 τῶν
607 443 778 490 ἀδελφῶν
800 444 997 479 καλοῦνται
1023 444 1102 479 τῶν
1126 440 1310 479 ἀνιόντων
1377 444 1445 480 bue
1474 447 1649 481 vocantur
1682 443 1952 481 ascendentium
1981 446 2029 482 ali
2054 457 2090 483 ul
2125 448 2171 483 ad
2201 447 2452 483 hereditatem:

227 491 321 524 τινὲς
344 490 433 535 πρὸς
455 490 523 525 τὸν
547 489 685 535 κλῆρον.
1377 489 1447 541 hoc
1469 489 1637 571 inpediet}
1664 497 1709 543 e?
1730 489 1893 526 kalendis
1916 490 2030 527 Ianua
2063 491 2071 500 ⁸
2119 493 2318 537 praesentis
2341 490 2452 527 unde·

1378 543 1490 570 cimae
1512 545 1549 570 111
1589 544 1609 570 c
1639 543 1730 571 oms.

232 117 341 162 Nov.
362 115 561 160 CXXVII
593 118 629 157 1.
660 116 686 156 2
1748 125 1810 157 υτ
1835 123 2033 174 ammte-
2052 124 2162 156 mnn
2189 124 2450 158 succinum·

1229 666 1384 704 CAPUT
1409 668 1452 703 11.

294 743 451 781 Κάκιῖνό
474 758 514 792 γε
536 745 610 790 μὴν
632 743 738 786 ἄξιον
766 743 1058 790 ἐπανορθώσεως
1088 756 1186 780 τινος
1217 745 1310 780 εἶναι
1436 744 1530 782 Illud
1552 755 1692 792 quoque
1712 745 1855 789 dignum
1879 746 2101 782 correctione
2124 748 2243 792 aliqua
2264 757 2342 784 esse
2361 746 2453 783 iudi-

226 794 448 836 νομίζοντες,
479 793 583 835 μέρος
606 787 696 825 αὐτὸ
725 791 790 825 τοῦ
816 790 998 835 παρόντος
1020 789 1228 845 ποιουζμεθα
1249 790 1309 825 νό-
1324 794 1365 826 10
1379 793 1522 834 cantes,
1557 794 1697 836 partem
1730 791 1800 826 hoc
1834 792 2034 836 praesentis
2068 791 2218 828 facimus
2250 792 2350 836 legis.
2396 792 2454 827 Ex

225 849 303 881 μου.
352 835 390 877 ἐξ
413 831 525 879 αὐτῆς
552 835 619 881 γὰρ
642 836 707 878 τῆς
736 836 814 870 τῶν
838 832 1066 881 πραγμάτων
1088 839 1310 881 ευρίσκοντες
1377 835 1456 880 ipso
1473 835 1566 872 enim
1582 845 1701 872 rerum
1716 835 1935 872 invenientes
1956 837 2195 881 experimento
2213 837 2454 873 necessarium

226 884 352 927 πείρας
386 877 584 927 ἀναγκαῖον
621 880 715 914 εἴναι
754 882 831 914 ταῖς
865 880 1007 925 γυναιξὶ
1046 882 1310 925 πραττομένων
1379 891 1457 917 esse
1485 880 1692 917 mulieribus
1724 880 1814 917 actis
1847 883 2157 917 monumentorum
2192 881 2454 925 antenuptiales

227 923 502 971 ὑπομνημάτων
525 925 590 959 τὰς
613 925 684 971 πρὸ
710 925 787 959 τῶν
809 923 940 972 γάμων
963 922 1097 971 δωρεὰς
1121 926 1309 970 έμφανίζε-
1378 926 1588 962 donationes
1622 925 1812 967 insinuari,
1852 927 1893 962 ut
1925 926 1981 962 vel
2014 926 2046 962 si
2078 926 2291 972 principalia
2323 926 2454 961 instru-

226 971 336 1014 σθαι,
367 971 427 1005 ἵνα
457 966 527 1004 κᾶν
550 970 581 1003 εἰ
604 972 682 1004 τῶν
706 969 963 1015 πρωτοτύπων
994 969 1227 1015 συμβολαίων
1256 972 1310 1005 ἐκ·
1377 973 1498 1006 menta
1521 973 1685 1015 pereant,
1719 970 1814 1015 quod
1835 970 1942 1006 facile
1966 974 2034 1013 est,
2066 981 2131 1016 per
2153 973 2382 1007 monumenta
2405 971 2455 1006 eis

226 1019 384 1058 πέσοιεν,
416 1015 600 1060 πρόχειροι
632 1012 692 1048 διὰ
722 1016 802 1048 τῶν
824 1013 1100 1059 ὑπομνημάτων
1125 1011 1248 1050 αὐταῖς
1272 1015 1312 1049 αἱ
1326 1018 1365 1051 15
1378 1016 1593 1051 matrimonii
1624 1016 1789 1060 probatio
1813 1019 1971 1058 maneat,
2003 1017 2183 1052 sancimus
2208 1016 2455 1052 necessitatem

225 1064 309 1106 περὶ
347 1061 413 1095 τοῦ
447 1059 564 1106 γάμου
605 1057 793 1094 συστάσεις
833 1056 1043 1105 ὑπάρχοιεν,
1084 1059 1311 1105 θεσπίζομεν
1378 1061 1511 1096 habere
1534 1061 1629 1096 viros
1652 1060 1751 1106 ipsos
1774 1064 1838 1096 aut
1861 1062 1967 1097 etiam
1992 1061 2052 1106 qui
2075 1072 2141 1107 pro
2157 1061 2209 1098 eis
2230 1061 2455 1105 antenuptia-

226 1102 390 1152 ἀνάγκην
420 1106 514 1147 ἐχειν
536 1103 620 1138 τοὺς
643 1101 778 1151 ἄνδρας
802 1101 931 1139 αὐτοὺς
961 1102 985 1148 ἢ
1014 1107 1076 1139 καὶ
1107 1105 1190 1140 τοὺς
1219 1103 1310 1152 ὑπὲρ
1377 1105 1430 1141 les
1454 1115 1518 1141 seu
1541 1107 1689 1151 propter
1705 1105 1849 1151 nuptias
1873 1106 2084 1142 donationes
2109 1106 2281 1150 scribunt,
2303 1105 2334 1142 si
2353 1105 2455 1151 quin-

226 1147 352 1185 αὖτῶν
383 1151 454 1194 πρὸ
479 1146 596 1203 γάμου
627 1147 708 1192 ἤτοι
739 1147 802 1183 διὰ
825 1148 943 1196 γάμον
975 1147 1110 1194 δωρεὰς
1132 1150 1308 1198 καταγρά-
1377 1153 1563 1195 gentorum
1599 1150 1792 1187 solidorum
1827 1151 2049 1188 transcendit
2083 1151 2335 1196 quantitatem,
2370 1150 2455 1186 insi-

226 1205 377 1241 φοντας,
409 1195 475 1228 ἐὰν
499 1207 526 1240 φ
555 1195 697 1240 χρυσῶν
721 1191 923 1242 ὑπερβαίνῃ
954 1196 1161 1238 ποσότητα,
1197 1197 1309 1241 ἐμφα-
1377 1205 1490 1231 nuare
1520 1205 1598 1231 eam
1621 1195 1659 1231 in
1682 1195 1773 1231 actis
1797 1199 2104 1232 monumentorum
2135 1197 2173 1232 in
2196 1196 2294 1241 regia
2317 1195 2457 1241 quidem

226 1242 341 1283 νίζειν
371 1238 510 1282 ταύτην
541 1241 805 1284 πραττομένων
840 1236 1115 1283 ὑπομνημάτων
1151 1241 1212 1275 ἐπὶ
1242 1243 1310 1285 μὲν
1323 1242 1365 1275 20
1379 1241 1520 1277 civitate
1543 1241 1640 1294 apud
1663 1241 1871 1285 magistrum
1895 1251 2040 1285 census,
2064 1241 2102 1276 in
2126 1241 2316 1286 provinciis
2338 1244 2458 1276 autem

227 1286 288 1328 τῆς
310 1281 497 1329 βασιλίδος
528 1283 667 1319 πόλεως
696 1283 797 1329 παρὰ
828 1285 882 1327 τῷ
906 1288 1094 1331 μαγίστρῳ
1126 1286 1203 1320 τῶν
1226 1286 1309 1329 κήν-
1379 1286 1476 1331 apud
1513 1285 1665 1321 ciV1tatis
1700 1286 1980 1330 uniuscuiusque
2014 1286 2236 1323 defensorem
2269 1288 2334 1322 aut
2361 1286 2458 1331 apud

226 1342 313 1372 σων,
338 1331 378 1363 ἐν
404 1327 444 1363 δὲ
466 1332 544 1364 ταῖς
566 1330 752 1375 ἐπαρχίαις
775 1329 873 1375 παρὰ
895 1331 951 1372 τῷ
981 1330 1044 1374 τῆς
1067 1329 1206 1365 πόλεως
1229 1332 1308 1365 ἑκά-
1379 1341 1467 1376 quos
1503 1331 1646 1367 omnino
1680 1331 1769 1366 talia
1800 1330 2014 1367 documenta
2048 1331 2176 1367 confici
2210 1334 2371 1376 possunt.
2420 1330 2458 1366 Si

225 1385 310 1418 στης
333 1372 463 1418 ἐκδίκῳ
488 1372 512 1417 ἢ
535 1371 623 1419 παρ’
638 1373 689 1408 οἷς
712 1370 805 1408 ὅλως
828 1373 874 1408 τὰ
895 1375 1047 1409 τοιαῦτα
1070 1373 1310 1420 ὑπομνήματα
1379 1386 1462 1412 vero
1486 1386 1558 1412 non
1581 1376 1764 1412 insinuent
1785 1385 1859 1418 eas,
1915 1380 2061 1412 uantum
2085 1376 2224 1421 quidem
2250 1376 2297 1412 ad
2319 1378 2458 1421 partem

226 1420 473 1454 συνίστασθαι
507 1417 670 1453 δύναται.
718 1419 749 1453 εἰ
772 1416 813 1453 δὲ
833 1419 883 1464 μὴ
904 1420 1141 1464 ἐμφανίσουσι
1163 1418 1309 1463 ταύτας,
1378 1421 1535 1457 mulieris
1565 1421 1670 1457 etiam
1694 1421 1746 1457 sic
1769 1430 1831 1456 eas
1856 1387 1973 1456 viiere
1994 1421 2173 1465 iubemus,
2205 1424 2241 1457 et
2264 1421 2295 1456 si
2318 1424 2458 1465 tempus

225 1461 315 1499 ὅσον
336 1465 404 1508 μὲν
428 1463 515 1510 πρὸς
544 1463 588 1498 τὸ
612 1466 716 1509 μέρος
746 1465 808 1507 τῆς
829 1464 996 1511 γυναικὸς
1026 1468 1086 1499 καὶ
1109 1461 1224 1500 οὕτως
1249 1462 1309 1499 αὗ-
1324 1466 1366 1500 25
1379 1466 1442 1501 fiat
1473 1467 1669 1502 exactionis
1700 1465 1902 1501 donationis
1933 1468 1998 1501 aut
2028 1467 2140 1511 partis
2171 1466 2263 1508 eius,
2295 1476 2368 1501 non
2393 1476 2414 1501 o
2442 1483 2457 1491 -

225 1511 290 1543 τὰς
318 1509 507 1555 ἐρρῶσθαι
538 1507 738 1553 κελεύομεν,
769 1511 829 1542 καὶ
860 1509 892 1543 εἰ
922 1509 1044 1554 καιρὸς
1073 1513 1221 1564 γένηται
1250 1512 1311 1553 τῆς
1381 1511 1464 1556 poni
1486 1512 1625 1547 mulieri
1656 1521 1728 1546 non
1743 1510 1864 1547 fuisse
1892 1511 2107 1546 insinuatam
2136 1510 2373 1546 donationem.
2416 1476 2459 1545 gi

227 1552 457 1598 ἀπαιτήσεως
479 1554 542 1597 τῆς
565 1551 702 1599 δωρεᾶς
724 1551 749 1596 ἢ
771 1556 831 1587 καὶ
853 1556 979 1600 μέρους
1003 1551 1122 1599 αὖτης,
1145 1555 1194 1599 μὴ
1212 1551 1310 1589 ἀντι·
1379 1565 1460 1592 vero
1496 1556 1667 1592 dotalium
1702 1560 1810 1600 pacta
1852 1559 1889 1591 et
1923 1556 2050 1591 horum
2083 1558 2230 1591 eventus
2265 1555 2361 1600 parti
2394 1555 2458 1590 viri

226 1599 372 1634 κεῖσθαι
394 1600 439 1646 τῇ
462 1602 605 1646 γυναικὶ
628 1598 671 1632 τὸ
695 1598 745 1643 μὴ
770 1599 1047 1656 ἐμφανισθῆναι
1070 1599 1137 1643 τὴν
1157 1598 1309 1654 δωρεάν.
1380 1602 1578 1638 concedant
1611 1601 1832 1638 exactionem
1866 1600 1959 1636 dotis
1993 1603 2057 1636 aut
2088 1601 2195 1636 etiam
2222 1601 2339 1653 partis
2370 1599 2457 1642 eius,

226 1645 257 1678 εἰ
289 1642 329 1678 δὲ
361 1644 409 1678 τὰ
443 1645 521 1678 τῶν
551 1641 747 1688 προικιρων
783 1654 964 1699 συμφωνα
999 1647 1059 1678 καὶ
1095 1644 1136 1679 αἱ
1166 1657 1311 1680 τουτων
1380 1646 1513 1682 nullam
1537 1656 1618 1683 eum
1641 1646 1773 1682 habere
1796 1646 1959 1682 iubemus
1981 1646 2177 1690 actionem,
2202 1655 2233 1682 si
2255 1656 2327 1681 non
2348 1644 2458 1681 dona-

227 1686 425 1733 ἀποβάσεις
456 1689 509 1744 τῇ
532 1691 632 1736 με’ρει
664 1689 728 1723 τοῦ
762 1685 894 1736 ἄνδρας
926 1686 979 1732 δῷ
1012 1690 1080 1733 τὴν
1112 1689 1311 1733 ἀπαίτησιν
1323 1692 1368 1725 30

226 1735 289 1777 τῆς
304 1733 452 1780 προικὸς
474 1747 497 1776 η
516 1736 578 1767 καὶ
592 1735 718 1779 μέρους
739 1730 858 1777 αὐτῆς,
882 1730 1055 1776 οὐδεμίαν
1079 1732 1194 1770 αὐτὸν
1217 1737 1311 1778 ἔχειν

226 1776 417 1824 κελεύομεν
450 1774 613 1824 ἀγωγήν,
653 1777 719 1812 ἐὰν
751 1777 801 1822 μὴ
837 1777 907 1821 τὴν
943 1776 1085 1824 δωρεὰν
1120 1779 1312 1826 ἐνεφάνισε

293 1892 321 1914 c.
346 1880 390 1913 11
409 1874 521 1921 (Ἀλλ’
549 1875 674 1922 ἐπειδὴ
699 1877 738 1919 ἐξ
761 1875 870 1922 αὐτῆς
892 1879 955 1923 τῆς
978 1879 1057 1914 τῶν
1081 1877 1309 1926 πραγμάτων
1322 1907 1509 1915 .........
1511 1882 1524 1924 )
1544 1888 1622 1925 post
1644 1895 1717 1916 nov.
1737 1882 1861 1916 CXIX
1882 1895 1908 1915 c.
1927 1883 1943 1917 1
1971 1883 2122 1915 insertum
2145 1888 2233 1915 extat
2256 1882 2289 1915 in
2314 1881 2350 1914 Β
2371 1883 2424 1923 29,
2442 1889 2457 1915 4

227 1924 363 1968 indeque
387 1925 494 1958 eodem
520 1924 588 1958 loco
612 1926 646 1958 in
670 1924 702 1958 L
716 1926 750 1967 f.
771 1926 842 1958 149.

294 1982 322 2003 c.
346 1969 395 2004 ΙΙ.
419 1969 485 2003 ΙΙΙ
503 1970 677 2003 summaria
697 1976 848 2012 praestat
870 1970 1056 2015 Anonymus
1075 1970 1279 2005 Bodleianus
1302 1984 1328 2005 c.
1342 1972 1520 2005 445—447
1547 1973 1638 2015 apud
1660 1972 1848 2005 Zachariae
1869 1967 2001 2004 Ἀνέκδ.
2025 1972 2151 2015 p.210‚
2175 1971 2353 2005 Athanasii
2373 1983 2458 2005 sum-

226 2027 309 2049 mam
331 2021 478 2058 repetunt
494 2015 660 2058 paratitlo
682 2013 759 2048 Atta.
778 2015 819 2049 10
837 2018 899 2054 §th

227 2159 443 2203 accepturus
465 2158 546 2192 erat
567 2155 601 2191 si
623 2155 764 2192 viveret.
811 2155 916 2191 Haec
939 2159 1059 2192 autem
1081 2155 1127 2192 de
1148 2156 1222 2192 illis
1243 2156 1380 2202 fratris
1406 2156 1529 2192 liberis
1550 2156 1733 2192 sancimus
1755 2166 1908 2203 quorum
1928 2161 2037 2204 pater
2058 2168 2108 2194 ex
2130 2160 2285 2204 utroque
2302 2162 2459 2204 parente

227 2202 441 2238 coniunctus
463 2204 545 2237 erat
567 2200 764 2246 defuncto;
797 2204 833 2236 et
855 2205 895 2237 ut
916 2201 1127 2248 simpliciter
1150 2201 1331 2244 dicamus,
1363 2212 1467 2247 quem
1491 2201 1536 2237 iis
1558 2201 1721 2237 dedimus
1743 2201 1905 2237 ordinem
1934 2201 2081 2248 quando
2111 2213 2190 2238 cum
2216 2203 2305 2239 solis
2326 2204 2457 2249 fratri-

227 2247 293 2283 bus
314 2249 500 2326 vocanttur,
532 2245 628 2281 hunc
650 2256 713 2281 eos
736 2244 868 2282 habere
890 2246 1054 2283 volumus
1076 2246 1184 2282 etiam
1208 2246 1356 2293 quando
1387 2257 1467 2282 cum
1488 2246 1672 2292 fratribus
1694 2246 1811 2293 aliqui
1836 2257 1885 2283 ex
1909 2247 2182 2283 ascendentibus
2208 2247 2258 2284 ad
2279 2247 2456 2284 heredita-

229 2296 297 2329 tem
321 2302 435 2328 vocan
452 2301 508 2327 ur.

362 2336 409 2371 ΙΙ.
465 2335 597 2371 Verum
621 2335 714 2371 illud
736 2346 880 2382 quoque
903 2346 983 2371 cum
998 2336 1223 2372 correctione
1245 2336 1371 2383 aliqua
1395 2336 1544 2383 diqnum
1566 2335 1775 2378 iudicemus,
1797 2340 1939 2383 partem
1961 2337 2166 2383 praesentis
2184 2336 2274 2382 leqis
2289 2336 2456 2382 facimus.
2479 2332 2484 2336 ”

227 2381 291 2418 Ea:
311 2381 392 2427 ipsa
416 2380 509 2417 enim
531 2391 652 2416 rerum
676 2381 903 2428 experientia
925 2380 1042 2416 edocti
1065 2391 1208 2418 necesse
1229 2391 1305 2418 esse
1327 2381 1536 2417 mulieribus
1558 2381 1774 2417 donationes
1804 2387 1888 2417 ante
1911 2382 2059 2428 nuptias
2083 2383 2175 2417 actis
2196 2382 2458 2418 intervenienti-

227 2427 293 2462 bus
327 2426 524 2469 insinuari,
564 2430 606 2462 ut
639 2426 746 2461 etiam
781 2426 814 2461 si
848 2427 1086 2462 instrumenta
1119 2426 1342 2473 principalia
1377 2427 1564 2470 amittant,
1597 2437 1668 2473 per
1701 2431 1786 2462 acta
1815 2426 2054 2474 probationes
2087 2426 2308 2462 matrimonii
2342 2426 2388 2462 iis
2420 2427 2458 2462 in

222 2475 398 2518 promptu
420 2471 511 2514 sint,
541 2471 724 2507 sancimus
745 2474 787 2506 ut
809 2471 824 2505 i
848 2471 880 2506 si
902 2471 1051 2506 virivet
1072 2472 1137 2517 qui
1150 2482 1225 2518 pro
1248 2472 1295 2507 iis
1318 2476 1401 2507 ante
1423 2472 1572 2518 nuptias
1602 2472 1676 2508 sive
1695 2477 1851 2517 propter
1875 2472 2023 2518 nuptias
2045 2471 2258 2507 donationes
2285 2471 2458 2514 scribunt,

226 2517 259 2551 si
281 2515 431 2551 donatio
454 2517 733 2562 quinqentorum
761 2482 961 2551 solidorum
985 2516 1224 2562 quantitatem
1247 2516 1419 2559 excedat,
1451 2527 1595 2552 necesse
1617 2516 1773 2553 babeant
1802 2527 1881 2552 eam
1905 2517 1997 2552 actis
2019 2516 2206 2552 insinuare
2229 2526 2297 2552 con
2326 2515 2460 2552 ciendis

227 2563 265 2596 in
295 2561 400 2607 reqia
430 2560 573 2606 quidem
597 2561 741 2597 civitate
763 2560 867 2607 apud
886 2562 1100 2606 maqistrum
1125 2572 1263 2604 census,
1296 2563 1334 2596 in
1357 2562 1564 2608 provinciis
1593 2565 1712 2597 autem
1736 2562 1837 2608 apud
1858 2561 2014 2597 civitatis
2037 2562 2209 2606 cuiusque
2231 2561 2275 2597 de
2297 2571 2458 2597 ensorem

227 2605 284 2641 vel
304 2605 406 2652 apud
427 2616 520 2651 quos
543 2605 688 2641 omnino
714 2605 804 2642 talia
825 2610 1056 2642 monumenta
1080 2606 1208 2652 confici
1225 2611 1392 2653 possunt.
1439 2606 1577 2649 Quodsi
1597 2617 1660 2642 eas
1678 2617 1751 2642 non
1769 2606 2040 2648 insinuaverint,
2065 2610 2237 2686 quantum
2254 2606 2305 2641 ad
2313 2609 2458 2658 partem

227 2650 388 2686 mulieris
418 2651 472 2686 sic
494 2661 567 2696 quo
596 2662 638 2686 ue
661 2661 724 2686 eas
747 2650 889 2686 validas
909 2661 986 2687 esse
1009 2651 1181 2693 iubemus,
1211 2655 1248 2687 et
1268 2652 1301 2687 si
1324 2652 1468 2687 occasio
1497 2652 1545 2687 sit
1567 2651 1769 2697 exigendae
1792 2651 2000 2687 donationis
2024 2661 2064 2687 ve
2100 2651 2207 2686 etiam
2224 2657 2348 2698 partis
2370 2651 2458 2695 eius,

227 2706 301 2731 non
332 2707 353 2731 o
376 2697 471 2742 poni
499 2695 641 2730 muieri
671 2695 892 2731 insinuatam
922 2707 996 2731 non
1027 2707 1105 2732 esse
1136 2696 1377 2733 donationem.
1425 2696 1468 2732 Si
1497 2707 1582 2732 vero
1613 2701 1726 2743 pacta
1755 2696 1893 2731 dotalia
1928 2706 2123 2741 eorumque
2153 2699 2297 2731 eventus
2327 2696 2458 2731 marito

226 2750 339 2776 conce
363 2744 427 2776 ant
449 2741 676 2777 exactionem
707 2740 802 2776 dotis
831 2741 888 2777 vel
909 2741 1018 2778 etiam
1038 2741 1161 2788 partis
1182 2741 1277 2785 eius,
1306 2741 1468 2778 iubemus
1498 2742 1635 2778 nullam
1657 2751 1737 2777 eum
1757 2743 1935 2778 actionem
1959 2740 2106 2782 habere,
2137 2740 2208 2775 nisi
2232 2740 2460 2776 donationem

295 2900 315 2932 5
339 2896 489 2941 ταύτην]
512 2897 652 2931 eundem
673 2900 709 2941 (i.
724 2912 750 2932 e.
774 2898 844 2941 τὴν
863 2895 976 2941 αι’ντὴν
985 2899 1014 2941 ἳ)
1038 2911 1058 2936 ς
1072 2900 1134 2934 Iul.
1157 2899 1169 2945 u
1197 2903 1215 2934 7
1240 2898 1309 2933 τὸν

225 2940 372 2987 κλῆρον]
405 2943 468 2976 hoc
496 2943 650 2976 iubentes
682 2954 722 2977 ex
752 2944 905 2977 kalendis
932 2944 1099 2977 Ianuariis
1126 2945 1309 2988 praesentis

226 2987 420 3021 undecimae
439 2987 636 3021 indictionis
661 2990 737 3023 add.
763 3000 800 3028 ςς
838 2987 966 3022 τούτου
990 2989 1208 3033 κρατοῦντος
1232 2985 1306 3024 ἀπὸ

225 3029 420 3067 καλανδῶν
440 3028 671 3078 Ἰανουαρίων
693 3033 755 3076 τῆς
779 3031 826 3066 ια’
841 3033 1083 3078 ἑπινεμήσεως
1095 3035 1171 3069 Am.
1186 3037 1310 3077 (carent

228 3079 444 3111 additamento
467 3078 532 3112 Iul.
560 3079 696 3120 Tlaeod.)
720 3078 735 3122 ΙΙ
759 3081 797 3112 11
823 3078 891 3124 γὰρ
915 3092 974 3114 om.
988 3080 1021 3113 L
1045 3080 1058 3123 ΙΙ
1082 3076 1309 3125 εὑρίσκονται

231 3123 273 3157 Β·’
292 3121 305 3166 ΙΙ
325 3124 364 3157 13
389 3121 454 3157 τὰς
474 3122 553 3157 τῶν
576 3122 648 3167 πρὸ
672 3123 750 3157 τῶν
773 3121 947 3167 (πρώτων
969 3124 1037 3166 Bt)
1062 3125 1128 3169 Bu
1156 3127 1197 3161 15
1221 3124 1308 3169 πρό-

227 3179 335 3211 χειροι
354 3167 436 3209 BL]
469 3166 661 3213 πρόχειρον
685 3169 733 3202 sp!
760 3169 849 3210 quod
873 3169 971 3202 facile
993 3171 1044 3203 est
1067 3182 1087 3206 ς
1111 3171 1123 3214 ΙΙ
1149 3166 1309 3214 ὑπομνη-

226 3212 368 3255 μάτων]
393 3225 484 3268 ιφιαο
507 3221 682 3257 sequuntur
706 3215 821 3247 desunt
842 3215 876 3248 in
895 3214 945 3247 Bt
970 3216 1120 3257 pluribus
1134 3217 1234 3258 foliis
1258 3227 1310 3248 ex-

227 3259 303 3291 cisis
327 3258 340 3301 fl
364 3270 402 3291 cu
430 3259 513 3302 περὶ
540 3256 623 3292 τοὺς
644 3255 777 3304 γάμους
805 3258 994 3293 συστάσεις
1021 3255 1217 3303 ὑπάρχοιεν
1240 3259 1309 3294 BL

226 3302 431 3335 matrimonii
454 3302 606 3346 probatio
629 3306 761 3336 maneat
784 3315 804 3340 ς
820 3304 833 3347 ΙΙ
862 3306 900 3338 17
926 3306 985 3337 καὶ
1010 3317 1068 3338 om.
1083 3305 1163 3350 ΖΡ.
1184 3306 1224 3339 18
1249 3301 1309 3338 διὰ

226 3345 355 3390 γάμων
369 3348 403 3381 Β
419 3347 432 3392 Ι
454 3350 493 3382 19
513 3346 586 3392 χρυ
601 3350 673 3391 (sic)
686 3348 730 3381 M
741 3347 755 3393 ΙΙ
774 3350 818 3382 24
839 3349 1092 3394 ἑμφανίσωσιν
1105 3350 1141 3383 Β
1157 3350 1169 3393 ΙΙ
1188 3351 1231 3384 26
1250 3351 1310 3382 καὶ

228 3390 258 3422 εἰ
280 3391 402 3435 καιρὸς
423 3392 509 3434 met]
533 3394 684 3427 disertius
709 3395 932 3437 epitomatores
956 3393 1022 3428 ἐὰν
1045 3396 1123 3427 ταῖς
1144 3393 1310 3439 γυναιξὶν

228 3431 366 3486 ἁρμόσῃ
397 3433 417 3470 ὁ
451 3447 542 3471 casos
566 3438 688 3472 Theod.
733 3439 793 3471 καὶ
823 3433 1018 3481 ἀπαιτήσει
1047 3438 1185 3482 ταύτην
1215 3437 1308 3473 κατὰ

228 3489 310 3512 τους
329 3479 455 3515 κάσους
469 3483 545 3516 Ath.
571 3485 603 3515 et
621 3483 696 3516 ideo
714 3483 929 3517 matrimonio
949 3483 1060 3517 soluto
1081 3484 1216 3517 mulieri
1235 3483 1309 3526 qui-

229 3522 302 3555 ‹lem
325 3528 402 3559 ante
425 3528 559 3570 nuptias
582 3527 719 3561 donatio
742 3527 811 3561 sive
835 3539 874 3562 ex
895 3530 967 3562 toto
990 3528 1059 3562 sive
1082 3539 1120 3562 ex
1141 3531 1236 3572 parte
1259 3539 1309 3561 se·

230 3568 372 3602 cundum
397 3572 485 3623 quod
510 3582 605 3605 casus
635 3571 753 3606 tulerit
777 3597 786 3606 .
801 3597 832 3607 ..
857 3575 1023 3617 competat
1046 3574 1109 3608 Iul.
1139 3574 1153 3618 ΙΙ
1181 3575 1222 3608 27
1247 3573 1310 3616 τῆς

230 3607 376 3664 δωρεᾶς]
401 3618 485 3657 υμῖν
508 3613 641 3660 δωρεᾶς
667 3617 706 3650 Μ
725 3616 740 3662 ΙΙ
762 3619 823 3651 καὶ
845 3619 1007 3662 om.L(5)
1024 3618 1038 3662 fl
1058 3620 1164 3665 μέρος
1186 3619 1218 3652 L
1233 3617 1247 3663 Ι
1265 3619 1305 3652 31

227 3660 363 3698 μέρους]
395 3659 432 3691 ἐκ
455 3661 579 3706 μέρους
603 3662 672 3695 BL

1434 2901 1454 2933 2
1470 2910 1510 2932 ex
1526 2902 1668 2941 utroque
1684 2901 1778 2941 pater
1791 2899 1824 2931 R
1840 2898 1853 2938 ΙΙ
1870 2899 1890 2932 3
1916 2897 2118 2931 *dicendum
2135 2907 2231 2939 quem
2248 2896 2294 2929 eis
2309 2896 2459 2929 dedimus

1377 2945 1459 2986 (sim.
1473 2945 1592 2987 Beck)]
1616 2943 1757 2977 dicimus
1780 2945 1857 2977 libri
1874 2945 1920 2985 (in
1940 2943 1976 2977 V
1980 2951 2056 2987 post
2071 2942 2211 2976 dicimus
2227 2953 2348 2976 rasura
2366 2943 2424 2984 est)
2447 2941 2460 2986 ΙΙ

1378 2991 1398 3022 6
1414 2989 1661 3042 ascendentium
1676 2988 1784 3041 aliqui
1801 2988 1850 3040 V]
1869 2987 1977 3040 aliqui
2000 2987 2248 3021 ascendentium
2265 2986 2441 3063 ΙζῚῚκιῖρὲθ
2441 2993 2459 3064 ¹1¹1

1377 3033 2070 3123 {1¹ugaegffiagffiagoflggtysugltgiogssalgulgrqi’t
2077 3032 2425 3121 ῃΤὲηνῗηιονγῖρέἶεῖῗιῖ)
2432 3120 2440 3127 .
2446 3074 2460 3120 ΙΙ

1380 3127 1419 3158 10
1434 3125 1614 3158 sanctimus
1633 3123 1684 3168 ῘΤΙΙ
1702 3125 1742 3159 11
1757 3123 1980 3167 experimento
1996 3122 2205 3174 inuenientes
2220 3122 2252 3170 T
2262 3121 2275 3166 ss
2296 3121 2337 3156 12
2352 3121 2458 3173 baptis

1386 3169 1462 3234 Vtss
1588 3168 1705 3259 τῇ]
1723 3167 2114 3258 κξυὲοοῖςτῑ
2126 3165 2457 3254 “sextam

1377 3215 1524 3303 riii'ptligsu
1535 3225 1591 3302 135¹
1604 3260 1682 3293 ante
1698 3224 1834 3302 niiptias
1851 3259 1884 3292 T
1908 3222 2154 3300 antenuptiallgs
2176 3257 2263 3308 only.
2295 3258 2372 3289 ante
2391 3254 2424 3288 R
2445 3253 2458 3297 Ι

1446 3304 1752 3390 Qu}
1774 3298 2456 3387 stare?iterassem

1378 3349 1465 3437 {siit
1474 3351 1538 3428 2153*
1547 3360 1591 3439 a?
1592 3351 1651 3428 t26
1670 3361 1873 3426 ἶῖιιιιίοιῑοιιο
1897 3373 1930 3426 T'
1952 3391 1965 3437 ῃ
1988 3392 2100 3433 fuisse]
2124 3390 2225 3424 fuisse
2247 3400 2280 3423 ω
2299 3357 2350 3422 17⁹¹
2374 3386 2387 3429 ιι
2409 3388 2454 3437 ,28

1378 3439 1564 3472 concedunt
1590 3440 1622 3473 T
1652 3438 1845 3490 concederet
1868 3437 1917 3471 R¹
1935 3484 1942 3491 ·
1957 3437 2175 3491 concedet-ent
2200 3431 2289 3485 θ’..
2312 3435 2454 3496 exacti?-

1378 3485 1714 3563 ggffatoiggrgbrgl'qqen]
1734 3486 1899 3516 actionem
1916 3483 1990 3517 lubra
2007 3482 2020 3526 l]
2037 3483 2080 3517 29
2094 3492 2125 3515 si
2140 3480 2221 3520 non]
2239 3486 2310 3511 stne
2322 3476 2355 3510 R
2382 3477 2414 3509 Τ
2442 3475 2455 3522 ΙΙ
