2618 4010
266 142 376 184 Novj
403 141 462 183 ΙΙΙ
492 154 550 196 pr.
589 145 602 182 1
1338 120 1402 182 20'
1958 152 2019 184 ur
2046 153 2389 186 nnmmNA‘rus
2417 129 2485 186 srr

265 250 389 298 πρᾴως
412 250 478 286 τὸν
507 249 596 297 ὑπὲρ
618 250 686 294 τὴν
716 243 830 285 οὖσαν
861 247 960 294 αὐτῷ
988 251 1197 296 περιουσίαν
1228 246 1342 282 Sam-
1411 248 1651 300 substantiam
1685 259 1787 301 suam
1817 251 1999 296 expendit,
2035 252 2210 297 quomodo
2245 262 2317 288 non
2351 251 2396 288 de
2428 253 2485 288 his

266 299 404 337 νῶντα,
436 297 513 331 πῶς
536 294 611 338 οὐχὶ
640 298 700 329 καὶ
733 294 778 329 τὰ
808 298 891 338 περὶ
919 294 1062 328 τούτων
1091 291 1175 337 ἡμῖν
1199 305 1342 339 φροντι·
1411 293 1514 328 nobis
1538 297 1594 327 est
1617 293 1867 336 cogitandum?
1911 296 1993 332 Non
2023 296 2118 332 enim
2149 299 2293 342 oportet
2319 297 2365 333 ad
2386 308 2484 333 men-

265 346 384 381 στέονς
409 338 449 375 οὐ
468 340 535 387 γὰρ
555 339 611 374 δεῖ
629 340 716 386 πρὸς
735 339 798 374 τὰς
818 337 982 374 δαπάνας
1002 341 1184 381 ἐπιζητεῖν
1202 339 1262 371 καὶ
1282 336 1344 372 τὰς
1412 347 1531 372 suram
1554 347 1790 382 expensarum
1813 349 1982 383 quaerere
2005 341 2112 376 etiam
2134 342 2378 386 possessiones
2401 342 2484 384 (hoc

264 385 402 429 κτήσεις
422 387 542 425 (τοῦτο
562 383 630 431 γὰρ
650 386 698 419 εἰς
715 381 919 427 ἀπληστίαν
939 398 979 417 τε
999 382 1086 427 ὁμοῦ
1103 386 1162 416 καὶ
1175 379 1343 425 ἀσέβειαν
1411 382 1505 417 enim
1536 382 1642 416 simul
1677 381 1725 416 ad
1759 384 1940 419 avaritiam
1975 385 2260 431 impietatemque
2294 387 2486 439 perducit),

264 432 371 478 ἄγει),
405 428 494 463 ἀλλὰ
523 433 597 463 τοῖς
627 423 706 463 οὖσι
736 432 950 474 συμμετρεῖν
984 431 1044 461 καὶ
1075 427 1137 461 τὰς
1168 424 1341 460 δαπάνας.
1377 429 1395 460 5
1411 426 1475 461 sed
1495 436 1538 461 ex
1558 426 1625 467 his,
1647 436 1738 470 quae
1757 431 1853 470 sunt,
1876 438 2050 473 expensas
2070 442 2210 475 quoquc
2230 432 2354 466 metiri.
2390 431 2486 476 Qua-

258 473 359 509 Ὦςτε
391 473 639 521 προςηκόντως
670 477 729 508 καὶ
760 473 806 507 τὰ
829 477 910 526 περὶ
934 470 1076 507 τούτων
1097 468 1341 525 νομὶοθετὴήσο-
1411 473 1558 523 propter
1582 473 1823 524 competenter
1851 472 1956 509 etiam
1987 474 2030 510 de
2062 475 2117 511 his
2146 476 2325 511 sancimus
2356 480 2393 512 et
2421 476 2485 511 im-

263 533 330 564 Ιιιεν
352 522 411 553 καὶ
435 517 503 562 τὴν
529 516 720 566 ἀοριστίαν
750 518 981 563 ἐκβαλουμεν,
1013 518 1103 564 ῥητῇ
1131 529 1174 550 το
1198 528 1345 563 πραγμα
1413 517 1637 551 mensltatem
1677 516 1916 560 excludimus,
1958 522 2078 555 certae
2112 520 2307 557 medicinae
2343 531 2487 557 causam

265 562 530 611 παραδιδόντες
554 565 747 611 θεραπείᾳ.
1415 559 1611 596 tradentes.

1276 650 1432 686 CAPUT
1453 650 1482 686 Ι.

306 713 341 756 K
387 723 613 765 Θεσπίζομεν
646 725 769 755 τοίνυν
805 718 886 754 τοὺς
914 721 982 764 μὲν
1017 716 1096 765 ἄχρι
1134 718 1202 752 νῦν
1236 716 1345 753 ὄντας
1458 717 1647 754 Sancimus
1670 717 1779 762 igitur
1802 728 1864 754 eos
1889 718 2040 763 quidem,
2068 721 2129 765 qui
2149 721 2324 758 hactenus
2347 726 2430 758 sunt
2452 722 2489 757 in

265 765 356 802 κατὰ
386 766 453 809 τὴν
484 765 598 809 αὐτὴν
630 764 836 812 ἁγιωτάτην
865 762 1023 810 μεγάλην
1056 761 1246 806 ἐκκλησίαν
1283 766 1343 796 καὶ
1360 766 1399 798 10
1414 763 1535 798 eadem
1565 763 1792 799 sanctissima
1823 763 1957 799 maiore
1987 765 2139 801 ecclesia
2172 770 2209 802 et
2238 778 2303 812 per
2333 767 2489 812 reliquas

264 810 346 846 τοὺς
370 810 513 845 λοιποὺς
543 809 707 846 ἅπαντας
730 808 865 856 εὐαγεῖς
889 810 1019 850 οἴκους,
1050 811 1109 842 καὶ
1139 807 1221 842 τοὺς
1243 805 1342 842 εὖλα-
1414 818 1535 843 omnes
1559 808 1779 843 venerabiles
1803 808 1926 844 domos
1954 810 2253 848 reverentissimos
2277 812 2426 848 clericos
2455 816 2491 846 et

264 853 458 902 βεστὰτους
475 854 658 900 κληρικούς
678 858 736 888 καὶ
750 858 918 901 γυναῖκας
939 850 1125 887 διακόνους
1143 856 1204 886 καὶ
1223 853 1342 888 πυλω-
1413 853 1578 888 mulieres
1603 853 1825 888 diaconissas
1851 856 1886 888 et
1907 854 2073 890 ostiarios
2092 864 2235 891 manere
2255 856 2293 892 in
2313 867 2384 901 quo
2407 861 2491 892 sunt

264 900 345 947 ροὺς
375 903 497 945 μένειν
530 897 591 946 ἐφ’
619 892 729 945 οὗπερ
753 900 822 932 εἰσὶ
844 896 1031 943 σχήματος.
1079 896 1119 932 οὐ
1143 896 1211 945 γὰρ
1233 897 1275 932 τὸ
1300 895 1344 931 ὂν
1413 899 1595 933 schemate
1624 902 1709 940 (non
1742 898 1834 933 enim
1866 899 1962 943 quod
1994 901 2050 935 est
2074 900 2272 936 minuentes
2295 900 2388 937 haec
2408 912 2490 936 san-

264 945 501 986 ἑλαττοῦμεν,
537 943 712 988 πρόνοιαν
746 942 786 977 δὲ
815 944 880 977 τοῦ
910 942 1101 987 μέλλοντος
1135 941 1343 986 ποιούμενοι
1414 943 1559 987 cimus);
1597 943 1735 988 reliquo
1766 953 1848 978 vero
1881 948 2039 988 tempore
2074 945 2173 979 nulla
2208 944 2273 980 fiat
2302 945 2490 985 ordinatio.

265 992 382 1025 ταῦτα
416 990 698 1034 νομοθετοῦμεν.
751 989 819 1021 Τοῦ
849 986 890 1021 δὲ
921 988 999 1031 ἑξῆς
1029 986 1158 1032 χρόνου
1187 986 1345 1033 μηδεμία
1360 990 1399 1022 15
1414 988 1527 1023 donec
1550 987 1597 1023 ad
1619 988 1803 1032 antiquum
1827 999 2028 1032 numerum,
2060 989 2263 1024 institutum
2287 989 2332 1025 ab
2352 990 2408 1026 his
2432 990 2493 1035 qui

263 1035 427 1082 γινέσθω
447 1037 665 1079 χειροτονία,
692 1036 811 1079 με’χρις
831 1029 877 1066 ἂν
897 1033 944 1066 εἰς
963 1031 1029 1067 τὸν
1053 1033 1093 1073 ἐξ
1112 1031 1217 1079 ἀρχῆς
1236 1030 1343 1079 ἀριθ-
1413 1033 1662 1068 sanctissimas
1686 1033 1855 1068 ecclesias
1879 1033 2168 1076 aedificaverunt,
2193 1034 2492 1070 reverentissimo·

263 1079 335 1125 μὸν
355 1079 421 1113 τὸν
441 1076 620 1112 ἐνστάντα
641 1077 739 1123 παρὰ
760 1078 838 1111 τῶν
857 1076 920 1112 τὰς
939 1074 1141 1123 ἁγιωτάτας
1162 1076 1345 1120 ἐκκλησίας
1414 1089 1493 1112 rum
1527 1078 1737 1113 clericorum
1768 1077 1949 1122 quantitas
1980 1079 2173 1124 redigatur.
2228 1079 2298 1115 Sed
2328 1079 2494 1124 quoniam

267 1122 604 1168 οἰκοδομησαμένων
622 1119 734 1164 ἡτῶν
753 1120 1031 1167 εὐλαβεστάτων
1049 1121 1229 1168 κληρικεῡν
1246 1135 1342 1168 περι·
1412 1122 1548 1167 pridem
1579 1123 1685 1158 etiam
1713 1123 2076 1159 reverentissimorum
2101 1124 2313 1160 clericorum
2342 1124 2493 1160 sanctis-

266 1174 372 1212 σταίη
393 1164 557 1210 ποσότης.
592 1164 686 1200 Ἀλλ’
711 1165 836 1210 ἐπειδὴ
859 1165 989 1212 πρῴην
1009 1171 1068 1200 καὶ
1086 1166 1130 1201 τὸ
1150 1169 1228 1201 τῶν
1244 1165 1342 1200 εὐλα-
1413 1167 1525 1202 simae
1548 1167 1692 1203 maioris
1714 1167 1886 1203 ecclesiae
1906 1168 2023 1213 regiae
2043 1173 2188 1204 nostrae
2207 1168 2359 1205 civitatis
2378 1169 2491 1204 deter-

264 1211 455 1258 βεστοὶτων
477 1211 657 1257 κληρικῶν
679 1213 740 1254 τῆς
762 1209 962 1258 ἁγιωτάτης
982 1210 1134 1258 μεγάλης
1157 1211 1343 1255 ἐκκλησίας
1356 1215 1398 1247 20
1412 1213 1567 1248 minatus
1592 1216 1646 1248 est
1677 1222 1868 1255 numerus,
1902 1216 1938 1248 et
1967 1213 2070 1248 valde
2104 1213 2218 1249 brevis
2242 1218 2338 1257 erat,
2370 1218 2495 1259 utpote

264 1259 326 1301 τῆς
343 1255 527 1301 βασιλίδος
547 1255 651 1301 ἡμῶν
664 1254 801 1292 πόλεως
815 1254 949 1303 ὥριστο
963 1260 1107 1302 με’τρον,
1127 1260 1187 1290 καὶ
1205 1255 1347 1303 σφόδρα
1416 1267 1486 1292 una
1513 1257 1689 1293 existente
1721 1257 1947 1293 sanctissima
1978 1258 2149 1301 ecclesia,
2184 1262 2314 1303 postea
2344 1268 2428 1294 vero
2459 1263 2496 1293 ot

264 1301 553 1346 συνεσταλμένον
575 1295 631 1344 ἦν,
661 1301 718 1335 οἷα
748 1303 830 1346 μιᾶς
852 1300 957 1345 οὔσης
979 1302 1041 1344 τῆς
1063 1297 1265 1348 ἁγιωτάτης
1286 1314 1345 1345 με·
1415 1302 1629 1337 venerabilis
1662 1302 1786 1338 domus
1815 1306 1960 1338 sanctae
1990 1303 2165 1347 gloriosae
2196 1303 2338 1348 virginis
2371 1306 2408 1339 et
2438 1302 2496 1338 dei

264 1347 370 1394 γὰλης
402 1346 600 1389 ἐκκλησίας,
631 1344 784 1391 ὕστερον
808 1345 848 1380 δὲ
876 1343 898 1381 δ’
924 1359 965 1381 τε
989 1345 1227 1393 προςκυνητὸς
1253 1346 1346 1380 οἶκος
1413 1347 1595 1390 genitricis
1619 1347 1774 1389 Mariae,
1805 1347 1907 1382 iuxta
1937 1348 2182 1384 sanctissimae
2211 1348 2356 1384 maioris
2380 1348 2494 1384 eccle-

265 1394 325 1436 τῆς
347 1389 448 1438 ἁγίας
476 1390 622 1431 ἐνδόξου
654 1392 842 1437 παρθένου
866 1395 926 1426 καὶ
955 1388 1131 1438 θεοτόκου
1157 1395 1301 1438 Μαρίας
1324 1387 1344 1425 ὁ
1414 1391 1488 1426 siae
1512 1391 1728 1427 vicinitatem
1751 1392 1885 1436 posita,
1917 1392 2108 1428 aedificata
2137 1397 2192 1428 est
2215 1404 2238 1428 a
2259 1394 2340 1438 piae
2362 1403 2493 1428 memo-

266 1436 353 1483 πρὸς
384 1438 437 1480 τῷ
469 1438 530 1479 τῆς
562 1434 763 1482 ἁγιωτάτης
790 1435 940 1483 μεγάλης
971 1434 1155 1479 ἐκκλησίας
1186 1435 1343 1482 γειτονή-
1359 1439 1398 1471 25
1414 1436 1489 1471 riae
1521 1437 1672 1480 Verina,
1714 1439 1750 1471 et
1782 1438 1983 1473 veneranda
2018 1438 2144 1474 domus
2179 1438 2295 1473 sancti
2329 1439 2494 1484 martyris

266 1495 353 1527 ματι
376 1486 534 1526 κείμενος
561 1480 780 1525 ᾠκοδομήθη
809 1495 862 1515 πα
887 1480 908 1514 α
929 1482 989 1524 τῆς
1012 1479 1177 1525 εὐσεβοῦς
1200 1480 1267 1524 τὴν
1288 1480 1343 1524 λῆ-
1413 1480 1595 1516 Theodori
1624 1481 1670 1516 ab
1704 1481 1875 1526 Sporacio
1905 1482 2082 1526 gloriosae
2113 1483 2301 1518 memoriae
2332 1483 2496 1518 dedicata

267 1528 324 1568 ξιν
347 1530 509 1572 Βηρίνης,
531 1523 551 1560 ὅ
571 1539 612 1560 τε
631 1525 822 1570 σεβάσμιος
845 1494 937 1560 oinos
961 1527 1024 1560 τοῦ
1048 1525 1149 1572 ἁγίου
1171 1524 1347 1572 μάρτυρος
1415 1530 1486 1569 est,
1532 1529 1610 1561 erat
1646 1530 1765 1562 autem
1799 1526 1907 1561 etiam
1942 1528 2153 1563 venerabilis
2188 1527 2314 1563 domus
2349 1530 2496 1564 sanctae

269 1569 457 1616 Θεοδώρου
489 1570 588 1617 παρὰ
610 1573 827 1617 Σφωρακίου
856 1573 920 1605 τοῦ
943 1572 1004 1613 τῆς
1035 1569 1181 1611 ἐνδόξου
1208 1568 1347 1614 μνήμης
1414 1571 1560 1614 Irenae,
1592 1582 1684 1616 quae
1714 1571 1962 1606 sanctissimae
1985 1573 2111 1608 maiori
2135 1573 2306 1608 ecclesiae
2329 1573 2496 1618 copulata

266 1615 473 1662 ἁνιερώθη,
506 1610 551 1657 ἦν
579 1614 619 1649 δὲ
649 1619 708 1649 καὶ
739 1613 757 1650 ὁ
782 1615 1019 1661 προςκυνητὸς
1042 1615 1134 1650 οἶκος
1162 1617 1224 1658 τῆς
1246 1612 1347 1662 ἁγίας
1416 1620 1481 1658 est,
1502 1619 1693 1661 propterea
1712 1617 1873 1660 redigere
1887 1627 2071 1652 numerum
2085 1617 2131 1652 ad
2147 1618 2329 1663 antiquam
2346 1618 2494 1663 figuram

266 1660 420 1709 Εἰρήνης
442 1659 462 1695 ὁ
485 1662 530 1708 τῇ
559 1658 742 1708 ἁγιωτάτῃ
765 1659 900 1708 μεγάλῃ
925 1659 1092 1704 ἐκκλησίᾳ
1116 1664 1345 1705 συνημμένος,
1361 1661 1637 1705 30impossibi1e
1659 1664 1726 1696 est.
1773 1661 1856 1696 Non
1879 1662 1972 1696 enim
1995 1662 2176 1698 sufficient
2197 1662 2310 1698 tantis
2334 1663 2495 1698 ecclesiis

268 1705 326 1740 διὰ
360 1707 467 1740 τοῦτο
499 1707 711 1751 περιστῆναι
743 1705 808 1739 τὸν
844 1704 1005 1752 ἀριθμὸν
1037 1707 1085 1739 εἰς
1120 1704 1162 1739 τὸ
1197 1706 1347 1751 ἀρχαῖον
1415 1706 1524 1751 pauci
1556 1706 1809 1749 consistentes,
1847 1706 2014 1750 quoniam
2049 1718 2119 1742 non
2149 1708 2314 1753 proprios
2345 1707 2494 1743 clericos

267 1752 383 1795 σχῆμα
410 1752 489 1784 τῶν
511 1747 703 1784 ἀδυνάτων
736 1752 846 1784 ἐστίν.
902 1749 951 1785 Οὐ
980 1751 1048 1798 γὰρ
1084 1747 1131 1784 ἂν
1159 1747 1347 1796 ἀρκέσειαν
1417 1761 1532 1795 neque
1557 1751 1595 1786 in
1627 1752 1692 1787 has
1717 1755 1790 1786 tres
1821 1751 1953 1786 habeat
1981 1752 2166 1793 basilicas,
2198 1752 2261 1787 sed
2293 1762 2496 1788 communes

268 1793 459 1830 τοσαύταις
483 1794 680 1838 ἐκκλησίαις
704 1792 763 1829 όλί
784 1808 818 1828 οι
839 1796 1088 1829 καθεστῶτες·
1112 1797 1260 1841 ἐπείπερ
1284 1793 1347 1829 οὐκ
1417 1798 1503 1831 sunt
1542 1798 1579 1831 et
1615 1796 1862 1831 sanctissimae
1897 1796 2041 1832 maioris
2077 1797 2250 1832 ecclesiae
2292 1801 2328 1832 et
2361 1808 2494 1838 earum,

268 1839 471 1882 ἰδιάζοντας
495 1839 678 1882 κληοικούς
700 1838 739 1873 οὐ
766 1842 783 1874 ἑ
805 1839 852 1873 εἷς
875 1838 1018 1874 τούτων
1038 1839 1108 1884 ἔχει
1130 1841 1210 1874 τῶν
1232 1841 1348 1886 τριῶν
1416 1851 1538 1877 omnes
1563 1841 1823 1876 circumeuntes
1845 1841 2038 1876 secundum
2086 1843 2239 1877 uendam
2270 1841 2429 1878 ordinem
2460 1845 2497 1877 et

260 1886 389 1926 οἴκων,
420 1888 534 1918 κοινοὶ
558 1872 600 1918 δέ
627 1885 698 1918 εἰσι
727 1886 788 1927 τῆς
820 1898 860 1919 τε
890 1882 1091 1932 ἁγιωτάτης
1119 1883 1271 1932 μεγάλης
1294 1887 1347 1919 ἐκ·
1361 1889 1402 1922 35
1417 1885 1589 1920 circulum
1618 1886 1817 1921 ministeria
1846 1887 1882 1920 in
1911 1886 1963 1921 eis
1996 1887 2071 1922 cele
2097 1891 2194 1930 rant3
2233 1886 2359 1922 deinde
2389 1887 2495 1922 etiam

268 1929 412 1972 κλησίας
434 1933 495 1963 καὶ
519 1926 653 1970 αὐτῶν,
674 1932 733 1963 καὶ
753 1927 900 1963 τούτους
921 1926 1081 1964 ἅπαντες
1096 1931 1347 1977 περινοστοῦν·
1411 1930 1569 1976 >plurima
1590 1931 1815 1966 multitudine
1839 1941 1882 1965 ex
1907 1931 2063 1976 antiquis
2093 1931 2282 1967 haereticis
2313 1931 2360 1967 ad
2390 1942 2495 1968 sanc-

268 1986 325 2009 τες
353 1973 445 2008 κατά
474 1986 558 2008 τινα
583 1972 754 2021 περίοδον
786 1977 846 2008 καὶ
878 1972 1007 2008 κύκλον
1037 1974 1100 2008 τὰς
1130 1974 1349 2021 λειτουργίας
1415 1974 1590 2011 tissimam
1619 1976 1789 2012 maiorem
1821 1976 2009 2011 ecclesiam
2034 1977 2188 2013 deducta
2217 1976 2333 2021 gratia
2356 1978 2495 2024 quidem

268 2022 308 2053 ἐν
327 2018 447 2053 αὐτοῖς
467 2020 673 2053 ποιοῦνται·
698 2017 813 2053 ἄλλως
832 2032 872 2053 τε
895 2023 955 2053 καὶ
974 2018 1107 2053 πολλοῦ
1128 2017 1291 2062 πλήθους
1309 2021 1348 2052 ἐκ

267 2065 346 2098 τῶν
369 2062 498 2110 πρῴην
524 2063 717 2109 αἱρετικῶν
738 2065 784 2111 τῇ
806 2061 992 2119 ἁγιωτάτῃ
1021 2061 1158 2111 μεγάλῃ
1183 2063 1352 2107 ἐκκλησίᾳ

270 2110 539 2156 προςαχθέντος
567 2107 687 2156 χάριτι
715 2110 783 2153 μὲν
806 2110 871 2143 τοῦ
900 2107 1054 2156 μεγαλου
1077 2109 1168 2143 θεοῦ
1197 2112 1258 2143 καὶ
1281 2120 1349 2143 σω·
1363 2112 1406 2144 40

315 2212 388 2243 cap.
411 2199 436 2232 I
456 2206 485 2232 et
507 2199 552 2232 ΙΙ
572 2211 626 2241 pr.
652 2200 707 2236 1-
733 2199 985 2244 συγχωροῦμεν
1008 2201 1063 2241 22,
1086 2199 1120 2241 2)
1144 2200 1239 2233 habet
1262 2198 1433 2240 Nemeam,
1457 2201 1528 2234 item
1549 2202 1624 2234 inde
1644 2214 1669 2235 a
1692 2215 1740 2236 vv.
1765 2203 1876 2235 κοινοὶ
1900 2198 1939 2235 δὲ
1961 2203 2028 2243 (20,
2053 2204 2109 2242 35)
2133 2201 2284 2236 Nemee-‚⁶
2310 2205 2335 2245 1,
2358 2210 2405 2237 26.

268 2300 389 2324 rerum
414 2288 516 2323 nobis
540 2299 629 2323 cura
652 2288 813 2333 qerenda
835 2288 909 2323 sit?
953 2288 1080 2333 Neque
1107 2289 1200 2324 enim
1216 2300 1293 2335 pro
1317 2299 1396 2323 sum
1425 2289 1517 2324 tibus
1543 2290 1792 2336 possessiones
1815 2291 2043 2336 quaerendae
2067 2291 2149 2331 (Ιιοσ
2170 2292 2264 2327 enim
2286 2291 2337 2326 ad
2357 2292 2495 2339 eupidi-

270 2338 378 2368 tatem
402 2332 656 2378 inexplebilem
675 2336 711 2368 et
732 2333 950 2379 impietatem
977 2332 1106 2376 ducit),
1129 2333 1195 2368 sed
1216 2344 1267 2369 ex
1310 2344 1378 2368 acu
1395 2333 1529 2368 tatibus
1553 2345 1603 2369 ex
1629 2345 1738 2369 ensae
1755 2346 1899 2380 quoque
1917 2335 2114 2371 metiendae
2131 2341 2224 2372 sunt.
2261 2335 2496 2384 Quapropter

269 2381 475 2424 opportune
498 2381 534 2412 et
557 2377 601 2412 de
624 2377 681 2412 llis
704 2377 800 2428 leqes
821 2377 984 2422 feremus
1006 2381 1042 2412 et
1065 2377 1165 2422 quod
1186 2378 1271 2412 inde
1299 2378 1413 2412 nitum
1436 2382 1517 2413 erat
1541 2378 1590 2413 tol
1603 2389 1713 2420 emus,
1737 2383 1838 2414 certa
1861 2379 1945 2415 huic
1965 2380 2020 2416 rei
2042 2380 2179 2416 medela
2202 2380 2375 2416 adhibita.

262 2458 268 2464 „
402 2422 430 2457 1.
478 2421 670 2457 Sancimus
697 2422 823 2467 iqztur,
855 2426 896 2457 ut
918 2422 982 2473 qui
1005 2421 1075 2456 huc
1103 2433 1216 2467 usque
1237 2422 1277 2456 in
1306 2421 1373 2456 illa
1403 2422 1485 2468 ipsa
1513 2423 1741 2458 sanctissima
1768 2434 1902 2476 maqna
1931 2424 2082 2461 ecelesia
2105 2425 2304 2477 ceterisque
2334 2425 2497 2462 omnibus
2536 2464 2542 2465 ς

267 2467 384 2502 sacris
407 2466 570 2501 domibus
592 2471 678 2502 sunt
705 2471 742 2502 et
762 2466 1027 2512 reliqioszssimi
1056 2466 1179 2503 clerici
1207 2471 1244 2502 et
1272 2466 1440 2502 mulieres
1462 2466 1690 2504 diaconissae
1712 2471 1750 2504 et
1771 2469 1915 2504 ostiarii
1937 2470 1975 2504 in
1997 2481 2042 2505 ea
2066 2470 2209 2516 forma,
2239 2481 2279 2504 m
2302 2480 2376 2516 qua
2397 2476 2493 2513 sunt,

268 2516 447 2547 maneant.
495 2511 581 2547 Non
604 2511 697 2547 enim
746 2511 822 2546 uod
844 2516 898 2547 est
919 2511 1177 2554 imminuimus,
1209 2511 1274 2547 sed
1293 2512 1417 2557 futuri
1440 2522 1565 2547 euram
1588 2518 1754 2558 qerentes
1776 2512 1866 2549 leaeo
1888 2514 2078 2549 sancimus.
2125 2513 2173 2549 In
2197 2518 2390 2562 posterum
2411 2525 2495 2551 vero

268 2557 370 2591 nulla
390 2557 461 2602 fiat
484 2556 680 2598 ordinatio,
731 2567 819 2592 onec
842 2555 892 2591 ad
911 2556 1107 2602 pristinum
1130 2567 1317 2592 numerum
1339 2555 1384 2590 ab
1407 2556 1472 2598 iis,
1498 2557 1563 2602 qui
1584 2557 1832 2592 sanctissimas
1854 2558 2023 2594 ecclesias
2045 2558 2297 2603 aedificarunt,
2319 2563 2495 2595 statutum

267 2613 437 2637 numerus
460 2601 814 2652 reliqiosissimorum
844 2600 1058 2636 clericorum
1086 2600 1256 2636 redactus
1278 2601 1337 2636 sit.
1383 2599 1458 2636 Sed
1479 2601 1568 2646 quia
1591 2601 1664 2636 iam
1687 2606 1796 2637 antea
1818 2613 1987 2637 numerus
2015 2603 2368 2648 reliqiosissimorum
2391 2604 2494 2640 cleri-

269 2656 393 2681 corum
413 2646 663 2680 sanctissimae
686 2656 840 2696 magnae
865 2645 1037 2680 ecclesiae
1061 2645 1184 2691 reqiae
1205 2649 1353 2681 nostrae
1376 2644 1477 2680 urbis
1497 2649 1580 2681 erat
1601 2645 1771 2690 definitus
1794 2646 1897 2692 isque
1918 2645 2024 2682 valde
2045 2647 2110 2683 exi
2136 2658 2204 2682 uus
2227 2651 2328 2690 erat,
2358 2648 2495 2700 quippe

268 2701 348 2725 eum
371 2690 453 2725 sola
477 2694 570 2724 esset
590 2690 819 2725 sanetisszma
840 2700 975 2735 maqna
998 2689 1167 2732 ecclesia,
1190 2694 1324 2736 postea
1347 2700 1432 2726 vero
1456 2694 1493 2726 et
1522 2689 1728 2726 veneranda
1750 2689 1877 2726 domus
1897 2695 2047 2727 sanctae
2075 2703 2102 2737 q
2117 2691 2261 2727 oriosae
2284 2692 2437 2739 virqims
2458 2697 2495 2729 et

268 2735 442 2781 deiparae
465 2733 619 2776 Mariae,
642 2734 681 2768 in
701 2734 832 2770 vicinia
855 2734 1101 2770 sanctissimae
1122 2746 1277 2787 maqnae
1299 2734 1472 2770 ecclesiae
1493 2735 1582 2777 sita,
1606 2746 1630 2770 a
1646 2735 1736 2782 piae
1758 2735 1951 2771 memoriae
1983 2735 2116 2771 Verina
2138 2736 2332 2782 aedificata
2355 2741 2427 2781 est,
2457 2742 2495 2773 et

270 2779 477 2815 veneranda
507 2779 637 2814 domus
658 2779 777 2814 sancti
808 2779 983 2825 martyris
1007 2778 1185 2815 Theodori
1216 2792 1238 2813 a
1262 2778 1445 2826 Sporacio
1476 2779 1664 2825 qloriosae
1685 2780 1880 2816 memoriae
1902 2785 1957 2816 est
1986 2785 2219 2824 consecrata,
2250 2793 2317 2817 nec
2339 2793 2414 2817 non
2436 2793 2493 2818 ve-

270 2823 435 2859 neranda
458 2823 585 2858 domus
606 2827 755 2858 sanctae
776 2822 902 2859 Irenes
922 2824 999 2870 fuit
1015 2825 1266 2860 sanctissimae
1288 2835 1442 2871 maynae
1464 2824 1636 2860 ecclesiae
1657 2824 1798 2867 iuncta,
1815 2829 2018 2878 propterea
2040 2836 2210 2861 numerus
2233 2825 2283 2861 ad
2305 2827 2492 2872 antiquam

266 2869 426 2914 formam
457 2867 536 2903 redi
562 2869 575 2902 i
605 2868 706 2903 nullo
736 2867 844 2904 modo
877 2871 1008 2914 potest.
1054 2869 1180 2915 Neque
1211 2870 1304 2905 enim
1333 2873 1388 2905 tot
1413 2868 1572 2905 eeclesiis
1593 2869 1705 2916 pauci
1729 2869 1802 2912 illi,
1837 2880 1899 2916 qut
1926 2870 2112 2906 constituti
2135 2875 2238 2912 sunt,
2268 2871 2491 2916 sufficerent,

268 2913 441 2959 quoniam
472 2924 521 2947 nu
537 2914 574 2947 la
610 2913 718 2947 trium
750 2913 898 2948 illarum
933 2913 1103 2949 domuum
1135 2915 1312 2961 proprios
1345 2913 1454 2950 habet
1484 2913 1652 2958 elericos,
1685 2913 1752 2950 sed
1783 2919 1988 2950 communes
2023 2918 2111 2950 sunt
2140 2919 2214 2950 tam
2242 2915 2493 2951 sanctissimae

268 2969 424 3004 maynae
446 2957 618 2993 eeclesiae
633 2969 742 3004 quam
765 2958 855 3001 illis,
876 2969 1009 3004 easque
1031 2959 1227 2994 secundum
1251 2959 1413 2995 ordinem
1436 2962 1473 2995 et
1495 2959 1601 3005 quasi
1623 2958 1803 3005 quendam
1825 2959 1947 2995 orbem
1970 2959 2226 2995 circumeuntes
2249 2971 2370 2996 omnes
2389 2960 2492 2995 nani-

268 3003 380 3038 steria
403 3002 442 3037 in
466 3002 517 3038 eis
533 3007 743 3048 peraqunt;
759 3005 979 3049 praesertim
998 3014 1078 3038 eum
1100 3015 1234 3050 maqna
1252 3003 1480 3040 multitudine
1503 3008 1660 3040 veterum
1680 3003 1944 3039 haereticorum
1967 3003 2017 3039 ad
2037 3004 2300 3040 sanctissimam
2322 3014 2491 3051 maynam

314 3108 335 3140 3
365 3102 431 3147 δεῖ]
456 3102 501 3147 δὴ
519 3106 552 3169 ιιί
578 3104 598 3160 11
620 3102 841 3159 4ιάπιστίιξν
863 3105 911 3159 L}
939 3105 951 3150 11
963 3109 1001 3158 -5
1037 3102 1126 3139 ἀλλὰ
1148 3108 1221 3158 τοῖς
1244 3099 1347 3171 viique
1388 3120 1390 3122 ·
1414 3107 1471 3139 tur
1490 3104 1543 3158 R}
1567 3105 1580 3150 11
1605 3108 1645 3141 10
1664 3117 1724 3149 per
1745 3118 1771 3141 s.
1792 3119 1823 3141 v.
1847 3106 1925 3173 ad'd.
1947 3105 2095 3169 ιΒἸΠΤ
2117 3104 2131 3150 11
2162 3107 2199 3140 11
2222 3105 2386 3159 ποι-,81111811
2405 3105 2467 3170 1²¹¹
2478 3108 2491 3195 ΙΙ

269 3147 849 3238 Ε”μὼῧῖἶρὲἕιιπριῖξῖιῖῗαῗςτέῖι
865 3152 1316 3239 ssssgfflzisstfssffffiffz
1343 3150 1348 3238 1
1418 3153 1459 3230 ἶῗξ
1481 3153 1695 3229 &sitiam-³-
1705 3151 1943 3230 ῗέῗέἔῗέιὲεῗ
1957 3150 2258 3240 ristffussssffiffffssl
2275 3151 2489 3230 352&

271 3242 289 3272 '1
324 3239 440 3285 ῥητῶς
462 3238 505 3273 τὸ
526 3238 674 3284 πρᾶγμα
694 3241 726 3272 L
756 3239 855 3283 ρητῶ
880 3238 1064 3285 πράγματι
1084 3241 1116 3273 Α
1142 3239 1156 3283 11
1186 3242 1206 3275 8
1236 3240 1346 3285 θερα-
1414 3240 1974 3282 υονεααηι(υυ.τθνοτθιιῐίειίωοτιιω
1984 3240 2180 3274 clericorum
2188 3247 2218 3274 et
2228 3239 2490 3284 otiamomiuicm

271 3286 417 3317 πείανΛ
435 3283 448 3327 11
464 3287 616 3318 9τοίνυν
625 3285 721 3318 om.A
736 3283 749 3327 11
774 3287 879 3317 lomi
888 3282 1067 3318 κατάτοὺς
1076 3285 1124 3318 L²
1142 3285 1154 3327 11
1173 3284 1346 3326 Ῑὶοῖκους]
1420 3288 1456 3319 17
1482 3285 1647 3327 redigitur
1667 3285 1769 3319 RVT
1792 3284 1806 3330 Ε
1831 3286 1874 3320 20
1897 3287 2016 3328 utpute
2038 3283 2088 3318 R¹
2110 3287 2229 3327 utputa
2250 3285 2283 3319 T
2309 3284 2324 3328 Ι
2346 3286 2384 3319 21
2419 3285 2486 3318 exi—

271 3327 363 3360 εἶναι
383 3327 428 3361 J)
450 3328 462 3372 11
477 3331 549 3370 καὶ]
575 3342 634 3363 om.
654 3327 700 3371 ς11
724 3331 761 3362 12
784 3331 954 3374 γυναῖκας
973 3331 1033 3362 καὶ
1057 3326 1243 3363 διακόνους
1253 3331 1323 3363 AB
1335 3330 1348 3374 11
1414 3332 1520 3363 utente
1543 3343 1602 3364 om.
1627 3329 1666 3364 V
1696 3330 1709 3373 11
1747 3330 1790 3364 22
1822 3329 2029 3363 uenerabiles
2054 3329 2170 3362 domos
2197 3329 2323 3370 (domos
2342 3341 2400 3363 om.
2425 3330 2487 3368 [ἐϋ.

277 3375 312 3404 14
339 3370 514 3426 πρόνοιαν
538 3394 579 3399 -
601 3374 822 3418 ποιούμενοι]
847 3386 906 3407 om.
931 3385 951 3409 ς·
974 3373 986 3417 11
1007 3375 1043 3407 17
1065 3372 1277 3408 ἐνστάντων
1297 3374 1346 3408 L¹
1416 3376 1493 3409 add.
1514 3376 1548 3408 in
1566 3387 1628 3426 mg.
1649 3375 1678 3415 1)
1702 3374 1806 3408 RVT
1830 3373 1844 3419 fl
1869 3375 1914 3408 24
1944 3375 2086 3416 positam
2107 3374 2142 3408 R
2169 3372 2253 3416 n'25
2279 3372 2392 3406 uirina
2414 3372 2464 3406 R¹
2475 3373 2488 3417 11

272 3417 470 3449 ἑνσταντον
492 3418 541 3451 L²
563 3418 577 3461 11
596 3415 620 3450 ἁ
643 3422 698 3451 lac
721 3419 752 3451 L
768 3417 781 3461 11
803 3420 842 3453 18
863 3415 1204 3462 οἰκοδομησαμένων
1226 3421 1346 3462 (σαμέ-
1415 3421 1458 3454 26
1481 3421 1626 3462 sporatxo
1638 3419 1712 3452 RV
1713 3419 1765 3452 ’T
1778 3419 1922 3462 sporatio
1937 3418 2020 3463 7111
2039 3419 2079 3452 2'1
2099 3417 2198 3451 etiam
2214 3430 2272 3451 om.
2288 3417 2327 3451 V
2337 3416 2351 3462 11
2366 3419 2408 3452 28
2429 3418 2485 3451 he-

270 3473 349 3493 νων
368 3463 400 3493 in
420 3474 485 3496 ras.
502 3463 560 3503 M)
627 3463 706 3504 ΕΒ]
728 3460 1044 3506 οἰκοδομησάντων
1055 3464 1087 3496 Α
1101 3463 1114 3506 11
1132 3465 1174 3497 22
1195 3461 1347 3511 μεγάλης
1414 3474 1493 3497 rene
1502 3464 1534 3497 V
1537 3462 1551 3482 ²
1563 3463 1681 3497 helene
1692 3463 1778 3498 RV²
1789 3465 1874 3508 vulq.
1888 3464 2042 3496 helrenae
2057 3462 2095 3503 T,
2106 3462 2273 3496 Heirenae
2285 3462 2462 3496 Heia-bach

272 3516 335 3538 om.
353 3506 410 3541 Βς
425 3506 437 3547 11
457 3507 497 3537 22
540 3510 661 3551 ρακίου
677 3507 726 3541 L²
741 3507 754 3551 11
773 3510 814 3541 32
828 3508 945 3550 σχῆμα
958 3503 1140 3541 ἀδύνατον
1152 3509 1183 3542 Α
1199 3508 1211 3552 11
1231 3511 1272 3542 34
1286 3507 1345 3549 εἷς]
1415 3511 1457 3542 29
1477 3510 1663 3551 propterea]
1688 3513 1721 3541 et
1739 3510 1913 3552 propterea
1933 3508 1966 3541 V
1980 3507 1993 3552 11
2011 3509 2050 3542 31
2072 3506 2187 3550 paucis
2206 3506 2278 3539 RT
2293 3506 2384 3549 pacis
2405 3506 2442 3539 V
2450 3505 2462 3524 ¹

271 3549 319 3582 εἰς
343 3550 420 3592 quit
443 3550 489 3585 e?
522 3554 527 3593 1
557 3554 598 3584 35
627 3552 729 3593 κοινῆ
752 3553 783 3586 L
807 3552 819 3594 11
841 3564 881 3585 τε
905 3564 964 3585 om.
990 3552 1142 3586 Nomoc.‘¹
1169 3552 1182 3597 11
1215 3555 1256 3588 36
1286 3555 1346 3585 καὶ
1413 3553 1639 3594 consistentes]
1662 3554 1789 3597 reliqua
1811 3553 1956 3587 novellae
1972 3564 2056 3610 pars
2080 3563 2138 3584 om.
2159 3551 2193 3583 in
2214 3551 2288 3589 BT,
2319 3552 2379 3584 sed
2400 3553 2433 3584 in
2459 3552 2491 3584 Τ

272 3591 396 3626 αὐτῶν
421 3607 478 3628 om.
504 3595 535 3627 L
559 3595 571 3638 11
597 3600 655 3628 καὶ
678 3595 823 3631 τούτους
846 3609 905 3631 om.
922 3609 940 3633 ς
958 3595 1124 3640 ΙΙτούτοις
1148 3598 1196 3631 L²
1219 3597 1232 3642 11
1247 3607 1346 3642 περι-
1412 3598 1580 3641 suppletur
1602 3594 1661 3631 ‘ad
1673 3599 1778 3639 finem
1793 3599 1870 3641 fire
1889 3598 1966 3632 libri
2000 3593 2232 3638 (Heimbacltn
2250 3597 2292 3628 33
2317 3595 2433 3628 harum
2453 3595 2491 3628 V

271 3638 482 3671 στονοῦντες
506 3638 553 3671 L¹
1414 3643 1458 3676 al,
1484 3641 1497 3687 11
1527 3644 1571 3676 34
1591 3644 1715 3684 omnes]
1740 3644 1774 3675 et
1796 3653 1908 3675 omnes
1930 3642 2015 3685 ναις,
2034 3639 2048 3684 Ι
2067 3638 2232 3680 φιαῐιὼυῐι
2245 3638 2282 3672 V
2335 3639 2483 3673 ordinem

287 3686 532 3735 “s‘fidflsffin
553 3698 587 3728 ει
609 3689 1346 3743 „ufffffffiri—ffiffm—‚EW
1412 3687 1538 3720 cinnum
1558 3688 1629 3729 (om.
1645 3689 1690 3729 et)
1710 3686 1825 3729 Tua-1
1850 3686 2023 3719 deductam
2044 3681 2129 3727 ¹⁷¹1!
2147 3682 2247 3725 quide
2273 3682 2326 3717 ν*
