<?xml version="1.0" encoding="UTF-8"?>
<!DOCTYPE html PUBLIC "-//W3C//DTD XHTML 1.0 Transitional//EN"
    "http://www.w3.org/TR/xhtml1/DTD/xhtml1-transitional.dtd">
<html xmlns="http://www.w3.org/1999/xhtml" xml:lang="en" lang="en">
 <head>
  <title>
</title>
<meta http-equiv="Content-Type" content="text/html;charset=utf-8" />
  <meta name='ocr-system' content='tesseract 3.04.00' />
  <meta name='ocr-capabilities' content='ocr_page ocr_carea ocr_par ocr_line ocrx_word'/>
</head>
<body>
  <div class='ocr_page' id='page_1' title='image "./corpusiuriscivil03krueuoft_0060.png"; bbox 0 0 2618 4010; ppageno 0'>
   <div class='ocr_carea' id='block_1_1' title="bbox 243 86 2474 159">
    <p class='ocr_par' dir='ltr' id='par_1_1' title="bbox 243 86 2474 159">
     <span class='ocr_line' id='line_1_1' title="bbox 243 86 2474 159; baseline -0.001 -5"><span class='ocrx_word' id='word_1_1' title='bbox 243 112 350 159; x_wconf 83' lang='lat' dir='ltr'><strong>Nov.</strong></span> <span class='ocrx_word' id='word_1_2' title='bbox 380 111 416 153; x_wconf 91' lang='lat' dir='ltr'>V</span> <span class='ocrx_word' id='word_1_3' title='bbox 446 113 471 152; x_wconf 79' lang='lat'><strong>2</strong></span> <span class='ocrx_word' id='word_1_4' title='bbox 930 87 932 89; x_wconf 30' lang='lat'>¹</span> <span class='ocrx_word' id='word_1_5' title='bbox 961 86 966 89; x_wconf 12' lang='lat' dir='ltr'><strong>i</strong></span> <span class='ocrx_word' id='word_1_6' title='bbox 1324 104 1381 151; x_wconf 85' lang='lat'><strong>30</strong></span> <span class='ocrx_word' id='word_1_7' title='bbox 2150 121 2208 151; x_wconf 74' lang='lat' dir='ltr'><strong>ns</strong></span> <span class='ocrx_word' id='word_1_8' title='bbox 2237 119 2474 153; x_wconf 66' lang='lat' dir='ltr'><strong>nomenis·</strong></span> 
     </span>
    </p>
   </div>
   <div class='ocr_carea' id='block_1_2' title="bbox 234 215 2478 1968">
    <p class='ocr_par' dir='ltr' id='par_1_2' title="bbox 234 215 2478 1938">
     <span class='ocr_line' id='line_1_2' title="bbox 241 215 2462 265; baseline -0.002 -9"><span class='ocrx_word' id='word_1_9' title='bbox 241 219 422 265; x_wconf 74' lang='grc' dir='ltr'><strong><em>στήκοιεν,</em></strong></span> <span class='ocrx_word' id='word_1_10' title='bbox 447 215 731 264; x_wconf 71' lang='grc' dir='ltr'><strong><em>ἀνεπηρεάστους</em></strong></span> <span class='ocrx_word' id='word_1_11' title='bbox 752 220 891 263; x_wconf 64' lang='grc' dir='ltr'><strong><em>μένειν,</em></strong></span> <span class='ocrx_word' id='word_1_12' title='bbox 919 219 990 254; x_wconf 80' lang='grc' dir='ltr'><strong><em>εἴτε</em></strong></span> <span class='ocrx_word' id='word_1_13' title='bbox 1012 219 1164 258; x_wconf 78' lang='grc' dir='ltr'><strong><em>οἰκέται,</em></strong></span> <span class='ocrx_word' id='word_1_14' title='bbox 1195 220 1321 260; x_wconf 74' lang='grc' dir='ltr'><strong><em>μηκέτι</em></strong></span> <span class='ocrx_word' id='word_1_15' title='bbox 1389 228 1543 259; x_wconf 87' lang='lat' dir='ltr'><strong>manere,</strong></span> <span class='ocrx_word' id='word_1_16' title='bbox 1569 217 1641 252; x_wconf 88' lang='lat' dir='ltr'><strong>sive</strong></span> <span class='ocrx_word' id='word_1_17' title='bbox 1666 218 1767 260; x_wconf 84' lang='lat' dir='ltr'><strong>servi,</strong></span> <span class='ocrx_word' id='word_1_18' title='bbox 1792 219 1933 263; x_wconf 88' lang='lat' dir='ltr'><strong>penitus</strong></span> <span class='ocrx_word' id='word_1_19' title='bbox 1950 230 2022 254; x_wconf 87' lang='lat' dir='ltr'><strong>non</strong></span> <span class='ocrx_word' id='word_1_20' title='bbox 2046 218 2245 263; x_wconf 87' lang='lat' dir='ltr'><strong>inquietari,</strong></span> <span class='ocrx_word' id='word_1_21' title='bbox 2270 217 2462 262; x_wconf 77' lang='lat' dir='ltr'><strong>migrantes</strong></span> 
     </span>
     <span class='ocr_line' id='line_1_3' title="bbox 242 258 2462 307; baseline -0.002 -6"><span class='ocrx_word' id='word_1_22' title='bbox 242 265 429 302; x_wconf 76' lang='grc' dir='ltr'><strong><em>παντελῶς</em></strong></span> <span class='ocrx_word' id='word_1_23' title='bbox 441 263 681 306; x_wconf 77' lang='grc' dir='ltr'><strong><em>ἐνοχλεῖσθαι,</em></strong></span> <span class='ocrx_word' id='word_1_24' title='bbox 693 260 922 307; x_wconf 80' lang='grc' dir='ltr'><strong><em>μεταβάντας</em></strong></span> <span class='ocrx_word' id='word_1_25' title='bbox 934 264 981 298; x_wconf 79' lang='grc' dir='ltr'><strong><em>εἰς</em></strong></span> <span class='ocrx_word' id='word_1_26' title='bbox 994 263 1060 306; x_wconf 88' lang='grc' dir='ltr'><strong>τὴν</strong></span> <span class='ocrx_word' id='word_1_27' title='bbox 1072 260 1195 305; x_wconf 84' lang='grc' dir='ltr'><strong><em>κοινὴν</em></strong></span> <span class='ocrx_word' id='word_1_28' title='bbox 1208 258 1319 296; x_wconf 84' lang='grc' dir='ltr'><strong><em>ἁπάν-</em></strong></span> <span class='ocrx_word' id='word_1_29' title='bbox 1388 263 1434 298; x_wconf 80' lang='lat' dir='ltr'><strong>ad</strong></span> <span class='ocrx_word' id='word_1_30' title='bbox 1459 271 1643 299; x_wconf 87' lang='lat' dir='ltr'><strong>commune</strong></span> <span class='ocrx_word' id='word_1_31' title='bbox 1667 262 1822 298; x_wconf 86' lang='lat' dir='ltr'><strong>omnium</strong></span> <span class='ocrx_word' id='word_1_32' title='bbox 1845 263 2006 304; x_wconf 84' lang='lat' dir='ltr'><strong>(dicimus</strong></span> <span class='ocrx_word' id='word_1_33' title='bbox 2025 267 2144 298; x_wconf 82' lang='lat' dir='ltr'><strong>autem</strong></span> <span class='ocrx_word' id='word_1_34' title='bbox 2161 264 2327 304; x_wconf 79' lang='lat' dir='ltr'><strong>caeleste)</strong></span> <span class='ocrx_word' id='word_1_35' title='bbox 2351 261 2462 297; x_wconf 90' lang='lat' dir='ltr'><strong>domi-</strong></span> 
     </span>
     <span class='ocr_line' id='line_1_4' title="bbox 240 303 2463 356; baseline -0.002 -11"><span class='ocrx_word' id='word_1_36' title='bbox 240 325 318 345; x_wconf 83' lang='grc' dir='ltr'><strong>των</strong></span> <span class='ocrx_word' id='word_1_37' title='bbox 338 312 469 356; x_wconf 79' lang='grc' dir='ltr'><strong><em>(φαμὲν</em></strong></span> <span class='ocrx_word' id='word_1_38' title='bbox 490 307 534 352; x_wconf 82' lang='grc' dir='ltr'><strong>δὴ</strong></span> <span class='ocrx_word' id='word_1_39' title='bbox 550 307 616 351; x_wconf 87' lang='grc' dir='ltr'><strong>τὴν</strong></span> <span class='ocrx_word' id='word_1_40' title='bbox 635 307 673 348; x_wconf 68' lang='grc' dir='ltr'><strong>ἐξ</strong></span> <span class='ocrx_word' id='word_1_41' title='bbox 688 305 855 355; x_wconf 77' lang='grc' dir='ltr'><strong><em>οὐρανοῦ)</em></strong></span> <span class='ocrx_word' id='word_1_42' title='bbox 876 306 1110 344; x_wconf 80' lang='grc' dir='ltr'><strong><em>δεσποτείαν·</em></strong></span> <span class='ocrx_word' id='word_1_43' title='bbox 1135 309 1195 340; x_wconf 80' lang='grc' dir='ltr'><strong>καὶ</strong></span> <span class='ocrx_word' id='word_1_44' title='bbox 1212 303 1320 352; x_wconf 85' lang='grc' dir='ltr'><strong><em>οἷναρ·</em></strong></span> <span class='ocrx_word' id='word_1_45' title='bbox 1387 308 1503 351; x_wconf 78' lang='lat' dir='ltr'><strong>nium3·</strong></span> <span class='ocrx_word' id='word_1_46' title='bbox 1529 309 1566 342; x_wconf 88' lang='lat' dir='ltr'><strong>et</strong></span> <span class='ocrx_word' id='word_1_47' title='bbox 1589 306 1806 351; x_wconf 86' lang='lat' dir='ltr'><strong>arripiantur</strong></span> <span class='ocrx_word' id='word_1_48' title='bbox 1821 307 1859 343; x_wconf 92' lang='lat' dir='ltr'><strong>in</strong></span> <span class='ocrx_word' id='word_1_49' title='bbox 1874 308 2086 344; x_wconf 84' lang='lat' dir='ltr'><strong>libertatem.</strong></span> <span class='ocrx_word' id='word_1_50' title='bbox 2122 308 2214 343; x_wconf 86' lang='lat' dir='ltr'><strong>Nam</strong></span> <span class='ocrx_word' id='word_1_51' title='bbox 2234 307 2263 342; x_wconf 89' lang='lat' dir='ltr'><strong>si</strong></span> <span class='ocrx_word' id='word_1_52' title='bbox 2286 307 2324 342; x_wconf 90' lang='lat' dir='ltr'><strong>in</strong></span> <span class='ocrx_word' id='word_1_53' title='bbox 2341 306 2463 342; x_wconf 85' lang='lat' dir='ltr'><strong>multis</strong></span> 
     </span>
     <span class='ocr_line' id='line_1_5' title="bbox 241 350 2462 400; baseline -0.001 -11"><span class='ocrx_word' id='word_1_54' title='bbox 241 356 492 398; x_wconf 74' lang='grc' dir='ltr'><strong><em>παζέσθωσαν</em></strong></span> <span class='ocrx_word' id='word_1_55' title='bbox 510 354 557 388; x_wconf 81' lang='grc' dir='ltr'><strong>εἰς</strong></span> <span class='ocrx_word' id='word_1_56' title='bbox 577 351 799 400; x_wconf 73' lang='grc' dir='ltr'><strong><em>ἐλευθερίαν.</em></strong></span> <span class='ocrx_word' id='word_1_57' title='bbox 830 354 861 387; x_wconf 80' lang='grc' dir='ltr'><strong>εἰ</strong></span> <span class='ocrx_word' id='word_1_58' title='bbox 878 354 946 400; x_wconf 80' lang='grc' dir='ltr'><strong>γὰρ</strong></span> <span class='ocrx_word' id='word_1_59' title='bbox 968 355 1007 387; x_wconf 82' lang='grc' dir='ltr'><strong>έν</strong></span> <span class='ocrx_word' id='word_1_60' title='bbox 1024 350 1164 387; x_wconf 77' lang='grc' dir='ltr'><strong><em>πολλοῖς</em></strong></span> <span class='ocrx_word' id='word_1_61' title='bbox 1182 350 1320 395; x_wconf 80' lang='grc' dir='ltr'><strong><em>θέμασι</em></strong></span> <span class='ocrx_word' id='word_1_62' title='bbox 1388 351 1532 388; x_wconf 76' lang='lat' dir='ltr'><strong>casibus</strong></span> <span class='ocrx_word' id='word_1_63' title='bbox 1552 350 1657 387; x_wconf 84' lang='lat' dir='ltr'><strong>etiam</strong></span> <span class='ocrx_word' id='word_1_64' title='bbox 1674 360 1719 385; x_wconf 82' lang='lat' dir='ltr'><strong>ex</strong></span> <span class='ocrx_word' id='word_1_65' title='bbox 1736 350 1813 396; x_wconf 73' lang='lat' dir='ltr'><strong>lege</strong></span> <span class='ocrx_word' id='word_1_66' title='bbox 1828 351 1897 388; x_wconf 85' lang='lat' dir='ltr'><strong>hoc</strong></span> <span class='ocrx_word' id='word_1_67' title='bbox 1914 352 1957 389; x_wconf 85' lang='lat' dir='ltr'><strong>fit</strong></span> <span class='ocrx_word' id='word_1_68' title='bbox 1976 357 2012 388; x_wconf 88' lang='lat' dir='ltr'><strong>et</strong></span> <span class='ocrx_word' id='word_1_69' title='bbox 2026 353 2109 388; x_wconf 85' lang='lat' dir='ltr'><strong>talis</strong></span> <span class='ocrx_word' id='word_1_70' title='bbox 2126 352 2299 397; x_wconf 78' lang='lat' dir='ltr'><strong>quaedam</strong></span> <span class='ocrx_word' id='word_1_71' title='bbox 2316 351 2462 387; x_wconf 85' lang='lat' dir='ltr'><strong>libertas</strong></span> 
     </span>
     <span class='ocr_line' id='line_1_6' title="bbox 240 393 2461 445; baseline -0.002 -10"><span class='ocrx_word' id='word_1_72' title='bbox 240 404 299 435; x_wconf 81' lang='grc' dir='ltr'><strong>καὶ</strong></span> <span class='ocrx_word' id='word_1_73' title='bbox 323 398 394 435; x_wconf 80' lang='grc' dir='ltr'><strong>ὑπὸ</strong></span> <span class='ocrx_word' id='word_1_74' title='bbox 416 401 478 434; x_wconf 83' lang='grc' dir='ltr'><strong>τοῦ</strong></span> <span class='ocrx_word' id='word_1_75' title='bbox 499 395 611 443; x_wconf 80' lang='grc' dir='ltr'><strong><em>νόμον</em></strong></span> <span class='ocrx_word' id='word_1_76' title='bbox 627 398 735 432; x_wconf 76' lang='grc' dir='ltr'><strong><em>τοῦτο</em></strong></span> <span class='ocrx_word' id='word_1_77' title='bbox 753 402 892 445; x_wconf 76' lang='grc' dir='ltr'><strong><em>γίνεται</em></strong></span> <span class='ocrx_word' id='word_1_78' title='bbox 912 401 972 432; x_wconf 79' lang='grc' dir='ltr'><strong>καὶ</strong></span> <span class='ocrx_word' id='word_1_79' title='bbox 990 395 1137 439; x_wconf 78' lang='grc' dir='ltr'><strong><em>τοιαύτη</em></strong></span> <span class='ocrx_word' id='word_1_80' title='bbox 1156 407 1210 430; x_wconf 76' lang='grc' dir='ltr'><strong>τις</strong></span> <span class='ocrx_word' id='word_1_81' title='bbox 1227 393 1318 429; x_wconf 67' lang='grc' dir='ltr'><strong><em>ἕλευ·</em></strong></span> <span class='ocrx_word' id='word_1_82' title='bbox 1355 400 1374 431; x_wconf 86' lang='grc'>5</span> <span class='ocrx_word' id='word_1_83' title='bbox 1389 397 1505 439; x_wconf 80' lang='lat' dir='ltr'><strong>datur,</strong></span> <span class='ocrx_word' id='word_1_84' title='bbox 1538 394 1715 440; x_wconf 84' lang='lat' dir='ltr'><strong>quomodo</strong></span> <span class='ocrx_word' id='word_1_85' title='bbox 1745 406 1817 431; x_wconf 90' lang='lat' dir='ltr'><strong>non</strong></span> <span class='ocrx_word' id='word_1_86' title='bbox 1846 397 2066 442; x_wconf 78' lang='lat' dir='ltr'><strong>praevalebit</strong></span> <span class='ocrx_word' id='word_1_87' title='bbox 2093 397 2211 433; x_wconf 82' lang='lat' dir='ltr'><strong>divina</strong></span> <span class='ocrx_word' id='word_1_88' title='bbox 2239 397 2355 442; x_wconf 82' lang='lat' dir='ltr'><strong>gratia</strong></span> <span class='ocrx_word' id='word_1_89' title='bbox 2382 397 2461 432; x_wconf 81' lang='lat' dir='ltr'><strong>tali-</strong></span> 
     </span>
     <span class='ocr_line' id='line_1_7' title="bbox 242 437 2463 495; baseline -0.001 -16"><span class='ocrx_word' id='word_1_90' title='bbox 242 446 350 492; x_wconf 84' lang='grc' dir='ltr'><strong><em>θερία</em></strong></span> <span class='ocrx_word' id='word_1_91' title='bbox 367 442 520 485; x_wconf 80' lang='grc' dir='ltr'><strong><em>δίδοται,</em></strong></span> <span class='ocrx_word' id='word_1_92' title='bbox 544 444 623 479; x_wconf 71' lang='grc' dir='ltr'><strong><em>πῶς</em></strong></span> <span class='ocrx_word' id='word_1_93' title='bbox 641 440 705 477; x_wconf 72' lang='grc' dir='ltr'><strong>οὐκ</strong></span> <span class='ocrx_word' id='word_1_94' title='bbox 723 440 769 478; x_wconf 78' lang='grc' dir='ltr'><strong>ἂν</strong></span> <span class='ocrx_word' id='word_1_95' title='bbox 787 442 961 486; x_wconf 83' lang='grc' dir='ltr'><strong><em>ἰσχύσειεν</em></strong></span> <span class='ocrx_word' id='word_1_96' title='bbox 983 439 1003 485; x_wconf 82' lang='grc' dir='ltr'><em>ἡ</em></span> <span class='ocrx_word' id='word_1_97' title='bbox 1024 443 1110 476; x_wconf 85' lang='grc' dir='ltr'><strong><em>θεία</em></strong></span> <span class='ocrx_word' id='word_1_98' title='bbox 1126 437 1224 495; x_wconf 77' lang='grc' dir='ltr'><strong><em>χάρις</em></strong></span> <span class='ocrx_word' id='word_1_99' title='bbox 1241 440 1320 474; x_wconf 83' lang='grc' dir='ltr'><strong>τῶν</strong></span> <span class='ocrx_word' id='word_1_100' title='bbox 1388 443 1455 478; x_wconf 86' lang='lat' dir='ltr'><strong>bus</strong></span> <span class='ocrx_word' id='word_1_101' title='bbox 1475 451 1536 476; x_wconf 90' lang='lat' dir='ltr'><strong>eos</strong></span> <span class='ocrx_word' id='word_1_102' title='bbox 1561 439 1746 475; x_wconf 86' lang='lat' dir='ltr'><strong>absolvere</strong></span> <span class='ocrx_word' id='word_1_103' title='bbox 1767 440 1941 477; x_wconf 79' lang='lat' dir='ltr'><strong>vinculis?</strong></span> <span class='ocrx_word' id='word_1_104' title='bbox 1987 442 2024 478; x_wconf 90' lang='lat' dir='ltr'><strong>Si</strong></span> <span class='ocrx_word' id='word_1_105' title='bbox 2046 452 2130 478; x_wconf 85' lang='lat' dir='ltr'><strong>vero</strong></span> <span class='ocrx_word' id='word_1_106' title='bbox 2154 442 2248 477; x_wconf 75' lang='lat' dir='ltr'><strong>inira</strong></span> <span class='ocrx_word' id='word_1_107' title='bbox 2271 441 2463 477; x_wconf 88' lang='lat' dir='ltr'><strong>triennium</strong></span> 
     </span>
     <span class='ocr_line' id='line_1_8' title="bbox 239 483 2463 538; baseline -0.005 -14"><span class='ocrx_word' id='word_1_108' title='bbox 239 487 418 524; x_wconf 79' lang='grc' dir='ltr'><strong><em>τοιούτων</em></strong></span> <span class='ocrx_word' id='word_1_109' title='bbox 441 486 569 524; x_wconf 74' lang='grc' dir='ltr'><strong><em>αὐτοὺς</em></strong></span> <span class='ocrx_word' id='word_1_110' title='bbox 595 484 775 523; x_wconf 76' lang='grc' dir='ltr'><strong><em>ἀπολῦσαι</em></strong></span> <span class='ocrx_word' id='word_1_111' title='bbox 806 486 966 531; x_wconf 56' lang='lat' dir='ltr'><strong>§aenaim</strong></span> <span class='ocrx_word' id='word_1_112' title='bbox 1002 487 1048 520; x_wconf 85' lang='grc' dir='ltr'><strong>Εἰ</strong></span> <span class='ocrx_word' id='word_1_113' title='bbox 1079 483 1119 519; x_wconf 78' lang='grc' dir='ltr'><strong>δὲ</strong></span> <span class='ocrx_word' id='word_1_114' title='bbox 1148 488 1234 520; x_wconf 82' lang='grc' dir='ltr'><strong><em>εὶσω</em></strong></span> <span class='ocrx_word' id='word_1_115' title='bbox 1258 485 1319 528; x_wconf 81' lang='grc' dir='ltr'><strong>τῆς</strong></span> <span class='ocrx_word' id='word_1_116' title='bbox 1388 486 1522 522; x_wconf 87' lang='lat' dir='ltr'><strong>venerit</strong></span> <span class='ocrx_word' id='word_1_117' title='bbox 1570 484 1723 538; x_wconf 84' lang='lat' dir='ltr'><strong>uispiam</strong></span> <span class='ocrx_word' id='word_1_118' title='bbox 1747 488 1783 520; x_wconf 90' lang='lat' dir='ltr'><strong>et</strong></span> <span class='ocrx_word' id='word_1_119' title='bbox 1805 485 1956 531; x_wconf 77' lang='lat' dir='ltr'><strong>aliquem</strong></span> <span class='ocrx_word' id='word_1_120' title='bbox 1978 486 2115 530; x_wconf 86' lang='lat' dir='ltr'><strong>horum,</strong></span> <span class='ocrx_word' id='word_1_121' title='bbox 2141 487 2201 531; x_wconf 90' lang='lat' dir='ltr'><strong>qui</strong></span> <span class='ocrx_word' id='word_1_122' title='bbox 2226 486 2463 522; x_wconf 65' lang='lat' dir='ltr'><strong>conversatio-</strong></span> 
     </span>
     <span class='ocr_line' id='line_1_9' title="bbox 239 529 2465 584; baseline -0.001 -16"><span class='ocrx_word' id='word_1_123' title='bbox 239 536 393 581; x_wconf 85' lang='grc' dir='ltr'><strong><em>τριετίας</em></strong></span> <span class='ocrx_word' id='word_1_124' title='bbox 416 532 523 568; x_wconf 72' lang='grc' dir='ltr'><strong><em>ἔλθοι</em></strong></span> <span class='ocrx_word' id='word_1_125' title='bbox 549 544 620 575; x_wconf 87' lang='grc' dir='ltr'><strong><em>τις,</em></strong></span> <span class='ocrx_word' id='word_1_126' title='bbox 643 536 706 567; x_wconf 85' lang='grc' dir='ltr'><strong>καί</strong></span> <span class='ocrx_word' id='word_1_127' title='bbox 730 546 815 567; x_wconf 83' lang='grc' dir='ltr'><strong><em>τινα</em></strong></span> <span class='ocrx_word' id='word_1_128' title='bbox 837 533 915 567; x_wconf 83' lang='grc' dir='ltr'><strong>τῶν</strong></span> <span class='ocrx_word' id='word_1_129' title='bbox 938 533 986 565; x_wconf 81' lang='grc' dir='ltr'><strong><em>εἰς</em></strong></span> <span class='ocrx_word' id='word_1_130' title='bbox 1009 529 1161 573; x_wconf 78' lang='grc' dir='ltr'><strong><em>ἄσκησιν</em></strong></span> <span class='ocrx_word' id='word_1_131' title='bbox 1181 542 1319 584; x_wconf 72' lang='grc' dir='ltr'><strong><em>παραγ·</em></strong></span> <span class='ocrx_word' id='word_1_132' title='bbox 1388 541 1468 567; x_wconf 87' lang='lat' dir='ltr'><strong>nem</strong></span> <span class='ocrx_word' id='word_1_133' title='bbox 1491 535 1557 576; x_wconf 83' lang='lat' dir='ltr'><strong>pro</strong></span> <span class='ocrx_word' id='word_1_134' title='bbox 1574 540 1646 566; x_wconf 82' lang='lat' dir='ltr'><strong>essl</strong></span> <span class='ocrx_word' id='word_1_135' title='bbox 1669 533 1765 572; x_wconf 88' lang='lat' dir='ltr'><strong>sunt,</strong></span> <span class='ocrx_word' id='word_1_136' title='bbox 1788 530 1931 566; x_wconf 83' lang='lat' dir='ltr'>trahere</span> <span class='ocrx_word' id='word_1_137' title='bbox 1953 533 2026 567; x_wconf 85' lang='lat' dir='ltr'><strong>tam</strong></span> <span class='ocrx_word' id='word_1_138' title='bbox 2051 542 2133 568; x_wconf 88' lang='lat' dir='ltr'><strong>uam</strong></span> <span class='ocrx_word' id='word_1_139' title='bbox 2149 542 2289 567; x_wconf 88' lang='lat' dir='ltr'><strong>servum</strong></span> <span class='ocrx_word' id='word_1_140' title='bbox 2313 530 2465 567; x_wconf 87' lang='lat' dir='ltr'><strong>voluerit</strong></span> 
     </span>
     <span class='ocr_line' id='line_1_10' title="bbox 238 574 2464 625; baseline -0.001 -12"><span class='ocrx_word' id='word_1_141' title='bbox 238 576 444 625; x_wconf 84' lang='grc' dir='ltr'><strong><em>γελλόντων</em></strong></span> <span class='ocrx_word' id='word_1_142' title='bbox 468 576 583 613; x_wconf 74' lang='grc' dir='ltr'><strong><em>ἕλκειν</em></strong></span> <span class='ocrx_word' id='word_1_143' title='bbox 607 574 655 613; x_wconf 81' lang='grc' dir='ltr'><strong>ὠς</strong></span> <span class='ocrx_word' id='word_1_144' title='bbox 682 578 823 620; x_wconf 79' lang='grc' dir='ltr'><strong><em>οἰκέτην</em></strong></span> <span class='ocrx_word' id='word_1_145' title='bbox 855 575 1050 621; x_wconf 76' lang='grc' dir='ltr'><strong><em>βουληθείη</em></strong></span> <span class='ocrx_word' id='word_1_146' title='bbox 1081 576 1199 618; x_wconf 83' lang='grc' dir='ltr'><strong><em>(τοῦτο</em></strong></span> <span class='ocrx_word' id='word_1_147' title='bbox 1228 586 1320 621; x_wconf 81' lang='grc' dir='ltr'><strong><em>οπερ</em></strong></span> <span class='ocrx_word' id='word_1_148' title='bbox 1390 576 1471 615; x_wconf 88' lang='lat' dir='ltr'><strong>(hoc</strong></span> <span class='ocrx_word' id='word_1_149' title='bbox 1495 574 1590 620; x_wconf 86' lang='lat' dir='ltr'><strong>quod</strong></span> <span class='ocrx_word' id='word_1_150' title='bbox 1621 585 1737 620; x_wconf 87' lang='lat' dir='ltr'>nuper</span> <span class='ocrx_word' id='word_1_151' title='bbox 1764 574 1869 610; x_wconf 85' lang='lat' dir='ltr'><strong>nobis</strong></span> <span class='ocrx_word' id='word_1_152' title='bbox 1898 585 1941 610; x_wconf 87' lang='lat' dir='ltr'><strong>ex</strong></span> <span class='ocrx_word' id='word_1_153' title='bbox 1965 576 2040 622; x_wconf 79' lang='lat' dir='ltr'><strong>Lyc</strong></span> <span class='ocrx_word' id='word_1_154' title='bbox 2105 577 2279 612; x_wconf 89' lang='lat' dir='ltr'><strong>nuntiavit</strong></span> <span class='ocrx_word' id='word_1_155' title='bbox 2301 575 2464 613; x_wconf 83' lang='lat' dir='ltr'><strong>Zosimus</strong></span> 
     </span>
     <span class='ocr_line' id='line_1_11' title="bbox 239 615 2466 670; baseline -0.002 -12"><span class='ocrx_word' id='word_1_156' title='bbox 239 624 384 670; x_wconf 75' lang='grc' dir='ltr'><strong><em>ἔναγχος</em></strong></span> <span class='ocrx_word' id='word_1_157' title='bbox 413 620 498 668; x_wconf 83' lang='grc' dir='ltr'><strong><em>ἡμῖν</em></strong></span> <span class='ocrx_word' id='word_1_158' title='bbox 526 625 565 657; x_wconf 71' lang='grc' dir='ltr'><strong>ἐκ</strong></span> <span class='ocrx_word' id='word_1_159' title='bbox 589 624 726 657; x_wconf 78' lang='grc' dir='ltr'><strong><em>Λυκίας</em></strong></span> <span class='ocrx_word' id='word_1_160' title='bbox 755 620 979 669; x_wconf 80' lang='grc' dir='ltr'><strong><em>προςὴγγειλε</em></strong></span> <span class='ocrx_word' id='word_1_161' title='bbox 1004 618 1167 664; x_wconf 82' lang='grc' dir='ltr'><strong><em>Ζώοιμος</em></strong></span> <span class='ocrx_word' id='word_1_162' title='bbox 1191 615 1210 653; x_wconf 84' lang='grc' dir='ltr'>ὁ</span> <span class='ocrx_word' id='word_1_163' title='bbox 1235 619 1318 653; x_wconf 84' lang='grc' dir='ltr'><strong><em>θεο·</em></strong></span> <span class='ocrx_word' id='word_1_164' title='bbox 1334 622 1375 654; x_wconf 88' lang='grc'><strong>10</strong></span> <span class='ocrx_word' id='word_1_165' title='bbox 1390 621 1455 656; x_wconf 85' lang='lat' dir='ltr'><strong>deo</strong></span> <span class='ocrx_word' id='word_1_166' title='bbox 1480 619 1660 662; x_wconf 86' lang='lat' dir='ltr'><strong>amabilis,</strong></span> <span class='ocrx_word' id='word_1_167' title='bbox 1690 620 1743 654; x_wconf 87' lang='lat' dir='ltr'><strong>vir</strong></span> <span class='ocrx_word' id='word_1_168' title='bbox 1771 619 2030 656; x_wconf 82' lang='lat' dir='ltr'><strong>famosissimus</strong></span> <span class='ocrx_word' id='word_1_169' title='bbox 2059 621 2097 656; x_wconf 89' lang='lat' dir='ltr'><strong>in</strong></span> <span class='ocrx_word' id='word_1_170' title='bbox 2129 620 2399 657; x_wconf 82' lang='lat' dir='ltr'><strong>conversatione</strong></span> <span class='ocrx_word' id='word_1_171' title='bbox 2430 624 2466 656; x_wconf 87' lang='lat' dir='ltr'><strong>et</strong></span> 
     </span>
     <span class='ocr_line' id='line_1_12' title="bbox 239 663 2464 715; baseline -0.001 -12"><span class='ocrx_word' id='word_1_172' title='bbox 239 667 462 715; x_wconf 77' lang='grc' dir='ltr'><strong><em>φιλέστατος,</em></strong></span> <span class='ocrx_word' id='word_1_173' title='bbox 486 666 576 714; x_wconf 81' lang='grc' dir='ltr'><strong><em>ἀνὴρ</em></strong></span> <span class='ocrx_word' id='word_1_174' title='bbox 597 667 808 713; x_wconf 81' lang='grc' dir='ltr'><strong><em>περιβόητος</em></strong></span> <span class='ocrx_word' id='word_1_175' title='bbox 827 668 866 700; x_wconf 76' lang='grc' dir='ltr'><strong>ἐν</strong></span> <span class='ocrx_word' id='word_1_176' title='bbox 889 663 1045 709; x_wconf 83' lang='grc' dir='ltr'><strong><em>ἀσκήσει,</em></strong></span> <span class='ocrx_word' id='word_1_177' title='bbox 1070 668 1129 698; x_wconf 85' lang='grc' dir='ltr'><strong>καὶ</strong></span> <span class='ocrx_word' id='word_1_178' title='bbox 1154 663 1321 711; x_wconf 79' lang='grc' dir='ltr'><strong><em>σύνεγγυς</em></strong></span> <span class='ocrx_word' id='word_1_179' title='bbox 1388 676 1453 711; x_wconf 86' lang='lat' dir='ltr'><strong>pro</strong></span> <span class='ocrx_word' id='word_1_180' title='bbox 1480 676 1500 701; x_wconf 92' lang='lat' dir='ltr'><strong>e</strong></span> <span class='ocrx_word' id='word_1_181' title='bbox 1517 664 1722 701; x_wconf 89' lang='lat' dir='ltr'><strong>vicesimum</strong></span> <span class='ocrx_word' id='word_1_182' title='bbox 1742 669 1779 700; x_wconf 81' lang='lat' dir='ltr'><strong>et</strong></span> <span class='ocrx_word' id='word_1_183' title='bbox 1801 664 2030 702; x_wconf 85' lang='lat' dir='ltr'><strong>centesimum</strong></span> <span class='ocrx_word' id='word_1_184' title='bbox 2047 666 2174 701; x_wconf 86' lang='lat' dir='ltr'><strong>aetatis</strong></span> <span class='ocrx_word' id='word_1_185' title='bbox 2193 676 2300 711; x_wconf 81' lang='lat' dir='ltr'><strong>agens</strong></span> <span class='ocrx_word' id='word_1_186' title='bbox 2320 676 2464 710; x_wconf 84' lang='lat' dir='ltr'><strong>annum,</strong></span> 
     </span>
     <span class='ocr_line' id='line_1_13' title="bbox 238 707 2464 763; baseline -0.001 -15"><span class='ocrx_word' id='word_1_187' title='bbox 238 715 306 758; x_wconf 80' lang='grc' dir='ltr'><strong>μὲν</strong></span> <span class='ocrx_word' id='word_1_188' title='bbox 328 714 377 748; x_wconf 80' lang='grc' dir='ltr'><strong><em>εἰς</em></strong></span> <span class='ocrx_word' id='word_1_189' title='bbox 400 712 564 748; x_wconf 80' lang='grc' dir='ltr'><strong><em>εἰκοστὸν</em></strong></span> <span class='ocrx_word' id='word_1_190' title='bbox 587 715 647 747; x_wconf 78' lang='grc' dir='ltr'><strong>καὶ</strong></span> <span class='ocrx_word' id='word_1_191' title='bbox 677 710 875 746; x_wconf 82' lang='grc' dir='ltr'><strong><em>ἑκατοστὸν</em></strong></span> <span class='ocrx_word' id='word_1_192' title='bbox 899 709 1064 744; x_wconf 81' lang='grc' dir='ltr'><strong><em>ἐνιαυτὸν</em></strong></span> <span class='ocrx_word' id='word_1_193' title='bbox 1093 711 1154 752; x_wconf 83' lang='grc' dir='ltr'><strong>τῆς</strong></span> <span class='ocrx_word' id='word_1_194' title='bbox 1185 707 1321 752; x_wconf 73' lang='grc' dir='ltr'><strong><em>ἡλικίας</em></strong></span> <span class='ocrx_word' id='word_1_195' title='bbox 1389 711 1527 756; x_wconf 88' lang='lat' dir='ltr'><strong>polens</strong></span> <span class='ocrx_word' id='word_1_196' title='bbox 1553 714 1672 745; x_wconf 87' lang='lat' dir='ltr'><strong>autem</strong></span> <span class='ocrx_word' id='word_1_197' title='bbox 1697 713 1733 744; x_wconf 85' lang='lat' dir='ltr'><strong>et</strong></span> <span class='ocrx_word' id='word_1_198' title='bbox 1755 709 1863 744; x_wconf 82' lang='lat' dir='ltr'><strong>animi</strong></span> <span class='ocrx_word' id='word_1_199' title='bbox 1886 709 2077 745; x_wconf 85' lang='lat' dir='ltr'><strong>virtutibus</strong></span> <span class='ocrx_word' id='word_1_200' title='bbox 2096 713 2134 746; x_wconf 85' lang='lat' dir='ltr'><strong>et</strong></span> <span class='ocrx_word' id='word_1_201' title='bbox 2155 711 2315 763; x_wconf 80' lang='lat' dir='ltr'><strong>corporis</strong></span> <span class='ocrx_word' id='word_1_202' title='bbox 2338 721 2464 756; x_wconf 80' lang='lat' dir='ltr'><strong>opera-</strong></span> 
     </span>
     <span class='ocr_line' id='line_1_14' title="bbox 239 752 2464 805; baseline -0.001 -12"><span class='ocrx_word' id='word_1_203' title='bbox 239 757 536 805; x_wconf 83' lang='grc' dir='ltr'><strong><em>παραγενόμενος,</em></strong></span> <span class='ocrx_word' id='word_1_204' title='bbox 559 754 730 801; x_wconf 78' lang='grc' dir='ltr'><strong><em>ἀκμάζων</em></strong></span> <span class='ocrx_word' id='word_1_205' title='bbox 751 755 791 790; x_wconf 80' lang='grc' dir='ltr'><strong>δὲ</strong></span> <span class='ocrx_word' id='word_1_206' title='bbox 810 759 888 790; x_wconf 78' lang='grc' dir='ltr'><strong><em>ταῖς</em></strong></span> <span class='ocrx_word' id='word_1_207' title='bbox 907 769 948 790; x_wconf 78' lang='grc' dir='ltr'><strong>τε</strong></span> <span class='ocrx_word' id='word_1_208' title='bbox 963 756 1024 797; x_wconf 80' lang='grc' dir='ltr'><strong>τῆς</strong></span> <span class='ocrx_word' id='word_1_209' title='bbox 1045 756 1156 800; x_wconf 82' lang='grc' dir='ltr'><strong><em>ψυχῆς</em></strong></span> <span class='ocrx_word' id='word_1_210' title='bbox 1177 752 1319 802; x_wconf 74' lang='grc' dir='ltr'><strong><em>ἀρεταῖς</em></strong></span> <span class='ocrx_word' id='word_1_211' title='bbox 1388 755 1562 791; x_wconf 78' lang='lat' dir='ltr'>tionibus:</span> <span class='ocrx_word' id='word_1_212' title='bbox 1588 757 1691 790; x_wconf 83' lang='lat' dir='ltr'><strong>tanta</strong></span> <span class='ocrx_word' id='word_1_213' title='bbox 1714 754 1888 800; x_wconf 81' lang='lat' dir='ltr'><strong>quaedam</strong></span> <span class='ocrx_word' id='word_1_214' title='bbox 1911 754 1948 789; x_wconf 87' lang='lat' dir='ltr'><strong>in</strong></span> <span class='ocrx_word' id='word_1_215' title='bbox 1965 765 2007 790; x_wconf 88' lang='lat' dir='ltr'><strong>eo</strong></span> <span class='ocrx_word' id='word_1_216' title='bbox 2030 755 2145 799; x_wconf 74' lang='lat' dir='ltr'><strong>gratia</strong></span> <span class='ocrx_word' id='word_1_217' title='bbox 2167 755 2224 790; x_wconf 79' lang='lat' dir='ltr'><strong>del</strong></span> <span class='ocrx_word' id='word_1_218' title='bbox 2242 755 2418 799; x_wconf 58' lang='grc'><strong>1101613-</strong></span> <span class='ocrx_word' id='word_1_219' title='bbox 2435 756 2464 790; x_wconf 88' lang='lat' dir='ltr'><strong>si</strong></span> 
     </span>
     <span class='ocr_line' id='line_1_15' title="bbox 238 795 2466 848; baseline -0.001 -10"><span class='ocrx_word' id='word_1_220' title='bbox 238 806 316 838; x_wconf 80' lang='grc' dir='ltr'><strong><em>ταῖς</em></strong></span> <span class='ocrx_word' id='word_1_221' title='bbox 339 816 378 838; x_wconf 80' lang='grc' dir='ltr'><strong>τε</strong></span> <span class='ocrx_word' id='word_1_222' title='bbox 396 804 458 837; x_wconf 78' lang='grc' dir='ltr'><strong>τοῦ</strong></span> <span class='ocrx_word' id='word_1_223' title='bbox 475 802 642 847; x_wconf 78' lang='grc' dir='ltr'><strong><em>σώματος</em></strong></span> <span class='ocrx_word' id='word_1_224' title='bbox 662 804 861 848; x_wconf 74' lang='grc' dir='ltr'><strong><em>ἐνεργείαις,</em></strong></span> <span class='ocrx_word' id='word_1_225' title='bbox 885 798 1043 842; x_wconf 79' lang='grc' dir='ltr'><strong><em>τοσαύτη</em></strong></span> <span class='ocrx_word' id='word_1_226' title='bbox 1063 810 1117 834; x_wconf 77' lang='grc' dir='ltr'><strong>τις</strong></span> <span class='ocrx_word' id='word_1_227' title='bbox 1138 795 1237 843; x_wconf 78' lang='grc' dir='ltr'><strong><em>αὐτῷ</em></strong></span> <span class='ocrx_word' id='word_1_228' title='bbox 1256 800 1318 833; x_wconf 87' lang='grc' dir='ltr'><strong>τοῦ</strong></span> <span class='ocrx_word' id='word_1_229' title='bbox 1387 800 1466 845; x_wconf 83' lang='lat' dir='ltr'><strong>quis</strong></span> <span class='ocrx_word' id='word_1_230' title='bbox 1484 800 1603 845; x_wconf 81' lang='lat' dir='ltr'><strong>igitur,</strong></span> <span class='ocrx_word' id='word_1_231' title='bbox 1628 799 1723 836; x_wconf 84' lang='lat' dir='ltr'><strong>sicut</strong></span> <span class='ocrx_word' id='word_1_232' title='bbox 1745 799 1998 845; x_wconf 79' lang='lat' dir='ltr'><strong>praediximus,</strong></span> <span class='ocrx_word' id='word_1_233' title='bbox 2021 799 2119 835; x_wconf 73' lang='lat' dir='ltr'><strong>intra</strong></span> <span class='ocrx_word' id='word_1_234' title='bbox 2140 799 2330 836; x_wconf 77' lang='lat' dir='ltr'><strong>triennium</strong></span> <span class='ocrx_word' id='word_1_235' title='bbox 2348 801 2466 836; x_wconf 78' lang='lat' dir='ltr'><strong>veniat</strong></span> 
     </span>
     <span class='ocr_line' id='line_1_16' title="bbox 238 842 2464 895; baseline -0.001 -13"><span class='ocrx_word' id='word_1_236' title='bbox 238 849 328 882; x_wconf 79' lang='grc' dir='ltr'><strong><em>θεοῦ</em></strong></span> <span class='ocrx_word' id='word_1_237' title='bbox 351 845 450 895; x_wconf 78' lang='grc' dir='ltr'><strong><em>χάρις</em></strong></span> <span class='ocrx_word' id='word_1_238' title='bbox 473 847 655 889; x_wconf 75' lang='grc' dir='ltr'><strong><em>ἐπανθεῖ),</em></strong></span> <span class='ocrx_word' id='word_1_239' title='bbox 676 846 711 880; x_wconf 79' lang='grc' dir='ltr'><strong>εἴ</strong></span> <span class='ocrx_word' id='word_1_240' title='bbox 729 857 783 880; x_wconf 80' lang='grc' dir='ltr'><strong>τις</strong></span> <span class='ocrx_word' id='word_1_241' title='bbox 802 849 937 887; x_wconf 85' lang='grc' dir='ltr'><strong><em>τοίνυν,</em></strong></span> <span class='ocrx_word' id='word_1_242' title='bbox 961 843 1132 891; x_wconf 82' lang='grc' dir='ltr'><strong><em>καθάπερ</em></strong></span> <span class='ocrx_word' id='word_1_243' title='bbox 1156 842 1319 879; x_wconf 87' lang='grc' dir='ltr'><strong><em>εἰπόντες</em></strong></span> <span class='ocrx_word' id='word_1_244' title='bbox 1336 847 1373 880; x_wconf 84' lang='grc'><strong>15</strong></span> <span class='ocrx_word' id='word_1_245' title='bbox 1387 846 1540 890; x_wconf 85' lang='lat' dir='ltr'><strong>aliquem</strong></span> <span class='ocrx_word' id='word_1_246' title='bbox 1562 845 1600 880; x_wconf 92' lang='lat' dir='ltr'><strong>in</strong></span> <span class='ocrx_word' id='word_1_247' title='bbox 1624 845 1830 880; x_wconf 86' lang='lat' dir='ltr'><strong>servitutem</strong></span> <span class='ocrx_word' id='word_1_248' title='bbox 1861 845 2008 880; x_wconf 87' lang='lat' dir='ltr'><strong>trahens</strong></span> <span class='ocrx_word' id='word_1_249' title='bbox 2042 844 2236 880; x_wconf 82' lang='lat' dir='ltr'><strong>volentium</strong></span> <span class='ocrx_word' id='word_1_250' title='bbox 2263 848 2301 880; x_wconf 88' lang='lat' dir='ltr'><strong>et</strong></span> <span class='ocrx_word' id='word_1_251' title='bbox 2333 845 2464 890; x_wconf 86' lang='lat' dir='ltr'><strong>perdu-</strong></span> 
     </span>
     <span class='ocr_line' id='line_1_17' title="bbox 237 887 2467 938; baseline -0.002 -10"><span class='ocrx_word' id='word_1_252' title='bbox 237 892 256 928; x_wconf 79' lang='grc' dir='ltr'><strong><em>ἔ</em></strong></span> <span class='ocrx_word' id='word_1_253' title='bbox 287 894 416 938; x_wconf 83' lang='grc' dir='ltr'><strong><em>θημεν,</em></strong></span> <span class='ocrx_word' id='word_1_254' title='bbox 444 893 530 926; x_wconf 80' lang='grc' dir='ltr'><strong><em>εἴσω</em></strong></span> <span class='ocrx_word' id='word_1_255' title='bbox 548 893 610 934; x_wconf 74' lang='grc' dir='ltr'><strong>τῆς</strong></span> <span class='ocrx_word' id='word_1_256' title='bbox 632 894 787 937; x_wconf 78' lang='grc' dir='ltr'><strong><em>τριετίας</em></strong></span> <span class='ocrx_word' id='word_1_257' title='bbox 811 888 917 924; x_wconf 77' lang='grc' dir='ltr'><strong><em>ἔλθοι</em></strong></span> <span class='ocrx_word' id='word_1_258' title='bbox 940 888 1024 923; x_wconf 86' lang='grc' dir='ltr'><strong><em>τινὰ</em></strong></span> <span class='ocrx_word' id='word_1_259' title='bbox 1044 889 1133 936; x_wconf 78' lang='grc' dir='ltr'><strong><em>πρὸς</em></strong></span> <span class='ocrx_word' id='word_1_260' title='bbox 1153 887 1319 931; x_wconf 65' lang='grc' dir='ltr'><strong><em>δουλείαν</em></strong></span> <span class='ocrx_word' id='word_1_261' title='bbox 1386 890 1560 933; x_wconf 81' lang='lat' dir='ltr'><strong>rantium,</strong></span> <span class='ocrx_word' id='word_1_262' title='bbox 1586 892 1629 925; x_wconf 86' lang='lat' dir='ltr'><strong>ut</strong></span> <span class='ocrx_word' id='word_1_263' title='bbox 1651 889 1777 925; x_wconf 87' lang='lat' dir='ltr'><strong>fierent</strong></span> <span class='ocrx_word' id='word_1_264' title='bbox 1800 889 1984 933; x_wconf 83' lang='lat' dir='ltr'><strong>monachi,</strong></span> <span class='ocrx_word' id='word_1_265' title='bbox 2010 892 2047 924; x_wconf 88' lang='lat' dir='ltr'><strong>et</strong></span> <span class='ocrx_word' id='word_1_266' title='bbox 2070 888 2183 933; x_wconf 76' lang='lat' dir='ltr'><strong>dicat,</strong></span> <span class='ocrx_word' id='word_1_267' title='bbox 2207 889 2292 934; x_wconf 74' lang='lat' dir='ltr'><strong>quia</strong></span> <span class='ocrx_word' id='word_1_268' title='bbox 2314 889 2467 935; x_wconf 78' lang='lat' dir='ltr'><strong>arripuit</strong></span> 
     </span>
     <span class='ocr_line' id='line_1_18' title="bbox 238 907 2465 982; baseline -0.001 -10"><span class='ocrx_word' id='word_1_269' title='bbox 238 907 354 973; x_wconf 54' lang='grc' dir='ltr'><strong><em>ἕλκων</em></strong></span> <span class='ocrx_word' id='word_1_270' title='bbox 377 938 455 972; x_wconf 84' lang='grc' dir='ltr'><strong>τῶν</strong></span> <span class='ocrx_word' id='word_1_271' title='bbox 474 936 707 982; x_wconf 77' lang='grc' dir='ltr'><strong><em>βουλομένων</em></strong></span> <span class='ocrx_word' id='word_1_272' title='bbox 730 938 789 968; x_wconf 82' lang='grc' dir='ltr'><strong>καὶ</strong></span> <span class='ocrx_word' id='word_1_273' title='bbox 814 934 1178 981; x_wconf 81' lang='grc' dir='ltr'><strong><em>προςκαρτερούντων</em></strong></span> <span class='ocrx_word' id='word_1_274' title='bbox 1198 931 1259 980; x_wconf 78' lang='grc' dir='ltr'><strong>ἐφ’</strong></span> <span class='ocrx_word' id='word_1_275' title='bbox 1287 932 1317 977; x_wconf 73' lang='grc' dir='ltr'><em>ᾧ</em></span> <span class='ocrx_word' id='word_1_276' title='bbox 1388 935 1561 981; x_wconf 79' lang='lat' dir='ltr'><strong>quasdam</strong></span> <span class='ocrx_word' id='word_1_277' title='bbox 1584 945 1652 978; x_wconf 86' lang='lat' dir='ltr'><strong>res,</strong></span> <span class='ocrx_word' id='word_1_278' title='bbox 1676 939 1712 971; x_wconf 85' lang='lat' dir='ltr'><strong>et</strong></span> <span class='ocrx_word' id='word_1_279' title='bbox 1734 939 1926 980; x_wconf 77' lang='lat' dir='ltr'><strong>propterea</strong></span> <span class='ocrx_word' id='word_1_280' title='bbox 1948 933 2102 970; x_wconf 75' lang='lat' dir='ltr'><strong>recurrit</strong></span> <span class='ocrx_word' id='word_1_281' title='bbox 2125 934 2171 969; x_wconf 81' lang='lat' dir='ltr'><strong>ad</strong></span> <span class='ocrx_word' id='word_1_282' title='bbox 2193 935 2465 970; x_wconf 65' lang='lat' dir='ltr'><strong>monasterium:</strong></span> 
     </span>
     <span class='ocr_line' id='line_1_19' title="bbox 236 976 2465 1030; baseline -0.002 -12"><span class='ocrx_word' id='word_1_283' title='bbox 236 983 411 1030; x_wconf 76' lang='grc' dir='ltr'><strong><em>γενέσθαι</em></strong></span> <span class='ocrx_word' id='word_1_284' title='bbox 434 985 603 1027; x_wconf 83' lang='grc' dir='ltr'><strong><em>μοναχοί,</em></strong></span> <span class='ocrx_word' id='word_1_285' title='bbox 637 979 730 1027; x_wconf 83' lang='grc' dir='ltr'><strong><em>λέγοι</em></strong></span> <span class='ocrx_word' id='word_1_286' title='bbox 754 993 810 1021; x_wconf 85' lang='grc' dir='ltr'><strong>τε,</strong></span> <span class='ocrx_word' id='word_1_287' title='bbox 842 976 890 1014; x_wconf 69' lang='grc' dir='ltr'><strong>ὥς</strong></span> <span class='ocrx_word' id='word_1_288' title='bbox 913 977 1077 1025; x_wconf 76' lang='grc' dir='ltr'><strong><em>ὑφείλετό</em></strong></span> <span class='ocrx_word' id='word_1_289' title='bbox 1102 992 1186 1014; x_wconf 88' lang='grc' dir='ltr'><strong><em>τινα</em></strong></span> <span class='ocrx_word' id='word_1_290' title='bbox 1206 977 1317 1026; x_wconf 81' lang='grc' dir='ltr'><strong><em>πράγ-</em></strong></span> <span class='ocrx_word' id='word_1_291' title='bbox 1341 1009 1343 1011; x_wconf 91' lang='grc'>.</span> <span class='ocrx_word' id='word_1_292' title='bbox 1387 981 1588 1022; x_wconf 80' lang='lat' dir='ltr'><strong>sancimus,</strong></span> <span class='ocrx_word' id='word_1_293' title='bbox 1612 990 1693 1015; x_wconf 89' lang='lat' dir='ltr'><strong>eum</strong></span> <span class='ocrx_word' id='word_1_294' title='bbox 1718 990 1790 1015; x_wconf 85' lang='lat' dir='ltr'><strong>non</strong></span> <span class='ocrx_word' id='word_1_295' title='bbox 1812 983 1976 1025; x_wconf 86' lang='lat' dir='ltr'><strong>prompte</strong></span> <span class='ocrx_word' id='word_1_296' title='bbox 2000 989 2125 1023; x_wconf 84' lang='lat' dir='ltr'><strong>agere,</strong></span> <span class='ocrx_word' id='word_1_297' title='bbox 2157 978 2221 1014; x_wconf 85' lang='lat' dir='ltr'><strong>sed</strong></span> <span class='ocrx_word' id='word_1_298' title='bbox 2243 979 2357 1024; x_wconf 86' lang='lat' dir='ltr'><strong>primo</strong></span> <span class='ocrx_word' id='word_1_299' title='bbox 2381 989 2465 1024; x_wconf 88' lang='lat' dir='ltr'><strong>pro-</strong></span> 
     </span>
     <span class='ocr_line' id='line_1_20' title="bbox 237 1022 2466 1076; baseline -0.002 -13"><span class='ocrx_word' id='word_1_300' title='bbox 237 1041 335 1065; x_wconf 77' lang='grc' dir='ltr'><strong><em>ματα</em></strong></span> <span class='ocrx_word' id='word_1_301' title='bbox 358 1030 417 1061; x_wconf 85' lang='grc' dir='ltr'><strong>καὶ</strong></span> <span class='ocrx_word' id='word_1_302' title='bbox 442 1025 502 1061; x_wconf 79' lang='grc' dir='ltr'><strong>διὰ</strong></span> <span class='ocrx_word' id='word_1_303' title='bbox 525 1027 632 1060; x_wconf 83' lang='grc' dir='ltr'><strong><em>τοῦτο</em></strong></span> <span class='ocrx_word' id='word_1_304' title='bbox 656 1022 843 1071; x_wconf 77' lang='grc' dir='ltr'><strong><em>εἰσέδραμε</em></strong></span> <span class='ocrx_word' id='word_1_305' title='bbox 872 1023 961 1069; x_wconf 77' lang='grc' dir='ltr'><strong><em>πρὸς</em></strong></span> <span class='ocrx_word' id='word_1_306' title='bbox 984 1023 1025 1058; x_wconf 86' lang='grc' dir='ltr'><strong>τὸ</strong></span> <span class='ocrx_word' id='word_1_307' title='bbox 1055 1022 1318 1071; x_wconf 83' lang='grc' dir='ltr'><strong><em>μοναστὴριον·</em></strong></span> <span class='ocrx_word' id='word_1_308' title='bbox 1386 1027 1474 1062; x_wconf 83' lang='lat' dir='ltr'><strong>bare</strong></span> <span class='ocrx_word' id='word_1_309' title='bbox 1507 1036 1573 1071; x_wconf 91' lang='lat' dir='ltr'><strong>pro</strong></span> <span class='ocrx_word' id='word_1_310' title='bbox 1596 1025 1761 1068; x_wconf 74' lang='lat' dir='ltr'><strong>veritate,</strong></span> <span class='ocrx_word' id='word_1_311' title='bbox 1794 1025 1878 1070; x_wconf 81' lang='lat' dir='ltr'><strong>quia</strong></span> <span class='ocrx_word' id='word_1_312' title='bbox 1907 1027 1943 1060; x_wconf 83' lang='lat' dir='ltr'><strong>et</strong></span> <span class='ocrx_word' id='word_1_313' title='bbox 1974 1034 2097 1060; x_wconf 86' lang='lat' dir='ltr'><strong>servus</strong></span> <span class='ocrx_word' id='word_1_314' title='bbox 2129 1027 2185 1059; x_wconf 86' lang='lat' dir='ltr'><strong>est</strong></span> <span class='ocrx_word' id='word_1_315' title='bbox 2213 1025 2250 1059; x_wconf 82' lang='lat' dir='ltr'><strong>et</strong></span> <span class='ocrx_word' id='word_1_316' title='bbox 2275 1034 2346 1076; x_wconf 78' lang='lat' dir='ltr'><strong>pro</strong></span> <span class='ocrx_word' id='word_1_317' title='bbox 2369 1023 2466 1060; x_wconf 81' lang='lat' dir='ltr'><strong>furto</strong></span> 
     </span>
     <span class='ocr_line' id='line_1_21' title="bbox 237 1067 2466 1116; baseline -0.001 -10"><span class='ocrx_word' id='word_1_318' title='bbox 237 1073 464 1116; x_wconf 80' lang='grc' dir='ltr'><strong><em>θεσπίζομεν</em></strong></span> <span class='ocrx_word' id='word_1_319' title='bbox 484 1068 593 1104; x_wconf 80' lang='grc' dir='ltr'><strong><em>αὐτὸν</em></strong></span> <span class='ocrx_word' id='word_1_320' title='bbox 608 1069 658 1114; x_wconf 85' lang='grc' dir='ltr'><strong>μὴ</strong></span> <span class='ocrx_word' id='word_1_321' title='bbox 681 1073 876 1114; x_wconf 77' lang='grc' dir='ltr'><strong><em>προχείρως</em></strong></span> <span class='ocrx_word' id='word_1_322' title='bbox 895 1071 1003 1103; x_wconf 82' lang='grc' dir='ltr'><strong><em>τοῦτο</em></strong></span> <span class='ocrx_word' id='word_1_323' title='bbox 1021 1069 1206 1115; x_wconf 82' lang='grc' dir='ltr'><strong><em>πράττειν,</em></strong></span> <span class='ocrx_word' id='word_1_324' title='bbox 1231 1067 1319 1103; x_wconf 82' lang='grc' dir='ltr'><strong><em>ἀλλὰ</em></strong></span> <span class='ocrx_word' id='word_1_325' title='bbox 1332 1071 1374 1104; x_wconf 87' lang='grc'><strong>20</strong></span> <span class='ocrx_word' id='word_1_326' title='bbox 1387 1071 1512 1107; x_wconf 80' lang='lat' dir='ltr'><strong>forsan</strong></span> <span class='ocrx_word' id='word_1_327' title='bbox 1536 1074 1599 1106; x_wconf 83' lang='lat' dir='ltr'><strong>aut</strong></span> <span class='ocrx_word' id='word_1_328' title='bbox 1621 1081 1688 1115; x_wconf 89' lang='lat' dir='ltr'><strong>pro</strong></span> <span class='ocrx_word' id='word_1_329' title='bbox 1712 1070 1785 1105; x_wconf 78' lang='lat' dir='ltr'><strong>vita</strong></span> <span class='ocrx_word' id='word_1_330' title='bbox 1807 1070 1965 1114; x_wconf 77' lang='lat' dir='ltr'><strong>maligna</strong></span> <span class='ocrx_word' id='word_1_331' title='bbox 1984 1073 2048 1105; x_wconf 82' lang='lat' dir='ltr'><strong>aut</strong></span> <span class='ocrx_word' id='word_1_332' title='bbox 2071 1068 2165 1104; x_wconf 84' lang='lat' dir='ltr'><strong>vitiis</strong></span> <span class='ocrx_word' id='word_1_333' title='bbox 2189 1068 2352 1114; x_wconf 68' lang='lat' dir='ltr'><strong>pessxmis</strong></span> <span class='ocrx_word' id='word_1_334' title='bbox 2367 1068 2466 1114; x_wconf 80' lang='lat' dir='ltr'><strong>fuge-</strong></span> 
     </span>
     <span class='ocr_line' id='line_1_22' title="bbox 238 1112 2467 1163; baseline -0.002 -10"><span class='ocrx_word' id='word_1_335' title='bbox 238 1115 415 1163; x_wconf 84' lang='grc' dir='ltr'><strong><em>πρότερον</em></strong></span> <span class='ocrx_word' id='word_1_336' title='bbox 445 1113 701 1150; x_wconf 81' lang='grc' dir='ltr'><strong><em>ἀποδεικνύναι</em></strong></span> <span class='ocrx_word' id='word_1_337' title='bbox 732 1117 810 1148; x_wconf 85' lang='grc' dir='ltr'><strong><em>ταῖς</em></strong></span> <span class='ocrx_word' id='word_1_338' title='bbox 835 1112 1033 1157; x_wconf 72' lang='grc' dir='ltr'><strong><em>ἀληθείαις,</em></strong></span> <span class='ocrx_word' id='word_1_339' title='bbox 1068 1112 1116 1149; x_wconf 75' lang='grc' dir='ltr'><strong>ὠς</strong></span> <span class='ocrx_word' id='word_1_340' title='bbox 1149 1117 1208 1148; x_wconf 79' lang='grc' dir='ltr'><strong>καὶ</strong></span> <span class='ocrx_word' id='word_1_341' title='bbox 1240 1112 1318 1148; x_wconf 82' lang='grc' dir='ltr'><strong><em>δοῦ·</em></strong></span> <span class='ocrx_word' id='word_1_342' title='bbox 1387 1116 1435 1151; x_wconf 89' lang='lat' dir='ltr'><strong>rit</strong></span> <span class='ocrx_word' id='word_1_343' title='bbox 1464 1116 1625 1160; x_wconf 89' lang='lat' dir='ltr'><strong>quidem,</strong></span> <span class='ocrx_word' id='word_1_344' title='bbox 1660 1126 1726 1159; x_wconf 89' lang='lat' dir='ltr'><strong>pro</strong></span> <span class='ocrx_word' id='word_1_345' title='bbox 1753 1118 1808 1150; x_wconf 87' lang='lat' dir='ltr'><strong>ter</strong></span> <span class='ocrx_word' id='word_1_346' title='bbox 1840 1126 1944 1150; x_wconf 89' lang='lat' dir='ltr'><strong>suum</strong></span> <span class='ocrx_word' id='word_1_347' title='bbox 1972 1114 2097 1150; x_wconf 88' lang='lat' dir='ltr'><strong>vitium</strong></span> <span class='ocrx_word' id='word_1_348' title='bbox 2132 1114 2179 1149; x_wconf 87' lang='lat' dir='ltr'><strong>ad</strong></span> <span class='ocrx_word' id='word_1_349' title='bbox 2214 1113 2467 1149; x_wconf 87' lang='lat' dir='ltr'><strong>monasterium</strong></span> 
     </span>
     <span class='ocr_line' id='line_1_23' title="bbox 238 1157 2469 1205; baseline -0.002 -8"><span class='ocrx_word' id='word_1_350' title='bbox 238 1162 294 1197; x_wconf 77' lang='grc' dir='ltr'><strong>λός</strong></span> <span class='ocrx_word' id='word_1_351' title='bbox 317 1164 394 1196; x_wconf 75' lang='grc' dir='ltr'><strong><em>ἐστι</em></strong></span> <span class='ocrx_word' id='word_1_352' title='bbox 418 1163 478 1194; x_wconf 80' lang='grc' dir='ltr'><strong>καὶ</strong></span> <span class='ocrx_word' id='word_1_353' title='bbox 504 1162 564 1195; x_wconf 78' lang='grc' dir='ltr'><strong>ἐπὶ</strong></span> <span class='ocrx_word' id='word_1_354' title='bbox 588 1158 704 1202; x_wconf 85' lang='grc' dir='ltr'><strong><em>κλοπῆ</em></strong></span> <span class='ocrx_word' id='word_1_355' title='bbox 723 1158 831 1202; x_wconf 86' lang='grc' dir='ltr'><strong><em>τυχὸν</em></strong></span> <span class='ocrx_word' id='word_1_356' title='bbox 856 1157 878 1202; x_wconf 83' lang='grc' dir='ltr'>ἢ</span> <span class='ocrx_word' id='word_1_357' title='bbox 903 1161 963 1194; x_wconf 82' lang='grc' dir='ltr'><strong>ἐπὶ</strong></span> <span class='ocrx_word' id='word_1_358' title='bbox 988 1163 1059 1203; x_wconf 81' lang='grc' dir='ltr'><strong>βίῳ</strong></span> <span class='ocrx_word' id='word_1_359' title='bbox 1086 1160 1234 1205; x_wconf 79' lang='grc' dir='ltr'><strong><em>πονηρῷ</em></strong></span> <span class='ocrx_word' id='word_1_360' title='bbox 1259 1161 1319 1192; x_wconf 87' lang='grc' dir='ltr'><strong>καὶ</strong></span> <span class='ocrx_word' id='word_1_361' title='bbox 1389 1165 1508 1196; x_wconf 85' lang='lat' dir='ltr'><strong>autem</strong></span> <span class='ocrx_word' id='word_1_362' title='bbox 1531 1160 1675 1196; x_wconf 89' lang='lat' dir='ltr'><strong>venerit.</strong></span> <span class='ocrx_word' id='word_1_363' title='bbox 1759 1163 1775 1194; x_wconf 92' lang='lat' dir='ltr'><strong>t</strong></span> <span class='ocrx_word' id='word_1_364' title='bbox 1803 1160 1834 1195; x_wconf 91' lang='lat' dir='ltr'><strong>si</strong></span> <span class='ocrx_word' id='word_1_365' title='bbox 1866 1160 2006 1204; x_wconf 87' lang='lat' dir='ltr'><strong>quidem</strong></span> <span class='ocrx_word' id='word_1_366' title='bbox 2037 1169 2145 1195; x_wconf 80' lang='lat' dir='ltr'><strong>verax</strong></span> <span class='ocrx_word' id='word_1_367' title='bbox 2177 1159 2397 1200; x_wconf 77' lang='lat' dir='ltr'><strong>ostenditur,</strong></span> <span class='ocrx_word' id='word_1_368' title='bbox 2432 1163 2469 1193; x_wconf 90' lang='lat' dir='ltr'><strong>et</strong></span> 
     </span>
     <span class='ocr_line' id='line_1_24' title="bbox 237 1193 2468 1259; baseline -0.002 -18"><span class='ocrx_word' id='word_1_369' title='bbox 237 1210 440 1250; x_wconf 82' lang='grc' dir='ltr'><strong><em>πταίσμασι</em></strong></span> <span class='ocrx_word' id='word_1_370' title='bbox 474 1203 640 1248; x_wconf 82' lang='grc' dir='ltr'><strong><em>χαλεποῖς</em></strong></span> <span class='ocrx_word' id='word_1_371' title='bbox 671 1193 890 1250; x_wconf 67' lang='grc' dir='ltr'><strong><em>οἶποδράσειε</em></strong></span> <span class='ocrx_word' id='word_1_372' title='bbox 924 1206 992 1249; x_wconf 75' lang='grc' dir='ltr'><strong>μὲν</strong></span> <span class='ocrx_word' id='word_1_373' title='bbox 1028 1203 1088 1239; x_wconf 84' lang='grc' dir='ltr'><strong>διὰ</strong></span> <span class='ocrx_word' id='word_1_374' title='bbox 1115 1203 1158 1239; x_wconf 86' lang='grc' dir='ltr'><strong>τὸ</strong></span> <span class='ocrx_word' id='word_1_375' title='bbox 1189 1205 1320 1238; x_wconf 86' lang='grc' dir='ltr'><strong><em>οἰκεῖον</em></strong></span> <span class='ocrx_word' id='word_1_376' title='bbox 1389 1205 1599 1259; x_wconf 72' lang='lat' dir='ltr'><strong>apparuerit</strong></span> <span class='ocrx_word' id='word_1_377' title='bbox 1629 1207 1777 1249; x_wconf 86' lang='lat' dir='ltr'><strong>propter</strong></span> <span class='ocrx_word' id='word_1_378' title='bbox 1806 1205 2010 1240; x_wconf 86' lang='lat' dir='ltr'><strong>huiusmodi</strong></span> <span class='ocrx_word' id='word_1_379' title='bbox 2046 1214 2191 1239; x_wconf 82' lang='lat' dir='ltr'><strong>causam</strong></span> <span class='ocrx_word' id='word_1_380' title='bbox 2221 1203 2468 1240; x_wconf 80' lang='lat' dir='ltr'><strong>monachicam</strong></span> 
     </span>
     <span class='ocr_line' id='line_1_25' title="bbox 237 1248 2468 1295; baseline -0.001 -9"><span class='ocrx_word' id='word_1_381' title='bbox 237 1255 419 1295; x_wconf 80' lang='grc' dir='ltr'><strong><em>πταῖσμα,</em></strong></span> <span class='ocrx_word' id='word_1_382' title='bbox 452 1251 500 1284; x_wconf 80' lang='grc' dir='ltr'><strong><em>εἰς</em></strong></span> <span class='ocrx_word' id='word_1_383' title='bbox 532 1248 572 1283; x_wconf 77' lang='grc' dir='ltr'><strong>δὲ</strong></span> <span class='ocrx_word' id='word_1_384' title='bbox 601 1250 644 1284; x_wconf 87' lang='grc' dir='ltr'><strong>τὸ</strong></span> <span class='ocrx_word' id='word_1_385' title='bbox 667 1248 911 1295; x_wconf 81' lang='grc' dir='ltr'><strong><em>μοναστήριον</em></strong></span> <span class='ocrx_word' id='word_1_386' title='bbox 935 1248 1051 1284; x_wconf 75' lang='grc' dir='ltr'><strong><em>ἔλθοι.</em></strong></span> <span class='ocrx_word' id='word_1_387' title='bbox 1097 1252 1157 1283; x_wconf 81' lang='grc' dir='ltr'><strong>καὶ</strong></span> <span class='ocrx_word' id='word_1_388' title='bbox 1192 1250 1223 1283; x_wconf 82' lang='grc' dir='ltr'><strong>εἰ</strong></span> <span class='ocrx_word' id='word_1_389' title='bbox 1253 1250 1321 1293; x_wconf 70' lang='grc' dir='ltr'><strong>μὲν</strong></span> <span class='ocrx_word' id='word_1_390' title='bbox 1389 1251 1562 1286; x_wconf 73' lang='lat' dir='ltr'><strong>mmulans</strong></span> <span class='ocrx_word' id='word_1_391' title='bbox 1600 1249 1905 1285; x_wconf 82' lang='lat' dir='ltr'><strong>conversationem</strong></span> <span class='ocrx_word' id='word_1_392' title='bbox 1933 1253 1997 1285; x_wconf 87' lang='lat' dir='ltr'><strong>aut</strong></span> <span class='ocrx_word' id='word_1_393' title='bbox 2031 1252 2178 1294; x_wconf 87' lang='lat' dir='ltr'><strong>propter</strong></span> <span class='ocrx_word' id='word_1_394' title='bbox 2211 1248 2468 1294; x_wconf 78' lang='lat' dir='ltr'><strong>turpitudinem</strong></span> 
     </span>
     <span class='ocr_line' id='line_1_26' title="bbox 236 1292 2468 1349; baseline -0.001 -18"><span class='ocrx_word' id='word_1_395' title='bbox 236 1295 429 1340; x_wconf 71' lang='grc' dir='ltr'><strong><em>ἀληθεύων</em></strong></span> <span class='ocrx_word' id='word_1_396' title='bbox 445 1293 693 1349; x_wconf 76' lang='grc' dir='ltr'><strong><em>ἀποδειχθείη,</em></strong></span> <span class='ocrx_word' id='word_1_397' title='bbox 710 1296 769 1327; x_wconf 84' lang='grc' dir='ltr'><strong>καὶ</strong></span> <span class='ocrx_word' id='word_1_398' title='bbox 784 1298 914 1339; x_wconf 79' lang='grc' dir='ltr'><strong><em>φανείη</em></strong></span> <span class='ocrx_word' id='word_1_399' title='bbox 931 1292 991 1328; x_wconf 82' lang='grc' dir='ltr'><strong>διὰ</strong></span> <span class='ocrx_word' id='word_1_400' title='bbox 1005 1292 1177 1338; x_wconf 86' lang='grc' dir='ltr'><strong><em>τοιαύτην</em></strong></span> <span class='ocrx_word' id='word_1_401' title='bbox 1197 1294 1320 1328; x_wconf 83' lang='grc' dir='ltr'><strong><em>αἰτίαν</em></strong></span> <span class='ocrx_word' id='word_1_402' title='bbox 1332 1296 1374 1328; x_wconf 83' lang='grc'><strong>25</strong></span> <span class='ocrx_word' id='word_1_403' title='bbox 1389 1296 1483 1330; x_wconf 89' lang='lat' dir='ltr'><strong>vitae</strong></span> <span class='ocrx_word' id='word_1_404' title='bbox 1505 1295 1599 1331; x_wconf 84' lang='lat' dir='ltr'><strong>forte</strong></span> <span class='ocrx_word' id='word_1_405' title='bbox 1624 1294 1808 1346; x_wconf 72' lang='lat' dir='ltr'><strong>defugiens</strong></span> <span class='ocrx_word' id='word_1_406' title='bbox 1832 1297 1869 1329; x_wconf 88' lang='lat' dir='ltr'><strong>et</strong></span> <span class='ocrx_word' id='word_1_407' title='bbox 1891 1305 1964 1330; x_wconf 89' lang='lat' dir='ltr'><strong>non</strong></span> <span class='ocrx_word' id='word_1_408' title='bbox 1987 1305 2053 1340; x_wconf 88' lang='lat' dir='ltr'><strong>pro</strong></span> <span class='ocrx_word' id='word_1_409' title='bbox 2071 1294 2219 1329; x_wconf 76' lang='lat' dir='ltr'><strong>veritate</strong></span> <span class='ocrx_word' id='word_1_410' title='bbox 2243 1294 2468 1329; x_wconf 74' lang='lat' dir='ltr'><strong>sanctimonii</strong></span> 
     </span>
     <span class='ocr_line' id='line_1_27' title="bbox 234 1336 2466 1392; baseline -0 -17"><span class='ocrx_word' id='word_1_411' title='bbox 234 1339 433 1387; x_wconf 84' lang='grc' dir='ltr'><strong><em>μοναχικὴν</em></strong></span> <span class='ocrx_word' id='word_1_412' title='bbox 454 1337 696 1383; x_wconf 76' lang='grc' dir='ltr'><strong><em>ὑποδυομενος</em></strong></span> <span class='ocrx_word' id='word_1_413' title='bbox 719 1337 881 1382; x_wconf 80' lang='grc' dir='ltr'><strong><em>ἄσκησιν,</em></strong></span> <span class='ocrx_word' id='word_1_414' title='bbox 905 1336 927 1382; x_wconf 86' lang='grc' dir='ltr'>ἢ</span> <span class='ocrx_word' id='word_1_415' title='bbox 945 1342 1006 1372; x_wconf 81' lang='grc' dir='ltr'><strong>καὶ</strong></span> <span class='ocrx_word' id='word_1_416' title='bbox 1026 1337 1077 1373; x_wconf 86' lang='grc' dir='ltr'><strong>δι’</strong></span> <span class='ocrx_word' id='word_1_417' title='bbox 1100 1336 1319 1385; x_wconf 83' lang='grc' dir='ltr'><strong><em>αἰσχρότητα</em></strong></span> <span class='ocrx_word' id='word_1_418' title='bbox 1387 1340 1550 1375; x_wconf 87' lang='lat' dir='ltr'><strong>habitum</strong></span> <span class='ocrx_word' id='word_1_419' title='bbox 1573 1349 1851 1392; x_wconf 79' lang='lat' dir='ltr'><strong>concupiscens,</strong></span> <span class='ocrx_word' id='word_1_420' title='bbox 1876 1339 1972 1374; x_wconf 91' lang='lat' dir='ltr'><strong>hunc</strong></span> <span class='ocrx_word' id='word_1_421' title='bbox 1995 1339 2096 1375; x_wconf 89' lang='lat' dir='ltr'><strong>reddi</strong></span> <span class='ocrx_word' id='word_1_422' title='bbox 2118 1338 2261 1375; x_wconf 88' lang='lat' dir='ltr'><strong>domino</strong></span> <span class='ocrx_word' id='word_1_423' title='bbox 2285 1349 2367 1374; x_wconf 88' lang='lat' dir='ltr'><strong>cum</strong></span> <span class='ocrx_word' id='word_1_424' title='bbox 2389 1339 2466 1384; x_wconf 82' lang='lat' dir='ltr'><strong>qui-</strong></span> 
     </span>
     <span class='ocr_line' id='line_1_28' title="bbox 235 1381 2466 1431; baseline -0 -11"><span class='ocrx_word' id='word_1_425' title='bbox 235 1390 318 1431; x_wconf 83' lang='grc' dir='ltr'><strong><em>βίου</em></strong></span> <span class='ocrx_word' id='word_1_426' title='bbox 341 1385 450 1428; x_wconf 87' lang='grc' dir='ltr'><strong><em>τυχὸν</em></strong></span> <span class='ocrx_word' id='word_1_427' title='bbox 472 1382 629 1431; x_wconf 77' lang='grc' dir='ltr'><strong><em>ἀποδρὰς</em></strong></span> <span class='ocrx_word' id='word_1_428' title='bbox 652 1387 714 1418; x_wconf 77' lang='grc' dir='ltr'><strong>καὶ</strong></span> <span class='ocrx_word' id='word_1_429' title='bbox 736 1381 777 1417; x_wconf 80' lang='grc' dir='ltr'><strong>οὐ</strong></span> <span class='ocrx_word' id='word_1_430' title='bbox 806 1387 884 1418; x_wconf 85' lang='grc' dir='ltr'><strong><em>ταῖς</em></strong></span> <span class='ocrx_word' id='word_1_431' title='bbox 917 1381 1106 1427; x_wconf 75' lang='grc' dir='ltr'><strong><em>ἀληθείαις</em></strong></span> <span class='ocrx_word' id='word_1_432' title='bbox 1136 1381 1319 1426; x_wconf 66' lang='grc' dir='ltr'><strong><em>ἀσκήσεως</em></strong></span> <span class='ocrx_word' id='word_1_433' title='bbox 1387 1386 1456 1422; x_wconf 88' lang='lat' dir='ltr'><strong>bus</strong></span> <span class='ocrx_word' id='word_1_434' title='bbox 1480 1385 1605 1420; x_wconf 77' lang='lat' dir='ltr'><strong>forsan</strong></span> <span class='ocrx_word' id='word_1_435' title='bbox 1629 1384 1795 1429; x_wconf 80' lang='lat' dir='ltr'><strong>arripuit,</strong></span> <span class='ocrx_word' id='word_1_436' title='bbox 1829 1384 1861 1419; x_wconf 88' lang='lat' dir='ltr'><strong>si</strong></span> <span class='ocrx_word' id='word_1_437' title='bbox 1883 1386 2004 1419; x_wconf 87' lang='lat' dir='ltr'><strong>tamen</strong></span> <span class='ocrx_word' id='word_1_438' title='bbox 2034 1384 2125 1419; x_wconf 89' lang='lat' dir='ltr'><strong>haec</strong></span> <span class='ocrx_word' id='word_1_439' title='bbox 2153 1384 2261 1419; x_wconf 86' lang='lat' dir='ltr'><strong>etiam</strong></span> <span class='ocrx_word' id='word_1_440' title='bbox 2283 1383 2321 1420; x_wconf 89' lang='lat' dir='ltr'><strong>in</strong></span> <span class='ocrx_word' id='word_1_441' title='bbox 2343 1394 2466 1420; x_wconf 88' lang='lat' dir='ltr'><strong>mona-</strong></span> 
     </span>
     <span class='ocr_line' id='line_1_29' title="bbox 236 1427 2466 1486; baseline -0.001 -20"><span class='ocrx_word' id='word_1_442' title='bbox 236 1433 346 1486; x_wconf 74' lang='grc' dir='ltr'><strong><em>έρῶν,</em></strong></span> <span class='ocrx_word' id='word_1_443' title='bbox 379 1431 510 1464; x_wconf 78' lang='grc' dir='ltr'><strong><em>τοῦτον</em></strong></span> <span class='ocrx_word' id='word_1_444' title='bbox 541 1427 789 1465; x_wconf 76' lang='grc' dir='ltr'><strong><em>ἀποδίδοσθαι</em></strong></span> <span class='ocrx_word' id='word_1_445' title='bbox 821 1430 874 1473; x_wconf 75' lang='grc' dir='ltr'><strong>τῷ</strong></span> <span class='ocrx_word' id='word_1_446' title='bbox 907 1431 1112 1473; x_wconf 77' lang='grc' dir='ltr'><strong><em>κεκτημένῳ</em></strong></span> <span class='ocrx_word' id='word_1_447' title='bbox 1143 1429 1244 1474; x_wconf 74' lang='grc' dir='ltr'><strong><em>μεθ’,</em></strong></span> <span class='ocrx_word' id='word_1_448' title='bbox 1265 1427 1318 1462; x_wconf 81' lang='grc' dir='ltr'><strong>ὡν</strong></span> <span class='ocrx_word' id='word_1_449' title='bbox 1386 1429 1495 1467; x_wconf 86' lang='lat' dir='ltr'><strong>sterio</strong></span> <span class='ocrx_word' id='word_1_450' title='bbox 1526 1429 1679 1473; x_wconf 86' lang='lat' dir='ltr'><strong>fuerint;</strong></span> <span class='ocrx_word' id='word_1_451' title='bbox 1712 1440 1793 1465; x_wconf 89' lang='lat' dir='ltr'><strong>eum</strong></span> <span class='ocrx_word' id='word_1_452' title='bbox 1826 1439 1926 1472; x_wconf 86' lang='lat' dir='ltr'><strong>vero,</strong></span> <span class='ocrx_word' id='word_1_453' title='bbox 1957 1429 2020 1474; x_wconf 89' lang='lat' dir='ltr'><strong>qui</strong></span> <span class='ocrx_word' id='word_1_454' title='bbox 2043 1428 2207 1465; x_wconf 86' lang='lat' dir='ltr'><strong>dominus</strong></span> <span class='ocrx_word' id='word_1_455' title='bbox 2236 1428 2282 1464; x_wconf 85' lang='lat' dir='ltr'><strong>ad</strong></span> <span class='ocrx_word' id='word_1_456' title='bbox 2307 1429 2466 1473; x_wconf 87' lang='lat' dir='ltr'><strong>robatur,</strong></span> 
     </span>
     <span class='ocr_line' id='line_1_30' title="bbox 237 1472 2469 1521; baseline -0.001 -10"><span class='ocrx_word' id='word_1_457' title='bbox 237 1488 285 1511; x_wconf 79' lang='grc' dir='ltr'><strong><em>ως</em></strong></span> <span class='ocrx_word' id='word_1_458' title='bbox 305 1475 395 1510; x_wconf 79' lang='grc' dir='ltr'><strong><em>εἰκὸς</em></strong></span> <span class='ocrx_word' id='word_1_459' title='bbox 418 1472 600 1521; x_wconf 79' lang='grc' dir='ltr'><strong><em>ὑφείλετο,</em></strong></span> <span class='ocrx_word' id='word_1_460' title='bbox 633 1474 704 1521; x_wconf 83' lang='grc' dir='ltr'><strong><em>εἴγε</em></strong></span> <span class='ocrx_word' id='word_1_461' title='bbox 727 1476 786 1508; x_wconf 83' lang='grc' dir='ltr'><strong>καὶ</strong></span> <span class='ocrx_word' id='word_1_462' title='bbox 810 1475 928 1508; x_wconf 82' lang='grc' dir='ltr'><strong><em>ταῦτα</em></strong></span> <span class='ocrx_word' id='word_1_463' title='bbox 949 1472 1042 1508; x_wconf 79' lang='grc' dir='ltr'><strong><em>κατὰ</em></strong></span> <span class='ocrx_word' id='word_1_464' title='bbox 1070 1473 1113 1508; x_wconf 86' lang='grc' dir='ltr'><strong>τὸ</strong></span> <span class='ocrx_word' id='word_1_465' title='bbox 1140 1472 1317 1518; x_wconf 83' lang='grc' dir='ltr'><strong><em>μοναστή-</em></strong></span> <span class='ocrx_word' id='word_1_466' title='bbox 1387 1476 1473 1513; x_wconf 84' lang='lat' dir='ltr'><strong>dare</strong></span> <span class='ocrx_word' id='word_1_467' title='bbox 1501 1475 1535 1510; x_wconf 92' lang='lat' dir='ltr'><strong>ei</strong></span> <span class='ocrx_word' id='word_1_468' title='bbox 1564 1474 1831 1518; x_wconf 86' lang='lat' dir='ltr'><strong>iusiurandum,</strong></span> <span class='ocrx_word' id='word_1_469' title='bbox 1868 1474 1951 1519; x_wconf 88' lang='lat' dir='ltr'><strong>quia</strong></span> <span class='ocrx_word' id='word_1_470' title='bbox 1981 1474 2071 1509; x_wconf 91' lang='lat' dir='ltr'><strong>nihil</strong></span> <span class='ocrx_word' id='word_1_471' title='bbox 2099 1474 2181 1508; x_wconf 87' lang='lat' dir='ltr'><strong>mali</strong></span> <span class='ocrx_word' id='word_1_472' title='bbox 2212 1473 2244 1509; x_wconf 91' lang='lat' dir='ltr'><strong>ei</strong></span> <span class='ocrx_word' id='word_1_473' title='bbox 2290 1473 2400 1516; x_wconf 83' lang='lat' dir='ltr'><strong>aciet,</strong></span> <span class='ocrx_word' id='word_1_474' title='bbox 2433 1478 2469 1509; x_wconf 90' lang='lat' dir='ltr'><strong>et</strong></span> 
     </span>
     <span class='ocr_line' id='line_1_31' title="bbox 235 1516 2467 1575; baseline -0.001 -19"><span class='ocrx_word' id='word_1_475' title='bbox 235 1535 316 1568; x_wconf 88' lang='grc' dir='ltr'><strong><em>ριον</em></strong></span> <span class='ocrx_word' id='word_1_476' title='bbox 339 1521 423 1575; x_wconf 60' lang='grc' dir='ltr'><strong>εἷενζ</strong></span> <span class='ocrx_word' id='word_1_477' title='bbox 445 1519 513 1555; x_wconf 85' lang='grc' dir='ltr'><strong>τὸν</strong></span> <span class='ocrx_word' id='word_1_478' title='bbox 536 1519 577 1554; x_wconf 75' lang='grc' dir='ltr'><strong>δὲ</strong></span> <span class='ocrx_word' id='word_1_479' title='bbox 601 1517 873 1562; x_wconf 69' lang='grc' dir='ltr'><strong><em>ἀποδειχθέντα</em></strong></span> <span class='ocrx_word' id='word_1_480' title='bbox 897 1516 1080 1562; x_wconf 80' lang='grc' dir='ltr'><strong><em>δεσπότην</em></strong></span> <span class='ocrx_word' id='word_1_481' title='bbox 1102 1518 1170 1574; x_wconf 69' lang='grc' dir='ltr'><strong>την</strong></span> <span class='ocrx_word' id='word_1_482' title='bbox 1192 1517 1316 1552; x_wconf 81' lang='grc' dir='ltr'><strong><em>καλου·</em></strong></span> <span class='ocrx_word' id='word_1_483' title='bbox 1330 1520 1373 1553; x_wconf 70' lang='grc'><strong>30</strong></span> <span class='ocrx_word' id='word_1_484' title='bbox 1387 1520 1410 1555; x_wconf 79' lang='grc'><strong>2</strong></span> <span class='ocrx_word' id='word_1_485' title='bbox 1446 1520 1629 1565; x_wconf 85' lang='lat' dir='ltr'><strong>suscipere</strong></span> <span class='ocrx_word' id='word_1_486' title='bbox 1652 1523 1759 1565; x_wconf 81' lang='lat' dir='ltr'><strong>atque</strong></span> <span class='ocrx_word' id='word_1_487' title='bbox 1781 1519 1952 1555; x_wconf 84' lang='lat' dir='ltr'><strong>reducere</strong></span> <span class='ocrx_word' id='word_1_488' title='bbox 1977 1519 2082 1555; x_wconf 89' lang='lat' dir='ltr'><strong>domi.</strong></span> <span class='ocrx_word' id='word_1_489' title='bbox 2176 1518 2214 1553; x_wconf 86' lang='lat' dir='ltr'><strong>Si</strong></span> <span class='ocrx_word' id='word_1_490' title='bbox 2236 1528 2319 1554; x_wconf 86' lang='lat' dir='ltr'><strong>vero</strong></span> <span class='ocrx_word' id='word_1_491' title='bbox 2339 1518 2371 1554; x_wconf 85' lang='lat' dir='ltr'><strong>is</strong></span> <span class='ocrx_word' id='word_1_492' title='bbox 2413 1519 2467 1554; x_wconf 89' lang='lat' dir='ltr'><strong>ui-</strong></span> 
     </span>
     <span class='ocr_line' id='line_1_32' title="bbox 235 1561 2467 1610; baseline -0.001 -10"><span class='ocrx_word' id='word_1_493' title='bbox 235 1570 348 1610; x_wconf 79' lang='grc' dir='ltr'><strong><em>μένην</em></strong></span> <span class='ocrx_word' id='word_1_494' title='bbox 381 1567 481 1609; x_wconf 82' lang='grc' dir='ltr'><strong><em>αυτῷ</em></strong></span> <span class='ocrx_word' id='word_1_495' title='bbox 506 1562 649 1599; x_wconf 89' lang='grc' dir='ltr'><strong><em>διδόναι</em></strong></span> <span class='ocrx_word' id='word_1_496' title='bbox 681 1567 817 1606; x_wconf 84' lang='grc' dir='ltr'><strong><em>πίστιν,</em></strong></span> <span class='ocrx_word' id='word_1_497' title='bbox 851 1563 900 1598; x_wconf 77' lang='grc' dir='ltr'><strong>ὠς</strong></span> <span class='ocrx_word' id='word_1_498' title='bbox 921 1561 1027 1598; x_wconf 76' lang='grc' dir='ltr'><strong><em>οὐδὲν</em></strong></span> <span class='ocrx_word' id='word_1_499' title='bbox 1059 1561 1171 1598; x_wconf 79' lang='grc' dir='ltr'><strong><em>αὐτον</em></strong></span> <span class='ocrx_word' id='word_1_500' title='bbox 1195 1561 1318 1609; x_wconf 85' lang='grc' dir='ltr'><strong><em>δράσει</em></strong></span> <span class='ocrx_word' id='word_1_501' title='bbox 1387 1565 1485 1610; x_wconf 84' lang='lat' dir='ltr'><strong>dem,</strong></span> <span class='ocrx_word' id='word_1_502' title='bbox 1520 1565 1580 1609; x_wconf 90' lang='lat' dir='ltr'><strong>qui</strong></span> <span class='ocrx_word' id='word_1_503' title='bbox 1604 1564 1691 1600; x_wconf 84' lang='lat' dir='ltr'><strong>dicit</strong></span> <span class='ocrx_word' id='word_1_504' title='bbox 1720 1575 1759 1600; x_wconf 82' lang='lat' dir='ltr'><strong>se</strong></span> <span class='ocrx_word' id='word_1_505' title='bbox 1783 1574 1861 1600; x_wconf 86' lang='lat' dir='ltr'><strong>esse</strong></span> <span class='ocrx_word' id='word_1_506' title='bbox 1885 1564 2083 1606; x_wconf 86' lang='lat' dir='ltr'><strong>dominum,</strong></span> <span class='ocrx_word' id='word_1_507' title='bbox 2115 1563 2203 1598; x_wconf 89' lang='lat' dir='ltr'><strong>nihil</strong></span> <span class='ocrx_word' id='word_1_508' title='bbox 2233 1563 2306 1598; x_wconf 76' lang='lat' dir='ltr'><strong>tale</strong></span> <span class='ocrx_word' id='word_1_509' title='bbox 2336 1574 2402 1608; x_wconf 92' lang='lat' dir='ltr'><strong>pro</strong></span> <span class='ocrx_word' id='word_1_510' title='bbox 2429 1574 2467 1599; x_wconf 82' lang='lat' dir='ltr'><strong>a·</strong></span> 
     </span>
     <span class='ocr_line' id='line_1_33' title="bbox 235 1606 2467 1665; baseline -0.001 -18"><span class='ocrx_word' id='word_1_511' title='bbox 235 1612 259 1647; x_wconf 77' lang='lat'><strong>2</strong></span> <span class='ocrx_word' id='word_1_512' title='bbox 306 1608 428 1651; x_wconf 79' lang='grc' dir='ltr'><strong><em>κακόν,</em></strong></span> <span class='ocrx_word' id='word_1_513' title='bbox 453 1606 754 1659; x_wconf 84' lang='grc' dir='ltr'><strong><em>παραλαμβάνειν</em></strong></span> <span class='ocrx_word' id='word_1_514' title='bbox 771 1622 812 1643; x_wconf 88' lang='grc' dir='ltr'><strong>τε</strong></span> <span class='ocrx_word' id='word_1_515' title='bbox 835 1612 895 1643; x_wconf 84' lang='grc' dir='ltr'><strong>καὶ</strong></span> <span class='ocrx_word' id='word_1_516' title='bbox 919 1607 1019 1665; x_wconf 59' lang='grc' dir='ltr'><strong><em>ἄγειν</em></strong></span> <span class='ocrx_word' id='word_1_517' title='bbox 1042 1610 1142 1643; x_wconf 84' lang='grc' dir='ltr'><strong><em>οἴκοι.</em></strong></span> <span class='ocrx_word' id='word_1_518' title='bbox 1209 1609 1255 1642; x_wconf 82' lang='grc' dir='ltr'><strong>Εἰ</strong></span> <span class='ocrx_word' id='word_1_519' title='bbox 1279 1606 1319 1642; x_wconf 78' lang='grc' dir='ltr'><strong><em>δὲ</em></strong></span> <span class='ocrx_word' id='word_1_520' title='bbox 1387 1610 1494 1653; x_wconf 88' lang='lat' dir='ltr'><strong>verit,</strong></span> <span class='ocrx_word' id='word_1_521' title='bbox 1526 1613 1701 1655; x_wconf 80' lang='lat' dir='ltr'><strong>appareat</strong></span> <span class='ocrx_word' id='word_1_522' title='bbox 1719 1609 1873 1655; x_wconf 75' lang='lat' dir='ltr'><strong>(autem)</strong></span> <span class='ocrx_word' id='word_1_523' title='bbox 1895 1609 1938 1651; x_wconf 85' lang='lat' dir='ltr'><strong>is,</strong></span> <span class='ocrx_word' id='word_1_524' title='bbox 1963 1609 2024 1654; x_wconf 89' lang='lat' dir='ltr'><strong>qui</strong></span> <span class='ocrx_word' id='word_1_525' title='bbox 2047 1609 2084 1644; x_wconf 88' lang='lat' dir='ltr'><strong>in</strong></span> <span class='ocrx_word' id='word_1_526' title='bbox 2106 1608 2239 1643; x_wconf 81' lang='lat' dir='ltr'><strong>talibus</strong></span> <span class='ocrx_word' id='word_1_527' title='bbox 2263 1612 2467 1650; x_wconf 78' lang='lat' dir='ltr'><strong>accusatur,</strong></span> 
     </span>
     <span class='ocr_line' id='line_1_34' title="bbox 236 1651 2468 1702; baseline -0 -12"><span class='ocrx_word' id='word_1_528' title='bbox 236 1655 255 1700; x_wconf 74' lang='grc' dir='ltr'>ὁ</span> <span class='ocrx_word' id='word_1_529' title='bbox 276 1659 345 1702; x_wconf 76' lang='grc' dir='ltr'><strong>μὲν</strong></span> <span class='ocrx_word' id='word_1_530' title='bbox 375 1654 526 1702; x_wconf 82' lang='grc' dir='ltr'><strong><em>φάσκων</em></strong></span> <span class='ocrx_word' id='word_1_531' title='bbox 551 1654 680 1689; x_wconf 82' lang='grc' dir='ltr'><strong><em>ἑαυτὸν</em></strong></span> <span class='ocrx_word' id='word_1_532' title='bbox 709 1654 802 1689; x_wconf 79' lang='grc' dir='ltr'><strong><em>εἶναι</em></strong></span> <span class='ocrx_word' id='word_1_533' title='bbox 834 1652 1017 1697; x_wconf 87' lang='grc' dir='ltr'><strong><em>δεσποτην</em></strong></span> <span class='ocrx_word' id='word_1_534' title='bbox 1048 1651 1153 1688; x_wconf 77' lang='grc' dir='ltr'><strong><em>οὐδὲν</em></strong></span> <span class='ocrx_word' id='word_1_535' title='bbox 1184 1652 1319 1700; x_wconf 79' lang='grc' dir='ltr'><strong><em>ἐλέγχοι</em></strong></span> <span class='ocrx_word' id='word_1_536' title='bbox 1387 1665 1432 1690; x_wconf 86' lang='lat' dir='ltr'><strong>ex</strong></span> <span class='ocrx_word' id='word_1_537' title='bbox 1462 1655 1542 1700; x_wconf 89' lang='lat' dir='ltr'><strong>ipsa</strong></span> <span class='ocrx_word' id='word_1_538' title='bbox 1574 1655 1842 1690; x_wconf 88' lang='lat' dir='ltr'><strong>conversatione</strong></span> <span class='ocrx_word' id='word_1_539' title='bbox 1877 1654 2048 1690; x_wconf 86' lang='lat' dir='ltr'><strong>honestus</strong></span> <span class='ocrx_word' id='word_1_540' title='bbox 2079 1664 2123 1689; x_wconf 86' lang='lat' dir='ltr'><strong>ac</strong></span> <span class='ocrx_word' id='word_1_541' title='bbox 2153 1653 2269 1697; x_wconf 86' lang='lat' dir='ltr'><strong>mitis,</strong></span> <span class='ocrx_word' id='word_1_542' title='bbox 2305 1656 2342 1688; x_wconf 91' lang='lat' dir='ltr'><strong>et</strong></span> <span class='ocrx_word' id='word_1_543' title='bbox 2374 1653 2468 1689; x_wconf 83' lang='lat' dir='ltr'><strong>forte</strong></span> 
     </span>
     <span class='ocr_line' id='line_1_35' title="bbox 235 1696 2466 1746; baseline -0.002 -9"><span class='ocrx_word' id='word_1_544' title='bbox 235 1702 397 1743; x_wconf 81' lang='grc' dir='ltr'><strong><em>τοιοῦτο,</em></strong></span> <span class='ocrx_word' id='word_1_545' title='bbox 430 1704 597 1746; x_wconf 86' lang='grc' dir='ltr'><strong><em>φαίνοιτο</em></strong></span> <span class='ocrx_word' id='word_1_546' title='bbox 621 1697 660 1733; x_wconf 77' lang='grc' dir='ltr'><strong>δὲ</strong></span> <span class='ocrx_word' id='word_1_547' title='bbox 682 1696 702 1733; x_wconf 86' lang='grc' dir='ltr'>ὁ</span> <span class='ocrx_word' id='word_1_548' title='bbox 726 1698 772 1733; x_wconf 85' lang='grc' dir='ltr'><strong>τὰ</strong></span> <span class='ocrx_word' id='word_1_549' title='bbox 795 1700 947 1733; x_wconf 79' lang='grc' dir='ltr'><strong><em>τοιαῦτα</em></strong></span> <span class='ocrx_word' id='word_1_550' title='bbox 971 1698 1229 1746; x_wconf 74' lang='grc' dir='ltr'><strong><em>ἐγκαλούμενος</em></strong></span> <span class='ocrx_word' id='word_1_551' title='bbox 1259 1700 1319 1732; x_wconf 81' lang='grc' dir='ltr'><strong>καὶ</strong></span> <span class='ocrx_word' id='word_1_552' title='bbox 1387 1700 1629 1736; x_wconf 85' lang='lat' dir='ltr'><strong>testimonium</strong></span> <span class='ocrx_word' id='word_1_553' title='bbox 1661 1700 1795 1735; x_wconf 82' lang='lat' dir='ltr'><strong>habeat</strong></span> <span class='ocrx_word' id='word_1_554' title='bbox 1825 1699 1994 1742; x_wconf 89' lang='lat' dir='ltr'><strong>aliorum,</strong></span> <span class='ocrx_word' id='word_1_555' title='bbox 2031 1699 2115 1743; x_wconf 88' lang='lat' dir='ltr'><strong>quia</strong></span> <span class='ocrx_word' id='word_1_556' title='bbox 2138 1699 2246 1734; x_wconf 85' lang='lat' dir='ltr'><strong>etiam</strong></span> <span class='ocrx_word' id='word_1_557' title='bbox 2274 1698 2371 1744; x_wconf 86' lang='lat' dir='ltr'><strong>apud</strong></span> <span class='ocrx_word' id='word_1_558' title='bbox 2403 1698 2466 1734; x_wconf 90' lang='lat' dir='ltr'><strong>do-</strong></span> 
     </span>
     <span class='ocr_line' id='line_1_36' title="bbox 235 1741 2467 1790; baseline -0.001 -9"><span class='ocrx_word' id='word_1_559' title='bbox 235 1748 275 1788; x_wconf 70' lang='grc' dir='ltr'><strong>ὲξ</strong></span> <span class='ocrx_word' id='word_1_560' title='bbox 298 1745 405 1790; x_wconf 74' lang='grc' dir='ltr'><strong><em>αὐτῆς</em></strong></span> <span class='ocrx_word' id='word_1_561' title='bbox 434 1746 497 1788; x_wconf 81' lang='grc' dir='ltr'><strong>τῆς</strong></span> <span class='ocrx_word' id='word_1_562' title='bbox 525 1743 706 1788; x_wconf 78' lang='grc' dir='ltr'><strong><em>ἀσκήσεως</em></strong></span> <span class='ocrx_word' id='word_1_563' title='bbox 734 1741 864 1788; x_wconf 80' lang='grc' dir='ltr'><strong><em>σεμνός</em></strong></span> <span class='ocrx_word' id='word_1_564' title='bbox 894 1757 934 1778; x_wconf 87' lang='grc' dir='ltr'><strong>τε</strong></span> <span class='ocrx_word' id='word_1_565' title='bbox 965 1747 1025 1778; x_wconf 85' lang='grc' dir='ltr'><strong>καὶ</strong></span> <span class='ocrx_word' id='word_1_566' title='bbox 1055 1743 1225 1787; x_wconf 77' lang='grc' dir='ltr'><strong><em>ἐπιεικής,</em></strong></span> <span class='ocrx_word' id='word_1_567' title='bbox 1259 1745 1319 1777; x_wconf 88' lang='grc' dir='ltr'><strong>καὶ</strong></span> <span class='ocrx_word' id='word_1_568' title='bbox 1334 1746 1374 1779; x_wconf 82' lang='grc'><strong>35</strong></span> <span class='ocrx_word' id='word_1_569' title='bbox 1388 1745 1522 1780; x_wconf 90' lang='lat' dir='ltr'><strong>minum</strong></span> <span class='ocrx_word' id='word_1_570' title='bbox 1564 1744 1764 1781; x_wconf 82' lang='lat' dir='ltr'><strong>consistens</strong></span> <span class='ocrx_word' id='word_1_571' title='bbox 1801 1744 2049 1789; x_wconf 87' lang='lat' dir='ltr'><strong>disciplinatus</strong></span> <span class='ocrx_word' id='word_1_572' title='bbox 2089 1743 2158 1779; x_wconf 85' lang='lat' dir='ltr'><strong>fuit</strong></span> <span class='ocrx_word' id='word_1_573' title='bbox 2193 1747 2229 1778; x_wconf 90' lang='lat' dir='ltr'><strong>et</strong></span> <span class='ocrx_word' id='word_1_574' title='bbox 2269 1743 2467 1780; x_wconf 81' lang='lat' dir='ltr'><strong>honestatis</strong></span> 
     </span>
     <span class='ocr_line' id='line_1_37' title="bbox 235 1786 2466 1846; baseline -0.002 -19"><span class='ocrx_word' id='word_1_575' title='bbox 235 1794 321 1827; x_wconf 77' lang='grc' dir='ltr'><strong><em>ἴσως</em></strong></span> <span class='ocrx_word' id='word_1_576' title='bbox 340 1794 401 1826; x_wconf 83' lang='grc' dir='ltr'><strong>καὶ</strong></span> <span class='ocrx_word' id='word_1_577' title='bbox 412 1793 646 1846; x_wconf 62' lang='grc' dir='ltr'><strong><em>μαρτυροῖτο,</em></strong></span> <span class='ocrx_word' id='word_1_578' title='bbox 667 1786 715 1824; x_wconf 76' lang='grc' dir='ltr'><strong>ὠς</strong></span> <span class='ocrx_word' id='word_1_579' title='bbox 737 1792 796 1823; x_wconf 82' lang='grc' dir='ltr'><strong>καὶ</strong></span> <span class='ocrx_word' id='word_1_580' title='bbox 816 1787 915 1834; x_wconf 83' lang='grc' dir='ltr'><strong><em>παρὰ</em></strong></span> <span class='ocrx_word' id='word_1_581' title='bbox 931 1790 986 1832; x_wconf 79' lang='grc' dir='ltr'><strong>τῷ</strong></span> <span class='ocrx_word' id='word_1_582' title='bbox 1005 1792 1210 1834; x_wconf 82' lang='grc' dir='ltr'><strong><em>κεκτημένῳ</em></strong></span> <span class='ocrx_word' id='word_1_583' title='bbox 1228 1788 1319 1822; x_wconf 85' lang='grc' dir='ltr'><strong><em>καθ·</em></strong></span> <span class='ocrx_word' id='word_1_584' title='bbox 1389 1794 1544 1833; x_wconf 81' lang='lat' dir='ltr'><strong>amator,</strong></span> <span class='ocrx_word' id='word_1_585' title='bbox 1576 1790 1633 1825; x_wconf 89' lang='lat' dir='ltr'><strong>vel</strong></span> <span class='ocrx_word' id='word_1_586' title='bbox 1657 1790 1687 1825; x_wconf 85' lang='lat' dir='ltr'><strong>si</strong></span> <span class='ocrx_word' id='word_1_587' title='bbox 1710 1789 1868 1825; x_wconf 90' lang='lat' dir='ltr'><strong>nondum</strong></span> <span class='ocrx_word' id='word_1_588' title='bbox 1890 1790 1984 1826; x_wconf 80' lang='lat' dir='ltr'><strong>forte</strong></span> <span class='ocrx_word' id='word_1_589' title='bbox 2008 1789 2222 1833; x_wconf 85' lang='lat' dir='ltr'><strong>completum</strong></span> <span class='ocrx_word' id='word_1_590' title='bbox 2245 1790 2300 1824; x_wconf 86' lang='lat' dir='ltr'><strong>est</strong></span> <span class='ocrx_word' id='word_1_591' title='bbox 2324 1788 2466 1824; x_wconf 85' lang='lat' dir='ltr'><strong>triennii</strong></span> 
     </span>
     <span class='ocr_line' id='line_1_38' title="bbox 235 1827 2478 1881; baseline -0.001 -10"><span class='ocrx_word' id='word_1_592' title='bbox 235 1835 351 1873; x_wconf 76' lang='grc' dir='ltr'><strong><em>εστώς</em></strong></span> <span class='ocrx_word' id='word_1_593' title='bbox 382 1833 528 1880; x_wconf 82' lang='grc' dir='ltr'><strong><em>κοσμιός</em></strong></span> <span class='ocrx_word' id='word_1_594' title='bbox 562 1847 602 1869; x_wconf 81' lang='grc' dir='ltr'><strong>τε</strong></span> <span class='ocrx_word' id='word_1_595' title='bbox 641 1827 686 1878; x_wconf 85' lang='grc' dir='ltr'><strong>ἦν</strong></span> <span class='ocrx_word' id='word_1_596' title='bbox 711 1837 771 1868; x_wconf 81' lang='grc' dir='ltr'><strong>καὶ</strong></span> <span class='ocrx_word' id='word_1_597' title='bbox 803 1831 1017 1878; x_wconf 79' lang='grc' dir='ltr'><strong><em>σεμνότητος</em></strong></span> <span class='ocrx_word' id='word_1_598' title='bbox 1048 1831 1214 1879; x_wconf 77' lang='grc' dir='ltr'><strong><em>ἐραστής,</em></strong></span> <span class='ocrx_word' id='word_1_599' title='bbox 1252 1831 1319 1867; x_wconf 81' lang='grc' dir='ltr'><strong>κᾶν</strong></span> <span class='ocrx_word' id='word_1_600' title='bbox 1388 1838 1547 1881; x_wconf 87' lang='lat' dir='ltr'><strong>tempus,</strong></span> <span class='ocrx_word' id='word_1_601' title='bbox 1588 1837 1747 1870; x_wconf 79' lang='lat' dir='ltr'><strong>attamen</strong></span> <span class='ocrx_word' id='word_1_602' title='bbox 1782 1834 1889 1870; x_wconf 87' lang='lat' dir='ltr'><strong>etiam</strong></span> <span class='ocrx_word' id='word_1_603' title='bbox 1929 1834 1981 1870; x_wconf 89' lang='lat' dir='ltr'><strong>sic</strong></span> <span class='ocrx_word' id='word_1_604' title='bbox 2018 1836 2161 1870; x_wconf 87' lang='lat' dir='ltr'><strong>maneat</strong></span> <span class='ocrx_word' id='word_1_605' title='bbox 2194 1833 2232 1869; x_wconf 89' lang='lat' dir='ltr'><strong>in</strong></span> <span class='ocrx_word' id='word_1_606' title='bbox 2267 1833 2478 1877; x_wconf 42' lang='lat' dir='ltr'><strong>venerabile,</strong></span> 
     </span>
     <span class='ocr_line' id='line_1_39' title="bbox 235 1871 1316 1938; baseline -0.005 -21"><span class='ocrx_word' id='word_1_607' title='bbox 235 1880 345 1938; x_wconf 61' lang='grc' dir='ltr'><strong><em>μῄπω</em></strong></span> <span class='ocrx_word' id='word_1_608' title='bbox 368 1879 468 1924; x_wconf 84' lang='grc' dir='ltr'><strong><em>τύχοι</em></strong></span> <span class='ocrx_word' id='word_1_609' title='bbox 492 1882 760 1926; x_wconf 76' lang='grc' dir='ltr'><strong><em>πεπερασμένος</em></strong></span> <span class='ocrx_word' id='word_1_610' title='bbox 777 1876 797 1913; x_wconf 87' lang='grc' dir='ltr'>ὁ</span> <span class='ocrx_word' id='word_1_611' title='bbox 816 1880 878 1922; x_wconf 83' lang='grc' dir='ltr'><strong>τῆς</strong></span> <span class='ocrx_word' id='word_1_612' title='bbox 900 1882 1056 1925; x_wconf 82' lang='grc' dir='ltr'><strong><em>τριετίας</em></strong></span> <span class='ocrx_word' id='word_1_613' title='bbox 1078 1877 1212 1926; x_wconf 79' lang='grc' dir='ltr'><strong><em>χρόνος,</em></strong></span> <span class='ocrx_word' id='word_1_614' title='bbox 1236 1871 1316 1912; x_wconf 77' lang='grc' dir='ltr'><strong><em>ἄλλ’</em></strong></span> 
     </span>
    </p>

    <p class='ocr_par' dir='ltr' id='par_1_3' title="bbox 234 1922 1318 1968">
     <span class='ocr_line' id='line_1_40' title="bbox 234 1922 1318 1968; baseline -0.005 -7"><span class='ocrx_word' id='word_1_615' title='bbox 234 1940 300 1961; x_wconf 87' lang='grc' dir='ltr'><strong>ουν</strong></span> <span class='ocrx_word' id='word_1_616' title='bbox 323 1929 382 1960; x_wconf 82' lang='grc' dir='ltr'><strong>καὶ</strong></span> <span class='ocrx_word' id='word_1_617' title='bbox 406 1923 504 1960; x_wconf 66' lang='grc' dir='ltr'><strong><em>οὕτω</em></strong></span> <span class='ocrx_word' id='word_1_618' title='bbox 527 1927 668 1968; x_wconf 84' lang='grc' dir='ltr'><strong><em>μενέτω</em></strong></span> <span class='ocrx_word' id='word_1_619' title='bbox 692 1923 784 1958; x_wconf 80' lang='grc' dir='ltr'><strong><em>κατὰ</em></strong></span> <span class='ocrx_word' id='word_1_620' title='bbox 811 1923 854 1958; x_wconf 83' lang='grc' dir='ltr'><strong>τὸ</strong></span> <span class='ocrx_word' id='word_1_621' title='bbox 885 1922 1188 1967; x_wconf 78' lang='grc' dir='ltr'><strong><em>σεβασιιιώτατον</em></strong></span> <span class='ocrx_word' id='word_1_622' title='bbox 1211 1936 1318 1957; x_wconf 84' lang='grc' dir='ltr'><strong><em>ιιονα·</em></strong></span> 
     </span>
    </p>
   </div>
   <div class='ocr_carea' id='block_1_3' title="bbox 281 2012 2386 2072">
    <p class='ocr_par' dir='ltr' id='par_1_4' title="bbox 281 2012 2386 2072">
     <span class='ocr_line' id='line_1_41' title="bbox 281 2012 2386 2072; baseline -0.002 -21"><span class='ocrx_word' id='word_1_623' title='bbox 281 2019 302 2059; x_wconf 61' lang='grc' dir='ltr'><strong>ξ</strong></span> <span class='ocrx_word' id='word_1_624' title='bbox 323 2020 351 2058; x_wconf 85' lang='grc'><strong>1,</strong></span> <span class='ocrx_word' id='word_1_625' title='bbox 377 2025 391 2050; x_wconf 81' lang='grc'><strong>’1</strong></span> <span class='ocrx_word' id='word_1_626' title='bbox 417 2016 476 2058; x_wconf 81' lang='grc' dir='ltr'><strong>(Εἰ</strong></span> <span class='ocrx_word' id='word_1_627' title='bbox 489 2013 542 2072; x_wconf 30' lang='grc' dir='ltr'><strong><em>’δέ</em></strong></span> <span class='ocrx_word' id='word_1_628' title='bbox 562 2025 615 2049; x_wconf 74' lang='grc' dir='ltr'><strong>τις</strong></span> <span class='ocrx_word' id='word_1_629' title='bbox 635 2012 724 2056; x_wconf 83' lang='grc' dir='ltr'><strong><em>κτλ.)</em></strong></span> <span class='ocrx_word' id='word_1_630' title='bbox 748 2034 792 2039; x_wconf 86' lang='grc'><strong>-</strong></span> <span class='ocrx_word' id='word_1_631' title='bbox 818 2014 838 2056; x_wconf 66' lang='grc' dir='ltr'><strong>ξ</strong></span> <span class='ocrx_word' id='word_1_632' title='bbox 864 2016 883 2047; x_wconf 87' lang='grc'>3</span> <span class='ocrx_word' id='word_1_633' title='bbox 904 2015 1028 2057; x_wconf 80' lang='lat' dir='ltr'><strong>passim</strong></span> <span class='ocrx_word' id='word_1_634' title='bbox 1053 2015 1241 2047; x_wconf 80' lang='lat' dir='ltr'><strong>circumcisa</strong></span> <span class='ocrx_word' id='word_1_635' title='bbox 1266 2015 1362 2047; x_wconf 74' lang='lat' dir='ltr'><strong>habet</strong></span> <span class='ocrx_word' id='word_1_636' title='bbox 1390 2016 1468 2049; x_wconf 83' lang='lat' dir='ltr'><strong>Coll.</strong></span> <span class='ocrx_word' id='word_1_637' title='bbox 1494 2016 1727 2049; x_wconf 88' lang='lat' dir='ltr'><em>LXXXVII</em></span> <span class='ocrx_word' id='word_1_638' title='bbox 1747 2017 1846 2056; x_wconf 80' lang='lat' dir='ltr'><strong>capit.</strong></span> <span class='ocrx_word' id='word_1_639' title='bbox 1873 2017 1891 2047; x_wconf 81' lang='lat'>8</span> <span class='ocrx_word' id='word_1_640' title='bbox 1918 2016 2006 2051; x_wconf 82' lang='lat' dir='ltr'><strong>(inde</strong></span> <span class='ocrx_word' id='word_1_641' title='bbox 2031 2015 2164 2048; x_wconf 83' lang='lat' dir='ltr'><strong>Nomoc.</strong></span> <span class='ocrx_word' id='word_1_642' title='bbox 2190 2015 2220 2047; x_wconf 89' lang='lat' dir='ltr'><em>L</em></span> <span class='ocrx_word' id='word_1_643' title='bbox 2246 2015 2294 2047; x_wconf 80' lang='lat' dir='ltr'><strong>tit.</strong></span> <span class='ocrx_word' id='word_1_644' title='bbox 2318 2015 2386 2055; x_wconf 83' lang='lat'><strong>33).</strong></span> 
     </span>
    </p>
   </div>
   <div class='ocr_carea' id='block_1_4' title="bbox 234 2095 2499 2860">
    <p class='ocr_par' dir='ltr' id='par_1_5' title="bbox 234 2095 2499 2731">
     <span class='ocr_line' id='line_1_42' title="bbox 237 2095 2470 2144; baseline 0.001 -10"><span class='ocrx_word' id='word_1_645' title='bbox 237 2099 347 2134; x_wconf 67' lang='lat' dir='ltr'><strong>&#39;iuliis</strong></span> <span class='ocrx_word' id='word_1_646' title='bbox 369 2098 514 2133; x_wconf 82' lang='lat' dir='ltr'><strong>iniuriis</strong></span> <span class='ocrx_word' id='word_1_647' title='bbox 535 2097 687 2133; x_wconf 79' lang='lat' dir='ltr'><strong>obnoxii</strong></span> <span class='ocrx_word' id='word_1_648' title='bbox 714 2104 900 2139; x_wconf 84' lang='lat' dir='ltr'><strong>maneant,</strong></span> <span class='ocrx_word' id='word_1_649' title='bbox 927 2096 960 2131; x_wconf 89' lang='lat' dir='ltr'><strong>si</strong></span> <span class='ocrx_word' id='word_1_650' title='bbox 979 2096 1091 2139; x_wconf 86' lang='lat' dir='ltr'><strong>servi,</strong></span> <span class='ocrx_word' id='word_1_651' title='bbox 1115 2096 1216 2132; x_wconf 85' lang='lat' dir='ltr'><strong>nullo</strong></span> <span class='ocrx_word' id='word_1_652' title='bbox 1245 2095 1403 2142; x_wconf 87' lang='lat' dir='ltr'><strong>amplius</strong></span> <span class='ocrx_word' id='word_1_653' title='bbox 1422 2098 1531 2132; x_wconf 86' lang='lat' dir='ltr'><strong>modo</strong></span> <span class='ocrx_word' id='word_1_654' title='bbox 1559 2101 1747 2140; x_wconf 80' lang='lat' dir='ltr'><strong>vexentur,</strong></span> <span class='ocrx_word' id='word_1_655' title='bbox 1802 2098 1840 2132; x_wconf 90' lang='lat' dir='ltr'><strong>ui</strong></span> <span class='ocrx_word' id='word_1_656' title='bbox 1867 2097 2011 2144; x_wconf 83' lang='lat' dir='ltr'><strong>quidem</strong></span> <span class='ocrx_word' id='word_1_657' title='bbox 2031 2098 2081 2133; x_wconf 88' lang='lat' dir='ltr'><strong>ad</strong></span> <span class='ocrx_word' id='word_1_658' title='bbox 2107 2109 2293 2135; x_wconf 90' lang='lat' dir='ltr'><strong>commune</strong></span> <span class='ocrx_word' id='word_1_659' title='bbox 2313 2102 2470 2138; x_wconf 86' lang='lat' dir='ltr'><strong>omnium</strong></span> 
     </span>
     <span class='ocr_line' id='line_1_43' title="bbox 237 2141 2470 2192; baseline 0 -12"><span class='ocrx_word' id='word_1_660' title='bbox 237 2143 402 2187; x_wconf 82' lang='lat' dir='ltr'><strong>(caeleste</strong></span> <span class='ocrx_word' id='word_1_661' title='bbox 428 2142 593 2185; x_wconf 77' lang='lat' dir='ltr'><strong>dicimus)</strong></span> <span class='ocrx_word' id='word_1_662' title='bbox 624 2141 822 2177; x_wconf 89' lang='lat' dir='ltr'><strong>dominium</strong></span> <span class='ocrx_word' id='word_1_663' title='bbox 854 2141 1085 2183; x_wconf 56' lang='lat' dir='ltr'><strong>transiet-inu</strong></span> <span class='ocrx_word' id='word_1_664' title='bbox 1119 2152 1163 2176; x_wconf 93' lang='lat' dir='ltr'><strong>ac</strong></span> <span class='ocrx_word' id='word_1_665' title='bbox 1194 2141 1420 2177; x_wconf 80' lang='lat' dir='ltr'><strong>vindicentur</strong></span> <span class='ocrx_word' id='word_1_666' title='bbox 1442 2142 1482 2176; x_wconf 89' lang='lat' dir='ltr'><strong>in</strong></span> <span class='ocrx_word' id='word_1_667' title='bbox 1510 2141 1721 2177; x_wconf 86' lang='lat' dir='ltr'><strong>libertatem.</strong></span> <span class='ocrx_word' id='word_1_668' title='bbox 1807 2154 1865 2177; x_wconf 90' lang='lat' dir='ltr'><strong>am</strong></span> <span class='ocrx_word' id='word_1_669' title='bbox 1888 2143 1921 2178; x_wconf 85' lang='lat' dir='ltr'><strong>si</strong></span> <span class='ocrx_word' id='word_1_670' title='bbox 1944 2143 1982 2177; x_wconf 90' lang='lat' dir='ltr'><strong>in</strong></span> <span class='ocrx_word' id='word_1_671' title='bbox 2006 2143 2129 2178; x_wconf 83' lang='lat' dir='ltr'><strong>multis</strong></span> <span class='ocrx_word' id='word_1_672' title='bbox 2152 2143 2296 2179; x_wconf 82' lang='lat' dir='ltr'><strong>casibus</strong></span> <span class='ocrx_word' id='word_1_673' title='bbox 2317 2144 2374 2180; x_wconf 85' lang='lat' dir='ltr'><strong>vel</strong></span> <span class='ocrx_word' id='word_1_674' title='bbox 2400 2156 2470 2192; x_wconf 86' lang='lat' dir='ltr'><strong>per</strong></span> 
     </span>
     <span class='ocr_line' id='line_1_44' title="bbox 237 2185 2468 2235; baseline 0 -10"><span class='ocrx_word' id='word_1_675' title='bbox 237 2189 350 2235; x_wconf 75' lang='lat' dir='ltr'><strong>leqem</strong></span> <span class='ocrx_word' id='word_1_676' title='bbox 374 2187 443 2223; x_wconf 78' lang='lat' dir='ltr'><strong>hoc</strong></span> <span class='ocrx_word' id='word_1_677' title='bbox 469 2187 516 2233; x_wconf 83' lang='lat' dir='ltr'><strong>fit</strong></span> <span class='ocrx_word' id='word_1_678' title='bbox 545 2191 582 2223; x_wconf 84' lang='lat' dir='ltr'><strong>et</strong></span> <span class='ocrx_word' id='word_1_679' title='bbox 603 2186 779 2222; x_wconf 83' lang='lat' dir='ltr'><strong>eiusmodi</strong></span> <span class='ocrx_word' id='word_1_680' title='bbox 802 2186 951 2222; x_wconf 82' lang='lat' dir='ltr'><strong>libertas</strong></span> <span class='ocrx_word' id='word_1_681' title='bbox 974 2185 1102 2229; x_wconf 84' lang='lat' dir='ltr'><strong>datur,</strong></span> <span class='ocrx_word' id='word_1_682' title='bbox 1132 2185 1221 2232; x_wconf 82' lang='lat' dir='ltr'><strong>quin</strong></span> <span class='ocrx_word' id='word_1_683' title='bbox 1244 2185 1368 2222; x_wconf 85' lang='lat' dir='ltr'><strong>divina</strong></span> <span class='ocrx_word' id='word_1_684' title='bbox 1391 2186 1514 2232; x_wconf 75' lang='lat' dir='ltr'><strong>qratia</strong></span> <span class='ocrx_word' id='word_1_685' title='bbox 1543 2186 1675 2222; x_wconf 85' lang='lat' dir='ltr'><strong>talibus</strong></span> <span class='ocrx_word' id='word_1_686' title='bbox 1698 2198 1760 2222; x_wconf 89' lang='lat' dir='ltr'><strong>eos</strong></span> <span class='ocrx_word' id='word_1_687' title='bbox 1787 2187 1938 2223; x_wconf 85' lang='lat' dir='ltr'><strong>vinculis</strong></span> <span class='ocrx_word' id='word_1_688' title='bbox 1964 2187 2119 2224; x_wconf 84' lang='lat' dir='ltr'><strong>liberare</strong></span> <span class='ocrx_word' id='word_1_689' title='bbox 2142 2188 2287 2224; x_wconf 87' lang='lat' dir='ltr'><strong>valeat?</strong></span> <span class='ocrx_word' id='word_1_690' title='bbox 2331 2187 2468 2232; x_wconf 79' lang='lat' dir='ltr'><strong>Quodsi</strong></span> 
     </span>
     <span class='ocr_line' id='line_1_45' title="bbox 239 2230 2468 2280; baseline 0 -11"><span class='ocrx_word' id='word_1_691' title='bbox 239 2234 323 2280; x_wconf 84' lang='lat' dir='ltr'><strong>quis</strong></span> <span class='ocrx_word' id='word_1_692' title='bbox 352 2233 452 2269; x_wconf 89' lang='lat' dir='ltr'><strong>intra</strong></span> <span class='ocrx_word' id='word_1_693' title='bbox 484 2232 677 2268; x_wconf 80' lang='lat' dir='ltr'><strong>triennium</strong></span> <span class='ocrx_word' id='word_1_694' title='bbox 707 2231 829 2267; x_wconf 85' lang='lat' dir='ltr'><strong>veniat</strong></span> <span class='ocrx_word' id='word_1_695' title='bbox 858 2235 895 2267; x_wconf 91' lang='lat' dir='ltr'><strong>et</strong></span> <span class='ocrx_word' id='word_1_696' title='bbox 925 2230 1081 2276; x_wconf 85' lang='lat' dir='ltr'><strong>aliquem</strong></span> <span class='ocrx_word' id='word_1_697' title='bbox 1109 2241 1160 2267; x_wconf 78' lang='lat' dir='ltr'><strong>ex</strong></span> <span class='ocrx_word' id='word_1_698' title='bbox 1182 2230 1273 2273; x_wconf 83' lang='lat' dir='ltr'><strong>illis,</strong></span> <span class='ocrx_word' id='word_1_699' title='bbox 1305 2230 1370 2276; x_wconf 83' lang='lat' dir='ltr'><strong>qui</strong></span> <span class='ocrx_word' id='word_1_700' title='bbox 1397 2232 1696 2267; x_wconf 78' lang='lat' dir='ltr'><strong>exercitationem</strong></span> <span class='ocrx_word' id='word_1_701' title='bbox 1719 2231 1967 2268; x_wconf 74' lang='lat' dir='ltr'><strong>monachicam</strong></span> <span class='ocrx_word' id='word_1_702' title='bbox 1991 2232 2229 2280; x_wconf 82' lang='lat' dir='ltr'><strong>profitentur,</strong></span> <span class='ocrx_word' id='word_1_703' title='bbox 2261 2236 2303 2268; x_wconf 89' lang='lat' dir='ltr'><strong>ut</strong></span> <span class='ocrx_word' id='word_1_704' title='bbox 2327 2244 2468 2269; x_wconf 86' lang='lat' dir='ltr'><strong>servum</strong></span> 
     </span>
     <span class='ocr_line' id='line_1_46' title="bbox 237 2275 2467 2327; baseline -0 -12"><span class='ocrx_word' id='word_1_705' title='bbox 237 2277 415 2315; x_wconf 83' lang='lat' dir='ltr'><strong>abducere</strong></span> <span class='ocrx_word' id='word_1_706' title='bbox 448 2277 534 2313; x_wconf 84' lang='lat' dir='ltr'><strong>velit</strong></span> <span class='ocrx_word' id='word_1_707' title='bbox 570 2276 624 2320; x_wconf 88' lang='lat' dir='ltr'><strong>(id</strong></span> <span class='ocrx_word' id='word_1_708' title='bbox 663 2275 763 2323; x_wconf 84' lang='lat' dir='ltr'><strong>quod</strong></span> <span class='ocrx_word' id='word_1_709' title='bbox 795 2286 914 2323; x_wconf 83' lang='lat' dir='ltr'><strong>nuper</strong></span> <span class='ocrx_word' id='word_1_710' title='bbox 947 2275 1050 2311; x_wconf 85' lang='lat' dir='ltr'><strong>nobis</strong></span> <span class='ocrx_word' id='word_1_711' title='bbox 1084 2286 1135 2311; x_wconf 71' lang='lat' dir='ltr'><strong>eoe</strong></span> <span class='ocrx_word' id='word_1_712' title='bbox 1166 2275 1282 2327; x_wconf 72' lang='lat' dir='ltr'><strong>Lycia</strong></span> <span class='ocrx_word' id='word_1_713' title='bbox 1321 2275 1486 2312; x_wconf 78' lang='lat' dir='ltr'><strong>Zosimus</strong></span> <span class='ocrx_word' id='word_1_714' title='bbox 1520 2276 1702 2312; x_wconf 85' lang='lat' dir='ltr'><strong>nuntiavit</strong></span> <span class='ocrx_word' id='word_1_715' title='bbox 1738 2276 1805 2312; x_wconf 89' lang='lat' dir='ltr'><strong>deo</strong></span> <span class='ocrx_word' id='word_1_716' title='bbox 1842 2277 2070 2319; x_wconf 84' lang='lat' dir='ltr'><strong>carissimus,</strong></span> <span class='ocrx_word' id='word_1_717' title='bbox 2114 2278 2170 2313; x_wconf 86' lang='lat' dir='ltr'><strong>vir</strong></span> <span class='ocrx_word' id='word_1_718' title='bbox 2213 2278 2253 2312; x_wconf 89' lang='lat' dir='ltr'><strong>in</strong></span> <span class='ocrx_word' id='word_1_719' title='bbox 2288 2279 2467 2315; x_wconf 79' lang='lat' dir='ltr'><strong>exercita-</strong></span> 
     </span>
     <span class='ocr_line' id='line_1_47' title="bbox 239 2320 2468 2373; baseline -0 -13"><span class='ocrx_word' id='word_1_720' title='bbox 239 2324 337 2360; x_wconf 80' lang='lat' dir='ltr'><strong>tione</strong></span> <span class='ocrx_word' id='word_1_721' title='bbox 365 2322 567 2358; x_wconf 85' lang='lat' dir='ltr'><strong>celebratus</strong></span> <span class='ocrx_word' id='word_1_722' title='bbox 622 2321 732 2369; x_wconf 85' lang='lat' dir='ltr'><strong>uique</strong></span> <span class='ocrx_word' id='word_1_723' title='bbox 761 2331 897 2356; x_wconf 89' lang='lat' dir='ltr'><strong>annum</strong></span> <span class='ocrx_word' id='word_1_724' title='bbox 917 2331 1038 2367; x_wconf 83' lang='lat' dir='ltr'><strong>prope</strong></span> <span class='ocrx_word' id='word_1_725' title='bbox 1068 2324 1298 2356; x_wconf 79' lang='lat' dir='ltr'><strong>centeszmum</strong></span> <span class='ocrx_word' id='word_1_726' title='bbox 1328 2324 1363 2356; x_wconf 86' lang='lat' dir='ltr'><strong>et</strong></span> <span class='ocrx_word' id='word_1_727' title='bbox 1389 2320 1597 2367; x_wconf 76' lang='lat' dir='ltr'><strong>viqesimum</strong></span> <span class='ocrx_word' id='word_1_728' title='bbox 1621 2321 1753 2356; x_wconf 86' lang='lat' dir='ltr'><strong>aetatis</strong></span> <span class='ocrx_word' id='word_1_729' title='bbox 1776 2332 1889 2373; x_wconf 72' lang='lat' dir='ltr'><strong>aqens</strong></span> <span class='ocrx_word' id='word_1_730' title='bbox 1914 2326 1986 2358; x_wconf 87' lang='lat' dir='ltr'><strong>tam</strong></span> <span class='ocrx_word' id='word_1_731' title='bbox 2009 2321 2122 2357; x_wconf 85' lang='lat' dir='ltr'><strong>animi</strong></span> <span class='ocrx_word' id='word_1_732' title='bbox 2144 2321 2338 2358; x_wconf 84' lang='lat' dir='ltr'><strong>virtutibus</strong></span> <span class='ocrx_word' id='word_1_733' title='bbox 2359 2334 2468 2369; x_wconf 84' lang='lat' dir='ltr'><strong>quam</strong></span> 
     </span>
     <span class='ocr_line' id='line_1_48' title="bbox 237 2364 2467 2415; baseline -0 -11"><span class='ocrx_word' id='word_1_734' title='bbox 237 2368 404 2415; x_wconf 87' lang='lat' dir='ltr'><strong>corporis</strong></span> <span class='ocrx_word' id='word_1_735' title='bbox 427 2366 563 2403; x_wconf 83' lang='lat' dir='ltr'><strong>viribus</strong></span> <span class='ocrx_word' id='word_1_736' title='bbox 613 2370 709 2402; x_wconf 88' lang='lat' dir='ltr'><strong>oret:</strong></span> <span class='ocrx_word' id='word_1_737' title='bbox 749 2369 852 2401; x_wconf 85' lang='lat' dir='ltr'><strong>tanta</strong></span> <span class='ocrx_word' id='word_1_738' title='bbox 874 2365 914 2400; x_wconf 90' lang='lat' dir='ltr'><strong>in</strong></span> <span class='ocrx_word' id='word_1_739' title='bbox 941 2375 985 2400; x_wconf 86' lang='lat' dir='ltr'><strong>eo</strong></span> <span class='ocrx_word' id='word_1_740' title='bbox 1009 2364 1068 2400; x_wconf 87' lang='lat' dir='ltr'><strong>dei</strong></span> <span class='ocrx_word' id='word_1_741' title='bbox 1089 2365 1215 2411; x_wconf 78' lang='lat' dir='ltr'><strong>qratia</strong></span> <span class='ocrx_word' id='word_1_742' title='bbox 1237 2365 1399 2408; x_wconf 86' lang='lat' dir='ltr'><strong>eminet).·</strong></span> <span class='ocrx_word' id='word_1_743' title='bbox 1431 2365 1464 2400; x_wconf 87' lang='lat' dir='ltr'><strong>si</strong></span> <span class='ocrx_word' id='word_1_744' title='bbox 1488 2365 1571 2410; x_wconf 84' lang='lat' dir='ltr'><strong>quis</strong></span> <span class='ocrx_word' id='word_1_745' title='bbox 1592 2365 1719 2411; x_wconf 76' lang='lat' dir='ltr'><strong>iqitur,</strong></span> <span class='ocrx_word' id='word_1_746' title='bbox 1752 2370 1804 2401; x_wconf 78' lang='lat' dir='ltr'><strong>uti</strong></span> <span class='ocrx_word' id='word_1_747' title='bbox 1837 2366 1911 2401; x_wconf 85' lang='lat' dir='ltr'><strong>iam</strong></span> <span class='ocrx_word' id='word_1_748' title='bbox 1943 2366 2120 2409; x_wconf 79' lang='lat' dir='ltr'><strong>diximus,</strong></span> <span class='ocrx_word' id='word_1_749' title='bbox 2151 2367 2251 2402; x_wconf 87' lang='lat' dir='ltr'><strong>intra</strong></span> <span class='ocrx_word' id='word_1_750' title='bbox 2276 2367 2467 2403; x_wconf 82' lang='lat' dir='ltr'><strong>triennium</strong></span> 
     </span>
     <span class='ocr_line' id='line_1_49' title="bbox 236 2408 2499 2461; baseline 0 -12"><span class='ocrx_word' id='word_1_751' title='bbox 236 2413 376 2455; x_wconf 85' lang='lat' dir='ltr'><strong>veniat,</strong></span> <span class='ocrx_word' id='word_1_752' title='bbox 407 2411 564 2458; x_wconf 81' lang='lat' dir='ltr'><strong>aliquem</strong></span> <span class='ocrx_word' id='word_1_753' title='bbox 588 2421 638 2447; x_wconf 77' lang='lat' dir='ltr'><strong>ex</strong></span> <span class='ocrx_word' id='word_1_754' title='bbox 661 2410 755 2453; x_wconf 83' lang='lat' dir='ltr'><strong>illis,</strong></span> <span class='ocrx_word' id='word_1_755' title='bbox 787 2410 851 2461; x_wconf 82' lang='lat' dir='ltr'><strong>qui</strong></span> <span class='ocrx_word' id='word_1_756' title='bbox 872 2421 911 2446; x_wconf 89' lang='lat' dir='ltr'><strong>se</strong></span> <span class='ocrx_word' id='word_1_757' title='bbox 933 2408 1131 2445; x_wconf 76' lang='lat' dir='ltr'><strong>monachos</strong></span> <span class='ocrx_word' id='word_1_758' title='bbox 1150 2409 1236 2455; x_wconf 85' lang='lat' dir='ltr'><strong>fieri</strong></span> <span class='ocrx_word' id='word_1_759' title='bbox 1260 2410 1414 2456; x_wconf 87' lang='lat' dir='ltr'><strong>cupiunt</strong></span> <span class='ocrx_word' id='word_1_760' title='bbox 1432 2410 1471 2444; x_wconf 85' lang='lat' dir='ltr'><strong>in</strong></span> <span class='ocrx_word' id='word_1_761' title='bbox 1494 2420 1610 2455; x_wconf 87' lang='lat' dir='ltr'><strong>eoque</strong></span> <span class='ocrx_word' id='word_1_762' title='bbox 1623 2414 1879 2456; x_wconf 88' lang='lat' dir='ltr'><strong>perseverant,</strong></span> <span class='ocrx_word' id='word_1_763' title='bbox 1907 2411 1946 2446; x_wconf 89' lang='lat' dir='ltr'><strong>in</strong></span> <span class='ocrx_word' id='word_1_764' title='bbox 1969 2411 2175 2447; x_wconf 84' lang='lat' dir='ltr'><strong>servitutem</strong></span> <span class='ocrx_word' id='word_1_765' title='bbox 2207 2410 2467 2455; x_wconf 84' lang='lat' dir='ltr'><strong>vindicaturus,</strong></span> <span class='ocrx_word' id='word_1_766' title='bbox 2491 2448 2499 2450; x_wconf 64' lang='grc'><strong><em>,</em></strong></span> 
     </span>
     <span class='ocr_line' id='line_1_50' title="bbox 236 2454 2468 2535; baseline -0 -41"><span class='ocrx_word' id='word_1_767' title='bbox 236 2468 387 2509; x_wconf 77' lang='lat' dir='ltr'><strong>eumque</strong></span> <span class='ocrx_word' id='word_1_768' title='bbox 414 2467 474 2493; x_wconf 85' lang='lat' dir='ltr'><strong>res</strong></span> <span class='ocrx_word' id='word_1_769' title='bbox 497 2455 674 2503; x_wconf 85' lang='lat' dir='ltr'><strong>quasdam</strong></span> <span class='ocrx_word' id='word_1_770' title='bbox 699 2455 922 2535; x_wconf 50' lang='lat' dir='ltr'><strong>surripuisse</strong></span> <span class='ocrx_word' id='word_1_771' title='bbox 950 2458 986 2491; x_wconf 89' lang='lat' dir='ltr'><strong>et</strong></span> <span class='ocrx_word' id='word_1_772' title='bbox 1009 2458 1213 2501; x_wconf 86' lang='lat' dir='ltr'><strong>propterea</strong></span> <span class='ocrx_word' id='word_1_773' title='bbox 1236 2454 1275 2489; x_wconf 89' lang='lat' dir='ltr'><strong>in</strong></span> <span class='ocrx_word' id='word_1_774' title='bbox 1304 2455 1562 2490; x_wconf 85' lang='lat' dir='ltr'><strong>monasterium</strong></span> <span class='ocrx_word' id='word_1_775' title='bbox 1585 2455 1783 2491; x_wconf 67' lang='lat' dir='ltr'><strong>incurrisse</strong></span> <span class='ocrx_word' id='word_1_776' title='bbox 1805 2455 1986 2502; x_wconf 77' lang='lat' dir='ltr'><strong>affirmet:</strong></span> <span class='ocrx_word' id='word_1_777' title='bbox 2020 2467 2065 2492; x_wconf 90' lang='lat' dir='ltr'><strong>ne</strong></span> <span class='ocrx_word' id='word_1_778' title='bbox 2089 2456 2266 2503; x_wconf 85' lang='lat' dir='ltr'><strong>protinus</strong></span> <span class='ocrx_word' id='word_1_779' title='bbox 2287 2456 2328 2492; x_wconf 86' lang='lat' dir='ltr'><strong>id</strong></span> <span class='ocrx_word' id='word_1_780' title='bbox 2346 2457 2468 2502; x_wconf 83' lang='lat' dir='ltr'><strong>faciat</strong></span> 
     </span>
     <span class='ocr_line' id='line_1_51' title="bbox 236 2500 2468 2551; baseline -0 -12"><span class='ocrx_word' id='word_1_781' title='bbox 236 2513 435 2545; x_wconf 76' lang='lat' dir='ltr'><strong>sancimus,</strong></span> <span class='ocrx_word' id='word_1_782' title='bbox 467 2501 533 2538; x_wconf 88' lang='lat' dir='ltr'><strong>sed</strong></span> <span class='ocrx_word' id='word_1_783' title='bbox 553 2501 664 2548; x_wconf 87' lang='lat' dir='ltr'><strong>prius</strong></span> <span class='ocrx_word' id='word_1_784' title='bbox 688 2505 790 2536; x_wconf 85' lang='lat' dir='ltr'><strong>osten</strong></span> <span class='ocrx_word' id='word_1_785' title='bbox 816 2503 857 2536; x_wconf 88' lang='lat' dir='ltr'><strong>at</strong></span> <span class='ocrx_word' id='word_1_786' title='bbox 878 2510 958 2536; x_wconf 87' lang='lat' dir='ltr'><strong>eum</strong></span> <span class='ocrx_word' id='word_1_787' title='bbox 980 2510 1107 2536; x_wconf 86' lang='lat' dir='ltr'><strong>revera</strong></span> <span class='ocrx_word' id='word_1_788' title='bbox 1131 2503 1168 2536; x_wconf 87' lang='lat' dir='ltr'><strong>et</strong></span> <span class='ocrx_word' id='word_1_789' title='bbox 1195 2509 1337 2535; x_wconf 85' lang='lat' dir='ltr'><strong>servum</strong></span> <span class='ocrx_word' id='word_1_790' title='bbox 1368 2510 1446 2535; x_wconf 86' lang='lat' dir='ltr'><strong>esse</strong></span> <span class='ocrx_word' id='word_1_791' title='bbox 1476 2504 1514 2536; x_wconf 91' lang='lat' dir='ltr'><strong>et</strong></span> <span class='ocrx_word' id='word_1_792' title='bbox 1540 2500 1640 2551; x_wconf 73' lang='lat' dir='ltr'><strong>furti</strong></span> <span class='ocrx_word' id='word_1_793' title='bbox 1659 2500 1764 2546; x_wconf 85' lang='lat' dir='ltr'><strong>forte</strong></span> <span class='ocrx_word' id='word_1_794' title='bbox 1789 2501 1846 2536; x_wconf 85' lang='lat' dir='ltr'><strong>vel</strong></span> <span class='ocrx_word' id='word_1_795' title='bbox 1874 2500 2062 2547; x_wconf 81' lang='lat' dir='ltr'><strong>improbae</strong></span> <span class='ocrx_word' id='word_1_796' title='bbox 2090 2501 2186 2537; x_wconf 86' lang='lat' dir='ltr'><strong>vitae</strong></span> <span class='ocrx_word' id='word_1_797' title='bbox 2215 2501 2273 2538; x_wconf 83' lang='lat' dir='ltr'><strong>vel</strong></span> <span class='ocrx_word' id='word_1_798' title='bbox 2327 2501 2468 2538; x_wconf 69' lang='lat' dir='ltr'><strong>raviam</strong></span> 
     </span>
     <span class='ocr_line' id='line_1_52' title="bbox 236 2512 2467 2592; baseline -0 -9"><span class='ocrx_word' id='word_1_799' title='bbox 236 2548 452 2585; x_wconf 84' lang='lat' dir='ltr'><strong>delictorum</strong></span> <span class='ocrx_word' id='word_1_800' title='bbox 480 2557 581 2582; x_wconf 87' lang='lat' dir='ltr'><strong>reum</strong></span> <span class='ocrx_word' id='word_1_801' title='bbox 604 2549 764 2592; x_wconf 83' lang='lat' dir='ltr'><strong>propter</strong></span> <span class='ocrx_word' id='word_1_802' title='bbox 793 2545 808 2580; x_wconf 84' lang='lat' dir='ltr'><strong>i</strong></span> <span class='ocrx_word' id='word_1_803' title='bbox 833 2556 912 2580; x_wconf 85' lang='lat' dir='ltr'><strong>sum</strong></span> <span class='ocrx_word' id='word_1_804' title='bbox 936 2544 1104 2580; x_wconf 86' lang='lat' dir='ltr'><strong>delictum</strong></span> <span class='ocrx_word' id='word_1_805' title='bbox 1126 2555 1232 2580; x_wconf 88' lang='lat' dir='ltr'><strong>suum</strong></span> <span class='ocrx_word' id='word_1_806' title='bbox 1263 2544 1457 2590; x_wconf 74' lang='lat' dir='ltr'><strong>aufuqisse</strong></span> <span class='ocrx_word' id='word_1_807' title='bbox 1479 2548 1517 2580; x_wconf 86' lang='lat' dir='ltr'><strong>et</strong></span> <span class='ocrx_word' id='word_1_808' title='bbox 1537 2555 1576 2579; x_wconf 78' lang='lat' dir='ltr'><strong>in</strong></span> <span class='ocrx_word' id='word_1_809' title='bbox 1599 2545 1857 2580; x_wconf 86' lang='lat' dir='ltr'><strong>monasterium</strong></span> <span class='ocrx_word' id='word_1_810' title='bbox 1881 2546 2027 2581; x_wconf 85' lang='lat' dir='ltr'><strong>venisse.</strong></span> <span class='ocrx_word' id='word_1_811' title='bbox 2082 2544 2135 2580; x_wconf 78' lang='lat' dir='ltr'><strong>Et</strong></span> <span class='ocrx_word' id='word_1_812' title='bbox 2154 2545 2189 2580; x_wconf 86' lang='lat' dir='ltr'><strong>si</strong></span> <span class='ocrx_word' id='word_1_813' title='bbox 2211 2512 2355 2592; x_wconf 60' lang='lat' dir='ltr'><strong>quidgm</strong></span> <span class='ocrx_word' id='word_1_814' title='bbox 2381 2557 2467 2583; x_wconf 86' lang='lat' dir='ltr'><strong>vera</strong></span> 
     </span>
     <span class='ocr_line' id='line_1_53' title="bbox 237 2588 2465 2638; baseline -0.001 -9"><span class='ocrx_word' id='word_1_815' title='bbox 237 2593 376 2629; x_wconf 76' lang='lat' dir='ltr'><strong>dixisse</strong></span> <span class='ocrx_word' id='word_1_816' title='bbox 399 2591 594 2638; x_wconf 81' lang='lat' dir='ltr'><strong>probetur,</strong></span> <span class='ocrx_word' id='word_1_817' title='bbox 626 2595 666 2626; x_wconf 90' lang='lat' dir='ltr'><strong>at</strong></span> <span class='ocrx_word' id='word_1_818' title='bbox 691 2602 736 2625; x_wconf 87' lang='lat' dir='ltr'><strong>ue</strong></span> <span class='ocrx_word' id='word_1_819' title='bbox 760 2590 826 2625; x_wconf 75' lang='grc' dir='ltr'><strong><em>ται·</em></strong></span> <span class='ocrx_word' id='word_1_820' title='bbox 848 2589 893 2625; x_wconf 87' lang='lat' dir='ltr'><strong>de</strong></span> <span class='ocrx_word' id='word_1_821' title='bbox 916 2600 1030 2625; x_wconf 88' lang='lat' dir='ltr'><strong>causa</strong></span> <span class='ocrx_word' id='word_1_822' title='bbox 1059 2588 1121 2624; x_wconf 81' lang='lat' dir='ltr'><strong>ille</strong></span> <span class='ocrx_word' id='word_1_823' title='bbox 1151 2588 1450 2626; x_wconf 75' lang='lat' dir='ltr'><strong>exercitationem</strong></span> <span class='ocrx_word' id='word_1_824' title='bbox 1474 2588 1723 2624; x_wconf 75' lang='lat' dir='ltr'><strong>monachicam</strong></span> <span class='ocrx_word' id='word_1_825' title='bbox 1746 2589 1948 2635; x_wconf 81' lang='lat' dir='ltr'><strong>suscepisse</strong></span> <span class='ocrx_word' id='word_1_826' title='bbox 1971 2588 2263 2636; x_wconf 75' lang='lat' dir='ltr'><strong>deprehendatur</strong></span> <span class='ocrx_word' id='word_1_827' title='bbox 2286 2590 2342 2626; x_wconf 84' lang='lat' dir='ltr'><strong>vel</strong></span> <span class='ocrx_word' id='word_1_828' title='bbox 2373 2591 2465 2627; x_wconf 84' lang='lat' dir='ltr'><strong>adeo</strong></span> 
     </span>
     <span class='ocr_line' id='line_1_54' title="bbox 234 2601 2466 2713; baseline -0.001 -40"><span class='ocrx_word' id='word_1_829' title='bbox 234 2641 389 2685; x_wconf 86' lang='lat' dir='ltr'><strong>propter</strong></span> <span class='ocrx_word' id='word_1_830' title='bbox 401 2637 497 2673; x_wconf 86' lang='lat' dir='ltr'><strong>vitae</strong></span> <span class='ocrx_word' id='word_1_831' title='bbox 514 2601 773 2682; x_wconf 53' lang='lat' dir='ltr'><strong>turpitudinem</strong></span> <span class='ocrx_word' id='word_1_832' title='bbox 783 2635 887 2680; x_wconf 85' lang='lat' dir='ltr'><strong>forte</strong></span> <span class='ocrx_word' id='word_1_833' title='bbox 897 2634 1079 2713; x_wconf 67' lang='lat' dir='ltr'><strong>fulqitivus</strong></span> <span class='ocrx_word' id='word_1_834' title='bbox 1092 2634 1218 2679; x_wconf 79' lang='lat' dir='ltr'><strong>factus</strong></span> <span class='ocrx_word' id='word_1_835' title='bbox 1237 2643 1303 2669; x_wconf 88' lang='lat' dir='ltr'><strong>nec</strong></span> <span class='ocrx_word' id='word_1_836' title='bbox 1318 2644 1445 2670; x_wconf 88' lang='lat' dir='ltr'><strong>revera</strong></span> <span class='ocrx_word' id='word_1_837' title='bbox 1461 2633 1736 2670; x_wconf 79' lang='lat' dir='ltr'><strong>exercitationis</strong></span> <span class='ocrx_word' id='word_1_838' title='bbox 1752 2644 1890 2675; x_wconf 87' lang='lat' dir='ltr'><strong>amans,</strong></span> <span class='ocrx_word' id='word_1_839' title='bbox 1909 2633 2056 2669; x_wconf 87' lang='lat' dir='ltr'><strong>domino</strong></span> <span class='ocrx_word' id='word_1_840' title='bbox 2072 2633 2249 2670; x_wconf 84' lang='lat' dir='ltr'><strong>reddatur</strong></span> <span class='ocrx_word' id='word_1_841' title='bbox 2264 2645 2344 2670; x_wconf 91' lang='lat' dir='ltr'><strong>cum</strong></span> <span class='ocrx_word' id='word_1_842' title='bbox 2359 2634 2466 2671; x_wconf 83' lang='lat' dir='ltr'><strong>rebus</strong></span> 
     </span>
     <span class='ocr_line' id='line_1_55' title="bbox 261 2677 2466 2731; baseline -0.001 -14"><span class='ocrx_word' id='word_1_843' title='bbox 261 2693 331 2717; x_wconf 91' lang='lat' dir='ltr'><strong>uas</strong></span> <span class='ocrx_word' id='word_1_844' title='bbox 346 2681 515 2716; x_wconf 83' lang='lat' dir='ltr'><strong>nimirum</strong></span> <span class='ocrx_word' id='word_1_845' title='bbox 531 2679 722 2731; x_wconf 68' lang='lat' dir='ltr'><strong>surripuit,</strong></span> <span class='ocrx_word' id='word_1_846' title='bbox 745 2679 778 2714; x_wconf 89' lang='lat' dir='ltr'><strong>si</strong></span> <span class='ocrx_word' id='word_1_847' title='bbox 799 2678 908 2714; x_wconf 86' lang='lat' dir='ltr'><strong>modo</strong></span> <span class='ocrx_word' id='word_1_848' title='bbox 924 2678 938 2713; x_wconf 90' lang='lat' dir='ltr'><strong>i</strong></span> <span class='ocrx_word' id='word_1_849' title='bbox 952 2678 1010 2715; x_wconf 86' lang='lat' dir='ltr'><strong>lae</strong></span> <span class='ocrx_word' id='word_1_850' title='bbox 1025 2689 1170 2730; x_wconf 85' lang='lat' dir='ltr'><strong>quoque</strong></span> <span class='ocrx_word' id='word_1_851' title='bbox 1188 2679 1226 2713; x_wconf 84' lang='lat' dir='ltr'><strong>in</strong></span> <span class='ocrx_word' id='word_1_852' title='bbox 1241 2678 1461 2714; x_wconf 85' lang='lat' dir='ltr'><strong>monasterio</strong></span> <span class='ocrx_word' id='word_1_853' title='bbox 1484 2678 1560 2714; x_wconf 87' lang='lat' dir='ltr'><strong>sint</strong></span> <span class='ocrx_word' id='word_1_854' title='bbox 1565 2690 1580 2719; x_wconf 92' lang='lat'><em>;</em></span> <span class='ocrx_word' id='word_1_855' title='bbox 1602 2677 1635 2712; x_wconf 88' lang='lat' dir='ltr'><strong>is</strong></span> <span class='ocrx_word' id='word_1_856' title='bbox 1657 2689 1755 2720; x_wconf 87' lang='lat' dir='ltr'><strong>vero,</strong></span> <span class='ocrx_word' id='word_1_857' title='bbox 1779 2678 1844 2724; x_wconf 83' lang='lat' dir='ltr'><strong>qui</strong></span> <span class='ocrx_word' id='word_1_858' title='bbox 1862 2678 2031 2713; x_wconf 86' lang='lat' dir='ltr'><strong>dominus</strong></span> <span class='ocrx_word' id='word_1_859' title='bbox 2051 2677 2231 2725; x_wconf 81' lang='lat' dir='ltr'><strong>probatus</strong></span> <span class='ocrx_word' id='word_1_860' title='bbox 2247 2683 2311 2722; x_wconf 85' lang='lat' dir='ltr'><strong>est,</strong></span> <span class='ocrx_word' id='word_1_861' title='bbox 2332 2679 2393 2715; x_wconf 87' lang='lat' dir='ltr'><strong>det</strong></span> <span class='ocrx_word' id='word_1_862' title='bbox 2411 2679 2466 2715; x_wconf 84' lang='lat' dir='ltr'><strong>illi</strong></span> 
     </span>
    </p>

    <p class='ocr_par' dir='ltr' id='par_1_6' title="bbox 236 2722 2466 2860">
     <span class='ocr_line' id='line_1_56' title="bbox 302 2722 2464 2771; baseline 0 -10"><span class='ocrx_word' id='word_1_863' title='bbox 302 2725 413 2771; x_wconf 83' lang='lat' dir='ltr'><strong>fidem</strong></span> <span class='ocrx_word' id='word_1_864' title='bbox 435 2736 530 2771; x_wconf 84' lang='lat' dir='ltr'><strong>quae</strong></span> <span class='ocrx_word' id='word_1_865' title='bbox 553 2724 697 2766; x_wconf 79' lang='lat' dir='ltr'><strong>dicitur,</strong></span> <span class='ocrx_word' id='word_1_866' title='bbox 725 2734 765 2760; x_wconf 88' lang='lat' dir='ltr'><strong>se</strong></span> <span class='ocrx_word' id='word_1_867' title='bbox 787 2723 924 2759; x_wconf 79' lang='lat' dir='ltr'><strong>nullam</strong></span> <span class='ocrx_word' id='word_1_868' title='bbox 947 2723 982 2759; x_wconf 88' lang='lat' dir='ltr'><strong>ei</strong></span> <span class='ocrx_word' id='word_1_869' title='bbox 1004 2723 1176 2758; x_wconf 81' lang='lat' dir='ltr'><strong>iniuriam</strong></span> <span class='ocrx_word' id='word_1_870' title='bbox 1220 2727 1386 2758; x_wconf 88' lang='lat' dir='ltr'><strong>acturum</strong></span> <span class='ocrx_word' id='word_1_871' title='bbox 1409 2733 1497 2764; x_wconf 86' lang='lat' dir='ltr'><strong>esse,</strong></span> <span class='ocrx_word' id='word_1_872' title='bbox 1529 2733 1679 2769; x_wconf 85' lang='lat' dir='ltr'><strong>eumque</strong></span> <span class='ocrx_word' id='word_1_873' title='bbox 1699 2723 1855 2769; x_wconf 88' lang='lat' dir='ltr'><strong>recipiat</strong></span> <span class='ocrx_word' id='word_1_874' title='bbox 1877 2727 1913 2759; x_wconf 88' lang='lat' dir='ltr'><strong>et</strong></span> <span class='ocrx_word' id='word_1_875' title='bbox 1935 2722 2078 2758; x_wconf 89' lang='lat' dir='ltr'><strong>domum</strong></span> <span class='ocrx_word' id='word_1_876' title='bbox 2103 2722 2222 2758; x_wconf 88' lang='lat' dir='ltr'><strong>ducat.</strong></span> <span class='ocrx_word' id='word_1_877' title='bbox 2312 2723 2355 2760; x_wconf 87' lang='lat' dir='ltr'><strong>Si</strong></span> <span class='ocrx_word' id='word_1_878' title='bbox 2378 2735 2464 2761; x_wconf 86' lang='lat' dir='ltr'><strong>vero</strong></span> 
     </span>
     <span class='ocr_line' id='line_1_57' title="bbox 236 2767 2464 2817; baseline -0.001 -10"><span class='ocrx_word' id='word_1_879' title='bbox 236 2772 288 2813; x_wconf 84' lang='lat' dir='ltr'><strong>is,</strong></span> <span class='ocrx_word' id='word_1_880' title='bbox 320 2770 384 2817; x_wconf 83' lang='lat' dir='ltr'><strong>qui</strong></span> <span class='ocrx_word' id='word_1_881' title='bbox 405 2781 445 2806; x_wconf 90' lang='lat' dir='ltr'><strong>se</strong></span> <span class='ocrx_word' id='word_1_882' title='bbox 465 2769 648 2805; x_wconf 88' lang='lat' dir='ltr'><strong>dominum</strong></span> <span class='ocrx_word' id='word_1_883' title='bbox 671 2779 749 2805; x_wconf 85' lang='lat' dir='ltr'><strong>esse</strong></span> <span class='ocrx_word' id='word_1_884' title='bbox 772 2768 875 2811; x_wconf 84' lang='lat' dir='ltr'><strong>dicit,</strong></span> <span class='ocrx_word' id='word_1_885' title='bbox 906 2767 999 2804; x_wconf 80' lang='lat' dir='ltr'><strong>nihil</strong></span> <span class='ocrx_word' id='word_1_886' title='bbox 1023 2768 1094 2803; x_wconf 87' lang='lat' dir='ltr'><strong>tale</strong></span> <span class='ocrx_word' id='word_1_887' title='bbox 1111 2778 1187 2814; x_wconf 88' lang='lat' dir='ltr'><strong>pro</strong></span> <span class='ocrx_word' id='word_1_888' title='bbox 1212 2768 1346 2810; x_wconf 86' lang='lat' dir='ltr'><strong>averit,</strong></span> <span class='ocrx_word' id='word_1_889' title='bbox 1370 2768 1433 2804; x_wconf 84' lang='lat' dir='ltr'><strong>ille</strong></span> <span class='ocrx_word' id='word_1_890' title='bbox 1455 2771 1594 2810; x_wconf 86' lang='lat' dir='ltr'><strong>autem,</strong></span> <span class='ocrx_word' id='word_1_891' title='bbox 1619 2767 1683 2813; x_wconf 84' lang='lat' dir='ltr'><strong>qui</strong></span> <span class='ocrx_word' id='word_1_892' title='bbox 1705 2767 1744 2802; x_wconf 83' lang='lat' dir='ltr'><strong>in</strong></span> <span class='ocrx_word' id='word_1_893' title='bbox 1770 2767 1859 2803; x_wconf 86' lang='lat' dir='ltr'><strong>talia</strong></span> <span class='ocrx_word' id='word_1_894' title='bbox 1882 2767 2035 2803; x_wconf 89' lang='lat' dir='ltr'><strong>crimina</strong></span> <span class='ocrx_word' id='word_1_895' title='bbox 2059 2772 2221 2810; x_wconf 83' lang='lat' dir='ltr'><strong>vocatur,</strong></span> <span class='ocrx_word' id='word_1_896' title='bbox 2251 2771 2288 2804; x_wconf 86' lang='lat' dir='ltr'><strong>et</strong></span> <span class='ocrx_word' id='word_1_897' title='bbox 2310 2780 2360 2805; x_wconf 77' lang='lat' dir='ltr'><strong>ex</strong></span> <span class='ocrx_word' id='word_1_898' title='bbox 2382 2769 2464 2816; x_wconf 84' lang='lat' dir='ltr'><strong>ipsa</strong></span> 
     </span>
     <span class='ocr_line' id='line_1_58' title="bbox 236 2811 2466 2860; baseline -0.001 -8"><span class='ocrx_word' id='word_1_899' title='bbox 236 2815 499 2852; x_wconf 79' lang='lat' dir='ltr'><strong>exercitatione</strong></span> <span class='ocrx_word' id='word_1_900' title='bbox 527 2813 740 2849; x_wconf 77' lang='lat' dir='ltr'><strong>monachica</strong></span> <span class='ocrx_word' id='word_1_901' title='bbox 765 2813 938 2849; x_wconf 77' lang='lat' dir='ltr'><strong>honestus</strong></span> <span class='ocrx_word' id='word_1_902' title='bbox 961 2817 997 2849; x_wconf 90' lang='lat' dir='ltr'><strong>et</strong></span> <span class='ocrx_word' id='word_1_903' title='bbox 1017 2812 1163 2859; x_wconf 85' lang='lat' dir='ltr'><strong>probus</strong></span> <span class='ocrx_word' id='word_1_904' title='bbox 1186 2817 1369 2859; x_wconf 82' lang='lat' dir='ltr'><strong>appareat</strong></span> <span class='ocrx_word' id='word_1_905' title='bbox 1391 2817 1427 2848; x_wconf 89' lang='lat' dir='ltr'><strong>et</strong></span> <span class='ocrx_word' id='word_1_906' title='bbox 1447 2813 1551 2858; x_wconf 87' lang='lat' dir='ltr'><strong>forte</strong></span> <span class='ocrx_word' id='word_1_907' title='bbox 1579 2812 1819 2848; x_wconf 85' lang='lat' dir='ltr'><strong>testimonium</strong></span> <span class='ocrx_word' id='word_1_908' title='bbox 1842 2823 1988 2858; x_wconf 83' lang='lat' dir='ltr'><strong>quoque</strong></span> <span class='ocrx_word' id='word_1_909' title='bbox 2010 2811 2142 2848; x_wconf 71' lang='lat' dir='ltr'><strong>habeat</strong></span> <span class='ocrx_word' id='word_1_910' title='bbox 2168 2823 2224 2855; x_wconf 84' lang='lat' dir='ltr'><strong>se,</strong></span> <span class='ocrx_word' id='word_1_911' title='bbox 2261 2823 2340 2848; x_wconf 88' lang='lat' dir='ltr'><strong>cum</strong></span> <span class='ocrx_word' id='word_1_912' title='bbox 2364 2814 2466 2860; x_wconf 86' lang='lat' dir='ltr'><strong>apud</strong></span> 
     </span>
    </p>
   </div>
   <div class='ocr_carea' id='block_1_5' title="bbox 237 2856 2462 2904">
    <p class='ocr_par' dir='ltr' id='par_1_7' title="bbox 237 2856 2462 2904">
     <span class='ocr_line' id='line_1_59' title="bbox 237 2856 2462 2904; baseline -0.001 -8"><span class='ocrx_word' id='word_1_913' title='bbox 237 2860 419 2896; x_wconf 82' lang='lat' dir='ltr'><strong>dominum</strong></span> <span class='ocrx_word' id='word_1_914' title='bbox 441 2863 552 2901; x_wconf 84' lang='lat' dir='ltr'><strong>esset,</strong></span> <span class='ocrx_word' id='word_1_915' title='bbox 582 2858 779 2894; x_wconf 86' lang='lat' dir='ltr'><strong>modestum</strong></span> <span class='ocrx_word' id='word_1_916' title='bbox 803 2863 913 2904; x_wconf 81' lang='lat' dir='ltr'><strong>atque</strong></span> <span class='ocrx_word' id='word_1_917' title='bbox 941 2857 1144 2894; x_wconf 80' lang='lat' dir='ltr'><strong>honestatis</strong></span> <span class='ocrx_word' id='word_1_918' title='bbox 1167 2862 1348 2893; x_wconf 84' lang='lat' dir='ltr'><strong>amantem</strong></span> <span class='ocrx_word' id='word_1_919' title='bbox 1369 2857 1506 2904; x_wconf 84' lang='lat' dir='ltr'><strong>fuisse,</strong></span> <span class='ocrx_word' id='word_1_920' title='bbox 1530 2857 1613 2893; x_wconf 84' lang='lat' dir='ltr'><strong>licet</strong></span> <span class='ocrx_word' id='word_1_921' title='bbox 1638 2857 1784 2893; x_wconf 84' lang='lat' dir='ltr'><strong>triennii</strong></span> <span class='ocrx_word' id='word_1_922' title='bbox 1817 2861 1956 2904; x_wconf 86' lang='lat' dir='ltr'><strong>tempus</strong></span> <span class='ocrx_word' id='word_1_923' title='bbox 1978 2856 2139 2892; x_wconf 86' lang='lat' dir='ltr'><strong>nondum</strong></span> <span class='ocrx_word' id='word_1_924' title='bbox 2166 2857 2380 2904; x_wconf 83' lang='lat' dir='ltr'><strong>completum</strong></span> <span class='ocrx_word' id='word_1_925' title='bbox 2403 2858 2462 2901; x_wconf 79' lang='lat' dir='ltr'><strong>sit,</strong></span> 
     </span>
    </p>
   </div>
   <div class='ocr_carea' id='block_1_6' title="bbox 193 2946 2463 3708">
    <p class='ocr_par' dir='ltr' id='par_1_8' title="bbox 193 2946 2463 3708">
     <span class='ocr_line' id='line_1_60' title="bbox 282 2946 2462 2993; baseline -0.001 -10"><span class='ocrx_word' id='word_1_926' title='bbox 282 2953 301 2985; x_wconf 88' lang='lat'><strong>3</strong></span> <span class='ocrx_word' id='word_1_927' title='bbox 327 2948 384 2991; x_wconf 85' lang='grc' dir='ltr'><strong><em>δὴ]</em></strong></span> <span class='ocrx_word' id='word_1_928' title='bbox 410 2952 518 2982; x_wconf 86' lang='lat' dir='ltr'><strong>autom</strong></span> <span class='ocrx_word' id='word_1_929' title='bbox 544 2962 563 2985; x_wconf 79' lang='grc' dir='ltr'><em>ς</em></span> <span class='ocrx_word' id='word_1_930' title='bbox 591 2950 601 2990; x_wconf 87' lang='grc' dir='ltr'><strong>ΙΙ</strong></span> <span class='ocrx_word' id='word_1_931' title='bbox 628 2951 699 2989; x_wconf 84' lang='grc' dir='ltr'><strong><em>καὶ]</em></strong></span> <span class='ocrx_word' id='word_1_932' title='bbox 725 2946 805 2982; x_wconf 82' lang='grc' dir='ltr'><strong><em>ἀλλ’</em></strong></span> <span class='ocrx_word' id='word_1_933' title='bbox 829 2951 860 2982; x_wconf 87' lang='lat' dir='ltr'><strong><em>A</em></strong></span> <span class='ocrx_word' id='word_1_934' title='bbox 885 2948 897 2992; x_wconf 76' lang='grc' dir='ltr'><strong>ΙΙ</strong></span> <span class='ocrx_word' id='word_1_935' title='bbox 923 2951 941 2982; x_wconf 83' lang='lat'>5</span> <span class='ocrx_word' id='word_1_936' title='bbox 967 2950 1027 2981; x_wconf 82' lang='grc' dir='ltr'><strong>καὶ</strong></span> <span class='ocrx_word' id='word_1_937' title='bbox 1049 2951 1143 2991; x_wconf 79' lang='lat' dir='ltr'><strong>prius</strong></span> <span class='ocrx_word' id='word_1_938' title='bbox 1165 2962 1225 2982; x_wconf 88' lang='lat' dir='ltr'><strong>om.</strong></span> <span class='ocrx_word' id='word_1_939' title='bbox 1250 2950 1282 2982; x_wconf 91' lang='lat' dir='ltr'><strong><em>A</em></strong></span> <span class='ocrx_word' id='word_1_940' title='bbox 1304 2947 1317 2993; x_wconf 83' lang='grc' dir='ltr'><strong>ΙΙ</strong></span> <span class='ocrx_word' id='word_1_941' title='bbox 1430 2949 1450 2981; x_wconf 89' lang='grc'><strong>2</strong></span> <span class='ocrx_word' id='word_1_942' title='bbox 1475 2958 1701 2981; x_wconf 89' lang='lat' dir='ltr'><strong>commune—</strong></span> <span class='ocrx_word' id='word_1_943' title='bbox 1720 2947 1858 2981; x_wconf 83' lang='lat' dir='ltr'><strong>caeleste</strong></span> <span class='ocrx_word' id='word_1_944' title='bbox 1881 2946 1988 2987; x_wconf 77' lang='lat' dir='ltr'><strong>RV2J</strong></span> <span class='ocrx_word' id='word_1_945' title='bbox 2013 2957 2218 2981; x_wconf 87' lang='lat' dir='ltr'><strong>communem</strong></span> <span class='ocrx_word' id='word_1_946' title='bbox 2236 2966 2276 2972; x_wconf 90' lang='lat'><strong>—</strong></span> <span class='ocrx_word' id='word_1_947' title='bbox 2291 2948 2462 2982; x_wconf 82' lang='lat' dir='ltr'><strong>caelestem</strong></span> 
     </span>
     <span class='ocr_line' id='line_1_61' title="bbox 235 2990 2461 3041; baseline -0.001 -13"><span class='ocrx_word' id='word_1_948' title='bbox 235 2997 387 3041; x_wconf 86' lang='grc' dir='ltr'><strong><em>γίνεται]</em></strong></span> <span class='ocrx_word' id='word_1_949' title='bbox 417 2995 551 3041; x_wconf 83' lang='grc' dir='ltr'><strong><em>πέφυκε</em></strong></span> <span class='ocrx_word' id='word_1_950' title='bbox 574 2993 746 3041; x_wconf 84' lang='grc' dir='ltr'><strong><em>γίνεσθαι</em></strong></span> <span class='ocrx_word' id='word_1_951' title='bbox 769 2995 801 3027; x_wconf 88' lang='lat' dir='ltr'><strong><em>A</em></strong></span> <span class='ocrx_word' id='word_1_952' title='bbox 830 2993 842 3036; x_wconf 72' lang='grc' dir='ltr'><strong>ΙΙ</strong></span> <span class='ocrx_word' id='word_1_953' title='bbox 869 3004 922 3027; x_wconf 77' lang='grc' dir='ltr'><strong>τις</strong></span> <span class='ocrx_word' id='word_1_954' title='bbox 945 2991 1134 3039; x_wconf 77' lang='grc' dir='ltr'><strong><em>ἐλευθερία</em></strong></span> <span class='ocrx_word' id='word_1_955' title='bbox 1159 2990 1314 3034; x_wconf 87' lang='grc' dir='ltr'><strong><em>δίδοται]</em></strong></span> <span class='ocrx_word' id='word_1_956' title='bbox 1391 2993 1440 3025; x_wconf 86' lang='lat' dir='ltr'><strong>V¹</strong></span> <span class='ocrx_word' id='word_1_957' title='bbox 1465 2994 1551 3037; x_wconf 74' lang='lat' dir='ltr'><strong>vuly.</strong></span> <span class='ocrx_word' id='word_1_958' title='bbox 1567 2992 1580 3036; x_wconf 86' lang='grc' dir='ltr'><strong>ΙΙ</strong></span> <span class='ocrx_word' id='word_1_959' title='bbox 1599 2993 1770 3027; x_wconf 89' lang='lat' dir='ltr'><strong>dominum</strong></span> <span class='ocrx_word' id='word_1_960' title='bbox 1796 2991 1847 3026; x_wconf 79' lang='lat' dir='ltr'><strong>T²</strong></span> <span class='ocrx_word' id='word_1_961' title='bbox 1868 2991 1983 3036; x_wconf 77' lang='lat' dir='ltr'><strong>vu19.n</strong></span> <span class='ocrx_word' id='word_1_962' title='bbox 2008 2993 2027 3026; x_wconf 91' lang='grc'><strong>3</strong></span> <span class='ocrx_word' id='word_1_963' title='bbox 2052 2992 2263 3035; x_wconf 71' lang='lat' dir='ltr'><strong>abripiuntur</strong></span> <span class='ocrx_word' id='word_1_964' title='bbox 2292 2992 2348 3036; x_wconf 67' lang='lat' dir='ltr'><strong>Tu</strong></span> <span class='ocrx_word' id='word_1_965' title='bbox 2367 2994 2387 3028; x_wconf 88' lang='grc'>6</span> <span class='ocrx_word' id='word_1_966' title='bbox 2410 2993 2461 3026; x_wconf 87' lang='lat' dir='ltr'><strong>bi-</strong></span> 
     </span>
     <span class='ocr_line' id='line_1_62' title="bbox 237 3036 2463 3086; baseline -0.002 -12"><span class='ocrx_word' id='word_1_967' title='bbox 237 3040 427 3086; x_wconf 77' lang='grc' dir='ltr'><strong><em>έλευθερία</em></strong></span> <span class='ocrx_word' id='word_1_968' title='bbox 446 3043 545 3075; x_wconf 86' lang='grc' dir='ltr'><strong><em>τισὶν</em></strong></span> <span class='ocrx_word' id='word_1_969' title='bbox 569 3039 681 3073; x_wconf 76' lang='grc' dir='ltr'><strong><em>εἴωθε</em></strong></span> <span class='ocrx_word' id='word_1_970' title='bbox 706 3037 878 3085; x_wconf 85' lang='grc' dir='ltr'><strong><em>γίνεσθαι</em></strong></span> <span class='ocrx_word' id='word_1_971' title='bbox 902 3039 933 3071; x_wconf 94' lang='lat' dir='ltr'><strong><em>A</em></strong></span> <span class='ocrx_word' id='word_1_972' title='bbox 961 3037 973 3082; x_wconf 84' lang='grc' dir='ltr'><strong>ΙΙ</strong></span> <span class='ocrx_word' id='word_1_973' title='bbox 1004 3040 1022 3071; x_wconf 87' lang='lat'><strong>7</strong></span> <span class='ocrx_word' id='word_1_974' title='bbox 1061 3036 1251 3079; x_wconf 83' lang='grc' dir='ltr'><strong><em>τοιούτων]</em></strong></span> <span class='ocrx_word' id='word_1_975' title='bbox 1277 3039 1315 3070; x_wconf 77' lang='grc' dir='ltr'><strong>ἐκ</strong></span> <span class='ocrx_word' id='word_1_976' title='bbox 1384 3037 1567 3070; x_wconf 84' lang='lat' dir='ltr'><strong>triennium</strong></span> <span class='ocrx_word' id='word_1_977' title='bbox 1582 3038 1632 3070; x_wconf 68' lang='lat' dir='ltr'><strong>Ra</strong></span> <span class='ocrx_word' id='word_1_978' title='bbox 1647 3037 1660 3081; x_wconf 83' lang='grc' dir='ltr'><strong>ΙΙ</strong></span> <span class='ocrx_word' id='word_1_979' title='bbox 1679 3040 1697 3071; x_wconf 83' lang='lat'><strong>7</strong></span> <span class='ocrx_word' id='word_1_980' title='bbox 1711 3037 1960 3070; x_wconf 85' lang='lat' dir='ltr'><strong>conuersionem</strong></span> <span class='ocrx_word' id='word_1_981' title='bbox 1973 3037 2006 3070; x_wconf 80' lang='lat' dir='ltr'><em>R</em></span> <span class='ocrx_word' id='word_1_982' title='bbox 2021 3037 2034 3080; x_wconf 86' lang='grc' dir='ltr'><strong>ΙΙ</strong></span> <span class='ocrx_word' id='word_1_983' title='bbox 2052 3039 2072 3071; x_wconf 85' lang='grc'><strong>9</strong></span> <span class='ocrx_word' id='word_1_984' title='bbox 2085 3037 2259 3070; x_wconf 86' lang='lat' dir='ltr'><strong>nuntiauit</strong></span> <span class='ocrx_word' id='word_1_985' title='bbox 2271 3047 2311 3070; x_wconf 83' lang='lat' dir='ltr'><strong>ex</strong></span> <span class='ocrx_word' id='word_1_986' title='bbox 2323 3036 2463 3082; x_wconf 74' lang='lat' dir='ltr'><strong>liciaVn</strong></span> 
     </span>
     <span class='ocr_line' id='line_1_63' title="bbox 235 3079 2460 3130; baseline -0.003 -9"><span class='ocrx_word' id='word_1_987' title='bbox 235 3085 395 3121; x_wconf 73' lang='grc' dir='ltr'><strong><em>δουλείας</em></strong></span> <span class='ocrx_word' id='word_1_988' title='bbox 408 3087 438 3120; x_wconf 95' lang='lat' dir='ltr'><strong><em>A</em></strong></span> <span class='ocrx_word' id='word_1_989' title='bbox 453 3086 466 3129; x_wconf 81' lang='grc' dir='ltr'><strong>ΙΙ</strong></span> <span class='ocrx_word' id='word_1_990' title='bbox 486 3088 504 3118; x_wconf 81' lang='lat' dir='ltr'>S</span> <span class='ocrx_word' id='word_1_991' title='bbox 529 3080 833 3130; x_wconf 80' lang='grc' dir='ltr'><strong><em>παραγεγονότων</em></strong></span> <span class='ocrx_word' id='word_1_992' title='bbox 852 3080 967 3116; x_wconf 71' lang='grc' dir='ltr'><strong><em>ἕλκειν</em></strong></span> <span class='ocrx_word' id='word_1_993' title='bbox 983 3093 1038 3116; x_wconf 85' lang='grc' dir='ltr'><strong>τις</strong></span> <span class='ocrx_word' id='word_1_994' title='bbox 1058 3079 1105 3116; x_wconf 74' lang='grc' dir='ltr'><strong>ὥς</strong></span> <span class='ocrx_word' id='word_1_995' title='bbox 1118 3084 1148 3117; x_wconf 88' lang='lat' dir='ltr'><strong><em>A</em></strong></span> <span class='ocrx_word' id='word_1_996' title='bbox 1167 3082 1179 3127; x_wconf 85' lang='grc' dir='ltr'><strong>ΙΙ</strong></span> <span class='ocrx_word' id='word_1_997' title='bbox 1195 3085 1215 3116; x_wconf 85' lang='grc'><strong>9</strong></span> <span class='ocrx_word' id='word_1_998' title='bbox 1235 3084 1314 3116; x_wconf 81' lang='grc' dir='ltr'><strong><em>τοῦ·</em></strong></span> <span class='ocrx_word' id='word_1_999' title='bbox 1387 3084 1529 3115; x_wconf 81' lang='lat' dir='ltr'><strong>13tanta</strong></span> <span class='ocrx_word' id='word_1_1000' title='bbox 1540 3082 1711 3124; x_wconf 80' lang='lat' dir='ltr'><strong>quaedam]</strong></span> <span class='ocrx_word' id='word_1_1001' title='bbox 1725 3082 1799 3124; x_wconf 84' lang='lat' dir='ltr'><strong>quis</strong></span> <span class='ocrx_word' id='word_1_1002' title='bbox 1807 3083 1901 3114; x_wconf 85' lang='lat' dir='ltr'><strong>tanta</strong></span> <span class='ocrx_word' id='word_1_1003' title='bbox 1909 3081 2067 3123; x_wconf 88' lang='lat' dir='ltr'><strong>quaedam</strong></span> <span class='ocrx_word' id='word_1_1004' title='bbox 2077 3082 2126 3114; x_wconf 76' lang='lat'><strong>1⁷¹</strong></span> <span class='ocrx_word' id='word_1_1005' title='bbox 2139 3082 2218 3123; x_wconf 89' lang='lat' dir='ltr'><strong>quia</strong></span> <span class='ocrx_word' id='word_1_1006' title='bbox 2226 3084 2319 3115; x_wconf 86' lang='lat' dir='ltr'><strong>tanta</strong></span> <span class='ocrx_word' id='word_1_1007' title='bbox 2328 3082 2460 3124; x_wconf 86' lang='lat' dir='ltr'><strong>quidem</strong></span> 
     </span>
     <span class='ocr_line' id='line_1_64' title="bbox 235 3125 2436 3176; baseline -0.003 -10"><span class='ocrx_word' id='word_1_1008' title='bbox 235 3145 300 3166; x_wconf 88' lang='grc' dir='ltr'><strong>τον</strong></span> <span class='ocrx_word' id='word_1_1009' title='bbox 327 3133 357 3166; x_wconf 89' lang='lat' dir='ltr'><strong><em>A</em></strong></span> <span class='ocrx_word' id='word_1_1010' title='bbox 387 3130 400 3176; x_wconf 88' lang='grc' dir='ltr'><strong>ΙΙ</strong></span> <span class='ocrx_word' id='word_1_1011' title='bbox 431 3133 470 3165; x_wconf 89' lang='grc'><strong>13</strong></span> <span class='ocrx_word' id='word_1_1012' title='bbox 509 3142 549 3164; x_wconf 80' lang='grc' dir='ltr'><strong>τε</strong></span> <span class='ocrx_word' id='word_1_1013' title='bbox 579 3143 637 3163; x_wconf 83' lang='grc' dir='ltr'><strong><em>οηι.</em></strong></span> <span class='ocrx_word' id='word_1_1014' title='bbox 666 3131 695 3162; x_wconf 88' lang='lat' dir='ltr'><strong><em>A</em></strong></span> <span class='ocrx_word' id='word_1_1015' title='bbox 723 3128 735 3173; x_wconf 86' lang='grc' dir='ltr'><strong>ΙΙ</strong></span> <span class='ocrx_word' id='word_1_1016' title='bbox 768 3131 807 3162; x_wconf 84' lang='grc'><strong>14</strong></span> <span class='ocrx_word' id='word_1_1017' title='bbox 843 3130 920 3161; x_wconf 79' lang='grc' dir='ltr'><strong><em>ταῖς</em></strong></span> <span class='ocrx_word' id='word_1_1018' title='bbox 951 3129 1003 3168; x_wconf 93' lang='grc' dir='ltr'><strong>τε]</strong></span> <span class='ocrx_word' id='word_1_1019' title='bbox 1043 3130 1102 3160; x_wconf 78' lang='grc' dir='ltr'><strong>καὶ</strong></span> <span class='ocrx_word' id='word_1_1020' title='bbox 1140 3129 1217 3161; x_wconf 82' lang='grc' dir='ltr'><strong><em>ταῖς</em></strong></span> <span class='ocrx_word' id='word_1_1021' title='bbox 1241 3128 1272 3160; x_wconf 89' lang='lat' dir='ltr'><strong><em>A</em></strong></span> <span class='ocrx_word' id='word_1_1022' title='bbox 1303 3126 1316 3172; x_wconf 75' lang='grc' dir='ltr'><strong>ῃ</strong></span> <span class='ocrx_word' id='word_1_1023' title='bbox 1393 3126 1442 3159; x_wconf 76' lang='lat'><strong>17²</strong></span> <span class='ocrx_word' id='word_1_1024' title='bbox 1459 3126 1471 3169; x_wconf 85' lang='grc' dir='ltr'><strong>ΙΙ</strong></span> <span class='ocrx_word' id='word_1_1025' title='bbox 1493 3129 1530 3161; x_wconf 85' lang='grc'><strong>14</strong></span> <span class='ocrx_word' id='word_1_1026' title='bbox 1555 3127 1687 3160; x_wconf 85' lang='lat' dir='ltr'><strong>uenerit</strong></span> <span class='ocrx_word' id='word_1_1027' title='bbox 1709 3126 1770 3170; x_wconf 69' lang='lat' dir='ltr'><strong>Tu</strong></span> <span class='ocrx_word' id='word_1_1028' title='bbox 1795 3129 1833 3160; x_wconf 84' lang='grc'><strong>15</strong></span> <span class='ocrx_word' id='word_1_1029' title='bbox 1857 3127 2020 3159; x_wconf 81' lang='lat' dir='ltr'><strong>seruitute</strong></span> <span class='ocrx_word' id='word_1_1030' title='bbox 2043 3126 2172 3160; x_wconf 82' lang='lat' dir='ltr'><strong><em>RV¹T</em></strong></span> <span class='ocrx_word' id='word_1_1031' title='bbox 2190 3125 2202 3170; x_wconf 93' lang='grc' dir='ltr'><strong>ΙΙ</strong></span> <span class='ocrx_word' id='word_1_1032' title='bbox 2224 3128 2263 3161; x_wconf 86' lang='grc'><strong>16</strong></span> <span class='ocrx_word' id='word_1_1033' title='bbox 2287 3127 2382 3160; x_wconf 80' lang='lat' dir='ltr'><strong>fieret</strong></span> <span class='ocrx_word' id='word_1_1034' title='bbox 2403 3127 2436 3160; x_wconf 89' lang='lat' dir='ltr'><strong><em>V</em></strong></span> 
     </span>
     <span class='ocr_line' id='line_1_65' title="bbox 239 3169 2425 3225; baseline -0.003 -15"><span class='ocrx_word' id='word_1_1035' title='bbox 239 3180 278 3211; x_wconf 86' lang='grc'><strong>18</strong></span> <span class='ocrx_word' id='word_1_1036' title='bbox 313 3178 466 3221; x_wconf 81' lang='grc' dir='ltr'><strong><em>μοναχοί</em></strong></span> <span class='ocrx_word' id='word_1_1037' title='bbox 487 3176 551 3216; x_wconf 70' lang='lat' dir='ltr'><strong>Ae]</strong></span> <span class='ocrx_word' id='word_1_1038' title='bbox 585 3171 737 3217; x_wconf 83' lang='grc' dir='ltr'><strong><em>μοναχὸς</em></strong></span> <span class='ocrx_word' id='word_1_1039' title='bbox 769 3174 814 3206; x_wconf 88' lang='grc' dir='ltr'><em>Μ</em></span> <span class='ocrx_word' id='word_1_1040' title='bbox 839 3173 850 3216; x_wconf 80' lang='grc' dir='ltr'><strong>ΙΙ</strong></span> <span class='ocrx_word' id='word_1_1041' title='bbox 886 3169 1007 3225; x_wconf 57' lang='lat' dir='ltr'><strong>effeti-s</strong></span> <span class='ocrx_word' id='word_1_1042' title='bbox 1035 3174 1066 3205; x_wconf 90' lang='lat' dir='ltr'><strong><em>A</em></strong></span> <span class='ocrx_word' id='word_1_1043' title='bbox 1099 3172 1111 3216; x_wconf 84' lang='grc' dir='ltr'><strong>ΙΙ</strong></span> <span class='ocrx_word' id='word_1_1044' title='bbox 1151 3174 1191 3206; x_wconf 90' lang='grc'><strong>19</strong></span> <span class='ocrx_word' id='word_1_1045' title='bbox 1228 3172 1314 3205; x_wconf 66' lang='lat' dir='ltr'><strong>stas:</strong></span> <span class='ocrx_word' id='word_1_1046' title='bbox 1383 3171 1475 3213; x_wconf 89' lang='lat' dir='ltr'><strong>quia]</strong></span> <span class='ocrx_word' id='word_1_1047' title='bbox 1512 3172 1669 3214; x_wconf 88' lang='lat' dir='ltr'><strong>quoniam</strong></span> <span class='ocrx_word' id='word_1_1048' title='bbox 1695 3172 1767 3204; x_wconf 87' lang='lat' dir='ltr'><strong>RV</strong></span> <span class='ocrx_word' id='word_1_1049' title='bbox 1792 3170 1805 3215; x_wconf 71' lang='lat' dir='ltr'>fl</span> <span class='ocrx_word' id='word_1_1050' title='bbox 1833 3171 1977 3213; x_wconf 82' lang='lat' dir='ltr'><strong>arripuit</strong></span> <span class='ocrx_word' id='word_1_1051' title='bbox 2006 3171 2126 3212; x_wconf 85' lang='lat' dir='ltr'><strong><em>RVT]</em></strong></span> <span class='ocrx_word' id='word_1_1052' title='bbox 2161 3170 2309 3214; x_wconf 85' lang='lat' dir='ltr'><strong>abripuit</strong></span> <span class='ocrx_word' id='word_1_1053' title='bbox 2338 3172 2425 3215; x_wconf 75' lang='lat' dir='ltr'><strong>vulq.</strong></span> 
     </span>
     <span class='ocr_line' id='line_1_66' title="bbox 193 3215 2459 3263; baseline -0.003 -8"><span class='ocrx_word' id='word_1_1054' title='bbox 193 3251 198 3255; x_wconf 94' lang='lat'>.</span> <span class='ocrx_word' id='word_1_1055' title='bbox 237 3220 372 3263; x_wconf 83' lang='grc' dir='ltr'><strong><em>δοαμεν</em></strong></span> <span class='ocrx_word' id='word_1_1056' title='bbox 392 3221 440 3254; x_wconf 76' lang='grc' dir='ltr'><strong><em>εἰς</em></strong></span> <span class='ocrx_word' id='word_1_1057' title='bbox 467 3221 547 3254; x_wconf 78' lang='lat' dir='ltr'><strong>Ceu.</strong></span> <span class='ocrx_word' id='word_1_1058' title='bbox 572 3221 614 3253; x_wconf 86' lang='grc'><strong>87</strong></span> <span class='ocrx_word' id='word_1_1059' title='bbox 641 3231 712 3261; x_wconf 84' lang='lat' dir='ltr'><strong>cap.</strong></span> <span class='ocrx_word' id='word_1_1060' title='bbox 743 3217 755 3262; x_wconf 86' lang='grc' dir='ltr'><strong>ΙΙ</strong></span> <span class='ocrx_word' id='word_1_1061' title='bbox 789 3220 830 3251; x_wconf 87' lang='grc'><strong>20</strong></span> <span class='ocrx_word' id='word_1_1062' title='bbox 859 3219 978 3258; x_wconf 89' lang='grc' dir='ltr'><strong><em>τουτο]</em></strong></span> <span class='ocrx_word' id='word_1_1063' title='bbox 1004 3230 1062 3251; x_wconf 89' lang='lat' dir='ltr'><strong>om.</strong></span> <span class='ocrx_word' id='word_1_1064' title='bbox 1088 3229 1108 3254; x_wconf 75' lang='grc' dir='ltr'><strong><em>ς</em></strong></span> <span class='ocrx_word' id='word_1_1065' title='bbox 1136 3215 1149 3261; x_wconf 88' lang='grc' dir='ltr'><strong>ΙΙ</strong></span> <span class='ocrx_word' id='word_1_1066' title='bbox 1183 3219 1225 3251; x_wconf 91' lang='grc'><strong>22</strong></span> <span class='ocrx_word' id='word_1_1067' title='bbox 1256 3229 1313 3250; x_wconf 86' lang='grc' dir='ltr'><strong>τυ·</strong></span> <span class='ocrx_word' id='word_1_1068' title='bbox 1385 3217 1426 3250; x_wconf 92' lang='grc'><strong>18</strong></span> <span class='ocrx_word' id='word_1_1069' title='bbox 1450 3218 1537 3257; x_wconf 88' lang='lat' dir='ltr'><strong>eum]</strong></span> <span class='ocrx_word' id='word_1_1070' title='bbox 1558 3217 1644 3249; x_wconf 87' lang='lat' dir='ltr'><strong>enim</strong></span> <span class='ocrx_word' id='word_1_1071' title='bbox 1666 3216 1723 3260; x_wconf 72' lang='lat' dir='ltr'><strong>Vn</strong></span> <span class='ocrx_word' id='word_1_1072' title='bbox 1738 3226 1835 3259; x_wconf 83' lang='lat' dir='ltr'><strong>agere</strong></span> <span class='ocrx_word' id='word_1_1073' title='bbox 1847 3215 1967 3250; x_wconf 87' lang='lat' dir='ltr'><strong>om.R¹</strong></span> <span class='ocrx_word' id='word_1_1074' title='bbox 1985 3215 1998 3259; x_wconf 81' lang='grc' dir='ltr'><strong>ΙΙ</strong></span> <span class='ocrx_word' id='word_1_1075' title='bbox 2017 3217 2057 3249; x_wconf 84' lang='grc'><strong>19</strong></span> <span class='ocrx_word' id='word_1_1076' title='bbox 2082 3218 2114 3248; x_wconf 87' lang='lat' dir='ltr'><strong>et</strong></span> <span class='ocrx_word' id='word_1_1077' title='bbox 2131 3226 2243 3248; x_wconf 83' lang='lat' dir='ltr'><strong>servus</strong></span> <span class='ocrx_word' id='word_1_1078' title='bbox 2258 3216 2341 3257; x_wconf 78' lang='lat' dir='ltr'><strong>RV]</strong></span> <span class='ocrx_word' id='word_1_1079' title='bbox 2355 3218 2388 3249; x_wconf 86' lang='lat' dir='ltr'><strong>et</strong></span> <span class='ocrx_word' id='word_1_1080' title='bbox 2399 3228 2459 3249; x_wconf 84' lang='lat' dir='ltr'><strong>om.</strong></span> 
     </span>
     <span class='ocr_line' id='line_1_67' title="bbox 235 3255 2458 3309; baseline -0.003 -11"><span class='ocrx_word' id='word_1_1081' title='bbox 235 3255 311 3307; x_wconf 70' lang='grc' dir='ltr'><strong>χέῖν</strong></span> <span class='ocrx_word' id='word_1_1082' title='bbox 335 3265 398 3300; x_wconf 63' lang='grc' dir='ltr'><strong>Μ’*</strong></span> <span class='ocrx_word' id='word_1_1083' title='bbox 416 3266 428 3309; x_wconf 86' lang='grc'><strong>11</strong></span> <span class='ocrx_word' id='word_1_1084' title='bbox 452 3265 512 3299; x_wconf 78' lang='grc' dir='ltr'><strong>ἐπὶ</strong></span> <span class='ocrx_word' id='word_1_1085' title='bbox 537 3277 597 3298; x_wconf 87' lang='lat' dir='ltr'><strong>om.</strong></span> <span class='ocrx_word' id='word_1_1086' title='bbox 617 3264 677 3307; x_wconf 58' lang='lat' dir='ltr'><strong><em>A!</em></strong></span> <span class='ocrx_word' id='word_1_1087' title='bbox 697 3265 737 3296; x_wconf 83' lang='lat'><strong>23</strong></span> <span class='ocrx_word' id='word_1_1088' title='bbox 763 3258 959 3306; x_wconf 79' lang='grc' dir='ltr'><strong><em>ἀποδράσει</em></strong></span> <span class='ocrx_word' id='word_1_1089' title='bbox 984 3263 1032 3295; x_wconf 88' lang='grc' dir='ltr'><em>Μ</em></span> <span class='ocrx_word' id='word_1_1090' title='bbox 1047 3261 1059 3306; x_wconf 85' lang='grc' dir='ltr'><strong>ΙΙ</strong></span> <span class='ocrx_word' id='word_1_1091' title='bbox 1085 3258 1244 3306; x_wconf 82' lang='grc' dir='ltr'><strong><em>ἀποδρὰς</em></strong></span> <span class='ocrx_word' id='word_1_1092' title='bbox 1267 3262 1315 3296; x_wconf 81' lang='grc' dir='ltr'><strong>εἰς</strong></span> <span class='ocrx_word' id='word_1_1093' title='bbox 1382 3261 1439 3294; x_wconf 83' lang='lat' dir='ltr'><strong>vul</strong></span> <span class='ocrx_word' id='word_1_1094' title='bbox 1461 3286 1469 3294; x_wconf 91' lang='lat'>.</span> <span class='ocrx_word' id='word_1_1095' title='bbox 1496 3259 1508 3305; x_wconf 85' lang='grc' dir='ltr'><strong>ΙΙ</strong></span> <span class='ocrx_word' id='word_1_1096' title='bbox 1533 3263 1575 3295; x_wconf 87' lang='grc'><strong>22</strong></span> <span class='ocrx_word' id='word_1_1097' title='bbox 1599 3261 1793 3294; x_wconf 83' lang='lat' dir='ltr'><strong>ostendatur</strong></span> <span class='ocrx_word' id='word_1_1098' title='bbox 1814 3261 1899 3305; x_wconf 77' lang='lat' dir='ltr'><strong>vuly.</strong></span> <span class='ocrx_word' id='word_1_1099' title='bbox 1924 3259 1937 3303; x_wconf 90' lang='grc' dir='ltr'><strong>ΙΙ</strong></span> <span class='ocrx_word' id='word_1_1100' title='bbox 1961 3262 2003 3294; x_wconf 89' lang='grc'>24</span> <span class='ocrx_word' id='word_1_1101' title='bbox 2027 3260 2186 3293; x_wconf 79' lang='lat' dir='ltr'><strong>simulans</strong></span> <span class='ocrx_word' id='word_1_1102' title='bbox 2215 3260 2267 3293; x_wconf 63' lang='grc' dir='ltr'><strong>ΤΞ</strong></span> <span class='ocrx_word' id='word_1_1103' title='bbox 2290 3261 2391 3304; x_wconf 66' lang='grc' dir='ltr'><strong><em>πίφ]</em></strong></span> <span class='ocrx_word' id='word_1_1104' title='bbox 2414 3260 2458 3292; x_wconf 85' lang='lat' dir='ltr'><strong>si-</strong></span> 
     </span>
     <span class='ocr_line' id='line_1_68' title="bbox 241 3301 2458 3353; baseline -0.003 -10"><span class='ocrx_word' id='word_1_1105' title='bbox 241 3310 278 3343; x_wconf 85' lang='grc' dir='ltr'><strong>τὸ</strong></span> <span class='ocrx_word' id='word_1_1106' title='bbox 297 3309 539 3353; x_wconf 81' lang='grc' dir='ltr'><strong><em>μοναστὴριον</em></strong></span> <span class='ocrx_word' id='word_1_1107' title='bbox 561 3301 676 3351; x_wconf 82' lang='grc' dir='ltr'><strong><em>ἦλθεν</em></strong></span> <span class='ocrx_word' id='word_1_1108' title='bbox 700 3309 824 3341; x_wconf 76' lang='lat' dir='ltr'><strong>omissis</strong></span> <span class='ocrx_word' id='word_1_1109' title='bbox 848 3309 961 3340; x_wconf 77' lang='lat' dir='ltr'><strong>mediis</strong></span> <span class='ocrx_word' id='word_1_1110' title='bbox 984 3308 1015 3340; x_wconf 87' lang='lat' dir='ltr'><strong><em>A</em></strong></span> <span class='ocrx_word' id='word_1_1111' title='bbox 1041 3306 1053 3350; x_wconf 84' lang='grc' dir='ltr'><strong>ΙΙ</strong></span> <span class='ocrx_word' id='word_1_1112' title='bbox 1081 3308 1122 3341; x_wconf 86' lang='grc'><strong>25</strong></span> <span class='ocrx_word' id='word_1_1113' title='bbox 1148 3307 1271 3340; x_wconf 83' lang='grc' dir='ltr'><strong><em>αἰτίαν</em></strong></span> <span class='ocrx_word' id='word_1_1114' title='bbox 1293 3305 1313 3340; x_wconf 86' lang='grc' dir='ltr'>ὁ</span> <span class='ocrx_word' id='word_1_1115' title='bbox 1381 3315 1438 3338; x_wconf 83' lang='grc'><strong>11111</strong></span> <span class='ocrx_word' id='word_1_1116' title='bbox 1453 3308 1527 3338; x_wconf 85' lang='lat' dir='ltr'><strong>atus</strong></span> <span class='ocrx_word' id='word_1_1117' title='bbox 1548 3305 1663 3339; x_wconf 79' lang='lat' dir='ltr'><strong><em>VR²T</em></strong></span> <span class='ocrx_word' id='word_1_1118' title='bbox 1669 3306 1679 3326; x_wconf 91' lang='lat'>¹</span> <span class='ocrx_word' id='word_1_1119' title='bbox 1702 3305 1876 3339; x_wconf 83' lang='lat' dir='ltr'><strong>simulator</strong></span> <span class='ocrx_word' id='word_1_1120' title='bbox 1896 3305 1946 3338; x_wconf 85' lang='lat' dir='ltr'><strong>R¹</strong></span> <span class='ocrx_word' id='word_1_1121' title='bbox 1963 3304 1976 3349; x_wconf 89' lang='grc' dir='ltr'><strong>ΙΙ</strong></span> <span class='ocrx_word' id='word_1_1122' title='bbox 1991 3305 2199 3348; x_wconf 85' lang='lat' dir='ltr'><strong>turpitudine</strong></span> <span class='ocrx_word' id='word_1_1123' title='bbox 2213 3305 2260 3338; x_wconf 66' lang='lat'><strong>12¹</strong></span> <span class='ocrx_word' id='word_1_1124' title='bbox 2278 3304 2349 3348; x_wconf 67' lang='grc'><strong>1125</strong></span> <span class='ocrx_word' id='word_1_1125' title='bbox 2373 3304 2458 3336; x_wconf 82' lang='lat' dir='ltr'><strong>forte</strong></span> 
     </span>
     <span class='ocr_line' id='line_1_69' title="bbox 237 3348 2456 3398; baseline -0.003 -11"><span class='ocrx_word' id='word_1_1126' title='bbox 237 3367 315 3397; x_wconf 87' lang='grc' dir='ltr'><strong><em>μον.</em></strong></span> <span class='ocrx_word' id='word_1_1127' title='bbox 341 3356 372 3387; x_wconf 86' lang='grc' dir='ltr'><strong><em>Α</em></strong></span> <span class='ocrx_word' id='word_1_1128' title='bbox 400 3354 412 3398; x_wconf 83' lang='grc' dir='ltr'><strong>[Ι</strong></span> <span class='ocrx_word' id='word_1_1129' title='bbox 442 3357 485 3388; x_wconf 83' lang='grc'>26</span> <span class='ocrx_word' id='word_1_1130' title='bbox 519 3351 542 3396; x_wconf 89' lang='grc' dir='ltr'><em>ἢ</em></span> <span class='ocrx_word' id='word_1_1131' title='bbox 565 3355 638 3394; x_wconf 80' lang='grc' dir='ltr'><strong><em>καὶ]</em></strong></span> <span class='ocrx_word' id='word_1_1132' title='bbox 672 3365 714 3386; x_wconf 86' lang='lat' dir='ltr'><strong>an</strong></span> <span class='ocrx_word' id='word_1_1133' title='bbox 738 3350 842 3394; x_wconf 78' lang='grc' dir='ltr'><strong><em>ἦτοιῖ</em></strong></span> <span class='ocrx_word' id='word_1_1134' title='bbox 872 3352 885 3395; x_wconf 88' lang='grc' dir='ltr'><strong>ΙΙ</strong></span> <span class='ocrx_word' id='word_1_1135' title='bbox 912 3353 953 3385; x_wconf 87' lang='grc'><strong>27</strong></span> <span class='ocrx_word' id='word_1_1136' title='bbox 990 3348 1173 3393; x_wconf 78' lang='grc' dir='ltr'><strong><em>ἀσκήσεως</em></strong></span> <span class='ocrx_word' id='word_1_1137' title='bbox 1204 3351 1311 3398; x_wconf 75' lang='grc' dir='ltr'><strong><em>ἐρῶν]</em></strong></span> <span class='ocrx_word' id='word_1_1138' title='bbox 1383 3363 1441 3384; x_wconf 89' lang='lat' dir='ltr'><strong>om.</strong></span> <span class='ocrx_word' id='word_1_1139' title='bbox 1452 3350 1494 3384; x_wconf 80' lang='lat'><strong>1⁷¹</strong></span> <span class='ocrx_word' id='word_1_1140' title='bbox 1521 3349 1533 3394; x_wconf 88' lang='grc' dir='ltr'><strong>ΙΙ</strong></span> <span class='ocrx_word' id='word_1_1141' title='bbox 1557 3350 1739 3393; x_wconf 79' lang='lat' dir='ltr'><strong>deffugiens</strong></span> <span class='ocrx_word' id='word_1_1142' title='bbox 1765 3351 1798 3383; x_wconf 81' lang='lat' dir='ltr'><strong><em>V</em></strong></span> <span class='ocrx_word' id='word_1_1143' title='bbox 1815 3349 1992 3392; x_wconf 81' lang='lat' dir='ltr'><strong>diffugiens</strong></span> <span class='ocrx_word' id='word_1_1144' title='bbox 2013 3351 2046 3383; x_wconf 86' lang='lat' dir='ltr'><strong><em>R</em></strong></span> <span class='ocrx_word' id='word_1_1145' title='bbox 2069 3350 2154 3393; x_wconf 72' lang='lat' dir='ltr'><strong>uulq.</strong></span> <span class='ocrx_word' id='word_1_1146' title='bbox 2178 3349 2192 3393; x_wconf 69' lang='lat' dir='ltr'>fl</span> <span class='ocrx_word' id='word_1_1147' title='bbox 2221 3348 2456 3381; x_wconf 76' lang='lat' dir='ltr'><strong>sanctimoniae</strong></span> 
     </span>
     <span class='ocr_line' id='line_1_70' title="bbox 237 3391 2456 3450; baseline -0.002 -20"><span class='ocrx_word' id='word_1_1148' title='bbox 237 3399 446 3431; x_wconf 82' lang='lat' dir='ltr'><strong>sanctimonii</strong></span> <span class='ocrx_word' id='word_1_1149' title='bbox 470 3398 622 3431; x_wconf 88' lang='lat' dir='ltr'><strong>habitum</strong></span> <span class='ocrx_word' id='word_1_1150' title='bbox 646 3397 881 3450; x_wconf 78' lang='lat' dir='ltr'><strong>concupiscens</strong></span> <span class='ocrx_word' id='word_1_1151' title='bbox 904 3408 923 3432; x_wconf 80' lang='grc' dir='ltr'><strong><em>ς</em></strong></span> <span class='ocrx_word' id='word_1_1152' title='bbox 982 3398 1020 3431; x_wconf 88' lang='grc'><strong>31</strong></span> <span class='ocrx_word' id='word_1_1153' title='bbox 1049 3392 1192 3429; x_wconf 85' lang='grc' dir='ltr'><strong><em>διδόναι</em></strong></span> <span class='ocrx_word' id='word_1_1154' title='bbox 1212 3393 1312 3439; x_wconf 77' lang='grc' dir='ltr'><strong><em>αὐτῷ</em></strong></span> <span class='ocrx_word' id='word_1_1155' title='bbox 1382 3395 1468 3439; x_wconf 73' lang='lat' dir='ltr'><strong>vuly.</strong></span> <span class='ocrx_word' id='word_1_1156' title='bbox 1493 3393 1506 3440; x_wconf 76' lang='lat' dir='ltr'>ss</span> <span class='ocrx_word' id='word_1_1157' title='bbox 1545 3397 1585 3428; x_wconf 83' lang='lat'><strong>27</strong></span> <span class='ocrx_word' id='word_1_1158' title='bbox 1623 3396 1767 3438; x_wconf 80' lang='lat' dir='ltr'><strong>arripuit</strong></span> <span class='ocrx_word' id='word_1_1159' title='bbox 1789 3395 1876 3435; x_wconf 82' lang='lat' dir='ltr'><strong>RVJ</strong></span> <span class='ocrx_word' id='word_1_1160' title='bbox 1911 3394 2060 3437; x_wconf 86' lang='lat' dir='ltr'><strong>abripuit</strong></span> <span class='ocrx_word' id='word_1_1161' title='bbox 2082 3394 2168 3437; x_wconf 75' lang='lat' dir='ltr'><strong>vulq.</strong></span> <span class='ocrx_word' id='word_1_1162' title='bbox 2197 3391 2210 3437; x_wconf 68' lang='grc' dir='ltr'><strong>ΙΙ</strong></span> <span class='ocrx_word' id='word_1_1163' title='bbox 2237 3393 2280 3426; x_wconf 88' lang='grc'><strong>29</strong></span> <span class='ocrx_word' id='word_1_1164' title='bbox 2316 3393 2347 3426; x_wconf 85' lang='lat' dir='ltr'><strong>ei</strong></span> <span class='ocrx_word' id='word_1_1165' title='bbox 2377 3392 2456 3425; x_wconf 72' lang='lat' dir='ltr'><strong>mali</strong></span> 
     </span>
     <span class='ocr_line' id='line_1_71' title="bbox 237 3436 2456 3530; baseline -0.003 -10"><span class='ocrx_word' id='word_1_1166' title='bbox 237 3441 545 3521; x_wconf 50' lang='lat' dir='ltr'><strong>{erm</strong></span> <span class='ocrx_word' id='word_1_1167' title='bbox 727 3436 901 3530; x_wconf 55' lang='lat' dir='ltr'><strong>iiii}</strong></span> <span class='ocrx_word' id='word_1_1168' title='bbox 919 3436 1314 3520; x_wconf 38' lang='lat' dir='ltr'><strong>“arriserit</strong></span> <span class='ocrx_word' id='word_1_1169' title='bbox 1384 3440 1438 3518; x_wconf 60' lang='lat' dir='ltr'><strong>Tu</strong></span> <span class='ocrx_word' id='word_1_1170' title='bbox 1458 3439 1492 3517; x_wconf 52' lang='grc' dir='ltr'><strong>εἰ.</strong></span> <span class='ocrx_word' id='word_1_1171' title='bbox 1665 3439 1677 3483; x_wconf 82' lang='lat'><strong>¹¹</strong></span> <span class='ocrx_word' id='word_1_1172' title='bbox 1709 3439 1889 3518; x_wconf 44' lang='lat' dir='ltr'><strong>mm</strong></span> <span class='ocrx_word' id='word_1_1173' title='bbox 1913 3437 1996 3517; x_wconf 50' lang='lat'>&#39;¹33²</span> <span class='ocrx_word' id='word_1_1174' title='bbox 2024 3438 2456 3528; x_wconf 55' lang='lat' dir='ltr'><strong>..⁶²¹’efflffingiswa02‘</strong></span> 
     </span>
     <span class='ocr_line' id='line_1_72' title="bbox 235 3481 2455 3578; baseline -0.004 -13"><span class='ocrx_word' id='word_1_1175' title='bbox 235 3489 813 3578; x_wconf 49' lang='grc' dir='ltr'><strong><em>ροηῖἷιῖνέωἷωέειῖᾝὲτῖἶοῖτο]</em></strong></span> <span class='ocrx_word' id='word_1_1176' title='bbox 837 3497 1064 3564; x_wconf 56' lang='grc' dir='ltr'><strong><em>ιαιῑῖιῖιιῑῗιῖί</em></strong></span> <span class='ocrx_word' id='word_1_1177' title='bbox 1087 3487 1208 3563; x_wconf 63' lang='lat' dir='ltr'><strong>haim</strong></span> <span class='ocrx_word' id='word_1_1178' title='bbox 1229 3498 1314 3563; x_wconf 68' lang='lat' dir='ltr'><strong>aiio-</strong></span> <span class='ocrx_word' id='word_1_1179' title='bbox 1381 3497 1425 3564; x_wconf 57' lang='lat' dir='ltr'><strong>‘sni</strong></span> <span class='ocrx_word' id='word_1_1180' title='bbox 1435 3497 1575 3570; x_wconf 50' lang='lat' dir='ltr'>⁹²⁸3ou</span> <span class='ocrx_word' id='word_1_1181' title='bbox 1611 3529 1670 3571; x_wconf 85' lang='lat' dir='ltr'><strong>qui</strong></span> <span class='ocrx_word' id='word_1_1182' title='bbox 1690 3496 1906 3571; x_wconf 44' lang='lat' dir='ltr'><strong>‘iwb&#39;qiia</strong></span> <span class='ocrx_word' id='word_1_1183' title='bbox 1927 3508 2012 3561; x_wconf 68' lang='grc' dir='ltr'><strong><em>ου’.</em></strong></span> <span class='ocrx_word' id='word_1_1184' title='bbox 2042 3526 2056 3571; x_wconf 81' lang='grc' dir='ltr'>Ι</span> <span class='ocrx_word' id='word_1_1185' title='bbox 2082 3528 2132 3578; x_wconf 41' lang='lat'><strong>35·</strong></span> <span class='ocrx_word' id='word_1_1186' title='bbox 2156 3527 2347 3559; x_wconf 72' lang='lat' dir='ltr'><strong>hone-tatu·</strong></span> <span class='ocrx_word' id='word_1_1187' title='bbox 2369 3525 2421 3558; x_wconf 71' lang='lat' dir='ltr'><strong>Vc</strong></span> <span class='ocrx_word' id='word_1_1188' title='bbox 2441 3481 2455 3567; x_wconf 61' lang='lat' dir='ltr'><strong>i</strong></span> 
     </span>
     <span class='ocr_line' id='line_1_73' title="bbox 238 3569 2454 3652; baseline -0.003 -43"><span class='ocrx_word' id='word_1_1189' title='bbox 238 3586 312 3609; x_wconf 79' lang='lat' dir='ltr'><strong>rum</strong></span> <span class='ocrx_word' id='word_1_1190' title='bbox 336 3574 441 3617; x_wconf 75' lang='grc' dir='ltr'><strong>ς137</strong></span> <span class='ocrx_word' id='word_1_1191' title='bbox 469 3575 692 3618; x_wconf 77' lang='grc' dir='ltr'><strong><em>σεμνότητος]</em></strong></span> <span class='ocrx_word' id='word_1_1192' title='bbox 716 3575 926 3620; x_wconf 78' lang='grc' dir='ltr'><strong><em>θεοσεβείας</em></strong></span> <span class='ocrx_word' id='word_1_1193' title='bbox 946 3574 1006 3652; x_wconf 64' lang='lat' dir='ltr'><strong><em>Ay</em></strong></span> <span class='ocrx_word' id='word_1_1194' title='bbox 1023 3571 1102 3616; x_wconf 77' lang='grc' dir='ltr'><strong>κᾶν]</strong></span> <span class='ocrx_word' id='word_1_1195' title='bbox 1126 3571 1235 3621; x_wconf 80' lang='grc' dir='ltr'><strong><em>κᾶνγε</em></strong></span> <span class='ocrx_word' id='word_1_1196' title='bbox 1254 3575 1285 3607; x_wconf 88' lang='lat' dir='ltr'><strong><em>A</em></strong></span> <span class='ocrx_word' id='word_1_1197' title='bbox 1302 3574 1314 3618; x_wconf 77' lang='grc' dir='ltr'><strong>ΙΙ</strong></span> <span class='ocrx_word' id='word_1_1198' title='bbox 1382 3574 1425 3608; x_wconf 81' lang='grc'><strong>36</strong></span> <span class='ocrx_word' id='word_1_1199' title='bbox 1453 3582 1546 3606; x_wconf 83' lang='lat' dir='ltr'><strong>amor</strong></span> <span class='ocrx_word' id='word_1_1200' title='bbox 1566 3573 1615 3607; x_wconf 67' lang='grc' dir='ltr'><strong>Β*</strong></span> <span class='ocrx_word' id='word_1_1201' title='bbox 1644 3574 1656 3617; x_wconf 84' lang='grc' dir='ltr'>Ι</span> <span class='ocrx_word' id='word_1_1202' title='bbox 1683 3573 1738 3607; x_wconf 84' lang='lat' dir='ltr'><strong>uel</strong></span> <span class='ocrx_word' id='word_1_1203' title='bbox 1767 3574 1795 3606; x_wconf 82' lang='lat' dir='ltr'><strong>si</strong></span> <span class='ocrx_word' id='word_1_1204' title='bbox 1820 3573 1900 3615; x_wconf 82' lang='lat' dir='ltr'><strong>VT]</strong></span> <span class='ocrx_word' id='word_1_1205' title='bbox 1936 3582 1978 3605; x_wconf 85' lang='lat' dir='ltr'><strong>ue</strong></span> <span class='ocrx_word' id='word_1_1206' title='bbox 2011 3572 2044 3606; x_wconf 75' lang='lat' dir='ltr'><strong><em>R</em></strong></span> <span class='ocrx_word' id='word_1_1207' title='bbox 2074 3573 2134 3608; x_wconf 68' lang='lat' dir='ltr'><strong>etsi</strong></span> <span class='ocrx_word' id='word_1_1208' title='bbox 2160 3570 2247 3614; x_wconf 71' lang='lat' dir='ltr'><strong>vuly.</strong></span> <span class='ocrx_word' id='word_1_1209' title='bbox 2276 3569 2290 3614; x_wconf 73' lang='lat' dir='ltr'>fl</span> <span class='ocrx_word' id='word_1_1210' title='bbox 2318 3571 2358 3603; x_wconf 79' lang='lat'><strong>37</strong></span> <span class='ocrx_word' id='word_1_1211' title='bbox 2394 3571 2454 3602; x_wconf 79' lang='lat' dir='ltr'><strong>aut</strong></span> 
     </span>
     <span class='ocr_line' id='line_1_74' title="bbox 239 3615 1554 3667; baseline -0.003 -13"><span class='ocrx_word' id='word_1_1212' title='bbox 239 3622 282 3656; x_wconf 83' lang='lat'><strong>38</strong></span> <span class='ocrx_word' id='word_1_1213' title='bbox 315 3615 418 3662; x_wconf 74' lang='grc' dir='ltr'><strong><em>τύχοι</em></strong></span> <span class='ocrx_word' id='word_1_1214' title='bbox 438 3620 510 3653; x_wconf 77' lang='grc' dir='ltr'><strong>ΜΔ</strong></span> <span class='ocrx_word' id='word_1_1215' title='bbox 537 3620 616 3653; x_wconf 80' lang='lat' dir='ltr'><strong>Con.</strong></span> <span class='ocrx_word' id='word_1_1216' title='bbox 641 3622 681 3654; x_wconf 84' lang='grc'><strong>87</strong></span> <span class='ocrx_word' id='word_1_1217' title='bbox 714 3622 802 3664; x_wconf 63' lang='lat' dir='ltr'><strong>cap]</strong></span> <span class='ocrx_word' id='word_1_1218' title='bbox 836 3616 926 3667; x_wconf 83' lang='grc' dir='ltr'><strong><em>τύχῃ</em></strong></span> <span class='ocrx_word' id='word_1_1219' title='bbox 948 3632 989 3653; x_wconf 85' lang='lat' dir='ltr'><strong>vu</strong></span> <span class='ocrx_word' id='word_1_1220' title='bbox 1001 3632 1034 3663; x_wconf 77' lang='lat' dir='ltr'><strong>q.</strong></span> <span class='ocrx_word' id='word_1_1221' title='bbox 1064 3619 1077 3663; x_wconf 85' lang='grc' dir='ltr'><strong>ΙΙ</strong></span> <span class='ocrx_word' id='word_1_1222' title='bbox 1103 3630 1312 3665; x_wconf 80' lang='grc' dir='ltr'><strong><em>πεπερατω·</em></strong></span> <span class='ocrx_word' id='word_1_1223' title='bbox 1382 3619 1491 3651; x_wconf 76' lang='lat' dir='ltr'><strong>tamen</strong></span> <span class='ocrx_word' id='word_1_1224' title='bbox 1523 3618 1554 3651; x_wconf 89' lang='lat' dir='ltr'><strong><em>V</em></strong></span> 
     </span>
     <span class='ocr_line' id='line_1_75' title="bbox 237 3660 847 3708; baseline 0.002 -10"><span class='ocrx_word' id='word_1_1225' title='bbox 237 3665 342 3707; x_wconf 64' lang='grc' dir='ltr'><strong><em>μόνος</em></strong></span> <span class='ocrx_word' id='word_1_1226' title='bbox 362 3666 391 3698; x_wconf 84' lang='lat' dir='ltr'><strong><em>A</em></strong></span> <span class='ocrx_word' id='word_1_1227' title='bbox 410 3660 457 3707; x_wconf 68' lang='grc' dir='ltr'><strong>βό</strong></span> <span class='ocrx_word' id='word_1_1228' title='bbox 478 3671 552 3697; x_wconf 78' lang='lat' dir='ltr'><strong>anto</strong></span> <span class='ocrx_word' id='word_1_1229' title='bbox 574 3661 696 3708; x_wconf 79' lang='grc' dir='ltr'><strong><em>χρόνος</em></strong></span> <span class='ocrx_word' id='word_1_1230' title='bbox 720 3666 791 3699; x_wconf 76' lang='lat' dir='ltr'><strong>coll.</strong></span> <span class='ocrx_word' id='word_1_1231' title='bbox 816 3666 847 3699; x_wconf 79' lang='lat' dir='ltr'><strong><em>A</em></strong></span> 
     </span>
    </p>
   </div>
  </div>
 </body>
</html>
