<?xml version="1.0" encoding="UTF-8"?>
<!DOCTYPE html PUBLIC "-//W3C//DTD XHTML 1.0 Transitional//EN"
    "http://www.w3.org/TR/xhtml1/DTD/xhtml1-transitional.dtd">
<html xmlns="http://www.w3.org/1999/xhtml" xml:lang="en" lang="en">
 <head>
  <title>
</title>
<meta http-equiv="Content-Type" content="text/html;charset=utf-8" />
  <meta name='ocr-system' content='tesseract 3.04.00' />
  <meta name='ocr-capabilities' content='ocr_page ocr_carea ocr_par ocr_line ocrx_word'/>
</head>
<body>
  <div class='ocr_page' id='page_1' title='image "./corpusiuriscivil03krueuoft_0394.png"; bbox 0 0 2618 4010; ppageno 0'>
   <div class='ocr_carea' id='block_1_1' title="bbox 246 127 618 171">
    <p class='ocr_par' dir='ltr' id='par_1_1' title="bbox 246 127 618 171">
     <span class='ocr_line' id='line_1_1' title="bbox 246 127 618 171; baseline -0.005 0"><span class='ocrx_word' id='word_1_1' title='bbox 246 127 354 171; x_wconf 83' lang='lat' dir='ltr'><strong>Nov.</strong></span> <span class='ocrx_word' id='word_1_2' title='bbox 383 128 567 170; x_wconf 86' lang='lat' dir='ltr'>LXXIII</span> <span class='ocrx_word' id='word_1_3' title='bbox 598 130 618 169; x_wconf 88' lang='lat'>1</span> 
     </span>
    </p>
   </div>
   <div class='ocr_carea' id='block_1_2' title="bbox 242 235 1316 654">
    <p class='ocr_par' dir='ltr' id='par_1_2' title="bbox 242 235 1316 654">
     <span class='ocr_line' id='line_1_2' title="bbox 244 235 1313 291; baseline 0 -18"><span class='ocrx_word' id='word_1_4' title='bbox 244 239 286 273; x_wconf 67' lang='lat' dir='ltr'><strong>iv</strong></span> <span class='ocrx_word' id='word_1_5' title='bbox 306 237 444 273; x_wconf 81' lang='grc' dir='ltr'><strong><em>τούτοις</em></strong></span> <span class='ocrx_word' id='word_1_6' title='bbox 466 235 511 281; x_wconf 84' lang='grc' dir='ltr'><strong>δὴ</strong></span> <span class='ocrx_word' id='word_1_7' title='bbox 533 239 606 272; x_wconf 77' lang='grc' dir='ltr'><strong><em>τοῖς</em></strong></span> <span class='ocrx_word' id='word_1_8' title='bbox 623 235 764 291; x_wconf 52' lang='grc' dir='ltr'><strong><em>χρόνῒοις</em></strong></span> <span class='ocrx_word' id='word_1_9' title='bbox 784 239 912 284; x_wconf 82' lang='grc' dir='ltr'><strong><em>’μυρίας</em></strong></span> <span class='ocrx_word' id='word_1_10' title='bbox 935 235 974 272; x_wconf 69' lang='grc' dir='ltr'><strong><em>εὖ</em></strong></span> <span class='ocrx_word' id='word_1_11' title='bbox 997 250 1083 283; x_wconf 80' lang='grc' dir='ltr'><strong><em>ομεν</em></strong></span> <span class='ocrx_word' id='word_1_12' title='bbox 1111 238 1313 283; x_wconf 84' lang='grc' dir='ltr'><strong><em>παραποιή-</em></strong></span> 
     </span>
     <span class='ocr_line' id='line_1_3' title="bbox 245 279 1313 330; baseline 0.002 -14"><span class='ocrx_word' id='word_1_13' title='bbox 245 293 316 317; x_wconf 77' lang='grc' dir='ltr'><strong><em>σιις</em></strong></span> <span class='ocrx_word' id='word_1_14' title='bbox 336 284 376 316; x_wconf 79' lang='grc' dir='ltr'><strong>έν</strong></span> <span class='ocrx_word' id='word_1_15' title='bbox 391 279 507 316; x_wconf 75' lang='grc' dir='ltr'><strong><em>δίκαις</em></strong></span> <span class='ocrx_word' id='word_1_16' title='bbox 520 279 668 318; x_wconf 83' lang='grc' dir='ltr'><strong><em>πολλαῖς</em></strong></span> <span class='ocrx_word' id='word_1_17' title='bbox 690 295 744 318; x_wconf 87' lang='grc' dir='ltr'><strong>ων</strong></span> <span class='ocrx_word' id='word_1_18' title='bbox 766 279 966 328; x_wconf 79' lang='grc' dir='ltr'><strong><em>ἦκροασάμε</em></strong></span> <span class='ocrx_word' id='word_1_19' title='bbox 1000 297 1034 325; x_wconf 90' lang='grc' dir='ltr'><strong>α,</strong></span> <span class='ocrx_word' id='word_1_20' title='bbox 1059 286 1121 317; x_wconf 90' lang='grc' dir='ltr'><strong>καί</strong></span> <span class='ocrx_word' id='word_1_21' title='bbox 1141 297 1178 318; x_wconf 88' lang='grc' dir='ltr'><strong>τι</strong></span> <span class='ocrx_word' id='word_1_22' title='bbox 1201 283 1313 330; x_wconf 85' lang='grc' dir='ltr'><strong><em>παρά-</em></strong></span> 
     </span>
     <span class='ocr_line' id='line_1_4' title="bbox 244 323 1314 375; baseline 0.003 -15"><span class='ocrx_word' id='word_1_23' title='bbox 244 324 350 367; x_wconf 75' lang='grc' dir='ltr'><strong><em>δοξον</em></strong></span> <span class='ocrx_word' id='word_1_24' title='bbox 372 324 457 371; x_wconf 85' lang='grc' dir='ltr'><strong><em>ἡμῖν</em></strong></span> <span class='ocrx_word' id='word_1_25' title='bbox 479 326 519 368; x_wconf 72' lang='grc' dir='ltr'><strong>ἐξ</strong></span> <span class='ocrx_word' id='word_1_26' title='bbox 539 323 723 374; x_wconf 80' lang='grc' dir='ltr'><strong><em>Ἀρμενίας</em></strong></span> <span class='ocrx_word' id='word_1_27' title='bbox 737 326 878 373; x_wconf 79' lang='grc' dir='ltr'><strong><em>ἀνέστη.</em></strong></span> <span class='ocrx_word' id='word_1_28' title='bbox 921 327 1229 375; x_wconf 85' lang='grc' dir='ltr'><strong><em>προκομισθέντος</em></strong></span> <span class='ocrx_word' id='word_1_29' title='bbox 1246 328 1314 375; x_wconf 85' lang='grc' dir='ltr'><strong><em>γὰρ</em></strong></span> 
     </span>
     <span class='ocr_line' id='line_1_5' title="bbox 244 369 1314 426; baseline 0.003 -21"><span class='ocrx_word' id='word_1_30' title='bbox 244 369 421 417; x_wconf 75' lang='grc' dir='ltr'><strong>ἀμείψεως</strong></span> <span class='ocrx_word' id='word_1_31' title='bbox 443 371 661 426; x_wconf 65' lang='grc' dir='ltr'><strong><em>συμβολαίου</em></strong></span> <span class='ocrx_word' id='word_1_32' title='bbox 688 376 748 407; x_wconf 77' lang='grc' dir='ltr'><strong>καὶ</strong></span> <span class='ocrx_word' id='word_1_33' title='bbox 777 374 856 408; x_wconf 77' lang='grc' dir='ltr'><strong>τῶν</strong></span> <span class='ocrx_word' id='word_1_34' title='bbox 876 371 1101 420; x_wconf 77' lang='grc' dir='ltr'><em>γραμμάτων</em></span> <span class='ocrx_word' id='word_1_35' title='bbox 1131 370 1314 418; x_wconf 79' lang='grc' dir='ltr'><strong><em>ἀνομοίων</em></strong></span> 
     </span>
     <span class='ocr_line' id='line_1_6' title="bbox 244 415 1314 465; baseline 0.002 -14"><span class='ocrx_word' id='word_1_36' title='bbox 244 416 462 462; x_wconf 71' lang='grc' dir='ltr'><strong><em>κριθέντων,</em></strong></span> <span class='ocrx_word' id='word_1_37' title='bbox 483 429 635 463; x_wconf 81' lang='grc' dir='ltr'><strong><em>υστερον</em></strong></span> <span class='ocrx_word' id='word_1_38' title='bbox 659 419 806 464; x_wconf 74' lang='grc' dir='ltr'><strong><em>ἐπείπερ</em></strong></span> <span class='ocrx_word' id='word_1_39' title='bbox 827 415 1032 465; x_wconf 74' lang='grc' dir='ltr'><strong><em>εὑρέθησαν</em></strong></span> <span class='ocrx_word' id='word_1_40' title='bbox 1055 417 1091 452; x_wconf 84' lang='grc' dir='ltr'><strong>οἱ</strong></span> <span class='ocrx_word' id='word_1_41' title='bbox 1110 420 1164 462; x_wconf 76' lang='grc' dir='ltr'><strong>τῷ</strong></span> <span class='ocrx_word' id='word_1_42' title='bbox 1183 422 1314 464; x_wconf 83' lang='grc' dir='ltr'><strong><em>συμβο-</em></strong></span> 
     </span>
     <span class='ocr_line' id='line_1_7' title="bbox 245 460 1314 511; baseline 0.002 -15"><span class='ocrx_word' id='word_1_43' title='bbox 245 460 335 506; x_wconf 78' lang='grc' dir='ltr'><strong><em>λαίφ</em></strong></span> <span class='ocrx_word' id='word_1_44' title='bbox 369 460 661 509; x_wconf 70' lang='grc' dir='ltr'><strong><em>μαρτυρήσαντες</em></strong></span> <span class='ocrx_word' id='word_1_45' title='bbox 699 466 757 498; x_wconf 77' lang='grc' dir='ltr'><strong>καὶ</strong></span> <span class='ocrx_word' id='word_1_46' title='bbox 789 463 984 511; x_wconf 86' lang='grc' dir='ltr'><strong><em>γράμματα</em></strong></span> <span class='ocrx_word' id='word_1_47' title='bbox 1020 460 1220 499; x_wconf 76' lang='grc' dir='ltr'><strong><em>ὑποθέντες</em></strong></span> <span class='ocrx_word' id='word_1_48' title='bbox 1255 466 1314 502; x_wconf 79' lang='grc' dir='ltr'><strong>καὶ</strong></span> 
     </span>
     <span class='ocr_line' id='line_1_8' title="bbox 243 506 1313 555; baseline 0.002 -14"><span class='ocrx_word' id='word_1_49' title='bbox 243 507 360 542; x_wconf 78' lang='grc' dir='ltr'><strong><em>ταῦτα</em></strong></span> <span class='ocrx_word' id='word_1_50' title='bbox 394 506 620 555; x_wconf 73' lang='grc' dir='ltr'><strong><em>ἐπιγνόντες,</em></strong></span> <span class='ocrx_word' id='word_1_51' title='bbox 654 511 780 544; x_wconf 85' lang='grc' dir='ltr'><strong><em>πίστιν</em></strong></span> <span class='ocrx_word' id='word_1_52' title='bbox 815 506 961 549; x_wconf 77' lang='grc' dir='ltr'><strong><em>ἐδέξατο</em></strong></span> <span class='ocrx_word' id='word_1_53' title='bbox 997 507 1041 543; x_wconf 81' lang='grc' dir='ltr'><strong>τὸ</strong></span> <span class='ocrx_word' id='word_1_54' title='bbox 1076 506 1313 554; x_wconf 85' lang='grc' dir='ltr'><strong><em>συμβόλαιον·</em></strong></span> 
     </span>
     <span class='ocr_line' id='line_1_9' title="bbox 243 550 1315 599; baseline 0.002 -13"><span class='ocrx_word' id='word_1_55' title='bbox 243 555 307 586; x_wconf 86' lang='grc' dir='ltr'><strong>καί</strong></span> <span class='ocrx_word' id='word_1_56' title='bbox 331 565 368 589; x_wconf 88' lang='grc' dir='ltr'><strong>τι</strong></span> <span class='ocrx_word' id='word_1_57' title='bbox 398 551 604 598; x_wconf 78' lang='grc' dir='ltr'><strong><em>παράδοξον</em></strong></span> <span class='ocrx_word' id='word_1_58' title='bbox 635 554 809 589; x_wconf 74' lang='grc' dir='ltr'><strong><em>ἐντεῦθεν</em></strong></span> <span class='ocrx_word' id='word_1_59' title='bbox 839 552 1055 596; x_wconf 83' lang='grc' dir='ltr'><strong><em>ἀπήντησεν,</em></strong></span> <span class='ocrx_word' id='word_1_60' title='bbox 1088 550 1146 588; x_wconf 75' lang='grc' dir='ltr'><strong>ὅτι</strong></span> <span class='ocrx_word' id='word_1_61' title='bbox 1176 552 1223 589; x_wconf 82' lang='grc' dir='ltr'><strong>τὰ</strong></span> <span class='ocrx_word' id='word_1_62' title='bbox 1248 555 1315 599; x_wconf 75' lang='grc' dir='ltr'><strong>μέν</strong></span> 
     </span>
     <span class='ocr_line' id='line_1_10' title="bbox 242 596 1316 654; baseline 0.003 -24"><span class='ocrx_word' id='word_1_63' title='bbox 242 596 436 652; x_wconf 73' lang='grc' dir='ltr'><strong><em>γράμματα</em></strong></span> <span class='ocrx_word' id='word_1_64' title='bbox 459 597 600 653; x_wconf 49' lang='grc' dir='ltr'><strong><em>ἄπιστα,</em></strong></span> <span class='ocrx_word' id='word_1_65' title='bbox 617 597 731 645; x_wconf 75' lang='grc' dir='ltr'><strong><em>ὤφθη</em></strong></span> <span class='ocrx_word' id='word_1_66' title='bbox 753 603 910 654; x_wconf 73' lang='grc' dir='ltr'><strong><em>καίτοιγε</em></strong></span> <span class='ocrx_word' id='word_1_67' title='bbox 930 598 1186 641; x_wconf 78' lang='grc' dir='ltr'><strong><em>ἐξετασθέντα,</em></strong></span> <span class='ocrx_word' id='word_1_68' title='bbox 1209 598 1255 633; x_wconf 81' lang='grc' dir='ltr'><strong>τὰ</strong></span> <span class='ocrx_word' id='word_1_69' title='bbox 1274 597 1316 633; x_wconf 73' lang='grc' dir='ltr'><strong>δὲ</strong></span> 
     </span>
    </p>
   </div>
   <div class='ocr_carea' id='block_1_3' title="bbox 1311 123 1430 182">
    <p class='ocr_par' dir='ltr' id='par_1_3' title="bbox 1311 123 1430 182">
     <span class='ocr_line' id='line_1_11' title="bbox 1311 123 1430 182; baseline 0 -10"><span class='ocrx_word' id='word_1_70' title='bbox 1311 123 1400 172; x_wconf 84' lang='grc'><strong>364</strong></span> <span class='ocrx_word' id='word_1_71' title='bbox 1428 179 1430 182; x_wconf 47' lang='grc'><strong><em>,</em></strong></span> 
     </span>
    </p>
   </div>
   <div class='ocr_carea' id='block_1_4' title="bbox 1959 135 2456 174">
    <p class='ocr_par' dir='ltr' id='par_1_4' title="bbox 1959 135 2456 174">
     <span class='ocr_line' id='line_1_12' title="bbox 1959 135 2456 174; baseline 0.002 -1"><span class='ocrx_word' id='word_1_72' title='bbox 1959 135 2020 173; x_wconf 76' lang='grc' dir='ltr'><strong>ΒΕ</strong></span> <span class='ocrx_word' id='word_1_73' title='bbox 2047 139 2456 174; x_wconf 72' lang='lat' dir='ltr'><strong>ms&#39;mmmu&#39;ronuu</strong></span> 
     </span>
    </p>
   </div>
   <div class='ocr_carea' id='block_1_5' title="bbox 1350 237 2458 648">
    <p class='ocr_par' dir='ltr' id='par_1_5' title="bbox 1350 237 2458 648">
     <span class='ocr_line' id='line_1_13' title="bbox 1380 237 2454 291; baseline 0.004 -18"><span class='ocrx_word' id='word_1_74' title='bbox 1380 238 1584 291; x_wconf 67' lang='lat' dir='ltr'><strong>innumeras</strong></span> <span class='ocrx_word' id='word_1_75' title='bbox 1598 237 1796 275; x_wconf 81' lang='lat' dir='ltr'><strong>invenimus</strong></span> <span class='ocrx_word' id='word_1_76' title='bbox 1813 239 1986 278; x_wconf 78' lang='lat' dir='ltr'><strong>falsitates</strong></span> <span class='ocrx_word' id='word_1_77' title='bbox 2009 241 2047 278; x_wconf 91' lang='lat' dir='ltr'><strong>in</strong></span> <span class='ocrx_word' id='word_1_78' title='bbox 2061 241 2204 278; x_wconf 90' lang='lat' dir='ltr'><strong>iudiciis</strong></span> <span class='ocrx_word' id='word_1_79' title='bbox 2223 241 2344 277; x_wconf 91' lang='lat' dir='ltr'><strong>multis</strong></span> <span class='ocrx_word' id='word_1_80' title='bbox 2365 251 2454 287; x_wconf 89' lang='lat' dir='ltr'><strong>quo-</strong></span> 
     </span>
     <span class='ocr_line' id='line_1_14' title="bbox 1381 282 2457 336; baseline 0.003 -18"><span class='ocrx_word' id='word_1_81' title='bbox 1381 293 1461 319; x_wconf 88' lang='lat' dir='ltr'><strong>rum</strong></span> <span class='ocrx_word' id='word_1_82' title='bbox 1494 282 1626 336; x_wconf 78' lang='lat' dir='ltr'><strong>fuimus</strong></span> <span class='ocrx_word' id='word_1_83' title='bbox 1652 283 1853 336; x_wconf 42' lang='lat' dir='ltr'><strong>‚auditorem</strong></span> <span class='ocrx_word' id='word_1_84' title='bbox 1888 290 1925 322; x_wconf 84' lang='lat' dir='ltr'><strong>et</strong></span> <span class='ocrx_word' id='word_1_85' title='bbox 1958 286 2125 332; x_wconf 86' lang='lat' dir='ltr'><strong>quiddam</strong></span> <span class='ocrx_word' id='word_1_86' title='bbox 2160 286 2382 332; x_wconf 85' lang='lat' dir='ltr'><strong>inopinabile</strong></span> <span class='ocrx_word' id='word_1_87' title='bbox 2411 297 2457 323; x_wconf 88' lang='lat' dir='ltr'><strong>ex</strong></span> 
     </span>
     <span class='ocr_line' id='line_1_15' title="bbox 1381 328 2455 376; baseline 0.003 -13"><span class='ocrx_word' id='word_1_88' title='bbox 1381 329 1551 364; x_wconf 89' lang='lat' dir='ltr'><strong>Armema</strong></span> <span class='ocrx_word' id='word_1_89' title='bbox 1579 328 1683 364; x_wconf 80' lang='lat' dir='ltr'><strong>nobis</strong></span> <span class='ocrx_word' id='word_1_90' title='bbox 1713 332 1876 365; x_wconf 86' lang='lat' dir='ltr'><strong>exortum</strong></span> <span class='ocrx_word' id='word_1_91' title='bbox 1904 333 1972 368; x_wconf 80' lang='lat' dir='ltr'><strong>est.</strong></span> <span class='ocrx_word' id='word_1_92' title='bbox 2018 332 2149 370; x_wconf 89' lang='lat' dir='ltr'><strong>Oblato</strong></span> <span class='ocrx_word' id='word_1_93' title='bbox 2179 341 2334 376; x_wconf 86' lang='lat' dir='ltr'><strong>namque</strong></span> <span class='ocrx_word' id='word_1_94' title='bbox 2358 341 2455 367; x_wconf 90' lang='lat' dir='ltr'><strong>com-</strong></span> 
     </span>
     <span class='ocr_line' id='line_1_16' title="bbox 1381 373 2455 414; baseline 0.003 -6"><span class='ocrx_word' id='word_1_95' title='bbox 1381 373 1586 409; x_wconf 79' lang='lat' dir='ltr'>mutationis</span> <span class='ocrx_word' id='word_1_96' title='bbox 1621 373 1833 410; x_wconf 87' lang='lat' dir='ltr'><strong>documento</strong></span> <span class='ocrx_word' id='word_1_97' title='bbox 1869 376 1906 412; x_wconf 86' lang='lat' dir='ltr'><strong>et</strong></span> <span class='ocrx_word' id='word_1_98' title='bbox 1937 376 2065 413; x_wconf 84' lang='lat' dir='ltr'><strong>litteris</strong></span> <span class='ocrx_word' id='word_1_99' title='bbox 2100 377 2328 414; x_wconf 88' lang='lat' dir='ltr'><strong>dissimilibus</strong></span> <span class='ocrx_word' id='word_1_100' title='bbox 2363 376 2455 411; x_wconf 89' lang='lat' dir='ltr'><strong>iudi-</strong></span> 
     </span>
     <span class='ocr_line' id='line_1_17' title="bbox 1350 418 2455 469; baseline 0.003 -15"><span class='ocrx_word' id='word_1_101' title='bbox 1350 422 1368 454; x_wconf 87' lang='lat'>5</span> <span class='ocrx_word' id='word_1_102' title='bbox 1383 419 1484 462; x_wconf 86' lang='lat' dir='ltr'><strong>catis,</strong></span> <span class='ocrx_word' id='word_1_103' title='bbox 1508 418 1675 464; x_wconf 89' lang='lat' dir='ltr'><strong>quoniam</strong></span> <span class='ocrx_word' id='word_1_104' title='bbox 1721 420 1821 455; x_wconf 77' lang='lat' dir='ltr'><strong>ostes</strong></span> <span class='ocrx_word' id='word_1_105' title='bbox 1842 419 1977 457; x_wconf 85' lang='lat' dir='ltr'><strong>inventi</strong></span> <span class='ocrx_word' id='word_1_106' title='bbox 1998 425 2082 458; x_wconf 89' lang='lat' dir='ltr'><strong>sunt</strong></span> <span class='ocrx_word' id='word_1_107' title='bbox 2101 422 2140 458; x_wconf 86' lang='lat' dir='ltr'><strong>hi</strong></span> <span class='ocrx_word' id='word_1_108' title='bbox 2161 423 2223 469; x_wconf 87' lang='lat' dir='ltr'><strong>qui</strong></span> <span class='ocrx_word' id='word_1_109' title='bbox 2241 423 2455 458; x_wconf 86' lang='lat' dir='ltr'><strong>documento</strong></span> 
     </span>
     <span class='ocr_line' id='line_1_18' title="bbox 1382 463 2456 509; baseline 0.004 -11"><span class='ocrx_word' id='word_1_110' title='bbox 1382 463 1506 499; x_wconf 88' lang='lat' dir='ltr'><strong>testati</strong></span> <span class='ocrx_word' id='word_1_111' title='bbox 1540 467 1625 499; x_wconf 87' lang='lat' dir='ltr'><strong>sunt</strong></span> <span class='ocrx_word' id='word_1_112' title='bbox 1658 474 1701 500; x_wconf 86' lang='lat' dir='ltr'><strong>su</strong></span> <span class='ocrx_word' id='word_1_113' title='bbox 1727 464 1955 509; x_wconf 81' lang='lat' dir='ltr'><strong>scriptionem</strong></span> <span class='ocrx_word' id='word_1_114' title='bbox 1988 466 2179 504; x_wconf 78' lang='lat' dir='ltr'><strong>subdentes</strong></span> <span class='ocrx_word' id='word_1_115' title='bbox 2213 471 2250 504; x_wconf 90' lang='lat' dir='ltr'><strong>et</strong></span> <span class='ocrx_word' id='word_1_116' title='bbox 2285 478 2365 504; x_wconf 87' lang='lat' dir='ltr'><strong>eam</strong></span> <span class='ocrx_word' id='word_1_117' title='bbox 2399 477 2456 502; x_wconf 88' lang='lat' dir='ltr'><strong>re-</strong></span> 
     </span>
     <span class='ocr_line' id='line_1_19' title="bbox 1384 508 2456 557; baseline 0.004 -14"><span class='ocrx_word' id='word_1_118' title='bbox 1384 512 1655 553; x_wconf 78' lang='lat' dir='ltr'><strong>cognoscentes,</strong></span> <span class='ocrx_word' id='word_1_119' title='bbox 1687 508 1793 545; x_wconf 81' lang='lat' dir='ltr'><strong>fidem</strong></span> <span class='ocrx_word' id='word_1_120' title='bbox 1817 510 1977 556; x_wconf 83' lang='lat' dir='ltr'><strong>suscepit</strong></span> <span class='ocrx_word' id='word_1_121' title='bbox 1999 511 2263 551; x_wconf 85' lang='lat' dir='ltr'><strong>documentum:</strong></span> <span class='ocrx_word' id='word_1_122' title='bbox 2296 516 2333 548; x_wconf 90' lang='lat' dir='ltr'><strong>et</strong></span> <span class='ocrx_word' id='word_1_123' title='bbox 2356 512 2456 557; x_wconf 89' lang='lat' dir='ltr'><strong>quid-</strong></span> 
     </span>
     <span class='ocr_line' id='line_1_20' title="bbox 1383 554 2456 611; baseline 0.003 -23"><span class='ocrx_word' id='word_1_124' title='bbox 1383 554 1466 589; x_wconf 89' lang='lat' dir='ltr'><strong>dam</strong></span> <span class='ocrx_word' id='word_1_125' title='bbox 1487 554 1571 589; x_wconf 90' lang='lat' dir='ltr'><strong>hinc</strong></span> <span class='ocrx_word' id='word_1_126' title='bbox 1594 554 1813 599; x_wconf 80' lang='lat' dir='ltr'><strong>inopinabile</strong></span> <span class='ocrx_word' id='word_1_127' title='bbox 1836 556 2008 599; x_wconf 86' lang='lat' dir='ltr'><strong>occurrit,</strong></span> <span class='ocrx_word' id='word_1_128' title='bbox 2032 566 2075 593; x_wconf 91' lang='lat' dir='ltr'><strong>eo</strong></span> <span class='ocrx_word' id='word_1_129' title='bbox 2098 558 2193 611; x_wconf 76' lang='lat' dir='ltr'><strong>quod</strong></span> <span class='ocrx_word' id='word_1_130' title='bbox 2215 558 2357 594; x_wconf 78' lang='lat' dir='ltr'><strong>litterae</strong></span> <span class='ocrx_word' id='word_1_131' title='bbox 2379 557 2456 602; x_wconf 88' lang='lat' dir='ltr'><strong>qui-</strong></span> 
     </span>
     <span class='ocr_line' id='line_1_21' title="bbox 1383 598 2458 648; baseline 0.003 -14"><span class='ocrx_word' id='word_1_132' title='bbox 1383 599 1463 634; x_wconf 87' lang='lat' dir='ltr'><strong>dem</strong></span> <span class='ocrx_word' id='word_1_133' title='bbox 1486 599 1562 635; x_wconf 86' lang='lat' dir='ltr'><strong>sine</strong></span> <span class='ocrx_word' id='word_1_134' title='bbox 1583 598 1655 635; x_wconf 89' lang='lat' dir='ltr'><strong>fide</strong></span> <span class='ocrx_word' id='word_1_135' title='bbox 1678 599 1778 636; x_wconf 84' lang='lat' dir='ltr'><strong>visae</strong></span> <span class='ocrx_word' id='word_1_136' title='bbox 1802 602 1886 635; x_wconf 90' lang='lat' dir='ltr'><strong>sunt</strong></span> <span class='ocrx_word' id='word_1_137' title='bbox 1907 600 1992 636; x_wconf 87' lang='lat' dir='ltr'><strong>licet</strong></span> <span class='ocrx_word' id='word_1_138' title='bbox 2011 607 2251 647; x_wconf 74' lang='lat' dir='ltr'><strong>examinatae,</strong></span> <span class='ocrx_word' id='word_1_139' title='bbox 2283 612 2458 648; x_wconf 86' lang='lat' dir='ltr'><strong>responsa</strong></span> 
     </span>
    </p>
   </div>
   <div class='ocr_carea' id='block_1_6' title="bbox 243 642 2457 698">
    <p class='ocr_par' dir='ltr' id='par_1_6' title="bbox 243 642 2457 698">
     <span class='ocr_line' id='line_1_22' title="bbox 243 642 2457 698; baseline 0.002 -21"><span class='ocrx_word' id='word_1_140' title='bbox 243 654 342 687; x_wconf 83' lang='grc' dir='ltr'><strong><em>παρα</em></strong></span> <span class='ocrx_word' id='word_1_141' title='bbox 375 656 452 697; x_wconf 52' lang='grc' dir='ltr'><strong>τω]</strong></span> <span class='ocrx_word' id='word_1_142' title='bbox 485 657 680 698; x_wconf 61' lang='grc' dir='ltr'><strong><em>μαρτυρων</em></strong></span> <span class='ocrx_word' id='word_1_143' title='bbox 714 645 919 687; x_wconf 79' lang='grc' dir='ltr'><strong><em>ἀπηντησεν</em></strong></span> <span class='ocrx_word' id='word_1_144' title='bbox 950 642 1018 679; x_wconf 72' lang='grc' dir='ltr'><strong>σὺν</strong></span> <span class='ocrx_word' id='word_1_145' title='bbox 1046 642 1218 688; x_wconf 70' lang='grc' dir='ltr'><strong><em>ἀληθείᾳ,</em></strong></span> <span class='ocrx_word' id='word_1_146' title='bbox 1254 647 1315 679; x_wconf 79' lang='grc' dir='ltr'><strong>καὶ</strong></span> <span class='ocrx_word' id='word_1_147' title='bbox 1330 647 1369 680; x_wconf 89' lang='grc'><strong>10</strong></span> <span class='ocrx_word' id='word_1_148' title='bbox 1384 654 1464 680; x_wconf 88' lang='lat' dir='ltr'><strong>vero</strong></span> <span class='ocrx_word' id='word_1_149' title='bbox 1489 645 1633 680; x_wconf 88' lang='lat' dir='ltr'><strong>testium</strong></span> <span class='ocrx_word' id='word_1_150' title='bbox 1665 656 1745 681; x_wconf 92' lang='lat' dir='ltr'><strong>cum</strong></span> <span class='ocrx_word' id='word_1_151' title='bbox 1775 645 1923 681; x_wconf 88' lang='lat' dir='ltr'><strong>veritate</strong></span> <span class='ocrx_word' id='word_1_152' title='bbox 1947 647 2268 692; x_wconf 86' lang='lat' dir='ltr'><strong>concordaverunt,</strong></span> <span class='ocrx_word' id='word_1_153' title='bbox 2301 651 2337 684; x_wconf 88' lang='lat' dir='ltr'><strong>et</strong></span> <span class='ocrx_word' id='word_1_154' title='bbox 2365 648 2457 683; x_wconf 89' lang='lat' dir='ltr'><strong>haec</strong></span> 
     </span>
    </p>
   </div>
   <div class='ocr_carea' id='block_1_7' title="bbox 242 688 1315 836">
    <p class='ocr_par' dir='ltr' id='par_1_7' title="bbox 242 688 1315 836">
     <span class='ocr_line' id='line_1_23' title="bbox 243 688 1314 745; baseline 0.003 -24"><span class='ocrx_word' id='word_1_155' title='bbox 243 689 359 722; x_wconf 83' lang='grc' dir='ltr'><strong><em>ταῦτα</em></strong></span> <span class='ocrx_word' id='word_1_156' title='bbox 391 700 454 732; x_wconf 84' lang='grc' dir='ltr'><strong>της</strong></span> <span class='ocrx_word' id='word_1_157' title='bbox 487 702 587 735; x_wconf 88' lang='grc' dir='ltr'><strong><em>παρα</em></strong></span> <span class='ocrx_word' id='word_1_158' title='bbox 618 703 696 724; x_wconf 89' lang='grc' dir='ltr'><strong>των</strong></span> <span class='ocrx_word' id='word_1_159' title='bbox 729 690 925 736; x_wconf 81' lang='grc' dir='ltr'><strong><em>μαρτύρων</em></strong></span> <span class='ocrx_word' id='word_1_160' title='bbox 960 692 1116 724; x_wconf 86' lang='grc' dir='ltr'><strong><em>πίστεως</em></strong></span> <span class='ocrx_word' id='word_1_161' title='bbox 1146 688 1314 745; x_wconf 75' lang='grc' dir='ltr'><strong><em>δοκούσης</em></strong></span> 
     </span>
     <span class='ocr_line' id='line_1_24' title="bbox 244 731 1315 782; baseline 0.002 -16"><span class='ocrx_word' id='word_1_162' title='bbox 244 731 339 767; x_wconf 74' lang='grc' dir='ltr'><strong><em>εἷναί</em></strong></span> <span class='ocrx_word' id='word_1_163' title='bbox 360 745 438 768; x_wconf 90' lang='grc' dir='ltr'><strong>πως</strong></span> <span class='ocrx_word' id='word_1_164' title='bbox 461 733 688 780; x_wconf 75' lang='grc' dir='ltr'><strong><em>ἐπισφαλοῦς.</em></strong></span> <span class='ocrx_word' id='word_1_165' title='bbox 731 733 873 782; x_wconf 82' lang='grc' dir='ltr'><strong><em>ὁρῶμεν</em></strong></span> <span class='ocrx_word' id='word_1_166' title='bbox 895 736 1020 779; x_wconf 83' lang='grc' dir='ltr'><strong><em>μέντοι</em></strong></span> <span class='ocrx_word' id='word_1_167' title='bbox 1042 733 1109 779; x_wconf 79' lang='grc' dir='ltr'><strong>τὴν</strong></span> <span class='ocrx_word' id='word_1_168' title='bbox 1128 733 1237 782; x_wconf 77' lang='grc' dir='ltr'><strong><em>φύσιν</em></strong></span> <span class='ocrx_word' id='word_1_169' title='bbox 1255 748 1315 768; x_wconf 86' lang='grc' dir='ltr'><strong>αυ-</strong></span> 
     </span>
     <span class='ocr_line' id='line_1_25' title="bbox 242 777 1314 836; baseline 0.002 -23"><span class='ocrx_word' id='word_1_170' title='bbox 242 779 304 831; x_wconf 61' lang='grc' dir='ltr'><strong>ῑῆς</strong></span> <span class='ocrx_word' id='word_1_171' title='bbox 325 777 492 814; x_wconf 74' lang='grc' dir='ltr'><strong><em>πολλάκις</em></strong></span> <span class='ocrx_word' id='word_1_172' title='bbox 515 777 688 824; x_wconf 75' lang='grc' dir='ltr'><strong><em>δεομένην</em></strong></span> <span class='ocrx_word' id='word_1_173' title='bbox 713 781 773 834; x_wconf 70' lang='grc' dir='ltr'><strong>τῆς</strong></span> <span class='ocrx_word' id='word_1_174' title='bbox 797 781 859 814; x_wconf 84' lang='grc' dir='ltr'><strong>τοῦ</strong></span> <span class='ocrx_word' id='word_1_175' title='bbox 884 778 1091 836; x_wconf 67' lang='grc' dir='ltr'><strong><em>πράγματος</em></strong></span> <span class='ocrx_word' id='word_1_176' title='bbox 1113 777 1314 822; x_wconf 74' lang='grc' dir='ltr'><strong><em>ἐξετάσεως,</em></strong></span> 
     </span>
    </p>
   </div>
   <div class='ocr_carea' id='block_1_8' title="bbox 1383 690 2459 827">
    <p class='ocr_par' dir='ltr' id='par_1_8' title="bbox 1383 690 2459 827">
     <span class='ocr_line' id='line_1_26' title="bbox 1383 690 2458 737; baseline 0.003 -12"><span class='ocrx_word' id='word_1_177' title='bbox 1383 700 1447 735; x_wconf 89' lang='lat' dir='ltr'><strong>per</strong></span> <span class='ocrx_word' id='word_1_178' title='bbox 1477 690 1583 726; x_wconf 87' lang='lat' dir='ltr'><strong>fidem</strong></span> <span class='ocrx_word' id='word_1_179' title='bbox 1614 690 1758 726; x_wconf 87' lang='lat' dir='ltr'><strong>testium</strong></span> <span class='ocrx_word' id='word_1_180' title='bbox 1793 700 1885 736; x_wconf 90' lang='lat' dir='ltr'><strong>quae</strong></span> <span class='ocrx_word' id='word_1_181' title='bbox 1914 690 2055 727; x_wconf 86' lang='lat' dir='ltr'><strong>videtur</strong></span> <span class='ocrx_word' id='word_1_182' title='bbox 2085 693 2342 737; x_wconf 89' lang='lat' dir='ltr'><strong>quodammodo</strong></span> <span class='ocrx_word' id='word_1_183' title='bbox 2379 703 2458 728; x_wconf 89' lang='lat' dir='ltr'><strong>esse</strong></span> 
     </span>
     <span class='ocr_line' id='line_1_27' title="bbox 1385 734 2459 784; baseline 0.003 -14"><span class='ocrx_word' id='word_1_184' title='bbox 1385 737 1502 771; x_wconf 87' lang='lat' dir='ltr'><strong>cauta.</strong></span> <span class='ocrx_word' id='word_1_185' title='bbox 1537 734 1708 772; x_wconf 87' lang='lat' dir='ltr'><strong>Videmus</strong></span> <span class='ocrx_word' id='word_1_186' title='bbox 1731 739 1853 772; x_wconf 87' lang='lat' dir='ltr'><strong>tamen</strong></span> <span class='ocrx_word' id='word_1_187' title='bbox 1876 739 2043 772; x_wconf 84' lang='lat' dir='ltr'><strong>naturam</strong></span> <span class='ocrx_word' id='word_1_188' title='bbox 2063 737 2138 774; x_wconf 89' lang='lat' dir='ltr'><strong>eius</strong></span> <span class='ocrx_word' id='word_1_189' title='bbox 2157 739 2282 775; x_wconf 85' lang='lat' dir='ltr'><strong>crebro</strong></span> <span class='ocrx_word' id='word_1_190' title='bbox 2299 742 2459 784; x_wconf 80' lang='lat' dir='ltr'><strong>egentem</strong></span> 
     </span>
     <span class='ocr_line' id='line_1_28' title="bbox 1384 780 2458 827; baseline 0.003 -12"><span class='ocrx_word' id='word_1_191' title='bbox 1384 780 1436 815; x_wconf 89' lang='lat' dir='ltr'><strong>rei</strong></span> <span class='ocrx_word' id='word_1_192' title='bbox 1455 781 1726 824; x_wconf 82' lang='lat' dir='ltr'><strong>examinatione,</strong></span> <span class='ocrx_word' id='word_1_193' title='bbox 1751 781 1893 827; x_wconf 86' lang='lat' dir='ltr'><strong>quando</strong></span> <span class='ocrx_word' id='word_1_194' title='bbox 1917 782 2118 818; x_wconf 85' lang='lat' dir='ltr'><strong>litterarum</strong></span> <span class='ocrx_word' id='word_1_195' title='bbox 2141 783 2458 826; x_wconf 75' lang='lat' dir='ltr'><strong>dissimilitudinem</strong></span> 
     </span>
    </p>
   </div>
   <div class='ocr_carea' id='block_1_9' title="bbox 241 824 2459 924">
    <p class='ocr_par' dir='ltr' id='par_1_9' title="bbox 241 824 2459 924">
     <span class='ocr_line' id='line_1_29' title="bbox 242 824 2459 874; baseline 0.003 -17"><span class='ocrx_word' id='word_1_196' title='bbox 242 835 335 858; x_wconf 85' lang='grc' dir='ltr'><strong><em>οπου</em></strong></span> <span class='ocrx_word' id='word_1_197' title='bbox 356 837 398 872; x_wconf 84' lang='grc' dir='ltr'><strong><em>γε</em></strong></span> <span class='ocrx_word' id='word_1_198' title='bbox 427 825 494 868; x_wconf 86' lang='grc' dir='ltr'><strong>τὴν</strong></span> <span class='ocrx_word' id='word_1_199' title='bbox 522 826 599 860; x_wconf 79' lang='grc' dir='ltr'><strong>τῶν</strong></span> <span class='ocrx_word' id='word_1_200' title='bbox 621 838 847 872; x_wconf 85' lang='grc' dir='ltr'><strong><em>γραμματων</em></strong></span> <span class='ocrx_word' id='word_1_201' title='bbox 877 838 1120 870; x_wconf 78' lang='grc' dir='ltr'><strong><em>ανομοιότητα</em></strong></span> <span class='ocrx_word' id='word_1_202' title='bbox 1148 824 1316 861; x_wconf 75' lang='grc' dir='ltr'><strong><em>πολλάκις</em></strong></span> <span class='ocrx_word' id='word_1_203' title='bbox 1384 835 1491 871; x_wconf 81' lang='lat' dir='ltr'><strong>saepe</strong></span> <span class='ocrx_word' id='word_1_204' title='bbox 1515 825 1656 871; x_wconf 86' lang='lat' dir='ltr'><strong>quidem</strong></span> <span class='ocrx_word' id='word_1_205' title='bbox 1679 830 1821 872; x_wconf 83' lang='lat' dir='ltr'><strong>tempus</strong></span> <span class='ocrx_word' id='word_1_206' title='bbox 1840 827 1931 863; x_wconf 81' lang='lat' dir='ltr'><strong>facit</strong></span> <span class='ocrx_word' id='word_1_207' title='bbox 1950 829 2035 871; x_wconf 87' lang='lat' dir='ltr'><strong>(non</strong></span> <span class='ocrx_word' id='word_1_208' title='bbox 2053 827 2146 863; x_wconf 74' lang='lat' dir='ltr'><strong>enIm</strong></span> <span class='ocrx_word' id='word_1_209' title='bbox 2163 828 2215 864; x_wconf 81' lang='lat' dir='ltr'><strong>ita</strong></span> <span class='ocrx_word' id='word_1_210' title='bbox 2234 829 2313 874; x_wconf 79' lang='lat' dir='ltr'><strong>quis</strong></span> <span class='ocrx_word' id='word_1_211' title='bbox 2333 828 2459 865; x_wconf 77' lang='lat' dir='ltr'><strong>scribit</strong></span> 
     </span>
     <span class='ocr_line' id='line_1_30' title="bbox 241 866 2459 924; baseline 0.002 -20"><span class='ocrx_word' id='word_1_212' title='bbox 241 869 309 914; x_wconf 70' lang='grc' dir='ltr'><strong>μὲν</strong></span> <span class='ocrx_word' id='word_1_213' title='bbox 331 868 576 924; x_wconf 33' lang='grc' dir='ltr'><strong><em>χρόνοςυποιεῖ</em></strong></span> <span class='ocrx_word' id='word_1_214' title='bbox 597 867 649 914; x_wconf 78' lang='grc' dir='ltr'><strong>(οὐ</strong></span> <span class='ocrx_word' id='word_1_215' title='bbox 671 870 739 918; x_wconf 77' lang='grc' dir='ltr'><strong><em>γὰρ</em></strong></span> <span class='ocrx_word' id='word_1_216' title='bbox 763 866 808 924; x_wconf 61' lang='grc' dir='ltr'><strong>ἂν</strong></span> <span class='ocrx_word' id='word_1_217' title='bbox 824 866 919 905; x_wconf 77' lang='grc' dir='ltr'><strong><em>οὕτω</em></strong></span> <span class='ocrx_word' id='word_1_218' title='bbox 939 869 1092 918; x_wconf 78' lang='grc' dir='ltr'><strong><em>γράψειέ</em></strong></span> <span class='ocrx_word' id='word_1_219' title='bbox 1108 883 1162 906; x_wconf 81' lang='grc' dir='ltr'><strong>τις</strong></span> <span class='ocrx_word' id='word_1_220' title='bbox 1177 870 1316 914; x_wconf 78' lang='grc' dir='ltr'><strong><em>νεάζων</em></strong></span> <span class='ocrx_word' id='word_1_221' title='bbox 1331 874 1370 907; x_wconf 86' lang='grc'><strong>15</strong></span> <span class='ocrx_word' id='word_1_222' title='bbox 1383 872 1518 907; x_wconf 87' lang='lat' dir='ltr'><strong>iuvenis</strong></span> <span class='ocrx_word' id='word_1_223' title='bbox 1540 876 1575 907; x_wconf 89' lang='lat' dir='ltr'><strong>et</strong></span> <span class='ocrx_word' id='word_1_224' title='bbox 1594 872 1764 908; x_wconf 86' lang='lat' dir='ltr'><strong>robustus</strong></span> <span class='ocrx_word' id='word_1_225' title='bbox 1788 882 1832 908; x_wconf 90' lang='lat' dir='ltr'><strong>ac</strong></span> <span class='ocrx_word' id='word_1_226' title='bbox 1849 882 1960 908; x_wconf 86' lang='lat' dir='ltr'><strong>senex</strong></span> <span class='ocrx_word' id='word_1_227' title='bbox 1982 874 2019 908; x_wconf 90' lang='lat' dir='ltr'><strong>et</strong></span> <span class='ocrx_word' id='word_1_228' title='bbox 2037 872 2131 908; x_wconf 89' lang='lat' dir='ltr'><strong>forte</strong></span> <span class='ocrx_word' id='word_1_229' title='bbox 2149 877 2327 916; x_wconf 87' lang='lat' dir='ltr'><strong>tremens),</strong></span> <span class='ocrx_word' id='word_1_230' title='bbox 2352 884 2459 918; x_wconf 87' lang='lat' dir='ltr'><strong>saepe</strong></span> 
     </span>
    </p>
   </div>
   <div class='ocr_carea' id='block_1_10' title="bbox 242 916 1317 1107">
    <p class='ocr_par' dir='ltr' id='par_1_10' title="bbox 242 916 1317 1107">
     <span class='ocr_line' id='line_1_31' title="bbox 242 916 1315 964; baseline 0.003 -16"><span class='ocrx_word' id='word_1_231' title='bbox 242 916 304 962; x_wconf 65' lang='grc' dir='ltr'><strong>καὶ</strong></span> <span class='ocrx_word' id='word_1_232' title='bbox 333 926 500 963; x_wconf 86' lang='grc' dir='ltr'><strong><em>σφριγων</em></strong></span> <span class='ocrx_word' id='word_1_233' title='bbox 530 919 590 950; x_wconf 81' lang='grc' dir='ltr'><strong>καὶ</strong></span> <span class='ocrx_word' id='word_1_234' title='bbox 612 928 815 964; x_wconf 82' lang='grc' dir='ltr'><strong><em>γεγηρακως</em></strong></span> <span class='ocrx_word' id='word_1_235' title='bbox 851 918 911 950; x_wconf 79' lang='grc' dir='ltr'><strong>καὶ</strong></span> <span class='ocrx_word' id='word_1_236' title='bbox 942 916 1028 951; x_wconf 78' lang='grc' dir='ltr'><strong><em>ἴσως</em></strong></span> <span class='ocrx_word' id='word_1_237' title='bbox 1058 920 1118 951; x_wconf 80' lang='grc' dir='ltr'><strong>καὶ</strong></span> <span class='ocrx_word' id='word_1_238' title='bbox 1148 919 1315 964; x_wconf 78' lang='grc' dir='ltr'><strong><em>τρέμων),</em></strong></span> 
     </span>
     <span class='ocr_line' id='line_1_32' title="bbox 243 957 1317 1006; baseline 0.002 -12"><span class='ocrx_word' id='word_1_239' title='bbox 243 957 412 995; x_wconf 84' lang='grc' dir='ltr'><strong><em>πολλάκις</em></strong></span> <span class='ocrx_word' id='word_1_240' title='bbox 447 958 487 995; x_wconf 73' lang='grc' dir='ltr'><strong>δὲ</strong></span> <span class='ocrx_word' id='word_1_241' title='bbox 522 958 590 995; x_wconf 81' lang='grc' dir='ltr'><strong>κᾶν</strong></span> <span class='ocrx_word' id='word_1_242' title='bbox 625 960 729 995; x_wconf 86' lang='grc' dir='ltr'><strong><em>νόσος</em></strong></span> <span class='ocrx_word' id='word_1_243' title='bbox 761 962 869 996; x_wconf 82' lang='grc' dir='ltr'><strong><em>τοῦτο</em></strong></span> <span class='ocrx_word' id='word_1_244' title='bbox 904 961 1073 1006; x_wconf 79' lang='grc' dir='ltr'><strong><em>ποιήσειε.</em></strong></span> <span class='ocrx_word' id='word_1_245' title='bbox 1127 965 1245 997; x_wconf 84' lang='grc' dir='ltr'><strong><em>καίτοι</em></strong></span> <span class='ocrx_word' id='word_1_246' title='bbox 1279 965 1317 996; x_wconf 90' lang='grc' dir='ltr'><strong>τί</strong></span> 
     </span>
     <span class='ocr_line' id='line_1_33' title="bbox 243 1003 1314 1061; baseline 0.003 -22"><span class='ocrx_word' id='word_1_247' title='bbox 243 1004 358 1040; x_wconf 78' lang='grc' dir='ltr'><strong><em>ταῦτά</em></strong></span> <span class='ocrx_word' id='word_1_248' title='bbox 380 1018 510 1061; x_wconf 80' lang='grc' dir='ltr'><strong><em>φαμεν,</em></strong></span> <span class='ocrx_word' id='word_1_249' title='bbox 534 1003 625 1041; x_wconf 81' lang='grc' dir='ltr'><strong><em>ὅπου</em></strong></span> <span class='ocrx_word' id='word_1_250' title='bbox 645 1019 687 1054; x_wconf 85' lang='grc' dir='ltr'><strong><em>γε</em></strong></span> <span class='ocrx_word' id='word_1_251' title='bbox 709 1006 868 1051; x_wconf 79' lang='grc' dir='ltr'><strong><em>καλάμου</em></strong></span> <span class='ocrx_word' id='word_1_252' title='bbox 895 1020 936 1041; x_wconf 88' lang='grc' dir='ltr'><strong>τε</strong></span> <span class='ocrx_word' id='word_1_253' title='bbox 958 1010 1018 1041; x_wconf 82' lang='grc' dir='ltr'><strong>καὶ</strong></span> <span class='ocrx_word' id='word_1_254' title='bbox 1041 1006 1191 1051; x_wconf 89' lang='grc' dir='ltr'><strong><em>μέλανος</em></strong></span> <span class='ocrx_word' id='word_1_255' title='bbox 1214 1006 1314 1042; x_wconf 76' lang='grc' dir='ltr'><strong><em>ἐναλ-</em></strong></span> 
     </span>
     <span class='ocr_line' id='line_1_34' title="bbox 243 1048 1314 1107; baseline 0.002 -22"><span class='ocrx_word' id='word_1_256' title='bbox 243 1048 334 1098; x_wconf 78' lang='grc' dir='ltr'><strong><em>λαγὴ</em></strong></span> <span class='ocrx_word' id='word_1_257' title='bbox 353 1063 396 1086; x_wconf 91' lang='grc' dir='ltr'><strong>το</strong></span> <span class='ocrx_word' id='word_1_258' title='bbox 418 1052 480 1095; x_wconf 84' lang='grc' dir='ltr'><strong>τῆς</strong></span> <span class='ocrx_word' id='word_1_259' title='bbox 498 1048 709 1106; x_wconf 38' lang='lat' dir='ltr'><strong>§poe-&amp;nys-</strong></span> <span class='ocrx_word' id='word_1_260' title='bbox 740 1050 799 1086; x_wconf 82' lang='grc' dir='ltr'><strong>διὰ</strong></span> <span class='ocrx_word' id='word_1_261' title='bbox 823 1051 976 1087; x_wconf 83' lang='grc' dir='ltr'><strong><em>πάντων</em></strong></span> <span class='ocrx_word' id='word_1_262' title='bbox 1004 1050 1195 1107; x_wconf 62' lang='grc' dir='ltr'><strong><em>ἀκραιφνὲς</em></strong></span> <span class='ocrx_word' id='word_1_263' title='bbox 1217 1050 1314 1099; x_wconf 82' lang='grc' dir='ltr'><strong><em>ἀφεί-</em></strong></span> 
     </span>
    </p>
   </div>
   <div class='ocr_carea' id='block_1_11' title="bbox 1384 912 2459 1099">
    <p class='ocr_par' dir='ltr' id='par_1_11' title="bbox 1384 912 2459 1099">
     <span class='ocr_line' id='line_1_35' title="bbox 1384 912 2458 963; baseline 0.002 -11"><span class='ocrx_word' id='word_1_264' title='bbox 1384 921 1502 952; x_wconf 86' lang='lat' dir='ltr'><strong>autem</strong></span> <span class='ocrx_word' id='word_1_265' title='bbox 1534 921 1571 953; x_wconf 91' lang='lat' dir='ltr'><strong>et</strong></span> <span class='ocrx_word' id='word_1_266' title='bbox 1602 912 1727 961; x_wconf 69' lang='lat' dir='ltr'><strong>langor</strong></span> <span class='ocrx_word' id='word_1_267' title='bbox 1757 918 1826 953; x_wconf 92' lang='lat' dir='ltr'><strong>hoc</strong></span> <span class='ocrx_word' id='word_1_268' title='bbox 1858 918 1957 954; x_wconf 86' lang='lat' dir='ltr'><strong>facit.</strong></span> <span class='ocrx_word' id='word_1_269' title='bbox 2008 918 2057 953; x_wconf 87' lang='lat' dir='ltr'><strong>Et</strong></span> <span class='ocrx_word' id='word_1_270' title='bbox 2079 918 2165 963; x_wconf 86' lang='lat' dir='ltr'><strong>quid</strong></span> <span class='ocrx_word' id='word_1_271' title='bbox 2187 919 2276 954; x_wconf 88' lang='lat' dir='ltr'><strong>haec</strong></span> <span class='ocrx_word' id='word_1_272' title='bbox 2300 919 2458 962; x_wconf 90' lang='lat' dir='ltr'><strong>dicimus,</strong></span> 
     </span>
     <span class='ocr_line' id='line_1_36' title="bbox 1384 962 2459 1008; baseline 0.001 -10"><span class='ocrx_word' id='word_1_273' title='bbox 1384 962 1526 1008; x_wconf 88' lang='lat' dir='ltr'><strong>quando</strong></span> <span class='ocrx_word' id='word_1_274' title='bbox 1548 963 1675 998; x_wconf 85' lang='lat' dir='ltr'><strong>calami</strong></span> <span class='ocrx_word' id='word_1_275' title='bbox 1697 966 1734 998; x_wconf 88' lang='lat' dir='ltr'><strong>et</strong></span> <span class='ocrx_word' id='word_1_276' title='bbox 1754 963 1943 999; x_wconf 82' lang='lat' dir='ltr'><strong>atramenti</strong></span> <span class='ocrx_word' id='word_1_277' title='bbox 1965 964 2113 999; x_wconf 87' lang='lat' dir='ltr'><strong>mutatio</strong></span> <span class='ocrx_word' id='word_1_278' title='bbox 2136 963 2375 999; x_wconf 88' lang='lat' dir='ltr'><strong>similitudinis</strong></span> <span class='ocrx_word' id='word_1_279' title='bbox 2395 974 2459 1008; x_wconf 87' lang='lat' dir='ltr'><strong>per</strong></span> 
     </span>
     <span class='ocr_line' id='line_1_37' title="bbox 1384 1007 2459 1053; baseline -0.001 -9"><span class='ocrx_word' id='word_1_280' title='bbox 1384 1008 1501 1044; x_wconf 89' lang='lat' dir='ltr'><strong>omnia</strong></span> <span class='ocrx_word' id='word_1_281' title='bbox 1531 1007 1649 1044; x_wconf 85' lang='lat' dir='ltr'><strong>aufert</strong></span> <span class='ocrx_word' id='word_1_282' title='bbox 1678 1008 1899 1053; x_wconf 79' lang='lat' dir='ltr'><strong>puritatem?</strong></span> <span class='ocrx_word' id='word_1_283' title='bbox 1934 1011 1969 1044; x_wconf 89' lang='lat' dir='ltr'><strong>et</strong></span> <span class='ocrx_word' id='word_1_284' title='bbox 1993 1019 2058 1044; x_wconf 89' lang='lat' dir='ltr'><strong>nec</strong></span> <span class='ocrx_word' id='word_1_285' title='bbox 2082 1009 2281 1045; x_wconf 87' lang='lat' dir='ltr'><strong>invenimus</strong></span> <span class='ocrx_word' id='word_1_286' title='bbox 2311 1009 2355 1044; x_wconf 91' lang='lat' dir='ltr'><strong>de</strong></span> <span class='ocrx_word' id='word_1_287' title='bbox 2377 1008 2459 1044; x_wconf 89' lang='lat' dir='ltr'><strong>reli-</strong></span> 
     </span>
     <span class='ocr_line' id='line_1_38' title="bbox 1384 1053 2459 1099; baseline 0.001 -11"><span class='ocrx_word' id='word_1_288' title='bbox 1384 1064 1453 1099; x_wconf 91' lang='lat' dir='ltr'><strong>quo</strong></span> <span class='ocrx_word' id='word_1_289' title='bbox 1479 1053 1608 1098; x_wconf 89' lang='lat' dir='ltr'><strong>dicere,</strong></span> <span class='ocrx_word' id='word_1_290' title='bbox 1634 1056 1768 1098; x_wconf 86' lang='lat' dir='ltr'><strong>quanta</strong></span> <span class='ocrx_word' id='word_1_291' title='bbox 1788 1057 1917 1090; x_wconf 89' lang='lat' dir='ltr'><strong>natura</strong></span> <span class='ocrx_word' id='word_1_292' title='bbox 1939 1064 2113 1099; x_wconf 85' lang='lat' dir='ltr'><strong>generans</strong></span> <span class='ocrx_word' id='word_1_293' title='bbox 2134 1054 2282 1091; x_wconf 87' lang='lat' dir='ltr'><strong>innovat</strong></span> <span class='ocrx_word' id='word_1_294' title='bbox 2301 1057 2338 1090; x_wconf 90' lang='lat' dir='ltr'><strong>et</strong></span> <span class='ocrx_word' id='word_1_295' title='bbox 2358 1053 2459 1098; x_wconf 79' lang='lat' dir='ltr'><strong>legis·</strong></span> 
     </span>
    </p>
   </div>
   <div class='ocr_carea' id='block_1_12' title="bbox 243 1094 2023 1154">
    <p class='ocr_par' dir='ltr' id='par_1_12' title="bbox 243 1094 2023 1154">
     <span class='ocr_line' id='line_1_39' title="bbox 243 1094 2023 1154; baseline 0.003 -24"><span class='ocrx_word' id='word_1_296' title='bbox 243 1094 342 1138; x_wconf 66' lang='grc' dir='ltr'><strong><em>λετος</em></strong></span> <span class='ocrx_word' id='word_1_297' title='bbox 376 1099 438 1131; x_wconf 80' lang='grc' dir='ltr'><strong>καὶ</strong></span> <span class='ocrx_word' id='word_1_298' title='bbox 470 1110 534 1131; x_wconf 87' lang='grc' dir='ltr'><strong>ουκ</strong></span> <span class='ocrx_word' id='word_1_299' title='bbox 562 1110 609 1132; x_wconf 90' lang='grc' dir='ltr'><strong>αν</strong></span> <span class='ocrx_word' id='word_1_300' title='bbox 638 1110 800 1144; x_wconf 85' lang='grc' dir='ltr'><strong><em>ευροιμεν</em></strong></span> <span class='ocrx_word' id='word_1_301' title='bbox 830 1098 954 1153; x_wconf 50' lang='grc' dir='ltr'><strong><em>ἐφεξῆς</em></strong></span> <span class='ocrx_word' id='word_1_302' title='bbox 985 1098 1110 1141; x_wconf 78' lang='grc' dir='ltr'><strong><em>εἰπεῖν,</em></strong></span> <span class='ocrx_word' id='word_1_303' title='bbox 1145 1097 1264 1134; x_wconf 86' lang='grc' dir='ltr'><strong><em>οπόσα</em></strong></span> <span class='ocrx_word' id='word_1_304' title='bbox 1294 1096 1371 1142; x_wconf 83' lang='grc' dir='ltr'><strong>ὴ20</strong></span> <span class='ocrx_word' id='word_1_305' title='bbox 1383 1098 1559 1135; x_wconf 76' lang='lat' dir='ltr'><strong>latoribus</strong></span> <span class='ocrx_word' id='word_1_306' title='bbox 1583 1099 1685 1154; x_wconf 66' lang='lat' dir='ltr'><strong>nobis</strong></span> <span class='ocrx_word' id='word_1_307' title='bbox 1710 1099 1860 1145; x_wconf 81' lang='lat' dir='ltr'><strong>praebet</strong></span> <span class='ocrx_word' id='word_1_308' title='bbox 1885 1109 2023 1136; x_wconf 80' lang='lat' dir='ltr'><strong>causas.</strong></span> 
     </span>
    </p>
   </div>
   <div class='ocr_carea' id='block_1_13' title="bbox 241 1139 1317 1334">
    <p class='ocr_par' dir='ltr' id='par_1_13' title="bbox 241 1139 1317 1334">
     <span class='ocr_line' id='line_1_40' title="bbox 243 1139 1314 1190; baseline 0.001 -14"><span class='ocrx_word' id='word_1_309' title='bbox 243 1139 347 1187; x_wconf 78' lang='grc' dir='ltr'><strong><em>φύσις</em></strong></span> <span class='ocrx_word' id='word_1_310' title='bbox 365 1145 538 1177; x_wconf 75' lang='grc' dir='ltr'><strong><em>τίκτουσα</em></strong></span> <span class='ocrx_word' id='word_1_311' title='bbox 557 1146 762 1190; x_wconf 85' lang='grc' dir='ltr'><strong><em>καινουργεῖ</em></strong></span> <span class='ocrx_word' id='word_1_312' title='bbox 787 1154 861 1178; x_wconf 87' lang='grc' dir='ltr'><strong><em>τοις</em></strong></span> <span class='ocrx_word' id='word_1_313' title='bbox 878 1144 1098 1188; x_wconf 72' lang='grc' dir='ltr'><strong><em>νομοθέταις</em></strong></span> <span class='ocrx_word' id='word_1_314' title='bbox 1117 1141 1201 1188; x_wconf 80' lang='grc' dir='ltr'><strong><em>ἡμῖν</em></strong></span> <span class='ocrx_word' id='word_1_315' title='bbox 1222 1157 1314 1189; x_wconf 90' lang='grc' dir='ltr'><strong><em>παρ-</em></strong></span> 
     </span>
     <span class='ocr_line' id='line_1_41' title="bbox 241 1186 1316 1236; baseline 0.001 -14"><span class='ocrx_word' id='word_1_316' title='bbox 241 1188 264 1222; x_wconf 90' lang='grc'><strong>1</strong></span> <span class='ocrx_word' id='word_1_317' title='bbox 308 1190 437 1230; x_wconf 86' lang='grc' dir='ltr'><strong><em>έχουσα</em></strong></span> <span class='ocrx_word' id='word_1_318' title='bbox 459 1186 555 1236; x_wconf 75' lang='grc' dir='ltr'><strong><em>πρᾶγ</em></strong></span> <span class='ocrx_word' id='word_1_319' title='bbox 582 1202 664 1223; x_wconf 88' lang='grc' dir='ltr'><strong><em>ατα.</em></strong></span> <span class='ocrx_word' id='word_1_320' title='bbox 727 1186 871 1232; x_wconf 80' lang='grc' dir='ltr'><strong><em>’.Επειδὴ</em></strong></span> <span class='ocrx_word' id='word_1_321' title='bbox 894 1192 1018 1223; x_wconf 83' lang='grc' dir='ltr'><strong><em>τοίνυν</em></strong></span> <span class='ocrx_word' id='word_1_322' title='bbox 1044 1187 1234 1234; x_wconf 82' lang='grc' dir='ltr'><strong><em>βασιλείαν</em></strong></span> <span class='ocrx_word' id='word_1_323' title='bbox 1257 1187 1316 1223; x_wconf 83' lang='grc' dir='ltr'><strong>διὰ</strong></span> 
     </span>
     <span class='ocr_line' id='line_1_42' title="bbox 241 1203 1317 1282; baseline 0.002 -15"><span class='ocrx_word' id='word_1_324' title='bbox 241 1233 349 1267; x_wconf 77' lang='grc' dir='ltr'><strong><em>τοῦτο</em></strong></span> <span class='ocrx_word' id='word_1_325' title='bbox 371 1230 391 1268; x_wconf 81' lang='grc' dir='ltr'>ὁ</span> <span class='ocrx_word' id='word_1_326' title='bbox 415 1233 502 1268; x_wconf 84' lang='grc' dir='ltr'><strong><em>θεὸς</em></strong></span> <span class='ocrx_word' id='word_1_327' title='bbox 525 1203 580 1274; x_wconf 66' lang='grc' dir='ltr'><em>έέ</em></span> <span class='ocrx_word' id='word_1_328' title='bbox 587 1232 740 1282; x_wconf 75' lang='grc' dir='ltr'><strong><em>οὐρανοῦ</em></strong></span> <span class='ocrx_word' id='word_1_329' title='bbox 764 1233 937 1278; x_wconf 75' lang='grc' dir='ltr'><strong><em>καθῆκεν,</em></strong></span> <span class='ocrx_word' id='word_1_330' title='bbox 961 1234 1023 1269; x_wconf 84' lang='grc' dir='ltr'><strong>ἵνα</strong></span> <span class='ocrx_word' id='word_1_331' title='bbox 1045 1238 1119 1272; x_wconf 87' lang='grc' dir='ltr'><strong><em>τοῖς</em></strong></span> <span class='ocrx_word' id='word_1_332' title='bbox 1142 1232 1317 1270; x_wconf 82' lang='grc' dir='ltr'><strong><em>δυςκόλοις</em></strong></span> 
     </span>
     <span class='ocr_line' id='line_1_43' title="bbox 242 1277 1316 1334; baseline 0.003 -22"><span class='ocrx_word' id='word_1_333' title='bbox 242 1278 432 1333; x_wconf 67' lang='grc' dir='ltr'><strong><em>ἐπιτίθησι</em></strong></span> <span class='ocrx_word' id='word_1_334' title='bbox 454 1278 502 1333; x_wconf 63' lang='grc' dir='ltr'><strong>τα</strong></span> <span class='ocrx_word' id='word_1_335' title='bbox 523 1277 613 1325; x_wconf 74' lang='grc' dir='ltr'><strong><em>παρ’</em></strong></span> <span class='ocrx_word' id='word_1_336' title='bbox 636 1280 762 1324; x_wconf 76' lang='grc' dir='ltr'><strong><em>ἑαυτῆς</em></strong></span> <span class='ocrx_word' id='word_1_337' title='bbox 784 1277 911 1327; x_wconf 81' lang='grc' dir='ltr'><strong><em>ἀγαθὰ</em></strong></span> <span class='ocrx_word' id='word_1_338' title='bbox 933 1282 994 1314; x_wconf 80' lang='grc' dir='ltr'><strong>καὶ</strong></span> <span class='ocrx_word' id='word_1_339' title='bbox 1017 1279 1097 1315; x_wconf 85' lang='grc' dir='ltr'><strong><em>τοὺς</em></strong></span> <span class='ocrx_word' id='word_1_340' title='bbox 1114 1280 1243 1334; x_wconf 70' lang='grc' dir='ltr'><strong><em>νόμους</em></strong></span> <span class='ocrx_word' id='word_1_341' title='bbox 1258 1277 1316 1328; x_wconf 81' lang='grc' dir='ltr'><strong><em>ἆρ-</em></strong></span> 
     </span>
    </p>
   </div>
   <div class='ocr_carea' id='block_1_14' title="bbox 1382 1189 2461 1326">
    <p class='ocr_par' dir='ltr' id='par_1_14' title="bbox 1382 1189 2461 1326">
     <span class='ocr_line' id='line_1_44' title="bbox 1382 1189 2460 1243; baseline -0.001 -17"><span class='ocrx_word' id='word_1_342' title='bbox 1382 1192 1404 1226; x_wconf 90' lang='grc'><strong>1</strong></span> <span class='ocrx_word' id='word_1_343' title='bbox 1450 1189 1551 1242; x_wconf 44' lang='grc' dir='ltr'><strong><em>Ωᾳία.</em></strong></span> <span class='ocrx_word' id='word_1_344' title='bbox 1574 1189 1680 1234; x_wconf 85' lang='lat' dir='ltr'><strong>igitur</strong></span> <span class='ocrx_word' id='word_1_345' title='bbox 1710 1189 1898 1243; x_wconf 74' lang='lat' dir='ltr'><strong>imperium</strong></span> <span class='ocrx_word' id='word_1_346' title='bbox 1931 1194 2124 1243; x_wconf 85' lang='lat' dir='ltr'><strong>propterea</strong></span> <span class='ocrx_word' id='word_1_347' title='bbox 2159 1190 2247 1225; x_wconf 89' lang='lat' dir='ltr'><strong>deus</strong></span> <span class='ocrx_word' id='word_1_348' title='bbox 2283 1189 2327 1225; x_wconf 91' lang='lat' dir='ltr'><strong>de</strong></span> <span class='ocrx_word' id='word_1_349' title='bbox 2360 1190 2460 1225; x_wconf 90' lang='lat' dir='ltr'><strong>caelo</strong></span> 
     </span>
     <span class='ocr_line' id='line_1_45' title="bbox 1385 1234 2461 1281; baseline -0.002 -10"><span class='ocrx_word' id='word_1_350' title='bbox 1385 1237 1587 1278; x_wconf 77' lang='lat' dir='ltr'><strong>constituit,</strong></span> <span class='ocrx_word' id='word_1_351' title='bbox 1624 1238 1665 1270; x_wconf 93' lang='lat' dir='ltr'><strong>ut</strong></span> <span class='ocrx_word' id='word_1_352' title='bbox 1697 1234 1902 1271; x_wconf 76' lang='lat' dir='ltr'><strong>difficilibus</strong></span> <span class='ocrx_word' id='word_1_353' title='bbox 1933 1239 2093 1281; x_wconf 82' lang='lat' dir='ltr'><strong>imponat</strong></span> <span class='ocrx_word' id='word_1_354' title='bbox 2129 1246 2221 1281; x_wconf 88' lang='lat' dir='ltr'><strong>quae</strong></span> <span class='ocrx_word' id='word_1_355' title='bbox 2251 1235 2348 1281; x_wconf 89' lang='lat' dir='ltr'><strong>apud</strong></span> <span class='ocrx_word' id='word_1_356' title='bbox 2380 1245 2461 1270; x_wconf 91' lang='lat' dir='ltr'><strong>eum</strong></span> 
     </span>
     <span class='ocr_line' id='line_1_46' title="bbox 1385 1279 2461 1326; baseline 0 -10"><span class='ocrx_word' id='word_1_357' title='bbox 1385 1281 1587 1317; x_wconf 81' lang='lat' dir='ltr'><strong>sunt&#39;bona</strong></span> <span class='ocrx_word' id='word_1_358' title='bbox 1610 1283 1646 1315; x_wconf 87' lang='lat' dir='ltr'><strong>et</strong></span> <span class='ocrx_word' id='word_1_359' title='bbox 1667 1279 1763 1325; x_wconf 87' lang='lat' dir='ltr'><strong>leges</strong></span> <span class='ocrx_word' id='word_1_360' title='bbox 1787 1284 1886 1326; x_wconf 87' lang='lat' dir='ltr'><strong>aptet</strong></span> <span class='ocrx_word' id='word_1_361' title='bbox 1916 1280 2111 1316; x_wconf 89' lang='lat' dir='ltr'><strong>secundum</strong></span> <span class='ocrx_word' id='word_1_362' title='bbox 2138 1285 2288 1316; x_wconf 90' lang='lat' dir='ltr'><strong>naturae</strong></span> <span class='ocrx_word' id='word_1_363' title='bbox 2311 1281 2461 1316; x_wconf 86' lang='lat' dir='ltr'><strong>varieta-</strong></span> 
     </span>
    </p>
   </div>
   <div class='ocr_carea' id='block_1_15' title="bbox 241 1322 2511 1379">
    <p class='ocr_par' dir='ltr' id='par_1_15' title="bbox 241 1322 2511 1379">
     <span class='ocr_line' id='line_1_47' title="bbox 241 1322 2511 1379; baseline 0.001 -22"><span class='ocrx_word' id='word_1_364' title='bbox 241 1322 333 1371; x_wconf 82' lang='grc' dir='ltr'><strong><em>μόζῃ</em></strong></span> <span class='ocrx_word' id='word_1_365' title='bbox 349 1336 439 1378; x_wconf 74' lang='grc' dir='ltr'><strong><em>προς</em></strong></span> <span class='ocrx_word' id='word_1_366' title='bbox 458 1337 526 1369; x_wconf 85' lang='grc' dir='ltr'><strong>την</strong></span> <span class='ocrx_word' id='word_1_367' title='bbox 541 1326 603 1369; x_wconf 87' lang='grc' dir='ltr'><strong>τῆς</strong></span> <span class='ocrx_word' id='word_1_368' title='bbox 618 1324 759 1379; x_wconf 72' lang='grc' dir='ltr'><strong><em>φύσεως</em></strong></span> <span class='ocrx_word' id='word_1_369' title='bbox 774 1324 967 1368; x_wconf 79' lang='grc' dir='ltr'><strong><em>ποικιλίαν,</em></strong></span> <span class='ocrx_word' id='word_1_370' title='bbox 990 1323 1051 1360; x_wconf 83' lang='grc' dir='ltr'><strong>διὰ</strong></span> <span class='ocrx_word' id='word_1_371' title='bbox 1068 1339 1175 1361; x_wconf 86' lang='grc' dir='ltr'><strong><em>τουτο</em></strong></span> <span class='ocrx_word' id='word_1_372' title='bbox 1211 1323 1314 1379; x_wconf 59' lang='grc' dir='ltr'><strong><em>ἠθη-</em></strong></span> <span class='ocrx_word' id='word_1_373' title='bbox 1331 1328 1372 1361; x_wconf 82' lang='lat'><strong>25</strong></span> <span class='ocrx_word' id='word_1_374' title='bbox 1385 1328 1474 1370; x_wconf 87' lang='lat' dir='ltr'><strong>tem,</strong></span> <span class='ocrx_word' id='word_1_375' title='bbox 1500 1330 1694 1371; x_wconf 85' lang='lat' dir='ltr'><strong>propterea</strong></span> <span class='ocrx_word' id='word_1_376' title='bbox 1716 1325 1980 1362; x_wconf 77' lang='lat' dir='ltr'><strong>aestimavimus</strong></span> <span class='ocrx_word' id='word_1_377' title='bbox 2005 1329 2170 1372; x_wconf 87' lang='lat' dir='ltr'><strong>oportere</strong></span> <span class='ocrx_word' id='word_1_378' title='bbox 2194 1330 2230 1361; x_wconf 90' lang='lat' dir='ltr'><strong>et</strong></span> <span class='ocrx_word' id='word_1_379' title='bbox 2252 1326 2348 1361; x_wconf 83' lang='lat' dir='ltr'><strong>hanc</strong></span> <span class='ocrx_word' id='word_1_380' title='bbox 2372 1326 2461 1361; x_wconf 89' lang='lat' dir='ltr'><strong>scri·</strong></span> <span class='ocrx_word' id='word_1_381' title='bbox 2504 1352 2511 1360; x_wconf 95' lang='lat'><strong>.</strong></span> 
     </span>
    </p>
   </div>
   <div class='ocr_carea' id='block_1_16' title="bbox 241 1370 1317 1562">
    <p class='ocr_par' dir='ltr' id='par_1_16' title="bbox 241 1370 1317 1562">
     <span class='ocr_line' id='line_1_48' title="bbox 241 1370 1317 1418; baseline 0.002 -16"><span class='ocrx_word' id='word_1_382' title='bbox 241 1382 309 1412; x_wconf 82' lang='grc' dir='ltr'><strong>μεν</strong></span> <span class='ocrx_word' id='word_1_383' title='bbox 331 1383 460 1416; x_wconf 87' lang='grc' dir='ltr'><strong><em>χρηναι</em></strong></span> <span class='ocrx_word' id='word_1_384' title='bbox 478 1373 548 1404; x_wconf 65' lang='lat' dir='ltr'><strong>mai</strong></span> <span class='ocrx_word' id='word_1_385' title='bbox 571 1383 702 1406; x_wconf 85' lang='grc' dir='ltr'><strong><em>τουτον</em></strong></span> <span class='ocrx_word' id='word_1_386' title='bbox 723 1370 861 1418; x_wconf 81' lang='grc' dir='ltr'><strong><em>γράψαι</em></strong></span> <span class='ocrx_word' id='word_1_387' title='bbox 884 1371 951 1406; x_wconf 84' lang='grc' dir='ltr'><strong>τὸν</strong></span> <span class='ocrx_word' id='word_1_388' title='bbox 973 1370 1087 1416; x_wconf 86' lang='grc' dir='ltr'><strong><em>νόμον</em></strong></span> <span class='ocrx_word' id='word_1_389' title='bbox 1109 1374 1170 1406; x_wconf 84' lang='grc' dir='ltr'><strong>καὶ</strong></span> <span class='ocrx_word' id='word_1_390' title='bbox 1216 1384 1317 1406; x_wconf 88' lang='grc' dir='ltr'><strong><em>ουναι</em></strong></span> 
     </span>
     <span class='ocr_line' id='line_1_49' title="bbox 242 1413 1317 1464; baseline 0.002 -16"><span class='ocrx_word' id='word_1_391' title='bbox 242 1416 282 1448; x_wconf 84' lang='grc' dir='ltr'><strong>ἐν</strong></span> <span class='ocrx_word' id='word_1_392' title='bbox 304 1416 413 1459; x_wconf 76' lang='grc' dir='ltr'><strong><em>κοινῷ</em></strong></span> <span class='ocrx_word' id='word_1_393' title='bbox 437 1418 511 1450; x_wconf 82' lang='grc' dir='ltr'><strong><em>τοῖς</em></strong></span> <span class='ocrx_word' id='word_1_394' title='bbox 533 1413 701 1460; x_wconf 77' lang='grc' dir='ltr'><strong><em>ὑπηκόοις</em></strong></span> <span class='ocrx_word' id='word_1_395' title='bbox 728 1413 882 1451; x_wconf 82' lang='grc' dir='ltr'><strong><em>ὁπόσους</em></strong></span> <span class='ocrx_word' id='word_1_396' title='bbox 909 1413 996 1462; x_wconf 82' lang='grc' dir='ltr'><strong><em>ἡμῖν</em></strong></span> <span class='ocrx_word' id='word_1_397' title='bbox 1025 1413 1045 1451; x_wconf 87' lang='grc' dir='ltr'>ὁ</span> <span class='ocrx_word' id='word_1_398' title='bbox 1076 1415 1164 1452; x_wconf 82' lang='grc' dir='ltr'><strong><em>θεὸς</em></strong></span> <span class='ocrx_word' id='word_1_399' title='bbox 1192 1415 1317 1464; x_wconf 84' lang='grc' dir='ltr'><strong><em>πρότε-</em></strong></span> 
     </span>
     <span class='ocr_line' id='line_1_50' title="bbox 243 1458 1316 1509; baseline 0.001 -15"><span class='ocrx_word' id='word_1_400' title='bbox 243 1458 307 1505; x_wconf 90' lang='grc' dir='ltr'><strong>ρόν</strong></span> <span class='ocrx_word' id='word_1_401' title='bbox 326 1474 366 1495; x_wconf 84' lang='grc' dir='ltr'><strong>τε</strong></span> <span class='ocrx_word' id='word_1_402' title='bbox 384 1458 572 1507; x_wconf 78' lang='grc' dir='ltr'><strong><em>παρέδωκε</em></strong></span> <span class='ocrx_word' id='word_1_403' title='bbox 590 1465 650 1496; x_wconf 78' lang='grc' dir='ltr'><strong>καὶ</strong></span> <span class='ocrx_word' id='word_1_404' title='bbox 670 1460 764 1497; x_wconf 85' lang='grc' dir='ltr'><strong><em>κατὰ</em></strong></span> <span class='ocrx_word' id='word_1_405' title='bbox 779 1460 908 1508; x_wconf 85' lang='grc' dir='ltr'><strong><em>μικρὸν</em></strong></span> <span class='ocrx_word' id='word_1_406' title='bbox 926 1461 980 1496; x_wconf 78' lang='grc' dir='ltr'><strong><em>ἀεὶ</em></strong></span> <span class='ocrx_word' id='word_1_407' title='bbox 995 1462 1222 1509; x_wconf 85' lang='grc' dir='ltr'><strong><em>προςτίθησι.</em></strong></span> <span class='ocrx_word' id='word_1_408' title='bbox 1257 1464 1316 1497; x_wconf 83' lang='grc' dir='ltr'><strong>καὶ</strong></span> 
     </span>
     <span class='ocr_line' id='line_1_51' title="bbox 241 1503 1316 1562; baseline 0.004 -23"><span class='ocrx_word' id='word_1_409' title='bbox 241 1503 309 1552; x_wconf 82' lang='grc' dir='ltr'><strong><em>γάρ</em></strong></span> <span class='ocrx_word' id='word_1_410' title='bbox 330 1519 368 1540; x_wconf 90' lang='grc' dir='ltr'><strong>τι</strong></span> <span class='ocrx_word' id='word_1_411' title='bbox 390 1509 451 1541; x_wconf 81' lang='grc' dir='ltr'><strong>καὶ</strong></span> <span class='ocrx_word' id='word_1_412' title='bbox 482 1509 565 1554; x_wconf 76' lang='grc' dir='ltr'><strong><em>περὶ</em></strong></span> <span class='ocrx_word' id='word_1_413' title='bbox 596 1507 907 1555; x_wconf 78' lang='grc' dir='ltr'><strong><em>παρακαταθήκης</em></strong></span> <span class='ocrx_word' id='word_1_414' title='bbox 926 1509 977 1562; x_wconf 60' lang='lat' dir='ltr'><strong>jx</strong></span> <span class='ocrx_word' id='word_1_415' title='bbox 1005 1507 1231 1555; x_wconf 77' lang='grc' dir='ltr'><strong><em>γραμμάτων</em></strong></span> <span class='ocrx_word' id='word_1_416' title='bbox 1253 1506 1316 1552; x_wconf 84' lang='grc' dir='ltr'><strong>ἀμ·</strong></span> 
     </span>
    </p>
   </div>
   <div class='ocr_carea' id='block_1_17' title="bbox 1385 1371 2464 1549">
    <p class='ocr_par' dir='ltr' id='par_1_17' title="bbox 1385 1371 2464 1549">
     <span class='ocr_line' id='line_1_52' title="bbox 1385 1371 2462 1416; baseline -0.001 -9"><span class='ocrx_word' id='word_1_417' title='bbox 1385 1372 1471 1408; x_wconf 90' lang='lat' dir='ltr'><strong>bere</strong></span> <span class='ocrx_word' id='word_1_418' title='bbox 1494 1371 1717 1407; x_wconf 86' lang='lat' dir='ltr'><strong>sanctionem</strong></span> <span class='ocrx_word' id='word_1_419' title='bbox 1741 1374 1777 1407; x_wconf 92' lang='lat' dir='ltr'><strong>et</strong></span> <span class='ocrx_word' id='word_1_420' title='bbox 1801 1372 1887 1407; x_wconf 88' lang='lat' dir='ltr'><strong>dare</strong></span> <span class='ocrx_word' id='word_1_421' title='bbox 1909 1372 1946 1406; x_wconf 92' lang='lat' dir='ltr'><strong>in</strong></span> <span class='ocrx_word' id='word_1_422' title='bbox 1967 1381 2153 1408; x_wconf 90' lang='lat' dir='ltr'><strong>commune</strong></span> <span class='ocrx_word' id='word_1_423' title='bbox 2177 1371 2347 1407; x_wconf 90' lang='lat' dir='ltr'><strong>subiectis</strong></span> <span class='ocrx_word' id='word_1_424' title='bbox 2371 1381 2462 1416; x_wconf 88' lang='lat' dir='ltr'><strong>quos</strong></span> 
     </span>
     <span class='ocr_line' id='line_1_53' title="bbox 1386 1416 2463 1497; baseline -0.002 -44"><span class='ocrx_word' id='word_1_425' title='bbox 1386 1417 1489 1453; x_wconf 90' lang='lat' dir='ltr'><strong>nobis</strong></span> <span class='ocrx_word' id='word_1_426' title='bbox 1526 1417 1614 1453; x_wconf 90' lang='lat' dir='ltr'><strong>deus</strong></span> <span class='ocrx_word' id='word_1_427' title='bbox 1654 1420 1691 1452; x_wconf 89' lang='lat' dir='ltr'><strong>et</strong></span> <span class='ocrx_word' id='word_1_428' title='bbox 1725 1417 1823 1462; x_wconf 91' lang='lat' dir='ltr'><strong>prius</strong></span> <span class='ocrx_word' id='word_1_429' title='bbox 1862 1416 2008 1452; x_wconf 85' lang='lat' dir='ltr'><strong>tradidit</strong></span> <span class='ocrx_word' id='word_1_430' title='bbox 2046 1420 2082 1453; x_wconf 89' lang='lat' dir='ltr'><strong>et</strong></span> <span class='ocrx_word' id='word_1_431' title='bbox 2115 1417 2288 1462; x_wconf 88' lang='lat' dir='ltr'><strong>paulatim</strong></span> <span class='ocrx_word' id='word_1_432' title='bbox 2324 1427 2463 1497; x_wconf 46' lang='lat' dir='ltr'><strong>semper</strong></span> 
     </span>
     <span class='ocr_line' id='line_1_54' title="bbox 1387 1461 2462 1507; baseline -0.001 -10"><span class='ocrx_word' id='word_1_433' title='bbox 1387 1462 1527 1498; x_wconf 85' lang='lat' dir='ltr'><strong>adiciet.</strong></span> <span class='ocrx_word' id='word_1_434' title='bbox 1570 1462 1713 1497; x_wconf 88' lang='lat' dir='ltr'><strong>Etenim</strong></span> <span class='ocrx_word' id='word_1_435' title='bbox 1737 1462 1905 1507; x_wconf 90' lang='lat' dir='ltr'><strong>quiddam</strong></span> <span class='ocrx_word' id='word_1_436' title='bbox 1928 1461 1973 1498; x_wconf 92' lang='lat' dir='ltr'><strong>de</strong></span> <span class='ocrx_word' id='word_1_437' title='bbox 1991 1461 2035 1498; x_wconf 89' lang='lat' dir='ltr'><strong>de</strong></span> <span class='ocrx_word' id='word_1_438' title='bbox 2062 1462 2153 1498; x_wconf 89' lang='lat' dir='ltr'><strong>osito</strong></span> <span class='ocrx_word' id='word_1_439' title='bbox 2177 1462 2215 1497; x_wconf 88' lang='lat' dir='ltr'><strong>in</strong></span> <span class='ocrx_word' id='word_1_440' title='bbox 2238 1462 2372 1507; x_wconf 85' lang='lat' dir='ltr'><strong>scripto</strong></span> <span class='ocrx_word' id='word_1_441' title='bbox 2422 1472 2462 1496; x_wconf 91' lang='lat' dir='ltr'><strong>u-</strong></span> 
     </span>
     <span class='ocr_line' id='line_1_55' title="bbox 1387 1507 2464 1549; baseline -0.002 -6"><span class='ocrx_word' id='word_1_442' title='bbox 1387 1508 1538 1544; x_wconf 88' lang='lat' dir='ltr'><strong>bitatum</strong></span> <span class='ocrx_word' id='word_1_443' title='bbox 1561 1511 1597 1543; x_wconf 90' lang='lat' dir='ltr'><strong>et</strong></span> <span class='ocrx_word' id='word_1_444' title='bbox 1620 1507 1667 1543; x_wconf 87' lang='lat' dir='ltr'><strong>ad</strong></span> <span class='ocrx_word' id='word_1_445' title='bbox 1690 1508 1953 1544; x_wconf 88' lang='lat' dir='ltr'><strong>contentionem</strong></span> <span class='ocrx_word' id='word_1_446' title='bbox 1977 1507 2020 1543; x_wconf 90' lang='lat' dir='ltr'><strong>de</strong></span> <span class='ocrx_word' id='word_1_447' title='bbox 2045 1510 2167 1544; x_wconf 92' lang='lat' dir='ltr'><strong>uctum</strong></span> <span class='ocrx_word' id='word_1_448' title='bbox 2189 1507 2401 1549; x_wconf 84' lang='lat' dir='ltr'><strong>invenimus,</strong></span> <span class='ocrx_word' id='word_1_449' title='bbox 2429 1510 2464 1542; x_wconf 89' lang='lat' dir='ltr'><strong>et</strong></span> 
     </span>
    </p>
   </div>
   <div class='ocr_carea' id='block_1_18' title="bbox 242 1551 2463 1606">
    <p class='ocr_par' dir='ltr' id='par_1_18' title="bbox 242 1551 2463 1606">
     <span class='ocr_line' id='line_1_56' title="bbox 242 1551 2463 1606; baseline 0.001 -22"><span class='ocrx_word' id='word_1_450' title='bbox 242 1551 474 1606; x_wconf 57' lang='grc' dir='ltr'><strong><em>φισβητηθξν</em></strong></span> <span class='ocrx_word' id='word_1_451' title='bbox 503 1566 543 1587; x_wconf 78' lang='grc' dir='ltr'><strong>τι</strong></span> <span class='ocrx_word' id='word_1_452' title='bbox 573 1555 633 1587; x_wconf 81' lang='grc' dir='ltr'><strong>καὶ</strong></span> <span class='ocrx_word' id='word_1_453' title='bbox 656 1552 885 1588; x_wconf 76' lang='grc' dir='ltr'><strong><em>στασιασθὲν</em></strong></span> <span class='ocrx_word' id='word_1_454' title='bbox 905 1565 1064 1599; x_wconf 78' lang='grc' dir='ltr'><strong><em>ευρομεν,</em></strong></span> <span class='ocrx_word' id='word_1_455' title='bbox 1090 1556 1152 1587; x_wconf 76' lang='grc' dir='ltr'><strong>καὶ</strong></span> <span class='ocrx_word' id='word_1_456' title='bbox 1181 1551 1237 1588; x_wconf 77' lang='grc' dir='ltr'><strong>δεῖ</strong></span> <span class='ocrx_word' id='word_1_457' title='bbox 1257 1556 1318 1588; x_wconf 79' lang='grc' dir='ltr'><strong>καὶ</strong></span> <span class='ocrx_word' id='word_1_458' title='bbox 1331 1553 1373 1588; x_wconf 90' lang='grc'><strong>30</strong></span> <span class='ocrx_word' id='word_1_459' title='bbox 1387 1555 1530 1599; x_wconf 87' lang='lat' dir='ltr'><strong>oportet</strong></span> <span class='ocrx_word' id='word_1_460' title='bbox 1544 1553 1651 1589; x_wconf 88' lang='lat' dir='ltr'><strong>etiam</strong></span> <span class='ocrx_word' id='word_1_461' title='bbox 1667 1553 1794 1589; x_wconf 90' lang='lat' dir='ltr'><strong>horum</strong></span> <span class='ocrx_word' id='word_1_462' title='bbox 1811 1553 1954 1590; x_wconf 93' lang='lat' dir='ltr'><strong>omnino</strong></span> <span class='ocrx_word' id='word_1_463' title='bbox 1971 1553 2188 1599; x_wconf 88' lang='lat' dir='ltr'><strong>prospicere.</strong></span> <span class='ocrx_word' id='word_1_464' title='bbox 2229 1553 2354 1599; x_wconf 88' lang='lat' dir='ltr'><strong>Itaque</strong></span> <span class='ocrx_word' id='word_1_465' title='bbox 2377 1552 2463 1589; x_wconf 88' lang='lat' dir='ltr'><strong>ilico</strong></span> 
     </span>
    </p>
   </div>
   <div class='ocr_carea' id='block_1_19' title="bbox 241 1597 1318 1691">
    <p class='ocr_par' dir='ltr' id='par_1_19' title="bbox 241 1597 1318 1691">
     <span class='ocr_line' id='line_1_57' title="bbox 242 1597 1318 1650; baseline 0.002 -19"><span class='ocrx_word' id='word_1_466' title='bbox 242 1608 383 1650; x_wconf 66' lang='grc' dir='ltr'><strong><em>τουτων</em></strong></span> <span class='ocrx_word' id='word_1_467' title='bbox 398 1609 522 1632; x_wconf 89' lang='grc' dir='ltr'><strong><em>πασαν</em></strong></span> <span class='ocrx_word' id='word_1_468' title='bbox 540 1597 767 1643; x_wconf 88' lang='grc' dir='ltr'><strong><em>ποιήσασθαι</em></strong></span> <span class='ocrx_word' id='word_1_469' title='bbox 783 1598 970 1644; x_wconf 86' lang='grc' dir='ltr'><strong><em>πρόνοιαν.</em></strong></span> <span class='ocrx_word' id='word_1_470' title='bbox 999 1600 1191 1646; x_wconf 79' lang='grc' dir='ltr'><strong><em>τοιγαροῦν</em></strong></span> <span class='ocrx_word' id='word_1_471' title='bbox 1207 1597 1318 1634; x_wconf 74' lang='grc' dir='ltr'><strong><em>εὖθὺς</em></strong></span> 
     </span>
     <span class='ocr_line' id='line_1_58' title="bbox 241 1641 991 1691; baseline 0.005 -15"><span class='ocrx_word' id='word_1_472' title='bbox 241 1644 327 1686; x_wconf 86' lang='grc' dir='ltr'><strong><em>ημῖν</em></strong></span> <span class='ocrx_word' id='word_1_473' title='bbox 349 1644 389 1677; x_wconf 75' lang='grc' dir='ltr'><strong>ἐκ</strong></span> <span class='ocrx_word' id='word_1_474' title='bbox 411 1644 472 1687; x_wconf 80' lang='grc' dir='ltr'><strong>τῆς</strong></span> <span class='ocrx_word' id='word_1_475' title='bbox 495 1643 806 1691; x_wconf 76' lang='grc' dir='ltr'><strong><em>παρακαταθήκης</em></strong></span> <span class='ocrx_word' id='word_1_476' title='bbox 828 1641 991 1690; x_wconf 75' lang='grc' dir='ltr'><strong><em>ἀρκτέον.</em></strong></span> 
     </span>
    </p>
   </div>
   <div class='ocr_carea' id='block_1_20' title="bbox 1387 1598 2080 1645">
    <p class='ocr_par' dir='ltr' id='par_1_20' title="bbox 1387 1598 2080 1645">
     <span class='ocr_line' id='line_1_59' title="bbox 1387 1598 2080 1645; baseline 0 -9"><span class='ocrx_word' id='word_1_477' title='bbox 1387 1599 1490 1637; x_wconf 91' lang='lat' dir='ltr'><strong>nobis</strong></span> <span class='ocrx_word' id='word_1_478' title='bbox 1514 1601 1573 1636; x_wconf 87' lang='lat' dir='ltr'><strong>est</strong></span> <span class='ocrx_word' id='word_1_479' title='bbox 1593 1609 1618 1634; x_wconf 90' lang='lat' dir='ltr'><strong>a</strong></span> <span class='ocrx_word' id='word_1_480' title='bbox 1639 1598 1802 1645; x_wconf 86' lang='lat' dir='ltr'><strong>deposito</strong></span> <span class='ocrx_word' id='word_1_481' title='bbox 1826 1598 2080 1636; x_wconf 79' lang='lat' dir='ltr'><strong>incohandum.</strong></span> 
     </span>
    </p>
   </div>
   <div class='ocr_carea' id='block_1_21' title="bbox 1250 1779 1463 1816">
    <p class='ocr_par' dir='ltr' id='par_1_21' title="bbox 1250 1779 1463 1816">
     <span class='ocr_line' id='line_1_60' title="bbox 1250 1779 1463 1816; baseline 0.005 -1"><span class='ocrx_word' id='word_1_482' title='bbox 1250 1779 1408 1816; x_wconf 84' lang='lat' dir='ltr'>CAPUT</span> <span class='ocrx_word' id='word_1_483' title='bbox 1433 1780 1463 1816; x_wconf 89' lang='lat'><strong>1.</strong></span> 
     </span>
    </p>
   </div>
   <div class='ocr_carea' id='block_1_22' title="bbox 289 1855 1321 1906">
    <p class='ocr_par' dir='ltr' id='par_1_22' title="bbox 289 1855 1321 1906">
     <span class='ocr_line' id='line_1_61' title="bbox 289 1855 1321 1906; baseline 0.002 -14"><span class='ocrx_word' id='word_1_484' title='bbox 289 1858 345 1892; x_wconf 67' lang='grc' dir='ltr'><strong>Εἴ</strong></span> <span class='ocrx_word' id='word_1_485' title='bbox 360 1869 414 1893; x_wconf 89' lang='grc' dir='ltr'><strong>τις</strong></span> <span class='ocrx_word' id='word_1_486' title='bbox 436 1862 562 1894; x_wconf 87' lang='grc' dir='ltr'><strong><em>τοίνυν</em></strong></span> <span class='ocrx_word' id='word_1_487' title='bbox 583 1855 755 1905; x_wconf 78' lang='grc' dir='ltr'><strong><em>ἀσφαλῶς</em></strong></span> <span class='ocrx_word' id='word_1_488' title='bbox 778 1858 1117 1906; x_wconf 76' lang='grc' dir='ltr'><strong><em>παρακαταθέσθαι</em></strong></span> <span class='ocrx_word' id='word_1_489' title='bbox 1142 1858 1321 1905; x_wconf 79' lang='grc' dir='ltr'><strong><em>βούλεται,</em></strong></span> 
     </span>
    </p>
   </div>
   <div class='ocr_carea' id='block_1_23' title="bbox 1434 1857 2465 1904">
    <p class='ocr_par' dir='ltr' id='par_1_23' title="bbox 1434 1857 2465 1904">
     <span class='ocr_line' id='line_1_62' title="bbox 1434 1857 2465 1904; baseline 0.001 -10"><span class='ocrx_word' id='word_1_490' title='bbox 1434 1858 1473 1894; x_wconf 86' lang='lat' dir='ltr'><strong>Si</strong></span> <span class='ocrx_word' id='word_1_491' title='bbox 1493 1858 1573 1904; x_wconf 86' lang='lat' dir='ltr'><strong>quis</strong></span> <span class='ocrx_word' id='word_1_492' title='bbox 1597 1857 1705 1903; x_wconf 82' lang='lat' dir='ltr'><strong>igitur</strong></span> <span class='ocrx_word' id='word_1_493' title='bbox 1727 1858 1804 1894; x_wconf 87' lang='lat' dir='ltr'><strong>vult</strong></span> <span class='ocrx_word' id='word_1_494' title='bbox 1827 1861 1932 1894; x_wconf 91' lang='lat' dir='ltr'><strong>caute</strong></span> <span class='ocrx_word' id='word_1_495' title='bbox 1955 1858 2143 1903; x_wconf 87' lang='lat' dir='ltr'><strong>deponere,</strong></span> <span class='ocrx_word' id='word_1_496' title='bbox 2167 1869 2240 1895; x_wconf 90' lang='lat' dir='ltr'><strong>non</strong></span> <span class='ocrx_word' id='word_1_497' title='bbox 2259 1859 2325 1894; x_wconf 90' lang='lat' dir='ltr'><strong>soli</strong></span> <span class='ocrx_word' id='word_1_498' title='bbox 2343 1859 2465 1895; x_wconf 89' lang='lat' dir='ltr'><strong>credat</strong></span> 
     </span>
    </p>
   </div>
   <div class='ocr_carea' id='block_1_24' title="bbox 242 1902 2465 2006">
    <p class='ocr_par' dir='ltr' id='par_1_24' title="bbox 242 1902 2465 2006">
     <span class='ocr_line' id='line_1_63' title="bbox 242 1902 2465 1960; baseline 0 -21"><span class='ocrx_word' id='word_1_499' title='bbox 242 1903 291 1948; x_wconf 85' lang='grc' dir='ltr'><strong>μὴ</strong></span> <span class='ocrx_word' id='word_1_500' title='bbox 303 1902 436 1958; x_wconf 44' lang='grc' dir='ltr'><strong><em>..μόνοις</em></strong></span> <span class='ocrx_word' id='word_1_501' title='bbox 458 1907 659 1958; x_wconf 69' lang='grc' dir='ltr'><strong><em>πιστευέτω</em></strong></span> <span class='ocrx_word' id='word_1_502' title='bbox 683 1907 756 1939; x_wconf 86' lang='grc' dir='ltr'><strong><em>τοῖς</em></strong></span> <span class='ocrx_word' id='word_1_503' title='bbox 778 1906 841 1940; x_wconf 77' lang='grc' dir='ltr'><strong>τοῦ</strong></span> <span class='ocrx_word' id='word_1_504' title='bbox 866 1903 1114 1950; x_wconf 81' lang='grc' dir='ltr'><strong><em>λαμβάνοντος</em></strong></span> <span class='ocrx_word' id='word_1_505' title='bbox 1135 1904 1321 1960; x_wconf 69' lang='grc' dir='ltr'><strong><em>γράμμασι</em></strong></span> <span class='ocrx_word' id='word_1_506' title='bbox 1389 1903 1598 1957; x_wconf 69' lang='lat' dir='ltr'><strong>accipientis</strong></span> <span class='ocrx_word' id='word_1_507' title='bbox 1618 1903 1818 1956; x_wconf 76' lang='lat' dir='ltr'><strong>scripturae</strong></span> <span class='ocrx_word' id='word_1_508' title='bbox 1841 1904 1926 1949; x_wconf 70' lang='lat' dir='ltr'><strong>(hoc,</strong></span> <span class='ocrx_word' id='word_1_509' title='bbox 1942 1904 2037 1949; x_wconf 89' lang='lat' dir='ltr'><strong>quod</strong></span> <span class='ocrx_word' id='word_1_510' title='bbox 2059 1905 2096 1939; x_wconf 91' lang='lat' dir='ltr'><strong>in</strong></span> <span class='ocrx_word' id='word_1_511' title='bbox 2115 1904 2254 1957; x_wconf 44' lang='lat' dir='ltr'><strong>iudicio·</strong></span> <span class='ocrx_word' id='word_1_512' title='bbox 2265 1905 2465 1957; x_wconf 74' lang='lat' dir='ltr'><strong>quaesitum</strong></span> 
     </span>
     <span class='ocr_line' id='line_1_64' title="bbox 242 1947 2465 2006; baseline 0 -22"><span class='ocrx_word' id='word_1_513' title='bbox 242 1954 363 2005; x_wconf 73' lang='grc' dir='ltr'><strong><em>(τουτο</em></strong></span> <span class='ocrx_word' id='word_1_514' title='bbox 387 1962 477 1995; x_wconf 83' lang='grc' dir='ltr'><strong><em>οπερ</em></strong></span> <span class='ocrx_word' id='word_1_515' title='bbox 505 1951 548 2005; x_wconf 51' lang='grc' dir='ltr'><strong>ἐν</strong></span> <span class='ocrx_word' id='word_1_516' title='bbox 578 1963 623 1998; x_wconf 80' lang='grc' dir='ltr'><strong>τῃ</strong></span> <span class='ocrx_word' id='word_1_517' title='bbox 648 1947 729 1999; x_wconf 78' lang='grc' dir='ltr'><strong><em>δίκῃ</em></strong></span> <span class='ocrx_word' id='word_1_518' title='bbox 756 1950 927 1994; x_wconf 79' lang='grc' dir='ltr'><strong><em>ζητηθέν,</em></strong></span> <span class='ocrx_word' id='word_1_519' title='bbox 958 1949 1152 2006; x_wconf 61' lang='grc' dir='ltr'><strong><em>ἑπειρήπερ</em></strong></span> <span class='ocrx_word' id='word_1_520' title='bbox 1178 1964 1219 1984; x_wconf 92' lang='grc' dir='ltr'><strong>ου</strong></span> <span class='ocrx_word' id='word_1_521' title='bbox 1240 1962 1321 1984; x_wconf 82' lang='grc' dir='ltr'><strong><em>συν·</em></strong></span> <span class='ocrx_word' id='word_1_522' title='bbox 1334 1951 1376 1985; x_wconf 87' lang='grc'><strong>35</strong></span> <span class='ocrx_word' id='word_1_523' title='bbox 1390 1954 1463 1994; x_wconf 86' lang='lat' dir='ltr'><strong>est;</strong></span> <span class='ocrx_word' id='word_1_524' title='bbox 1499 1959 1583 1994; x_wconf 86' lang='lat' dir='ltr'><strong>qma</strong></span> <span class='ocrx_word' id='word_1_525' title='bbox 1613 1959 1708 1984; x_wconf 77' lang='lat' dir='ltr'><strong>enlm</strong></span> <span class='ocrx_word' id='word_1_526' title='bbox 1737 1959 1809 1984; x_wconf 92' lang='lat' dir='ltr'><strong>non</strong></span> <span class='ocrx_word' id='word_1_527' title='bbox 1841 1949 2024 1993; x_wconf 84' lang='lat' dir='ltr'><strong>professus</strong></span> <span class='ocrx_word' id='word_1_528' title='bbox 2058 1954 2111 1985; x_wconf 86' lang='lat' dir='ltr'><strong>est</strong></span> <span class='ocrx_word' id='word_1_529' title='bbox 2134 1960 2165 1985; x_wconf 90' lang='lat' dir='ltr'><strong>1s</strong></span> <span class='ocrx_word' id='word_1_530' title='bbox 2197 1960 2257 1993; x_wconf 77' lang='lat' dir='ltr'><strong>qui</strong></span> <span class='ocrx_word' id='word_1_531' title='bbox 2280 1960 2465 1994; x_wconf 76' lang='lat' dir='ltr'><strong>scripslsse</strong></span> 
     </span>
    </p>
   </div>
   <div class='ocr_carea' id='block_1_25' title="bbox 244 1993 1321 2050">
    <p class='ocr_par' dir='ltr' id='par_1_25' title="bbox 244 1993 1321 2050">
     <span class='ocr_line' id='line_1_65' title="bbox 244 1993 1321 2050; baseline 0 -21"><span class='ocrx_word' id='word_1_532' title='bbox 244 1993 474 2050; x_wconf 69' lang='grc' dir='ltr'><strong><em>ωμολογησεν</em></strong></span> <span class='ocrx_word' id='word_1_533' title='bbox 496 2008 516 2030; x_wconf 90' lang='grc' dir='ltr'><strong>ο</strong></span> <span class='ocrx_word' id='word_1_534' title='bbox 539 1998 757 2042; x_wconf 75' lang='grc' dir='ltr'><strong><em>γεγραφέναι</em></strong></span> <span class='ocrx_word' id='word_1_535' title='bbox 788 1994 973 2042; x_wconf 78' lang='grc' dir='ltr'><strong><em>λεγόμενος</em></strong></span> <span class='ocrx_word' id='word_1_536' title='bbox 1003 2008 1112 2030; x_wconf 83' lang='grc' dir='ltr'><strong><em>αυτου</em></strong></span> <span class='ocrx_word' id='word_1_537' title='bbox 1142 1994 1321 2030; x_wconf 84' lang='grc' dir='ltr'><strong><em>καθεστά·</em></strong></span> 
     </span>
    </p>
   </div>
   <div class='ocr_carea' id='block_1_26' title="bbox 243 2039 1321 2135">
    <p class='ocr_par' dir='ltr' id='par_1_26' title="bbox 243 2039 1321 2135">
     <span class='ocr_line' id='line_1_66' title="bbox 243 2039 1321 2088; baseline -0.001 -13"><span class='ocrx_word' id='word_1_538' title='bbox 243 2054 306 2075; x_wconf 89' lang='grc' dir='ltr'><strong>ναι</strong></span> <span class='ocrx_word' id='word_1_539' title='bbox 328 2054 374 2076; x_wconf 92' lang='grc' dir='ltr'><strong>τα</strong></span> <span class='ocrx_word' id='word_1_540' title='bbox 395 2054 600 2088; x_wconf 83' lang='grc' dir='ltr'><strong><em>γραμματα,</em></strong></span> <span class='ocrx_word' id='word_1_541' title='bbox 624 2039 781 2088; x_wconf 81' lang='grc' dir='ltr'><strong><em>μεγάλην</em></strong></span> <span class='ocrx_word' id='word_1_542' title='bbox 805 2043 886 2085; x_wconf 76' lang='grc' dir='ltr'><strong><em>ἔσχε</em></strong></span> <span class='ocrx_word' id='word_1_543' title='bbox 907 2040 1079 2087; x_wconf 83' lang='grc' dir='ltr'><strong><em>ταραχήν,</em></strong></span> <span class='ocrx_word' id='word_1_544' title='bbox 1102 2043 1162 2075; x_wconf 82' lang='grc' dir='ltr'><strong>καὶ</strong></span> <span class='ocrx_word' id='word_1_545' title='bbox 1183 2040 1321 2088; x_wconf 81' lang='grc' dir='ltr'><strong><em>γράψαι</em></strong></span> 
     </span>
     <span class='ocr_line' id='line_1_67' title="bbox 244 2083 1321 2135; baseline -0.001 -15"><span class='ocrx_word' id='word_1_546' title='bbox 244 2088 348 2134; x_wconf 73' lang='grc' dir='ltr'><strong><em>ἕτερα</em></strong></span> <span class='ocrx_word' id='word_1_547' title='bbox 379 2087 773 2133; x_wconf 83' lang='grc' dir='ltr'><strong><em>καταναγκασθέντος,·</em></strong></span> <span class='ocrx_word' id='word_1_548' title='bbox 799 2083 891 2135; x_wconf 77' lang='grc' dir='ltr'><strong><em>ἅπερ</em></strong></span> <span class='ocrx_word' id='word_1_549' title='bbox 922 2085 1025 2127; x_wconf 71' lang='grc' dir='ltr'><strong><em>ἔδοξε</em></strong></span> <span class='ocrx_word' id='word_1_550' title='bbox 1048 2085 1232 2134; x_wconf 87' lang='grc' dir='ltr'><strong><em>παρόμοια</em></strong></span> <span class='ocrx_word' id='word_1_551' title='bbox 1254 2088 1321 2130; x_wconf 82' lang='grc' dir='ltr'><strong>μὲν</strong></span> 
     </span>
    </p>
   </div>
   <div class='ocr_carea' id='block_1_27' title="bbox 644 2162 1235 2165">
    <p class='ocr_par' dir='ltr' id='par_1_27' title="bbox 644 2162 1235 2165">
     <span class='ocr_line' id='line_1_68' title="bbox 644 2162 1235 2165; baseline 0 0"><span class='ocrx_word' id='word_1_552' title='bbox 644 2162 1235 2165; x_wconf 95' lang='lat' dir='ltr'><strong> </strong></span> 
     </span>
    </p>
   </div>
   <div class='ocr_carea' id='block_1_28' title="bbox 244 2197 926 2296">
    <p class='ocr_par' dir='ltr' id='par_1_28' title="bbox 244 2197 926 2296">
     <span class='ocr_line' id='line_1_69' title="bbox 244 2197 901 2251; baseline -0.002 -17"><span class='ocrx_word' id='word_1_553' title='bbox 244 2197 386 2251; x_wconf 71' lang='lat' dir='ltr'><strong>quidem</strong></span> <span class='ocrx_word' id='word_1_554' title='bbox 411 2197 629 2251; x_wconf 76' lang='lat' dir='ltr'><strong>temporibus</strong></span> <span class='ocrx_word' id='word_1_555' title='bbox 650 2201 813 2250; x_wconf 79' lang='lat' dir='ltr'><strong>sescenta</strong></span> <span class='ocrx_word' id='word_1_556' title='bbox 865 2243 872 2250; x_wconf 91' lang='lat'><strong>.</strong></span> <span class='ocrx_word' id='word_1_557' title='bbox 894 2243 901 2250; x_wconf 89' lang='lat'><strong>.</strong></span> 
     </span>
     <span class='ocr_line' id='line_1_70' title="bbox 244 2243 926 2296; baseline -0.003 -16"><span class='ocrx_word' id='word_1_558' title='bbox 244 2243 384 2296; x_wconf 70' lang='lat' dir='ltr'><strong>aliquid</strong></span> <span class='ocrx_word' id='word_1_559' title='bbox 404 2243 507 2279; x_wconf 82' lang='lat' dir='ltr'><strong>nobis</strong></span> <span class='ocrx_word' id='word_1_560' title='bbox 529 2254 579 2279; x_wconf 79' lang='lat' dir='ltr'><strong>ex</strong></span> <span class='ocrx_word' id='word_1_561' title='bbox 599 2244 770 2279; x_wconf 82' lang='lat' dir='ltr'><strong>Armenia</strong></span> <span class='ocrx_word' id='word_1_562' title='bbox 792 2247 926 2279; x_wconf 77' lang='lat' dir='ltr'><strong>extitit.</strong></span> 
     </span>
    </p>
   </div>
   <div class='ocr_carea' id='block_1_29' title="bbox 1388 1994 2465 2131">
    <p class='ocr_par' dir='ltr' id='par_1_29' title="bbox 1388 1994 2465 2131">
     <span class='ocr_line' id='line_1_71' title="bbox 1390 1994 2463 2039; baseline 0 -9"><span class='ocrx_word' id='word_1_563' title='bbox 1390 1994 1577 2030; x_wconf 89' lang='lat' dir='ltr'><strong>dicebatur</strong></span> <span class='ocrx_word' id='word_1_564' title='bbox 1600 2004 1702 2030; x_wconf 87' lang='lat' dir='ltr'><strong>suam</strong></span> <span class='ocrx_word' id='word_1_565' title='bbox 1725 2003 1804 2030; x_wconf 88' lang='lat' dir='ltr'><strong>esse</strong></span> <span class='ocrx_word' id='word_1_566' title='bbox 1822 1994 2048 2039; x_wconf 87' lang='lat' dir='ltr'><strong>scripturam,</strong></span> <span class='ocrx_word' id='word_1_567' title='bbox 2074 2005 2238 2038; x_wconf 88' lang='lat' dir='ltr'><strong>magnum</strong></span> <span class='ocrx_word' id='word_1_568' title='bbox 2261 1995 2388 2029; x_wconf 89' lang='lat' dir='ltr'><strong>habuit</strong></span> <span class='ocrx_word' id='word_1_569' title='bbox 2406 2005 2463 2030; x_wconf 90' lang='lat' dir='ltr'><strong>res</strong></span> 
     </span>
     <span class='ocr_line' id='line_1_72' title="bbox 1388 2039 2465 2085; baseline 0 -10"><span class='ocrx_word' id='word_1_570' title='bbox 1388 2041 1599 2081; x_wconf 88' lang='lat' dir='ltr'><strong>tumultum,</strong></span> <span class='ocrx_word' id='word_1_571' title='bbox 1633 2043 1669 2075; x_wconf 87' lang='lat' dir='ltr'><strong>et</strong></span> <span class='ocrx_word' id='word_1_572' title='bbox 1702 2039 1858 2075; x_wconf 87' lang='lat' dir='ltr'><strong>scribere</strong></span> <span class='ocrx_word' id='word_1_573' title='bbox 1888 2039 1959 2075; x_wconf 89' lang='lat' dir='ltr'><strong>alia</strong></span> <span class='ocrx_word' id='word_1_574' title='bbox 1991 2044 2137 2076; x_wconf 86' lang='lat' dir='ltr'><strong>coactus</strong></span> <span class='ocrx_word' id='word_1_575' title='bbox 2169 2043 2234 2082; x_wconf 88' lang='lat' dir='ltr'><strong>est,</strong></span> <span class='ocrx_word' id='word_1_576' title='bbox 2267 2049 2358 2085; x_wconf 86' lang='lat' dir='ltr'><strong>quae</strong></span> <span class='ocrx_word' id='word_1_577' title='bbox 2388 2041 2465 2075; x_wconf 84' lang='lat' dir='ltr'><strong>visa</strong></span> 
     </span>
     <span class='ocr_line' id='line_1_73' title="bbox 1389 2084 2464 2131; baseline -0.001 -10"><span class='ocrx_word' id='word_1_578' title='bbox 1389 2090 1474 2122; x_wconf 89' lang='lat' dir='ltr'><strong>sunt</strong></span> <span class='ocrx_word' id='word_1_579' title='bbox 1503 2084 1612 2120; x_wconf 88' lang='lat' dir='ltr'><strong>veluti</strong></span> <span class='ocrx_word' id='word_1_580' title='bbox 1642 2084 1771 2121; x_wconf 88' lang='lat' dir='ltr'><strong>similia</strong></span> <span class='ocrx_word' id='word_1_581' title='bbox 1806 2084 1965 2130; x_wconf 89' lang='lat' dir='ltr'><strong>quidem,</strong></span> <span class='ocrx_word' id='word_1_582' title='bbox 2000 2095 2072 2122; x_wconf 91' lang='lat' dir='ltr'><strong>non</strong></span> <span class='ocrx_word' id='word_1_583' title='bbox 2101 2088 2221 2121; x_wconf 86' lang='lat' dir='ltr'><strong>tamen</strong></span> <span class='ocrx_word' id='word_1_584' title='bbox 2251 2095 2315 2131; x_wconf 86' lang='lat' dir='ltr'><strong>per</strong></span> <span class='ocrx_word' id='word_1_585' title='bbox 2347 2086 2464 2120; x_wconf 90' lang='lat' dir='ltr'><strong>omnia</strong></span> 
     </span>
    </p>
   </div>
   <div class='ocr_carea' id='block_1_30' title="bbox 834 2195 2537 2289">
    <p class='ocr_par' dir='ltr' id='par_1_30' title="bbox 834 2195 2537 2289">
     <span class='ocr_line' id='line_1_74' title="bbox 834 2195 2537 2279; baseline 0.001 -46"><span class='ocrx_word' id='word_1_586' title='bbox 834 2198 936 2244; x_wconf 83' lang='lat' dir='ltr'><strong>falsa</strong></span> <span class='ocrx_word' id='word_1_587' title='bbox 956 2196 1296 2279; x_wconf 50' lang='lat' dir='ltr'><strong>dssrelzenderimus</strong></span> <span class='ocrx_word' id='word_1_588' title='bbox 1318 2196 1356 2232; x_wconf 89' lang='lat' dir='ltr'><strong>in</strong></span> <span class='ocrx_word' id='word_1_589' title='bbox 1376 2195 1498 2232; x_wconf 82' lang='lat' dir='ltr'><strong>litibus</strong></span> <span class='ocrx_word' id='word_1_590' title='bbox 1515 2196 1638 2232; x_wconf 84' lang='lat' dir='ltr'><strong>multis</strong></span> <span class='ocrx_word' id='word_1_591' title='bbox 1657 2206 1750 2242; x_wconf 83' lang='lat' dir='ltr'><strong>quas</strong></span> <span class='ocrx_word' id='word_1_592' title='bbox 1770 2195 1982 2239; x_wconf 84' lang='lat' dir='ltr'><strong>audivimus,</strong></span> <span class='ocrx_word' id='word_1_593' title='bbox 2007 2196 2079 2232; x_wconf 85' lang='lat' dir='ltr'><strong>iam</strong></span> <span class='ocrx_word' id='word_1_594' title='bbox 2091 2200 2242 2243; x_wconf 90' lang='lat' dir='ltr'><strong>praeter</strong></span> <span class='ocrx_word' id='word_1_595' title='bbox 2262 2197 2465 2243; x_wconf 79' lang='lat' dir='ltr'><strong>opinionem</strong></span> <span class='ocrx_word' id='word_1_596' title='bbox 2533 2223 2537 2227; x_wconf 60' lang='lat'><strong><em>‹</em></strong></span> 
     </span>
     <span class='ocr_line' id='line_1_75' title="bbox 1022 2241 2467 2289; baseline -0.001 -11"><span class='ocrx_word' id='word_1_597' title='bbox 1022 2243 1127 2278; x_wconf 59' lang='lat' dir='ltr'><strong>⁴olato</strong></span> <span class='ocrx_word' id='word_1_598' title='bbox 1151 2243 1244 2278; x_wconf 90' lang='lat' dir='ltr'><strong>enim</strong></span> <span class='ocrx_word' id='word_1_599' title='bbox 1263 2241 1541 2289; x_wconf 82' lang='lat' dir='ltr'><strong>permutationis</strong></span> <span class='ocrx_word' id='word_1_600' title='bbox 1564 2241 1802 2277; x_wconf 89' lang='lat' dir='ltr'><strong>instrumento</strong></span> <span class='ocrx_word' id='word_1_601' title='bbox 1834 2252 1914 2278; x_wconf 88' lang='lat' dir='ltr'><strong>eum</strong></span> <span class='ocrx_word' id='word_1_602' title='bbox 1937 2242 2139 2289; x_wconf 74' lang='lat' dir='ltr'><strong>scripturae</strong></span> <span class='ocrx_word' id='word_1_603' title='bbox 2161 2241 2350 2278; x_wconf 81' lang='lat' dir='ltr'><strong>dissimiles</strong></span> <span class='ocrx_word' id='word_1_604' title='bbox 2373 2243 2467 2279; x_wconf 87' lang='lat' dir='ltr'><strong>inter</strong></span> 
     </span>
    </p>
   </div>
   <div class='ocr_carea' id='block_1_31' title="bbox 241 2286 2505 2517">
    <p class='ocr_par' dir='ltr' id='par_1_31' title="bbox 241 2286 2505 2517">
     <span class='ocr_line' id='line_1_76' title="bbox 243 2286 2468 2336; baseline -0.001 -11"><span class='ocrx_word' id='word_1_605' title='bbox 243 2301 282 2326; x_wconf 88' lang='lat' dir='ltr'><strong>se</strong></span> <span class='ocrx_word' id='word_1_606' title='bbox 303 2288 485 2325; x_wconf 78' lang='lat' dir='ltr'><strong>iudicatae</strong></span> <span class='ocrx_word' id='word_1_607' title='bbox 507 2292 642 2332; x_wconf 86' lang='lat' dir='ltr'><strong>essent,</strong></span> <span class='ocrx_word' id='word_1_608' title='bbox 671 2289 802 2336; x_wconf 79' lang='lat' dir='ltr'><strong>postea</strong></span> <span class='ocrx_word' id='word_1_609' title='bbox 832 2288 1003 2335; x_wconf 83' lang='lat' dir='ltr'><strong>quoniam</strong></span> <span class='ocrx_word' id='word_1_610' title='bbox 1033 2288 1170 2324; x_wconf 84' lang='lat' dir='ltr'><strong>inventi</strong></span> <span class='ocrx_word' id='word_1_611' title='bbox 1197 2292 1284 2323; x_wconf 87' lang='lat' dir='ltr'><strong>sunt</strong></span> <span class='ocrx_word' id='word_1_612' title='bbox 1314 2288 1379 2334; x_wconf 85' lang='lat' dir='ltr'><strong>qui</strong></span> <span class='ocrx_word' id='word_1_613' title='bbox 1399 2287 1639 2323; x_wconf 88' lang='lat' dir='ltr'><strong>instrumento</strong></span> <span class='ocrx_word' id='word_1_614' title='bbox 1673 2291 1779 2323; x_wconf 88' lang='lat' dir='ltr'><strong>testes</strong></span> <span class='ocrx_word' id='word_1_615' title='bbox 1807 2286 1963 2322; x_wconf 78' lang='lat' dir='ltr'><strong>adhibiti</strong></span> <span class='ocrx_word' id='word_1_616' title='bbox 1989 2291 2096 2323; x_wconf 83' lang='lat' dir='ltr'><strong>erant</strong></span> <span class='ocrx_word' id='word_1_617' title='bbox 2122 2291 2158 2323; x_wconf 87' lang='lat' dir='ltr'><strong>et</strong></span> <span class='ocrx_word' id='word_1_618' title='bbox 2185 2287 2468 2334; x_wconf 82' lang='lat' dir='ltr'><strong>subscriptiones</strong></span> 
     </span>
     <span class='ocr_line' id='line_1_77' title="bbox 243 2332 2467 2385; baseline -0.001 -14"><span class='ocrx_word' id='word_1_619' title='bbox 243 2334 461 2371; x_wconf 80' lang='lat' dir='ltr'><strong>addiderant</strong></span> <span class='ocrx_word' id='word_1_620' title='bbox 483 2345 616 2381; x_wconf 87' lang='lat' dir='ltr'><strong>easque</strong></span> <span class='ocrx_word' id='word_1_621' title='bbox 638 2338 875 2381; x_wconf 78' lang='lat' dir='ltr'><strong>aqnoverunt,</strong></span> <span class='ocrx_word' id='word_1_622' title='bbox 901 2333 1011 2379; x_wconf 86' lang='lat' dir='ltr'><strong>fidem</strong></span> <span class='ocrx_word' id='word_1_623' title='bbox 1035 2334 1177 2383; x_wconf 88' lang='lat' dir='ltr'><strong>accepit</strong></span> <span class='ocrx_word' id='word_1_624' title='bbox 1199 2334 1492 2369; x_wconf 84' lang='lat' dir='ltr'><strong>instrumentum.-</strong></span> <span class='ocrx_word' id='word_1_625' title='bbox 1527 2336 1636 2379; x_wconf 84' lang='lat' dir='ltr'><strong>atque</strong></span> <span class='ocrx_word' id='word_1_626' title='bbox 1659 2332 1742 2368; x_wconf 89' lang='lat' dir='ltr'><strong>inde</strong></span> <span class='ocrx_word' id='word_1_627' title='bbox 1762 2336 1912 2385; x_wconf 88' lang='lat' dir='ltr'><strong>praeter</strong></span> <span class='ocrx_word' id='word_1_628' title='bbox 1936 2333 2142 2379; x_wconf 82' lang='lat' dir='ltr'><strong>opinionem</strong></span> <span class='ocrx_word' id='word_1_629' title='bbox 2165 2332 2316 2376; x_wconf 87' lang='lat' dir='ltr'><strong>accidit,</strong></span> <span class='ocrx_word' id='word_1_630' title='bbox 2347 2337 2388 2368; x_wconf 89' lang='lat' dir='ltr'><strong>ut</strong></span> <span class='ocrx_word' id='word_1_631' title='bbox 2411 2333 2467 2369; x_wconf 88' lang='lat' dir='ltr'><strong>lit-</strong></span> 
     </span>
     <span class='ocr_line' id='line_1_78' title="bbox 245 2377 2468 2427; baseline -0.001 -11"><span class='ocrx_word' id='word_1_632' title='bbox 245 2385 344 2418; x_wconf 87' lang='lat' dir='ltr'><strong>terae</strong></span> <span class='ocrx_word' id='word_1_633' title='bbox 366 2379 508 2427; x_wconf 82' lang='lat' dir='ltr'><strong>quidem</strong></span> <span class='ocrx_word' id='word_1_634' title='bbox 532 2382 695 2426; x_wconf 86' lang='lat' dir='ltr'><strong>quamvis</strong></span> <span class='ocrx_word' id='word_1_635' title='bbox 717 2379 912 2427; x_wconf 76' lang='lat' dir='ltr'><strong>diliqenter</strong></span> <span class='ocrx_word' id='word_1_636' title='bbox 930 2380 1163 2416; x_wconf 80' lang='lat' dir='ltr'><strong>examinatae</strong></span> <span class='ocrx_word' id='word_1_637' title='bbox 1184 2378 1259 2424; x_wconf 83' lang='lat' dir='ltr'><strong>fide</strong></span> <span class='ocrx_word' id='word_1_638' title='bbox 1282 2378 1429 2414; x_wconf 87' lang='lat' dir='ltr'><strong>destitui</strong></span> <span class='ocrx_word' id='word_1_639' title='bbox 1448 2378 1663 2420; x_wconf 85' lang='lat' dir='ltr'><strong>viderentur,</strong></span> <span class='ocrx_word' id='word_1_640' title='bbox 1689 2381 1831 2414; x_wconf 78' lang='lat' dir='ltr'><strong>testium</strong></span> <span class='ocrx_word' id='word_1_641' title='bbox 1855 2382 1973 2413; x_wconf 88' lang='lat' dir='ltr'><strong>autem</strong></span> <span class='ocrx_word' id='word_1_642' title='bbox 1997 2377 2094 2413; x_wconf 88' lang='lat' dir='ltr'><strong>dicta</strong></span> <span class='ocrx_word' id='word_1_643' title='bbox 2117 2389 2197 2414; x_wconf 89' lang='lat' dir='ltr'><strong>cum</strong></span> <span class='ocrx_word' id='word_1_644' title='bbox 2221 2378 2370 2416; x_wconf 81' lang='lat' dir='ltr'><strong>veritate</strong></span> <span class='ocrx_word' id='word_1_645' title='bbox 2384 2390 2468 2415; x_wconf 90' lang='lat' dir='ltr'><strong>eon-</strong></span> 
     </span>
     <span class='ocr_line' id='line_1_79' title="bbox 244 2422 2505 2472; baseline -0.001 -9"><span class='ocrx_word' id='word_1_646' title='bbox 244 2426 422 2468; x_wconf 79' lang='lat' dir='ltr'><strong>venirent,</strong></span> <span class='ocrx_word' id='word_1_647' title='bbox 454 2425 563 2472; x_wconf 84' lang='lat' dir='ltr'><strong>idque</strong></span> <span class='ocrx_word' id='word_1_648' title='bbox 585 2425 669 2461; x_wconf 83' lang='lat' dir='ltr'><strong>licet</strong></span> <span class='ocrx_word' id='word_1_649' title='bbox 689 2426 830 2461; x_wconf 86' lang='lat' dir='ltr'><strong>testium</strong></span> <span class='ocrx_word' id='word_1_650' title='bbox 850 2425 943 2471; x_wconf 81' lang='lat' dir='ltr'><strong>fides</strong></span> <span class='ocrx_word' id='word_1_651' title='bbox 964 2425 1083 2470; x_wconf 82' lang='lat' dir='ltr'><strong>ferme</strong></span> <span class='ocrx_word' id='word_1_652' title='bbox 1107 2424 1247 2460; x_wconf 82' lang='lat' dir='ltr'><strong>lubrica</strong></span> <span class='ocrx_word' id='word_1_653' title='bbox 1271 2435 1348 2460; x_wconf 89' lang='lat' dir='ltr'><strong>esse</strong></span> <span class='ocrx_word' id='word_1_654' title='bbox 1371 2423 1553 2459; x_wconf 85' lang='lat' dir='ltr'><strong>videatur.-</strong></span> <span class='ocrx_word' id='word_1_655' title='bbox 1601 2422 1770 2459; x_wconf 85' lang='lat' dir='ltr'><strong>Videmus</strong></span> <span class='ocrx_word' id='word_1_656' title='bbox 1794 2427 1912 2458; x_wconf 90' lang='lat' dir='ltr'><strong>tamen</strong></span> <span class='ocrx_word' id='word_1_657' title='bbox 1935 2427 2103 2458; x_wconf 88' lang='lat' dir='ltr'><strong>naturam</strong></span> <span class='ocrx_word' id='word_1_658' title='bbox 2125 2434 2235 2470; x_wconf 87' lang='lat' dir='ltr'><strong>saepe</strong></span> <span class='ocrx_word' id='word_1_659' title='bbox 2258 2424 2340 2470; x_wconf 87' lang='lat' dir='ltr'><strong>ipsa</strong></span> <span class='ocrx_word' id='word_1_660' title='bbox 2362 2434 2469 2471; x_wconf 75' lang='lat' dir='ltr'><strong>eqere</strong></span> <span class='ocrx_word' id='word_1_661' title='bbox 2482 2464 2505 2468; x_wconf 39' lang='grc'><strong>,-</strong></span> 
     </span>
     <span class='ocr_line' id='line_1_80' title="bbox 241 2468 2470 2517; baseline -0.001 -9"><span class='ocrx_word' id='word_1_662' title='bbox 241 2472 298 2508; x_wconf 88' lang='lat' dir='ltr'><strong>rei</strong></span> <span class='ocrx_word' id='word_1_663' title='bbox 314 2471 596 2513; x_wconf 81' lang='lat' dir='ltr'><strong>examinatione,</strong></span> <span class='ocrx_word' id='word_1_664' title='bbox 619 2470 795 2517; x_wconf 85' lang='lat' dir='ltr'><strong>siquidem</strong></span> <span class='ocrx_word' id='word_1_665' title='bbox 816 2470 1018 2506; x_wconf 89' lang='lat' dir='ltr'><strong>litterarum</strong></span> <span class='ocrx_word' id='word_1_666' title='bbox 1042 2469 1367 2506; x_wconf 86' lang='lat' dir='ltr'><strong>dissimilitudinem</strong></span> <span class='ocrx_word' id='word_1_667' title='bbox 1390 2473 1426 2505; x_wconf 92' lang='lat' dir='ltr'><strong>et</strong></span> <span class='ocrx_word' id='word_1_668' title='bbox 1445 2480 1555 2516; x_wconf 87' lang='lat' dir='ltr'><strong>saepe</strong></span> <span class='ocrx_word' id='word_1_669' title='bbox 1579 2472 1718 2514; x_wconf 85' lang='lat' dir='ltr'><strong>tempus</strong></span> <span class='ocrx_word' id='word_1_670' title='bbox 1741 2469 1859 2514; x_wconf 83' lang='lat' dir='ltr'><strong>efficit</strong></span> <span class='ocrx_word' id='word_1_671' title='bbox 1880 2471 2010 2514; x_wconf 87' lang='lat' dir='ltr'><strong>(neque</strong></span> <span class='ocrx_word' id='word_1_672' title='bbox 2027 2469 2122 2504; x_wconf 87' lang='lat' dir='ltr'><strong>enim</strong></span> <span class='ocrx_word' id='word_1_673' title='bbox 2141 2468 2262 2504; x_wconf 88' lang='lat' dir='ltr'><strong>itidem</strong></span> <span class='ocrx_word' id='word_1_674' title='bbox 2281 2469 2355 2505; x_wconf 86' lang='lat' dir='ltr'><strong>scri</strong></span> <span class='ocrx_word' id='word_1_675' title='bbox 2380 2469 2470 2506; x_wconf 89' lang='lat' dir='ltr'><strong>serit</strong></span> 
     </span>
    </p>
   </div>
   <div class='ocr_carea' id='block_1_32' title="bbox 244 2513 2290 2564">
    <p class='ocr_par' dir='ltr' id='par_1_32' title="bbox 244 2513 2290 2564">
     <span class='ocr_line' id='line_1_81' title="bbox 244 2513 2290 2564; baseline -0.001 -11"><span class='ocrx_word' id='word_1_676' title='bbox 244 2517 377 2564; x_wconf 84' lang='lat' dir='ltr'><strong>aliquis</strong></span> <span class='ocrx_word' id='word_1_677' title='bbox 401 2516 539 2552; x_wconf 86' lang='lat' dir='ltr'><strong>iuvenis</strong></span> <span class='ocrx_word' id='word_1_678' title='bbox 561 2520 598 2552; x_wconf 90' lang='lat' dir='ltr'><strong>et</strong></span> <span class='ocrx_word' id='word_1_679' title='bbox 619 2517 744 2562; x_wconf 75' lang='lat' dir='ltr'><strong>viqens</strong></span> <span class='ocrx_word' id='word_1_680' title='bbox 767 2527 811 2551; x_wconf 90' lang='lat' dir='ltr'><strong>ac</strong></span> <span class='ocrx_word' id='word_1_681' title='bbox 831 2526 945 2552; x_wconf 80' lang='lat' dir='ltr'><strong>senex</strong></span> <span class='ocrx_word' id='word_1_682' title='bbox 966 2516 1093 2562; x_wconf 82' lang='lat' dir='ltr'><strong>factus</strong></span> <span class='ocrx_word' id='word_1_683' title='bbox 1121 2519 1158 2551; x_wconf 87' lang='lat' dir='ltr'><strong>et</strong></span> <span class='ocrx_word' id='word_1_684' title='bbox 1182 2515 1284 2560; x_wconf 83' lang='lat' dir='ltr'><strong>forte</strong></span> <span class='ocrx_word' id='word_1_685' title='bbox 1306 2514 1414 2550; x_wconf 87' lang='lat' dir='ltr'><strong>etiam</strong></span> <span class='ocrx_word' id='word_1_686' title='bbox 1439 2514 1624 2558; x_wconf 86' lang='lat' dir='ltr'><strong>tremulus)</strong></span> <span class='ocrx_word' id='word_1_687' title='bbox 1655 2518 1688 2549; x_wconf 85' lang='lat' dir='ltr'><strong>ct</strong></span> <span class='ocrx_word' id='word_1_688' title='bbox 1719 2525 1829 2560; x_wconf 86' lang='lat' dir='ltr'><strong>saepe</strong></span> <span class='ocrx_word' id='word_1_689' title='bbox 1859 2513 1953 2549; x_wconf 89' lang='lat' dir='ltr'><strong>idem</strong></span> <span class='ocrx_word' id='word_1_690' title='bbox 1975 2513 2122 2549; x_wconf 84' lang='lat' dir='ltr'><strong>morbus</strong></span> <span class='ocrx_word' id='word_1_691' title='bbox 2141 2515 2290 2564; x_wconf 74' lang='lat' dir='ltr'><strong>efficiet.</strong></span> 
     </span>
    </p>
   </div>
   <div class='ocr_carea' id='block_1_33' title="bbox 2370 2526 2468 2550">
    <p class='ocr_par' dir='ltr' id='par_1_33' title="bbox 2370 2526 2468 2550">
     <span class='ocr_line' id='line_1_82' title="bbox 2370 2526 2468 2550; baseline 0 0"><span class='ocrx_word' id='word_1_692' title='bbox 2370 2526 2468 2550; x_wconf 70' lang='lat' dir='ltr'><strong>uam·</strong></span> 
     </span>
    </p>
   </div>
   <div class='ocr_carea' id='block_1_34' title="bbox 243 2558 2470 2686">
    <p class='ocr_par' dir='ltr' id='par_1_34' title="bbox 243 2558 2470 2686">
     <span class='ocr_line' id='line_1_83' title="bbox 243 2558 2468 2610; baseline -0.003 -11"><span class='ocrx_word' id='word_1_693' title='bbox 243 2573 353 2610; x_wconf 84' lang='lat' dir='ltr'><strong>quam</strong></span> <span class='ocrx_word' id='word_1_694' title='bbox 376 2561 465 2608; x_wconf 85' lang='lat' dir='ltr'><strong>quid</strong></span> <span class='ocrx_word' id='word_1_695' title='bbox 487 2561 577 2598; x_wconf 77' lang='lat' dir='ltr'><strong>baec</strong></span> <span class='ocrx_word' id='word_1_696' title='bbox 599 2561 761 2604; x_wconf 79' lang='lat' dir='ltr'><strong>dicimus,</strong></span> <span class='ocrx_word' id='word_1_697' title='bbox 792 2562 825 2596; x_wconf 89' lang='lat' dir='ltr'><strong>si</strong></span> <span class='ocrx_word' id='word_1_698' title='bbox 851 2561 968 2597; x_wconf 89' lang='lat' dir='ltr'><strong>uidem</strong></span> <span class='ocrx_word' id='word_1_699' title='bbox 991 2566 1027 2597; x_wconf 87' lang='lat' dir='ltr'><strong>et</strong></span> <span class='ocrx_word' id='word_1_700' title='bbox 1050 2560 1182 2596; x_wconf 86' lang='lat' dir='ltr'><strong>calami</strong></span> <span class='ocrx_word' id='word_1_701' title='bbox 1205 2565 1239 2596; x_wconf 91' lang='lat' dir='ltr'><strong>et</strong></span> <span class='ocrx_word' id='word_1_702' title='bbox 1262 2560 1458 2596; x_wconf 86' lang='lat' dir='ltr'><strong>atramenti</strong></span> <span class='ocrx_word' id='word_1_703' title='bbox 1479 2560 1629 2595; x_wconf 88' lang='lat' dir='ltr'><strong>mutatio</strong></span> <span class='ocrx_word' id='word_1_704' title='bbox 1647 2559 1841 2605; x_wconf 80' lang='lat' dir='ltr'><strong>perfectae</strong></span> <span class='ocrx_word' id='word_1_705' title='bbox 1864 2558 2110 2595; x_wconf 82' lang='lat' dir='ltr'><strong>similitudinis</strong></span> <span class='ocrx_word' id='word_1_706' title='bbox 2133 2563 2209 2595; x_wconf 76' lang='lat' dir='ltr'><strong>inte</strong></span> <span class='ocrx_word' id='word_1_707' title='bbox 2234 2559 2376 2594; x_wconf 88' lang='lat' dir='ltr'><strong>ritatem</strong></span> <span class='ocrx_word' id='word_1_708' title='bbox 2389 2559 2468 2595; x_wconf 92' lang='lat' dir='ltr'><strong>abs-</strong></span> 
     </span>
     <span class='ocr_line' id='line_1_84' title="bbox 246 2604 2470 2686; baseline -0.002 -41"><span class='ocrx_word' id='word_1_709' title='bbox 246 2609 354 2646; x_wconf 87' lang='lat' dir='ltr'><strong>tulit?</strong></span> <span class='ocrx_word' id='word_1_710' title='bbox 392 2618 507 2653; x_wconf 85' lang='lat' dir='ltr'><strong>neque</strong></span> <span class='ocrx_word' id='word_1_711' title='bbox 525 2607 641 2653; x_wconf 86' lang='lat' dir='ltr'><strong>facile</strong></span> <span class='ocrx_word' id='word_1_712' title='bbox 663 2606 798 2643; x_wconf 89' lang='lat' dir='ltr'><strong>dicere.</strong></span> <span class='ocrx_word' id='word_1_713' title='bbox 835 2607 979 2653; x_wconf 89' lang='lat' dir='ltr'><strong>einceps</strong></span> <span class='ocrx_word' id='word_1_714' title='bbox 995 2607 1194 2659; x_wconf 41' lang='lat' dir='ltr'><strong>possimus,-</strong></span> <span class='ocrx_word' id='word_1_715' title='bbox 1216 2616 1325 2652; x_wconf 89' lang='lat' dir='ltr'><strong>quam</strong></span> <span class='ocrx_word' id='word_1_716' title='bbox 1348 2605 1462 2641; x_wconf 91' lang='lat' dir='ltr'><strong>multa</strong></span> <span class='ocrx_word' id='word_1_717' title='bbox 1486 2609 1621 2640; x_wconf 90' lang='lat' dir='ltr'><strong>natura</strong></span> <span class='ocrx_word' id='word_1_718' title='bbox 1645 2615 1739 2640; x_wconf 86' lang='lat' dir='ltr'><strong>nova</strong></span> <span class='ocrx_word' id='word_1_719' title='bbox 1730 2605 1935 2686; x_wconf 65' lang='lat' dir='ltr'><strong>dproferat</strong></span> <span class='ocrx_word' id='word_1_720' title='bbox 1956 2604 2177 2657; x_wconf 76' lang='lat' dir='ltr'><strong>qenerando,</strong></span> <span class='ocrx_word' id='word_1_721' title='bbox 2215 2604 2470 2650; x_wconf 78' lang='lat' dir='ltr'><strong>eqislatoribus</strong></span> 
     </span>
    </p>
   </div>
   <div class='ocr_carea' id='block_1_35' title="bbox 243 2651 839 2699">
    <p class='ocr_par' dir='ltr' id='par_1_35' title="bbox 243 2651 839 2699">
     <span class='ocr_line' id='line_1_85' title="bbox 243 2651 839 2699; baseline -0.005 -9"><span class='ocrx_word' id='word_1_722' title='bbox 243 2656 266 2690; x_wconf 92' lang='lat'>1</span> <span class='ocrx_word' id='word_1_723' title='bbox 317 2651 420 2689; x_wconf 86' lang='lat' dir='ltr'><strong>nobis</strong></span> <span class='ocrx_word' id='word_1_724' title='bbox 447 2652 597 2699; x_wconf 76' lang='lat' dir='ltr'><strong>neqotia</strong></span> <span class='ocrx_word' id='word_1_725' title='bbox 620 2651 839 2688; x_wconf 75' lang='lat' dir='ltr'><strong>exhibitura.</strong></span> 
     </span>
    </p>
   </div>
   <div class='ocr_carea' id='block_1_36' title="bbox 932 2649 1700 2703">
    <p class='ocr_par' dir='ltr' id='par_1_36' title="bbox 932 2649 1700 2703">
     <span class='ocr_line' id='line_1_86' title="bbox 932 2649 1700 2703; baseline -0.003 -16"><span class='ocrx_word' id='word_1_726' title='bbox 932 2651 1110 2696; x_wconf 80' lang='lat' dir='ltr'><strong>Quoniam</strong></span> <span class='ocrx_word' id='word_1_727' title='bbox 1140 2656 1255 2699; x_wconf 74' lang='lat' dir='ltr'><strong>iqztur</strong></span> <span class='ocrx_word' id='word_1_728' title='bbox 1284 2650 1472 2703; x_wconf 76' lang='lat' dir='ltr'><strong>imperium</strong></span> <span class='ocrx_word' id='word_1_729' title='bbox 1503 2649 1583 2686; x_wconf 88' lang='lat' dir='ltr'><strong>ideo</strong></span> <span class='ocrx_word' id='word_1_730' title='bbox 1612 2650 1700 2686; x_wconf 90' lang='lat' dir='ltr'><strong>deus</strong></span> 
     </span>
    </p>
   </div>
   <div class='ocr_carea' id='block_1_37' title="bbox 1799 2649 2471 2695">
    <p class='ocr_par' dir='ltr' id='par_1_37' title="bbox 1799 2649 2471 2695">
     <span class='ocr_line' id='line_1_87' title="bbox 1799 2649 2471 2695; baseline -0.001 -9"><span class='ocrx_word' id='word_1_731' title='bbox 1799 2650 1898 2686; x_wconf 87' lang='lat' dir='ltr'><strong>caelo</strong></span> <span class='ocrx_word' id='word_1_732' title='bbox 1921 2652 2034 2692; x_wconf 80' lang='lat' dir='ltr'><strong>misit,</strong></span> <span class='ocrx_word' id='word_1_733' title='bbox 2065 2653 2108 2685; x_wconf 83' lang='lat' dir='ltr'><strong>ut</strong></span> <span class='ocrx_word' id='word_1_734' title='bbox 2128 2649 2235 2685; x_wconf 84' lang='lat' dir='ltr'><strong>rebus</strong></span> <span class='ocrx_word' id='word_1_735' title='bbox 2257 2649 2471 2695; x_wconf 82' lang='lat' dir='ltr'><strong>difficilibus</strong></span> 
     </span>
    </p>
   </div>
   <div class='ocr_carea' id='block_1_38' title="bbox 243 2693 2469 2880">
    <p class='ocr_par' dir='ltr' id='par_1_38' title="bbox 243 2693 2469 2880">
     <span class='ocr_line' id='line_1_88' title="bbox 243 2693 2469 2744; baseline -0.002 -9"><span class='ocrx_word' id='word_1_736' title='bbox 243 2709 312 2735; x_wconf 89' lang='lat' dir='ltr'><strong>sua</strong></span> <span class='ocrx_word' id='word_1_737' title='bbox 343 2697 436 2733; x_wconf 85' lang='lat' dir='ltr'><strong>illud</strong></span> <span class='ocrx_word' id='word_1_738' title='bbox 466 2699 561 2734; x_wconf 87' lang='lat' dir='ltr'><strong>bona</strong></span> <span class='ocrx_word' id='word_1_739' title='bbox 590 2698 793 2744; x_wconf 87' lang='lat' dir='ltr'><strong>impertiret</strong></span> <span class='ocrx_word' id='word_1_740' title='bbox 822 2698 989 2744; x_wconf 78' lang='lat' dir='ltr'><strong>leqesque</strong></span> <span class='ocrx_word' id='word_1_741' title='bbox 1019 2697 1069 2732; x_wconf 92' lang='lat' dir='ltr'><strong>ad</strong></span> <span class='ocrx_word' id='word_1_742' title='bbox 1098 2701 1252 2733; x_wconf 89' lang='lat' dir='ltr'><strong>naturae</strong></span> <span class='ocrx_word' id='word_1_743' title='bbox 1283 2699 1493 2732; x_wconf 78' lang='lat' dir='ltr'><strong>varietatem</strong></span> <span class='ocrx_word' id='word_1_744' title='bbox 1525 2694 1827 2738; x_wconf 85' lang='lat' dir='ltr'><strong>accommodaret,</strong></span> <span class='ocrx_word' id='word_1_745' title='bbox 1866 2698 2065 2742; x_wconf 88' lang='lat' dir='ltr'><strong>propterea</strong></span> <span class='ocrx_word' id='word_1_746' title='bbox 2094 2695 2200 2730; x_wconf 87' lang='lat' dir='ltr'><strong>etiam</strong></span> <span class='ocrx_word' id='word_1_747' title='bbox 2231 2693 2326 2730; x_wconf 74' lang='lat' dir='ltr'><strong>lianc</strong></span> <span class='ocrx_word' id='word_1_748' title='bbox 2356 2695 2469 2741; x_wconf 76' lang='lat' dir='ltr'><strong>leqem</strong></span> 
     </span>
     <span class='ocr_line' id='line_1_89' title="bbox 243 2739 2469 2788; baseline -0.003 -8"><span class='ocrx_word' id='word_1_749' title='bbox 243 2743 470 2780; x_wconf 82' lang='lat' dir='ltr'><strong>scribendam</strong></span> <span class='ocrx_word' id='word_1_750' title='bbox 493 2743 665 2780; x_wconf 79' lang='lat' dir='ltr'><strong>duximus</strong></span> <span class='ocrx_word' id='word_1_751' title='bbox 688 2747 724 2779; x_wconf 85' lang='lat' dir='ltr'><strong>et</strong></span> <span class='ocrx_word' id='word_1_752' title='bbox 745 2743 785 2778; x_wconf 90' lang='lat' dir='ltr'><strong>in</strong></span> <span class='ocrx_word' id='word_1_753' title='bbox 803 2753 990 2779; x_wconf 87' lang='lat' dir='ltr'><strong>commune</strong></span> <span class='ocrx_word' id='word_1_754' title='bbox 1013 2742 1171 2778; x_wconf 89' lang='lat' dir='ltr'><strong>dandam</strong></span> <span class='ocrx_word' id='word_1_755' title='bbox 1195 2741 1365 2778; x_wconf 88' lang='lat' dir='ltr'><strong>subiectis</strong></span> <span class='ocrx_word' id='word_1_756' title='bbox 1387 2751 1631 2788; x_wconf 84' lang='lat' dir='ltr'><strong>quoscumque</strong></span> <span class='ocrx_word' id='word_1_757' title='bbox 1654 2740 1758 2776; x_wconf 88' lang='lat' dir='ltr'><strong>nobis</strong></span> <span class='ocrx_word' id='word_1_758' title='bbox 1781 2740 1869 2776; x_wconf 88' lang='lat' dir='ltr'><strong>deus</strong></span> <span class='ocrx_word' id='word_1_759' title='bbox 1891 2745 1927 2776; x_wconf 85' lang='lat' dir='ltr'><strong>et</strong></span> <span class='ocrx_word' id='word_1_760' title='bbox 1942 2740 2053 2787; x_wconf 84' lang='lat' dir='ltr'><strong>prius</strong></span> <span class='ocrx_word' id='word_1_761' title='bbox 2077 2739 2228 2775; x_wconf 85' lang='lat' dir='ltr'><strong>tradidit</strong></span> <span class='ocrx_word' id='word_1_762' title='bbox 2242 2743 2278 2775; x_wconf 88' lang='lat' dir='ltr'><strong>et</strong></span> <span class='ocrx_word' id='word_1_763' title='bbox 2287 2740 2469 2786; x_wconf 88' lang='lat' dir='ltr'><strong>paulatim</strong></span> 
     </span>
     <span class='ocr_line' id='line_1_90' title="bbox 243 2784 2469 2836; baseline -0.003 -10"><span class='ocrx_word' id='word_1_764' title='bbox 243 2800 384 2836; x_wconf 86' lang='lat' dir='ltr'><strong>semper</strong></span> <span class='ocrx_word' id='word_1_765' title='bbox 403 2787 525 2825; x_wconf 88' lang='lat' dir='ltr'><strong>adicit.</strong></span> <span class='ocrx_word' id='word_1_766' title='bbox 566 2787 669 2824; x_wconf 86' lang='lat' dir='ltr'><strong>&#39;Nam</strong></span> <span class='ocrx_word' id='word_1_767' title='bbox 691 2788 735 2824; x_wconf 89' lang='lat' dir='ltr'><strong>de</strong></span> <span class='ocrx_word' id='word_1_768' title='bbox 759 2788 923 2836; x_wconf 89' lang='lat' dir='ltr'><strong>deposito</strong></span> <span class='ocrx_word' id='word_1_769' title='bbox 948 2799 1093 2835; x_wconf 87' lang='lat' dir='ltr'><strong>quoque</strong></span> <span class='ocrx_word' id='word_1_770' title='bbox 1126 2787 1256 2823; x_wconf 89' lang='lat' dir='ltr'><strong>litteris</strong></span> <span class='ocrx_word' id='word_1_771' title='bbox 1287 2786 1465 2823; x_wconf 88' lang='lat' dir='ltr'><strong>celebrato</strong></span> <span class='ocrx_word' id='word_1_772' title='bbox 1497 2785 1658 2832; x_wconf 86' lang='lat' dir='ltr'><strong>aliquam</strong></span> <span class='ocrx_word' id='word_1_773' title='bbox 1681 2785 1940 2822; x_wconf 86' lang='lat' dir='ltr'><strong>dubitationem</strong></span> <span class='ocrx_word' id='word_1_774' title='bbox 1963 2789 2001 2821; x_wconf 88' lang='lat' dir='ltr'><strong>et</strong></span> <span class='ocrx_word' id='word_1_775' title='bbox 2021 2784 2315 2832; x_wconf 85' lang='lat' dir='ltr'><strong>disceptationem</strong></span> <span class='ocrx_word' id='word_1_776' title='bbox 2337 2789 2469 2821; x_wconf 89' lang='lat' dir='ltr'><strong>motam</strong></span> 
     </span>
     <span class='ocr_line' id='line_1_91' title="bbox 244 2829 2469 2880; baseline -0.002 -9"><span class='ocrx_word' id='word_1_777' title='bbox 244 2846 322 2872; x_wconf 82' lang='lat' dir='ltr'><strong>esse</strong></span> <span class='ocrx_word' id='word_1_778' title='bbox 342 2834 553 2878; x_wconf 83' lang='lat' dir='ltr'><strong>invenimus,</strong></span> <span class='ocrx_word' id='word_1_779' title='bbox 583 2839 627 2869; x_wconf 86' lang='lat' dir='ltr'><strong>ut</strong></span> <span class='ocrx_word' id='word_1_780' title='bbox 648 2833 706 2870; x_wconf 75' lang='lat' dir='ltr'><strong>nis</strong></span> <span class='ocrx_word' id='word_1_781' title='bbox 728 2844 872 2880; x_wconf 79' lang='lat' dir='ltr'><strong>quoque</strong></span> <span class='ocrx_word' id='word_1_782' title='bbox 894 2844 962 2870; x_wconf 89' lang='lat' dir='ltr'><strong>nos</strong></span> <span class='ocrx_word' id='word_1_783' title='bbox 993 2844 1132 2870; x_wconf 89' lang='lat' dir='ltr'><strong>omnem</strong></span> <span class='ocrx_word' id='word_1_784' title='bbox 1155 2843 1280 2868; x_wconf 89' lang='lat' dir='ltr'><strong>curam</strong></span> <span class='ocrx_word' id='word_1_785' title='bbox 1311 2831 1481 2868; x_wconf 78' lang='lat' dir='ltr'><strong>adhibere</strong></span> <span class='ocrx_word' id='word_1_786' title='bbox 1511 2834 1688 2878; x_wconf 89' lang='lat' dir='ltr'><strong>oporteat.</strong></span> <span class='ocrx_word' id='word_1_787' title='bbox 1736 2829 1868 2877; x_wconf 85' lang='lat' dir='ltr'><strong>Itaque</strong></span> <span class='ocrx_word' id='word_1_788' title='bbox 1897 2831 2019 2867; x_wconf 87' lang='lat' dir='ltr'><strong>statim</strong></span> <span class='ocrx_word' id='word_1_789' title='bbox 2048 2829 2151 2867; x_wconf 86' lang='lat' dir='ltr'><strong>nobis</strong></span> <span class='ocrx_word' id='word_1_790' title='bbox 2179 2841 2204 2866; x_wconf 87' lang='lat' dir='ltr'><strong>a</strong></span> <span class='ocrx_word' id='word_1_791' title='bbox 2227 2829 2392 2877; x_wconf 85' lang='lat' dir='ltr'><strong>deposito</strong></span> <span class='ocrx_word' id='word_1_792' title='bbox 2416 2831 2469 2866; x_wconf 88' lang='lat' dir='ltr'><strong>in-</strong></span> 
     </span>
    </p>
   </div>
   <div class='ocr_carea' id='block_1_39' title="bbox 244 2879 534 2928">
    <p class='ocr_par' dir='ltr' id='par_1_39' title="bbox 244 2879 534 2928">
     <span class='ocr_line' id='line_1_92' title="bbox 244 2879 534 2928; baseline -0.007 -11"><span class='ocrx_word' id='word_1_793' title='bbox 244 2879 448 2928; x_wconf 86' lang='lat' dir='ltr'><strong>cipiendum</strong></span> <span class='ocrx_word' id='word_1_794' title='bbox 470 2883 534 2916; x_wconf 88' lang='lat' dir='ltr'><strong>est.</strong></span> 
     </span>
    </p>
   </div>
   <div class='ocr_carea' id='block_1_40' title="bbox 378 2920 2472 2972">
    <p class='ocr_par' dir='ltr' id='par_1_40' title="bbox 378 2920 2472 2972">
     <span class='ocr_line' id='line_1_93' title="bbox 378 2920 2472 2972; baseline -0.002 -12"><span class='ocrx_word' id='word_1_795' title='bbox 378 2925 407 2960; x_wconf 93' lang='lat'><strong>1.</strong></span> <span class='ocrx_word' id='word_1_796' title='bbox 461 2923 504 2960; x_wconf 89' lang='lat' dir='ltr'><strong>Si</strong></span> <span class='ocrx_word' id='word_1_797' title='bbox 526 2925 609 2972; x_wconf 85' lang='lat' dir='ltr'><strong>quis</strong></span> <span class='ocrx_word' id='word_1_798' title='bbox 631 2925 747 2971; x_wconf 77' lang='lat' dir='ltr'><strong>iqitur</strong></span> <span class='ocrx_word' id='word_1_799' title='bbox 772 2928 849 2961; x_wconf 89' lang='lat' dir='ltr'><strong>tuto</strong></span> <span class='ocrx_word' id='word_1_800' title='bbox 874 2924 1054 2972; x_wconf 85' lang='lat' dir='ltr'><strong>deponere</strong></span> <span class='ocrx_word' id='word_1_801' title='bbox 1077 2924 1165 2967; x_wconf 85' lang='lat' dir='ltr'><strong>vult,</strong></span> <span class='ocrx_word' id='word_1_802' title='bbox 1197 2934 1271 2960; x_wconf 90' lang='lat' dir='ltr'><strong>non</strong></span> <span class='ocrx_word' id='word_1_803' title='bbox 1294 2923 1384 2959; x_wconf 88' lang='lat' dir='ltr'><strong>solis</strong></span> <span class='ocrx_word' id='word_1_804' title='bbox 1401 2922 1534 2958; x_wconf 84' lang='lat' dir='ltr'><strong>credat</strong></span> <span class='ocrx_word' id='word_1_805' title='bbox 1562 2921 1693 2957; x_wconf 75' lang='lat' dir='ltr'><strong>littem’s</strong></span> <span class='ocrx_word' id='word_1_806' title='bbox 1723 2922 1801 2957; x_wconf 84' lang='lat' dir='ltr'><strong>eius</strong></span> <span class='ocrx_word' id='word_1_807' title='bbox 1830 2921 1894 2968; x_wconf 80' lang='lat' dir='ltr'><strong>qui</strong></span> <span class='ocrx_word' id='word_1_808' title='bbox 1916 2920 2119 2972; x_wconf 80' lang='lat' dir='ltr'><strong>depositum</strong></span> <span class='ocrx_word' id='word_1_809' title='bbox 2141 2920 2276 2967; x_wconf 86' lang='lat' dir='ltr'><strong>accipit</strong></span> <span class='ocrx_word' id='word_1_810' title='bbox 2301 2920 2353 2963; x_wconf 89' lang='lat' dir='ltr'><strong>(id</strong></span> <span class='ocrx_word' id='word_1_811' title='bbox 2374 2920 2472 2968; x_wconf 83' lang='lat' dir='ltr'><strong>quod</strong></span> 
     </span>
    </p>
   </div>
   <div class='ocr_carea' id='block_1_41' title="bbox 240 2971 924 3065">
    <p class='ocr_par' dir='ltr' id='par_1_41' title="bbox 240 2971 924 3065">
     <span class='ocr_line' id='line_1_94' title="bbox 244 2971 869 3051; baseline -0.003 -44"><span class='ocrx_word' id='word_1_812' title='bbox 244 2972 283 3007; x_wconf 89' lang='lat' dir='ltr'><strong>in</strong></span> <span class='ocrx_word' id='word_1_813' title='bbox 307 2971 369 3007; x_wconf 89' lang='lat' dir='ltr'><strong>lite</strong></span> <span class='ocrx_word' id='word_1_814' title='bbox 392 2971 610 3017; x_wconf 84' lang='lat' dir='ltr'><strong>quaesitum,</strong></span> <span class='ocrx_word' id='word_1_815' title='bbox 643 2972 815 3016; x_wconf 84' lang='lat' dir='ltr'><strong>quoniam</strong></span> <span class='ocrx_word' id='word_1_816' title='bbox 842 2980 869 3051; x_wconf 64' lang='grc' dir='ltr'><em>ἕ</em></span> 
     </span>
     <span class='ocr_line' id='line_1_95' title="bbox 240 3015 924 3065; baseline -0.004 -11"><span class='ocrx_word' id='word_1_817' title='bbox 240 3017 432 3065; x_wconf 86' lang='lat' dir='ltr'><strong>praebuit.-</strong></span> <span class='ocrx_word' id='word_1_818' title='bbox 456 3020 497 3052; x_wconf 88' lang='lat' dir='ltr'><strong>ut</strong></span> <span class='ocrx_word' id='word_1_819' title='bbox 516 3021 551 3052; x_wconf 89' lang='lat' dir='ltr'><strong>et</strong></span> <span class='ocrx_word' id='word_1_820' title='bbox 569 3015 630 3052; x_wconf 87' lang='lat' dir='ltr'><strong>ille</strong></span> <span class='ocrx_word' id='word_1_821' title='bbox 654 3015 748 3051; x_wconf 89' lang='lat' dir='ltr'><strong>alias</strong></span> <span class='ocrx_word' id='word_1_822' title='bbox 767 3016 840 3051; x_wconf 88' lang='lat' dir='ltr'><strong>scri</strong></span> <span class='ocrx_word' id='word_1_823' title='bbox 864 3027 924 3051; x_wconf 90' lang='lat' dir='ltr'><strong>ere</strong></span> 
     </span>
    </p>
   </div>
   <div class='ocr_carea' id='block_1_42' title="bbox 326 3093 461 3098">
    <p class='ocr_par' dir='ltr' id='par_1_42' title="bbox 326 3093 461 3098">
     <span class='ocr_line' id='line_1_96' title="bbox 326 3093 461 3098; baseline 0 0"><span class='ocrx_word' id='word_1_824' title='bbox 326 3093 461 3098; x_wconf 95' lang='lat' dir='ltr'><strong> </strong></span> 
     </span>
    </p>
   </div>
   <div class='ocr_carea' id='block_1_43' title="bbox 246 3126 1329 3672">
    <p class='ocr_par' dir='ltr' id='par_1_43' title="bbox 246 3126 1329 3672">
     <span class='ocr_line' id='line_1_97' title="bbox 291 3126 1323 3206; baseline -0.004 -41"><span class='ocrx_word' id='word_1_825' title='bbox 291 3133 312 3167; x_wconf 84' lang='lat'><strong>3</strong></span> <span class='ocrx_word' id='word_1_826' title='bbox 333 3128 636 3176; x_wconf 87' lang='grc' dir='ltr'><strong><em>προκομισθείσης</em></strong></span> <span class='ocrx_word' id='word_1_827' title='bbox 655 3129 687 3161; x_wconf 93' lang='lat' dir='ltr'><em>L</em></span> <span class='ocrx_word' id='word_1_828' title='bbox 713 3127 725 3171; x_wconf 78' lang='grc' dir='ltr'><strong>ΙΙ</strong></span> <span class='ocrx_word' id='word_1_829' title='bbox 747 3130 767 3162; x_wconf 87' lang='grc'><strong>6</strong></span> <span class='ocrx_word' id='word_1_830' title='bbox 791 3130 850 3161; x_wconf 83' lang='grc' dir='ltr'><strong>καὶ</strong></span> <span class='ocrx_word' id='word_1_831' title='bbox 873 3126 1077 3206; x_wconf 58' lang='grc' dir='ltr'><strong><em>γράμέιατα]</em></strong></span> <span class='ocrx_word' id='word_1_832' title='bbox 1110 3130 1170 3160; x_wconf 77' lang='grc' dir='ltr'><strong>καὶ</strong></span> <span class='ocrx_word' id='word_1_833' title='bbox 1195 3140 1254 3161; x_wconf 90' lang='lat' dir='ltr'><strong>om.</strong></span> <span class='ocrx_word' id='word_1_834' title='bbox 1268 3139 1289 3165; x_wconf 77' lang='grc' dir='ltr'><strong>ς</strong></span> <span class='ocrx_word' id='word_1_835' title='bbox 1311 3126 1323 3171; x_wconf 86' lang='grc' dir='ltr'><strong>ΙΙ</strong></span> 
     </span>
     <span class='ocr_line' id='line_1_98' title="bbox 250 3169 1322 3218; baseline -0.007 -6"><span class='ocrx_word' id='word_1_836' title='bbox 250 3180 287 3212; x_wconf 92' lang='grc'><strong>11</strong></span> <span class='ocrx_word' id='word_1_837' title='bbox 314 3173 481 3218; x_wconf 82' lang='grc' dir='ltr'><strong><em>δοκούσης</em></strong></span> <span class='ocrx_word' id='word_1_838' title='bbox 496 3173 588 3208; x_wconf 79' lang='grc' dir='ltr'><strong><em>εἶναι</em></strong></span> <span class='ocrx_word' id='word_1_839' title='bbox 610 3193 655 3199; x_wconf 92' lang='grc'><strong>-</strong></span> <span class='ocrx_word' id='word_1_840' title='bbox 682 3174 720 3208; x_wconf 89' lang='grc'><strong>13</strong></span> <span class='ocrx_word' id='word_1_841' title='bbox 747 3171 933 3217; x_wconf 79' lang='grc' dir='ltr'><strong><em>δεομένην]</em></strong></span> <span class='ocrx_word' id='word_1_842' title='bbox 980 3170 1126 3215; x_wconf 85' lang='grc' dir='ltr'><strong><em>οκούσης</em></strong></span> <span class='ocrx_word' id='word_1_843' title='bbox 1148 3169 1170 3214; x_wconf 86' lang='grc' dir='ltr'>ἢ</span> <span class='ocrx_word' id='word_1_844' title='bbox 1194 3170 1322 3206; x_wconf 83' lang='grc' dir='ltr'><strong><em>πολλά-</em></strong></span> 
     </span>
     <span class='ocr_line' id='line_1_99' title="bbox 246 3214 1325 3266; baseline -0.006 -10"><span class='ocrx_word' id='word_1_845' title='bbox 246 3233 299 3256; x_wconf 79' lang='grc' dir='ltr'><strong>κις</strong></span> <span class='ocrx_word' id='word_1_846' title='bbox 321 3219 487 3266; x_wconf 72' lang='grc' dir='ltr'><strong><em>δεομένης</em></strong></span> <span class='ocrx_word' id='word_1_847' title='bbox 510 3221 542 3254; x_wconf 90' lang='lat' dir='ltr'><em>L</em></span> <span class='ocrx_word' id='word_1_848' title='bbox 569 3219 582 3263; x_wconf 84' lang='grc' dir='ltr'><strong>ΙΙ</strong></span> <span class='ocrx_word' id='word_1_849' title='bbox 613 3220 653 3254; x_wconf 89' lang='grc'>16</span> <span class='ocrx_word' id='word_1_850' title='bbox 676 3222 736 3252; x_wconf 83' lang='grc' dir='ltr'><strong>καὶ</strong></span> <span class='ocrx_word' id='word_1_851' title='bbox 761 3218 849 3252; x_wconf 80' lang='grc' dir='ltr'><strong><em>ἴσως</em></strong></span> <span class='ocrx_word' id='word_1_852' title='bbox 872 3221 932 3252; x_wconf 80' lang='grc' dir='ltr'><strong>καὶ</strong></span> <span class='ocrx_word' id='word_1_853' title='bbox 955 3219 999 3260; x_wconf 93' lang='lat' dir='ltr'><strong>L]</strong></span> <span class='ocrx_word' id='word_1_854' title='bbox 1037 3219 1095 3250; x_wconf 76' lang='grc' dir='ltr'><strong>καὶ</strong></span> <span class='ocrx_word' id='word_1_855' title='bbox 1123 3216 1211 3251; x_wconf 84' lang='grc' dir='ltr'><strong><em>ἴσως</em></strong></span> <span class='ocrx_word' id='word_1_856' title='bbox 1235 3214 1325 3254; x_wconf 77' lang='grc' dir='ltr'><strong>ΒΣς</strong></span> 
     </span>
     <span class='ocr_line' id='line_1_100' title="bbox 247 3262 1327 3353; baseline -0.006 -51"><span class='ocrx_word' id='word_1_857' title='bbox 247 3267 332 3302; x_wconf 78' lang='grc' dir='ltr'><strong><em>ἴσως</em></strong></span> <span class='ocrx_word' id='word_1_858' title='bbox 354 3269 414 3339; x_wconf 58' lang='lat' dir='ltr'><strong>uzal</strong></span> <span class='ocrx_word' id='word_1_859' title='bbox 431 3267 477 3344; x_wconf 59' lang='lat' dir='ltr'><strong>llll</strong></span> <span class='ocrx_word' id='word_1_860' title='bbox 489 3265 502 3307; x_wconf 84' lang='grc' dir='ltr'><strong>ΙΙ</strong></span> <span class='ocrx_word' id='word_1_861' title='bbox 519 3267 568 3317; x_wconf 48' lang='grc'><strong>17.</strong></span> <span class='ocrx_word' id='word_1_862' title='bbox 586 3262 881 3353; x_wconf 44' lang='lat' dir='ltr'><strong>Y3ff11gasseligz</strong></span> <span class='ocrx_word' id='word_1_863' title='bbox 896 3264 908 3308; x_wconf 76' lang='lat' dir='ltr'><strong>l}</strong></span> <span class='ocrx_word' id='word_1_864' title='bbox 923 3266 1041 3353; x_wconf 59' lang='grc' dir='ltr'><strong><em>κοιῑίτῙοᾷ</em></strong></span> <span class='ocrx_word' id='word_1_865' title='bbox 1062 3265 1102 3341; x_wconf 51' lang='lat' dir='ltr'><strong>{i</strong></span> <span class='ocrx_word' id='word_1_866' title='bbox 1115 3263 1235 3342; x_wconf 50' lang='grc' dir='ltr'><strong>ᾖξὲ)</strong></span> <span class='ocrx_word' id='word_1_867' title='bbox 1250 3265 1327 3353; x_wconf 62' lang='grc' dir='ltr'><strong><em>ιῗίῑι</em></strong></span> 
     </span>
     <span class='ocr_line' id='line_1_101' title="bbox 247 3313 1326 3399; baseline -0.005 -6"><span class='ocrx_word' id='word_1_868' title='bbox 247 3325 303 3393; x_wconf 61' lang='lat'><strong>{3⁴</strong></span> <span class='ocrx_word' id='word_1_869' title='bbox 315 3313 388 3391; x_wconf 58' lang='lat' dir='ltr'><strong>vlla</strong></span> <span class='ocrx_word' id='word_1_870' title='bbox 404 3324 462 3398; x_wconf 65' lang='grc' dir='ltr'><strong>ᾗῗ</strong></span> <span class='ocrx_word' id='word_1_871' title='bbox 485 3322 642 3390; x_wconf 64' lang='grc' dir='ltr'><strong><em>κῖῗυτοῑς</em></strong></span> <span class='ocrx_word' id='word_1_872' title='bbox 659 3352 752 3389; x_wconf 69' lang='lat'><strong>1:32</strong></span> <span class='ocrx_word' id='word_1_873' title='bbox 763 3356 807 3398; x_wconf 71' lang='grc' dir='ltr'><strong>(ε)</strong></span> <span class='ocrx_word' id='word_1_874' title='bbox 832 3356 844 3399; x_wconf 86' lang='grc' dir='ltr'><strong>ιι</strong></span> <span class='ocrx_word' id='word_1_875' title='bbox 872 3321 995 3390; x_wconf 55' lang='lat' dir='ltr'><strong>§iae</strong></span> <span class='ocrx_word' id='word_1_876' title='bbox 1014 3321 1121 3388; x_wconf 54' lang='lat' dir='ltr'><strong>1053ss</strong></span> <span class='ocrx_word' id='word_1_877' title='bbox 1138 3351 1326 3398; x_wconf 59' lang='grc' dir='ltr'><strong><em>βασιλειαν</em></strong></span> 
     </span>
     <span class='ocr_line' id='line_1_102' title="bbox 255 3398 1326 3443; baseline -0.004 -7"><span class='ocrx_word' id='word_1_878' title='bbox 255 3399 308 3435; x_wconf 81' lang='grc' dir='ltr'><strong>ΒΣ</strong></span> <span class='ocrx_word' id='word_1_879' title='bbox 325 3403 338 3441; x_wconf 90' lang='grc' dir='ltr'><strong>ΙΙ</strong></span> <span class='ocrx_word' id='word_1_880' title='bbox 356 3403 397 3436; x_wconf 87' lang='grc'><strong>23</strong></span> <span class='ocrx_word' id='word_1_881' title='bbox 411 3401 584 3443; x_wconf 82' lang='grc' dir='ltr'><strong><em>καθῆκεν]</em></strong></span> <span class='ocrx_word' id='word_1_882' title='bbox 597 3400 774 3434; x_wconf 87' lang='lat' dir='ltr'><strong>constituit</strong></span> <span class='ocrx_word' id='word_1_883' title='bbox 787 3401 821 3443; x_wconf 85' lang='lat' dir='ltr'><strong>(i.</strong></span> <span class='ocrx_word' id='word_1_884' title='bbox 836 3414 862 3434; x_wconf 85' lang='lat' dir='ltr'><strong>e.</strong></span> <span class='ocrx_word' id='word_1_885' title='bbox 875 3399 1113 3442; x_wconf 83' lang='grc' dir='ltr'><strong><em>καθέστηκεν)</em></strong></span> <span class='ocrx_word' id='word_1_886' title='bbox 1127 3411 1146 3436; x_wconf 79' lang='grc' dir='ltr'><strong>ς</strong></span> <span class='ocrx_word' id='word_1_887' title='bbox 1162 3398 1174 3443; x_wconf 85' lang='grc' dir='ltr'><strong>ΙΙ</strong></span> <span class='ocrx_word' id='word_1_888' title='bbox 1194 3401 1237 3434; x_wconf 82' lang='lat'><strong>24</strong></span> <span class='ocrx_word' id='word_1_889' title='bbox 1250 3399 1326 3434; x_wconf 71' lang='grc' dir='ltr'><strong><em>ἐπι·</em></strong></span> 
     </span>
     <span class='ocr_line' id='line_1_103' title="bbox 249 3442 1327 3494; baseline -0.002 -13"><span class='ocrx_word' id='word_1_890' title='bbox 249 3446 338 3493; x_wconf 85' lang='grc' dir='ltr'><strong><em>τιθῇ</em></strong></span> <span class='ocrx_word' id='word_1_891' title='bbox 355 3448 530 3482; x_wconf 77' lang='lat' dir='ltr'><strong>Heimbach</strong></span> <span class='ocrx_word' id='word_1_892' title='bbox 543 3448 597 3491; x_wconf 86' lang='lat' dir='ltr'><strong>(cf.</strong></span> <span class='ocrx_word' id='word_1_893' title='bbox 610 3454 714 3494; x_wconf 81' lang='lat' dir='ltr'><strong>tamen</strong></span> <span class='ocrx_word' id='word_1_894' title='bbox 727 3446 806 3488; x_wconf 85' lang='lat'><strong>365,</strong></span> <span class='ocrx_word' id='word_1_895' title='bbox 819 3448 849 3489; x_wconf 80' lang='grc'><strong>5)</strong></span> <span class='ocrx_word' id='word_1_896' title='bbox 867 3445 879 3490; x_wconf 93' lang='grc' dir='ltr'><strong>ΙΙ</strong></span> <span class='ocrx_word' id='word_1_897' title='bbox 896 3442 1044 3491; x_wconf 80' lang='grc' dir='ltr'><strong><em>ἁρμόζει</em></strong></span> <span class='ocrx_word' id='word_1_898' title='bbox 1059 3445 1109 3478; x_wconf 64' lang='lat' dir='ltr'><strong>La</strong></span> <span class='ocrx_word' id='word_1_899' title='bbox 1124 3446 1136 3488; x_wconf 93' lang='grc' dir='ltr'><strong>ΙΙ</strong></span> <span class='ocrx_word' id='word_1_900' title='bbox 1156 3446 1199 3479; x_wconf 84' lang='grc'><strong>29</strong></span> <span class='ocrx_word' id='word_1_901' title='bbox 1211 3455 1327 3489; x_wconf 83' lang='grc' dir='ltr'><strong><em>παρα·</em></strong></span> 
     </span>
     <span class='ocr_line' id='line_1_104' title="bbox 250 3486 1327 3537; baseline -0.001 -14"><span class='ocrx_word' id='word_1_902' title='bbox 250 3491 455 3534; x_wconf 83' lang='grc' dir='ltr'><strong><em>καταθήκης</em></strong></span> <span class='ocrx_word' id='word_1_903' title='bbox 474 3493 564 3534; x_wconf 89' lang='lat' dir='ltr'><strong>ML]</strong></span> <span class='ocrx_word' id='word_1_904' title='bbox 589 3503 783 3537; x_wconf 85' lang='grc' dir='ltr'><strong><em>παρακατα</em></strong></span> <span class='ocrx_word' id='word_1_905' title='bbox 826 3490 834 3501; x_wconf 83' lang='grc'><em>’</em></span> <span class='ocrx_word' id='word_1_906' title='bbox 880 3504 903 3524; x_wconf 94' lang='grc' dir='ltr'><strong>ν</strong></span> <span class='ocrx_word' id='word_1_907' title='bbox 921 3486 1111 3534; x_wconf 74' lang='grc' dir='ltr'><strong><em>υυ19.(ΒΣ)</em></strong></span> <span class='ocrx_word' id='word_1_908' title='bbox 1139 3489 1152 3533; x_wconf 80' lang='grc' dir='ltr'><strong>ΙΙ</strong></span> <span class='ocrx_word' id='word_1_909' title='bbox 1179 3491 1222 3526; x_wconf 85' lang='grc'><strong>31</strong></span> <span class='ocrx_word' id='word_1_910' title='bbox 1247 3489 1327 3524; x_wconf 86' lang='grc' dir='ltr'><strong>τοῦ-</strong></span> 
     </span>
     <span class='ocr_line' id='line_1_105' title="bbox 250 3533 1329 3581; baseline 0 -12"><span class='ocrx_word' id='word_1_911' title='bbox 250 3547 315 3569; x_wconf 91' lang='grc' dir='ltr'><strong>τον</strong></span> <span class='ocrx_word' id='word_1_912' title='bbox 338 3537 436 3570; x_wconf 86' lang='grc' dir='ltr'><strong>πᾶσα</strong></span> <span class='ocrx_word' id='word_1_913' title='bbox 456 3538 502 3570; x_wconf 85' lang='lat' dir='ltr'><strong>L¹</strong></span> <span class='ocrx_word' id='word_1_914' title='bbox 519 3538 532 3580; x_wconf 86' lang='grc' dir='ltr'><strong>ΙΙ</strong></span> <span class='ocrx_word' id='word_1_915' title='bbox 548 3534 635 3581; x_wconf 85' lang='grc' dir='ltr'><strong><em>ἡμῖν</em></strong></span> <span class='ocrx_word' id='word_1_916' title='bbox 650 3535 759 3571; x_wconf 77' lang='grc' dir='ltr'><strong><em>εὐθὺς</em></strong></span> <span class='ocrx_word' id='word_1_917' title='bbox 771 3537 803 3570; x_wconf 89' lang='lat' dir='ltr'><em>L</em></span> <span class='ocrx_word' id='word_1_918' title='bbox 850 3537 891 3571; x_wconf 88' lang='grc'><strong>33</strong></span> <span class='ocrx_word' id='word_1_919' title='bbox 916 3538 1041 3569; x_wconf 88' lang='grc' dir='ltr'><strong><em>τοίνυν</em></strong></span> <span class='ocrx_word' id='word_1_920' title='bbox 1065 3548 1123 3569; x_wconf 86' lang='lat' dir='ltr'><strong>om.</strong></span> <span class='ocrx_word' id='word_1_921' title='bbox 1138 3534 1174 3569; x_wconf 91' lang='lat' dir='ltr'><em>B</em></span> <span class='ocrx_word' id='word_1_922' title='bbox 1183 3536 1293 3580; x_wconf 83' lang='lat' dir='ltr'><strong>Epan.</strong></span> <span class='ocrx_word' id='word_1_923' title='bbox 1316 3533 1329 3578; x_wconf 76' lang='lat' dir='ltr'>ss</span> 
     </span>
     <span class='ocr_line' id='line_1_106' title="bbox 252 3579 1327 3637; baseline -0.001 -23"><span class='ocrx_word' id='word_1_924' title='bbox 252 3581 587 3625; x_wconf 83' lang='grc' dir='ltr'><strong><em>παρακαταθέσθαι</em></strong></span> <span class='ocrx_word' id='word_1_925' title='bbox 602 3579 772 3637; x_wconf 67' lang='grc' dir='ltr'><strong><em>ἂσφμλῶς</em></strong></span> <span class='ocrx_word' id='word_1_926' title='bbox 782 3579 949 3626; x_wconf 81' lang='grc' dir='ltr'><strong><em>βούλοιτο</em></strong></span> <span class='ocrx_word' id='word_1_927' title='bbox 961 3582 1070 3634; x_wconf 54' lang='lat' dir='ltr'><strong>E-&#39;pam</strong></span> <span class='ocrx_word' id='word_1_928' title='bbox 1089 3580 1101 3625; x_wconf 88' lang='grc' dir='ltr'><strong>ΙΙ</strong></span> <span class='ocrx_word' id='word_1_929' title='bbox 1119 3591 1327 3627; x_wconf 83' lang='grc' dir='ltr'><strong><em>παρακατα-</em></strong></span> 
     </span>
     <span class='ocr_line' id='line_1_107' title="bbox 251 3621 1328 3672; baseline 0.003 -15"><span class='ocrx_word' id='word_1_930' title='bbox 251 3623 431 3658; x_wconf 78' lang='grc' dir='ltr'><strong><em>τίθεσθαι</em></strong></span> <span class='ocrx_word' id='word_1_931' title='bbox 456 3626 506 3659; x_wconf 78' lang='lat' dir='ltr'><strong>B!</strong></span> <span class='ocrx_word' id='word_1_932' title='bbox 519 3627 538 3670; x_wconf 74' lang='grc'><strong>11</strong></span> <span class='ocrx_word' id='word_1_933' title='bbox 570 3629 614 3661; x_wconf 87' lang='grc'><strong>34</strong></span> <span class='ocrx_word' id='word_1_934' title='bbox 635 3639 749 3671; x_wconf 88' lang='grc' dir='ltr'><strong><em>μονον</em></strong></span> <span class='ocrx_word' id='word_1_935' title='bbox 770 3628 803 3661; x_wconf 89' lang='lat' dir='ltr'><em>L</em></span> <span class='ocrx_word' id='word_1_936' title='bbox 832 3627 844 3672; x_wconf 94' lang='grc' dir='ltr'><strong>ΙΙ</strong></span> <span class='ocrx_word' id='word_1_937' title='bbox 874 3629 916 3662; x_wconf 84' lang='grc'><strong>35</strong></span> <span class='ocrx_word' id='word_1_938' title='bbox 939 3637 1047 3661; x_wconf 89' lang='grc' dir='ltr'><strong><em>τουτο</em></strong></span> <span class='ocrx_word' id='word_1_939' title='bbox 1070 3645 1114 3650; x_wconf 93' lang='grc'><strong>-</strong></span> <span class='ocrx_word' id='word_1_940' title='bbox 1138 3627 1215 3669; x_wconf 86' lang='grc'><strong>365,</strong></span> <span class='ocrx_word' id='word_1_941' title='bbox 1235 3633 1251 3660; x_wconf 78' lang='lat'><strong>3</strong></span> <span class='ocrx_word' id='word_1_942' title='bbox 1276 3621 1328 3658; x_wconf 80' lang='grc' dir='ltr'><strong>δι-</strong></span> 
     </span>
    </p>
   </div>
   <div class='ocr_carea' id='block_1_44' title="bbox 253 3666 1327 3718">
    <p class='ocr_par' dir='ltr' id='par_1_44' title="bbox 253 3666 1327 3718">
     <span class='ocr_line' id='line_1_108' title="bbox 253 3666 1327 3718; baseline 0.002 -16"><span class='ocrx_word' id='word_1_943' title='bbox 253 3666 346 3711; x_wconf 74' lang='grc' dir='ltr'><strong><em>δοὺς]</em></strong></span> <span class='ocrx_word' id='word_1_944' title='bbox 370 3666 457 3703; x_wconf 77' lang='grc' dir='ltr'><strong><em>ἀλλὰ</em></strong></span> <span class='ocrx_word' id='word_1_945' title='bbox 481 3672 588 3713; x_wconf 80' lang='lat' dir='ltr'><strong>Epan.</strong></span> <span class='ocrx_word' id='word_1_946' title='bbox 607 3672 620 3716; x_wconf 81' lang='grc' dir='ltr'><strong>[Ι</strong></span> <span class='ocrx_word' id='word_1_947' title='bbox 643 3673 687 3707; x_wconf 84' lang='grc'><strong>36</strong></span> <span class='ocrx_word' id='word_1_948' title='bbox 712 3669 820 3706; x_wconf 76' lang='grc' dir='ltr'><strong><em>αὐτοῦ</em></strong></span> <span class='ocrx_word' id='word_1_949' title='bbox 846 3670 1010 3716; x_wconf 74' lang='lat' dir='ltr'><em>ML¹Bu</em></span> <span class='ocrx_word' id='word_1_950' title='bbox 1040 3672 1083 3706; x_wconf 87' lang='grc'><strong>38</strong></span> <span class='ocrx_word' id='word_1_951' title='bbox 1107 3668 1327 3718; x_wconf 84' lang='grc' dir='ltr'><strong><em>κατηναγκά-</em></strong></span> 
     </span>
    </p>
   </div>
   <div class='ocr_carea' id='block_1_45' title="bbox 208 3712 899 3761">
    <p class='ocr_par' dir='ltr' id='par_1_45' title="bbox 208 3712 899 3761">
     <span class='ocr_line' id='line_1_109' title="bbox 208 3712 899 3761; baseline 0.006 -13"><span class='ocrx_word' id='word_1_952' title='bbox 208 3760 211 3761; x_wconf 21' lang='lat'><em>⁷</em></span> <span class='ocrx_word' id='word_1_953' title='bbox 253 3714 330 3757; x_wconf 82' lang='grc' dir='ltr'><strong>σθη</strong></span> <span class='ocrx_word' id='word_1_954' title='bbox 348 3715 394 3747; x_wconf 76' lang='grc' dir='ltr'><strong>ΒΓ</strong></span> <span class='ocrx_word' id='word_1_955' title='bbox 420 3712 752 3751; x_wconf 72' lang='grc' dir='ltr'><strong><em>καταδικασθέντος</em></strong></span> <span class='ocrx_word' id='word_1_956' title='bbox 774 3719 821 3751; x_wconf 82' lang='lat' dir='ltr'><strong>B·</strong></span> <span class='ocrx_word' id='word_1_957' title='bbox 835 3731 862 3752; x_wconf 85' lang='grc' dir='ltr'><strong>υ.</strong></span> <span class='ocrx_word' id='word_1_958' title='bbox 878 3720 899 3752; x_wconf 81' lang='lat' dir='ltr'><strong>l·</strong></span> 
     </span>
    </p>
   </div>
   <div class='ocr_carea' id='block_1_46' title="bbox 870 2965 2472 3061">
    <p class='ocr_par' dir='ltr' id='par_1_46' title="bbox 870 2965 2472 3061">
     <span class='ocr_line' id='line_1_110' title="bbox 870 2965 2472 3017; baseline -0.004 -11"><span class='ocrx_word' id='word_1_959' title='bbox 870 2971 909 3005; x_wconf 86' lang='lat' dir='ltr'><strong>ui</strong></span> <span class='ocrx_word' id='word_1_960' title='bbox 938 2970 1128 3017; x_wconf 89' lang='lat' dir='ltr'><strong>scripsisse</strong></span> <span class='ocrx_word' id='word_1_961' title='bbox 1158 2969 1344 3005; x_wconf 88' lang='lat' dir='ltr'><strong>dicebatur</strong></span> <span class='ocrx_word' id='word_1_962' title='bbox 1373 2979 1448 3003; x_wconf 91' lang='lat' dir='ltr'><strong>non</strong></span> <span class='ocrx_word' id='word_1_963' title='bbox 1478 2967 1669 3013; x_wconf 81' lang='lat' dir='ltr'><strong>confessus</strong></span> <span class='ocrx_word' id='word_1_964' title='bbox 1698 2971 1751 3003; x_wconf 90' lang='lat' dir='ltr'><strong>est</strong></span> <span class='ocrx_word' id='word_1_965' title='bbox 1773 2977 1860 3002; x_wconf 88' lang='lat' dir='ltr'><strong>suas</strong></span> <span class='ocrx_word' id='word_1_966' title='bbox 1888 2977 1964 3003; x_wconf 86' lang='lat' dir='ltr'><strong>esse</strong></span> <span class='ocrx_word' id='word_1_967' title='bbox 1985 2965 2135 3008; x_wconf 74' lang='lat' dir='ltr'><strong>litteras,</strong></span> <span class='ocrx_word' id='word_1_968' title='bbox 2169 2976 2322 3012; x_wconf 77' lang='lat' dir='ltr'><strong>maqnas</strong></span> <span class='ocrx_word' id='word_1_969' title='bbox 2346 2966 2472 3001; x_wconf 83' lang='lat' dir='ltr'><strong>turbas</strong></span> 
     </span>
     <span class='ocr_line' id='line_1_111' title="bbox 948 3011 2472 3061; baseline -0.002 -11"><span class='ocrx_word' id='word_1_970' title='bbox 948 3019 1097 3050; x_wconf 89' lang='lat' dir='ltr'><strong>coactus</strong></span> <span class='ocrx_word' id='word_1_971' title='bbox 1117 3015 1177 3057; x_wconf 84' lang='lat' dir='ltr'><strong>sit,</strong></span> <span class='ocrx_word' id='word_1_972' title='bbox 1201 3026 1295 3061; x_wconf 78' lang='lat' dir='ltr'><strong>quae</strong></span> <span class='ocrx_word' id='word_1_973' title='bbox 1319 3012 1500 3050; x_wconf 90' lang='lat' dir='ltr'><strong>adsimiles</strong></span> <span class='ocrx_word' id='word_1_974' title='bbox 1524 3011 1667 3058; x_wconf 81' lang='lat' dir='ltr'><strong>quidem</strong></span> <span class='ocrx_word' id='word_1_975' title='bbox 1691 3012 1903 3049; x_wconf 86' lang='lat' dir='ltr'><strong>videbantur</strong></span> <span class='ocrx_word' id='word_1_976' title='bbox 1922 3021 1998 3048; x_wconf 83' lang='lat' dir='ltr'><strong>esse</strong></span> <span class='ocrx_word' id='word_1_977' title='bbox 2029 3020 2094 3046; x_wconf 88' lang='lat' dir='ltr'><strong>nec</strong></span> <span class='ocrx_word' id='word_1_978' title='bbox 2124 3016 2241 3047; x_wconf 87' lang='lat' dir='ltr'><strong>tamen</strong></span> <span class='ocrx_word' id='word_1_979' title='bbox 2263 3022 2332 3057; x_wconf 85' lang='lat' dir='ltr'><strong>per</strong></span> <span class='ocrx_word' id='word_1_980' title='bbox 2351 3011 2472 3047; x_wconf 84' lang='lat' dir='ltr'><strong>omnia</strong></span> 
     </span>
    </p>
   </div>
   <div class='ocr_carea' id='block_1_47' title="bbox 1387 3122 2471 3713">
    <p class='ocr_par' dir='ltr' id='par_1_47' title="bbox 1387 3122 2471 3713">
     <span class='ocr_line' id='line_1_112' title="bbox 1438 3122 2471 3169; baseline -0.001 -10"><span class='ocrx_word' id='word_1_981' title='bbox 1438 3127 1455 3160; x_wconf 87' lang='lat'>1</span> <span class='ocrx_word' id='word_1_982' title='bbox 1476 3125 1680 3167; x_wconf 84' lang='lat' dir='ltr'><strong>innumeras]</strong></span> <span class='ocrx_word' id='word_1_983' title='bbox 1707 3125 1743 3158; x_wconf 91' lang='lat' dir='ltr'><strong>in</strong></span> <span class='ocrx_word' id='word_1_984' title='bbox 1758 3125 1950 3158; x_wconf 85' lang='lat' dir='ltr'><strong>innumeras</strong></span> <span class='ocrx_word' id='word_1_985' title='bbox 1972 3123 2022 3158; x_wconf 76' lang='lat'><strong>17³</strong></span> <span class='ocrx_word' id='word_1_986' title='bbox 2036 3122 2049 3168; x_wconf 78' lang='grc' dir='ltr'><strong>ΙΙ</strong></span> <span class='ocrx_word' id='word_1_987' title='bbox 2075 3124 2095 3157; x_wconf 84' lang='grc'>2</span> <span class='ocrx_word' id='word_1_988' title='bbox 2114 3124 2250 3166; x_wconf 89' lang='lat' dir='ltr'><strong>quidam</strong></span> <span class='ocrx_word' id='word_1_989' title='bbox 2272 3123 2326 3169; x_wconf 71' lang='lat' dir='ltr'><strong>Vll</strong></span> <span class='ocrx_word' id='word_1_990' title='bbox 2346 3126 2365 3159; x_wconf 89' lang='lat'><strong>3</strong></span> <span class='ocrx_word' id='word_1_991' title='bbox 2383 3135 2471 3158; x_wconf 91' lang='lat' dir='ltr'><strong>com·</strong></span> 
     </span>
     <span class='ocr_line' id='line_1_113' title="bbox 1391 3168 2470 3215; baseline 0 -12"><span class='ocrx_word' id='word_1_992' title='bbox 1391 3170 1633 3213; x_wconf 84' lang='lat' dir='ltr'><strong>mutationibus</strong></span> <span class='ocrx_word' id='word_1_993' title='bbox 1655 3171 1708 3204; x_wconf 81' lang='lat' dir='ltr'><strong>Va</strong></span> <span class='ocrx_word' id='word_1_994' title='bbox 1725 3170 1738 3215; x_wconf 77' lang='lat' dir='ltr'>fl</span> <span class='ocrx_word' id='word_1_995' title='bbox 1755 3172 1777 3205; x_wconf 84' lang='lat'>4</span> <span class='ocrx_word' id='word_1_996' title='bbox 1799 3169 2007 3204; x_wconf 87' lang='lat' dir='ltr'><strong>documentis</strong></span> <span class='ocrx_word' id='word_1_997' title='bbox 2031 3169 2082 3203; x_wconf 85' lang='lat' dir='ltr'><strong>V¹</strong></span> <span class='ocrx_word' id='word_1_998' title='bbox 2101 3168 2114 3214; x_wconf 81' lang='grc' dir='ltr'><strong>ΙΙ</strong></span> <span class='ocrx_word' id='word_1_999' title='bbox 2130 3171 2149 3203; x_wconf 82' lang='grc'><strong>5</strong></span> <span class='ocrx_word' id='word_1_1000' title='bbox 2175 3169 2226 3202; x_wconf 88' lang='lat' dir='ltr'><strong>hii</strong></span> <span class='ocrx_word' id='word_1_1001' title='bbox 2248 3169 2318 3204; x_wconf 80' lang='grc' dir='ltr'><strong>ΒΤ</strong></span> <span class='ocrx_word' id='word_1_1002' title='bbox 2330 3169 2343 3214; x_wconf 88' lang='grc' dir='ltr'><strong>ΙΙ</strong></span> <span class='ocrx_word' id='word_1_1003' title='bbox 2360 3171 2381 3204; x_wconf 83' lang='grc' dir='ltr'><em>ὃ</em></span> <span class='ocrx_word' id='word_1_1004' title='bbox 2393 3170 2470 3204; x_wconf 90' lang='lat' dir='ltr'><strong>sub-</strong></span> 
     </span>
     <span class='ocr_line' id='line_1_114' title="bbox 1392 3214 2469 3258; baseline 0 -9"><span class='ocrx_word' id='word_1_1005' title='bbox 1392 3216 1604 3258; x_wconf 88' lang='lat' dir='ltr'><strong>scriptionem</strong></span> <span class='ocrx_word' id='word_1_1006' title='bbox 1623 3218 1692 3258; x_wconf 84' lang='lat' dir='ltr'><strong>ect.]</strong></span> <span class='ocrx_word' id='word_1_1007' title='bbox 1717 3216 1842 3250; x_wconf 80' lang='lat' dir='ltr'><strong>tionem</strong></span> <span class='ocrx_word' id='word_1_1008' title='bbox 1856 3235 1898 3241; x_wconf 89' lang='lat'>—</span> <span class='ocrx_word' id='word_1_1009' title='bbox 1914 3217 1951 3249; x_wconf 90' lang='lat'><strong>11</strong></span> <span class='ocrx_word' id='word_1_1010' title='bbox 1974 3214 2072 3248; x_wconf 87' lang='lat' dir='ltr'><strong>fidem</strong></span> <span class='ocrx_word' id='word_1_1011' title='bbox 2095 3228 2159 3248; x_wconf 84' lang='lat' dir='ltr'><strong>scr.</strong></span> <span class='ocrx_word' id='word_1_1012' title='bbox 2172 3214 2223 3248; x_wconf 83' lang='lat' dir='ltr'><strong>R²</strong></span> <span class='ocrx_word' id='word_1_1013' title='bbox 2237 3216 2270 3249; x_wconf 82' lang='lat' dir='ltr'><strong>in</strong></span> <span class='ocrx_word' id='word_1_1014' title='bbox 2285 3228 2351 3249; x_wconf 83' lang='lat' dir='ltr'><strong>ras.</strong></span> <span class='ocrx_word' id='word_1_1015' title='bbox 2367 3216 2387 3249; x_wconf 88' lang='lat'><strong>3</strong></span> <span class='ocrx_word' id='word_1_1016' title='bbox 2400 3227 2469 3249; x_wconf 81' lang='lat' dir='ltr'><strong>ver-</strong></span> 
     </span>
     <span class='ocr_line' id='line_1_115' title="bbox 1392 3258 2470 3352; baseline 0.002 -12"><span class='ocrx_word' id='word_1_1017' title='bbox 1392 3274 1481 3340; x_wconf 57' lang='lat' dir='ltr'><strong>zei</strong></span> <span class='ocrx_word' id='word_1_1018' title='bbox 1493 3261 1865 3352; x_wconf 42' lang='lat' dir='ltr'><strong>besuense-2</strong></span> <span class='ocrx_word' id='word_1_1019' title='bbox 1879 3260 1900 3351; x_wconf 72' lang='lat'><strong>„¹¹</strong></span> <span class='ocrx_word' id='word_1_1020' title='bbox 1911 3261 2124 3339; x_wconf 53' lang='lat' dir='ltr'><strong>semei-3</strong></span> <span class='ocrx_word' id='word_1_1021' title='bbox 2138 3270 2215 3340; x_wconf 46' lang='lat'><strong>5⁰:²52·</strong></span> <span class='ocrx_word' id='word_1_1022' title='bbox 2228 3261 2304 3350; x_wconf 60' lang='grc' dir='ltr'><strong>ῖῑῖῑῑ</strong></span> <span class='ocrx_word' id='word_1_1023' title='bbox 2314 3258 2394 3338; x_wconf 56' lang='grc'><strong>,12</strong></span> <span class='ocrx_word' id='word_1_1024' title='bbox 2410 3269 2470 3343; x_wconf 56' lang='grc' dir='ltr'><strong>ἵε]</strong></span> 
     </span>
     <span class='ocr_line' id='line_1_116' title="bbox 1394 3348 2470 3394; baseline -0.004 -9"><span class='ocrx_word' id='word_1_1025' title='bbox 1394 3363 1549 3385; x_wconf 88' lang='lat' dir='ltr'><strong>uerorum</strong></span> <span class='ocrx_word' id='word_1_1026' title='bbox 1567 3353 1640 3386; x_wconf 83' lang='lat' dir='ltr'><strong>RV</strong></span> <span class='ocrx_word' id='word_1_1027' title='bbox 1659 3352 1836 3386; x_wconf 88' lang='lat' dir='ltr'><strong>uerborum</strong></span> <span class='ocrx_word' id='word_1_1028' title='bbox 1852 3351 1906 3385; x_wconf 87' lang='lat' dir='ltr'><strong>uel</strong></span> <span class='ocrx_word' id='word_1_1029' title='bbox 1924 3362 2081 3384; x_wconf 84' lang='lat' dir='ltr'><strong>uerorum</strong></span> <span class='ocrx_word' id='word_1_1030' title='bbox 2097 3351 2147 3384; x_wconf 75' lang='grc' dir='ltr'><strong>Τι</strong></span> <span class='ocrx_word' id='word_1_1031' title='bbox 2162 3352 2174 3394; x_wconf 74' lang='grc' dir='ltr'><strong>ΙΙ</strong></span> <span class='ocrx_word' id='word_1_1032' title='bbox 2193 3348 2470 3383; x_wconf 81' lang='lat' dir='ltr'><strong>oonoordauerint</strong></span> 
     </span>
     <span class='ocr_line' id='line_1_117' title="bbox 1395 3395 2469 3442; baseline -0.005 -11"><span class='ocrx_word' id='word_1_1033' title='bbox 1395 3397 1497 3440; x_wconf 73' lang='lat' dir='ltr'><strong>R(²)·ss</strong></span> <span class='ocrx_word' id='word_1_1034' title='bbox 1515 3398 1577 3430; x_wconf 89' lang='lat' dir='ltr'><strong>hoc</strong></span> <span class='ocrx_word' id='word_1_1035' title='bbox 1598 3397 1744 3442; x_wconf 79' lang='lat' dir='ltr'>R(2)Tfl</span> <span class='ocrx_word' id='word_1_1036' title='bbox 1773 3399 1810 3432; x_wconf 86' lang='lat'><strong>11</strong></span> <span class='ocrx_word' id='word_1_1037' title='bbox 1834 3399 1915 3438; x_wconf 84' lang='lat' dir='ltr'><strong>esse]</strong></span> <span class='ocrx_word' id='word_1_1038' title='bbox 1941 3396 2049 3430; x_wconf 86' lang='lat' dir='ltr'><strong>deesse</strong></span> <span class='ocrx_word' id='word_1_1039' title='bbox 2070 3397 2117 3430; x_wconf 85' lang='lat' dir='ltr'><strong>V¹</strong></span> <span class='ocrx_word' id='word_1_1040' title='bbox 2141 3395 2153 3437; x_wconf 93' lang='grc' dir='ltr'><strong>ΙΙ</strong></span> <span class='ocrx_word' id='word_1_1041' title='bbox 2185 3396 2226 3430; x_wconf 85' lang='grc'><strong>12</strong></span> <span class='ocrx_word' id='word_1_1042' title='bbox 2249 3396 2401 3428; x_wconf 79' lang='lat' dir='ltr'><strong>naturam</strong></span> <span class='ocrx_word' id='word_1_1043' title='bbox 2426 3412 2469 3418; x_wconf 90' lang='lat'>-</span> 
     </span>
     <span class='ocr_line' id='line_1_118' title="bbox 1397 3439 2469 3484; baseline -0.007 -7"><span class='ocrx_word' id='word_1_1044' title='bbox 1397 3445 1437 3477; x_wconf 82' lang='lat'><strong>15</strong></span> <span class='ocrx_word' id='word_1_1045' title='bbox 1459 3442 1612 3475; x_wconf 86' lang='lat' dir='ltr'><strong>robustus</strong></span> <span class='ocrx_word' id='word_1_1046' title='bbox 1627 3454 1666 3476; x_wconf 86' lang='lat' dir='ltr'><strong>ac</strong></span> <span class='ocrx_word' id='word_1_1047' title='bbox 1685 3455 1747 3477; x_wconf 82' lang='lat' dir='ltr'><strong>scr.</strong></span> <span class='ocrx_word' id='word_1_1048' title='bbox 1763 3442 1813 3477; x_wconf 76' lang='lat' dir='ltr'><strong>R’</strong></span> <span class='ocrx_word' id='word_1_1049' title='bbox 1825 3444 1857 3476; x_wconf 84' lang='lat' dir='ltr'><strong>in</strong></span> <span class='ocrx_word' id='word_1_1050' title='bbox 1875 3455 1941 3476; x_wconf 83' lang='lat' dir='ltr'><strong>ras.</strong></span> <span class='ocrx_word' id='word_1_1051' title='bbox 1956 3443 1976 3475; x_wconf 85' lang='lat'><strong>2</strong></span> <span class='ocrx_word' id='word_1_1052' title='bbox 1989 3454 2135 3476; x_wconf 75' lang='lat' dir='ltr'><strong>versuum</strong></span> <span class='ocrx_word' id='word_1_1053' title='bbox 2154 3439 2167 3484; x_wconf 66' lang='grc' dir='ltr'><strong><em>Ε</em></strong></span> <span class='ocrx_word' id='word_1_1054' title='bbox 2193 3440 2232 3474; x_wconf 85' lang='grc'><strong>13</strong></span> <span class='ocrx_word' id='word_1_1055' title='bbox 2254 3439 2469 3473; x_wconf 75' lang='lat' dir='ltr'><strong>examinatio-</strong></span> 
     </span>
     <span class='ocr_line' id='line_1_119' title="bbox 1395 3483 2469 3532; baseline -0.002 -12"><span class='ocrx_word' id='word_1_1056' title='bbox 1395 3498 1469 3521; x_wconf 89' lang='lat' dir='ltr'><strong>nem</strong></span> <span class='ocrx_word' id='word_1_1057' title='bbox 1491 3487 1523 3520; x_wconf 92' lang='lat' dir='ltr'><strong><em>V</em></strong></span> <span class='ocrx_word' id='word_1_1058' title='bbox 1539 3487 1552 3532; x_wconf 89' lang='grc' dir='ltr'><strong>ΙΙ</strong></span> <span class='ocrx_word' id='word_1_1059' title='bbox 1578 3488 1865 3522; x_wconf 79' lang='lat' dir='ltr'><strong>dissimilitudines</strong></span> <span class='ocrx_word' id='word_1_1060' title='bbox 1881 3487 1954 3529; x_wconf 60' lang='grc' dir='ltr'><strong>ΒΡ)</strong></span> <span class='ocrx_word' id='word_1_1061' title='bbox 1966 3487 1998 3521; x_wconf 88' lang='lat' dir='ltr'><em>T</em></span> <span class='ocrx_word' id='word_1_1062' title='bbox 2016 3486 2029 3532; x_wconf 78' lang='grc' dir='ltr'><strong>ΙΙ</strong></span> <span class='ocrx_word' id='word_1_1063' title='bbox 2054 3488 2094 3522; x_wconf 88' lang='lat'><strong>15</strong></span> <span class='ocrx_word' id='word_1_1064' title='bbox 2115 3487 2148 3519; x_wconf 88' lang='lat' dir='ltr'><strong>et</strong></span> <span class='ocrx_word' id='word_1_1065' title='bbox 2167 3486 2222 3528; x_wconf 73' lang='lat' dir='ltr'><strong>(n</strong></span> <span class='ocrx_word' id='word_1_1066' title='bbox 2242 3484 2303 3525; x_wconf 72' lang='lat'><strong>1⁷¹)</strong></span> <span class='ocrx_word' id='word_1_1067' title='bbox 2323 3483 2469 3516; x_wconf 84' lang='lat' dir='ltr'><strong>robustis</strong></span> 
     </span>
     <span class='ocr_line' id='line_1_120' title="bbox 1387 3527 2469 3578; baseline -0.005 -12"><span class='ocrx_word' id='word_1_1068' title='bbox 1387 3531 1462 3577; x_wconf 61' lang='lat' dir='ltr'><strong>&#39;Vll</strong></span> <span class='ocrx_word' id='word_1_1069' title='bbox 1480 3535 1520 3566; x_wconf 87' lang='lat'><strong>16</strong></span> <span class='ocrx_word' id='word_1_1070' title='bbox 1537 3533 1619 3574; x_wconf 85' lang='lat' dir='ltr'><strong>quid</strong></span> <span class='ocrx_word' id='word_1_1071' title='bbox 1636 3535 1878 3578; x_wconf 76' lang='lat' dir='ltr'><strong>Osenbriiqqaen]</strong></span> <span class='ocrx_word' id='word_1_1072' title='bbox 1899 3532 2030 3575; x_wconf 87' lang='lat' dir='ltr'><strong>quidem</strong></span> <span class='ocrx_word' id='word_1_1073' title='bbox 2051 3532 2129 3566; x_wconf 86' lang='lat' dir='ltr'><strong>libri</strong></span> <span class='ocrx_word' id='word_1_1074' title='bbox 2171 3529 2234 3562; x_wconf 83' lang='lat' dir='ltr'><strong>hoo</strong></span> <span class='ocrx_word' id='word_1_1075' title='bbox 2253 3527 2308 3572; x_wconf 72' lang='lat' dir='ltr'><strong>Vll</strong></span> <span class='ocrx_word' id='word_1_1076' title='bbox 2329 3530 2367 3563; x_wconf 81' lang='lat'><strong>17</strong></span> <span class='ocrx_word' id='word_1_1077' title='bbox 2383 3533 2469 3562; x_wconf 87' lang='lat' dir='ltr'><strong>atre-</strong></span> 
     </span>
     <span class='ocr_line' id='line_1_121' title="bbox 1394 3573 2468 3622; baseline -0.005 -11"><span class='ocrx_word' id='word_1_1078' title='bbox 1394 3579 1497 3611; x_wconf 89' lang='lat' dir='ltr'><strong>menti</strong></span> <span class='ocrx_word' id='word_1_1079' title='bbox 1519 3578 1568 3610; x_wconf 89' lang='lat' dir='ltr'><strong>V¹</strong></span> <span class='ocrx_word' id='word_1_1080' title='bbox 1595 3577 1607 3622; x_wconf 86' lang='grc' dir='ltr'><strong>ΙΙ</strong></span> <span class='ocrx_word' id='word_1_1081' title='bbox 1635 3579 1678 3612; x_wconf 88' lang='grc'><strong>24</strong></span> <span class='ocrx_word' id='word_1_1082' title='bbox 1699 3580 1774 3622; x_wconf 84' lang='lat' dir='ltr'><strong>apte</strong></span> <span class='ocrx_word' id='word_1_1083' title='bbox 1796 3577 1882 3612; x_wconf 80' lang='lat' dir='ltr'><strong>RT⁶</strong></span> <span class='ocrx_word' id='word_1_1084' title='bbox 1898 3579 1910 3619; x_wconf 87' lang='grc' dir='ltr'><strong>ΙΙ</strong></span> <span class='ocrx_word' id='word_1_1085' title='bbox 1930 3579 1972 3612; x_wconf 87' lang='grc'><strong>28</strong></span> <span class='ocrx_word' id='word_1_1086' title='bbox 1997 3577 2036 3611; x_wconf 90' lang='lat' dir='ltr'><strong>de</strong></span> <span class='ocrx_word' id='word_1_1087' title='bbox 2059 3588 2116 3610; x_wconf 84' lang='lat' dir='ltr'><strong>om.</strong></span> <span class='ocrx_word' id='word_1_1088' title='bbox 2166 3573 2304 3617; x_wconf 74' lang='lat' dir='ltr'>T¹V²fl</span> <span class='ocrx_word' id='word_1_1089' title='bbox 2327 3575 2370 3608; x_wconf 89' lang='grc'><strong>29</strong></span> <span class='ocrx_word' id='word_1_1090' title='bbox 2392 3585 2468 3607; x_wconf 88' lang='lat' dir='ltr'><strong>con-</strong></span> 
     </span>
     <span class='ocr_line' id='line_1_122' title="bbox 1395 3618 2468 3668; baseline -0.004 -11"><span class='ocrx_word' id='word_1_1091' title='bbox 1395 3623 1603 3657; x_wconf 82' lang='lat' dir='ltr'><strong>testationem</strong></span> <span class='ocrx_word' id='word_1_1092' title='bbox 1617 3624 1650 3657; x_wconf 81' lang='lat' dir='ltr'><em>R</em></span> <span class='ocrx_word' id='word_1_1093' title='bbox 1665 3625 1677 3668; x_wconf 84' lang='grc' dir='ltr'><strong>ΙΙ</strong></span> <span class='ocrx_word' id='word_1_1094' title='bbox 1696 3625 1736 3659; x_wconf 88' lang='grc'><strong>31</strong></span> <span class='ocrx_word' id='word_1_1095' title='bbox 1755 3626 1787 3666; x_wconf 80' lang='lat' dir='ltr'><strong>a]</strong></span> <span class='ocrx_word' id='word_1_1096' title='bbox 1807 3623 1849 3657; x_wconf 88' lang='lat' dir='ltr'><strong>ad</strong></span> <span class='ocrx_word' id='word_1_1097' title='bbox 1870 3623 1918 3657; x_wconf 83' lang='lat' dir='ltr'><strong>V¹</strong></span> <span class='ocrx_word' id='word_1_1098' title='bbox 1934 3623 1948 3667; x_wconf 70' lang='lat' dir='ltr'>fl</span> <span class='ocrx_word' id='word_1_1099' title='bbox 1964 3623 2007 3657; x_wconf 84' lang='lat'><strong>33</strong></span> <span class='ocrx_word' id='word_1_1100' title='bbox 2019 3621 2171 3655; x_wconf 80' lang='lat' dir='ltr'><strong>credatur</strong></span> <span class='ocrx_word' id='word_1_1101' title='bbox 2186 3618 2243 3661; x_wconf 74' lang='lat' dir='ltr'><strong>Vfl</strong></span> <span class='ocrx_word' id='word_1_1102' title='bbox 2265 3619 2310 3653; x_wconf 84' lang='lat'><strong>34</strong></span> <span class='ocrx_word' id='word_1_1103' title='bbox 2322 3619 2358 3652; x_wconf 92' lang='lat' dir='ltr'><strong>in</strong></span> <span class='ocrx_word' id='word_1_1104' title='bbox 2375 3620 2436 3653; x_wconf 90' lang='lat' dir='ltr'><strong>VT</strong></span> <span class='ocrx_word' id='word_1_1105' title='bbox 2446 3620 2468 3660; x_wconf 82' lang='grc'><strong>1]</strong></span> 
     </span>
     <span class='ocr_line' id='line_1_123' title="bbox 1395 3663 2237 3713; baseline -0.007 -12"><span class='ocrx_word' id='word_1_1106' title='bbox 1395 3670 1429 3702; x_wconf 81' lang='lat' dir='ltr'><strong>et</strong></span> <span class='ocrx_word' id='word_1_1107' title='bbox 1448 3669 1483 3701; x_wconf 87' lang='lat' dir='ltr'><strong>in</strong></span> <span class='ocrx_word' id='word_1_1108' title='bbox 1511 3668 1541 3701; x_wconf 88' lang='lat' dir='ltr'><em>R</em></span> <span class='ocrx_word' id='word_1_1109' title='bbox 1567 3670 1666 3702; x_wconf 84' lang='lat' dir='ltr'><strong>etism</strong></span> <span class='ocrx_word' id='word_1_1110' title='bbox 1682 3669 1718 3702; x_wconf 87' lang='lat' dir='ltr'><strong>in</strong></span> <span class='ocrx_word' id='word_1_1111' title='bbox 1748 3668 1798 3702; x_wconf 77' lang='lat' dir='ltr'><strong>T&#39;</strong></span> <span class='ocrx_word' id='word_1_1112' title='bbox 1810 3670 1895 3713; x_wconf 65' lang='grc' dir='ltr'><strong><em>ναῖς.</em></strong></span> <span class='ocrx_word' id='word_1_1113' title='bbox 1912 3667 1927 3712; x_wconf 71' lang='grc' dir='ltr'>Ε</span> <span class='ocrx_word' id='word_1_1114' title='bbox 1948 3668 1992 3702; x_wconf 83' lang='grc'><strong>35</strong></span> <span class='ocrx_word' id='word_1_1115' title='bbox 2015 3664 2165 3709; x_wconf 72' lang='lat' dir='ltr'><strong>profe-us</strong></span> <span class='ocrx_word' id='word_1_1116' title='bbox 2186 3663 2237 3697; x_wconf 83' lang='lat' dir='ltr'><strong>V¹</strong></span> 
     </span>
    </p>
   </div>
  </div>
 </body>
</html>
