2580 3984
134 155 470 189 CONTRAGTIBUS
1209 140 1294 189 693
1870 146 1936 188 No
1942 159 1978 188 v.
2013 143 2232 188 CXXXVI
2263 146 2373 186 3—-5

134 253 290 304 λάγμασι
313 254 446 301 μνήμη.
493 256 600 291 τοῦτο
620 254 689 302 γὰρ
713 255 744 290 εἰ
767 254 1077 302 παραφυλάξαιεν,
1102 252 1204 291 ἅπαν
1225 259 1368 299 ἔχουσιν
1393 251 1482 290 ὅσον
1502 251 1593 301 ἡμᾶς
1616 254 1767 304 ᾔτησαν,
1791 255 1931 301 μᾶλλον
1948 255 1987 291 δὲ
2006 259 2062 291 ἔτι
2077 257 2201 300 μεῖζον
2217 259 2278 290 καὶ
2297 257 2375 291 τῶν

133 302 386 345 αἰτηθέντων,
418 301 455 335 εἴ
478 314 519 348 γε
551 300 749 346 τιμιώτερα
781 299 929 346 δίδομεν
960 299 1081 336 αὐτοῖς
1113 299 1296 337 ἁπάντων
1328 299 1451 335 δίκαια
1483 303 1543 337 ἐπὶ
1567 306 1640 337 τοῖς
1663 302 1736 359 πρά
1760 315 1849 347 μασι
1874 305 1948 337 τοῖς
1972 300 2210 344 δεικνυμένοις
2233 303 2272 335 ἐκ
2295 303 2375 336 τῶν

131 348 329 392 χρημάτων
360 344 486 380 αὐτῶν
518 347 719 390 ἐωνῆσθαι.
768 347 799 380 εἰ
829 350 954 391 μέντοι
987 346 1151 393 ἄγραφον
1174 349 1321 394 γέγονεν
1345 344 1368 389 ἢ
1387 348 1529 392 γένοιτο
1552 347 1595 381 τὸ
1617 347 1731 382 συναλ
1756 361 1862 394 αγμα,
1887 351 1947 381 καὶ
1971 344 2075 381 αὐτοὶ
2100 344 2197 382 δοῖεν
2220 345 2267 382 τὰ
2291 346 2374 392 χρή-

131 405 232 436 ματα
260 389 283 435 ἢ
314 389 390 435 εἴδη
420 391 504 425 τινὰ
531 388 635 437 (ὅπερ
654 390 815 436 μάλιστα
838 392 974 427 εἴωθεν
998 394 1059 427 ἐπὶ
1082 393 1159 427 τῶν
1183 387 1430 437 προεστώτων
1454 395 1632 437 τραπέζης
1657 390 1811 440 ἀργύρου
1834 393 2018 438 γίνεσθαι,
2043 391 2178 436 κόσμου
2203 390 2374 427 πολλάκις

132 434 154 479 ἢ
175 434 328 484 ἆργύρου
350 438 411 471 ἐπὶ
435 437 513 471 τῶν
536 437 716 471 τοιούτων
741 435 931 481 διδομένου
953 435 975 481 ἢ
999 440 1059 471 καὶ
1083 439 1399 483 πιπρασκομένου),
1430 438 1479 481 μὴ
1500 441 1625 482 μέντοι
1648 438 1691 472 τὸ
1717 443 1855 483 τίμημα
1879 437 2039 482 λάβοιεν,
2063 438 2263 479 τηνικαῦτα
2287 437 2371 478 ἐξεῖ-

131 495 194 516 ναι
219 479 340 516 αὐτοῖς
363 478 411 516 ὠς
431 482 542 516 οἰκεῖα
566 483 684 516 ταῦτα
706 480 876 523 ἐκδικεῖν,
901 480 972 516 κᾶν
997 480 1187 525 ὑποθήκας
1217 479 1281 517 οὐκ
1306 484 1428 524 ἔχοιεν.
1478 480 1520 516 οὗ
1542 483 1611 529 γὰρ
1635 485 1764 518 ἐκεῖνοι
1787 484 1984 527 κτήσονται
2006 483 2052 517 τὰ
2075 480 2268 528 ἀλλότρια,
2291 496 2372 528 χρυ-

131 530 213 562 σιόν
243 528 311 567 μὲν
341 524 384 561 οὐ
416 526 722 571 καταβάλλοντες,
747 526 794 562 τοὶ
821 524 906 573 παρ’
933 528 1068 573 ἑτέρων
1091 526 1132 562 δέ
1155 527 1273 562 αὐτοῖς
1298 525 1472 571 δεδομένα
1495 531 1703 571 κατέχοντες
1725 529 1856 573 μάτην,
1878 525 1960 562 ἀλλ’
1987 528 2058 563 εἴτε
2082 526 2372 574 κληρονομοῖντο,

131 570 167 605 οἱ
196 568 321 615 αὐτῶν
350 571 564 618 κληρονόμοι
595 570 618 616 ἢ
651 570 884 608 ἀποδώσουσι
920 573 967 607 τὰ
999 571 1090 618 ὑπὲρ
1123 570 1249 607 αὐτῶν
1281 570 1302 615 ἢ
1335 571 1429 607 αὐτοὶ
1457 571 1505 607 τοὶ
1537 570 1732 616 δεδομένα,
1765 570 1788 617 ἢ
1816 570 1886 608 κᾶν
1917 574 1948 607 εἰ
1977 573 2026 618 μὴ
2057 571 2373 618 κληρονομηθεῒεν,

131 617 273 656 ἐξέσται
295 614 415 652 αὐτοῖς
437 617 555 652 ταῦτα
580 615 744 661 ἐκδικεῖν,
765 615 939 663 μηδεμιᾶς
964 615 1154 662 ὑποθήκης
1177 615 1255 652 κατ’
1283 615 1407 652 αὐτῶν
1431 619 1492 652 ἐπὶ
1511 621 1585 653 τοῖς
1610 615 1734 653 αὐτῶν
1757 619 1945 665 πράγμασι
1965 615 2057 663 παρ’
2084 616 2208 653 ἄλλων
2232 629 2372 664 προςγι-

129 664 279 705 νομένης
302 661 508 708 κρατούσης.

1136 741 1294 777 CAPUT
1318 741 1380 777 IV.

263 815 409 863 Ἐπειδὴ
431 817 470 853 δὲ
493 820 608 864 νόμον
633 821 812 865 ἐθέμεθα,
836 819 885 865 μὴ
911 822 1113 866 περαιτέρω
1130 819 1212 854 τοὺς
1228 817 1383 867 ἀργύρου
1400 822 1578 865 τραπέζης
1594 821 1826 865 προεστῶτας
1842 819 2042 865 διμοιραίου
2057 821 2165 855 τόκου
2183 819 2372 863 δανείζειν,

130 861 302 904 ἐδίδαξαν
334 863 384 907 δέ,
409 861 469 899 ὅτι
493 869 553 899 καὶ
575 863 744 921 ἀγράφως
768 864 1004 908 δανείζουσιν,
1030 865 1330 911 ἀγνωμονοῦνται
1356 864 1395 899 δὲ
1416 869 1498 911 περὶ
1521 866 1589 900 τὸν
1613 866 1722 900 τόκον
1746 864 1795 899 αἷς
1816 865 1865 909 μὴ
1891 866 2067 912 ἐγγράφου
2090 869 2283 912 γενομένου
2307 869 2372 900 τοῦ

130 907 365 953 δανείσματος
394 908 485 954 μηδὲ
514 913 771 955 ἐπερωτησεως
800 911 1084 957 παρεντεθείσης
1112 912 1234 945 (τοῦτο
1256 910 1300 954 δὴ
1325 911 1367 945 τὸ
1394 909 1555 955 δημώδες
1577 911 1621 945 τὸ
1646 910 1696 955 μὴ
1722 910 1908 957 προςήκειν
1933 908 2211 957 ἀνεπεραὶτητον
2235 913 2373 957 τρέχειν

128 952 257 995 τόκον,
290 958 448 1005 καίτοιγε
479 955 625 990 πολλῶν
657 955 781 991 ὄντων
806 955 985 999 θεμάτων
1009 954 1062 1000 ἐφ’
1088 950 1143 990 ὦν
1166 960 1227 990 καὶ
1251 954 1520 1002 ἀνεπεραὶτητοι
1543 953 1645 990 τόκοι
1675 959 1735 990 καὶ
1759 958 1796 990 ἐκ
1821 957 2016 1002 συμφώνου
2039 957 2152 1000 μόνου
2172 961 2369 998 τίκτονται,

128 1002 207 1032 ἔστι
231 997 271 1032 δὲ
294 996 357 1034 ὅτε
377 999 461 1034 οὐδὲ
484 1002 523 1034 ἐκ
547 1001 777 1047 συμφώνων,
810 998 893 1035 ἀλλ’
920 998 1132 1046 αὐτομάτως
1155 1002 1226 1036 εἰςα
1252 1000 1376 1046 όμενοι
1401 998 1499 1046 ὅμως
1523 998 1793 1045 ἀπαιτοῦνται),
1825 1000 1886 1035 διὰ
1910 1003 2020 1036 τοῦτο
2044 1002 2289 1046 θεσπίζομεν,
2321 1002 2370 1046 μὴ

128 1042 244 1087 μόνον
267 1045 335 1079 τὸν
360 1046 398 1086 ἐξ
424 1044 680 1091 ἐπερωτήσεως
704 1044 824 1081 αὐτοῖς
848 1045 1022 1081 δίδοσθαι
1045 1046 1166 1089 τόκον,
1191 1044 1212 1079 ἀ
1239 1046 1283 1080 λὰ
1307 1050 1368 1080 καὶ
1391 1047 1459 1082 τὸν
1484 1047 1522 1087 ἐξ
1546 1044 1724 1093 ἀγράφων
1747 1048 1915 1081 τοιοῦτον
1938 1044 2066 1082 ὁποῖον
2091 1043 2110 1081 ὁ
2128 1048 2237 1091 νόμος
2253 1045 2371 1082 αὐτοῖς

130 1087 282 1124 δίδωσιν
313 1091 521 1135 ἐπερωτᾶν,
552 1094 719 1127 τουτέστι
747 1092 815 1126 τὸν
846 1094 884 1126 ἐκ
917 1090 1079 1137 διμοίρου
1101 1093 1164 1135 τῆς
1187 1093 1393 1136 ἑκατοστῆς.
1441 1093 1524 1126 τοὺς
1547 1092 1617 1139 γὰρ
1640 1094 1732 1127 πᾶσι
1756 1090 1886 1135 σχεδὸν
1909 1096 1982 1127 τοῖς
2006 1091 2187 1137 δεομένοις
2210 1093 2372 1137 ἑτοίμους

129 1133 238 1168 ὄντας
258 1136 418 1179 βοηθεῖν
438 1133 503 1170 οὐκ
526 1134 575 1171 ἄν
599 1137 651 1180 εἴη
676 1135 819 1172 δίκαιον
843 1135 915 1173 ὑπὸ
940 1137 1106 1181 τοιαύτης
1128 1135 1340 1172 ἀδικεῖσθαι
1365 1134 1593 1181 λεπτότητος.

1137 1261 1295 1298 CAPUT
1318 1262 1362 1298 V.

264 1341 338 1372 Καὶ
369 1339 479 1373 τοῦτο
510 1337 550 1373 δὲ
581 1338 673 1384 ἡμᾶς
703 1339 885 1382 ἐδίδαξαν,
919 1337 968 1375 ὥς
995 1352 1089 1375 τινες
1120 1338 1427 1375 συναλλάττοντες
1456 1340 1546 1387 πρὸς
1577 1338 1706 1376 αὐτοὺς
1736 1344 1965 1387 γραμματεῖα
1988 1344 2048 1375 καὶ
2070 1341 2267 1396 λογοθέσια
2290 1352 2370 1375 ποι-

128 1385 274 1427 οὖνται,
305 1387 365 1418 καὶ
397 1384 443 1418 τὰ
470 1386 538 1428 μὲν
570 1383 625 1419 ἐπ’
653 1382 784 1431 ἀγορᾶς
813 1387 1001 1429 τίθενται,
1033 1386 1079 1420 τὰ
1111 1383 1151 1419 δέ
1179 1383 1281 1420 αὐτοὶ
1306 1384 1550 1432 συγγράφουσι
1574 1389 1618 1433 τῇ
1652 1387 1765 1429 οἰκείᾳ
1797 1391 1904 1433 χειρί,
1936 1391 2010 1421 τισὶ
2035 1385 2074 1421 δὲ
2098 1387 2370 1434 υπογράφουσιν

128 1429 263 1474 ἑτέρων
279 1430 397 1464 ταῦτα
421 1429 751 1477 καταγραψάντων,
776 1434 835 1464 καὶ
860 1430 1011 1478 ᾔτησαν,
1037 1428 1125 1465 ιῖἷςτε
1149 1431 1186 1465 εἴ
1203 1445 1239 1465 τι
1262 1433 1406 1465 τοιοῦτο
1429 1429 1612 1478 γράψαιεν
1635 1432 1671 1466 οἱ
1693 1433 1783 1476 πρὸς
1807 1431 1936 1467 αὐτοὺς
1957 1431 2274 1475 συναλλάττοντες,
2298 1433 2369 1465 ἐνέ-

126 1475 261 1516 χεσθαι
286 1473 415 1509 αὐτοὺς
439 1478 499 1508 καὶ
523 1475 566 1510 τὸ
591 1475 720 1510 ἱκανὸν
746 1473 865 1510 αὐτοῖς
889 1474 973 1522 παρ’
1000 1474 1124 1511 αὐτῶν
1147 1477 1331 1522 γίνεσθαι,
1363 1479 1423 1510 καὶ
1446 1478 1496 1521 μὴ
1521 1474 1795 1523 ἀποκεχρῆσθαι
1818 1480 1877 1511 καὶ
1900 1477 2026 1524 λέγειν,
2051 1475 2100 1512 αἷς
2121 1477 2168 1511 τὰ
2190 1479 2258 1522 μὲν
2282 1488 2369 1521 συμ-

127 1519 261 1562 βόλαια
292 1518 316 1562 ἢ
347 1519 411 1553 τὰς
442 1519 632 1567 ὁμολογίας
663 1519 687 1564 ἢ
718 1522 764 1555 τὰ
791 1521 989 1568 λογοθέσια
1019 1518 1168 1557 ἅπαντα
1192 1524 1426 1567 συνέγραψαν
1449 1523 1493 1570 τῇ
1516 1520 1639 1557 αὑτῶν
1663 1526 1753 1568 χειρὶ
1777 1521 1799 1566 ἢ
1823 1523 1959 1568 ἑτέρων
1981 1522 2208 1569 γραψάντων
2229 1522 2370 1556 τούτοις

128 1562 428 1608 ὑπεσημήναντο,
459 1562 501 1598 οὗ
531 1566 605 1610 μὴν
635 1566 679 1600 τὸ
714 1566 971 1612 περιεχόμενον
1005 1564 1125 1601 αὐτοῖς
1154 1570 1300 1612 χρυσίον
1324 1565 1486 1610 δέδοται,
1519 1566 1606 1602 ὠςτε
1630 1569 1807 1602 ἐντεῦθεν
1831 1566 2024 1611 ὑποθήκας
2047 1570 2140 1610 ἔχειν
2164 1571 2223 1601 καὶ
2246 1565 2369 1609 τόκον,

127 1607 197 1644 κᾶν
223 1611 254 1643 εἰ
283 1610 331 1653 μὴ
363 1613 580 1656 γέγραπται,
613 1609 815 1656 διμοιραῖον
845 1611 1057 1656 λαμβάνειν.
1105 1609 1204 1656 ἡμεῖς
1227 1616 1370 1654 τοίνυν,
1403 1612 1528 1657 ἐπειδὴ
1553 1612 1599 1647 τοὶ
1620 1614 1774 1647 τοιαῦτα
1794 1613 1898 1648 κοινὰ
1922 1613 2127 1655 καθέστηκε
2153 1616 2214 1646 καὶ
2237 1610 2369 1656 πολλῆς

127 1656 189 1698 τῆς
212 1656 434 1700 ἐπισκέψεως
466 1654 633 1711 δεόμενα,
663 1657 758 1701 μετὰ
781 1658 847 1691 τοῦ
870 1656 1108 1703 προςήκοντος
1131 1655 1414 1703 ἀποκρινόμεθα
1437 1657 1528 1703 πρὸς
1550 1659 1678 1693 ταῦτα.
1726 1659 1757 1692 εἰ
1779 1660 1848 1703 μὲν
1870 1658 1940 1704 γάρ
1959 1670 2013 1692 τις
2037 1655 2263 1702 συμβόλαιον
2287 1654 2367 1703 ἀγο-

127 1703 231 1753 ραῖον
254 1701 416 1744 ποιήσειε
438 1704 498 1734 καὶ
522 1698 610 1736 όλον
633 1703 746 1745 οἰκεία
767 1701 916 1750 γράψειε
939 1707 1039 1748 χειρί,
1063 1700 1086 1746 ἢ
1110 1706 1171 1736 καὶ
1192 1700 1436 1749 ὑπογράψειεν
1459 1705 1500 1738 ἐν
1519 1707 1591 1737 τοῖς
1607 1703 1691 1750 παρ’
1711 1704 1848 1747 ἑτέρων
1863 1706 2054 1750 γραφεῖσιν
2070 1702 2093 1746 ἢ
2111 1716 2134 1750 γ
2158 1706 2371 1746 αμματείοις

126 1759 148 1788 η
182 1744 424 1792 λογοθεσίοις,
456 1747 649 1789 ἐνέχεσθαι
684 1746 800 1781 αὐτὸν
831 1751 891 1781 καὶ
921 1747 1162 1794 κληρονόμους
1191 1744 1303 1782 αὐτοῦ
1336 1749 1428 1783 πᾶσι
1461 1747 1650 1794 προςήκειν
1676 1749 1904 1793 θεσπίζομεν
1933 1746 2099 1794 τρόποις,
2154 1745 2268 1791 ηλαδὴ
2292 1749 2370 1781 ταῖς

194 1850 220 1870 c.
235 1837 299 1914 JIV
311 1849 356 1915 ἓν
381 1837 415 1869 Β
440 1838 536 1871 habet
560 1838 609 1872 B⁸
635 1839 666 1872 A
692 1840 734 1873 62
754 1851 789 1883 p.
814 1841 856 1874 99
882 1839 986 1873 Zach.
1011 1840 1245 1884 (arqumentum
1270 1846 1363 1873 notat
1385 1839 1471 1873 B⁸T
1492 1841 1551 1881 11,
1576 1846 1607 1874 21
1635 1853 1670 1884 p.
1697 1841 1763 1874 624
1786 1840 1920 1881 Zach.);
1947 1839 2024 1874 Ath.
2048 1837 2200 1874 summam
2224 1846 2372 1882 repetunt

122 1890 315 1966 parcet-tub&
345 1883 539 1962 λᾷεόινῖιηὲιαθήι
563 1929 641 1962 Aah.
666 1936 813 1972 repetunt
833 1930 998 1973 paratitla
1020 1930 1097 1963 Ath.
1119 1931 1158 1964 17
1187 1934 1204 1969 §
1221 1937 1249 1963 6.

257 1987 277 2000 fi

128 2085 151 2108 a
174 2072 277 2108 nobis
292 2072 551 2119 postularunt,
581 2072 690 2107 immo
714 2083 800 2108 vero
825 2074 933 2108 etiam
956 2072 1115 2124 amplius
1138 2083 1246 2118 quam
1268 2071 1521 2118 postularunt,
1542 2071 1732 2123 ‘siquidem
1757 2072 1921 2108 omnibus
1937 2073 2089 2124 potiora
2111 2073 2194 2108 iura
2217 2073 2263 2108 iis
2285 2083 2370 2108 con-

128 2118 287 2153 cedimus
316 2117 354 2151 in
385 2118 492 2153 rebus
522 2127 616 2163 quae
647 2128 696 2152 ex
727 2128 850 2152 eorum
880 2119 1046 2164 pecuniis
1078 2121 1218 2163 emptae
1236 2116 1458 2163 probantur.
1507 2115 1547 2150 Si
1572 2126 1656 2152 vero
1681 2120 1891 2151 contractus
1912 2128 1991 2152 sine
2012 2117 2150 2162 scripto
2172 2117 2298 2162 factus
2320 2118 2371 2154 sit

125 2164 255 2215 βαῖνε,
282 2166 318 2197 et
349 2162 420 2214 ipsi
440 2162 633 2209 pecuniam
657 2161 823 2198 dederint
845 2162 902 2198 vel
923 2163 1060 2208 species
1084 2161 1261 2207 quasdam
1285 2160 1398 2207 (quod
1419 2161 1579 2196 maxime
1603 2171 1625 2195 a
1654 2159 1705 2194 ud
1721 2161 1959 2206 praepositos
1974 2172 2119 2197 mensae
2134 2163 2370 2208 arqentariae

2399 667 2441 698 10

2398 1006 2437 1038 15

2395 1391 2437 1424 20

2394 1617 2436 1650 25

125 2209 207 2253 liert
245 2211 448 2249 consuevit,
486 2206 618 2242 mundo
654 2207 756 2252 forte
797 2206 961 2243 muliebri
992 2206 1048 2243 vel
1079 2210 1231 2252 arqento
1264 2207 1308 2242 ob
1342 2205 1432 2241 talia
1462 2205 1547 2240 dato
1579 2216 1620 2241 ve
1662 2205 1772 2240 etiam
1804 2206 1962 2250 vendito)
1994 2217 2060 2242 nec
2093 2217 2178 2242 vero
2207 2207 2368 2258 pretium
2420 2218 2423 2221 ⁴

129 2253 352 2299 acceperint,
378 2256 462 2287 tunc
486 2251 594 2287 liceat
617 2251 663 2287 iis
688 2255 870 2298 tamquam
894 2262 962 2287 sua
986 2251 1076 2287 haec
1098 2251 1302 2294 vindicare,
1328 2251 1467 2286 etiamsi
1488 2250 1713 2297 hypothecas
1736 2261 1809 2285 non
1833 2250 1998 2286 habeant.
2048 2251 2175 2297 Neque
2197 2262 2290 2286 enim
2312 2252 2369 2287 illi

129 2298 250 2334 aliena
270 2297 518 2344 possidebunt,
542 2298 608 2342 qui
622 2296 818 2343 pecuniam
843 2296 986 2343 quidem
1010 2307 1084 2331 non
1106 2296 1290 2340 solverint,
1314 2295 1380 2331 sed
1402 2306 1496 2341 quae
1519 2295 1609 2342 ipsis
1628 2295 1673 2330 ab
1698 2294 1781 2330 aliis
1805 2295 1893 2331 data
1912 2300 1998 2332 sunt
2009 2296 2157 2341 frustra
2172 2297 2368 2341 detineant,

129 2354 250 2379 verum
274 2343 347 2378 sive
371 2341 520 2378 heredes
543 2341 765 2387 relinquant,
788 2341 937 2377 heredes
959 2352 1084 2377 eorum
1109 2345 1174 2377 aut
1197 2351 1291 2387 quae
1312 2351 1383 2388 pro
1407 2342 1498 2386 ipsis
1521 2343 1607 2376 sunt
1629 2343 1695 2375 aut
1717 2341 1799 2386 ipsa
1823 2351 1918 2385 quae
1940 2341 2029 2376 data
2047 2345 2143 2383 sunt,
2167 2342 2367 2384 restituent,

129 2389 202 2423 sive
231 2386 380 2423 heredes
410 2397 484 2422 non
515 2386 743 2432 relinquant,
776 2386 894 2423 licebit
916 2387 1007 2433 ipsis
1030 2385 1119 2421 haec
1141 2386 1345 2428 vindicare,
1377 2396 1464 2421 neve
1487 2384 1564 2421 ulla
1587 2384 1791 2431 hypotheca
1815 2390 1946 2421 contra
1968 2396 2032 2422 eos
2051 2386 2090 2421 in
2114 2396 2238 2422 eorum
2261 2386 2369 2422 rebus

130 2434 175 2469 ab
199 2433 283 2468 aliis
306 2432 490 2478 adquisita
513 2432 642 2467 valeat.
2071 2438 2075 2443 ·

264 2477 326 2513 IV.
358 2477 536 2520 Quoniam
559 2487 644 2512 vero
669 2476 783 2522 leqem
808 2475 972 2517 tulimus,
1000 2486 1046 2511 ne
1068 2476 1303 2522 arqentariae
1333 2485 1478 2511 mensae
1493 2473 1705 2522 praepositi
1726 2473 1826 2509 ultra
1849 2474 1966 2511 besses
1988 2486 2120 2511 usuras
2140 2476 2367 2522 fenerentur,

130 2523 185 2559 illi
207 2528 324 2558 autem
349 2532 415 2557 nos
438 2521 639 2557 docuerunt
661 2532 699 2557 se
723 2521 831 2557 etiam
853 2521 932 2555 sine
954 2521 1092 2566 scripto
1115 2520 1281 2566 fenerari
1304 2520 1438 2562 solere,
1478 2530 1543 2555 nec
1577 2526 1695 2555 tamen
1715 2518 1824 2563 fidem
1848 2520 1917 2555 sibi
1939 2521 2079 2557 servari
2102 2520 2201 2556 circa
2224 2532 2370 2564 usuras,

130 2572 254 2615 utpote
283 2578 363 2603 cum
394 2570 555 2602 mutuum
584 2567 663 2601 sine
693 2566 841 2612 scriptis
873 2569 1099 2601 contractum
1130 2575 1196 2601 nec
1225 2565 1414 2612 stipulatio
1445 2564 1661 2611 interposita
1691 2564 1758 2605 sit,
1788 2564 1995 2606 (secundum
2018 2564 2112 2600 illud
2134 2565 2234 2611 quod
2256 2566 2367 2618 vulqo

130 2613 264 2648 dicitur
287 2623 359 2648 non
385 2613 575 2648 convenire
598 2615 639 2646 ut
662 2621 795 2646 usurae
818 2610 953 2656 absque
974 2609 1210 2656 stipulatione
1233 2613 1394 2651 currant,
1420 2609 1649 2655 quantumvis
1668 2608 1774 2644 multi
1794 2609 1868 2645 sint
1890 2619 1998 2645 casus
2020 2610 2059 2645 in
2083 2610 2213 2656 quibus
2236 2614 2272 2646 et
2289 2621 2367 2647 stne

129 2658 366 2705 stipulatione
382 2667 515 2692 usurae
530 2660 565 2692 et
581 2667 630 2692 ex
644 2655 723 2692 solo
737 2659 848 2703 pacto
864 2659 1074 2696 nascantur,
1097 2665 1356 2700 nonnunquam
1376 2655 1482 2690 etiam
1498 2665 1544 2690 ne
1567 2664 1617 2690 ex
1628 2653 1753 2699 pactis
1767 2654 1922 2699 quidem,
1944 2654 2010 2690 sed
2022 2665 2090 2690 sua
2105 2658 2235 2701 sponte
2253 2655 2367 2692 intro-

130 2703 259 2739 ductae
282 2702 513 2737 nihilominus
536 2702 772 2747 ext'qantur);
793 2704 993 2747 propterea
1016 2699 1208 2742 sancimus,
1231 2703 1271 2735 ut
1294 2710 1367 2735 non
1389 2699 1507 2734 solum
1531 2709 1580 2734 ex
1602 2697 1839 2744 stipulatione
1862 2710 1996 2735 usurae
2018 2700 2075 2742 iis,
2100 2699 2165 2735 sed
2187 2701 2295 2736 etiam
2318 2712 2369 2737 ex

130 2759 204 2784 non
221 2748 367 2794 scriptis
384 2746 473 2782 tales
491 2750 729 2793 praestentur
752 2746 879 2791 quales
903 2745 966 2780 lex
988 2744 1079 2790 ipsis
1102 2743 1272 2790 stipulari
1296 2743 1469 2788 concedit,
1493 2742 1561 2778 hoc
1584 2747 1639 2778 est
1660 2753 1775 2789 usque
1798 2743 1848 2778 ad
1862 2743 1996 2780 bessem
2012 2745 2234 2781 centesimae.
2271 2745 2367 2781 Nam

130 2792 388 2873 quidomnbibilts
415 2791 679 2838 propemodum
710 2790 952 2837 indiqentibus
982 2799 1085 2835 opem
1113 2789 1216 2834 ferre
1240 2789 1370 2836 parati
1400 2791 1504 2832 sunt,
1533 2798 1594 2824 eos
1617 2798 1695 2834 par
1726 2798 1800 2823 non
1831 2793 1887 2825 est
1909 2789 2045 2825 iniuria
2074 2789 2180 2836 affici
2201 2801 2253 2826 ex
2275 2790 2366 2826 eius-

130 2849 187 2873 mo
215 2838 227 2872 i
250 2849 293 2872 su
320 2837 346 2873 ti
362 2838 460 2873 itate.

264 2883 307 2918 V.
338 2881 417 2917 Hoc
441 2892 584 2927 quoque
607 2891 674 2915 nos
694 2879 894 2916 docuerunt
918 2877 1115 2914 nonnullos
1138 2877 1391 2914 contrahentes
1414 2887 1494 2913 cum
1525 2877 1616 2924 ipsis
1638 2877 1877 2914 instrumenta
1901 2882 1937 2915 ct
1958 2879 2154 2916 ratiocinia
2177 2880 2368 2925 conficere,

131 2932 166 2964 et
189 2927 264 2963 alia
280 2926 424 2973 publice
447 2926 486 2961 in
508 2927 597 2971 foro
620 2925 761 2970 facere,
786 2924 860 2959 alia
883 2924 983 2969 ipsos
1004 2933 1072 2958 sua
1093 2934 1202 2959 manu
1225 2923 1463 2965 conscribere,
1490 2922 1703 2968 quibusdam
1727 2927 1846 2959 autem
1870 2923 1915 2959 ab
1940 2924 2023 2960 aliis
2046 2925 2263 2971 conscriptis
2284 2926 2367 2962 sub-

131 2972 287 3008 scribere
294 2984 309 3013 ;
333 2976 443 3016 atque
464 2971 659 3015 petierunt,
684 2974 725 3004 ut
748 2969 780 3003 si
804 2967 893 3014 quid
914 2967 1092 3003 eiusmodi
1113 2967 1176 3014 qui
1202 2979 1283 3003 cum
1299 2968 1388 3014 ipsis
1404 2966 1623 3003 contrahunt
1637 2968 1712 3003 scri
1737 2969 1861 3008 serint,
1887 2969 2040 3005 obnoxii
2058 2973 2248 3006 teneantur
2261 2971 2365 3017 ipsis-

132 3028 202 3063 que
230 3026 298 3062 per
329 3026 392 3051 eos
422 3015 513 3050 satis
538 3015 626 3058 fiat,
657 3024 744 3049 neve
772 3023 815 3048 eo
847 3013 1045 3048 abutantur
1076 3011 1271 3059 dicantque
1301 3023 1340 3047 se
1362 3012 1599 3048 instrumenta
1630 3013 1696 3058 qui
1719 3024 1774 3048 em
1803 3012 1859 3049 vel
1885 3014 2070 3049 cautiones
2093 3014 2149 3050 vel
2172 3015 2367 3050 ratiocinia

134 3065 210 3097 tota
233 3071 301 3095 sua
317 3071 426 3095 manu
443 3059 698 3110 conscripsisse
714 3057 770 3093 vel
785 3057 868 3093 aliis
882 3057 1119 3093 scribentibus
1135 3057 1222 3093 haec
1237 3057 1512 3102 subsiqnavisse,
1537 3067 1602 3093 nec
1620 3062 1738 3093 tamen
1747 3059 1942 3104 pecuniam
1959 3069 2052 3103 quae
2070 3058 2115 3093 iis
2131 3059 2363 3095 contineatur

131 3106 222 3152 ipsis
246 3105 369 3140 datam
393 3115 490 3140 esse:
515 3107 556 3138 ut
577 3103 661 3138 inde
684 3101 907 3148 hypothecas
930 3101 1087 3138 habeant
1109 3106 1144 3137 et
1167 3112 1298 3138 usuras
1318 3101 1447 3145 besses,
1470 3102 1613 3137 etiamsi
1632 3102 1790 3148 scriptae
1813 3112 1887 3137 non
1910 3103 1993 3145 sint,
2016 3103 2240 3149 percipiant.
2287 3103 2368 3139 Nos

132 3151 258 3197 iqitur‚
290 3150 464 3201 quoniam
502 3147 590 3184 talia
622 3147 823 3183 communia
845 3151 931 3182 sunt
953 3150 988 3182 et
1013 3146 1127 3182 multa
1151 3146 1440 3182 consideratione
1463 3149 1581 3192 eqent,
1605 3146 1655 3181 ad
1676 3157 1720 3182 ea
1743 3145 1797 3181 uti
1820 3147 1985 3182 convenit
2005 3146 2276 3193 respondemus.
2324 3147 2368 3184 Si

133 3196 215 3242 quis
238 3205 331 3230 enim
348 3194 537 3240 publicum
560 3193 835 3228 instrumentum
856 3191 999 3237 fecerit,
1026 3195 1208 3243 totumque
1229 3202 1297 3227 sua
1315 3202 1424 3226 manu
1446 3191 1645 3237 scripserit,
1665 3190 1721 3227 vel
1742 3191 1850 3227 etiam
1873 3191 1918 3227 ab
1942 3191 2026 3227 aliis
2045 3192 2263 3238 conscriptis
2284 3193 2367 3229 sub-

132 3239 321 3286 scripserit
343 3239 417 3274 sive
439 3238 686 3274 instrumentis
708 3238 783 3272 sive
805 3236 1017 3278 ratiociniis,
1041 3246 1234 3279 sancimus,
1258 3240 1298 3272 ut
1322 3237 1352 3271 is
1375 3235 1523 3282 eiusque
1547 3234 1696 3271 heredes
1719 3236 1884 3271 omnibus
1906 3236 2022 3272 modis
2034 3239 2224 3273 teneantur
2235 3248 2367 3284 perso-

134 3285 276 3320 nalibus
307 3284 443 3320 scilicet
472 3283 675 3319 actionibus
704 3281 864 3318 obnoxii.
913 3281 1039 3327 Neque
1069 3281 1163 3317 enim
1198 3286 1325 3318 temere
1356 3279 1596 3328 hypothecam
1627 3280 1790 3316 dabimus
1813 3281 1858 3317 iis
1882 3281 1945 3327 qui
1967 3281 2012 3317 de
2035 3281 2103 3317 hoc
2123 3285 2271 3328 pactum
2294 3293 2368 3318 non

182 3435 196 3466 l
224 3428 371 3474 ἤιτησεν
386 3431 435 3462 La
461 3429 473 3473 fl
495 3431 515 3463 3
540 3426 765 3475 πραγμάτων
789 3430 825 3462 Β
849 3428 862 3472 ΙΙ
885 3426 927 3462 τὸ
945 3442 1004 3462 om.
1024 3429 1060 3461 Β
1075 3427 1088 3472 ΙΙ
1115 3429 1136 3463 6
1159 3424 1213 3469 οὗ]
1281 3428 1364 3461 LB⁸
1379 3429 1484 3461 Anon.
1503 3428 1618 3470 Badt]
1635 3423 1679 3473 ἀγ
1702 3426 1797 3472 άφου
1814 3427 1925 3462 MaBs
1942 3424 2095 3506 gairto&
2113 3424 2134 3462 ό
2159 3428 2267 3472 νόμος
2282 3431 2335 3464 ΒΓ
2354 3435 2367 3475 ss

135 3476 165 3510 εἰ
189 3477 236 3510 L¹
253 3477 264 3518 ss
282 3473 478 3518 κτήσονται
500 3476 543 3515 L]
568 3474 758 3517 κτήσοιντο
784 3474 859 3507 ΜΒ
875 3473 887 3518 ΙΙ
908 3477 925 3507 7
950 3471 1216 3517 καταβαλόντες
1287 3475 1326 3507 17
1352 3471 1502 3516 ἑτοίμως
1519 3473 1568 3506 La
1583 3474 1595 3516 ΙΙ
1620 3475 1657 3508 18
1704 3473 1900 3516 επτότητος
1916 3470 1938 3506 ἆ
1964 3472 2124 3506 ικεῖσθαι
2141 3475 2168 3507 L
2186 3474 2198 3518 ΙΙ
2219 3476 2259 3509 19
2283 3485 2366 3509 συν-

136 3523 167 3556 L
186 3521 198 3565 ΙΙ
215 3519 388 3564 διδόμενα
415 3520 448 3553 Β
470 3520 553 3563 vulq.
573 3519 585 3563 ΙΙ
608 3522 628 3554 9
652 3521 944 3565 προσγινομένοις
972 3531 1039 3552 cum
1066 3519 1216 3552 Haloan-
1284 3515 1523 3551 αλλάσσοντες
1548 3518 1617 3551 LB
1644 3518 1657 3561 ΙΙ
1683 3519 1868 3552 ποιοῦντες
1896 3519 1928 3551 L
1945 3518 1957 3562 ΙΙ
1976 3520 2018 3552 20
2050 3515 2194 3564 ἀγοραῖς
2220 3521 2270 3553 L‘
2285 3519 2297 3564 ΙΙ
2315 3520 2367 3553 οἰ-

136 3569 195 3599 ‹lro
218 3568 305 3608 vulq.
329 3566 342 3610 ΙΙ
371 3567 408 3599 11
435 3562 560 3606 νόμον]
589 3565 667 3598 Cod.
693 3566 724 3604 4,
749 3572 795 3600 32.
813 3571 849 3598 26
874 3569 888 3601 ,δ
910 3571 926 3597 2
950 3569 962 3607 ΙΙ
990 3565 1030 3598 12
1054 3563 1131 3596 τῶν
1154 3562 1214 3596 τό-
1283 3565 1373 3604 κείᾳ]
1399 3560 1474 3595 ἰδία
1498 3563 1529 3596 L
1545 3562 1558 3606 ΙΙ
1577 3564 1612 3596 21
1641 3563 1822 3618 γράψαιεν
1845 3563 1927 3604 LB]
1955 3562 2130 3609 γράψοιεν
2154 3565 2201 3597 M
2210 3564 2223 3608 ΙΙ
2240 3563 2367 3598 συναλ-

136 3623 212 3644 κων
237 3611 287 3644 Rs
314 3612 325 3652 ΙΙ
355 3612 395 3644 13
421 3607 460 3642 δὲ
485 3610 531 3642 13⁸
552 3622 583 3642 υ.
602 3610 621 3643 l.
647 3609 660 3652 ΙΙ
689 3612 729 3643 14
761 3605 956 3662 συμφώνου
979 3607 1104 3650 μόνου]
1131 3619 1215 3651 συμ-
1284 3604 1477 3641 λάσσοντες
1503 3608 1537 3640 Β
1554 3607 1566 3650 ΙΙ
1585 3609 1626 3640 22
1659 3607 1895 3662 αποχρῆσθαι
1918 3609 1949 3641 L
1965 3608 1978 3652 ss
1998 3610 2040 3642 23
2068 3603 2190 3642 αὑτῶν
2215 3611 2366 3644 Haloan-

137 3658 367 3700 φωνουμένου
386 3656 413 3688 L
432 3655 444 3697 ΙΙ
465 3656 503 3688 15
522 3648 584 3687 ὅτε
600 3667 658 3688 om.
676 3655 726 3687 La
741 3654 753 3697 11
773 3657 879 3688 *ουτε
899 3654 1008 3687 MLB
1026 3653 1038 3697 ΙΙ
1056 3650 1116 3686 διὰ
1134 3654 1215 3694 LB]
1285 3654 1354 3693 der]
1373 3649 1495 3686 αὐτῶν
1511 3653 1623 3686 MLB
1640 3651 1653 3696 ΙΙ
1671 3655 1714 3687 24
1730 3651 1920 3695 υποθήκας
1936 3654 2026 3695 ΜΒ]
2043 3655 2103 3686 καὶ
2127 3649 2319 3697 ὑποθήκας
2333 3656 2365 3688 L

136 3702 196 3734 καὶ
220 3697 280 3734 διὰ
306 3701 351 3736 M
366 3701 378 3743 ss
409 3701 448 3734 16
472 3701 531 3733 καὶ
555 3698 632 3734 τῶν
659 3700 728 3741 Bt,
754 3699 810 3733 Be
833 3711 862 3733 v.
883 3699 903 3732 l.
922 3698 934 3743 ΙΙ
959 3695 1136 3744 ἀγράφων
1152 3696 1216 3731 Μὁ
1283 3697 1353 3743 [126
1378 3697 1469 3743 πρὸς
1493 3710 1552 3732 om.
1576 3698 1627 3731 [ια
1643 3698 1655 3738 ΙΙ
1675 3699 1715 3732 27
1741 3701 1812 3740 καὶ]
1837 3695 1860 3742 ἢ
1881 3699 2095 3738 Ηαῖοαηᾰενς
2127 3700 2234 3734 malim
2256 3696 2281 3746 ἢ
2303 3703 2363 3734 καὶ
