2618 4010
263 120 375 165 Nov„
405 117 627 163 LXXXVI
661 120 765 161 1-3
1330 102 1414 163 420
1686 131 1687 134 ¹
1878 129 1940 161 m·
1966 125 2270 161 uma-mmmm
2294 103 2475 157 nmxcn‘s

266 232 445 275 προςιέναι
468 229 521 271 τῷ
539 226 784 272 λαμπροτάτῳ
806 227 869 271 τῆς
890 228 1060 273 ἐπαρχίας
1083 223 1248 271 ἄρχοντι,
1272 222 1334 271 ἐφ’
1404 223 1608 269 provinciae
1621 224 1784 267 iudicem,
1806 226 1849 260 ut
1865 228 1904 262 et
1915 226 1995 276 ipae
2010 227 2204 263 secundum
2220 228 2361 261 nostras
2379 223 2474 270 leges

264 266 337 318 ᾧτε
367 270 482 307 αὐτὸν
512 271 604 306 κατὰ
635 271 717 306 τοὺς
739 270 926 318 ἡμετέρους
951 271 1081 315 νόμους
1104 269 1271 311 ἐξετάσαι
1292 270 1340 305 τὰ
1407 268 1585 304 examinet
1599 278 1643 304 ea
1665 279 1758 314 quae
1772 274 2020 315 proponuntur
2041 276 2078 307 et
2093 271 2282 315 unicuique
2302 269 2474 305 iustitiam

265 316 595 364 προςαγγελλόμενα
624 319 684 350 καὶ
715 316 857 360 ἑκάστῳ
888 317 931 351 τὸ
965 315 1105 350 δίκαιον
1135 313 1338 361 φυλάττειν.
1408 317 1533 350 servet.
1581 312 1620 348 Si
1641 322 1724 351 tero
1748 313 1833 349 (lum
1851 312 1982 360 aliquh
2006 316 2134 352 adierit
2156 316 2310 351 iudicem
2332 314 2474 360 provin·

265 364 296 396 εἰ
327 360 366 396 δὲ
395 362 552 407 προςιών
582 372 635 395 τις
665 362 719 404 τῷ
751 360 899 407 ἄρχοντι
933 362 997 404 τῆς
1026 360 1142 406 χώρας
1170 359 1220 403 μὴ
1250 359 1340 404 τύχη
1408 359 1485 394 ciae
1507 368 1579 394 non
1599 358 1766 394 meruerit
1789 359 1971 404 iustitiam,
1993 363 2081 397 tunc
2094 361 2258 397 iubemus
2282 369 2361 395 eum
2378 358 2476 394 adire

264 408 341 442 τῶν
372 405 536 449 δικαίων,
569 405 654 440 τότε
683 405 871 451 κελεύομεν
902 403 1016 439 αὐτὸν
1045 403 1258 450 προςελθεῒκν
1285 396 1338 448 τῷ
1376 407 1395 438 5
1408 413 1511 439 suum
1534 403 1797 439 sanctissimum
1821 404 1940 449 episco
1966 415 2044 450 um,
2070 410 2106 442 et
2127 406 2244 452 ipsum
2268 405 2405 440 mittere
2428 403 2476 438 ad

265 452 357 486 κατὰ
377 452 445 486 τὸν
462 451 578 486 τόπον
602 448 796 495 ὁσιωτάτῳ
821 450 1022 493 ἐπισκόπῳ,
1046 453 1106 484 καὶ
1122 447 1238 484 αὐτὸν
1252 452 1339 494 πέμ-
1409 447 1641 484 clariesimum
1670 447 1876 493 provinclae
1906 414 2058 486 iaticum
2090 454 2153 486 ant
2186 461 2250 496 per
2285 460 2324 485 se
2357 448 2476 484 venire

265 508 334 542 ψαι
366 497 455 542 πρὸς
477 496 545 531 τὸν
564 495 822 541 λαμπρότατον
844 497 906 538 τῆς
927 497 1096 540 ἐπαρχίας
1119 493 1294 540 ἄρχοντα,
1318 492 1340 537 ἢ
1408 492 1454 528 ad
1473 502 1565 535 eum,
1588 498 1625 529 et
1640 502 1856 538 praeparare
1878 503 1959 529 eum
1979 497 2022 530 ut
2039 496 2202 532 omnibus
2221 495 2335 531 modis
2354 493 2477 529 audiat

265 544 324 575 καὶ
342 538 391 576 δι’
411 542 539 576 ἑαυτοῦ
565 541 837 588 παραγενέσθαι
870 541 958 585 πρὸς
988 538 1112 580 αὐτόν,
1144 543 1203 573 καὶ
1226 552 1341 585 παρα-
1409 537 1693 583 interpellantem
1727 540 1765 573 et
1797 538 1923 574 liberet
1957 548 2037 575 eum
2072 550 2153 576 cum
2182 540 2320 576 iustitia
2349 548 2475 574 secun-

265 585 436 620 σκευάσαι
462 583 576 622 αὐτὸν
606 587 665 620 ἵνα
695 587 785 621 πᾶσι
809 585 954 630 τρόποις
985 582 1121 631 ἀκούσῃ
1152 586 1216 618 τοῦ
1241 595 1341 629 προς·
1410 583 1495 618 dum
1518 585 1660 619 nostras
1683 583 1796 636 leges,
1827 587 1868 618 ut
1890 593 1962 619 non
1986 588 2132 630 cogatur
2160 595 2306 630 peregre
2335 585 2379 620 de
2411 593 2478 619 sua

266 630 384 666 ιόντος
418 634 479 665 καὶ
508 628 697 675 ἇπαλλάξη
731 628 843 664 αὐτὸν
873 630 965 674 μετὰ
989 630 1053 663 τοῦ
1078 627 1216 663 δικαίου
1250 629 1341 663 κατὰ
1358 631 1398 662 10
1409 627 1527 673 patria
1556 627 1746 673 proficiam.
1795 627 1832 663 Si
1855 638 1937 664 vero
1969 629 2075 664 etiam
2106 630 2329 665 sanctissimo
2359 628 2476 664 archi-

265 675 347 711 τοὺς
369 673 557 722 ἡμετέρους
578 668 718 721 νόμους,
743 672 830 709 ὥςτε
852 675 901 719 μὴ
923 672 1204 719 ἀναγκασθῆναι
1230 671 1343 708 αὐτὸν
1410 673 1578 719 episcopo
1615 672 1847 717 compellente
1881 673 2034 709 iudicem
2073 684 2153 710 cum
2187 674 2324 710 iustitia
2359 674 2476 710 deter-

266 718 467 766 οἷποδημεῖν
490 723 553 765 τῆς
569 719 660 755 ἰδίας
681 718 859 765 πατρίδος.
905 720 936 753 εἰ
959 717 999 753 δὲ
1021 723 1080 752 καὶ
1103 721 1168 754 τοῦ
1187 717 1341 753 ὁσιωτά-
1409 717 1546 753 minare
1575 718 1876 763 interpellantium
1908 728 2036 755 causas
2065 718 2172 754 iudex
2201 718 2318 754 differt
2344 719 2476 754 discer-

266 780 329 801 του
353 766 552 801 ἐπισκόπου
576 769 779 813 ἐπείγοντος
809 766 876 799 τὸν
899 763 1057 809 ἄρχοντα
1087 764 1179 809 μετὰ
1202 765 1266 798 τοῦ
1291 761 1342 797 δι·
1410 772 1496 799 nere
1525 763 1705 808 negotium
1737 767 1773 798 et
1796 774 1868 798 non
1897 768 2013 799 servet
2042 763 2264 808 litigantibus
2294 764 2477 805 iustitiam,

266 815 366 845 καίοι)
383 810 549 846 διαλῦσαι
569 811 615 846 τὰ
629 813 706 845 τῶν
723 810 946 856 προςιόντων
970 809 1165 855 πράγματα
1182 807 1201 843 ὁ
1220 808 1343 854 ἅρχων
1410 808 1572 844 iubemus
1596 808 1859 844 sanctissimum
1884 809 2036 845 civitatis
2051 809 2147 844 illius
2170 809 2376 854 episcopum
2392 809 2478 844 dare

267 854 564 901 διαναβάλλεται,
595 854 619 899 ἢ
641 859 753 901 κρίνει
782 857 850 900 μὲν
873 855 941 898 τὴν
972 853 1167 896 ὑπόθεσιν,
1197 855 1246 898 μὴ
1279 868 1342 900 φυ-
1358 857 1398 888 15
1410 854 1457 890 ad
1479 863 1545 889 nos
1568 852 1706 889 litteras
1737 853 1771 889 ei
1802 853 1862 898 qui
1893 864 1966 890 non
1995 854 2124 890 meruit
2154 853 2248 898 quod
2270 854 2400 890 iustum
2423 857 2479 889 est

268 901 362 942 λάξει
387 899 426 935 δὲ
447 904 521 935 τοῖς
544 904 763 946 κρινομένοις
785 901 828 934 τὸ
851 898 1002 942 δίκαιον,
1027 901 1264 944 ἐπιτρέπομεν
1287 900 1340 942 τῷ
1411 898 1643 942 insinuantes,
1668 898 1750 943 quia
1773 902 1920 935 coactus
1943 899 1989 935 ab
2014 909 2056 935 eo
2073 899 2179 934 iudex
2197 898 2335 935 distulit
2355 898 2479 934 audire

267 943 458 990 ὁσιωτάτῳ
483 946 673 989 έπισκόπῳ
697 947 830 988 ἐκείνης
851 946 914 988 τῆς
929 944 1068 979 πόλεως
1095 942 1222 979 δοῦναι
1253 944 1342 990 πρὸς
1410 943 1694 989 interpellantem
1724 948 1761 979 et
1790 943 1949 980 iudicare
1979 945 2070 980 inter
2101 954 2182 979 eum
2212 948 2249 978 et
2271 943 2332 988 qui
2361 944 2406 979 ab
2437 953 2478 978 eo

266 988 357 1046 {stae
379 992 573 1038 γράμματα
596 992 649 1046 tq}
673 991 723 1035 μὴ
746 990 893 1033 τυχόντι
916 991 980 1024 τοῦ
1003 988 1140 1023 δικαίου
1164 987 1341 1033 δηλοῦντα
1412 992 1605 1025 conventus
1634 994 1707 1031 est3
1743 992 1782 1023 ut
1811 989 1899 1024 haec
1932 993 2185 1034 cognoscentes
2214 998 2279 1024 nos
2306 988 2481 1034 supplicia

266 1050 327 1070 οτι
351 1036 531 1079 ἐπειχθεὶς
554 1048 630 1081 παρ
665 1033 775 1070 αὐτοῦ
797 1033 816 1069 ὁ
833 1035 954 1079 ἅρχων
971 1031 1167 1120 ἀνεέάλετο
1190 1032 1341 1069 ἀκοῦσαι
1409 1034 1602 1069 inferamus
1635 1033 1745 1069 iudici
1775 1034 1994 1079 provinciae,
2031 1035 2125 1080 quod
2154 1033 2399 1079 interpellatus
2433 1033 2480 1068 ab

266 1082 331 1115 τοῦ
348 1081 564 1126 προςιόντος,
588 1084 649 1114 καὶ
665 1079 845 1126 διακρῖναι
868 1080 915 1114 τὰ
937 1093 1027 1124 μετα
1052 1080 1071 1113 ὺ
1097 1077 1207 1114 αὐτοῦ
1228 1094 1268 1114 τε
1282 1083 1341 1114 καὶ
1356 1082 1397 1115 20
1411 1089 1452 1114 eo
1484 1079 1545 1124 qui
1572 1078 1782 1114 iniustitiam
1812 1089 1942 1124 passus
1966 1083 2020 1115 est
2052 1084 2088 1115 et
2111 1083 2256 1115 coactus
2285 1088 2308 1114 a
2330 1078 2480 1113 sanctis-

267 1127 332 1160 τοῦ
364 1123 456 1172 παρ>
484 1123 593 1160 αὐτοῦ
631 1128 671 1160 ἐν
702 1125 854 1160 αἰτιάσει
889 1128 1098 1172 γενομένου·
1135 1125 1196 1159 ἵνα
1225 1126 1341 1159 ταῦτα
1410 1124 1498 1160 simo
1528 1123 1795 1170 archiepiscopo
1826 1135 1898 1161 non
1920 1125 2128 1161 iudicaverit
2159 1134 2249 1169 quae
2279 1124 2316 1159 in
2340 1122 2481 1158 dubita-

267 1171 415 1217 γνόντες
434 1169 533 1216 ἡμεῖς
547 1175 722 1216 τιμωρίας
738 1171 930 1215 ἐπάξωμεν
946 1172 1000 1213 τῷ
1018 1171 1080 1213 τῆς
1096 1172 1266 1216 ἐπαρχίας
1281 1169 1340 1215 ἆρ-
1409 1170 1542 1205 tionem
1564 1172 1747 1205 venerunt.

267 1229 386 1259 χοντι,
422 1213 482 1262 ἐφ’
509 1215 559 1250 οἷς
589 1220 649 1249 καὶ
680 1216 947 1261 προςελευσθεὶς
977 1216 1076 1260 παρὰ
1105 1216 1169 1249 τοῦ
1202 1213 1342 1250 ἀδικου-

267 1265 376 1306 μένου
406 1265 465 1295 καὶ
489 1262 670 1304 ἐπειχθεὶς
701 1262 800 1307 παρὰ
829 1262 894 1296 τοῦ
919 1258 1123 1295 dcimam>
1146 1260 1343 1296 ὼτισκόπου

268 1304 310 1340 οὐ
333 1305 486 1352 διέκρινε
508 1307 555 1340 τὰ
580 1303 897 1353 ἀμφιεβητούμενα
1359 1307 1402 1340 25

1262 1394 1417 1430 CAPUT
1446 1394 1494 1430 ΙΙ.

314 1465 360 1499 Εἰ
383 1462 423 1499 δὲ
445 1465 563 1512 συμβῇ
585 1477 671 1499 τινα
693 1465 771 1499 τῶν
794 1462 979 1509 ἡμετέρων
1003 1460 1177 1507 ὑπηκόων
1201 1464 1241 1497 ἐν
1255 1459 1343 1498 ὑπο·
1462 1462 1500 1497 Si
1530 1472 1611 1498 vero
1644 1462 1833 1507 contigerit
1863 1463 2039 1508 quendam
2070 1464 2272 1498 nostrorum
2304 1461 2483 1497 subiecto-

269 1515 339 1556 ψίᾳ
362 1512 455 1553 &ew
478 1510 546 1544 τὸν
569 1508 735 1557 ἄρχοντα,
759 1508 946 1553 κελεύομεν
968 1510 1021 1552 τῷ
1043 1506 1237 1551 ὁσιωτάτῳ
1268 1510 1344 1543 ἐπι·
1413 1518 1491 1543 rum
1514 1508 1550 1542 in
1572 1507 1791 1543 dubitatione
1811 1509 1943 1544 habere
1963 1508 2128 1551 iudicem,
2151 1507 2312 1543 iubemus
2332 1506 2482 1542 Sanctis-

270 1555 398 1599 σκόπῳ
422 1555 698 1601 συνακροᾶσθαι
721 1556 773 1597 τῷ
799 1553 1043 1601 λαμπροτάτῳ
1068 1553 1232 1599 ἄρχοντι,
1258 1550 1345 1587 dim
1414 1552 1540 1587 simum
1564 1553 1870 1598 archiepiscopum
1893 1553 2017 1590 audire
2036 1563 2117 1588 cum
2139 1551 2333 1588 clarissimo
2356 1551 2484 1593 iudice,

270 1598 490 1646 ἀμφοτέρους
512 1598 536 1643 ἢ
558 1600 651 1634 κατὰ
675 1599 821 1646 φιλικὴν
852 1602 1074 1643 συμβίβασιν
1108 1597 1276 1632 διαλῦσαι
1298 1598 1345 1632 τὰ
1414 1602 1454 1632 ut
1484 1597 1588 1633 ambo
1619 1603 1682 1633 aut
1712 1608 1775 1643 per
1797 1599 2018 1636 amicabilem
2051 1602 2261 1634 conventum
2292 1596 2485 1632 dissolvant

269 1642 585 1692 ἇμφιςβητούμενα
618 1643 639 1688 ἢ
668 1645 759 1679 κατὰ
783 1648 1082 1689 παρασημείωσιν
1113 1646 1292 1690 ἔγγραφον
1323 1641 1346 1686 ἢ
1358 1645 1401 1677 30
1416 1653 1508 1687 quae
1546 1643 1653 1678 dubia
1691 1646 1791 1683 sunt.
1831 1648 1894 1679 aut
1934 1654 2001 1689 per
2039 1643 2304 1679 adnotationem
2341 1642 2484 1686 scriptis

270 1689 539 1738 διαγνωστικῶς
562 1688 742 1736 διακρῖναι
765 1688 812 1723 τὰ
828 1689 962 1734 μεταξὺ
987 1689 1064 1723 τῶν
1088 1686 1345 1734 δικαζομένων,
1414 1689 1548 1723 factam
1578 1692 1641 1723 aut
1665 1689 1949 1732 cognitionaliter
1979 1688 2158 1724 iudicetur
2187 1688 2281 1723 inter
2305 1686 2484 1731 litigantes

269 1739 330 1771 καὶ
358 1735 478 1771 τύπον
509 1733 635 1770 δοῦναι
669 1735 737 1769 τὸν
772 1735 824 1778 τῷ
858 1733 987 1778 δικαίῳ
1023 1737 1083 1767 καὶ
1117 1737 1189 1768 τοῖς
1224 1733 1347 1778 νόμοις
1415 1735 1451 1769 et
1480 1733 1596 1768 forma
1627 1733 1731 1769 detur
1758 1734 1916 1769 iustitiae
1947 1734 2152 1779 legibusque
2183 1733 2410 1775 conveniens,
2445 1735 2485 1766 ut

269 1785 536 1826 συμβαίνοντα,
570 1777 658 1814 ὥςτε
680 1780 728 1826 μὴ
750 1779 1095 1834 καταναγκάζεσθαι
1117 1779 1199 1813 τοὺς
1223 1776 1346 1824 ἡμετέ-
1415 1788 1488 1814 non
1505 1780 1677 1823 cogantur
1699 1780 1813 1814 nostri
1837 1780 1988 1815 subiecti
2009 1783 2155 1824 propter
2177 1776 2380 1814 huiusmodi
2399 1786 2484 1813 cau-

269 1837 350 1873 ρους
383 1823 561 1869 ὑπηκόους
595 1823 656 1859 διὰ
691 1826 756 1860 τὰς
789 1835 957 1859 τοιαυτας
993 1825 1108 1859 αἰτίας
1142 1822 1347 1868 ἀποστῆναι
1416 1833 1474 1859 sas
1498 1823 1664 1859 recedere
1687 1833 1709 1858 a
1731 1825 1878 1870 propria
1900 1823 2028 1870 patria.

269 1873 333 1916 τῆς
355 1869 448 1906 ἰδίας
470 1868 651 1916 πατράῖος.
1360 1870 1403 1904 35

1253 1958 1410 1994 CAPUT
1435 1958 1502 1994 111.

327 2029 372 2064 Εἰ
395 2026 438 2063 δι’
456 2039 510 2063 τις
533 2027 695 2072 οἰόμενος
717 2027 812 2069 ἔχειν
840 2023 932 2060 κατά
961 2037 1058 2060 τινος
1081 2022 1227 2071 ἀγωγὴν
1250 2025 1346 2060 οἱαν-
1472 2025 1510 2060 Si
1540 2026 1620 2070 quis
1650 2035 1733 2061 vero
1764 2025 1957 2060 aestimans
1987 2024 2119 2060 habere
2153 2034 2193 2060 se
2221 2025 2391 2061 adversus
2420 2025 2485 2060 ali-

270 2073 407 2119 δήποτε
434 2073 526 2118 μήτε
556 2074 608 2115 τῷ
634 2071 879 2116 λαμπροτάτῳ
911 2072 972 2114 τῆς
1001 2073 1171 2116 ἐπαρχίας
1202 2069 1350 2115 ἄρχοντι
1419 2080 1522 2114 quem
1557 2070 1749 2115 quamlibet
1778 2070 1954 2105 actionem
1988 2079 2103 2115 neque
2138 2069 2368 2106 clarissimum
2404 2081 2486 2115 pro-

268 2162 478 2216 provinciae
497 2160 702 2207 praesidem
726 2159 854 2201 adeat,
883 2163 923 2194 ut
946 2159 1006 2194 ille
1027 2158 1222 2194 secundum
1255 2158 1351 2204 leqes
1374 2162 1520 2193 nostras
1550 2168 1644 2203 quae
1667 2157 1927 2193 denuntiantur
1949 2158 2143 2200 examinet,
2175 2162 2209 2193 et
2230 2168 2334 2193 suum
2361 2159 2488 2205 cuique

269 2218 328 2244 ius
349 2211 474 2243 servet.
523 2204 565 2241 Si
587 2205 670 2251 quis
693 2215 777 2241 vero
801 2214 881 2239 cum
897 2203 1104 2249 praesidem
1127 2203 1339 2249 provinciae
1362 2203 1505 2244 adierit,
1529 2203 1586 2237 ius
1605 2213 1680 2238 non
1700 2206 1913 2238 consecutus
1935 2202 1993 2244 sit,
2019 2207 2103 2237 tunc
2116 2203 2364 2249 praecipimus
2385 2209 2424 2238 ut
2439 2203 2489 2238 ad

269 2252 531 2290 sanctissimum
555 2250 656 2285 illius
680 2249 750 2285 loci
772 2250 981 2296 episcopum
1005 2248 1167 2291 accedat,
1192 2252 1303 2294 atque
1321 2248 1353 2283 is
1372 2248 1421 2283 ad
1436 2248 1673 2283 clarissimum
1694 2248 1906 2299 provinciae
1926 2247 2131 2294 praesidem
2154 2248 2284 2290 mittat,
2309 2248 2365 2284 vel
2380 2249 2486 2284 etiam

270 2298 349 2346 ipse
370 2307 450 2333 eum
473 2295 681 2337 conveniat,
716 2298 824 2340 atque
855 2293 996 2339 efficiat
1031 2298 1073 2329 ut
1096 2293 1259 2329 omnibus
1281 2293 1397 2329 modis
1428 2297 1588 2328 actorem
1617 2292 1745 2328 audiat
1773 2303 1924 2339 eumque
1955 2303 2034 2327 cum
2065 2293 2145 2328 iure
2176 2292 2369 2328 secundum
2393 2293 2489 2340 leqes

271 2346 419 2379 nostras
441 2340 610 2384 dimittat,
642 2350 686 2375 ne
710 2339 771 2375 ille
793 2349 843 2374 ex
859 2339 989 2385 patria
1011 2349 1079 2374 sua
1106 2349 1263 2384 pereqre
1286 2338 1387 2373 abire
1409 2341 1573 2384 coqatur.
1622 2335 1665 2372 Si
1686 2348 1768 2373 vero
1792 2338 1901 2373 etiam
1930 2338 2156 2373 sanctissimo
2187 2338 2359 2384 episcopo
2381 2349 2488 2384 prae-

270 2388 382 2424 sidem
404 2385 646 2433 compellente,
677 2388 719 2420 ut
739 2384 832 2419 iuste
855 2385 1001 2430 neqote'a
1024 2383 1330 2435 interpellantium
1353 2383 1510 2424 dirimat,
1533 2393 1682 2436 praeses
1705 2382 1864 2428 differat,
1894 2383 1951 2419 vel
1971 2393 2117 2418 causam
2140 2383 2281 2428 quidem
2306 2383 2488 2425 diiudicet,

271 2432 497 2486 litiqantibus
519 2441 604 2466 vero
627 2430 685 2465 ius
707 2440 781 2465 non
804 2433 936 2471 servet,
962 2429 1206 2476 permittimus
1227 2429 1455 2464 sanctissimo
1486 2428 1583 2463 illius
1613 2428 1769 2463 civitatis
1799 2439 1819 2463 e
1846 2428 1969 2474 iscopo
2001 2428 2141 2463 litteras
2171 2427 2221 2462 ad
2249 2439 2317 2463 nos
2340 2428 2430 2463 dare
2456 2429 2491 2463 ei

271 2489 335 2525 qui
357 2479 415 2513 ius
436 2487 540 2512 suum
563 2486 638 2511 non
660 2479 873 2510 consecutus
896 2477 959 2516 est,
991 2484 1085 2520 quae
1108 2473 1293 2509 declarent
1325 2473 1546 2520 compulsum
1569 2483 1593 2508 a
1615 2483 1653 2508 se
1673 2472 1799 2524 praes-i
1824 2483 1878 2508 em
1907 2472 2151 2519 supersedisse
2173 2476 2331 2508 actorem
2362 2472 2490 2508 audire

273 2527 382 2570 atque
406 2522 502 2557 litem
524 2522 621 2557 inter
643 2531 722 2555 eum
752 2524 787 2555 et
816 2519 878 2571 qui
910 2518 954 2554 ab
985 2529 1028 2554 eo
1053 2518 1268 2565 postulatus
1290 2519 1339 2554 sit
1358 2518 1547 2559 dirimere,·
1581 2522 1622 2553 ut
1645 2516 1701 2553 lus
1724 2518 1880 2564 coqnitis
1911 2529 1979 2553 nos
2003 2528 2147 2564 poenas
2178 2517 2381 2563 inferamus
2400 2529 2489 2564 pro-

271 2569 409 2605 vinciae
424 2565 611 2647 pradesidi,
643 2564 742 2618 quod
763 2568 799 2600 et
820 2563 1071 2610 interpellatus
1093 2563 1138 2598 ab
1162 2574 1204 2599 eo
1229 2563 1293 2609 qui
1316 2563 1451 2599 iniuria
1474 2563 1628 2609 affectus
1650 2566 1705 2598 est
1735 2568 1772 2598 et
1793 2563 1999 2609 compulsus
2021 2573 2045 2597 a
2067 2563 2294 2598 sanctissimo
2318 2563 2489 2610 episcopo

273 2615 370 2650 litem
393 2623 468 2648 non
515 2612 683 2647 iremerit.

407 2657 454 2693 H.
502 2656 546 2692 Si
573 2657 655 2702 quis
682 2665 764 2691 vero
800 2665 850 2690 ex
879 2653 1015 2689 nostris
1046 2653 1214 2689 subiectis
1246 2654 1349 2699 forte
1381 2652 1585 2699 praesidem
1618 2655 1820 2700 suspectum
1852 2651 2001 2694 habeat,
2035 2652 2196 2688 iubemus
2229 2652 2489 2688 sanctissimum

273 2704 481 2752 episcopum
511 2712 585 2737 una
617 2711 696 2736 cum
727 2698 927 2734 clarissimo
953 2698 1122 2745 praeside
1153 2708 1298 2734 causam
1330 2698 1475 2740 audire,
1507 2703 1549 2733 ut
1571 2697 1675 2733 ambo
1708 2697 1765 2734 vel
1786 2697 1966 2733 amicabili
1995 2708 2073 2732 com
2103 2697 2254 2733 ositione
2277 2698 2372 2734 litem
2396 2708 2489 2733 com-

270 2753 415 2798 ponant
446 2747 502 2784 vel
523 2757 596 2793 per
616 2745 888 2781 adnotationem
917 2744 955 2778 in
982 2743 1128 2790 scriptis
1149 2743 1290 2789 factam
1321 2747 1384 2779 aut
1407 2743 1700 2789 coqnitionaliter
1730 2742 1825 2777 inter
1849 2742 2032 2787 litigantes
2079 2741 2266 2784 iiudicent,
2293 2747 2330 2778 et
2351 2749 2489 2778 senten-

276 2795 362 2831 tiam
385 2793 471 2829 dent
491 2792 565 2827 iuri
588 2790 795 2838 leqibusque
817 2792 1112 2830 consentaneam,
1136 2799 1180 2824 ne
1195 2788 1312 2824 nostri
1334 2788 1487 2824 subiecti
1498 2792 1659 2835 propter
1681 2786 1856 2823 eiusmodi
1879 2797 2009 2822 causas
2024 2797 2075 2823 ex
2087 2788 2211 2833 patria
2227 2797 2294 2822 sua
2310 2786 2491 2823 discedere

347 2843 466 2874 antur.

275 2850 346 2886 ⁶⁰9
410 2882 476 2918 III.
523 2879 660 2924 Quodsi
679 2879 760 2926 quis
775 2889 1036 2925 quamcumque
1058 2878 1236 2914 actionem
1258 2888 1335 2913 sese
1357 2877 1531 2914 adversus
1554 2877 1709 2924 aliquem
1733 2875 1864 2912 habere
1885 2880 1989 2912 ratus
2011 2887 2126 2923 neque
2146 2877 2382 2912 clarissimum
2402 2888 2490 2924 pro-

339 2977 355 3010 1
379 2971 526 3017 ἄρχοντι
548 2971 610 3014 τῆς
633 2971 804 3015 ἐπαρχίας
826 2968 876 3003 ΒΓ
900 2969 913 3013 ΙΙ
944 2970 964 3003 2
989 2965 1113 3010 αὐτὸν]
1146 2970 1178 3001 et
1200 2968 1269 3011 ipse
1290 2979 1311 3004 ς·
1418 2969 1460 3002 35
1482 2965 1572 3002 ἰδίας
1596 2982 1654 3002 om.
1668 2969 1697 3001 A
1714 2967 1726 3011 ΙΙ
1746 2969 1788 3002 36
1808 2965 2024 3011 οἱανδήποτε
2046 2965 2234 3014 ἇγωγὴνΑ
2251 2967 2321 3012 1137
2342 2966 2432 3011 μήτε
2447 2969 2489 3009 A]

278 3017 502 3061 ἑξετάζεινᾼ
527 3018 540 3060 Β
566 3019 586 3051 3
610 3013 803 3049 ἑκάστουΑ
821 3015 833 3059 ΙΙ
859 3016 880 3049 6
904 3016 1057 3058 πέμψαι]
1080 3011 1102 3056 ἢ
1125 3015 1268 3057 πέμψαι
1285 3013 1317 3046 Δ
1339 3010 1344 3057 Ι
1417 3011 1507 3056 μηδὲ
1531 3014 1599 3047 LB
1622 3012 1671 3057 μὴ
1698 3014 1744 3046 Μ

280 3068 300 3101 8
324 3061 373 3098 δι’
401 3061 512 3098 αὐτοῦ
538 3063 588 3095 Βο
616 3061 630 3105 ΙΙ
657 3064 677 3095 9
709 3056 824 3094 αὐτὸν
848 3073 904 3093 om.
930 3062 961 3093 A
988 3061 1000 3102 ΙΙ
1033 3060 1073 3092 13
1103 3058 1193 3102 μετὰ
1211 3058 1275 3092 τοῦ
1301 3055 1352 3090 δι-

279 3113 382 3144 καίου
394 3106 573 3185 διαλῦσαὲ
594 3103 740 3140 δικάσαι
759 3103 847 3148 μετὰ
863 3105 927 3138 τοῦ
945 3101 1082 3137 δικαίου
1094 3105 1125 3137 A
1143 3104 1155 3148 ΙΙ
1174 3106 1213 3138 15
1227 3100 1352 3137 διανα-
2377 3099 2465 3104 -““
2477 3099 2486 3104 “

280 3153 437 3199 βάληται
458 3154 490 3187 A
513 3153 526 3196 ΙΙ
573 3148 846 3195 ιαναβάλλεται,
878 3146 901 3192 ἢ
924 3162 944 3182 κ
968 3151 1047 3191 ίνει]
1078 3149 1208 3182 differat
1231 3148 1351 3181 disoer—
1466 3150 1481 3182 1
1509 3150 1542 3181 et
1565 3150 1604 3181 ut
1626 3148 1758 3192 RT112
1779 3149 2030 3192 praeponuntur
2044 3146 2076 3180 T
2090 3145 2103 3190 ΙΙ
2119 3148 2139 3180 3
2163 3146 2270 3179 aderit
2286 3145 2332 3180 1¹¹
2348 3146 2362 3190 ΙΙ
2379 3147 2400 3179 4
2422 3155 2491 3178 me-

281 3210 360 3234 nete
384 3211 403 3235 ς
421 3203 434 3243 n
456 3198 579 3243 κρίνει]
604 3200 738 3241 κρίνειν
753 3196 799 3228 L¹
822 3197 925 3240 κρίνῃ
977 3197 999 3235 ⁰,
1024 3196 1138 3239 κρινεῖ
1155 3194 1319 3237 Scrimqer
1340 3191 1352 3237 ΙΙ
1418 3194 1488 3226 ruit
1508 3193 1565 3237 Vn
1581 3204 1655 3227 eum
1678 3206 1737 3227 om.
1750 3193 1799 3226 Β*
1817 3192 1830 3236 u
1853 3194 1872 3226 5
1897 3203 1992 3225 suum
2017 3205 2075 3224 om.
2098 3190 2155 3234 Vl}
2177 3193 2194 3224 Ἰ
2220 3193 2307 3232 eum]
2331 3200 2405 3223 cum
2427 3188 2488 3234 V'

282 3242 419 3288 φυλάξῃ
434 3244 469 3278 Β
492 3246 504 3285 ΙΙ
533 3244 571 3276 17
593 3239 783 3282 ἐπισκόπῳ
808 3241 939 3282 ἐκείνης
962 3239 1024 3281 τῆς
1048 3237 1185 3272 πόλεως
1199 3238 1254 3279 Μ]
1278 3238 1351 3272 ἐπι·
1420 3241 1439 3273 9
1471 3239 1511 3271 de
1540 3249 1599 3271 sua
1629 3238 1764 3282 propria
1796 3237 1864 3270 fisci
1889 3238 1922 3270 R
1951 3237 1963 3281 ΙΙ
1993 3239 2033 3271 10
2057 3239 2191 3268 sanctus
2221 3235 2486 3277 archiepiscopat

282 3280 409 3332 σκόπερ
429 3288 489 3331 τῆς
504 3285 642 3321 πόλεως
665 3287 841 3328 ἐκείνηςᾼ
865 3285 927 3327 τῆς
947 3281 1086 3318 πόλεως
1109 3284 1242 3326 ἐκείνης
1253 3283 1352 3325 (ἐκεί-
1421 3283 1669 3326 compellentem
1692 3282 1879 3326 (compellet
1900 3282 1960 3320 V3)
1989 3282 2045 3325 Vfl
2072 3282 2113 3315 12
2137 3281 2246 3314 differt
2269 3293 2327 3314 om.
2343 3279 2376 3313 Τ
2384 3278 2405 3319 ¹,
2429 3277 2485 3328 de-

282 3346 344 3377 νης
367 3348 425 3368 om.
440 3334 502 3375 ΒΕ)
525 3330 714 3373 ἐπισκόπῳ
739 3331 829 3366 LBc
851 3330 864 3374 ΙΙ
890 3331 931 3364 19
954 3325 1146 3372 ἀνεβάλετο
1171 3329 1250 3370 ΜΔ]
1275 3323 1353 3361 ἄνε·
1420 3330 1485 3361 fert
1507 3329 1557 3361 13¹
1589 3329 1719 3361 differat
1742 3340 1782 3362 vu
1824 3354 1829 3359 .
1852 3327 1864 3371 ΙΙ
1898 3329 1939 3361 14
1962 3326 2204 3359 sanctissimum
2224 3324 2371 3358 ciuitatis
2394 3321 2487 3355 mnu

284 3378 433 3423 βάλλετο
460 3379 525 3412 LB
550 3377 631 3455 'lm
656 3378 843 3422 γινομένου
868 3375 918 3408 Βε
935 3379 948 3418 ΙΙ
972 3375 1014 3408 22
1037 3376 1217 3418 τιμωρίαν
1240 3371 1324 3407 AB!
1342 3371 1354 3416 Η
1429 3374 1564 3416 Ῐῖυιιίφ]
1605 3373 1754 3407 ciuitatis
1787 3373 1794 3380 ”
1811 3372 1879 3405 lius
1911 3371 2156 3405 sanctissimum
2182 3370 2215 3404 T
2246 3367 2488 3418 sanctissimum

286 3427 328 3459 23
350 3420 408 3468 ἐφ’
434 3422 485 3457 οἷς
508 3435 551 3456 κτ
575 3448 582 3455 .
614 3422 786 3465 Reliquam
803 3428 930 3463 partem
948 3432 1019 3463 cap.
1041 3421 1070 3461 1,
1092 3422 1161 3453 item
1178 3430 1252 3462 cap.
1266 3419 1352 3452 2-—5
1420 3418 1513 3451 inlus
1537 3419 1683 3452 ciuitatis
1706 3418 1739 3452 R
1757 3417 1769 3462 ΙΙ
1787 3419 1828 3453 16
1851 3417 2079 3450 insinuantem
2106 3414 2184 3458 T²fl
2203 3415 2242 3449 18
2266 3413 2356 3453 haee]
2382 3412 2486 3463 nichil

286 3482 344 3502 om.
360 3469 409 3502 B!
421 3468 433 3511 ῃ
452 3470 511 3501 καὶ
535 3464 803 3514 προςελουσθεὶς
824 3465 934 3505 LAB]
960 3467 1019 3497 καὶ
1043 3477 1101 3497 om.
1116 3463 1176 3500 Mg
1191 3463 1204 3508 ΙΙ
1222 3464 1266 3498 24
1278 3463 1354 3497 ἐπι·
1429 3464 1489 3504 1⁷¹,
1515 3464 1575 3497 del.
1598 3462 1650 3497 V⁸
1674 3462 1689 3508 ΙΙ
1711 3464 1750 3497 21
1776 3463 1978 3506 archiepisco
2003 3460 2065 3505 Vll
2088 3457 2251 3493 iudicauit
2277 3455 2333 3508 T}
2354 3457 2486 3489 dubita-

285 3513 433 3554 σκόπου]
457 3514 704 3556 archiepiscopo
721 3524 740 3547 ς
757 3512 769 3552 ΙΙ
787 3511 828 3543 25
841 3507 1140 3554 ἀμφιβαλλόμενα
1152 3510 1183 3542 A
1202 3509 1214 3552 ΙΙ
1230 3510 1271 3543 27
1287 3507 1354 3542 τὸν
1420 3509 1511 3540 tione
1529 3509 1581 3552 Vu
1601 3510 1643 3543 26
1656 3508 1815 3551 quaedam
1833 3508 1877 3541 Τ·
1892 3508 1903 3552 Η
1917 3509 1956 3541 27
1971 3505 2211 3540 dubitationem
2225 3500 2312 3545 RTu
2324 3501 2486 3543 iubemus]

286 3553 488 3591 ὁσιώτατον
501 3558 698 3591 ἐπίσκοπον
712 3559 739 3589 Λ
758 3555 998 3588 sanctissimum
1012 3554 1298 3597 archiepiscopum
1311 3552 1355 3594 ςΙ
1421 3553 1577 3586 habemus
1592 3554 1635 3587 T¹
1652 3554 1665 3598 ΙΙ
1680 3555 1726 3588 28
1746 3554 1935 3596 episcopum
1950 3551 2074 3594 Ιίνιιις.
2091 3549 2105 3592 Ι
2121 3546 2246 3587 audire]
2271 3556 2399 3579 cauum
2415 3560 2442 3598 s.
2454 3559 2485 3579 υ.

287 3603 329 3635 29
353 3599 564 3647 ἀμφοτέρων
587 3603 618 3636 A
646 3602 660 3646 ΙΙ
685 3603 905 3645 συμβίβασιν
929 3599 1013 3641 ML]
1046 3595 1230 3642 σύμβασιν
1251 3598 1321 3632 AB
1342 3594 1355 3641 ΙΙ
1422 3599 1498 3631 add.
1517 3597 1567 3631 ΤΞ
1592 3598 1604 3642 ΙΙ
1629 3601 1671 3633 29
1695 3601 1755 3631 aut
1776 3611 1835 3632 om.
1858 3598 1890 3630 V
1936 3592 2107 3629 amicabile
2127 3591 2181 3635 Vl!
2209 3593 2250 3626 30
2274 3595 2488 3643 annotatione

288 3647 328 3680 31
353 3645 399 3679 τὰ
415 3649 516 3680 οηι.Α
531 3648 544 3688 R
562 3649 604 3681 32
627 3644 754 3680 δοῦναι
778 3658 836 3679 om.
850 3646 881 3678 L
899 3644 913 3689 fl
934 3643 1001 3678 τὸν
1024 3657 1082 3677 om.
1096 3645 1126 3677 A
1143 3644 1156 3682 ΙΙ
1179 3644 1221 3677 33
1244 3654 1352 3676 κατα·
1421 3643 1454 3676 R
1470 3643 1482 3686 ΙΙ
1507 3644 1550 3677 32
1573 3643 1702 3686 legibus
1726 3652 1810 3685 quae
1833 3642 1881 3676 R'
1943 3641 1986 3674 33
2007 3639 2146 3680 cogatur
2169 3636 2202 3670 R
2227 3636 2241 3681 Ι
2271 3640 2391 3669 Hostus
2413 3637 2458 3670 R¹
2477 3636 2490 3683 ΙΙ

287 3686 500 3732 δικάζεσθαι
525 3692 555 3723 L
591 3687 863 3736 ἀναγκάζεσθαι
889 3691 918 3722 Α
947 3690 959 3727 ΙΙ
988 3691 1031 3723 34
1054 3685 1254 3731 ἀποδημεῖν
1278 3689 1307 3722 A
1341 3689 1353 3731 Η
1422 3688 1464 3721 36
1488 3688 1679 3721 existimans
1702 3687 1835 3731 Ιίνιιις.
