2618 4010
157 182 159 185 .
188 160 247 193 DE
279 157 538 198 QUAEs‘roRE

188 260 226 292 ἐκ
248 262 372 294 τοίνυν
395 257 526 300 ταύτης
549 257 609 297 τῆς
631 260 754 301 πείρας
774 260 834 290 καὶ
858 255 981 303 ἕτερον
1005 270 1041 290 τι
1065 256 1263 301 θεραπείας

188 303 358 348 δεόμενον
381 300 752 349 προςμηχανήσασθαί
777 316 817 336 τε
841 306 899 336 καὶ
923 302 1076 347 ἐξευρεῖν
1099 300 1198 345 νόμῳ
1221 313 1260 334 τε

191 353 250 383 καὶ
274 348 361 398 ἀρχῇ
393 346 534 382 δίκαιον
556 344 780 394 ἡγησάμεθα.
828 344 975 394 εὕρομεν
1001 346 1069 394 γὰρ
1091 345 1148 380 ὅτι
1172 345 1263 380 κατὰ

188 393 316 440 μικρὸν
348 393 387 427 αἱ
415 394 483 437 μὲν
514 394 682 439 ἐπαρχίαι
710 394 788 426 τῶν
811 394 952 427 ἑαυτῶν
978 389 1176 440 οἰκητόρων
1206 404 1262 435 γυ-

187 442 371 483 μνοῦνται,
395 436 417 482 ἡ
438 436 570 484 μεγάλη
605 436 644 471 δὲ
668 434 757 480 αὕτη
782 437 882 473 πόλις
906 436 1008 483 ἡμῶν
1030 436 1262 479 διενοχλεῖται

189 483 381 528 πλήθουσα
412 481 600 529 διαφόρων
631 479 857 530 ἀνθρώπων,
889 487 948 517 καὶ
968 481 1126 527 μάλιστα
1150 496 1258 529 γεωρ-

188 532 284 586 γῶν,,
300 527 361 564 τάς
383 542 423 564 τε
447 530 576 563 οἰκείας
599 526 717 563 πόλεις
740 532 799 563 καὶ
823 528 889 572 τὴν
911 532 1088 576 γεωργίαν
1112 527 1262 572 ἀπολιμ-

189 587 397 611 πανοντων.

1248 139 1350 205 391Δ

1976 136 2082 179 Nov.
2116 134 2276 177 LXXX
2310 136 2343 175 1.
2377 134 2402 173 2

1330 253 1387 289 Ex
1411 253 1480 288 hoc
1502 252 1609 297 igitur
1632 250 1872 295 experimento
1898 251 1934 284 et
1957 248 2052 284 aliud
2077 245 2244 292 quiddam
2267 243 2404 297 medela

1329 308 1434 343 egens
1470 298 1586 334 moliri
1620 301 1655 332 et
1691 295 1893 331 adinvenire
1928 294 1996 338 legi
2031 296 2067 329 et
2099 292 2404 344 cingulouustum

1331 344 1604 380 aestimavimus.
1652 340 1854 377 Invenimus
1878 340 1987 382 enim,
2021 339 2103 383 quia
2126 337 2298 382 paulatim
2321 346 2402 381 pro-

1331 390 1469 425 vinciae
1493 389 1633 434 quidem
1658 387 1735 423 suis.
1756 385 2016 422 habitatoribus
2041 383 2249 428 spoliantur,
2277 391 2404 434 magna

1299 439 1317 471 5
1331 446 1413 470 vero
1446 435 1534 470 haec
1565 434 1688 472 civitas
1719 434 1842 467 nostra
1865 431 2042 475 populosa
2074 432 2128 464 est
2151 428 2266 462 turbis
2291 427 2403 478 diver-

1331 492 1450 516 sorum
1474 480 1666 521 hominum,
1698 481 1733 513 et
1756 477 1907 512 maxime
1931 475 2186 519 agricolarum,
2212 482 2295 509 suas
2322 482 2403 508 civi-

1331 530 1423 562 tates
1448 529 1484 562 et
1507 526 1684 561 culturam
1707 522 1991 569 relinquentiumv

1187 663 1342 699 CAPUT
1365 664 1394 699 Ι.

248 732 366 784 Ταῦτα
398 730 486 776 ἡμᾶς
521 733 572 786 εἰς
602 730 668 787 ‘risu
699 730 863 784 παρόντα
898 729 1010 775 νόμον
1048 729 1138 765 ἰδεῖν
1172 743 1263 776 παρ-

1377 729 1477 764 Haec
1500 729 1547 764 ad
1570 730 1793 773 praesentem
1815 727 1927 771 legem
1949 736 2014 761 nos
2035 725 2211 770 respicere
2235 734 2405 769 procura-

190 787 356 810 εσκευασε
378 781 439 811 καὶ
462 779 510 812 εἰς
533 791 600 821 την
622 776 740 831 οιρχὴνῗ
764 791 830 820 την
854 777 920 831 νῦν
936 774 1035 831 ymo]
1061 773 1164 819 ἡμῶν
1188 788 1262 829 axe:
1279 779 1319 812 10
1332 778 1460 811 verunt
1495 777 1531 809 et
1567 773 1613 808 ad
1644 773 1822 816 cingulum
1858 771 1952 816 quod
1982 782 2078 806 nunc
2108 781 2131 805 a
2159 770 2262 806 nobis
2294 779 2408 815 paene

190 820 256 856 δὸν
283 835 319 856 τι
351 826 685 870 καινουργουμένην,
718 836 808 869 ῃπερ
839 836 901 856 ουκ
929 834 1103 866 οκνουμεν
1132 822 1170 854 ἐκ
1199 834 1262 855 του

191 867 361 911 δημοσίου
387 872 446 902 καὶ
470 873 613 911 σίτησιν
638 866 826 903 ἐπιδοῦναι
849 870 910 900 καὶ
933 866 1069 909 ταύτην
1094 865 1263 912 αὐτάρκη,

191 916 250 946 καὶ
268 912 372 954 τάξιν
392 915 714 961 προςκαταστῆσαι,
738 915 797 946 καὶ
816 911 883 956 τὸν
907 914 945 945 ἐκ
966 912 1149 957 ῥᾳθυμίας
1174 910 1262 958 αὐτῇ

191 957 359 993 κίνδυνον
383 961 583 1002 ἐπιστῆσαι.
631 960 675 1006 τῇ
694 960 762 1003 μὲν
792 958 855 991 οὐν
882 955 970 1010 ἀρχῇ
1001 961 1060 990 καὶ
1091 959 1145 1000 τῷ
1177 956 1262 991 ταὺ-

191 1017 258 1058 την
289 1004 612 1059 παραλαμβάνοντι
642 1004 684 1038 τὸ
715 1004 779 1038 τοῦ
793 1007 1020 1058 Χ(Ῑιιεὶιεὲῑςιτοιός
1050 1003 1264 1046 ἑπιτίθεμεν
1280 1006 1319 1037 15

192 1060 323 1093 ονομα·
350 1062 463 1084 ουτως
477 1050 545 1097 γὰρ
566 1047 609 1093 δὴ
625 1052 684 1083 καὶ
707 1048 743 1082 οἱ
764 1062 830 1091 την
847 1046 958 1094 ἀρχὴν
976 1045 1087 1091 αὐτὴν
1107 1048 1263 1094 ἐξευρόν-

192 1106 248 1128 τες
278 1097 408 1140 (φαμὲν
433 1093 472 1129 δὲ
502 1098 562 1129 καὶ
586 1097 625 1129 ἐν
648 1096 720 1128 τοῖς
746 1091 923 1128 ἀνωτάτω
946 1092 1094 1138 χρόνοις)
1126 1091 1265 1140 ἐρευνά·

194 1138 256 1174 δας
279 1139 426 1175 ἐκάλουν
446 1140 527 1175 τοὺς
546 1140 593 1174 εἰς
612 1137 746 1182 ταύτην
764 1136 1040 1185 ἀφικνουμένους
1064 1139 1130 1182 τὴν
1148 1138 1264 1179 τάξιν.

192 1186 213 1221 1
258 1184 474 1230 Βουλόμεθα
497 1184 536 1219 δὲ
559 1185 623 1219 τὸν
653 1183 731 1238 τήν(
742 1181 852 1231 ἀρχὴν
875 1187 1005 1226 ἔχοντα
1036 1184 1172 1227 ταύτην
1198 1181 1264 1230 ἄφ-

1332 822 1500 855 novatum
1523 821 1588 862 est,
1615 818 1672 853 cui
1697 829 1768 853 non
1792 817 1887 862 piget
1910 827 1976 852 nos
2001 816 2044 851 de
2068 817 2210 861 publico
2237 820 2271 851 et
2296 825 2406 850 anno-

1331 875 1397 901 nas
1429 865 1514 900 dare
1546 866 1582 899 et
1613 864 1678 898 has
1703 862 1913 899 sufficientis
1944 865 1979 897 et
2010 862 2167 898 officium
2192 861 2408 897 constituere

1332 913 1369 946 et
1391 920 1436 945 ex
1458 909 1678 954 neglegentia
1709 909 1785 944 eius
1816 908 2013 953 periculum
2044 908 2212 943 relevare.
2262 906 2407 950 Cingulo

1333 956 1463 991 etenim
1495 960 1531 990 et
1563 956 1630 991 hoc
1656 954 1846 999 accipienti
1877 953 2078 998 quaestoris
2105 953 2319 998 imponimus
2344 961 2406 986 no-

1333 1012 1432 1037 men:
1469 1001 1522 1037 sic
1547 1001 1639 1036 enim
1671 1004 1707 1035 et
1729 1000 1868 1034 initium
1899 1009 1979 1034 eum
2002 999 2221 1034 invenientes
2246 998 2408 1040 (dicimus

1333 1050 1452 1082 autem
1484 1047 1611 1091 priscis
1633 1045 1864 1090 temporibus)
1894 1045 2124 1090 inquisitores
2155 1044 2333 1080 vocabant
2364 1042 2409 1077 ad

1332 1094 1401 1129 hoc
1425 1093 1604 1128 venientes
1626 1091 1791 1126 officium.

1334 1185 1354 1218 1
1400 1183 1574 1218 Volumus
1605 1184 1725 1217 autem
1758 1182 1935 1226 cingulum
1971 1181 2160 1216 habentem
2195 1180 2263 1215 hoc
2297 1179 2409 1223 respi-

193 1231 337 1285 ορῶντα
359 1229 446 1278 πρὸς
466 1230 559 1265 θεὸν
578 1233 636 1264 καὶ
654 1243 696 1263 το
713 1243 884 1276 ημετερον
901 1228 977 1263 δέος
998 1232 1057 1263 καὶ
1073 1230 1138 1263 τὸν
1154 1228 1266 1274 νόμον
1280 1232 1321 1265 20
1335 1228 1485 1264 cientem
1510 1227 1556 1262 ad
1580 1228 1685 1263 deum
1714 1232 1947 1272 nostrumque
1972 1227 2133 1262 timorem
2156 1230 2192 1261 et
2214 1226 2326 1269 legem
2356 1234 2409 1259 re-

193 1278 385 1318 αναζητεῖν
408 1276 488 1311 τοὺς
513 1278 573 1311 ἐπὶ
597 1277 655 1318 τῆς
678 1274 828 1319 μεγάλης
850 1274 980 1317 ταύτης
1005 1273 1267 1319 ἐπιδημοῦντας

195 1320 350 1364 πόλεως,
382 1322 420 1362 ἐξ
452 1319 661 1364 οἱαςδήποτε
690 1319 807 1366 χώρας
830 1320 911 1362 εἶεν,
943 1321 1013 1355 εἴτε
1034 1319 1165 1367 ἄνδρας
1196 1321 1268 1354 εἴτε

193 1370 378 1413 γυναῖκας,
410 1368 481 1401 εἴτε
504 1365 684 1412 κληρικοὺς
714 1366 784 1400 εἴτε
809 1365 983 1410 μοναχοὺς
1013 1363 1035 1409 ἢ
1066 1364 1268 1412 ἅσκητρίας,

194 1412 265 1446 εἴτε
285 1413 362 1446 τῶν
382 1413 453 1453 ἔξω
472 1411 614 1447 πόλεων
640 1411 857 1467 συνηγόρους
877 1408 897 1454 ἢ
918 1414 977 1445 καὶ
1000 1410 1104 1455 α”λλης
1128 1411 1268 1446 οἱαςοῦν

1337 1275 1475 1319 quirere
1498 1272 1762 1318 <advenientes>
1785 1273 1831 1307 ad
1848 1282 2012 1317 magnam
2035 1273 2127 1307 hanc
2153 1271 2341 1312 civitatem,
2367 1280 2411 1304 ex

1337 1330 1560 1364 quacumque
1590 1318 1774 1364 provincia
1804 1318 1891 1362 sint,
1923 1318 2017 1353 viros
2049 1318 2121 1353 sive
2152 1317 2317 1351 mulieres
2349 1318 2412 1350 aut

1337 1365 1486 1400 clericos
1519 1375 1581 1399 seu
1613 1365 1808 1400 monachos
1839 1364 1893 1399 vel
1925 1363 2118 1398 monachas
2150 1363 2222 1397 sive
2249 1365 2410 1396 externa-

1336 1421 1416 1445 rum
1449 1410 1631 1445 civitatum
1662 1410 1854 1445 advocatos
1886 1413 1949 1444 aut
1980 1409 2126 1444 alterius
2160 1408 2412 1450 cuiuscumque

194 1456 297 1500 τύχης
319 1471 360 1492 τε
383 1461 442 1510 καί
465 1454 576 1500 ἀξίας,
608 1460 668 1490 καὶ
691 1457 994 1510 περιεργαζεσθζαι
1017 1461 1111 1491 τίνες
1134 1470 1174 1493 τε
1197 1457 1268 1491 εἶεν
1281 1460 1322 1492 25
1337 1456 1504 1491 fortunae
1535 1456 1590 1491 vel
1620 1455 1802 1500 dignitatis
1836 1455 2007 1496 existant,
2041 1456 2076 1489 et
2106 1453 2324 1498 perscrutari
2354 1452 2413 1496 qui

193 1506 252 1536 καὶ
274 1502 396 1538 πόθεν
420 1500 536 1547 ἥκοιεν
560 1505 618 1536 καὶ
643 1504 702 1537 ἐπὶ
727 1507 815 1546 ποίᾳ
838 1515 1025 1549 προφασει.
1063 1506 1123 1536 καὶ
1147 1503 1178 1537 εἰ
1200 1505 1267 1547 μὲν

192 1552 354 1595 γεωργοί,
379 1552 525 1584 σκοπεῖν
545 1547 626 1583 τοὺς
639 1544 693 1582 ὀἷς
717 1549 794 1581 τῶν
811 1545 993 1593 ἡμετέρων
1017 1545 1206 1595 ἀρχόντων
1229 1548 1268 1582 αἱ

193 1594 276 1627 κατ’
305 1590 430 1628 αὐτοὺς
453 1591 686 1641 προςήκουσιν
713 1591 916 1635 ὑποθέσεις,
947 1598 1007 1627 καὶ
1030 1594 1169 1629 τούτοις
1192 1596 1266 1629 ἐπι-

194 1639 351 1681 κεῖσθαι,
372 1639 557 1684 συντόμως
579 1653 619 1673 τε
639 1636 764 1672 αὐτοὺς
788 1637 1030 1674 ἀπαλλάττειν
1052 1640 1130 1673 τῶν
1153 1637 1268 1673 δυςκό-

1337 1502 1409 1537 sint
1441 1505 1504 1536 aut
1533 1501 1628 1536 unde
1659 1501 1820 1536 venerint
1851 1503 1888 1535 et
1912 1500 1949 1534 in
1973 1510 2042 1544 qua
2066 1499 2262 1534 occasione.
2310 1498 2360 1532 Et
2384 1497 2414 1531 si

1335 1547 1475 1592 quidem
1506 1547 1685 1590 agricolae
1709 1550 1809 1589 sunt,
1841 1545 2024 1581 intendere
2056 1545 2184 1590 quibus
2211 1547 2413 1579 nostrorum

1336 1593 1493 1628 iudicum
1529 1593 1655 1627 horum
1697 1593 1904 1636 competunt
1938 1591 2030 1632 lites,
2064 1593 2100 1625 et
2131 1590 2186 1625 his
2222 1589 2413 1630 imminere,

1338 1638 1576 1683 velociterque
1599 1648 1662 1673 eos
1686 1638 1823 1682 eripere
1848 1636 2124 1674 difficultatibus
2156 1639 2302 1681 propter
2326 1644 2414 1680 quas

195 1684 269 1718 λων
301 1682 354 1719 δι’
381 1681 473 1739 ἅπέρ
506 1684 575 1727 [ἂν]
606 1685 782 1737 ἐνταυθοῖ
811 1683 1099 1731 παραγεγόνασι,
1130 1688 1190 1718 καὶ
1214 1682 1270 1719 ὅτι
1283 1688 1325 1720 30
1338 1685 1396 1720 hic
1420 1686 1604 1725 venerunt,
1637 1686 1674 1718 et
1700 1683 1912 1718 festinanter
1942 1682 2036 1718 unde
2067 1686 2244 1717 venerunt
2274 1690 2336 1716 eos
2359 1690 2414 1716 re-

194 1729 344 1772 τάχιστα
375 1742 519 1765 τουτους
551 1729 642 1764 ὅθεν
671 1742 816 1773 ηκουσιν
840 1732 1037 1774 ἐκπέμπειν
1066 1733 1144 1765 τῶν
1168 1742 1269 1776 προς-

194 1774 360 1819 ηκόντων
385 1774 668 1812 ἀπολαύσαντας.

1338 1730 1478 1765 mittere
1504 1729 1746 1774 competentia
1769 1728 1940 1763 fruentes.

1195 1865 1351 1901 CAPUT
1375 1865 1422 1901 11.

242 1934 288 1968 Εἰ
313 1932 355 1968 δέ
376 1946 468 1968 τινες
491 1934 562 1968 εἶεν
585 1937 736 1990 γεωργοὶ
759 1933 942 1968 τελοῦντες
967 1933 1037 1969 ὑπὸ
1062 1932 1271 1968 δεσποτείας

197 1983 255 2014 καὶ
287 1978 450 2024 δεόμενοι
481 1979 622 2014 τούτων
653 1991 701 2013 εις
732 1978 869 2022 ταύτην
903 1979 1171 2027 παραγεγόνασι
1206 1979 1273 2023 τὴν

1390 1933 1428 1969 Si
1446 1943 1529 1969 vero
1550 1933 1660 1979 aliqui
1679 1933 1751 1968 sint
1774 1932 1953 1977 agricolae
1978 1932 2163 1967 constituti
2186 1922 2252 1967 sub
2269 1931 2418 1966 dominis

1341 1981 1378 2015 et
1407 1982 1551 2023 egentes
1584 1980 1634 2014 eis
1665 1979 1712 2015 ad
1744 1978 1838 2014 hanc
1869 1981 2041 2014 venerunt
2072 1978 2204 2022 regiam
2228 1976 2417 2018 civitatem,

198 2023 369 2070 βασιλίδα
384 2023 502 2067 πόλιν,
528 2024 811 2079 παρασκευάζειν
834 2024 916 2059 τοὺς
931 2029 1162 2070 κεκτημένους
1179 2025 1268 2059 θᾶτ-
1283 2027 1326 2060 35
1340 2035 1557 2070 praeparare
1592 2034 1819 2069 possessores
1864 2024 1970 2059 citius
2010 2033 2071 2058 eas
2107 2023 2309 2058 discernere
2352 2032 2418 2067 pro

198 2085 263 2106 τον
289 2070 406 2105 αὐτοῖς
430 2069 626 2118 διακρίνειν
648 2084 694 2104 τα
717 2072 761 2116 ἐφ
798 2070 847 2104 οἷς
870 2069 1042 2116 ἀφίκοντο
1067 2070 1272 2117 πράγματα,

199 2120 258 2150 καὶ
291 2118 485 2159 ἐκπέμπειν
517 2112 644 2150 αὐτίκα
668 2115 839 2157 τυχόντας
870 2118 948 2150 τῶν
972 2115 1134 2150 δικαίων.
1181 2117 1212 2149 εἰ
1236 2114 1275 2149 δι’

201 2161 249 2196 ὥς
269 2161 359 2195 εἰκὸς
382 2163 429 2194 εἰς
450 2163 666 2195 ἐναντίωσιν
689 2162 768 2195 τῶν
787 2164 1015 2204 κεκτημένων
1034 2164 1276 2208 παρεγένοντο

1343 2071 1473 2114 quibus
1498 2074 1670 2106 venerunt
1694 2080 1840 2114 causas,
1873 2072 1909 2105 et
1932 2069 2110 2104 remittere
2139 2073 2314 2104 merentes
2337 2078 2420 2102 mox

1343 2126 1435 2160 quae
1467 2116 1563 2152 iusta
1594 2120 1687 2151 sunt.
1738 2116 1776 2150 Si
1805 2125 1888 2151 vero
1920 2115 2042 2150 forsan
2078 2115 2124 2151 ad
2153 2114 2420 2150 resultationem

1345 2171 1591 2206 possessorum
1609 2164 1783 2196 venerunt
1805 2164 1842 2196 et
1857 2160 2026 2196 adversus
2051 2171 2112 2196 eos
2137 2160 2257 2195 dicant
2281 2169 2420 2203 causas,

201 2255 363 2286 nostram
386 2249 550 2284 incolunt
565 2249 773 2295 probatam.
822 2249 886 2285 Ex
909 2249 1032 2285 eadem
1055 2250 1169 2295 iqitur
1193 2250 1419 2296 experientia
1450 2251 1557 2285 etiam
1582 2250 1683 2285 aliud
1706 2250 1794 2295 quid
1825 2251 1924 2295 quod
1950 2249 2087 2286 medela
2110 2254 2214 2296 eqeat
2246 2249 2367 2284 moliri
2388 2254 2424 2284 et

202 2296 414 2341 excoqitare
438 2298 471 2330 et
495 2295 572 2340 leqe
601 2298 636 2329 et
666 2295 881 2375 malqistratu
904 2295 1051 2341 diqnum
1074 2294 1221 2340 placuit.
1270 2293 1475 2331 Invenimus
1498 2296 1590 2330 enim
1614 2307 1693 2330 cum
1710 2295 1926 2346 provincias
1955 2296 2036 2339 fere
2059 2294 2325 2337 habitatoribus
2347 2295 2423 2329 suis

203 2340 398 2382 denudari,
431 2344 503 2375 tum
527 2350 694 2386 maqnam
744 2351 812 2375 ane
835 2339 956 2374 urbem
979 2345 1140 2375 nostram
1161 2339 1324 2375 molestia
1348 2341 1453 2385 affici
1474 2340 1648 2386 repletam
1678 2340 1827 2376 diversis
1851 2340 2064 2382 hominibus,
2089 2344 2125 2375 et
2146 2341 2304 2376 maxime
2328 2339 2422 2375 colo-

204 2387 271 2429 nis,
298 2386 360 2432 qui
376 2385 555 2432 proprias
579 2385 739 2420 civitates
761 2390 797 2420 et
819 2385 1081 2430 aqriculturam
1105 2385 1366 2430 derelinquant.

337 2432 365 2466 I.
415 2430 515 2466 Haec
544 2440 612 2465 nos
644 2435 909 2466 commoverunt
939 2435 980 2465 ut
1010 2429 1059 2465 ad
1088 2436 1312 2476 praesentem
1346 2430 1458 2476 leqem
1489 2434 1734 2477 spectaremus
1769 2434 1878 2475 atque
1909 2429 1959 2465 ad
1988 2430 2242 2476 maqistratum
2274 2440 2370 2465 nunc
2401 2442 2423 2465 a

204 2477 305 2513 nobis
325 2477 408 2522 fere
430 2475 635 2511 novandum
643 2489 656 2517 ,·
687 2476 747 2510 cui
768 2475 910 2521 quidem
933 2487 1007 2510 non
1028 2475 1131 2521 piqct
1153 2487 1203 2511 ex
1219 2475 1367 2522 publico
1392 2479 1427 2511 et
1450 2487 1632 2511 annonam
1656 2476 1745 2511 dare
1768 2486 1917 2521 eamque
1939 2475 2179 2520 sufficientem
2202 2479 2239 2510 et
2261 2475 2424 2520 officium

203 2524 352 2569 insuper
375 2522 562 2557 instituere
585 2524 620 2556 et
640 2520 841 2567 periculum
870 2520 969 2567 quod
998 2531 1047 2556 ex
1070 2521 1298 2567 neqleqcntia
1321 2521 1498 2557 redundet
1529 2521 1561 2556 ei
1584 2522 1772 2556 intentare.
1821 2519 1901 2573 Ipsi
1925 2522 2037 2567 iqitur
2059 2521 2291 2566 maqistratui
2322 2521 2424 2566 eique

204 2569 267 2614 qui
298 2578 376 2602 eum
410 2566 561 2612 suscipit
596 2566 813 2611 quaesitoris
846 2577 975 2601 nomen
1010 2566 1244 2612 imponimus:
1280 2566 1331 2601 ita
1360 2566 1454 2602 enim
1488 2567 1595 2601 etiam
1629 2568 1695 2611 qui
1723 2566 1767 2601 ab
1799 2566 1903 2601 initio
1943 2565 2093 2601 eundem
2125 2566 2425 2612 excoqitaverunt

203 2616 224 2650 1
271 2612 420 2659 (priscis
440 2612 591 2647 dicimus
614 2611 844 2658 temporibus)
868 2611 1090 2657 quaesitores
1110 2612 1287 2647 vocabant
1306 2622 1368 2647 eos
1389 2612 1452 2657 qui
1471 2611 1520 2646 ad
1539 2611 1607 2647 lzoc
1625 2612 1787 2657 officium
1802 2612 2046 2657 pervenirent.
2114 2611 2286 2646 Volumus
2306 2616 2424 2646 autem

203 2663 244 2694 ut
268 2658 330 2704 qui
355 2657 449 2692 lzunc
473 2657 724 2702 maqistratum
748 2657 842 2702 qerit
874 2657 922 2691 ad
951 2657 1055 2692 deum
1087 2662 1122 2692 et
1154 2658 1315 2692 timorem
1347 2661 1509 2692 nostrum
1541 2662 1576 2692 et
1599 2657 1710 2703 leqem
1741 2657 1938 2703 respiciens
1968 2657 2006 2691 in
2032 2667 2093 2692 eos
2116 2656 2276 2702 inquirat
2301 2657 2363 2702 qui
2388 2658 2424 2692 in

204 2704 271 2739 liae
294 2714 427 2749 maqna
459 2702 601 2738 civitate
631 2706 833 2744 versantur,
864 2713 913 2737 ex
937 2713 1161 2748 quaecamque
1191 2703 1265 2737 sint
1281 2702 1492 2748 provincia,
1524 2703 1597 2738 sive
1630 2704 1727 2738 viros
1756 2703 1830 2738 sive
1861 2702 2037 2745 mulieres,
2069 2702 2142 2737 sive
2170 2702 2320 2737 clericos
2351 2702 2424 2738 sive

203 2747 397 2784 monachos
418 2748 473 2783 vel
494 2747 795 2790 sanctimoniales,
819 2747 892 2782 sive
916 2752 1125 2783 exterarum
1149 2747 1330 2783 civitatum
1354 2747 1548 2783 advocatos
1567 2748 1641 2783 sive
1661 2748 1767 2783 etiam
1791 2747 1886 2782 alius
1909 2747 2097 2783 cuiuslibet
2120 2747 2340 2782 condicionis
2361 2754 2427 2783 aut

204 2794 394 2841 diqnitatis
417 2792 588 2834 homines,
612 2797 646 2828 et
669 2792 822 2828 sollicite
845 2797 1038 2835 scrutetur,
1062 2794 1127 2838 qui
1147 2793 1221 2828 sint
1243 2797 1278 2828 et
1301 2792 1395 2827 unde
1419 2793 1580 2828 venerint
1602 2798 1637 2828 et
1660 2793 1761 2838 quali
1784 2793 1828 2828 de
1847 2803 1967 2828 causa.
2017 2792 2065 2828 Et
2088 2793 2120 2828 si
2137 2793 2279 2838 quidem
2304 2794 2424 2828 coloni

203 2841 286 2881 sint,
311 2838 512 2874 consideret
536 2837 586 2873 ad
621 2849 798 2885 quosnam
828 2849 878 2873 ex
900 2838 1077 2873 iudicibus
1100 2838 1235 2873 nostris
1259 2838 1338 2873 lites
1361 2849 1484 2873 eorum
1503 2838 1714 2884 pertineant
1737 2838 1852 2884 iisque
1876 2838 2070 2881 immineat,
2094 2843 2128 2874 et
2152 2838 2223 2874 cito
2246 2839 2328 2874 illos
2352 2838 2424 2884 dif-

201 2884 424 2930 ficultatibus
448 2888 607 2930 propter
637 2894 729 2929 quas
758 2883 827 2919 huc
858 2888 1031 2919 venerunt
1063 2883 1204 2926 liberet,
1233 2887 1269 2919 et
1300 2894 1406 2929 quam
1440 2883 1623 2919 celerrime
1653 2894 1716 2919 eos
1744 2884 1839 2918 unde
1867 2888 2041 2919 venerunt
2070 2884 2229 2919 remittat
2257 2896 2300 2920 ea
2333 2896 2426 2930 quae

198 2942 275 2976 par
297 2934 350 2966 est
373 2929 441 2965 ade
470 2933 534 2964 tos.

339 2975 384 3009 11.
433 2940 466 3017 5

464 2974 571 3010 uodsi
593 2974 655 3019 qui
677 2973 798 3009 coloni
821 2974 871 3009 ad
889 2974 1054 3009 dominos
1072 2975 1283 3020 pertineant
1306 2978 1414 3020 atque
1437 2974 1483 3008 iis
1505 2973 1747 3025 supplicaturi
1778 2973 1828 3008 ad
1851 2974 1945 3008 lianc
1967 2975 2106 3027 reqiam
2130 2974 2252 3010 urbem
2277 2974 2425 3010 advene-

205 3021 290 3063 rint,
321 3020 463 3065 efficiat
491 3022 531 3054 ut
554 3018 689 3054 domini
713 3019 817 3054 citius
841 3020 987 3071 neqotia
1009 3024 1163 3066 propter
1187 3031 1279 3065 quae
1303 3019 1524 3055 advenerunt
1547 3018 1729 3061 dirimant,
1763 3030 1895 3064 eosque
1918 3020 1981 3056 ubi
2003 3030 2060 3054 tus
2079 3030 2183 3054 suum
2208 3020 2428 3056 obtinuerint

205 3065 325 3100 statim
350 3064 514 3099 dimittat.

252 3158 271 3189 5
296 3152 557 3195 *διενοχλεῖται
582 3153 745 3196 πλήθους
763 3156 835 3188 ML
860 3155 1020 3197 populosa
1044 3159 1092 3188 est
1115 3157 1222 3190 turbis
1247 3169 1281 3194 ς;

207 3197 441 3242 διενοχλεῖται
473 3197 632 3242 πλήθεσι
658 3201 844 3234 Zachariae
882 3199 893 3243 ΙΙ
931 3202 970 3234 15
1003 3202 1220 3242 *quaetwros
1245 3202 1291 3235 M

207 3248 405 3290 κοιέστορος
429 3246 460 3278 L
478 3245 491 3288 11
515 3247 554 3278 17
579 3247 639 3277 καὶ
665 3259 722 3278 om.
737 3257 756 3282 ς
780 3250 792 3289 fl
815 3242 1013 3279 ἀνωτάτοις
1037 3247 1068 3279 L
1091 3247 1103 3285 ll
1130 3250 1170 3282 19
1194 3251 1283 3280 ,Βου-

208 3290 351 3335 λόμεθα
383 3310 426 3315 -
450 3288 598 3332 ταύτην]
633 3291 856 3334 Θεσπίζομεν
890 3288 955 3323 τὸν
984 3291 1051 3333 τὴν
1082 3289 1192 3337 ἀρχὴν
1221 3293 1284 3326 τοῦ

207 3339 454 3382 κοιαισίτωρος
478 3336 518 3377 (v.
536 3337 555 3368 l.
573 3338 817 3382 κοιαίστωρος)
842 3333 920 3378 ἤτοι
946 3337 1132 3380 ἐρευνητοῦ
1156 3340 1284 3380 ἔχοντα

207 3381 344 3424 ταύτην
364 3384 424 3415 inc.
440 3382 475 3413 B
491 3383 502 3423 ΙΙ
528 3381 606 3422 τὸν]
631 3381 684 3414 τῶ
706 3382 753 3414 L¹
771 3381 783 3424 ΙΙ
802 3383 844 3415 22
865 3380 937 3414 εἷεν
960 3381 1041 3423 εἴτε]
1067 3382 1137 3416 εἴτε
1158 3397 1215 3417 om.
1232 3396 1251 3420 ς
1273 3383 1286 3427 ΙΙ

209 3429 251 3462 23
274 3426 344 3460 εἴτε
363 3424 538 3470 μοναχούς
555 3427 611 3468 Μ]
638 3423 659 3468 ἢ
676 3424 853 3471 μοναχοὺς
873 3427 943 3459 LB
952 3428 1062 3470 Epan.
1082 3428 1094 3472 ΙΙ
1111 3430 1154 3463 24
1177 3425 1285 3471 ἢκαὶ]

210 3473 280 3506 εἴτε
302 3475 363 3506 καὶ
387 3473 448 3513 13³,
483 3473 543 3504 καὶ
568 3485 626 3504 om.
641 3483 660 3508 ς
688 3472 700 3515 ΙΙ
734 3474 776 3506 26
800 3473 860 3504 καὶ
880 3468 1014 3514 πόθεν]
1039 3476 1098 3506 aut
1120 3475 1207 3507 unde
1232 3488 1251 3511 ς
1274 3474 1286 3519 ΙΙ

211 3518 252 3560 εἰ]
277 3517 312 3551 οἱ
338 3518 379 3551 Μ
404 3518 416 3560 ΙΙ
444 3519 486 3551 30
512 3515 558 3550 ἂν
579 3518 701 3560 MLB,
726 3530 784 3551 om.
804 3518 915 3561 Epan.
930 3530 949 3553 ς
972 3518 983 3560 ΙΙ
1011 3517 1179 3564 γεγόνασι
1203 3521 1252 3554 BS
1275 3521 1286 3564 ΙΙ

213 3566 253 3597 33
267 3561 475 3597 δεσποτείας
487 3564 592 3604 ΜΒῦ]
608 3559 823 3597 δεσποτείαν
832 3564 916 3596 LB⁸
932 3560 1108 3598 δεσπότας
1121 3566 1231 3608 Epan.
1241 3567 1284 3607 (ς)

214 3610 298 3661 quod
305 3612 426 3653 probat
437 3610 624 3643 Zachariae
643 3609 655 3651 ΙΙ
672 3611 714 3643 36
733 3604 858 3642 αὐτοὺς
872 3611 922 3643 La
946 3620 999 3641 eas
1022 3611 1056 3650 (i.
1072 3623 1097 3643 e.
1112 3608 1214 3654 αὐτὰ)
1240 3623 1259 3647 ς
1276 3613 1286 3655 Η

215 3656 383 3698 αφίκοντο
408 3655 455 3688 M
460 3656 570 3698 Epan.
587 3657 617 3695 ς]
643 3652 831 3700 ἀφίκοιντο
845 3656 913 3688 LB
931 3655 943 3699 ss
969 3656 1010 3688 37
1036 3652 1164 3689 αὐτίκα
1177 3676 1220 3681 -
1238 3654 1287 3690 δι-

215 3701 329 3732 καίων
352 3701 385 3733 in
400 3701 497 3734 litura
510 3701 541 3733 L
557 3702 569 3745 ΙΙ
589 3697 845 3744 δικαιωμάτων
857 3701 906 3734 L²
923 3699 936 3745 ΙΙ
962 3701 1005 3734 38
1026 3703 1287 3747 παραγένοιντο

216 3744 324 3788 Epan-

564 3063 630 3098 Sin
654 3075 736 3100 vero
760 3064 969 3099 advenerint
998 3066 1099 3108 forte
1130 3065 1310 3109 litiqaturi
1342 3075 1419 3099 cum
1451 3064 1604 3099 dominis
1635 3068 1669 3099 et
1693 3064 1865 3100 adversus
1895 3075 1956 3099 eos
1980 3075 2110 3099 causas
2134 3069 2264 3110 aqant,
2294 3066 2326 3100 si
2350 3065 2427 3111 qui-

1399 3160 1413 3190 1
1438 3156 1573 3197 quidam
1594 3156 1642 3187 It¹
1666 3155 1678 3199 ss
1704 3156 1844 3188 medella
1865 3156 1914 3188 V¹
1933 3156 1944 3198 ΙΙ
1969 3157 1988 3188 2
2006 3166 2129 3197 egenus
2150 3156 2257 3189 R¹T¹
2281 3157 2292 3199 ΙΙ
2317 3159 2334 3190 7
2358 3158 2426 3190 cul-

1351 3205 1443 3234 turas
1467 3201 1500 3233 R
1524 3200 1536 3243 ΙΙ
1567 3202 1587 3234 9
1611 3199 1674 3233 hoc
1698 3201 1732 3233 R
1757 3201 1770 3245 ss
1797 3203 2001 3233 curauerunt
2025 3202 2058 3234 R
2075 3202 2087 3244 ll
2118 3204 2154 3235 11
2183 3202 2238 3234 cui
2263 3215 2320 3235 om.
2345 3203 2393 3235 V¹
2417 3203 2429 3247 Η

1352 3257 1490 3279 annosas
1513 3246 1548 3279 R
1573 3244 1585 3290 ΙΙ
1616 3247 1657 3279 12
1683 3246 1768 3278 *has
1792 3246 1999 3287 sufficientis]
2032 3246 2273 3279 adsufficientis
2303 3247 2428 3289 (adsuf-

1351 3292 1473 3325 fitienti
1500 3292 1531 3324 T
1541 3291 1564 3332 ¹)
1595 3291 1716 3324 RVT
1745 3292 1756 3334 ΙΙ
1795 3294 1827 3324 et
1851 3291 2008 3332 officium]
2042 3294 2075 3324 et
2108 3293 2169 3325 del.
2194 3292 2246 3325 T2
2273 3292 2284 3333 ΙΙ
2325 3295 2365 3326 13
2390 3304 2429 3326 ex

1355 3339 1387 3371 T
1396 3338 1494 3381 vulq]
1528 3349 1585 3369 om.
1611 3336 1687 3369 RV
1705 3336 1717 3380 H
1745 3336 1888 3378 Cingulo
1912 3336 2077 3378 RV³T¹J
2110 3337 2252 3378 Singulo
2276 3338 2327 3369 V¹
2358 3340 2428 3371 cin-

1351 3382 1469 3425 gulum
1490 3380 1605 3414 V2T²
1627 3381 1638 3424 ΙΙ
1672 3383 1713 3416 14
1737 3382 1859 3415 etenim
1881 3384 1924 3422 et]
1958 3383 2046 3415 enim
2071 3385 2103 3415 et
2120 3383 2171 3415 T¹
2204 3383 2326 3415 etenim
2345 3385 2396 3416 T²
2418 3384 2430 3429 11

1356 3430 1396 3462 15
1421 3427 1520 3459 initio
1545 3427 1610 3465 (vel
1632 3427 1667 3458 in
1692 3427 1804 3469 initio)
1829 3428 1914 3471 vulq.
1941 3427 1953 3470 ll
1979 3429 2019 3461 16
2044 3428 2185 3460 uocabat
2208 3428 2242 3461 V
2262 3428 2273 3471 ΙΙ
2307 3431 2347 3463 19
2372 3430 2428 3462 ha-

1354 3475 1484 3507 bentem
1506 3473 1601 3512 VT1]
1633 3472 1790 3506 habentes
1814 3473 1902 3506 RT2
1914 3473 2001 3516 vulq.
2022 3472 2034 3517 ΙΙ
2058 3474 2299 3515 *respicientes
2325 3475 2401 3510 libri
2418 3475 2430 3519 ΙΙ

1355 3521 1394 3553 21
1407 3518 1619 3551 advenientes
1634 3519 1752 3552 addidi
1760 3518 1942 3555 (venientes
1954 3526 2026 3560 post
2038 3519 2206 3551 civitatem
2220 3520 2297 3552 add.
2308 3521 2406 3564 vulq.)
2417 3521 2429 3564 11

1356 3566 1398 3598 22
1423 3564 1521 3603 viros]
1547 3563 1615 3595 sive
1640 3563 1727 3596 viros
1752 3564 1846 3598 Beck
1869 3563 1882 3607 ΙΙ
1913 3565 1956 3597 24
1979 3563 2140 3605 cuiusque
2161 3564 2195 3597 V
2212 3563 2224 3607 H
2252 3566 2293 3599 25
2319 3566 2431 3598 existi-

1354 3612 1447 3642 mant
1472 3609 1522 3642 Τι
1549 3609 1561 3652 ΙΙ
1590 3610 1632 3642 26
1657 3609 1788 3642 uenerit
1813 3610 1845 3642 R
1868 3609 1880 3653 ΙΙ
1906 3610 1947 3642 27
1972 3612 2050 3642 sunt
2071 3610 2146 3651 VT]
2172 3610 2240 3642 sint
2266 3611 2395 3655 Rvulq.
2420 3611 2432 3656 ΙΙ

1357 3657 1399 3689 29
1422 3655 1582 3687 uelociter
1603 3665 1686 3696 quae
1707 3655 1790 3688 VT²
1807 3654 1820 3699 ss
1837 3656 1875 3688 31
1899 3655 2068 3696 frugentes
2081 3656 2129 3689 13¹
2148 3654 2161 3699 ΙΙ
2177 3656 2219 3689 35
2241 3656 2432 3690 descernere

1366 3699 1728 3789 ῐῑζῖιΙΙθέὃΒίιῐιΙιει-θηῐθε
1752 3701 1800 3733 T¹
1819 3700 1832 3744 ΙΙ
1857 3701 1897 3734 37
1923 3701 2017 3733 iuxta
2044 3701 2074 3733 R
2089 3700 2102 3745 ΙΙ
2129 3701 2170 3735 38
2196 3702 2431 3745 possessionem
