2618 4010
143 134 201 164 m·
229 130 577 164 MANDA'roman
1228 112 1282 161 25

143 233 283 281 κληρον,
317 231 409 268 καθ’
436 229 524 267 ὅσον
557 229 603 266 ἂν
632 227 723 278 παρ’
753 228 861 265 αὐτοῦ
889 228 939 274 μὴ
963 228 1139 274 δυνηθείη
1164 227 1224 263 λα-

142 283 232 323 βεῖν,
256 278 348 313 κατὰ
369 279 542 313 τοσοῦτον
565 280 626 312 ἐπὶ
648 275 715 311 τὸν
740 274 913 323 ἐγγυητὴν
937 273 958 318 ἢ
977 273 1045 310 τὸν
1067 273 1224 321 ἀντιφω-

143 323 255 367 νητὴν
285 321 307 367 ἢ
335 322 560 369 μανδάτωρα
594 325 757 368 χωρείτω
793 325 853 355 καὶ
890 318 979 368 παρ’
1011 323 1148 355 ἐκείνου
1183 318 1225 354 τὸ

144 367 355 423 λειπόμενον
385 368 607 422 nonages-ga).
655 369 729 400 Καὶ
760 367 791 419 εἰ
820 368 888 411 μὲν
907 365 1095 419 υπαρόντες
1125 362 1224 408 αὐτῷ

142 471 201 493 νος
225 473 245 502 η
267 457 572 504 μανδατωρευσας
594 456 616 501 ἢ
638 456 910 502 ἀντιφωνησας,
933 458 1048 491 ταῦτα
1073 458 1112 489 ἐκ
1136 469 1226 491 παν-

141 504 202 538 τὸς
258 502 477 538 υλαττε’σθ·ω
500 502 645 551 τρόπου.
693 504 739 536 Εἰ
767 501 808 536 δὲ
831 500 850 537 ὁ
873 504 940 546 μὲν
965 500 1132 549 ἐγγυητὴς
1163 498 1184 544 ἢ
1208 497 1227 534 ὁ

141 518 340 596 μανδᾳολτωρ
360 546 383 593 ἢ
405 544 424 583 ὁ
443 547 511 591 τὴν
530 546 781 594 ἀντιφώνησιν
802 545 978 583 ὑπελθών
996 550 1139 593 παρείη,
1162 544 1228 580 τὸν

143 594 183 628 δὲ
203 594 447 641 πρωτότυπον
468 592 615 628 ἀπεῖναι
639 596 810 638 συμβαίη,
831 591 963 639 πικρόν
983 594 1060 626 ἐστι
1079 590 1146 626 τὸν
1167 589 1227 624 δα-

142 640 288 692 νειστὴν
308 642 358 675 πέ
382 652 466 690 πειν
485 636 672 694 ἀλλαχόσε,
693 639 814 692 παρὸν
838 636 946 671 εὐθὺς
961 636 1033 691 ’τὸν
1053 635 1228 683 ἐγγυητὴν
1246 637 1284 669 10

143 700 162 727 η
187 699 253 719 τον
274 698 349 729 μαν
373 698 499 731 ατωρα
523 699 544 727 η
568 697 827 730 αντιφωνητην
849 683 1084 730 εἶεπραττειν.
1124 678 1230 715 Ἀλλὰ

142 731 249 764 τοῦτο
273 728 317 773 δὴ
340 730 590 776 θεραπευτέον
619 726 704 773 ἡμῖν
736 727 802 763 τὸν
825 728 1055 774 ἐγχωροῦντα
1078 739 1101 760 τ
1124 726 1227 769 ὁπονἵ

116 794 124 801 ·
142 772 225 810 οὐδὲ
253 774 321 822 γὰρ
336 768 395 829 ,ἦν
425 786 479 809 τις
510 775 676 809 ἐνταῦθα
706 774 759 816 τῷ
791 771 937 815 παλαιῷ
970 768 1072 816 νόμῳ
1132 784 1227 824 ιωρι;

205 823 211 832 ι

142 833 191 865 σμ
210 834 254 863 νη
271 832 369 876 ξτρος
392 821 598 874 θεραπείαν
620 816 788 873 μέιῖοδος,
812 821 931 852 καίτοι
955 819 1184 851 Παπινιανος
1208 829 1227 850 ο

2052 114 2165 158 Nov.
2196 113 2255 156 IV
2289 118 2324 156 1.
2356 118 2380 155 2

1294 229 1331 264 in
1362 232 1494 269 totum,
1528 226 1724 262 secundum
1749 225 1841 269 quod
1874 226 1919 260 ab
1953 236 1994 260 eo
2028 235 2099 260 non
2132 225 2291 270 potuerit
2322 236 2380 260 ac-

1296 273 1427 318 cipere,
1453 271 1647 308 secundum
1667 271 1736 306 hoc
1758 270 1804 305 ad
1826 270 2072 306 fideiussorem
2091 273 2156 305 aut
2175 280 2383 315 sponsorem

1296 322 1359 354 aut
1390 317 1635 353 mandatorem
1667 315 1787 351 veniat
1816 320 1852 350 et
1883 316 1928 350 ab
1961 316 2041 358 illo,
2079 315 2174 360 quod
2208 316 2383 359 reliquum

1296 366 1362 407 est,
1395 366 1526 399 sumat.
1574 361 1623 396 Et
1656 361 1688 396 si
1717 360 1858 406 quidem
1891 365 2095 405 praesentes
2126 361 2161 396 ei
2185 361 2384 396 consistant

142 427 284 468 τυχοιεν
307 426 515 467 αμφοτεροι,
539 426 559 447 ο
583 425 624 446 τε
647 424 884 465 πρωτοτυῃος
904 426 923 446 o
947 425 988 446 τε
1012 410 1225 458 έγγυησάμε-
1262 413 1281 443 5
1297 410 1421 451 ambo,
1453 413 1489 443 et
1519 407 1726 452 principalis
1757 411 1794 441 et
1817 406 2050 447 intercessor,
2077 407 2165 441 haec
2190 406 2287 440 omni
2310 416 2383 441 ser-

1296 460 1422 490 ventur
1454 453 1578 496 mod03
1610 453 1641 487 si
1675 462 1758 487 vero
1789 451 1977 485 fideiussor
2007 455 2070 485 aut
2100 451 2291 486 mandator
2321 453 2385 485 aut

1297 500 1358 545 qui
1394 498 1580 544 sponsioni
1615 507 1653 533 se
1689 495 1843 532 subiecit
1877 496 1989 539 adsit,
2034 496 2268 541 principalem
2300 506 2382 531 vero

1297 546 1423 580 abesse
1459 543 1666 588 contigerit,
1705 541 1875 577 acerbum
1912 545 1966 575 est
2004 541 2212 576 creditorem
2243 541 2384 576 mittere

1297 589 1447 632 alicubi,
1485 599 1565 624 cum
1600 587 1716 633 possit
1749 597 1833 622 mox
1864 585 2112 622 fideiussorem
2143 591 2206 621 aut
2238 587 2383 621 manda-

1298 639 1411 672 torem
1443 639 1507 669 aut
1538 643 1747 679 sponsorem
1779 631 1930 676 exigere.
1979 631 2049 666 Sed
2081 636 2117 666 et
2146 632 2215 666 hoc
2245 632 2385 676 quidem

1299 681 1495 716 curandum
1526 690 1548 714 a
1578 678 1681 714 nobis
1714 677 1877 722 possibili
1910 676 2027 711 modo.
2075 677 2157 711 Non
2190 677 2284 711 enim
2309 681 2387 712 erat

1299 725 1477 770 quoddam
1501 724 1560 759 hic
1585 724 1755 769 antiquae
1777 722 1848 767 legi
1871 722 1995 757 datum
2023 733 2089 766 pro
2114 722 2300 757 sanatione
2329 733 2385 757 re-

1298 771 1470 809 medium,
1497 780 1578 805 cum
1601 769 1724 814 utique
1750 768 1969 812 Papinianus
1994 767 2171 802 maximus
2194 767 2305 802 fuerit
2328 767 2388 811 qui

1298 817 1388 851 haec
1412 815 1576 860 primitus
1601 814 1812 849 introduxit.
1854 813 1990 848 Probet
2013 812 2121 861 igitur
2142 812 2387 847 fideiussorem

142 868 249 913 μέγας
268 879 313 909 ην
328 879 353 919 ³o
373 879 491 900 ταυτα
511 861 960 920 πρωῑοεῖυφηγησάμενοςὲ
988 859 1227 896 Ἐνὸεικνύτω
1244 862 1282 894 15
1299 867 1362 896 aut
1386 871 1595 905 sponsorem
1616 863 1680 895 aut
1703 859 1965 900 mandatorem,
1999 863 2035 893 et
2068 868 2198 893 causae
2227 857 2387 892 residens

142 915 267 945 τοίνυν
299 924 365 952 τον
396 910 571 958 ἐγγυητὴν
599 924 620 953 η
652 921 909 954 αντιφωνητην
941 921 963 950 η
992 903 1227 952 μανδάτωρα,

143 960 202 990 καὶ
234 953 297 1010 Ῑόγε
332 957 386 1009 τῷ
421 954 848 1009 πράχματι)καθήμενος
884 950 1053 1005 δικῖαστὴς
1092 949 1227 985 διδότω

143 1015 271 1048 καιρον
294 1015 348 1045 τῳ
374 1003 542 1048 έγγυητῃ,
565 1013 701 1034 ταυτον
724 997 746 1032 δ
753 996 761 1009 '
789 998 904 1032 εἰπεῖν
927 997 1164 1054 αντιφωνητίζ
1188 1008 1229 1030 τε

143 1050 202 1080 καὶ
235 1043 465 1102 μανδάτέρρι,
499 1043 729 1090 βουλομένοις
764 1042 831 1078 τὸν
859 1055 1112 1097 επρωτοτυπον
1143 1055 1227 1088 αγα-

144 1095 230 1139 γεῖν,
257 1094 314 1147 ,ἐφ
361 1104 397 1145 ,5⁹
422 1105 462 1125 τε
486 1093 635 1145 ἐκεῖνονἱ
647 1089 826 1136 πρότερον
848 1090 1043 1133 υπομεῖναι
1074 1085 1140 1129 τὴν
1172 1088 1228 1120 ἐν·
1242 1089 1285 1121 20

144 1151 222 1183 (εγω
246 1151 300 1180 ην,
337 1149 433 1171 ουτω
457 1149 497 1169 τε
529 1146 657 1169 αυτους
688 1136 728 1169 ἐν
756 1133 970 1177 καταλοίπῳ
995 1129 1229 1179 πεφυλάχθαι

142 1186 210 1227 βοη
244 1185 317 1225 einp·
349 1184 409 1215 καὶ
432 1177 598 1225 ἀμυνέτω
626 1193 667 1227 γε
697 1180 751 1223 τῷ
782 1180 935 1226 ἐγγυητῆ
959 1181 1018 1212 καὶ
1050 1179 1104 1220 τῴ
1129 1177 1227 1212 ἀντι-

144 1228 294 1275 φωνητῇ
312 1229 372 1260 καὶ
391 1223 605 1271 μανδάτωρι
624 1223 712 1273 πρὸς
732 1226 841 1259 τοῦτο
862 1215 922 1258 καῖ
943 1221 962 1258 ὁ
983 1224 1047 1258 τοῦ
1070 1222 1229 1265 δικάζειν

142 1271 260 1326 κέρως
278 1273 475 1328 (Ἲέγγυηῖταῖς
489 1269 558 1318 γὰρ
571 1273 717 1305 καὶτοῖς
732 1267 907 1323 τοιούτοις
926 1269 1082 1314 βοηθεῖν
1103 1264 1228 1309 ὅσιον),

1297 906 1406 941 iudex
1430 906 1491 941 det
1521 910 1663 950 tempus
1688 903 1911 947 fideiussori,
1943 903 2034 938 idem
2059 908 2113 938 est
2137 903 2256 938 dicere
2281 913 2387 947 spon-

1299 951 1372 986 sori
1395 955 1432 986 et
1453 950 1675 992 mandatori,
1706 949 1909 986 volentibus
1938 949 2174 993 principalem
2198 947 2387 988 deducere,

1299 999 1478 1040 quatenus
1510 996 1569 1030 ille
1602 996 1701 1040 prius
1737 995 1913 1030 sustineat
1946 994 2231 1035 conventionem,
2266 997 2302 1028 et
2338 993 2389 1028 sic

1298 1041 1368 1085 ipsi
1387 1041 1424 1075 in
1444 1041 1608 1075 ultimum
1631 1040 1831 1075 subsidium
1850 1044 2093 1075 reserventur:
2117 1039 2234 1083 sitque
2254 1039 2388 1074 solacio

1299 1086 1530 1121 intercessori
1551 1086 1587 1120 in
1612 1087 1680 1120 hoc
1698 1095 1839 1130 quoque
1862 1085 1970 1120 iudex
1991 1084 2277 1127 (fideiussoribus¹
2296 1084 2389 1119 enim

1299 1136 1335 1166 et
1366 1131 1499 1167 talibus
1533 1130 1706 1176 prodesse
1741 1133 1906 1165 sanctum
1941 1135 2024 1172 est),
2061 1134 2102 1164 ut
2137 1130 2197 1165 illo
2235 1129 2389 1164 deducto

1299 1177 1442 1212 interim
1472 1175 1710 1211 conrentione
1742 1175 1957 1218 liberentur,
1989 1176 2048 1219 qui
2077 1186 2141 1220 pro
2172 1186 2214 1210 eo
2246 1175 2284 1209 in
2313 1185 2388 1209 mo-

1298 1222 1405 1258 lestia
1428 1222 1586 1256 fuerunt.
1636 1220 1674 1255 Si
1697 1230 1780 1255 vero
1805 1224 1945 1265 tempus
1970 1221 2006 1255 in
2031 1221 2100 1255 hoc
2124 1221 2302 1256 indultum
2328 1230 2388 1254 ex-

1300 1267 1450 1303 cesserit
1492 1266 1672 1310 (convenit
1712 1275 1866 1310 namque
1908 1266 2015 1300 etiam
2056 1270 2197 1310 tempus
2243 1265 2396 1307 definire,

143 1328 231 1353 ωςτε
255 1330 366 1351 αυτον
385 1316 547 1369 αχθέντα
571 1317 633 1359 τῆς
656 1319 697 1350 ἐν
719 1329 773 1359 τῳ
799 1318 889 1349 τέως
913 1316 1095 1361 ἑναγωγῆς
1115 1311 1228 1348 ἇπαλ-
1242 1317 1285 1348 25
1298 1313 1547 1355 iudicantem),
1572 1315 1659 1346 tunc
1683 1311 1872 1346 fideiussor
1895 1314 1959 1345 aut
1982 1310 2172 1346 mandator
2195 1314 2258 1346 aut
2282 1322 2390 1356 spon-

141 1361 246 1403 λάξαι
268 1360 351 1396 τοὺς
373 1363 465 1407 υπέρ
490 1359 600 1395 αὐτοῦ
626 1359 946 1405 διενοχλουμένους.
975 1361 1022 1393 Εἰ
1043 1358 1083 1394 δὲ
1105 1356 1124 1393 ὁ
1149 1358 1227 1405 χρό-

142 1419 201 1442 νος
223 1404 243 1441 ὁ
268 1410 329 1442 ἐπὶ
352 1408 461 1441 τοῦτο
492 1407 643 1449 ταχθεὶς
665 1406 784 1451 ἐξήκοι
816 1404 885 1449 (δεῖ
915 1404 982 1453 γὰρ
1007 1408 1067 1438 καὶ
1098 1404 1229 1451 χρόνον

141 1451 276 1500 ὁρίζειν
301 1451 366 1487 τὸν
390 1450 610 1495 δικάζοντα),
633 1452 832 1496 τηνικαῦτα
859 1448 903 1494 [ἢ]
928 1448 947 1485 ὁ
972 1449 1139 1497 ἐγγυητὴς
1162 1446 1184 1493 ἢ
1210 1447 1228 1483 ὁ

140 1496 338 1551 μανδάτωρ
370 1493 392 1540 ἢ
421 1495 440 1531 ὃ
468 1496 722 1553 ἀντιφωνητὴξ
750 1494 992 1550 ἀγωνιζέσθω
1024 1494 1093 1539 τὴν
1127 1496 1230 1537 δίκην

141 1546 202 1577 καὶ
232 1557 275 1578 το
298 1546 397 1597 χρέος
427 1544 644 1584 έκτιννυτω,
675 1556 739 1577 τας
763 1555 854 1576 κατα
881 1543 945 1576 τοῦ
978 1541 1229 1595 ἐγγυηθέντος,
1244 1544 1287 1576 30

148 1587 162 1597 ”
194 1585 285 1635 ὑπὲρ
316 1601 356 1622 ου
381 1586 444 1622 τὰς
473 1587 618 1622 ἐντολὰς
647 1589 806 1635 ἔγραψεν
831 1585 854 1631 ἢ
882 1586 950 1641 τὴν
980 1585 1234 1640 αντιφώνησιν

145 1633 298 1677 ιιπῆλθε,
319 1632 419 1679 παρὰ
442 1634 508 1667 τοῦ
531 1631 769 1668 δανείσαντος
792 1634 1056 1681 έκχωρουμενος
1079 1631 1233 1679 ἀγωγας.

1300 1369 1361 1395 sor
1395 1360 1596 1402 exequatur
1630 1357 1746 1401 litem,
1791 1360 1828 1391 et
1866 1351 2028 1391 'debitum
2065 1356 2227 1400 exigatur
2264 1359 2392 1391 contra

1300 1415 1398 1448 eum,
1429 1414 1533 1449 quem
1557 1402 1719 1438 fidedixit
1743 1404 1806 1437 aut
1830 1412 1896 1446 pro
1922 1413 1991 1446 quo
2016 1401 2223 1436 mandatum
2248 1402 2393 1445 scripsit

1300 1454 1365 1484 aut
1384 1449 1617 1502 sponsionem
1642 1448 1821 1493 suscepit,
1850 1458 1872 1482 a
1894 1447 2070 1483 creditore
2095 1447 2300 1483 actionibus
2324 1447 2392 1482 sibi

1301 1505 1424 1532 cessis.

1154 1722 1312 1758 CAPUT
1337 1721 1384 1757 ΙΙ.

186 1773 250 1827 <—B-)
297 1777 347 1816 Οὐ
379 1779 451 1825 μὴν
479 1778 563 1815 οὐδὲ
587 1783 646 1815 ἐπὶ
671 1779 717 1815 τὰ
742 1792 937 1827 πραγματα
961 1780 1039 1827 τῷν
1063 1776 1228 1813 δανεισα-

143 1829 275 1871 μένων,
307 1827 339 1860 εἰ
365 1824 454 1872 παρ’
482 1827 617 1872 ἑτέρων
640 1828 837 1869 κατέχοιτο,
862 1838 914 1868 χω
940 1824 1017 1868 ἦσει
1041 1822 1228 1879 πρότερον,

143 1874 231 1918 πρὶν
250 1869 296 1906 ἂν
319 1869 482 1906 διελθεῖν
493 1873 561 1915 τὴν
573 1875 635 1907 ἐπὶ
655 1874 733 1905 ταῖς
754 1838 938 1918 περσοναλ
1095 1873 1098 1878 “

143 1930 182 1951 τε
199 1914 457 1965 μανδατώριον
469 1920 530 1951 καὶ
543 1917 729 1964 ἐγγυητῶν
747 1920 806 1950 καὶ
825 1914 1112 1962 ἀντιφωνητῶν·
1133 1913 1229 1950 οὕτω

143 1976 183 1996 τε
212 1964 272 1997 ἐπὶ
300 1961 347 1997 τὰ
377 1960 576 2009 πράγματα
607 1961 734 1996 ἐλθών
764 1963 829 1996 τοῦ
864 1960 1124 2003 ποωτοτύπου,
1159 1961 1231 2007 εἴγε

144 2004 236 2055 παρ’
260 2008 396 2053 ἑτέρων
416 2010 612 2050 κατέχοιτο,
637 2011 697 2041 καὶ
718 2010 792 2042 τοῖς
812 1994 1082 2062 ἑπειλημμένοις
1107 2004 1231 2040 αὐτῶν

144 2051 350 2097 ἐνοχλήσας,
382 2053 453 2100 εἴγε
476 2051 568 2106 affl?
598 2053 741 2087 ἐκεῖθεν
764 2057 864 2108 exoli]
895 2067 937 2088 το
968 2049 1104 2094 ἱκανόν,
1133 2064 1230 2094 τηνι-

143 2099 259 2132 καῦτα
287 2102 451 2145 χωρείτω
472 2112 564 2133 κατα
587 2112 665 2133 των
693 2111 922 2146 πραγματων
941 2098 1021 2132 τῶν
1050 2097 1239 2144 ἐγγυητῶν
1255 2100 1297 2131 40

1345 1777 1415 1813 Sed
1446 1788 1563 1822 neque
1594 1778 1640 1813 ad
1671 1787 1728 1814 res
1761 1777 1961 1814 debitorum
1990 1789 2081 1823 quae
2114 1779 2160 1814 ab
2191 1778 2270 1814 aliis
2302 1778 2391 1814 deti-

1299 1827 1431 1859 nentur
1461 1823 1585 1858 veniat
1614 1824 1733 1869 prius,
1765 1828 1958 1868 antequam
1981 1828 2144 1860 transeat
2167 1823 2260 1859 viam
2285 1834 2397 1869 super

939 1873 1008 1904 ιάις
1028 1868 1116 1905 ὁδον
1137 1868 1228 1904 κατά
1243 1872 1284 1904 35
1299 1869 1548 1914 personalibus
1574 1873 1610 1904 et
1634 1873 1763 1904 contra
1786 1869 2015 1905 mandatores
2043 1874 2078 1905 et
2101 1869 2332 1905 fideiussores
2358 1872 2395 1903 et

1300 1924 1513 1958 sponsores:
1540 1914 1663 1959 sicque
1682 1915 1729 1949 ad
1752 1925 1810 1950 res
1835 1914 1979 1950 veniens
2000 1915 2220 1960 principalis,
2247 1915 2321 1950 sive
2345 1914 2391 1949 ab

1300 1960 1371 1995 alio
1395 1961 1604 2003 teneantur,
1635 1963 1673 1995 et
1697 1960 1898 1995 detinentes
1923 1971 1984 1995 eas
2010 1960 2244 2003 conveniens,
2275 1961 2305 1996 si
2329 1970 2392 1994 ne-

1301 2016 1370 2050 que
1399 2005 1481 2041 inde
1512 2005 1681 2040 habuerit
1710 2005 2015 2048 satisfactionem,
2052 2010 2139 2040 tunc
2176 2005 2294 2041 veniat
2329 2006 2391 2040 ad-

1300 2061 1424 2086 versus
1460 2060 1518 2085 res
1555 2050 1805 2086 fideiussorum
1846 2055 1883 2085 et
1922 2051 2172 2086 mandatorum
2209 2056 2245 2086 et
2283 2062 2389 2096 spon-

143 2194 319 2236 quantum
344 2190 389 2226 ab
412 2189 476 2226 illo
499 2190 667 2236 accipere
686 2201 760 2226 non
776 2190 920 2237 potuit,
945 2190 983 2224 in
1007 2193 1146 2224 tantum
1167 2198 1246 2223 cum
1264 2187 1480 2233 fideiussore
1498 2186 1555 2222 vel
1578 2186 1798 2222 constitutae
1817 2187 1998 2232 pecuniae
2017 2198 2080 2222 reo
2103 2187 2159 2223 vel
2177 2187 2392 2223 mandatore

144 2238 235 2281 aqat
252 2239 287 2271 et
311 2234 356 2271 ab
377 2246 420 2271 eo
443 2235 624 2281 reliquum
645 2239 902 2282 consequatur.
949 2235 1069 2280 Atque
1093 2233 1182 2268 haec
1204 2232 1237 2267 si
1265 2232 1408 2279 quidem
1431 2232 1591 2278 utrique,
1626 2237 1698 2266 tam
1727 2231 1947 2278 principalis
1977 2231 2135 2275 debitor,
2170 2244 2278 2279 quam
2301 2233 2391 2279 fide-

143 2281 265 2315 iussor
284 2285 350 2316 aut
368 2280 564 2316 mandator
584 2285 651 2316 aut
667 2281 888 2316 constitutae
902 2279 1085 2326 pecuniae
1103 2289 1189 2313 reus
1202 2282 1420 2330 praesentes
1438 2277 1524 2318 sint,
1547 2276 1644 2312 omni
1664 2276 1772 2312 modo
1795 2281 1995 2312 serventur.
2032 2276 2075 2312 Si
2095 2289 2180 2313 vero
2197 2278 2392 2323 fideiussor

145 2325 288 2372 quidem
321 2330 387 2361 aut
417 2325 614 2360 mandator
637 2330 703 2360 aut
725 2325 790 2371 qui
811 2326 1046 2360 constitutum
1068 2327 1228 2368 suscepit
1251 2322 1364 2364 adsit,
1394 2322 1638 2368 principalem
1666 2326 1787 2356 autem
1820 2322 2017 2357 debitorem
2042 2322 2168 2358 abesse
2188 2324 2390 2370 continqat,

145 2371 274 2405 ‹loir-um
301 2375 356 2405 est
379 2369 594 2405 creditorem
615 2369 689 2405 alio
720 2370 879 2411 mittere,
911 2380 992 2404 cum
1020 2367 1143 2403 statim
1172 2378 1196 2402 a
1218 2366 1435 2411 fideiussore
1460 2371 1527 2401 aut
1549 2365 1767 2401 mandatore
1795 2371 1862 2401 aut
1878 2367 2061 2412 pecuniae
2084 2369 2304 2404 constitutae
2327 2380 2390 2404 reo

146 2415 297 2462 exiqerc
347 2415 447 2450 ossit.
494 2413 568 2450 Sed
594 2413 678 2449 huie
700 2425 790 2450 sane
812 2414 868 2449 rei
890 2413 1022 2448 idoneo
1051 2411 1157 2447 modo
1183 2409 1396 2446 medendum
1418 2410 1523 2445 nobis
1553 2414 1616 2445 est.
1666 2409 1794 2455 Neque
1813 2411 1907 2446 enim
1938 2411 2015 2447 ulla
2048 2411 2106 2446 lzic
2129 2417 2209 2448 erat
2237 2415 2390 2465 antiqua

147 2460 179 2495 le
206 2471 226 2495 e
245 2426 397 2505 defiiiita
421 2458 587 2494 medendi
607 2459 718 2501 ratio,
749 2458 890 2494 tametsi
909 2467 1065 2504 maqnus
1091 2456 1153 2491 ille
1172 2454 1404 2502 Papinianus
1424 2455 1514 2490 lzaec
1531 2455 1678 2506 primus
1699 2455 2011 2493 demonstraverit.
2062 2456 2261 2494 Conveniat
2276 2459 2391 2504 iqitur

143 2505 172 2550 fi
198 2505 393 2540 eiussorem
417 2508 482 2540 aut
509 2504 728 2540 constitutae
754 2503 934 2550 pecuniae
957 2513 1058 2538 reum
1085 2505 1151 2536 aut
1169 2499 1438 2543 mandatorem,
1466 2505 1503 2535 et
1523 2499 1638 2535 iudex
1671 2500 1734 2546 qui
1763 2511 1895 2536 causae
1920 2506 2074 2547 praeest
2099 2502 2328 2547 fideiussori,
2356 2512 2391 2540 et

145 2549 296 2585 eundem
322 2549 361 2584 in
384 2549 529 2584 modum
550 2549 769 2585 constitutae
786 2548 971 2595 pecuniae
997 2558 1060 2583 reo
1087 2550 1123 2581 et
1145 2545 1355 2580 mandatori
1369 2544 1618 2597 principalem
1644 2544 1839 2580 debitorem
1868 2546 1995 2582 sistere
2023 2547 2223 2582 volentibus
2252 2553 2319 2584 tem
2350 2561 2391 2584 us

146 2594 333 2637 concedat,
354 2599 396 2630 ut
413 2594 475 2630 ille
491 2594 599 2641 prius
621 2594 801 2630 actionem
816 2594 1006 2635 sustineat,
1027 2596 1063 2627 et
1079 2591 1132 2626 ita
1154 2590 1226 2637 ipsi
1248 2590 1287 2624 in
1307 2589 1472 2625 ultimum
1492 2594 1724 2625 reserventur
1742 2590 1952 2626 subsidium.
1983 2593 2103 2637 Atque
2123 2593 2161 2627 in
2182 2605 2225 2628 ea
2246 2605 2286 2629 re
2330 2594 2390 2633 de-

145 2639 280 2675 iussori
299 2643 336 2676 et
355 2639 534 2686 pecuniae
556 2639 778 2675 constitutae
796 2649 860 2675 reo
879 2643 916 2675 et
939 2636 1147 2673 mandatori
1174 2634 1354 2670 auxilium
1372 2639 1541 2681 praestet
1561 2635 1594 2669 is
1618 2646 1733 2682 penes
1757 2647 1860 2681 quem
1884 2636 2058 2671 iudicium
2078 2642 2132 2672 est
2155 2638 2390 2683 (fideiussori-

145 2685 211 2720 bus
238 2684 334 2720 enim
361 2689 397 2720 et
421 2683 598 2720 eiusmodi
624 2684 829 2720 hominibus
857 2683 1002 2720 auxilio
1033 2681 1156 2718 venire
1178 2680 1244 2726 fas
1265 2683 1349 2724 est),
1380 2685 1421 2715 ut
1443 2680 1505 2716 ille
1529 2680 1607 2726 ipse
1635 2679 1816 2716 adductus
1843 2681 1985 2718 actione
2004 2682 2148 2718 interim
2169 2695 2232 2719 eos
2252 2684 2389 2726 liberet,

145 2730 209 2776 qui
226 2740 302 2776 pro
322 2741 365 2766 eo
389 2733 578 2776 urqentur.
625 2728 765 2773 Quodsi
799 2734 938 2776 tempus
970 2727 1020 2763 ad
1046 2727 1114 2762 hoc
1133 2728 1309 2776 statutum
1334 2725 1573 2770 praeterierit
1596 2728 1694 2768 (nam
1723 2730 1862 2771 tempus
1893 2737 2037 2773 quoque
2061 2727 2213 2808 dgfinire
2235 2729 2390 2765 iudicem

147 2777 326 2821 oportet),
347 2778 421 2810 tum
444 2778 535 2818 [aut]
557 2775 754 2821 fideiussor
774 2779 839 2810 aut
860 2773 1055 2810 mandator
1078 2776 1143 2807 aut
1162 2773 1379 2806 constitutae
1395 2770 1578 2816 pecuniae
1604 2781 1688 2806 reus
1709 2770 1806 2806 litem
1826 2772 2006 2818 suscipiat
2025 2777 2062 2809 et
2105 2773 2237 2809 ebitum
2260 2775 2389 2817 solvat,

146 2819 350 2872 actionibus
376 2824 506 2899 clontra
538 2831 636 2863 eum,
653 2831 729 2867 pro
753 2831 825 2866 quo
854 2819 1035 2866 fideiussit
1065 2816 1121 2853 vel
1150 2814 1361 2851 mandatum
1386 2815 1536 2861 scripsit
1566 2815 1623 2851 vel
1645 2816 1844 2861 pecuniam
1865 2818 2072 2861 constituit,
2093 2830 2116 2853 a
2140 2819 2319 2856 creditore
2342 2821 2391 2855 ad

146 2875 265 2912 ipsum
289 2869 391 2901 trans
406 2865 487 2901 atis.

281 2910 327 2946 11.
364 2912 412 2946 At
431 2921 476 2946 ne
495 2909 546 2945 ad
563 2910 766 2947 debitorum
787 2909 931 2956 quidem
952 2919 1022 2951 res,
1045 2908 1078 2943 si
1097 2907 1141 2943 ab
1167 2905 1251 2942 aliis
1272 2905 1515 2948 detineantur,
1538 2906 1645 2952 prius
1665 2907 1784 2943 veniet
1805 2918 1915 2953 quam
1937 2909 2119 2945 actionum
2136 2911 2388 2956 personalium

147 2955 241 2992 viam
261 2959 388 2991 contra
408 2955 644 2992 mandatores
662 2960 698 2992 et

751 2955 954 2991 deiussores
974 2958 1011 2990 et
1030 2952 1248 2989 constitutae
1262 2950 1444 2997 pecuniae
1463 2961 1548 2986 reos
1568 2950 1774 2988 absolverit.
1815 2952 1973 2999 Cumque
1991 2954 2044 2989 ita
2065 2954 2115 2990 ad
2135 2966 2195 2991 res
2215 2956 2389 2991 debitoris

143 3000 376 3047 principalis,
395 3000 428 3035 si
448 3000 592 3047 quidem
612 3000 657 3036 ab
683 3001 767 3036 aiis
790 3000 1033 3041 detineantur,
1054 2997 1193 3034 venerit
1214 3006 1411 3046 earumque
1434 2994 1639 3047 detentores
1652 2997 1815 3043 petierit,
1839 2998 1872 3033 si
1891 3009 1938 3034 ne
1957 2999 2040 3035 inde
2064 3000 2207 3046 quidem
2232 3001 2265 3035 ei
2282 3002 2387 3036 satis-

145 3046 288 3091 factum
311 3045 371 3088 sit,
396 3049 481 3080 tunc
504 3057 564 3082 res
579 3045 833 3090 fideiussorum
855 3049 891 3081 et
910 3043 1164 3079 mandatorum
1185 3045 1222 3077 et
1240 3051 1418 3087 pecuniae
1439 3044 1657 3077 constitutae
1678 3053 1826 3081 reorum
1845 3049 2098 3090 persequatur.
2148 3044 2248 3080 Idem
2269 3051 2387 3082 autem

197 3140 211 3171 l
239 3133 383 3183 δυνηθῇ
406 3138 533 3178 Proch„
553 3137 693 3182 Epamfl
713 3140 730 3170 ’ἶ
755 3138 823 3181 μὲν
843 3137 898 3178 Μ]
922 3130 983 3169 om.
1009 3135 1078 3168 LB
1102 3134 1232 3175 Procli„

149 3182 259 3224 Epan.
284 3180 298 3225 ΙΙ
324 3183 344 3215 8
367 3178 535 3224 ὖπελθὴν
556 3181 605 3215 L²
635 3182 647 3226 ss
678 3186 713 3216 11
738 3180 805 3215 τὸν
826 3195 885 3215 om.
911 3182 980 3214 LB
999 3180 1012 3225 ΙΙ
1032 3182 1071 3214 13
1091 3175 1175 3212 οὐδὲ
1192 3197 1232 3202 —

153 3231 192 3261 ¹5
213 3222 482 3272 ὑφηγησάμενος
503 3240 561 3260 om.
582 3228 619 3260 B
638 3228 650 3269 ΙΙ
670 3229 708 3261 14
730 3224 914 3261 mammeas
939 3227 985 3259 Μ
1001 3220 1234 3260 marcomede

152 3273 179 3304 L
193 3271 206 3316 ΙΙ
224 3274 315 3314 l4sq.
329 3273 372 3314 cf:
382 3273 524 3314 Diyaffi,
535 3279 558 3314 ί,
567 3279 640 3312 49,2
652 3271 663 3317 Η
677 3274 717 3306 27
733 3273 793 3306 ἐπὶ
806 3269 925 3314 τούτῳ
938 3272 1054 3304 Procli.
1063 3271 1132 3303 cod.
1141 3282 1232 3312 unus,

150 3318 259 3360 Epan.
278 3317 291 3357 ΙΙ
307 3318 350 3350 28
368 3313 391 3359 ἢ
405 3317 491 3356 libri,
505 3329 564 3350 om.
578 3328 597 3353 ς
612 3316 625 3361 ΙΙ
644 3319 687 3351 30
705 3315 797 3350 κατὰ
809 3330 868 3350 om.
882 3316 932 3351 L·²
950 3317 962 3360 ΙΙ
979 3318 1020 3351 32
1039 3312 1234 3358 ὗπειςῆλθε

152 3363 186 3395 Β
196 3362 323 3402 Procli„
332 3362 440 3405 Epun.
450 3360 464 3403 ΙΙ
472 3363 513 3395 33
522 3362 582 3395 ἐπὶ
591 3374 649 3395 om.
658 3362 705 3396 Μ
709 3360 722 3403 ΙΙ
732 3365 772 3395 :34
782 3363 991 3403 κατέχοιντο
1000 3362 1070 3396 ML
1078 3361 1090 3408 ΙΙ
1101 3364 1141 3394 35
1150 3374 1233 3408 περ·

150 3403 333 3440 ‹savanens-
348 3407 404 3447 Μ]
427 3408 676 3453 προσωπικαῖς
694 3408 763 3440 LB
785 3408 914 3448 Procli„
933 3407 1045 3450 Epan.
1061 3409 1073 3448 ΙΙ
1093 3410 1133 3441 37
1163 3407 1235 3440 εἴτε

138 3451 199 3495 ,ΕΊ
217 3450 230 3495 H
254 3453 296 3485 38
320 3453 528 3493 κατέχοιντο
547 3453 578 3485 L
596 3450 608 3496 ss
625 3449 707 3485 τοὺς
726 3449 1000 3494 ἐπειλημμένους
1018 3454 1088 3487 LB
1106 3453 1234 3494 Proca,

151 3496 261 3540 Epan.
272 3494 285 3541 ss
298 3498 340 3530 39
353 3495 424 3543 εἴγε
439 3493 531 3540 μηδὲ
543 3498 600 3539 M]
615 3496 647 3530 εἰ
659 3494 750 3540 μηδὲ
761 3498 814 3533 Le
827 3497 858 3529 εἰ
871 3494 911 3530 δὲ
923 3495 970 3540 μὴ
980 3497 1109 3539 Procli,
1124 3499 1233 3541 Epan.

198 3577 212 3608 1
248 3576 421 3618 potuerint
442 3576 480 3610 V
491 3576 504 3622 ss
524 3578 543 3610 2
576 3579 636 3610 aut
658 3587 848 3619 sponsorem
872 3590 931 3611 om.
955 3578 990 3611 R
1012 3577 1025 3624 ΙΙ
1048 3580 1068 3612 3
1097 3579 1234 3611 mando-

152 3631 219 3653 rem
241 3619 290 3653 R¹
309 3619 322 3665 ss
343 3623 362 3655 5
386 3624 420 3654 et
439 3624 511 3664 (om.
535 3621 586 3664 V)
608 3622 804 3654 intercessor
823 3623 909 3663 RV]
932 3625 965 3655 et
984 3624 1156 3657 fideiussor
1176 3623 1235 3657 aut

152 3665 324 3698 mandator
344 3669 403 3698 aut
423 3677 561 3709 sponsor
584 3668 615 3700 T
632 3669 642 3706 (
649 3667 721 3709 Gr.)
742 3666 754 3712 Η
774 3668 854 3700 haec
868 3688 912 3693 —
926 3670 988 3701 hoc
1010 3670 1143 3711 quidem
1162 3672 1233 3712 (10)

153 3711 186 3745 in
206 3722 272 3745 ras.
293 3713 314 3746 4
332 3724 378 3746 vv.
403 3715 534 3760 scripsit
555 3712 603 3746 ΕΞ
633 3711 646 3759 ΙΙ
677 3715 696 3747 6
721 3713 892 3750 fideiussor
922 3714 1003 3760 VT]
1036 3716 1233 3752 intercessor

224 3766 273 3798 ¹11.

1302 3132 1388 3174 vulq.
1412 3130 1424 3175 ΙΙ
1446 3134 1505 3163 aut
1528 3132 1703 3165 mandator
1725 3152 1767 3158 --
1789 3134 1932 3167 subiecit
1956 3148 2014 3169 om.
2037 3136 2119 3177 R(2)
2139 3133 2152 3181 ΙΙ
2176 3138 2195 3168 9
2218 3135 2386 3169 fideiusso-

1303 3178 1383 3217 rem]
1404 3177 1652 3209 intercessorem
1666 3179 1698 3210 R
1707 3178 1759 3220 (²),
1773 3180 1858 3223 vulq.
1870 3178 1882 3224 ΙΙ
1895 3182 1954 3212 aut
1973 3181 2198 3213 mandatorem
2211 3184 2270 3213 aut
2289 3192 2387 3224 spon-

1302 3232 1410 3254 sorem
1438 3234 1496 3255 om.
1519 3222 1602 3261 R(²)
1626 3221 1638 3266 Η
1669 3225 1703 3257 11
1740 3225 1937 3266 curandum]
1972 3226 2156 3258 curandum
2186 3228 2234 3258 est
2265 3228 2352 3270 vulq.

1306 3269 1345 3300 12
1361 3265 1594 3311 quondamVn
1607 3267 1684 3300 data
1699 3267 1748 3301 Β*
1764 3268 1776 3314 ΙΙ
1795 3271 1832 3303 14
1847 3270 1928 3303 haec
1946 3284 2002 3303 om.
2013 3269 2069 3314 Ru
2081 3271 2209 3312 primus
2227 3271 2259 3303 Τ
2271 3271 2362 3312 (Gr.)

1302 3312 1526 3344 fideiussorem
1551 3314 1610 3344 aut
1631 3323 1822 3355 sponsorem
1842 3318 1901 3347 aut
1927 3315 2152 3348 mandatorem
2174 3315 2257 3357 VT]
2281 3316 2387 3350 inter-

1303 3367 1462 3389 cessorem
1483 3357 1516 3389 R
1540 3357 1584 3389 al.
1604 3355 1617 3402 Η
1640 3361 1680 3392 16
1704 3359 1900 3401 fideiussori,
1921 3360 2009 3392 idem
2034 3364 2082 3392 est
2105 3361 2215 3393 dicere
2235 3363 2387 3403 sponsori

1304 3405 1337 3434 et
1359 3402 1559 3442 mandatori,
1580 3402 1772 3437 uolentibus
1792 3405 1840 3445 V]
1874 3405 2084 3438 intercessori
2107 3406 2237 3439 uolenti
2257 3407 2289 3440 R
2314 3408 2357 3440 al.
2374 3406 2387 3452 ss

1308 3450 1346 3480 19
1368 3447 1437 3488 ipse
1459 3448 1490 3479 R
1511 3447 1598 3491 vulq.
1617 3446 1630 3493 Η
1650 3452 1839 3482 reseruetur
1860 3451 1928 3483 RT
1944 3453 2120 3484 seruentur
2140 3451 2173 3485 V
2187 3449 2199 3496 ss
2220 3453 2262 3485 20
2283 3452 2386 3485 inter-

1303 3492 1435 3532 cessori]
1467 3491 1652 3526 fideiussori
1685 3494 1755 3528 VT
1779 3497 1826 3536 (et
1855 3496 2005 3537 sponsori
2038 3497 2071 3529 et
2095 3497 2283 3529 mandatori
2308 3499 2383 3530 add.

1303 3538 1402 3580 vulq.)
1421 3535 1433 3581 ΙΙ
1454 3537 1533 3569 haec
1555 3537 1588 3570 R
1605 3536 1617 3583 ΙΙ
1638 3540 1675 3571 21
1703 3541 1736 3572 et
1757 3540 1792 3571 in
1814 3539 1939 3572 talibus
1965 3541 1996 3573 T
2010 3538 2022 3585 ΙΙ
2040 3551 2102 3583 pro
2123 3553 2190 3574 esse
2211 3542 2259 3575 R¹
2279 3540 2292 3586 ΙΙ
2310 3552 2383 3574 san-

1303 3582 1406 3633 citum
1432 3581 1532 3615 RVY
1556 3581 1568 3627 ΙΙ
1592 3583 1724 3616 delucto
1755 3586 1801 3617 Β*
1822 3583 1835 3629 Η
1859 3587 1900 3618 22
1932 3586 2189 3619 conuentionem
2215 3587 2248 3620 V
2260 3588 2269 3607 ¹
2290 3586 2302 3632 ΙΙ
2324 3598 2385 3630 pro

1302 3638 1340 3659 eo
1366 3626 1563 3660 immolestia
1591 3628 1728 3661 suerunt
1761 3631 1805 3669 R,
1841 3641 1900 3662 *eo
1924 3632 1997 3673 (pro
2025 3642 2082 3664 reo
2107 3631 2138 3665 V
2146 3631 2172 3672 ²)
2203 3631 2384 3665 melestiam

1302 3672 1414 3722 ferunt
1440 3671 1476 3704 V
1496 3670 1508 3718 ss
1533 3673 1575 3705 23
1605 3673 1685 3706 haec
1708 3674 1756 3707 R¹
1785 3673 1798 3720 ΙΙ
1827 3676 1868 3709 26
1902 3675 2066 3719 exigatur]
2103 3681 2301 3719 exsequatur
2327 3677 2380 3719 (al.

1303 3720 1454 3757 exigatur
1481 3716 1546 3762 V2)
1577 3717 1612 3754 V

2096 3770 2116 3804 4
