2618 4010
152 140 302 179 NEQUE
331 141 565 173 MULIEREM

150 241 192 274 τὸ
225 243 292 284 μὲν
328 238 419 274 καθ’
457 241 610 273 ἕκαστον
643 238 807 283 ἰώμεθα,
844 238 1164 284 ἀπολαμβάνοντες
1197 239 1236 275 δὲ

151 284 304 328 ἑκάστην
330 286 478 329 ζήτησιν
501 281 839 330 ἄμφιςβητουμένην
861 287 999 320 ἑαυτοῖς
1022 299 1069 323 τε.
1082 291 1141 320 καὶ
1161 290 1233 322 τοῖς

153 329 336 364 δικασταῖς
351 333 431 364 κτοῖς
453 326 633 375 ἡμετέροις
658 328 718 363 διὰ
739 332 978 374 νομοθετικῆς
998 328 1023 364 (ἲ
1037 332 1102 378 χρὴ
1119 332 1231 377 πράτ-

151 390 228 410 τειν
250 377 397 422 γενικῶς
420 373 477 421 ἐφ’
497 374 628 422 ἑκάστῃ
653 379 729 409 τῶν
751 376 936 420 ζητήσεων
960 374 1230 421 ἄποτιθέμεθα.

151 422 343 467 τοιγαροῦν
367 422 480 454 ἐκεῖνο
513 419 584 465 πρὸ
611 422 688 455 τῶν
712 420 835 456 ἄλλων
863 420 964 461 ἔδοξε
988 425 1054 466 μὲν
1078 423 1164 457 ἴσως
1187 423 1231 457 εἶ-

152 481 212 501 ναι
235 469 308 501 τοῖς
331 464 443 500 πάλαι
465 467 810 511 νενομοθετημένοις
833 465 896 501 οὐκ
913 467 1000 501 ἄνευ
1020 468 1120 502 τινος
1141 467 1232 502 διαι-

152 516 296 557 ρέσεως,
321 508 405 555 ἡμῖν
430 509 470 544 δὲ
493 512 670 555 ἐνομίσθη
695 512 811 547 καλῶς
835 515 928 555 ἐχειν
952 513 1113 559 σώφρονι
1129 514 1231 558 νόμῳ

152 557 240 602 πρὸς
273 555 462 600 ἁπλότητα
497 557 540 590 τὸ
575 558 720 603 πρᾶγμα
750 561 966 604 μεταγαγεῖν
1002 561 1040 592 ἐκ
1072 561 1135 592 τοῦ
1164 561 1232 593 νῦν

151 602 335 647 ἀρχομένῳ
365 606 424 635 καὶ
449 599 554 636 οὐδὲν
579 606 888 660 περιεργαζρμένῳ
920 605 996 657 τῷν
1021 605 1232 649 ἔμπροσθεν

1223 126 1307 173 479

1921 133 2026 175 Nov.
2058 131 2235 175 XCVIII
2265 146 2325 187 pr.
2362 136 2378 174 1

1304 251 1366 275 nes
1403 242 1523 278 multis
1566 242 1832 287 interpellamur
1877 243 2015 285 causis,
2058 244 2206 289 singulis
2244 245 2384 289 quidem

1302 286 1501 330 medemur,
1549 288 1888 333 comprehendentes
1934 292 2055 324 autem
2098 299 2383 334 unamquamque

1301 333 1546 376 quaestionem
1577 334 1775 369 dubitatam
1806 335 1841 369 et
1865 334 1967 369 nobis
1991 338 2026 369 et
2048 334 2226 370 iudicibus
2251 335 2384 370 nostris

1300 388 1364 421 per
1395 378 1652 422 legislationem
1690 389 1780 424 quae
1815 382 1979 424 oporteat
2013 380 2071 423 agi
2101 382 2313 425 generaliter
2346 381 2383 414 in

1269 427 1287 458 5
1301 433 1515 468 unaquaque
1539 425 1745 468 quaestione
1765 425 1990 469 exponimus.
2038 425 2163 470 Itaque
2185 426 2273 460 illud
2299 429 2384 460 ante

1301 469 1420 503 omnia
1450 470 1563 504 visum
1600 470 1740 514 quidem
1772 474 1826 505 est
1856 470 1979 505 forsan
2009 481 2088 505 esse
2119 471 2246 515 priscis
2279 472 2381 515 legis-

1300 514 1492 550 lationibus
1525 526 1598 550 non
1627 515 1703 551 sine
1734 515 1886 560 quadam
1912 516 2104 557 divisione,
2137 517 2239 551 nobis
2264 522 2382 551 autem

1300 563 1464 603 putatum
1489 564 1545 596 est
1568 561 1658 595 bene
1683 571 1721 595 se
1746 561 1878 596 habere
1903 564 2103 605 temperata
2130 562 2205 605 lege
2229 562 2275 596 ad
2299 562 2382 596 sim—

1301 605 1496 649 plicitatem
1530 615 1675 640 causam
1706 609 1942 650 transponere
1978 616 2022 641 ex
2055 617 2151 640 nunc
2190 607 2383 641 incohante

151 650 428 693 πεπραγμένων,
447 646 542 682 διότι
559 652 720 703 καὶιημῖν
737 652 856 702 αρτοῖς
873 662 1002 693 πρωην
1019 646 1082 682 οὐκ
1099 647 1232 696 ἀπαρε-
1248 654 1287 685 10
1301 654 1337 685 et
1372 651 1459 684 nihil
1494 654 1744 695 perscrutante
1779 651 1907 686 horum
1939 661 2029 695 quae
2062 651 2162 695 prius
2193 652 2383 686 terminata

151 696 333 736 σκομένοις
364 696 436 727 τοῖς
465 697 547 740 περὶ
570 707 699 727 τουτου
729 706 852 738 νομοις
875 693 977 734 ἔδοξε
1006 694 1051 728 τὰ
1083 693 1233 739 δεύτερα

150 737 294 772 καλλίω.
342 741 419 772 τῶν
450 739 516 785 γὰρ
547 740 712 784 γαμικῶν
743 738 891 784 κερδῶν,
924 741 954 772 εἰ
977 742 1044 782 μέν
1074 751 1127 773 τις
1156 742 1232 773 τῶν

151 783 417 818 συνοικούντων
434 784 599 829 φυλάξειε
624 784 690 827 τὴν
714 782 831 829 εὐνήν,
855 784 1046 829 μενόντων
1066 782 1154 830 παρ)
1171 782 1233 818 αὗ-

151 832 222 863 τοῖς
247 831 396 874 ἰσχυρῶς
420 835 479 863 καὶ
503 833 580 863 ταῖς
603 831 744 863 ἑαυτῶν
769 834 988 883 περιουσίαις
1011 832 1230 875 ἐμπηγνυμέ-

1302 698 1394 738 sunt,
1421 695 1588 739 quoniam
1613 698 1649 730 et
1673 696 1775 730 nobis
1800 696 1887 740 ipsis
1912 696 2048 740 pridem
2069 706 2141 730 non
2162 696 2380 741 displicenti-

1301 740 1369 775 bus
1402 740 1445 775 de
1475 741 1545 775 hoc
1567 741 1646 784 ipso
1672 741 1809 784 legibus
1833 741 1908 775 visa
1933 742 2188 777 sunt-meliora
2211 743 2393 777 secundas

1300 785 1530 829 Nuptialibus
1562 795 1716 828 namque
1749 786 1876 827 lucris,
1910 785 1940 820 si
1973 786 2113 830 quidem
2144 787 2271 831 aliquis
2297 798 2381 822 con-

1300 831 1504 865 iunctorum
1539 831 1731 865 servaverit
1767 831 1989 874 pudicitiam,
2027 832 2252 867 manentibus
2287 833 2383 877 apud

150 889 238 916 νων,
276 877 306 909 εἰ
337 873 375 909 δὲ
405 874 554 909 ἔλθόιεν
586 876 633 909 εἰς
657 876 777 920 ἑτέρου
808 887 997 920 προςωπου
1022 876 1231 920 συνάφειαν,
1247 879 1287 911 15
1300 875 1399 919 ipsos
1435 875 1550 910 valide
1586 878 1620 910 et
1655 886 1777 911 eorum
1812 876 2024 911 substantiis
2060 877 2196 920 infixis,
2233 879 2264 912 Si
2299 888 2382 913 vero

150 924 223 954 τοῖς
260 923 297 954 ἐκ
333 922 397 955 τοῦ
435 924 608 966 προτέρου
642 920 758 966 γάμου
798 924 901 955 παισὶ
938 919 1230 966 φυλαττομένων,

151 965 258 1009 ἁπλῷ
292 981 365 1000 τινι
397 969 456 999 καὶ
487 965 648 999 καλλίονι
679 965 781 1010 νόμῳ
811 966 880 1009 τὴν
908 964 1063 1008 διπλόην
1093 965 1232 1007 ταύτην

153 1011 275 1052 ἔδοξεν
307 1009 456 1045 ἀνελεῖν.
504 1013 534 1045 εἰ
565 1011 634 1057 γὰρ
668 1009 840 1056 δευτέροις
872 1009 1077 1055 ὁμιλήσασα
1107 1010 1232 1057 γάμοις

151 1060 239 1103 γυνὴ
265 1055 287 1100 ἢ
311 1060 369 1090 καὶ
395 1054 486 1102 ἀνὴρ
509 1057 619 1099 τυχὸν
643 1057 690 1090 εἰς
711 1055 877 1102 δεύτερον
901 1055 991 1090 ἰδών
1011 1059 1232 1090 συνοικέσιον

1300 921 1418 955 veniat
1440 920 1485 955 ad
1510 921 1657 955 alterius
1681 931 1857 965 personae
1882 922 2189 966 coniunctionem,
2221 933 2264 957 ex
2288 924 2381 967 prio·

1300 966 1398 1001 ribus
1436 966 1570 1010 nuptiis
1605 965 1687 1000 filiis
1726 967 1927 1009 servandis,
1966 967 2120 1011 simplici
2159 969 2312 1011 quadam
2348 972 2384 1002 et

1300 1011 1438 1046 meliori
1469 1011 1545 1055 lege
1578 1011 1754 1055 duplicem
1787 1012 1881 1046 hanc
1912 1012 2048 1057 placuit
2078 1013 2290 1048 interimere.
2345 1014 2384 1048 Si

1301 1057 1396 1091 enim
1427 1056 1592 1091 secundis
1623 1057 1734 1091 mixta
1764 1057 1898 1101 nuptiis
1931 1058 2056 1092 mulier¹
2089 1062 2152 1093 aut
2189 1059 2295 1094 etiam
2330 1059 2383 1093 vir

152 1117 196 1136 τα
222 1105 259 1135 ἐκ
283 1102 446 1145 vellemne
469 1100 720 1148 κερδανθέντα
744 1105 802 1134 καὶ
827 1101 873 1135 τὰ
899 1104 936 1135 ἐκ
954 1099 1231 1156 ῥεπουδίουὶφυ-
1246 1105 1288 1137 20
1302 1101 1394 1137 forte
1433 1102 1479 1136 ad
1518 1102 1712 1137 secundam
1753 1103 1948 1147 respiciens
1989 1103 2173 1147 coniugem
2214 1115 2305 1149 quae
2339 1115 2383 1139 ex

153 1146 272 1182 λάττει
296 1152 368 1182 τοῖς
391 1151 513 1189 παισί,
546 1151 605 1180 καὶ
629 1148 763 1189 ἑτέρων
792 1147 877 1180 ἴσως
901 1149 1083 1191 ἐσομένων
1115 1150 1233 1181 αυτοῖς

153 1192 298 1228 παίδων
322 1195 359 1226 ἐκ
380 1194 457 1226 τῶν
474 1193 598 1227 ἔπειτα
622 1191 761 1238 γάμων,
787 1194 857 1227 ποῦ
882 1190 1026 1226 δίκαιόν
1051 1194 1128 1226 ἐστι
1152 1193 1234 1226 τοὺς

154 1241 214 1272 ἐπὶ
238 1239 359 1283 μόνοις
381 1241 454 1272 τοῖς
478 1242 583 1272 παισὶ
606 1241 678 1271 τοῖς
711 1239 749 1271 ἐκ
780 1239 845 1272 τοῦ
875 1237 987 1282 νόμου
1018 1237 1234 1272 σαλεύοντας

152 1285 200 1328 μὴ
226 1284 418 1339 φυλάττειν
443 1280 559 1317 aiente
588 1283 634 1317 τὰ
659 1281 764 1328 κέρδη
795 1284 841 1317 τὰ
870 1286 908 1317 ἐκ
930 1285 1008 1317 τῶν
1031 1282 1232 1327 τετελευτη-

1302 1152 1415 1181 morte
1444 1148 1585 1182 lucrata
1617 1150 1701 1182 sunt
1731 1152 1795 1183 aut
1818 1148 1925 1183 etiam
1949 1158 1993 1183 ex
2017 1149 2165 1193 repudio
2189 1149 2283 1185 forte
2308 1160 2382 1185 ser-

1302 1196 1361 1228 vat
1384 1192 1477 1235 filiis,
1504 1203 1584 1227 cum
1608 1193 1730 1237 utique
1755 1196 1791 1228 et
1814 1194 1874 1228 alii
1898 1194 2022 1228 forsan
2048 1201 2152 1229 erunt
2176 1196 2226 1230 eis
2251 1196 2314 1230 filii
2337 1206 2383 1230 ex

1301 1238 1434 1282 nuptiis
1471 1238 1720 1282 sequentibus:
1753 1239 1928 1283 quomodo
1961 1240 2092 1274 iustum
2124 1245 2177 1275 est
2209 1251 2289 1283 eos,
2322 1242 2384 1284 qui

1300 1284 1339 1318 in
1370 1283 1454 1319 solis
1486 1283 1569 1318 filiis
1600 1284 1762 1327 legitimis
1794 1285 2011 1324 moriuntur,
2047 1296 2120 1320 non
2154 1297 2296 1321 servare
2331 1287 2383 1321 eis

153 1344 274 1365 κοτων
306 1330 429 1364 αυτών
460 1331 610 1382 γορέων,
646 1325 726 1362 ἀλλ’
756 1329 887 1373 ἑτέροις
919 1327 1013 1363 αὐτὰ
1045 1329 1401 1374 παραπέμ-25111013,
1437 1339 1481 1363 ex
1518 1330 1668 1364 mortuis
1703 1340 1824 1364 eorum
1860 1331 2092 1374 parentibus,
2129 1332 2190 1366 sed
2226 1332 2304 1366 aliis
2342 1342 2384 1367 ea

153 1389 256 1416 πειν,·
293 1379 409 1408 καίτοι
433 1378 471 1408 τί
496 1389 542 1408 αν
566 1377 706 1420 γένοιτο
731 1375 946 1420 τιμιώτερον
970 1373 1115 1409 παίδων
1133 1374 1232 1419 παρὰ

152 1424 290 1466 γονέων
314 1418 377 1454 οὐκ
402 1416 740 1464 ἄχαριστουμένων;

1302 1374 1568 1409 transmittere?
1616 1374 1760 1410 Scilicet
1795 1375 1879 1420 quid
1914 1376 1982 1410 erit
2016 1376 2206 1420 pretiosius
2242 1378 2324 1412 filiis
2361 1388 2383 1411 a

1301 1420 1511 1464 parentibus
1536 1431 1607 1455 non
1631 1420 1806 1464 ingratis?

1167 1510 1322 1545 CAPUT
1344 1511 1370 1545 Ι.

210 1567 277 1601 Διά
302 1568 409 1600 τοῦτο
434 1571 558 1601 τοίνυν
581 1568 818 1611 θεσπίζομεν,
847 1568 877 1600 εἰ
899 1568 987 1613 γυνὴ
1013 1564 1232 1610 τελευτήσειε

152 1616 212 1646 καὶ
241 1616 397 1665 συμβαίη
429 1612 549 1658 κέρδος
578 1613 754 1658 γενέσθαι
785 1613 837 1655 τῷ
863 1609 969 1658 ἀνδρὶ
998 1613 1067 1655 τὴν
1091 1615 1232 1658 προῖκα,

1366 1567 1562 1611 Propterea
1584 1567 1692 1612 igitur
1716 1568 1916 1610 sancimus,
1947 1568 1977 1603 si
2005 1569 2131 1604 mulier
2153 1568 2325 1604 morlatur
2349 1573 2384 1605 et

1302 1613 1441 1647 eveniat
1471 1613 1609 1648 lucrum
1640 1613 1718 1648 fieri
1748 1614 1824 1648 viro
1855 1613 1990 1655 dotem,
2024 1614 2117 1649 hanc
2142 1615 2285 1649 omnino
2309 1625 2383 1650 ser-

151 1658 289 1699 ταύτην
323 1669 472 1692 παντως
504 1657 752 1712 φυλάττεσθαι
783 1660 857 1691 τοῖς
888 1663 1027 1701 παισίν,
1058 1658 1128 1692 εἴτε
1157 1656 1231 1691 δευ-
1247 1661 1289 1693 30
1302 1668 1385 1693 vare
1405 1657 1497 1700 filiis,
1522 1659 1595 1693 sive
1619 1659 1665 1693 ad
1685 1659 1860 1694 secundas
1882 1659 2000 1693 veniat
2019 1659 2162 1704 nuptias
2185 1659 2256 1694 sive
2279 1661 2384 1695 etiam

151 1706 263 1749 τέροις
293 1699 471 1747 ὁμιλήσειε
501 1715 627 1750 γαμοις
659 1704 728 1737 εἴτε
759 1706 818 1736 καὶ
871 1701 903 1747 ἦ,
935 1707 994 1737 καὶ
1018 1701 1233 1738 τούναντίον

151 1751 181 1782 εἰ
204 1748 447 1791 τελευτήσειεν
472 1745 491 1781 ὁ
517 1746 624 1794 ἀνήρ,
656 1745 677 1791 ἡ
707 1747 797 1794 γυνὴ
832 1717 871 1782 δὲ
901 1750 964 1792 τῆς
996 1753 1234 1795 προγαμιαίας

152 1793 287 1839 δωρεᾶς
311 1792 546 1838 ἀπολαύσειε,
577 1798 636 1827 καὶ
661 1791 775 1837 αὐτὴν
807 1795 898 1827 πᾶσι
929 1792 1077 1840 τρόποις
1101 1792 1232 1840 φυλάτ-

151 1853 227 1874 τειν
245 1840 291 1874 τὰ
313 1842 351 1873 ἐκ
374 1841 436 1882 τῆς
453 1843 700 1885 προγαμιαίας,
710 1837 845 1884 δωρεᾶς
869 1839 973 1884 κέρδη
998 1844 1070 1874 τοῖς
1093 1841 1233 1874 οἰκείοις

1301 1714 1394 1746 11011,
1434 1708 1469 1738 et
1509 1714 1529 1739 e
1568 1704 1706 1739 diverso
1747 1704 1777 1739 si
1812 1709 1973 1739 mortuus
2009 1705 2118 1740 fuerit
2149 1705 2220 1748 vir,
2259 1707 2385 1741 mulier

1303 1751 1421 1783 autem
1450 1763 1535 1780 *u*
1577 1750 1814 1795 antenuptiali
1853 1750 2044 1785 donatIOne
2085 1752 2187 1785 lucra
2230 1752 2384 1796 propriis

1303 1794 1408 1829 filiis:
1449 1805 1517 1830 11511
1552 1795 1692 1839 quidem
1727 1795 1907 1830 lucrorum
1943 1806 1987 1830 ex
2023 1796 2156 1840 nuptiis
2192 1797 2288 1841 apud
2323 1808 2384 1833 eos

1303 1840 1509 1883 constituto,
1533 1841 1753 1885 proprietate
1777 1850 1861 1876 vero
1888 1851 2009 1876 eorum
2033 1841 2113 1877 filiis
2139 1843 2280 1877 omnino
2309 1853 2383 1878 ser-

151 1889 259 1919 παισί
274 1886 407 1939 [πᾶριῂὶ
424 1886 486 1927 τῆς
509 1888 575 1929 μὲν
590 1883 747 1938 χρήσεως
771 1886 847 1919 τῶν
873 1887 910 1918 ἐκ
935 1899 997 1919 του
1015 1885 1130 1931 γάμου
1156 1899 1231 1930 κερ-
1246 1887 1287 1920 35
1301 1885 1434 1930 vanda;
1460 1886 1515 1921 his
1541 1896 1631 1930 quae
1656 1896 1763 1931 super
1787 1887 1996 1931 parentibus
2021 1887 2067 1922 ad
2092 1887 2267 1924 secundas
2288 1889 2383 1924 veni-

152 1929 228 1964 δῶν
253 1944 327 1975 παρ
365 1933 483 1963 αυτοῖς
506 1930 758 1974 καθεστωσης,
782 1932 844 1973 τῆς
868 1928 907 1964 δὲ
928 1929 1136 1965 δεσποτείας
1159 1935 1232 1965 τοῖς

153 1973 275 2010 αὐτῶν
299 1980 426 2010 παισὶν
451 1978 488 2008 ἐκ
512 1973 650 2020 τρόπου
674 1976 812 2010 παντὸς
836 1975 1117 2021 φυλαττομένης·
1154 1978 1232 2010 τῶν

152 2023 212 2055 ἐπὶ
235 2024 307 2055 τοῖς
330 2022 472 2067 γονεῦσι
496 2025 568 2055 τοῖς
591 2022 638 2054 εἰς
663 2018 842 2066 δευτέρους
866 2022 960 2055 ἰοῦσι
983 2021 1116 2068 γάμους
1132 2034 1232 2056 νενο-

220 2126 245 2146 c.
272 2113 295 2145 Ι
314 2114 516 2146 summarium
539 2126 577 2145 ex
601 2113 722 2145 Theod.
749 2114 844 2145 habet
867 2113 1048 2146 Proehiron
1073 2115 1104 2154 6,
1121 2122 1133 2146 1
1158 2114 1246 2154 (inde
1269 2113 1476 2157 Epanayoqe
1504 2115 1627 2153 19‚12).

154 2191 381 2236 deferuntur,
413 2190 566 2236 sinqulis
598 2191 739 2235 quidem
769 2192 960 2232 medemur,
993 2195 1199 2237 promentes
1223 2195 1342 2226 autem
1373 2191 1538 2236 sitiqulas
1565 2192 1795 2237 quaestiones
1819 2204 1842 2227 a
1866 2193 1969 2229 nobis
1991 2198 2027 2228 et
2049 2194 2226 2230 iudicibus
2249 2197 2385 2231 nostris

154 2237 191 2270 in
223 2235 367 2270 dubium
400 2240 548 2271 vocatas
577 2246 645 2281 per
676 2236 895 2281 leqislatoris
927 2241 1040 2271 artem
1067 2235 1288 2282 qeneraliter
1319 2246 1412 2281 quae
1439 2237 1614 2280 facienda
1645 2242 1731 2272 sunt
1760 2238 1798 2271 in
1823 2249 2043 2283 unaquaque
2067 2241 2277 2285 quaestione
2302 2251 2384 2275 con—

155 2281 281 2316 dimus.
330 2279 428 2315 Illud
457 2281 571 2326 iqitur
597 2292 691 2326 prae
716 2281 842 2316 ceteris
870 2281 909 2315 in
936 2281 982 2315 iis
1011 2291 1106 2325 quae
1137 2281 1337 2326 antiquitus
1359 2282 1501 2316 sancita
1524 2286 1609 2316 sunt
1629 2282 1791 2327 fortasse
1815 2283 1941 2318 visum
1953 2290 2006 2318 est
2031 2295 2104 2319 non
2127 2286 2204 2320 sine
2226 2286 2384 2331 quadam

156 2327 384 2361 distinctione
408 2337 495 2368 esse,
520 2337 588 2360 nos
611 2331 728 2361 autem
744 2337 822 2371 par
845 2336 921 2361 esse
943 2326 1227 2361 existimavimus
1249 2336 1341 2360 sana
1366 2326 1443 2371 leqe
1467 2326 1516 2361 ad
1538 2327 1801 2373 simplicitatem
1825 2338 1899 2363 rem
1924 2329 2100 2374 rediqere,
2124 2341 2219 2375 quae
2243 2342 2291 2366 ea:
2315 2330 2385 2366 lioc

158 2377 316 2417 tempore
339 2371 479 2406 initium
504 2372 627 2416 capiat
657 2382 721 2406 nec
746 2370 938 2416 quiequam
969 2382 1093 2405 eorum
1126 2382 1219 2415 quae
1243 2375 1350 2406 antea
1374 2377 1457 2406 aeta
1479 2376 1565 2406 sunt
1589 2373 1731 2406 curiose
1753 2377 1953 2408 scrutetur:
1978 2375 2152 2419 quoniam
2172 2376 2275 2411 nobis
2295 2377 2385 2421 ipsis

157 2428 311 2463 quoque,
335 2416 464 2461 quibus
489 2415 584 2461 leqes
607 2427 649 2451 ea
674 2416 718 2450 de
740 2427 780 2451 re
804 2416 899 2451 latae
923 2415 1122 2460 aliquando
1147 2426 1221 2450 non
1245 2415 1508 2462 displicuerint,
1531 2417 1691 2452 secunda
1713 2418 1867 2452 consilia
1887 2418 2037 2454 meliora
2059 2420 2132 2454 visa
2152 2427 2244 2455 sunt.
2289 2422 2383 2456 Nam

157 2473 235 2497 eum
268 2462 371 2496 lucra
401 2462 600 2507 nuptialia,
632 2462 667 2496 si
696 2462 758 2506 qui
782 2461 955 2507 coniuqes
980 2466 1099 2495 torum
1119 2461 1300 2506 inteqrum
1323 2466 1483 2503 servent,
1517 2462 1618 2508 apud
1640 2473 1702 2497 eos
1722 2463 1877 2506 firmiter
1899 2468 2069 2499 maneant
2092 2470 2199 2510 atque
2221 2466 2383 2512 ipsorum

157 2508 257 2543 bonis
280 2507 511 2548 inhaereant,
535 2508 592 2541 sin
617 2506 666 2541 ad
689 2507 839 2542 alterius
854 2517 1040 2552 personae
1064 2506 1269 2551 coniuqium
1294 2507 1456 2548 veniant,
1483 2507 1603 2542 liberis
1626 2518 1676 2543 ex
1700 2508 1832 2559 priore
1855 2509 2086 2545 matrimonio
2110 2512 2286 2557 susceptis
2308 2523 2381 2548 ser-

156 2552 275 2587 vanda
305 2553 395 2593 sint,
427 2552 581 2598 simplici
614 2552 770 2597 quadam
800 2555 835 2586 et
857 2552 1002 2586 meliore
1026 2551 1105 2597 leqe
1129 2550 1503 2597 istamduplicitatem
1529 2552 1655 2588 tollere
1678 2564 1791 2588 visum
1815 2559 1877 2588 est.
1927 2554 1968 2589 Si
1990 2555 2084 2590 enim
2108 2556 2235 2591 mulier
2259 2557 2309 2592 ad
2330 2569 2382 2593 se-

156 2598 294 2632 cundas
315 2598 462 2643 nuptias
480 2598 633 2639 veniens,
658 2597 714 2632 vel
729 2596 836 2632 etiam
856 2598 910 2632 vir
924 2597 1025 2642 forte
1044 2596 1236 2631 secundum
1253 2597 1461 2642 coniuqium
1479 2603 1648 2643 spectans
1669 2598 1771 2633 lucra
1789 2610 1838 2634 ex
1857 2604 1972 2635 morte
1989 2604 2025 2635 et
2039 2601 2190 2646 repudio
2209 2603 2383 2648 profecta

157 2643 278 2678 tiberis
301 2647 431 2684 servat,
455 2644 524 2678 etsi
546 2643 613 2677 alii
631 2643 794 2687 fortasse
818 2642 920 2677 liberi
944 2642 988 2676 iis
1012 2652 1061 2677 ex
1084 2642 1250 2676 secundis
1273 2643 1410 2687 nuptiis
1431 2643 1555 2687 futuri
1574 2643 1657 2685 sint,
1684 2644 1864 2689 quomodo
1889 2645 1946 2679 ius
1969 2649 2024 2680 est
2043 2657 2116 2686 eos,
2141 2647 2204 2692 qui
2229 2647 2273 2682 de
2295 2648 2384 2683 solis

157 2689 277 2723 liberis
302 2688 469 2733 leqitimis
492 2688 641 2723 solliciti
661 2692 756 2727 sunt,
782 2698 854 2722 non
877 2698 1022 2723 servare
1047 2687 1090 2721 iis
1115 2687 1215 2721 lucra
1242 2697 1335 2731 quae
1355 2699 1404 2722 ex
1422 2689 1637 2733 parentibus
1656 2689 1819 2735 ipsorum
1839 2689 2024 2734 defunctis
2043 2691 2296 2736 adquirantur,
2321 2693 2385 2729 sed

157 2733 205 2769 ad
228 2734 321 2769 alios
347 2733 613 2768 transmittere?
659 2733 768 2778 Atqui
792 2733 880 2778 quid
896 2733 1096 2778 pretiosius
1119 2737 1172 2766 est
1195 2732 1316 2766 liberis
1340 2732 1468 2777 quibus
1492 2744 1565 2768 non
1590 2735 1754 2780 inqratos
1776 2745 1815 2770 se
1832 2740 2007 2781 parentes
2023 2736 2228 2782 praebent?

290 2779 316 2813 I.
366 2778 569 2824 Propterea
599 2779 713 2824 iqitur
743 2778 943 2819 sancimus,
979 2779 1010 2811 si
1042 2777 1171 2812 mulier
1202 2777 1377 2821 defuncta
1411 2778 1460 2813 sit
1490 2782 1525 2813 et
1557 2779 1657 2814 lucro
1691 2779 1796 2815 cedat
1826 2781 1957 2815 marito
1990 2781 2074 2823 dos,
2112 2782 2206 2817 lianc
2238 2784 2382 2819 omnino

157 2825 277 2860 liberis
307 2827 464 2865 servari,
501 2823 782 2859 sive-secundas
813 2824 959 2868 nuptias
990 2823 1221 2858 contraxerit
1254 2823 1329 2857 sive
1360 2823 1467 2857 etiam
1499 2834 1595 2865 non,·
1629 2825 1712 2859 item
1742 2836 1791 2860 ex
1822 2826 2009 2861 contrario
2039 2827 2071 2861 si
2103 2828 2158 2862 vir
2189 2827 2385 2873 defunctus

155 2870 204 2905 sit
234 2881 276 2904 ae
308 2870 436 2904 mulier
467 2869 661 2904 donatione
692 2873 774 2904 ante
799 2869 946 2914 nuptias
968 2868 1130 2913 fruatur,
1162 2868 1279 2913 ipsam
1303 2878 1445 2913 quoque
1470 2869 1632 2904 omnibus
1654 2869 1771 2904 modis
1794 2870 1896 2905 lucra
1920 2882 1970 2906 ese
1993 2871 2188 2908 donatione
2211 2879 2295 2909 ante
2318 2886 2382 2909 nu-

154 2916 254 2961 ptias
287 2914 406 2950 liberis
435 2915 511 2949 suis
541 2925 707 2950 servare.-
740 2917 782 2948 ut
810 2914 1044 2958 ususfructus
1076 2913 1218 2958 quidem
1251 2913 1432 2948 lucrorum
1456 2914 1672 2959 nuptialium
1691 2926 1806 2961 penes
1829 2916 1926 2961 ipsos
1949 2916 2008 2960 sit,
2025 2918 2242 2963 proprietas
2265 2925 2383 2955 autem

159 2961 279 2995 liberis
309 2971 433 2994 eorum
462 2970 512 2994 ex
537 2959 700 2994 omnibus
723 2958 839 2994 modis
861 2962 1033 2999 servetur,
1059 2962 1168 3004 atque
1191 2969 1234 2993 ea
1258 2969 1350 3003 quae
1372 2958 1416 2993 de
1437 2958 1650 3003 parentibus
1674 2960 1723 2994 ad
1744 2961 1921 2995 secundas
1944 2963 2092 3007 nuptias
2118 2964 2384 3000 transeuntibus

230 3054 268 3084 10
293 3053 571 3095 πεπραγμένων]
603 3052 780 3083 terminata
804 3054 882 3082 sunt
907 3051 939 3088 (i.
965 3062 988 3081 e.
1015 3051 1237 3091 πεπερασμέ-

158 3098 248 3137 νων)
273 3108 291 3131 ς
315 3087 396 3138 13514
422 3097 482 3139 leq.
508 3091 656 3128 αὖτῶνῗ
672 3095 685 3139 ΙΙ
714 3097 751 3128 15
778 3095 807 3127 εἰ
833 3092 872 3127 δὲ
896 3092 1045 3126 ἔλθοιεν
1068 3091 1156 3134 κτλ]
1181 3104 1236 3135 ση.

159 3143 241 3185 περὶ
267 3138 539 3185 δευτερογαμίας
563 3141 609 3173 M
626 3142 658 3173 in
683 3153 785 3183 mary.
815 3139 827 3183 ΙΙ
857 3137 1018 3179 ἔλθοιεν]
1051 3139 1162 3171 veniat
1186 3150 1205 3174 ς
1228 3138 1238 3182 ΙΙ

160 3188 202 3220 22
214 3200 260 3229 sq.
285 3183 366 3218 τοὺς
382 3204 425 3208 -
443 3183 670 3225 σαλεύοντας]
697 3186 754 3226 qui
771 3204 814 3208 —-
830 3186 1020 3217 moriuntur
1044 3195 1063 3220 ς
1081 3183 1093 3227 ΙΙ
1110 3185 1152 3217 23
1177 3180 1238 3217 νό-

158 3234 238 3274 μου]
266 3227 379 3273 μόνου
402 3232 457 3271 (sc.
483 3233 716 3271 συνοικεσίου)
740 3232 821 3263 coni.
839 3231 1026 3262 Zachariae
1042 3241 1105 3262 non
1122 3237 1204 3262 recte
1227 3228 1238 3272 ΙΙ

161 3279 202 3310 26
227 3278 356 3316 καίτοι]
382 3278 477 3308 καίτι
500 3277 541 3307 Μ
563 3276 575 3319 ΙΙ
599 3277 638 3309 27
662 3271 724 3308 οὐκ
743 3271 1071 3319 ἅχαριστουμένων]
1095 3285 1163 3306 11011
1187 3274 1237 3306 in-

158 3322 263 3365 gratis
289 3334 306 3357 ς
325 3322 336 3364 ΙΙ
362 3322 402 3354 35
423 3320 515 3354 πᾶσι
542 3320 590 3362 Μ,
615 3321 888 3354 άεί.·ΖαεΙιανι”αε
913 3333 950 3353 ex
975 3332 993 3355 ς

223 3471 239 3503 1
263 3468 388 3501 multus
403 3469 451 3501 T¹
477 3467 620 3500 multum
641 3466 691 3500 V¹
709 3466 721 3508 Ι]
737 3466 992 3509 interpellamur
1005 3467 1110 3508 Beck]
1135 3467 1237 3500 inter-

161 3513 359 3555 pellantium
377 3514 453 3547 libri
470 3512 482 3557 ΙΙ
498 3515 519 3546 4
542 3512 618 3555 per]
638 3514 670 3544 et
688 3522 747 3554 per
773 3513 805 3544 Τ
817 3516 828 3553 n
848 3522 931 3553 quae
957 3525 1014 3544 om.
1030 3512 1062 3544 Τ
1069 3512 1080 3532 ¹
1098 3513 1111 3555 Ι]
1128 3513 1147 3545 6
1171 3513 1238 3545 ius-

162 3569 234 3589 sum
255 3559 303 3591 V¹
319 3559 331 3601 ll
350 3559 463 3591 forsan
488 3561 535 3591 est
563 3559 593 3590 T
612 3557 624 3601 ss
643 3567 710 3590 esse
734 3558 767 3590 in
784 3570 849 3590 ras.
873 3557 934 3597 V2,
953 3570 1010 3589 om.
1027 3557 1059 3589 T
1073 3557 1084 3599 ΙΙ
1107 3556 1238 3600 legibus

163 3602 325 3636 latoribus
346 3604 395 3637 V¹
414 3604 425 3647 ΙΙ
445 3605 464 3638 8
476 3606 628 3646 putatum
642 3604 741 3645 vulq]
765 3605 882 3644 putata
894 3602 927 3634 R
937 3602 969 3635 V
985 3603 1172 3644 putandum
1187 3604 1218 3636 T
1228 3603 1240 3649 ΙΙ

164 3649 185 3681 9
209 3658 247 3679 ex
269 3649 371 3688 Beck]
397 3649 516 3682 om.R¹
542 3651 574 3681 et
598 3648 747 3689 R2VT1,
773 3648 834 3681 del.
852 3647 902 3680 Τ2
927 3647 938 3690 ΙΙ
970 3650 1010 3681 10
1036 3658 1148 3680 eorum
1172 3649 1205 3681 R
1228 3650 1239 3692 l}

166 3695 203 3725 11
232 3692 498 3735 displicientibus
522 3694 555 3726 R
585 3694 597 3736 ΙΙ
628 3694 667 3727 12
699 3692 828 3734 legibus
858 3694 957 3736 ναῖς]
995 3703 1078 3734 quae
1109 3693 1240 3735 legibus

166 3737 270 3770 RVT
283 3737 296 3781 ΙΙ
318 3739 404 3771 iussa
425 3739 458 3772 V
474 3739 486 3782 ss
515 3741 555 3772 13
580 3740 733 3780 namque]
759 3738 893 3781 quidem
917 3738 950 3771 R
967 3737 979 3782 ΙΙ
1010 3740 1049 3771 15
1070 3737 1148 3771 illos
1172 3740 1204 3772 R
1228 3738 1239 3783 ΙΙ

1310 3051 1349 3082 16
1373 3049 1512 3082 ulterius
1528 3050 1558 3082 T
1569 3050 1579 3069 ¹
1596 3050 1608 3093 ΙΙ
1626 3051 1862 3084 coniunctione
1883 3052 1913 3084 V
1927 3052 1938 3095 ΙΙ
1959 3055 1998 3086 17
2013 3054 2155 3094 quodam
2167 3055 2216 3086 R¹
2235 3054 2247 3099 ΙΙ
2267 3057 2305 3090 18
2323 3057 2383 3089 du-

1306 3094 1388 3135 plici
1415 3095 1444 3126 R
1472 3093 1484 3137 ΙΙ
1515 3096 1557 3128 19
1580 3095 1723 3127 secunda
1745 3096 1794 3128 V¹
1823 3096 1835 3139 Ι]
1863 3099 1973 3129 autem
1995 3099 2026 3129 V
2047 3098 2060 3142 ΙΙ
2093 3100 2131 3132 21
2159 3103 2269 3132 seruet
2292 3101 2343 3133 132
2373 3102 2384 3144 ΙΙ

1307 3141 1349 3172 22
1363 3140 1438 3171 aliis
1453 3158 1493 3162 —
1508 3139 1586 3171 filiis
1607 3140 1658 3173 Va
1677 3140 1688 3182 Ι]
1705 3142 1747 3174 23
1773 3144 1822 3173 est
1846 3154 1903 3174 om.
1921 3143 1970 3175 T¹
1985 3142 1998 3186 ΙΙ
2018 3145 2060 3176 26
2082 3144 2170 3185 quod
2191 3146 2218 3177 R
2238 3146 2249 3188 ΙΙ
2265 3156 2284 3177 a
2301 3147 2382 3187 BT]

1307 3197 1364 3217 om.
1387 3185 1512 3227 Vvuly.
1529 3186 1540 3226 ΙΙ
1561 3186 1602 3218 28
1616 3186 1757 3226 Propter
1770 3186 1818 3217 R¹
1837 3185 1849 3229 ss
1867 3188 1908 3220 29
1925 3198 2005 3220 uero
2022 3189 2069 3220 12¹
2086 3188 2098 3232 ΙΙ
2118 3191 2242 3222 servari
2256 3191 2350 3224 Beck
2372 3190 2384 3236 ΙΙ

1308 3232 1348 3263 30
1374 3230 1485 3262 veniat
1510 3242 1566 3262 om.
1583 3230 1616 3262 R
1635 3231 1646 3273 [Ι
1664 3231 1704 3264 31
1731 3232 1759 3271 e]
1786 3241 1823 3262 ex
1850 3231 1901 3264 Τ2
1913 3233 2011 3275 υαῖ9.,
2034 3246 2092 3266 om.
2107 3234 2141 3266 R
2157 3234 2170 3277 ΙΙ
2187 3235 2214 3266 51
2233 3238 2383 3269 mortuus

1306 3299 1364 3319 om.
1379 3286 1427 3318 R¹
1452 3285 1464 3329 ΙΙ
1485 3285 1547 3327 vir]
1571 3277 1595 3318 li
1619 3287 1661 3327 R,
1676 3288 1764 3320 etsie
1775 3289 1906 3331 saepius
1921 3287 1933 3330 ΙΙ
1953 3289 1995 3322 32
2010 3290 2129 3323 hiatum
2144 3294 2267 3325 notavit
2283 3293 2383 3326 osen-

1308 3334 1448 3374 britqyen
1474 3333 1520 3364 ita
1535 3333 1611 3375 fere
1634 3332 1846 3375 supplendum
1869 3333 1990 3366 mulier
2009 3337 2118 3367 autem
2142 3336 2382 3380 <antenuptiali

1307 3376 1484 3409 donatione
1509 3377 1652 3418 fruatur,
1682 3379 1714 3408 et
1737 3377 1843 3418 ipsam
1867 3378 2020 3411 omnibus
2043 3381 2148 3413 modis
2173 3392 2301 3415 servare
2327 3382 2384 3427 ex>

1306 3421 1529 3464 antenuptiali
1553 3422 1730 3454 donatione
1754 3422 1847 3455 lucra
1863 3423 1875 3466 ΙΙ
1901 3425 2125 3466 antenuptiali
2151 3427 2195 3458 ΙΨ
2209 3428 2265 3468 aL]
2291 3432 2382 3461 ante-

1307 3467 1468 3509 nuptialis
1491 3467 1576 3500 R2T
1585 3468 1670 3510 ναῖς.
1696 3469 1969 3510 antenuptiarum
1994 3470 2050 3513 Vss
2067 3470 2246 3505 donatione
2266 3473 2351 3507 R¹T
2359 3475 2382 3515 ¹]

1307 3513 1516 3544 donationem
1534 3512 1568 3545 V
1583 3512 1773 3545 donationis
1791 3513 1890 3546 R²T2
1900 3515 1984 3558 vuly.
2004 3515 2016 3558 ΙΙ
2033 3515 2126 3548 lucra
2137 3518 2280 3559 propriis
2293 3518 2383 3561 filiis]

1306 3557 1399 3589 lucra
1422 3558 1565 3599 propriis
1588 3557 1667 3590 filiis
1691 3558 1758 3590 suis
1779 3559 1811 3591 T
1833 3572 1984 3589 *mmm
2006 3559 2069 3592 filii
2089 3563 2138 3593 set
2159 3562 2208 3595 V¹
2234 3563 2385 3598 lucratur

1306 3602 1335 3635 is
1360 3605 1408 3634 set
1431 3602 1490 3642 V2,
1521 3603 1549 3634 is
1572 3605 1620 3635 set
1645 3604 1706 3636 del.
1732 3602 1781 3636 V³
1808 3603 1819 3646 ΙΙ
1846 3605 1888 3638 33
1902 3617 1949 3646 sq.
1975 3616 2071 3637 usum
2096 3626 2137 3630 —
2163 3609 2384 3642 constitutum

1306 3648 1498 3689 (constitum
1526 3648 1590 3688 Τί)
1623 3649 1716 3690 libri,
1740 3661 1822 3682 corr.
1849 3649 1943 3682 Beck
1976 3649 1988 3693 Ι]
2018 3652 2061 3684 34
2085 3653 2288 3695 proprietate
2323 3656 2383 3696 17¹]

1306 3692 1542 3735 proprietatem
1565 3693 1700 3726 RV³T
1731 3694 1743 3737 u
1775 3694 1937 3727 seruanda
1966 3695 2011 3736 V]
2049 3698 2242 3731 seruandam
2267 3701 2344 3733 ΒΤ
2374 3699 2385 3745 ΙΙ

1307 3740 1350 3772 35
1375 3740 1471 3779 quae]
1497 3737 1556 3780 qui
1585 3738 1618 3771 V
