2580 4022
136 153 260 184 FIDEI
289 151 497 184 COMMISSI

138 250 277 284 θέσεως
292 251 418 294 μόνον,
437 248 524 284 ἀλλὰ
545 254 602 283 καὶ
619 253 696 285 τῶν
712 251 864 295 λοιπῶν,
888 249 942 298 ἐφ’
961 251 1015 287 ὡν
1031 252 1219 287 κωλύσεως

136 298 327 341 γενομένης
350 295 514 338 τοιαύτης
538 293 704 338 διαδοχαὶ
727 298 903 331 τοσαῦται
920 296 1143 343 παρέλθοιεν
1160 301 1219 332 καὶ

137 341 215 373 τῶν
230 338 464 385 κληρονόμων
487 338 506 373 ὁ
532 339 730 376 τελευταῖος
753 340 814 376 διὰ
838 344 948 386 μέσου
967 343 1066 377 τινὸς
1082 340 1217 387 ἀνήβων

139 382 343 424 διαδέξαιτο
358 384 425 419 τὸν
441 383 590 430 κλῆρον·
609 388 807 429 τηνικαῦτα
822 387 893 433 γὰρ
909 391 968 421 καὶ
983 391 1055 422 τοῖς
1069 389 1140 428 ἔξω
1157 389 1219 431 τῆς

139 428 306 474 φαμιλιάς
337 430 404 463 τοῦ
427 428 574 473 πρώτου
599 429 828 467 κωλύσαντος
852 431 977 467 ἄδειαν
1002 435 1039 466 ἐκ
1062 434 1126 468 τοῦ
1151 446 1217 468 πα-

138 474 263 519 ρόντος
291 470 395 517 ἡμῶν
425 475 535 517 νόμου
567 479 825 521 παραπέμπειν
849 478 919 518 ἔξει
939 477 985 511 τὰ
1010 476 1217 532 πράγματα.

137 519 261 552 κοινὸν
289 519 358 564 γὰρ
391 517 435 562 δὴ
468 520 596 554 τοῦτον
626 519 880 565 ἐποιησάμεθα
911 522 980 557 τὸν
1010 536 1124 567 νομον
1155 524 1220 566 τῆς

135 576 176 597 τε
207 562 388 617 παροτῇσης
417 562 628 600 ὑποθέσεως
651 567 729 600 τῶν
753 580 792 601 τε
815 567 906 611 μετὰ
932 569 1048 602 ταῦτα
1071 580 1217 615 γενησο-

1192 138 1279 186 743

2034 143 2140 186 Nov.
2162 143 2301 187 CLIX
2331 145 2369 186 3.

1289 262 1361 288 non
1386 253 1585 297 praesentis
1610 252 1820 296 cognitionis
1845 253 1971 295 solum,
1999 253 2062 290 sed
2085 258 2121 289 et
2143 255 2370 300 reliquarum,

1288 298 1326 332 in
1350 297 1478 341 quibus
1503 297 1754 343 prohibitionis
1773 297 1891 333 factae
1908 299 2110 335 huiusmodi
2126 299 2371 336 successiones

1288 344 1410 378 tantae
1433 343 1676 388 processerint
1708 346 1745 379 et
1767 343 1936 379 heredum
1960 344 2105 380 ultimus
2130 355 2194 389 per
2217 345 2371 380 medium

1289 387 1440 432 aliquem
1465 388 1638 440 pupillum
1662 389 1887 424 successerit.
1926 389 2030 424 Tunc
2055 390 2147 424 enim
2171 392 2311 434 tempus
2336 393 2372 425 et

1256 437 1274 467 5
1289 432 1418 467 exteris
1439 442 1462 468 a
1484 433 1619 469 inmitia.
1642 433 1747 478 primi
1775 434 1998 478 prohibentis
2022 434 2203 470 licentiam
2224 435 2372 471 habebit

1288 487 1332 512 ex
1361 478 1542 523 praesenti
1574 483 1696 514 nostra
1723 478 1799 523 lege
1823 479 2065 515 transmittere
2088 490 2156 516 res.
2205 478 2370 516 Commu-

1289 532 1370 558 nem
1393 523 1485 558 enim
1509 524 1602 558 hanc
1625 523 1774 559 fecimus
1798 523 1910 568 legem
1933 527 2007 559 tam
2031 525 2230 569 praesentis
2249 526 2368 569 cogni-

1288 567 1396 603 tionis
1420 578 1527 612 quam
1549 571 1633 613 post
1651 569 1740 604 haec
1765 568 1998 604 evenientium
2021 570 2142 606 taliter
2157 569 2369 615 prohibitio·

1290 623 1383 654 num,
1414 616 1488 648 tam
1513 613 1729 648 evenientem
1756 623 1854 649 nunc
1877 613 2080 650 dirimentes
2105 615 2368 652 contentionem

135 610 258 652 με’νων
286 621 384 642 ουτω
415 607 621 653 κωλύσεων,
653 610 722 654 τήν
752 625 792 646 τε
820 613 1013 667 συμβᾶσαν
1044 616 1113 647 νῦν
1142 612 1218 647 δια-

135 651 342 707 'testaudus
361 653 582 699 φιλονεικίαν
605 656 670 690 τάς
691 669 732 690 τε
756 654 804 691 ώς
826 658 919 691 sinos
943 659 1111 702 ἐσομένας
1133 671 1218 703 προ·
1236 662 1277 694 10
1290 667 1395 702 quam
1419 667 1481 694 eas
1505 668 1598 703 quae
1622 659 1764 695 futurae
1787 663 1872 695 sunt
1895 663 2114 696 resecantes.

137 710 415 734 ανακοπτοντες.

202 741 484 790 (Ἐπίλογος.)
538 746 587 779 Τὰ
620 749 745 780 τοίνυν
769 746 1015 792 παραστάντα
1042 744 1129 791 ἡμῖν
1160 751 1220 782 καὶ

137 786 195 821 δια
229 790 294 822 τοῦ
327 790 508 835 παρόντος
541 789 742 834 δηλούμενα
774 791 888 835 νόμου
912 788 934 834 ἡ
957 792 1003 835 σὴ
1028 790 1220 836 ἐνδοξότης

136 834 334 878 προθεῖναι
358 835 451 869 κατὰ
475 834 612 879 ταύτην
635 836 705 878 τὴν
732 836 1005 881 πανευδαίμονα
1029 837 1135 872 πόλιν
1160 842 1220 871 καὶ

136 879 229 924 ἔργῳ
261 882 320 911 καὶ
351 882 481 924 πέρατι
513 879 775 926 παραδοθῆναι
798 886 858 915 καὶ
882 881 1218 928 παραφυλαχθῆναι
1235 885 1275 918 15

135 923 380 968 προςταξάτω,

204 971 277 1002 Καὶ
307 971 376 1003 νῦν
407 967 428 1012 ἡ
462 969 625 1005 πολιτεία
654 971 716 1013 τῆς
741 971 803 1004 τοῦ
828 974 1019 1015 κρατίστου
1043 971 1219 1016 βασιλέως

135 1016 216 1057 περὶ
240 1014 283 1047 τὸ
308 1013 466 1058 νόμιμον
488 1018 591 1058 μέρος
608 1012 790 1060 ἀκριβείας
806 1029 844 1049 τε
860 1019 919 1049 καὶ
937 1014 1109 1060 ὀξύτητος
1126 1014 1217 1051 ἀπο-

135 1057 247 1092 λαύει.
294 1058 358 1093 τὰς
388 1058 458 1105 γὰρ
487 1056 541 1094 ἐπ’
569 1057 724 1102 ἀπαιδίᾳ
753 1063 941 1106 γινομένας
965 1059 1217 1096 ὑποκαταστά-

135 1115 208 1138 σεις
243 1100 426 1143 διακρίνας
458 1105 600 1150 σαφῶς,
637 1103 685 1138 ιὸς
719 1107 839 1139 ἔνεστι
874 1107 927 1148 τῷ
963 1105 1218 1152 προλάμποντι
1231 1109 1274 1142 20

135 1148 250 1191 νόμῳ,
285 1147 419 1183 δέδωκε
448 1154 508 1183 καὶ
529 1153 601 1183 τοῖς
621 1149 812 1184 τελευτῶσι
836 1151 1001 1198 θαρρεῖν,
1034 1149 1082 1186 αἶς
1105 1149 1219 1186 οὐδεὶς

136 1191 183 1227 ἂν
215 1190 340 1228 αὐτῶν
370 1194 434 1228 τὰς
463 1193 611 1240 γνώμας
643 1193 911 1240 παρακινήσειε,
943 1199 1100 1230 καὶτοῖς
1119 1210 1217 1242 περι-

136 1239 241 1272 οῦσιν
272 1236 574 1285 ἀμφιςβητήσεων
600 1243 660 1273 καὶ
683 1238 922 1274 διαδικασιιῦν
945 1245 1051 1286 χωρὶς
1074 1241 1120 1276 τά
1144 1255 1217 1276 τοι-

137 1285 230 1317 αῦτα
263 1285 354 1329 πρὸς
386 1281 556 1327 ἀλλήλους
580 1283 801 1326 διατιθέναι,
831 1290 920 1330 μίαν
943 1288 1010 1331 μὲν
1034 1283 1217 1321 ὑπόθεσιν

136 1327 413 1374 ἐπανορθώσας,
445 1331 547 1377 κοινῇ
574 1328 613 1364 δὲ
637 1330 727 1375 πρὸς
751 1327 917 1365 ἅπαντας
939 1331 1008 1366 τὸν
1031 1330 1140 1379 λόγον
1163 1334 1215 1366 ἐκ·
1232 1336 1273 1368 25

135 1376 265 1417 τείνας,
290 1377 349 1408 καὶ
373 1374 442 1417 τὴν
460 1372 666 1422 εὐεργεσίαν
689 1372 730 1409 οὗ
751 1376 869 1420 ῥητοῖς
892 1374 1103 1422 προςιόποις,
1128 1374 1218 1411 ἀλλὰ

136 1420 227 1453 πᾶσι
258 1422 333 1463 τοῖς
364 1418 535 1462 ὑπηκόοις
562 1422 601 1454 έν
629 1421 682 1454 ἑνὶ
712 1420 953 1465 χαρισάμενος.
1000 1426 1219 1468 προτρέπειν

132 1465 202 1506 μὲν
232 1465 297 1498 οἰν
328 1465 375 1498 εἰς
405 1464 469 1499 τὰς
499 1464 590 1510 ὑπὲρ
622 1467 683 1507 τῆς
713 1463 825 1499 αὐτοῦ
858 1470 956 1510 νίκης
988 1464 1089 1509 εὐχὰς
1112 1465 1219 1501 οἰδὲν

137 1507 301 1551 δεόμεθα
324 1509 407 1544 τούς
431 1509 580 1544 πολίτας
599 1508 706 1555 ὑμᾶς·
731 1509 799 1554 ἤδη
821 1511 888 1557 γὰρ
907 1512 1016 1546 τοῦτο
1033 1513 1220 1547 ποιοῦντες

137 1553 342 1596 ἑδείχθητε·
360 1553 542 1600 πρόδηλον
559 1554 598 1590 δὲ
614 1552 662 1589 αἷς
677 1553 696 1589 o‘
713 1558 821 1602 μέγας
834 1556 923 1591 θεὸς
934 1555 981 1591 τὰ
994 1554 1110 1592 οὕτως
1121 1554 1218 1591 εὗσε-
1233 1562 1276 1595 30

135 1600 210 1643 βιῦς
225 1602 285 1632 καὶ
300 1596 447 1634 δικαίως
462 1599 639 1646 προϊόντα
655 1604 714 1634 καὶ
730 1600 800 1645 πρὸ
816 1603 893 1636 τῶν
906 1598 1091 1648 ἡμετέρων
1103 1600 1219 1645 εὐχῶν

136 1641 403 1686 ἀποδεχόμενος
433 1647 492 1680 ἐπὶ
525 1645 636 1681 πλέον
659 1649 845 1691 χαρίσεται
867 1646 996 1692 χρόνου
1020 1650 1130 1692 μῆκος
1150 1647 1219 1682 τὸν

134 1688 260 1723 κοινὸν
288 1688 470 1732 δεσπότην
501 1687 588 1734 ἡμῖν
618 1694 719 1725 νίκας
750 1692 811 1725 ἐπὶ
833 1695 948 1725 νίκαις
971 1694 1217 1727 συνάπτοντα.

134 1734 204 1769 PP.
229 1734 284 1770 Fl.
305 1734 483 1770 Iohannes
508 1738 545 1770 et
568 1735 719 1771 euricus
739 1736 785 1771 ab
809 1738 901 1771 actis
925 1738 1128 1781 optulimus.

200 1779 246 1815 D.
271 1779 309 1814 k.
332 1779 412 1815 Iun.
435 1779 503 1814 ΟΡ.
529 1779 660 1825 (imp.)
689 1779 748 1815 dn.
781 1780 970 1816 Iustiniani
999 1781 1083 1827 (pp.
1107 1783 1274 1828 Aug>35
1321 1785 1415 1828 [Dat.
1429 1786 1493 1822 VI.
1511 1785 1547 1822 k.
1565 1785 1651 1822 Mai.
1671 1786 1739 1822 GP.
1755 1785 1839 1831 imp.
1857 1785 2044 1822 Iustiniani
2060 1786 2151 1832 Aug.
2165 1801 2181 1818 ψ
2195 1801 2210 1818 ιι
2225 1800 2269 1818 ον
2283 1789 2374 1828 ευ]

133 1834 228 1860 anno
247 1823 379 1859 XXIX.
396 1835 453 1870 pc.
472 1824 598 1860 Basilii
608 1834 702 1861 anno
715 1824 810 1862 XIV.
826 1826 899 1862 ind.
912 1826 977 1861 III.
1148 1831 1194 1870 [a.
1212 1832 1303 1872 555]

133 1960 207 1985 non
237 1949 355 1984 solum
384 1948 588 1994 praesentis
619 1958 752 1984 causae
782 1949 916 1985 decisio
940 1951 999 1992 sit,
1031 1951 1095 1987 sed
1116 1952 1225 1988 etiam
1247 1952 1484 1998 reliquarum,
1508 1953 1547 1988 in
1571 1952 1700 1999 quibus
1723 1953 1901 1990 eiusmodi
1921 1953 2169 2001 prohibitione
2189 1955 2297 1999 facta
2323 1958 2376 1990 tot

133 1994 378 2029 successiones
398 1994 655 2038 praeterierint
677 1997 713 2029 et
735 1994 881 2029 ultimus
904 1993 1074 2030 heredum
1096 2007 1164 2047 per
1187 1996 1340 2032 medium
1365 1997 1521 2042 aliquem
1545 1997 1763 2049 impuberem
1787 1998 2021 2034 hereditatem
2045 2000 2245 2044 susceperit
2253 2013 2266 2040 ,-
2291 2003 2376 2035 tunc

134 2039 227 2074 enim
260 2039 305 2073 iis
335 2048 478 2083 quoque
509 2038 574 2082 qui
600 2042 686 2072 sunt
717 2042 827 2073 extra
854 2039 1037 2083 familiam
1069 2051 1147 2075 eius
1179 2041 1244 2085 qui
1270 2042 1413 2086 primus
1425 2041 1616 2087 prohibuit
1640 2052 1689 2077 ex
1709 2043 1897 2087 praesenti
1921 2043 1999 2088 leqe
2022 2046 2150 2078 nostra
2174 2054 2234 2079 res
2257 2048 2373 2078 trans-

135 2082 299 2118 mittendi
328 2085 542 2128 potestatem
569 2081 721 2117 habebit.
764 2082 989 2118 Communem
1021 2085 1114 2119 enim
1138 2084 1232 2119 hanc
1256 2085 1368 2130 leqem
1390 2086 1547 2131 fecimus
1571 2089 1643 2120 tam
1663 2086 1853 2131 praesenti
1876 2097 2008 2123 causae
2031 2098 2140 2133 quam
2162 2086 2374 2133 prohibitio-

135 2129 240 2164 nibus
297 2126 423 2162 osthac
451 2137 531 2161 eum
563 2127 601 2161 in
630 2125 773 2161 modum
825 2128 953 2169 uturis,
985 2138 1065 2163 cum
1097 2132 1168 2163 tam
1201 2139 1295 2173 quae
1325 2140 1421 2165 nunc
1454 2134 1622 2166 evenerat
1645 2131 1908 2167 contentionem
1933 2132 2242 2178 composuerimus
2265 2143 2374 2178 quam

136 2184 229 2219 quae
250 2139 368 2219 firme
389 2171 543 2216 futurae
564 2171 638 2206 sint
657 2171 785 2217 praeci
811 2182 922 2206 amus.

272 2217 359 2263 Epi
369 2216 382 2251 l
391 2227 412 2251 o
421 2226 515 2262 qus.
563 2214 663 2258 Quae
694 2216 807 2261 iqitur
835 2217 1054 2262 placuerunt
1083 2217 1187 2253 nobis
1217 2222 1253 2254 et
1275 2229 1348 2265 per
1377 2223 1604 2265 praesentem
1638 2218 1750 2265 leqem
1780 2219 2015 2255 declarantur
2040 2224 2102 2256 tua
2125 2221 2248 2267 ¹‹Jloria
2270 2226 2313 2258 ut
2334 2222 2374 2257 in

136 2263 206 2299 hac
226 2262 439 2308 felicissima
461 2259 549 2296 urbe
570 2264 827 2307 proponantur
850 2264 959 2306 atque
981 2261 1031 2297 ad
1054 2273 1147 2309 opus
1169 2263 1407 2310 effectumque
1431 2263 1662 2299 adducantur
1685 2268 1720 2299 et
1743 2263 1997 2300 custodiantur
2018 2266 2235 2312 praecipiat.

273 2306 395 2342 Etiam
418 2316 514 2341 nunc
534 2316 593 2340 res
608 2305 759 2351 publica
780 2306 1021 2352 potentissimi
1043 2307 1274 2353 imperatoris
1297 2309 1336 2343 in
1360 2308 1588 2354 lecislatione
1612 2308 1800 2354 diliyentia
1824 2313 1859 2344 et
1877 2309 2074 2345 subtilitate
2094 2311 2248 2356 fruitur.
2287 2311 2373 2347 Cum

136 2354 229 2388 enim
260 2351 532 2387 substitutiones
562 2349 686 2385 liberis
716 2361 789 2385 non
820 2351 1030 2387 extantibus
1056 2352 1182 2398 factas
1205 2352 1361 2389 dilucide
1384 2353 1926 2399 discerneret‘quemadmodum
1948 2354 2043 2390 inest
2064 2355 2103 2389 in
2126 2355 2205 2402 leqe
2220 2356 2372 2402 praelu-

137 2402 248 2439 cente,
268 2396 455 2443 praestitit
474 2400 510 2430 et
532 2395 766 2431 morientibus
790 2399 831 2430 ut
853 2401 982 2431 metum
1007 2397 1166 2433 abiciant
1188 2408 1233 2433 ne
1256 2398 1339 2444 quis
1359 2398 1563 2434 voluntates
1577 2398 1741 2444 ipsorum
1760 2398 1971 2434 turbaturus
1986 2399 2045 2440 sit,
2069 2403 2104 2435 et
2119 2401 2374 2445 superstitibus

136 2447 175 2477 ut
199 2442 276 2478 sine
300 2440 553 2477 controversiis
576 2444 609 2474 et
634 2440 754 2476 litibus
777 2439 866 2476 haec
890 2441 978 2476 talia
1001 2442 1096 2477 inter
1118 2453 1157 2477 se
1177 2446 1415 2489 componant:
1439 2444 1503 2495 qui
1526 2453 1606 2478 cum
1630 2454 1739 2478 unam
1764 2453 1911 2479 causam
1936 2444 2101 2480 correxit
2126 2450 2198 2480 tum
2215 2456 2371 2481 commu-

136 2487 232 2522 niter
262 2486 312 2522 ad
343 2496 465 2521 omnes
496 2484 684 2520 consilium
715 2484 878 2521 extendit
910 2496 975 2521 nec
1005 2486 1114 2522 certis
1139 2488 1311 2533 personis
1341 2487 1549 2533 beneficium
1580 2486 1646 2523 sed
1676 2488 1816 2524 cunctis
1838 2487 2007 2524 subiectis
2030 2499 2104 2524 una
2128 2489 2284 2536 larqitus
2306 2495 2370 2526 est.

138 2534 255 2578 Atque
284 2534 325 2566 ut
351 2541 423 2577 pro
455 2530 609 2566 victoria
632 2530 710 2565 eius
730 2540 857 2576 preces
877 2531 1040 2576 faciatiS,
1073 2530 1214 2567 hortari
1236 2543 1300 2567 vos
1324 2532 1418 2568 cives
1440 2532 1583 2569 minime
1606 2532 1711 2568 nobis
1735 2543 1829 2579 opus
1852 2535 1916 2575 est,
1941 2533 2012 2568 iam
2036 2534 2130 2569 enim
2153 2533 2222 2569 hoc
2243 2536 2373 2580 facere

138 2588 201 2613 vos
224 2576 422 2623 probatum
455 2578 527 2610 est:
559 2575 791 2620 manifestum
821 2581 939 2611 autem
970 2579 1024 2610 est
1047 2586 1216 2622 maenum
1238 2576 1353 2613 Deum
1376 2588 1455 2612 cum
1480 2588 1573 2623 quae
1597 2577 1688 2613 adeo
1707 2577 1772 2622 pie
1791 2581 1828 2612 et
1850 2577 1944 2613 iuste
1961 2579 2168 2624 procedunt
2191 2580 2262 2615 iam
2287 2585 2372 2615 ante

135 2632 263 2668 preces
293 2625 437 2656 nostras
466 2620 640 2665 eoecipiat‚
671 2619 710 2655 in
734 2619 880 2665 lonqius
905 2621 1077 2666 temporis
1098 2622 1256 2666 spatium
1281 2621 1385 2658 nobis
1410 2622 1629 2668 larqiturum
1652 2632 1729 2658 esse
1752 2632 1972 2658 communem
1996 2622 2180 2660 dominum
2204 2629 2370 2660 nostrum

137 2667 310 2702 victorias
333 2665 494 2701 victoriis
517 2664 793 2700 continuantem.

186 2781 201 2812 1
229 2768 294 2818 ὧν]
319 2766 349 2810 ὦ
366 2778 397 2810 L
414 2776 426 2820 ΙΙ
445 2778 464 2811 3
490 2772 509 2809 ὁ
534 2777 578 2817 L]
604 2789 662 2809 om.
688 2776 733 2809 M
744 2775 756 2819 ΙΙ
774 2771 831 2808 διὸ
859 2775 900 2808 Μ
916 2774 927 2818 ΙΙ
944 2777 965 2808 4
987 2771 1217 2815 *διαδέξοιτο

139 2824 212 2857 ML
241 2823 253 2867 ΙΙ
281 2822 480 2864 τηνικαῦτα
524 2820 580 2866 ἂρ]
604 2823 685 2854 tunc
706 2823 795 2853 enim
822 2823 950 2863 tempus
973 2833 991 2856 ς
1019 2820 1032 2863 ΙΙ
1061 2822 1081 2854 9
1105 2818 1217 2854 κωλύ-

139 2878 228 2902 σεως
251 2869 283 2901 L
309 2868 322 2911 ΙΙ
349 2870 389 2901 10
409 2864 457 2899 ὠς
479 2867 571 2899 εικὸς
595 2879 653 2899 om.
679 2877 698 2902 ς
724 2866 736 2909 ΙΙ
764 2867 804 2899 12
829 2867 986 2908 epiloyum
1011 2877 1069 2897 om.
1094 2876 1114 2900 ς
1134 2865 1146 2908 ΙΙ
1176 2867 1216 2900 13

139 2914 204 2947 τοῦ
229 2910 412 2956 παρόντος
436 2911 494 2952 M]
518 2907 625 2944 τοῖδε
647 2911 712 2943 τοῦ
737 2909 841 2943 θείου
864 2910 896 2942 L
921 2909 933 2953 ΙΙ
962 2911 1003 2943 19
1025 2911 1219 2954 γενομένας
1239 2945 1242 2948 Δ

138 2959 170 2991 L
192 2958 205 3000 ΙΙ
231 2959 272 2991 20
309 2953 493 2998 διακρίνας
517 2969 576 2988 om.
594 2955 639 2987 M
653 2957 685 2988 in
701 2957 808 2998 spatio
823 2967 926 2987 vacuo
943 2955 1031 2988 8-9
1049 2955 1108 2988 titt.
1135 2953 1148 2992 ΙΙ
1173 2956 1212 2989 21

139 3000 199 3042 ὥς]
223 3003 283 3034 καὶ
309 2997 357 3033 ὡς
382 3001 411 3033 L
426 2999 450 3054 'ss
481 3001 523 3034 22
550 2997 697 3044 γνώμας
721 3012 778 3032 om.
805 2999 852 3031 M
868 3000 901 3032 in
922 3006 1007 3040 spat.
1031 3011 1103 3032 vac.
1129 3001 1216 3034 8-9

1288 2787 1390 2812 tamen
1409 2778 1609 2812 Theodorum
1633 2786 1759 2812 secutus
1778 2786 1825 2812 est
1838 2779 2038 2822 Zachariae,
2062 2782 2153 2815 cuius
2170 2794 2287 2815 annum
2304 2785 2369 2818 555

1282 2831 1415 2866 praeter
1444 2835 1474 2855 v.
1494 2824 1537 2857 28
1572 2825 1744 2864 confirmat
1775 2824 1892 2857 Petrus
1917 2827 2027 2867 praefi
2053 2833 2159 2869 praet.
2191 2829 2302 2861 iterum
2337 2830 2369 2862 in

1287 2869 1493 2911 inscriptione
1526 2869 1630 2901 dictus
1662 2869 1718 2911 (cst
1743 2881 1814 2901 nov.
1837 2870 2040 2903 CXXXIV
2052 2873 2134 2905 anm·
2155 2873 2222 2907 556
2251 2874 2368 2907 eisdem

1285 2914 1366 2966 viris
1387 2913 1487 2999 έέεᾷςο
1514 2925 1573 2956 pp.
1607 2920 1638 2947 et
1660 2913 1814 2947 Musonio
1840 2926 1875 2957 p.
1902 2927 1933 2947 u.
1955 2916 2125 2959 inscripta,
2145 2923 2176 2951 et
2194 2918 2288 2951 edict.
2309 2918 2374 2951 XI

1287 2970 1365 2991 anni
1469 2981 1477 2989 .

1721 3032 1816 3038 —-
2255 3035 2363 3042 ο-...ῤ

140 3048 198 3080 litt.
218 3045 231 3090 ΙΙ
255 3055 535 3089 παρακινησειεν
558 3045 602 3085 L]
627 3039 881 3088 παρακινήσειε
904 3044 951 3076 M
961 3042 973 3086 ss
991 3044 1034 3077 23
1058 3040 1216 3077 διαδικα-

140 3094 217 3124 σίας
235 3091 263 3123 L
279 3091 291 3133 1}
311 3092 352 3124 28
370 3091 479 3131 νίκης]
503 3090 623 3122 Gothos
644 3087 820 3122 debellatos
835 3101 866 3121 a.
885 3090 948 3122 555
967 3095 1050 3121 recte
1065 3090 1219 3132 intelleqit
1332 3090 1351 3122 2
1382 3088 1626 3131 prohibitiones
1658 3090 1764 3123 factae
1789 3091 1875 3132 libri,
1899 3103 1983 3126 corr.
2012 3092 2261 3136 Osenbri'iyyem
2289 3103 2367 3135 pro-

139 3137 264 3170 Biener
276 3147 311 3178 p.
325 3136 390 3168 529
408 3134 420 3177 ΙΙ
438 3135 481 3167 29
496 3130 586 3176 ἡμᾶς
602 3133 653 3165 La
668 3134 680 3177 ΙΙ
698 3134 738 3166 31
757 3129 942 3176 ἡμετέρων
958 3133 1016 3173 Μ]
1033 3130 1218 3178 ὑμετέρων
1285 3133 1450 3166 bibitione
1474 3133 1561 3167 facta
1586 3135 1680 3168 Beck
1704 3134 1716 3178 ΙΙ
1747 3136 1767 3169 3
1789 3138 2020 3177 processerunt
2046 3137 2079 3170 Τ
2097 3137 2183 3181 vulq.
2201 3136 2214 3180 ΙΙ
2237 3137 2366 3172 ultimis

139 3182 170 3214 L
198 3180 211 3224 ΙΙ
241 3180 284 3213 32
307 3181 498 3224 χαρίσηται
522 3179 565 3211 M
586 3179 598 3221 ΙΙ
622 3178 665 3211 34
691 3179 799 3211 adnot.
827 3178 961 3211 latinam
984 3179 1038 3210 vix
1062 3178 1217 3221 inteyram

139 3237 221 3258 unus
232 3231 383 3267 praestat
396 3223 441 3256 M
451 3223 462 3266 ΙΙ
480 3234 532 3266 pp.
543 3222 824 3265 =proponatur‘?
840 3221 1019 3264 pr(ineeps)
1033 3222 1219 3256 Zachariae

139 3270 297 3303 Zeitschr.
325 3270 356 3302 d.
382 3268 463 3301 Sav.
484 3269 533 3301 St.
555 3267 627 3300 X11
644 3269 698 3301 98.
725 3267 738 3310 ΙΙ
767 3267 928 3300 ihoannes
954 3267 1000 3299 M
1023 3266 1035 3309 ΙΙ
1063 3266 1104 3299 ab
1137 3267 1220 3300 actis
1250 3286 1251 3307 ;

140 3315 339 3354 Zachariae]
363 3312 504 3345 sabaetis
528 3312 578 3353 M,
610 3311 751 3344 subditis
775 3313 860 3355 vulq.
890 3311 902 3353 ΙΙ
930 3311 1115 3354 optulimus
1140 3313 1220 3355 quid
1250 3311 1251 3334 ἶ

139 3360 302 3404 siqmficet
324 3360 476 3391 incertum
495 3356 506 3400 ΙΙ
530 3359 571 3390 35
598 3359 717 3390 subscr.
743 3355 958 3398 ἐξεφωνήθη
982 3357 1068 3399 μηνὶ
1093 3355 1216 3399 ἰουνίῳ
1250 3337 1251 3383 i

141 3405 213 3437 ἔτει
242 3399 305 3436 »σθ’
327 3402 391 3444 τῆς
420 3399 604 3445 βασιλείας
623 3397 692 3434 ἰνδ.
714 3399 748 3445 y'
776 3402 896 3435 Theod.
923 3400 936 3444 ΙΙ
959 3401 989 3432 d.
1014 3402 1047 3434 k.
1072 3401 1139 3434 ian.
1165 3411 1214 3444 cp.
1250 3386 1252 3433 i

140 3449 196 3482 dn.
221 3449 354 3490 reliquis
378 3449 502 3480 omissis
528 3447 576 3485 M,
609 3446 687 3487 [dat.
702 3446 759 3479 VI.
785 3447 817 3479 k.
844 3446 912 3478 Mai
938 3445 1003 3478 GP.
1028 3446 1107 3489 imp.
1134 3446 1216 3479 Iust.

140 3496 225 3534 Aug.
255 3493 311 3533 5⁶2]
348 3491 482 3537 ἐγράφη
517 3488 710 3524 καλανδῶν
746 3492 1001 3535 Φεβρουαρίων
1035 3489 1218 3534 βασιλείας

139 3537 393 3571 ’[ουστινιανοῦ
417 3536 461 3569 τὸ
486 3533 541 3569 ιθ·’
564 3535 656 3579 μετὰ
680 3534 748 3578 τὴν
767 3532 946 3569 ὑπατείαν
963 3533 1153 3569 Βασιλείου
1173 3535 1215 3569 τὸ

141 3584 315 3627 τέταρτον
345 3583 494 3624 (debebat
523 3583 690 3625 πέμπτον
722 3582 744 3615 i.
766 3593 792 3615 e.
818 3593 848 3615 a·
867 3581 946 3624 546)
977 3580 1072 3621 Atii-3
1101 3582 1218 3616 rectius

1287 3179 1334 3212 T⁰
1362 3178 1374 3222 ΙΙ
1403 3180 1425 3212 4
1448 3180 1530 3211 tunc
1554 3178 1642 3212 enim
1666 3179 1825 3223 temporis
1849 3183 1881 3213 et
1904 3182 2035 3214 exterus
2058 3181 2153 3215 Beck
2181 3181 2193 3225 ΙΙ
2222 3184 2242 3216 5
2265 3183 2367 3226 primi

1286 3236 1343 3257 om.
1357 3223 1391 3256 R
1409 3223 1421 3266 ΙΙ
1436 3223 1649 3265 prohibentes
1665 3224 1721 3267 Vn
1739 3224 1874 3257 habebis
1899 3226 1932 3258 Τ
1943 3224 1955 3270 ΙΙ
1975 3226 1994 3258 6
2015 3235 2053 3258 ex
2078 3237 2136 3260 om.
2154 3227 2188 3260 R
2205 3227 2218 3271 ΙΙ
2236 3229 2254 3260 7
2279 3228 2367 3260 hane

1285 3267 1374 3300 enim
1399 3268 1431 3301 T
1444 3268 1456 3311 ΙΙ
1474 3268 1579 3310 legem
1603 3281 1661 3302 om.
1687 3269 1722 3302 R
1736 3268 1749 3312 ΙΙ
1768 3269 1788 3303 8
1812 3269 2039 3312 prohibitione
2063 3272 2149 3313 libri,
2174 3283 2258 3305 corr.
2274 3272 2368 3306 Beck

1286 3312 1297 3355 ΙΙ
1317 3314 1337 3346 9
1361 3312 1553 3346 dirimentes
1577 3323 1600 3346 u
1623 3314 1696 3356 (sic)
1721 3324 1782 3347 con
1804 3314 1809 3355 Ι
1828 3314 1952 3348 scr.V³
1976 3317 2008 3348 in
2031 3323 2116 3358 spat.
2140 3328 2212 3349 vac.
2237 3318 2261 3361 ᾖ
2282 3329 2331 3351 vs.
2353 3317 2365 3359 ΙΙ

1285 3357 1466 3399 dirigentes
1482 3357 1515 3390 R
1532 3358 1545 3401 ss
1562 3358 1791 3391 contentiones
1811 3358 1897 3401 VTn
1919 3361 1959 3393 10
1985 3370 2066 3401 quas
2083 3360 2140 3404 ΤΙΙ
2157 3371 2242 3402 quae
2261 3374 2319 3395 om.
2336 3363 2370 3396 Τ

1285 3402 1296 3446 ΙΙ
1312 3402 1407 3435 futur
1418 3415 1434 3432 ο
1454 3401 1502 3436 V¹
1520 3402 1532 3446 ΙΙ
1548 3405 1749 3436 resecantem
1766 3404 1798 3436 R
1814 3403 1826 3447 ΙΙ
1845 3405 1887 3438 35
1912 3406 2035 3438 subscr.
2057 3406 2159 3439 adicit
2182 3419 2263 3440 unus
2278 3406 2366 3441 Neo-

1286 3448 1453 3491 buryensis
1476 3446 1543 3480 dat.
1557 3447 1615 3481 VI.
1639 3449 1671 3480 k.
1693 3447 1770 3482 mai.
1796 3458 1847 3490 op.
1870 3449 1950 3491 imp.
1972 3449 2053 3483 iust.
2077 3460 2168 3493 aug„
2193 3453 2365 3494 quaeser-

1287 3499 1372 3526 tasse
1408 3493 1454 3525 ad
1484 3494 1726 3535 praecedentem
1761 3494 2012 3528 constitutionem
2042 3496 2141 3530 Auth.
2171 3496 2275 3531 CXX
2284 3496 2366 3530 V=

1286 3550 1359 3571 nov.
1381 3537 1479 3571 CXL
1490 3537 1562 3571 VII
1577 3539 1728 3581 pertinet.
