2618 4010
149 152 209 186 DE
239 150 402 186 COMITE
432 152 642 185 ISAURIAE

146 251 227 288 τοὺς
258 251 445 307 ἡμετέρους
474 250 650 308 ὑπηκόους
683 249 743 285 διὰ
770 250 924 285 πάντων
955 248 1225 298 περισώζοντες,

146 302 205 332 καὶ
229 300 306 332 τῶν
330 312 447 345 ορκων
471 309 530 332 ους
554 298 721 343 υφέξουσι
744 300 971 341 μεμνημένοι.
1025 295 1093 331 Τὸν
1117 295 1158 330 δὲ
1181 295 1223 339 δὴ

146 343 312 391 παρόντα
336 344 450 388 νόμον
479 343 549 384 ἕξει
572 345 641 387 μὲν
670 346 730 376 καὶ
755 343 797 376 τὸ
822 344 900 376 τῶν
919 341 1045 386 νόμων
1068 340 1222 386 βιβλίον,

145 393 205 423 καὶ
240 386 258 423 ὁ
296 389 355 423 σὸς
389 387 429 423 δὲ
460 388 594 435 θ’ρόνος
629 386 815 431 δεχόμενός
850 401 890 422 τε
921 391 981 422 καὶ
1013 387 1222 432 μανθάνων

146 432 317 477 διηνεκῶς
341 431 453 469 αὐτὸν
477 431 537 468 ἐπ’
566 431 690 468 αὐτῶν
714 432 926 479 φυλαττέτω
950 434 1026 467 τῶν
1051 435 1177 479 ἔργων.

191 480 274 515 Dat.
295 490 358 515 xv.
382 480 419 514 k.
445 479 523 514 Iun.
552 479 620 514 ΟΡ.
647 479 821 514 Belisario
846 491 877 514 v.
898 489 928 514 c.
956 489 1053 514 cons.

146 571 209 602 Δεῖ
241 567 304 611 [δὲ]
335 569 562 616 παρέχεσθαι
587 570 639 612 τῷ
666 574 846 615 πραίτωρι
874 566 1012 614 Θρᾴκης

190 613 281 659 ὑπὲρ
305 611 472 648 ἄννόνων
496 617 555 647 καὶ
580 612 854 649 καπιτατιύνων
880 617 939 647 καὶ
964 613 1086 656 λοιπῆς
1111 627 1223 658 παρα-

145 661 256 704 ψυχῆς

189 706 243 747 τῷ
270 702 378 738 αὐτοῦ
402 703 571 751 παρέδρῳ

190 751 234 797 τῇ
260 747 368 784 αὐτοῦ
393 748 491 790 τάξει
987 749 1064 783 auri
1088 749 1149 783 Hb.
1175 749 1221 783 II.

146 798 208 828 Δεῖ
231 793 270 829 δὲ
295 793 404 829 αὐτὸν
425 798 594 841 παρέχειν
619 794 798 840 προφάσει
823 791 1017 838 συμβόλων
1041 790 1155 827 οὕτως
1170 806 1178 813 ·

189 843 261 874 τοῖς
295 839 547 886 περιβλέπτοις
585 839 852 886 χαρτουλαριόις
887 843 982 886 τρισὶ
1021 840 1094 918 τοῦ1
1120 839 1224 918 gilfil)

1042 894 1080 918 ΒΟ
1100 911 1106 918 .

188 931 242 974 τῷ
264 935 483 977 πριμικηρίῳ
510 931 585 964 τῶν
604 927 869 975 λαμπροτάτων
893 925 1098 973 τριβούνων
1117 942 1222 963 νοτα-
1239 931 1277 963 15

144 884 389 929 κουβουκλείου

145 979 235 1022 ρίων
260 979 319 1009 καὶ
344 979 416 1009 τοῖς
437 975 732 1020 λατερκουλισίοις
1017 974 1080 1009 sol.
1102 974 1223 1008 XXIV

188 1022 242 1063 τῷ
267 1021 400 1064 βοηθῷ
427 1019 536 1055 αὐτοῦ
1079 1020 1142 1054 sol.
1170 1019 1222 1053 III

189 1067 233 1113 τῇ
255 1065 354 1106 τάξει
378 1067 455 1100 τῶν
478 1063 724 1105 ἐνδοξοτάτων
749 1063 915 1111 ἐπάρχων
939 1062 1028 1110 ’ὑπὲρ
1050 1076 1221 1110 προςταγ-

143 1110 270 1155 μάτων
295 1114 353 1145 καὶ
379 1110 493 1155 πάσης
520 1112 642 1157 ἑτέρας
665 1111 780 1144 αἰτίας
1051 1110 1117 1145 sol.
1144 1109 1219 1144 XL.

304 1369 483 1423 ΠΕΡΙ
512 1303 1054 1423 TOYKisIOMHTOE

505 1437 864 1490 ΙΣΑῩΡΙΑΣ.

143 1513 390 1563 Αὐτοκράτωρ
413 1515 664 1551 Ἰουστινιανὸς
688 1514 896 1562 Αὔγουστος
916 1515 1065 1564 Ἰωάννῃ
1089 1518 1142 1560 τῷ
1169 1518 1221 1550 ἐν·

143 1559 326 1604 ὃοξοτάτῳ
359 1560 504 1607 ἐπάρχῳ
540 1564 618 1596 τῶν
648 1562 756 1608 ἱερῶν
791 1563 851 1605 τῆς
880 1559 954 1596 “Em
985 1566 1222 1609 πραιτωρίων

334 1606 376 1641 τὸ
400 1608 446 1651 β’,
480 1605 553 1642 ἀπὸ
577 1605 729 1641 ὑπάτων
753 1611 812 1641 καὶ
837 1612 1029 1655 πατρικίῳ.

187 1675 488 1720 (Προοίμιον.)
528 1673 640 1721 Ὅπερ
674 1679 746 1709 τισὶ
780 1676 858 1709 τῶν
890 1675 960 1721 πρὸ
993 1674 1096 1719 ἡμῶν
1122 1677 1222 1710 αὐτο-

142 1718 332 1766 κρατόρων
364 1722 404 1753 ἐν
428 1719 539 1754 εἰκόνι
570 1723 629 1754 καὶ
654 1718 808 1764 σχήματι
839 1720 931 1754 κατὰ
962 1720 1029 1774 τῂν
1052 1719 1222 1776 Ἷσαιξρων

141 1764 266 1810 χώραν
296 1758 412 1807 ἦλθεν
444 1768 504 1799 ἐπὶ
533 1766 620 1799 νοῦν
653 1766 803 1812 πρᾶξαι,
838 1767 946 1800 τοῦτο
977 1769 1073 1810 ημεῖς
1105 1770 1224 1800 αυτοῖς

142 1813 215 1843 τοῖς
245 1810 430 1856 πράγμασι
461 1808 511 1845 δι’
540 1807 645 1853 αὐτῆς
656 1813 736 1864 Μτῆς
765 1813 843 1845 τῶν
872 1813 991 1858 ἔργων
1016 1810 1133 1854 ἰσχύος
1162 1813 1224 1846 ἐπί

1219 133 1300 181 209

1002 659 1225 739 εοίοἷὶέὶὲἓ
1241 707 1279 739 10
1339 704 1414 738 eius
1439 703 1613 738 assessori
1637 702 1769 737 solidos
1794 699 2020 780 septuaginta
2044 699 2125 741 duo,

1990 134 2031 178 N
2033 146 2098 177 ov.
2130 133 2293 176 XXVII
2310 146 2370 188 pr.

1296 249 1552 294 pensaffionem,
1577 249 1720 283 nostros
1741 246 1921 282 subiectos
1946 257 2011 292 per
2031 245 2150 282 omnia
2169 244 2370 288 liberantes,

1292 299 1328 330 et
1363 296 1667 330 sacramentorum
1700 303 1790 336 quae
1829 293 1984 328 subeunt
2020 301 2201 328 memores.
2262 291 2371 326 Prae-

1293 344 1427 376 sentem
1448 351 1529 376 vero
1555 339 1666 384 legem
1694 338 1842 373 habebit
1872 338 2010 382 quidem
2041 341 2078 374 et
2106 337 2223 382 legum
2247 336 2371 378 codex,

1292 390 1327 421 et
1350 390 1413 420 tua
1438 386 1540 421 sedes
1567 383 1764 428 suscipiens
1798 386 1833 418 et
1863 394 2059 427 agnoscens
2091 387 2263 428 perpetue
2294 391 2372 417 eam

1261 432 1330 468 5in
1355 432 1442 476 ipsis
1468 433 1583 467 servet
1607 429 1787 476 operibus.

1190 481 1235 520 [a.
1251 480 1327 519 535]
1375 477 1458 512 Dat.
1478 488 1540 512 xv.
1566 476 1638 511 kal.
1663 474 1755 510 Iunii
1779 473 1846 508 ΟΡ.
1872 472 2046 508 Belisario
2071 485 2102 509 v.
2125 485 2155 509 c.
2183 484 2279 509 cons.

1295 568 1446 612 Oportet
1468 566 1634 612 praeberi
1657 565 1814 610 praetori
1838 563 2013 598 Thraciae

1338 624 1404 658 pro
1429 612 1580 647 annonis
1605 615 1639 646 et
1661 610 1838 656 capitibus
1864 613 1900 644 et
1923 609 2058 653 reliquo
2084 609 2217 644 solacio
2240 610 2371 644 solidos

1294 668 1441 693 numero
1462 657 1695 701 octingentos,

1339 749 1414 783 eius
1436 748 1556 783 officio
1581 747 1662 783 auri
1684 747 1794 782 libras
1849 772 1858 780 .

1294 793 1445 838 Oportet
1469 805 1549 828 eum
1573 793 1745 838 praebere
1770 790 1957 827 occasione
1983 789 2226 826 codicillorum
2249 789 2315 824 ita:

1339 839 1597 883 spectabilibus
1620 836 1848 873 chartulariis
1873 836 1989 871 tribus
2014 835 2109 871 sacri
2134 835 2289 870 cubiculi
2316 846 2373 870 so-

1293 883 1384 919 lidos
1413 894 1548 925 novem,

1337 929 1537 973 primicerio
1577 928 1852 964 clarissimorum
1889 927 2115 962 tribunorum
2153 925 2373 962 notariorum

1293 978 1328 1009 et
1350 975 1646 1009 laterculensibus
1671 973 1802 1009 solidos
1827 972 1958 1015 XXIV,

1338 1020 1413 1054 eius
1439 1020 1596 1055 adiutori
1620 1019 1752 1054 solidos
1776 1022 1862 1061 tres,

1337 1064 1456 1100 officio
1493 1065 1823 1108 gloriosissimorum
1862 1063 2124 1108 praefectorum
2163 1073 2228 1108 pro
2269 1072 2372 1107 prae-

1294 1110 1404 1154 ceptis
1427 1113 1463 1145 et
1487 1111 1558 1145 alia
1582 1110 1677 1145 omni
1702 1120 1812 1145 causa
1836 1109 1968 1145 solidos
1994 1109 2237 1154 quadraginta.

1763 1301 1832 1336 xx
1867 1302 1912 1337 11.

1358 1372 1426 1421 R
1459 1373 1552 1421 DE
1589 1302 1864 1420 COMITEV
1885 1370 2207 1421 ISAURIAE
2237 1372 2290 1420 R

1480 1517 1567 1561 Imp.
1594 1517 1815 1552 Iustinianus
1839 1517 1931 1561 Aug.
1958 1516 2109 1551 Iohanni
2132 1527 2192 1560 pp.

1337 1674 1618 1719 <Praefati0.>
1664 1675 1768 1718 Quod
1792 1675 2005 1719 quibusdam
2029 1677 2112 1710 ante
2136 1686 2201 1711 nos
2220 1676 2374 1720 impera-

1292 1722 1434 1756 toribus
1459 1721 1496 1755 in
1521 1720 1673 1764 imagine
1698 1724 1732 1754 et
1756 1720 1871 1764 figura
1895 1720 1938 1755 de
1958 1720 2167 1755 Isaurorum
2191 1721 2375 1765 provincia

1291 1766 1386 1801 venit
1409 1766 1446 1800 in
1471 1766 1588 1800 animo
1614 1776 1728 1809 agere,
1754 1765 1823 1800 hoc
1846 1776 1910 1800 nos
1935 1765 2022 1810 ipsis
2046 1766 2154 1801 rebus
2174 1777 2239 1811 per
2258 1767 2374 1812 ipsam

1292 1822 1439 1855 operum
1464 1811 1630 1845 virtutem
1662 1812 1699 1845 et
1727 1811 1764 1845 in
1790 1810 1934 1846 Galatia
1965 1811 2100 1855 egimus
2131 1813 2246 1856 prima
2278 1812 2374 1847 etin

142 1868 181 1888 τε
201 1854 381 1889 Γαλατίας
402 1855 606 1910 ἐπράξαμεν
630 1868 690 1899 της
711 1856 858 1910 πρώτης
878 1858 941 1891 ἐπί
959 1870 999 1890 τε
1019 1859 1080 1899 τῆς
1100 1859 1220 1890 Πακα-
1237 1860 1278 1891 30
1292 1857 1489 1891 Pacatiana
1513 1856 1677 1901 Phrygia,
1708 1856 1845 1900 pridem
1870 1856 2132 1901 appellatorum
2162 1858 2375 1893 vicariorum

142 1902 264 1943 τιανῆς
278 1903 443 1947 Φρυγίας,
462 1916 529 1944 την
547 1915 626 1936 των
645 1915 775 1948 πρωην
795 1901 1028 1947 καλουμένων
1043 1905 1222 1947 βικαρίων

143 1942 253 1990 ἀρχὴν
272 1944 473 1980 ἑνώσαντες
493 1951 569 1980 ταῖς
591 1946 789 1981 πολιτικαῖς
810 1950 868 1980 καὶ
889 1952 978 1992 μίαν
999 1946 1222 1990 καταστησά-

1291 1902 1635 1937 administrationem
1661 1901 1824 1936 unientes
1850 1902 2011 1937 civilibus
2043 1906 2080 1937 et
2107 1914 2217 1938 unum
2242 1902 2373 1938 consti·

157 2077 174 2088 υ
187 2038 270 2070 Νου.
284 2039 365 2090 ΔξζΧ
373 2039 444 2071 VII
464 2039 588 2072 Graece
610 2046 696 2072 extat
715 2041 748 2072 in
768 2040 850 2080 ML,
881 2041 955 2072 inde
977 2052 998 2071 α
1018 2051 1090 2082 cap.
1111 2042 1125 2072 1
1160 2039 1224 2081 Τῆς
1247 2039 1324 2072 τῶν
1344 2036 1516 2083 Ἰσαύρων
1539 2037 1657 2084 χώρας
1679 2040 1769 2082 μίαν
1794 2037 1886 2071 εἶναι
1911 2036 1979 2080 τὴν
2002 2035 2114 2083 ἀρχὴν
2137 2039 2373 2083 θεσπίζομεν,

144 2092 238 2115 ωστε
263 2095 375 2124 αυτην
398 2084 465 2126 μὲν
489 2085 636 2124 (210,13)
656 2109 664 2116 .
680 2109 687 2117 .
703 2109 709 2116 .
726 2109 733 2116 .
759 2085 792 2117 in
814 2085 860 2126 B,
882 2087 913 2124 6,
934 2093 972 2117 11.
998 2103 1042 2108 ——
1068 2085 1157 2127 Epz‘t.
1184 2085 1304 2133 Theba.
1329 2087 1382 2125 27,
1408 2086 1528 2117 Alban.
1552 2086 1583 2123 4,
1607 2092 1634 2117 7.
1681 2084 1802 2116 Iulian.
1828 2092 1926 2117 const.
1952 2086 2035 2117 XX.

139 2183 207 2216 per
231 2172 352 2206 omnia
376 2176 597 2215 conservent,
630 2177 665 2207 et
689 2172 930 2207 iurisiurandi
960 2172 1058 2217 quod
1084 2172 1299 2217 praestituri
1330 2176 1416 2207 sunt
1445 2183 1619 2207 memores
1650 2174 1732 2207 sint.
1755 2181 1766 2192 ·
1791 2171 2024 2207 Praesentem
2047 2183 2130 2208 vero
2156 2172 2269 2219 leqem
2293 2185 2372 2209 cum

141 2216 230 2251 liber
254 2217 372 2262 lequm
396 2217 593 2252 continebit
616 2223 689 2252 tum
712 2217 814 2252 sedes
839 2221 902 2251 tua
926 2221 1111 2267 acceptam
1136 2221 1170 2251 et
1194 2216 1378 2262 coqnitam
1394 2221 1580 2263 perpetuo
1608 2218 1645 2251 in
1670 2216 1761 2262 ipsis
1783 2216 1892 2252 rebus
1915 2216 2105 2252 custodiat.

286 2261 439 2313 Oportet
466 2261 639 2306 praeberi

698 2261 836 2296 raetori
869 2261 1047 2296 Thraciae
1074 2272 1150 2313 pro
1184 2262 1342 2296 annonis
1373 2267 1409 2296 et
1442 2261 1726 2308 capitationibus
1761 2265 1798 2296 et
1831 2261 1973 2307 reliquo
2008 2262 2147 2297 solacio
2182 2262 2250 2298 sol.
2279 2262 2371 2306 CCC,

142 2308 318 2357 assessori
349 2317 426 2341 etus
456 2306 521 2340 sol.
547 2306 655 2340 LXX
678 2306 702 2339 Ι
704 2333 730 2356 ,⁸
759 2306 887 2350 officio
926 2306 1124 2356 eiusaurz¹
1149 2306 1206 2341 lib.
1231 2305 1283 2353 II.
1350 2305 1503 2352 Oportet
1534 2310 1653 2341 autem
1684 2317 1764 2340 eum
1784 2307 1970 2357 praebere
2002 2307 2198 2353 insiqnium
2228 2309 2373 2344 nomine

141 2357 214 2385 ita:
248 2351 503 2396 spectabilibus
526 2350 761 2385 chartulariis
787 2350 899 2384 tribus
922 2361 1018 2384 sacri
1043 2350 1199 2385 cubiculi
1221 2351 1287 2386 sol.
1314 2350 1376 2392 IX,
1413 2352 1620 2397 primicerio
1646 2350 1931 2386 clarisszmorum
1958 2351 2182 2387 tribunorum
2205 2354 2369 2390 notario-

142 2406 222 2430 rum
253 2400 288 2430 et
320 2395 616 2430 laterculensibus
644 2395 709 2430 sol.
736 2394 880 2436 XXIV,
917 2395 1080 2429 adiutori
1110 2396 1187 2430 eius
1218 2396 1283 2430 sol.
1320 2395 1401 2438 Ill,
1451 2396 1580 2442 officio
1613 2395 1964 2442 yloriosissimorum
1989 2398 2269 2443 praefectorum
2295 2410 2371 2445 pro

142 2440 363 2475 iussionibus
387 2445 421 2475 et
446 2441 544 2475 omni
566 2440 708 2485 reliqua
734 2451 846 2474 causa
869 2440 934 2474 sol.
958 2439 1033 2474 XL.

859 2665 961 2716 DE
996 2596 1413 2716 COMIII'IIthSA
1421 2666 1508 2717 HR
1516 2667 1550 2717 I
1544 2668 1589 2718 A
1598 2667 1651 2718 Ε.

279 2745 368 2792 Imp.
396 2740 625 2780 lastinianus
648 2745 834 2791 Auqustus
860 2743 1019 2780 Iohanni
1048 2745 1311 2824 yloriosiffsimo
1334 2746 1527 2791 praefecto
1552 2758 1659 2782 sacro
1687 2746 1845 2783 Orientis
1873 2748 2065 2794 praetorio
2090 2749 2231 2791 iterum,

1041 2801 1229 2825 eoeconsuz
1255 2794 1289 2824 et
1307 2791 1481 2836 patricio.

277 2857 537 2903 Praefatio.
595 2855 703 2899 Quod
725 2869 849 2893 eorum
873 2858 936 2909 qui
959 2862 1044 2893 ante
1068 2869 1134 2893 nos
1154 2858 1309 2903 fuerunt
1338 2858 1597 2903 imperatorum
1626 2859 1812 2894 nonnullis
1835 2872 1908 2907 per
1932 2861 2127 2907 imaqinem
2155 2865 2231 2897 ets
2259 2863 2367 2899 eciem

141 2906 179 2940 in
202 2909 350 2940 mentem
375 2903 471 2938 venit
502 2903 545 2937 de
570 2901 784 2938 Isaurorum
815 2915 965 2948 reqzone
987 2904 1126 2949 facere,
1159 2903 1199 2937 id
1221 2914 1288 2938 nos
1310 2914 1350 2955 re
1373 2904 1457 2949 ipsa
1488 2907 1523 2938 et
1547 2915 1619 2949 per
1641 2905 1759 2950 ipsam
1788 2906 1976 2950 factorum
1999 2917 2069 2941 vam
2099 2910 2136 2942 et
2157 2907 2196 2942 in

2253 2908 2367 2944 alatia

139 2952 260 2996 prima
284 2954 321 2984 et
342 2949 380 2982 in
399 2947 604 2983 Pacatiana
625 2946 792 2994 Pliryqia
815 2949 1021 2994 effecimus,
1047 2949 1263 2984 vicariorum
1289 2959 1348 2994 qui
1375 2948 1459 2982 olim
1482 2949 1705 2984 vocabantur
1728 2951 1945 2996 maqistratu
1969 2961 2049 2985 cum
2069 2952 2231 2988 civilibus
2254 2954 2367 2999 Μαρί-

189 3043 207 3074 3
227 3043 286 3072 καὶ
304 3038 359 3080 τὸ]
381 3042 440 3072 καὶ
458 3037 546 3072 αὐτὸ
560 3038 603 3072 τὸ
617 3040 652 3072 Β
670 3039 681 3082 Η
700 3041 720 3072 4
740 3035 759 3072 ὁ
772 3037 831 3072 σὸς
845 3041 892 3079 Β]
913 3036 993 3072 ὁσος
1008 3041 1047 3072 Μ
1067 3035 1147 3071 ὅσος
1162 3041 1191 3071 L
1209 3040 1220 3079 ΙΙ

141 3083 371 3129 μανθάννων
387 3084 453 3128 Mn
472 3088 491 3118 5
518 3082 691 3118 ἐπαυτούς
712 3085 757 3116 L¹
775 3084 786 3127 ΙΙ
813 3087 831 3117 6
854 3095 903 3116 xv
918 3086 949 3116 k.
965 3085 1040 3115 Iun.
1058 3086 1128 3125 Me]
1149 3081 1218 3128 πρὸ

143 3129 183 3163 ιε’
205 3128 280 3162 καλ.
305 3129 546 3173 ἰαννουαρίων
565 3131 640 3162 Aila.
674 3130 737 3161 kal.
760 3130 875 3161 Iunias
899 3129 1003 3162 Iulstw
1034 3131 1121 3172 μηνὶ
1139 3127 1218 3161 Ἰου-

143 3179 211 3217 νίῳ
232 3176 351 3207 leeod.
371 3173 383 3217 11
400 3174 557 3206 Bllisario
577 3185 627 3206 uc.
649 3185 751 3206 conss
774 3175 817 3206 M
834 3174 958 3206 consul.
976 3174 1119 3206 uilisarii
1140 3173 1219 3207 Iulst

143 3221 222 3259 (dat.
238 3231 326 3252 cons.
341 3219 481 3251 bilisarii
494 3220 589 3260 Iul.P)
601 3217 613 3264 ΙΙ
626 3221 643 3251 7
664 3217 702 3252 δὲ
716 3220 836 3260 MLB,
850 3233 907 3252 om.
919 3231 938 3255 ς
950 3218 961 3261 Η
975 3222 993 3254 8
1007 3216 1151 3252 ἆνόνων
1162 3220 1197 3252 Β
1209 3218 1221 3263 11

143 3263 416 3299 καπιτατιόνων
431 3265 487 3305 Μ]
513 3267 680 3297 καπίτων
703 3265 731 3296 L
757 3262 1040 3308 κεφαλητιώνων
1054 3265 1090 3297 Β
1110 3265 1121 3307 ΙΙ
1137 3260 1219 3297 ἄνα-

143 3322 254 3366 ψυχῆς
268 3322 335 3354 LB
353 3321 364 3364 ss
383 3323 402 3354 9
424 3321 482 3352 s01.
494 3320 591 3360 ooo]
606 3331 673 3352 SOL.
685 3311 798 3353 lxo-‘cc
816 3321 858 3352 M
874 3323 1079 3364 νομίσματα
1097 3317 1219 3360 σ’(δια-

144 3364 248 3399 κόσια
269 3367 317 3407 Β)
345 3368 385 3398 Μ
395 3379 421 3398 s.
436 3379 477 3408 v.‚
499 3366 568 3398 LB
593 3365 728 3404 (solidos
754 3376 891 3398 numero
914 3366 1121 3408 octingentos
1145 3368 1176 3407 ς)
1211 3367 1222 3408 ΙΙ

146 3415 187 3445 10
211 3411 269 3444 sol.
288 3411 425 3444 LXXII
451 3413 480 3452 ς]
515 3422 582 3442 sor..
600 3410 705 3442 XXII
728 3412 773 3444 M
796 3413 1001 3453 νομίσματα
1025 3408 1085 3453 οβ’
1107 3408 1220 3454 (ἑβδο-

143 3455 303 3499 μήκοντα
328 3454 390 3489 δύο
416 3458 464 3497 Β)
489 3457 557 3488 LB
589 3459 791 3499 νομίσματα
818 3453 870 3498 ιβ’
888 3456 1007 3489 leeod.
1041 3456 1052 3499 ΙΙ
1083 3458 1119 3489 11
1148 3457 1221 3488 auri

145 3502 202 3534 lib.
228 3503 275 3543 ΙΙ]
308 3502 398 3534 urlib
418 3506 442 3535 sl
466 3501 513 3534 Μ
532 3502 618 3540 (auri
638 3501 739 3533 libras
760 3501 787 3532 V
814 3504 844 3541 ς)
875 3503 1018 3545 χρυσίου
1043 3499 1162 3547 λίτρας
1185 3499 1218 3543 β’

145 3548 228 3580 Ms.
242 3547 367 3589 v.‚LB
400 3545 520 3592 λίτρας
544 3543 582 3589 β’
598 3547 716 3579 ΤΙιεοᾱ.
738 3545 749 3590 ΙΙ
779 3549 815 3579 13
840 3544 1129 3591 χαρτουλλαρίοις
1149 3547 1196 3579 Μ
1211 3546 1221 3587 ΙΙ

150 3594 189 3625 14
212 3592 270 3625 sol.
291 3592 395 3624 VIIII
418 3594 495 3632 Me]
521 3594 725 3634 νομίσματα
749 3588 795 3624 θ’
822 3591 866 3624 Μ
882 3604 906 3624 s.
926 3604 967 3633 v.‚
986 3591 1055 3623 LB
1070 3592 1186 3624 Theod.
1211 3590 1222 3635 ΙΙ

149 3638 188 3669 15
212 3637 301 3678 τῶν]
326 3637 380 3670 τῶ
404 3638 435 3670 L
455 3638 465 3678 ΙΙ
487 3635 714 3681 τριβοὺννων
740 3637 778 3668 M
799 3635 811 3680 ΙΙ
842 3638 880 3670 16
906 3633 1222 3681 λατερκουλινσίοις

146 3681 178 3714 L
201 3681 385 3715 οἰκειακοῖς
411 3683 445 3716 Β
462 3682 473 3726 ΙΙ
491 3682 549 3714 sol.
565 3682 683 3714 XXIV
701 3684 731 3722 ς]
757 3692 824 3713 sor..
840 3681 927 3713 XXI
954 3682 993 3713 M
1016 3684 1220 3724 νομίσματα

146 3722 204 3758 κδ’
223 3727 299 3759 Ms.
314 3728 570 3770 v.‚L13Tkeod.
596 3727 608 3771 ῃ
638 3730 675 3761 17
702 3727 811 3770 1143-
835 3727 889 3759 111
906 3727 1048 3759 omme
1067 3726 1152 3770 flsoi.
1168 3727 1220 3758 111
1255 3708 1258 3755 Ι

216 3781 267 3808 ΙΙΙ.

1291 3040 1360 3079 Me]
1376 3042 1581 3082 νομίσματα
1594 3037 1630 3083 y'
1645 3042 1762 3074 Theod.
1780 3040 1792 3085 ΙΙ
1814 3044 1853 3075 18
1868 3042 2035 3088 ἐπάρχων
2048 3044 2180 3084 Theoti]
2194 3040 2367 3089 ὑπάρχων

1292 3085 1398 3117 ML&
1418 3088 1429 3125 ῙΙ
1449 3086 1487 3117 19
1509 3085 1567 3116 sol.
1580 3085 1642 3117 XL
1657 3088 1687 3126 ς]
1711 3086 1844 3119 s01..X1
1858 3088 1905 3120 M
1917 3091 2124 3131 νομίσματα
2134 3086 2170 3132 μ’
2183 3088 2366 3134 (τεσσαρά-

1288 3142 1398 3181 κοντα
1410 3130 1457 3170 Β)
1473 3130 1519 3162 Μ
1520 3143 1546 3162 s.
1558 3143 1599 3172 v.‚
1614 3132 1682 3163 LB
1703 3133 1908 3174 νομίσματα
1925 3131 1958 3178 y‘
1971 3134 2090 3167 Theod.
2111 3134 2123 3177 ΙΙ
2140 3135 2182 3167 24
2207 3129 2366 3179 ἐπάρχῳ]

1287 3171 1435 3218 υπάρχω
1460 3174 1508 3207 L2
1533 3188 1590 3207 om.
1615 3176 1704 3209 ML²
1728 3177 1739 3218 ss
1766 3175 1857 3210 ἑώας
1882 3177 1912 3210 L
1935 3177 1947 3221 ΙΙ
1976 3180 2017 3212 25
2042 3182 2248 3223 πατρικίων
2271 3179 2321 3212 L²
2362 3180 2367 3225 Ι

1289 3222 1330 3252 30
1357 3222 1398 3264 cf.
1414 3233 1482 3252 ηου.
1506 3220 1599 3253 VIII
1609 3234 1633 3253 c.
1647 3224 1678 3254 2.
1693 3223 1712 3254 3
1732 3221 1743 3262 ΙΙ
1760 3219 1958 3264 πακτιάνῆς
1971 3223 2019 3256 L²
2037 3224 2048 3265 ss
2066 3226 2103 3257 31
2132 3223 2211 3257 τῶν
2227 3237 2286 3258 om.
2300 3225 2331 3257 L
2361 3228 2368 3270 Ι

1288 3263 1508 3308 καλουμένην
1531 3267 1703 3312 βικαρίαν
1724 3265 1772 3299 L²
1788 3266 1800 3310 ΙΙ
1819 3269 1860 3300 32
1886 3264 2031 3300 ἑνώσαν
2055 3269 2103 3301 L¹

1333 3368 1354 3399 4
1379 3376 1449 3398 eam
1467 3366 1516 3406 in]
1539 3377 1608 3398 eam
1625 3367 1657 3398 T
1676 3377 1713 3398 ea
1730 3369 1762 3398 et
1782 3367 1837 3410 Vn
1856 3370 1875 3401 6
1899 3367 2014 3401 Iunias
2037 3369 2121 3412 vuly.
2139 3368 2150 3411 ΙΙ
2170 3369 2249 3412 Cap.
2272 3370 2336 3404 VT
2353 3369 2367 3415 ΙΙ

1289 3411 1377 3443 bilis.
1396 3411 1429 3443 V
1442 3410 1590 3443 libisario
1606 3412 1638 3444 T
1652 3411 1663 3455 ss
1681 3414 1697 3444 7
1712 3413 1859 3453 praetori
1872 3413 2023 3455 praeberi
2041 3414 2096 3456 Vll
2120 3415 2158 3447 12
2176 3416 2262 3456 eum]
2277 3416 2365 3448 enim

1298 3457 1362 3489 VT
1377 3467 1453 3488 vero
1468 3466 1542 3487 eum
1564 3457 1649 3499 vulq.
1669 3455 1680 3498 ΙΙ
1699 3458 1739 3490 13
1763 3457 1972 3490 thartulariis
1996 3458 2050 3502 Vll
2071 3460 2111 3492 16
2135 3458 2364 3494 laterculensi-

1289 3501 1363 3543 bus]
1384 3500 1539 3533 laterculi
1553 3502 1629 3534 libri
1642 3500 1654 3545 ΙΙ
1676 3503 1716 3536 18
1738 3512 1798 3544 pro
1813 3515 1869 3536 om.
1891 3503 1944 3545 Vl}
1963 3503 2139 3546 praefectis
2159 3503 2215 3550 Vfl
2236 3506 2276 3540 19
2295 3517 2364 3539 om-

1288 3547 1344 3578 nia
1356 3547 1384 3578 V
1403 3546 1414 3587 Η
1435 3548 1475 3579 20
1498 3549 1584 3579 rubr.
1603 3547 1642 3587 Ry
1655 3558 1772 3580 :xx-vn
1791 3550 1840 3581 De
1855 3549 1985 3581 comitis
2001 3550 2095 3582 aurie
2116 3549 2226 3596 &Vn
2246 3555 2288 3588 23
2299 3557 2370 3598 pp]

1287 3593 1369 3634 ῦῖπῑι
1404 3591 1456 3635 Vll
1483 3594 1523 3643 26
1549 3592 1758 3634 quibusdam]
1785 3595 1918 3635 quidem
1947 3597 2024 3631 Val.
2042 3596 2055 3642 ΙΙ
2082 3599 2122 3632 27
2151 3596 2362 3634 hisaurorum

1300 3638 1328 3670 V
1347 3636 1359 3680 ΙΙ
1385 3639 1424 3669 28
1450 3647 1597 3670 animum
1621 3639 1707 3682 vulq.
1736 3639 1747 3682 11
1775 3641 1817 3672 30
1842 3639 1943 3682 frigia
1968 3642 2044 3676 libri
2065 3641 2078 3687 ΙΙ
2107 3644 2361 3688 appellatorum]

1287 3681 1488 3733 appellatum
1504 3683 1587 3723 libri,
1609 3684 1807 3735 appellatam
1820 3685 1915 3718 Beck
1933 3686 1944 3729 11
1961 3688 2000 3721 31
2023 3688 2289 3724 ministratione
2311 3691 2364 3735 Vll

1287 3729 1439 3760 unientes
1465 3727 1570 3768 Beck]
1595 3731 1782 3761 munientes
1809 3730 1841 3763 Τ
1867 3731 2053 3767 minuentes
2072 3734 2107 3767 V

2050 3792 2090 3824 27
