2618 4010
296 129 402 173 Nov.
416 129 492 172 XC
520 141 581 184 pr.
615 132 634 171 1

295 238 509 284 προςθεῒναί
534 251 572 272 τι
596 238 642 284 τῇ
670 238 736 272 τοῦ
767 236 977 287 πράγματος
1004 235 1188 283 ἀκριβείᾳ,
1217 241 1277 273 καὶ
1305 238 1369 274 τὰς

296 282 602 328 ψευδομαρτυρίας
623 281 717 316 καθ’
743 279 833 318 ὅσον
854 282 935 319 οἷόν
959 286 1002 318 τί
1032 285 1131 318 ἐστιν
1155 282 1366 318 ἐλαττῶσαι.

295 329 438 362 τοιοῦτο
471 326 540 374 γάρ
574 340 610 361 τι
641 330 701 361 καὶ
735 329 805 362 νῦν
839 326 912 364 ὑπὸ
944 330 998 371 τῷ
1036 327 1280 383 λαμπροτάτῳ
1309 330 1372 372 τῆς

297 372 472 406 Βιθυνῶν
495 374 666 416 ἐπαρχίας
687 370 835 417 ἄρχοντι
859 373 1198 427 πραχθὲνιευρομεν
1219 374 1280 408 ἐπὶ
1295 372 1371 407 δια-

1359 123 1445 174 446

2210 140 2269 172 DE
2297 135 2506 172 'rmus

1435 241 1512 273 tere
1530 239 1567 273 et
1589 247 1655 274 nos
1675 237 1818 275 adicere
1838 239 1972 286 aliquid
1991 250 2124 277 causae
2142 239 2331 276 subtilitati
2354 242 2391 275 et
2411 238 2506 274 falsa

1436 282 1639 318 testimonia
1672 286 1844 328 quantum
1878 289 1932 322 est
1969 286 2136 332 possibile
2169 286 2357 320 minorare.
2416 283 2505 320 Tale

1439 327 1531 363 enim
1554 326 1723 372 quiddam
1742 328 1849 364 etiam
1869 339 1967 366 nunc
1997 331 2092 376 apud
2122 330 2358 367 clarissimum
2382 329 2503 375 Bithy-

1439 372 1521 407 niae
1543 372 1746 417 provinciae
1767 372 1919 409 iudicem
1940 381 2077 419 gestum
2105 376 2302 412 invenimus
2335 375 2372 410 in
2393 378 2504 410 testa-

295 415 394 463 θήκῃ
418 414 620 459 δειχθείσης
641 418 838 464 μαρτύρων
854 429 1132 473 παραποιησεως
1155 415 1283 462 δεινῆς,
1306 430 1369 452 σα·
1406 421 1425 453 5
1438 420 1557 452 mento
1591 419 1737 452 ostensa
1759 417 1902 453 testium
1921 419 2076 456 falsitate
2097 421 2250 466 pessima
2273 421 2396 465 aperte
2419 428 2504 455 con-

295 463 371 507 φῶς
394 459 680 515 ὃιελεμθέντων
702 475 743 496 τε
764 465 826 496 καὶ
848 475 895 497 τα
926 461 1112 497 τελευταῖα
1136 461 1371 509 συνομολογη-

295 506 462 546 σάντων,
486 519 546 540 οτι
569 517 632 550 της
655 504 834 550 διαθήκης
856 509 911 541 ἔτι
933 510 1120 554 γινομένης
1143 506 1371 550 ἐτελεύτησεν

294 549 316 594 ἡ
340 549 588 594 διατιθεμένη.
615 552 692 586 τῶν
715 550 755 586 δὲ
776 549 980 605 μςαρτύρωνὶ
996 554 1089 587 τινὲς
1112 551 1371 597 ἐπιλαβόμενοι

1438 461 1613 497 victorum
1638 464 1674 497 et
1695 462 1883 498 novissime
1904 464 2158 507 confessorum,
2185 466 2269 511 quia
2293 475 2373 501 cum
2395 466 2505 500 testa·

1438 509 1596 543 mentum
1618 506 1720 542 fieret
1742 510 1780 542 et
1808 507 1936 544 fuisset
1957 509 2124 545 defuncta
2146 510 2326 553 testatrix,
2362 509 2506 545 testium

1439 561 1521 587 vero
1546 551 1691 597 quidam
1722 555 1883 588 tenentes
1911 552 1983 588 iam
2008 558 2170 591 mortuae
2199 565 2342 591 manum
2369 556 2420 590 ita
2442 563 2508 599 per

294 596 420 642 νεκρᾶς
443 594 510 639 ἤδη
541 597 603 640 τῆς
633 596 747 643 χειρὸς
770 610 868 631 ουτω
891 609 983 631 κατα
1007 599 1071 631 τοῦ
1092 597 1225 643 χάρτου
1248 594 1316 640 τήν
1331 610 1371 631 τε
1439 598 1575 632 cartam
1598 597 1731 642 virgam
1755 599 1888 632 rectam
1911 601 1948 633 et
1970 608 2013 633 ex
2032 599 2142 635 latere
2161 600 2304 636 ductam
2319 600 2508 635 traxerunt

295 639 445 676 εὐθεῖαν
474 640 543 684 τήν
572 653 613 675 τε
643 640 802 688 πλαγίαν
833 640 1000 676 εἵλκυσαν
1029 646 1089 677 καὶ
1110 643 1154 677 τὸ
1187 641 1371 697 σύμβολον
1386 645 1426 678 10
1439 647 1475 678 et
1497 642 1634 686 signum
1658 642 1869 678 venerabilis
1893 643 2009 679 crucis
2024 643 2134 680 videri
2156 645 2337 690 scripsisse
2358 645 2505 681 defunc-

294 686 358 720 τοῦ
379 689 498 730 τιμίου
517 688 672 731 σταυροῦ
694 685 812 721 δοκεῖν
831 689 1048 734 γεγραφέναι
1071 687 1139 731 τὴν
1161 686 1371 731 τελευτησα-

294 742 365 765 σαν
387 728 671 776 παρεσκεύασαν.
717 730 833 776 Ἡμεῖς
855 736 982 767 τοίνυν
1007 733 1056 767 εἰς
1077 733 1194 768 ταῦτα
1216 730 1371 777 ὁρῶντες

294 775 341 809 τὰ
364 777 431 820 μὲν
454 779 536 821 περὶ
566 777 629 811 τοῦ
653 775 790 824 τρόπου
819 778 896 812 τῶν
918 776 1116 824 μαρτύρων
1146 777 1191 812 τὰ
1221 776 1262 812 δὲ
1290 781 1372 823 περὶ

293 821 357 864 τῆς
387 818 512 856 αὐτῶν
546 821 801 857 καταστάσεως
838 819 1017 866 ᾠήθημεν
1051 824 1180 869 χρῆναι
1214 821 1371 868 διορίσα-

1438 689 1511 722 tam
1526 697 1613 733 prae
1640 690 1838 723 araverunt.
1886 687 1962 724 Nos
1977 688 2086 742 igitur
2107 689 2154 724 ad
2169 690 2256 726 baec
2278 690 2507 735 respicientes

1440 733 1511 768 alia
1541 732 1603 777 qui
1629 743 1684 767 em
1714 732 1758 767 de
1789 731 1893 768 modo
1922 735 2066 769 testium
2096 733 2168 769 alia
2197 744 2281 771 vero
2311 735 2355 771 de
2385 745 2507 770 eorum

1441 779 1538 813 statu
1569 777 1830 813 aestimavimus
1862 782 2028 823 oportere
2058 778 2214 815 definire.
2261 779 2359 825 Quae
2389 780 2508 825 itaque

1440 823 1537 859 dicta
1560 826 1646 858 sunt
1668 823 1714 857 ab
1739 822 1895 868 antiquis
1919 823 2181 868 legislatoribus
2210 824 2248 859 in
2271 824 2508 870 prohibitione

294 866 396 900 σθαι.
444 866 491 900 τὰ
509 868 576 910 μὲν
590 861 654 901 οὖν
670 868 838 913 εἰρημένα
855 879 929 902 τοις
944 866 1056 902 πάλαι
1074 868 1291 911 νομοθέταις
1312 870 1372 903 ἐπὶ
1389 871 1427 904 15
1440 868 1567 903 horum
1587 878 1676 912 quos
1693 868 1957 913 suspenderunt
1970 868 2209 905 testimonium
2228 869 2414 914 perhibere
2429 874 2509 905 rata

294 909 447 990 κωλύσίεθι
470 910 612 946 τούτων
643 908 703 947 οὓς
726 913 920 960 ἐξείργουσι
941 916 1139 960 μαρτυρίας
1168 913 1291 949 πάντα
1313 910 1371 948 κύ·
1440 913 1560 948 omnia
1582 913 1763 958 ponimus:

294 969 355 1000 ρια
378 969 399 990 τ
447 969 548 1000 εμεν·

1295 1037 1452 1074 CAPUT
1474 1037 1504 1073 Ι.

339 1103 565 1147 θεσπίζομεν
588 1102 643 1147 δέ,
675 1107 735 1138 καὶ
785 1102 914 1139 άλιστα
947 1106 1007 1139 ἐπὶ
1031 1106 1091 1149 τῆς
1112 1103 1265 1152 μεγάλης
1287 1103 1372 1140 ταύ-
1493 1104 1671 1140 sancimus
1694 1107 1832 1148 autem,
1863 1107 1900 1141 et
1923 1104 2115 1151 praecipue
2145 1104 2183 1141 in
2206 1105 2275 1141 hac
2298 1105 2454 1141 maxima
2477 1108 2512 1141 et

293 1159 355 1192 της
378 1152 437 1183 καὶ
461 1146 669 1193 εὐδαίμονος
692 1118 850 1192 πόλεως,
876 1150 974 1184 ἔνθα
997 1151 1147 1194 πλείστη
1169 1151 1373 1207 καθέστηκε
1441 1149 1646 1185 felicissima
1670 1149 1822 1192 civitate,
1847 1150 1907 1186 ubi
1922 1150 2075 1196 plurima
2092 1150 2254 1186 consistit
2272 1150 2351 1194 (deo
2369 1150 2511 1186 favente

294 1193 395 1233 (θεὸς
415 1191 456 1228 δὲ
471 1191 637 1241 ἡγείσθω
660 1196 724 1229 τοῦ
742 1194 862 1242 λόγου)
885 1194 1033 1230 πολλῶν
1055 1199 1116 1230 καὶ
1131 1193 1289 1242 ἀγαθῶν
1308 1210 1371 1230 αν-
1386 1197 1428 1230 20
1442 1194 1608 1237 sermoni)
1628 1195 1818 1230 multorum
1834 1196 2077 1241 bonorumque
2091 1195 2195 1241 copia
2206 1197 2371 1239 virorum,
2396 1196 2512 1231 bonae

294 1237 394 1285 δρῶν
418 1237 584 1286 εὐπορία,
618 1235 883 1283 εὗυπολήπτους
912 1238 988 1274 δεῖν
1011 1241 1103 1275 εἶναι
1135 1241 1217 1275 τοὺς
1238 1240 1371 1286 μάρτυ-
1442 1240 1616 1286 opinionis
1641 1249 1720 1276 esse
1744 1242 1909 1285 oportere
1923 1244 2034 1276 testes
2058 1244 2095 1276 et
2117 1246 2180 1276 aut
2201 1244 2364 1277 carentes
2387 1241 2510 1277 huius·

293 1295 367 1330 ρας,
390 1287 450 1319 καὶ
464 1282 488 1327 ἢ
504 1288 683 1330 κρείττους
700 1286 763 1329 τῆς
779 1283 947 1328 τοιαύτης
971 1283 1139 1329 διαβολῆς
1161 1285 1221 1321 διὰ
1244 1286 1287 1321 τὸ
1311 1288 1374 1330 τῆς
1440 1285 1536 1321 modi
1556 1285 1784 1330 derogatione
1814 1296 1878 1339 per
1909 1285 2088 1330 dignitatis
2111 1290 2175 1322 aut
2207 1286 2353 1322 militiae
2373 1290 2436 1322 aut
2457 1285 2510 1321 di·

295 1329 398 1371 ἀξίας
427 1327 452 1373 ἢ
474 1333 664 1378 στρατείας
692 1327 715 1374 ἢ
738 1327 902 1375 εὐπορίας
930 1327 952 1374 ἢ
975 1328 1235 1375 ἐπιτηδεύσεως
1258 1328 1372 1375 ἀναμ-
1440 1330 1605 1366 vitiatum
1629 1335 1692 1366 aut
1714 1330 1824 1366 officii
1848 1341 2010 1374 causam,
2042 1333 2105 1366 aut
2135 1331 2165 1367 si
2189 1342 2261 1368 non
2280 1333 2369 1367 tales
2395 1331 2511 1367 consi-

294 1372 524 1421 φιςβὴτητον,
545 1373 569 1418 ἢ
592 1375 693 1421 εἴπερ
716 1372 758 1409 οὗ
774 1377 933 1410 τοιοῦτοι
956 1375 1194 1418 καθεστᾶσιν,
1219 1373 1282 1420 ὑφ’
1299 1377 1372 1410 ἑτέ·
1441 1378 1558 1418 stunt,
1588 1386 1633 1411 ex
1660 1378 1812 1420 utroque
1834 1378 1953 1412 tamen
1973 1376 2056 1422 quia
2093 1379 2177 1412 sunt
2198 1377 2268 1412 fide
2291 1377 2388 1422 digni
2410 1376 2511 1412 testi-

294 1433 371 1466 ρων
400 1421 489 1466 γοῦν
519 1415 579 1454 ὅτι
598 1421 824 1455 καθεστᾶσιν
845 1417 1052 1462 ἀξιόπιστοι
1070 1422 1370 1468 μαρτυρούμενοι·
1386 1422 1427 1456 25
1441 1421 1597 1456 monium
1637 1421 1807 1465 erhibere‚
1833 1425 1868 1457 et
1884 1432 1955 1457 non
1971 1421 2142 1467 quosdam
2161 1422 2315 1458 artifices
2338 1422 2512 1466 ignobiles

293 1468 354 1499 καὶ
382 1463 431 1509 μή
462 1476 564 1500 τινας
586 1463 807 1512 ἐπιδιφρίους
835 1463 926 1510 μηδὲ
948 1470 1139 1512 χαμερπεῖς
1167 1465 1259 1510 μηδὲ
1281 1480 1372 1502 παν-
1440 1476 1555 1511 neque
1577 1466 1611 1501 vi
1627 1466 1766 1502 'ssimos
1789 1476 1857 1502 nec
1880 1466 1985 1502 nimis
2008 1467 2181 1503 obscuros
2205 1467 2251 1502 ad
2273 1467 2513 1503 testimonium

294 1514 401 1545 τοίως
423 1506 581 1554 ἀσήμους
611 1512 672 1546 ἐπὶ
695 1514 897 1557 μαρτυρίαν
921 1512 1029 1554 ἰέναι,
1062 1509 1143 1546 ἀλλ’
1162 1508 1250 1546 aisn
1274 1512 1373 1557 εἴπερ
1440 1511 1653 1557 procedere,
1694 1511 1757 1547 sed
1787 1515 1829 1547 ut
1856 1512 1886 1547 si
1914 1522 1984 1556 qua
2018 1511 2061 1547 de
2095 1512 2151 1547 his
2182 1512 2358 1548 dubitatio
2393 1512 2511 1555 fuerit,

295 1552 587 1611 ἀμφιςβητηθείη
603 1556 650 1590 τὰ
666 1554 748 1590 κατ’
768 1552 905 1598 αὐτούς,
929 1554 1115 1591 δύνασθαι
1135 1554 1268 1602 ῥᾳδίως
1284 1555 1372 1592 ἀπο·
1440 1556 1554 1602 possit
1583 1556 1689 1592 facile
1719 1556 1956 1593 demonstrari
1990 1557 2134 1593 testium
2156 1557 2246 1601 vita,
2283 1558 2367 1603 quia
2396 1557 2511 1593 incul-

295 1598 479 1635 ὃεικνυναι
495 1601 562 1635 τὸν
576 1602 655 1636 τῶν
668 1601 980 1648 μαρτυρησάντων
1003 1605 1086 1646 βίον
1109 1599 1158 1636 ὠς
1186 1600 1373 1647 ἅμεμπτός
1440 1602 1570 1647 pabilis
1593 1603 1702 1647 atque
1724 1602 1909 1638 moderata
1932 1604 1997 1638 est.
2126 1630 2134 1638 .

295 1648 318 1683 1
363 1658 405 1680 τε
419 1649 479 1680 καὶ
495 1646 650 1690 ἐπιεικὴς
664 1646 727 1689 εἴη.
775 1648 821 1680 Εἰ
841 1644 883 1680 δὲ
901 1645 1082 1693 ἅγνωστοί
1102 1658 1196 1682 τινες
1219 1647 1290 1682 εἷεν
1313 1649 1372 1680 καὶ
1385 1647 1460 1683 301
1507 1647 1546 1682 Si
1568 1657 1651 1682 vero
1674 1647 1786 1691 ignoti
1809 1647 1952 1693 quidam
1980 1647 2112 1683 fuerint
2143 1647 2299 1693 undique
2322 1651 2358 1683 et
2381 1647 2512 1693 aliquid

296 1689 536 1734 πανταχόθεν
566 1687 711 1737 ἀφανεῖς
737 1695 800 1725 καί
829 1705 865 1726 τι
889 1695 1036 1738 φανεῖεν
1067 1687 1161 1726 ὅλως
1192 1695 1274 1738 περὶ
1304 1691 1374 1736 τὴν
1440 1692 1673 1738 apparuerint
1712 1692 1808 1728 circa
1842 1693 2033 1728 testimonii
2065 1693 2248 1728 veritatem
2285 1703 2511 1738 corrumpere

295 1740 498 1782 μαρτυρίαν
526 1737 603 1770 τῶν
627 1735 782 1779 ἀληθῶν
813 1734 1029 1783 διαφθεῖραι
1052 1735 1285 1780 σπεύδοντες,
1315 1735 1373 1771 δύ-
1441 1737 1661 1780 festinantes,
1686 1747 1792 1782 posse
1816 1748 1877 1774 eos
1894 1738 1999 1773 etiam
2018 1737 2222 1773 verberibus
2246 1738 2447 1782 subiacere3
2476 1742 2512 1774 et

295 1781 438 1816 νασθαι
471 1783 532 1815 καὶ
565 1778 739 1825 βασάνοις
771 1778 899 1816 αὖτοὺς
935 1779 1170 1825 ὑποκεῖσθαι,
1206 1785 1266 1816 καὶ
1294 1781 1375 1817 τοὺς
1440 1782 1595 1825 iudices,
1620 1782 1651 1817 si
1675 1782 1817 1827 quidem
1842 1781 2146 1818 administratores
2169 1783 2320 1825 fuerint,
2350 1783 2419 1828 ipsi
2443 1783 2511 1819 hoc

297 1824 475 1867 δικαστάς,
496 1827 528 1860 εἰ
546 1827 614 1870 μὲν
629 1824 798 1874 ἄρχοντες
818 1826 899 1868 εἶεν,
920 1823 1047 1861 αὐτοὺς
1065 1828 1173 1862 τοῦτο
1189 1826 1374 1872 πράττειν,
1441 1831 1567 1871 agant,
1595 1827 1626 1863 si
1652 1837 1735 1863 vero
1767 1828 1828 1863 alii
1858 1831 2001 1874 praeter
2023 1837 2085 1864 eos
2109 1828 2170 1873 qui
2192 1827 2512 1864 administrationes

296 1872 327 1905 εί
358 1869 400 1906 δὲ
421 1873 536 1915 ἕτεροι
568 1871 667 1918 παρὰ
696 1872 777 1906 τούς
806 1870 871 1906 τὰς
894 1868 1004 1918 ἀρχὰς
1027 1873 1183 1914 ἔχοντας,
1207 1872 1374 1907 ἐνταῦθα
1386 1874 1428 1908 35
1441 1873 1590 1913 habent,
1620 1872 1671 1907 ibi
1700 1874 1841 1918 quidem
1871 1877 2056 1908 assumant
2084 1873 2324 1918 apparitorem
2353 1873 2511 1918 magnifi-

296 1918 363 1959 μὲν
385 1915 686 1962 παραλαμβάνειν
713 1917 782 1951 τὸν
805 1915 1058 1963 ὑπουργοῦντα
1080 1918 1135 1961 τῷ
1158 1916 1373 1964 μεγαλοπρε·
1442 1917 1638 1953 centissimi
1650 1919 1824 1962 praetoris
1841 1918 1966 1963 plebis,
1990 1917 2027 1953 in
2044 1919 2225 1963 provincia
2247 1928 2331 1954 vero
2354 1919 2512 1954 locorum

296 1961 467 2005 πεστάτῳ
492 1965 673 2007 πραίτωρι
702 1963 779 1996 τῶν
803 1960 941 2017 δήμων,
971 1962 1064 1997 κατὰ
1091 1961 1215 2008 χώραν
1244 1960 1284 1996 δὲ
1305 1962 1374 1996 τὸν
1443 1962 1675 2007 defensorem,
1696 1966 1733 1999 et
1754 1973 1820 2010 per
1843 1973 1905 2000 eos
1928 1963 2083 1999 inferant
2097 1963 2149 2000 eis
2166 1963 2350 1999 verberum
2373 1964 2511 2011 experi-

296 2007 374 2041 τῶν
396 2006 527 2042 τόπων
549 2004 701 2048 ἔκδικον,
725 2009 785 2040 καὶ
808 2005 844 2041 δι
887 2003 1010 2041 αὐτῶν
1034 2008 1226 2054 προςάγειν
1255 2004 1375 2041 αὐτοῖς

342 2111 368 2132 c.
383 2098 407 2132 Ι
421 2099 517 2132 habet
531 2097 709 2132 Noram-‘'⁷''
721 2098 878 2132 XIVtit.
892 2099 925 2140 9,
939 2105 955 2131 2
973 2110 1011 2131 ex
1024 2097 1070 2131 B.
1103 2097 1318 2130 Summarium
1335 2103 1381 2131 est
1396 2098 1429 2131 in
1449 2098 1601 2132 Prochirt'
1619 2099 1688 2132 cod.
1706 2097 1892 2131 Bodleiano
1906 2099 1971 2132 264
1987 2111 2023 2142 p.
2041 2101 2101 2133 176
2115 2102 2174 2134 n.7
2189 2100 2310 2139 Zaeh.;
2335 2113 2364 2133 v.
2379 2101 2512 2135 24—26

297 2150 388 2178 notat
409 2143 588 2177 Prochiron
613 2144 667 2185 27,
680 2151 705 2178 1.
725 2161 772 2168 —
795 2143 815 2184 ξ
833 2144 847 2176 1
875 2144 918 2176 in.
945 2149 1163 2186 arqumentum
1188 2149 1334 2185 repetant
1351 2143 1516 2185 paratitlo
1536 2143 1714 2176 Athanasii
1733 2145 1755 2177 4
1779 2147 1843 2182 §10
1861 2144 1904 2176 in.

297 2232 351 2268 rei
374 2231 608 2268 subtilitatem
632 2230 773 2278 aliquid
794 2230 998 2267 addendum
1022 2235 1131 2278 atque
1145 2231 1248 2276 falsa
1271 2230 1471 2267 testimonia
1491 2235 1667 2277 quantum
1681 2231 1763 2276 fieri
1815 2231 1904 2267 ossit
1925 2231 2165 2268 imminuenda
2180 2243 2266 2270 esse.
2303 2233 2397 2270 Nam
2420 2235 2512 2271 eius-

296 2277 395 2313 modi
424 2276 514 2323 quid
543 2287 639 2312 nuno
669 2287 813 2329 quoque
842 2276 908 2312 sub
941 2276 1142 2312 clarissimo
1166 2275 1365 2323 Bithyniae
1389 2277 1607 2322 provinciae
1632 2277 1762 2323 prae-si
1785 2288 1805 2313 e
1832 2277 1975 2322 factum
2003 2277 2201 2314 invenimus
2230 2279 2269 2314 in
2301 2283 2511 2317 testamento

296 2322 402 2370 qravi
426 2322 566 2358 testium
587 2321 755 2368 falsitate
775 2322 934 2369 probata
954 2326 1081 2368 aperte
1101 2322 1346 2357 convictorum
1362 2332 1406 2357 ae
1423 2326 1613 2368 postremo
1629 2321 1893 2368 confessorum,
1918 2322 2143 2365 testatricem,
2168 2333 2246 2358 cum
2267 2327 2511 2361 testamentum

298 2366 416 2403 adhuc
439 2367 689 2412 conficeretur,
719 2371 900 2403 mortuam
923 2377 1018 2409 esse,
1050 2367 1248 2403 nonnullos
1271 2371 1390 2402 autem
1418 2368 1557 2402 testium
1581 2367 1654 2402 iam
1677 2372 1842 2403 mortuae
1864 2378 1994 2402 manu*
2030 2366 2180 2403 rehensa
2211 2368 2294 2406 inde
2324 2370 2363 2405 in
2385 2369 2512 2406 charta

296 2416 431 2449 rectam
453 2417 488 2448 et
513 2416 755 2448 transversam
780 2412 910 2447 lineam
933 2411 1084 2448 duxisse
1106 2418 1217 2463 atque
1239 2411 1419 2457 effecisse,
1442 2415 1484 2447 ut
1507 2411 1680 2457 defuncta
1702 2412 1845 2459 siqnum
1869 2423 2000 2448 venera
2024 2412 2084 2448 ilis
2107 2413 2224 2449 crucis
2252 2416 2440 2462 scripsisse
2461 2416 2511 2452 vi-

297 2457 452 2494 deretur.
508 2456 585 2493 Nos
616 2457 730 2503 iqitur
759 2456 848 2492 haec
879 2467 898 2491 s
925 2461 1084 2492 eetantes
1113 2457 1187 2492 alta
1218 2457 1263 2492 de
1291 2455 1398 2492 modo
1431 2457 1571 2492 testium
1601 2456 1677 2492 alia
1707 2456 1752 2493 de
1781 2468 1906 2493 eorum
1935 2461 2034 2492 statu
2064 2457 2267 2502 definienda
2290 2461 2511 2506 putavimus.

297 2505 416 2549 Atque
437 2513 531 2583 {tibae
553 2513 578 2538 a
602 2502 779 2538 veteribus
803 2502 893 2549 leqis
907 2501 1071 2538 uteribus
1096 2502 1141 2538 de
1152 2500 1398 2549 prohibitione
1421 2512 1545 2538 eorum
1569 2512 1661 2549 quos
1682 2512 1707 2538 α
1731 2503 1931 2538 testimonio
1952 2507 2133 2539 removent
2153 2503 2251 2540 dicta
2272 2510 2368 2548 sunt,
2393 2507 2514 2542 omnia

296 2553 381 2584 rata
403 2558 443 2584 re
494 2548 603 2583 imus:

431 2593 460 2628 1.
507 2592 688 2628 sancimus
717 2594 854 2636 autem,
885 2591 1083 2639 praecipue
1113 2592 1152 2626 in
1183 2591 1252 2627 hae
1274 2602 1410 2638 maqna
1441 2595 1477 2627 et
1504 2589 1609 2636 felici
1638 2590 1742 2633 urbe,
1773 2591 1834 2628 ubi
1856 2592 2016 2627 maxima
2045 2597 2151 2629 extat
2178 2594 2279 2636 (deus
2301 2595 2349 2631 sit
2371 2606 2514 2643 auspex

296 2638 483 2680 sermonis)
505 2637 699 2673 multorum
723 2637 884 2672 virorum
907 2636 1084 2672 bonorum
1109 2637 1226 2683 eopia,
1250 2640 1290 2671 ut
1314 2640 1421 2672 testes
1444 2636 1516 2671 sint
1538 2635 1655 2671 bonae
1678 2636 1970 2677 existimationis,
1994 2642 2029 2673 et
2052 2638 2107 2674 vel
2122 2644 2280 2686 propter
2302 2639 2512 2687 diqnitatem

298 2683 354 2721 vel
374 2683 540 2718 militiam
562 2682 620 2718 vel
641 2681 786 2718 divitias
815 2682 871 2718 vel
899 2681 1138 2717 indubitatam
1171 2681 1290 2727 officii
1312 2682 1489 2717 rationem
1519 2680 1694 2716 eiusmodi
1723 2682 1904 2717 calumnia
1935 2682 2159 2728 superiores,
2191 2684 2247 2720 vel
2273 2685 2308 2720 si
2329 2687 2419 2721 tales
2440 2697 2513 2721 non

296 2730 381 2771 sint,
405 2732 502 2764 certe
516 2727 671 2763 aliorum
695 2727 895 2763 testimonio
919 2730 960 2762 ut
971 2727 1046 2771 fide
1065 2726 1103 2762 di
1128 2728 1167 2761 ni
1182 2726 1345 2774 probati,
1369 2738 1456 2762 neve
1471 2726 1535 2772 qui
1555 2725 1732 2761 sellularii
1755 2738 1824 2763 neu
1847 2726 1945 2762 humi
1959 2732 2123 2774 repentes
2145 2739 2215 2764 neu
2235 2729 2347 2776 plane
2370 2729 2514 2766 obscuri

298 2773 348 2809 ad
370 2772 789 2853 testimoniumdveniant,
819 2771 885 2808 sed
906 2774 956 2814 ut,
988 2772 1083 2818 siqui
1109 2783 1162 2807 em
1194 2771 1239 2807 de
1268 2772 1314 2807 iis
1337 2770 1530 2814 dubitetur,
1560 2770 1675 2815 facile
1697 2771 1942 2808 demonstrari
1966 2773 2087 2819 possit
2116 2773 2225 2809 vitam
2254 2774 2395 2810 testium
2422 2775 2512 2812 inte·

298 2820 318 2854 1
410 2829 468 2854 am
491 2822 526 2854 et
548 2828 606 2853 mo
635 2821 774 2853 eratum
796 2827 882 2852 esse.

300 2829 494 2900 testimonii
515 2863 666 2899 veritate
696 2873 928 2909 corrumpere
957 2861 1064 2904 velle,
1096 2862 1201 2897 liceat
1232 2862 1339 2897 etiam
1365 2861 1551 2896 tormentis
1582 2871 1644 2896 eos
1666 2861 1781 2897 subici
1787 2875 1802 2903 ,·
1830 2868 1867 2898 et
1887 2861 2043 2905 iudices,
2072 2863 2247 2909 siquidem
2277 2865 2513 2911 maqistratus

298 2909 382 2951 sint,
406 2908 478 2954 ipsi
501 2907 570 2943 hoc
589 2911 721 2953 ayant,
751 2907 808 2942 sin
831 2911 950 2943 autem
978 2906 1043 2941 alii
1055 2911 1210 2952 praeter
1228 2917 1291 2942 eos
1314 2906 1637 2953 qui'maqistratus
1659 2905 1808 2950 habent,
1843 2906 1899 2942 hic
1932 2907 2073 2953 quidem
2102 2909 2350 2955 apparitorem
2373 2911 2512 2957 mayni-

295 2953 518 2999 ficentissimi
538 2953 724 2999 praetoris
740 2952 877 3000 plebis,
908 2952 948 2986 in
972 2952 1169 2999 provincia
1201 2957 1320 2988 autem
1353 2951 1515 2986 locorum
1540 2951 1770 2996 defensorem
1793 2952 1987 2988 adhibeant
2016 2958 2050 2989 et
2075 2964 2148 3000 per
2170 2964 2232 2989 eos
2255 2957 2512 2991 tormentorum

975 2815 1114 2859 Quodsi
1137 2819 1200 2863 qui
1223 2817 1339 2863 iqnoti
1362 2821 1397 2852 et
1417 2816 1528 2863 plane
1550 2814 1694 2851 obscuri
1716 2817 1806 2859 sint,
1839 2821 1948 2862 atque
1971 2818 2115 2853 omnino
2148 2818 2236 2865 quid
2257 2818 2447 2855 videantur
2469 2820 2514 2856 de

353 3047 375 3080 6
398 3041 454 3077 ἐλε
476 3043 648 3087 χθέντων
671 3043 702 3076 L
727 3041 742 3086 ΙΙ
771 3044 790 3076 Ἰ
814 3039 869 3076 ἔτι
893 3054 951 3076 om.
977 3053 997 3079 ς
1026 3042 1040 3084 ΙΙ
1069 3045 1109 3077 10
1140 3041 1307 3076 εἵλκυσαν
1337 3054 1376 3075 ex

300 3103 381 3125 corr.
396 3090 427 3124 L
476 3091 513 3123 11
542 3089 797 3135 ἐγγεγραφέναι
810 3087 841 3121 L
859 3087 872 3130 fl
890 3089 930 3121 15
946 3085 1111 3121 παλαιοῖς
1124 3089 1153 3121 L
1171 3088 1183 3131 ΙΙ
1205 3088 1243 3122 16
1267 3086 1374 3131 ἐξείρ-

299 3145 399 3169 κουσι
412 3135 459 3168 L'
482 3134 495 3178 ΙΙ
521 3135 560 3168 18
585 3130 624 3166 δὲ
647 3145 705 3166 οηι.
720 3133 756 3165 Β
770 3132 784 3176 ΙΙ
803 3134 845 3166 20
865 3130 1023 3173 πολλῶν]
1047 3130 1169 3166 καλῶν
1183 3133 1376 3166 Haloander

300 3181 381 3214 male
396 3179 411 3219 ΙΙ
435 3180 475 3213 21
497 3174 740 3221 εὖπολήπτους
757 3178 806 3218 M,
820 3178 981 3212 Nomoc.m
993 3190 1046 3221 pr.
1063 3177 1075 3216 ΙΙ
1095 3175 1149 3211 δεῖ
1163 3176 1342 3212 Nomai-‚dm
1364 3174 1376 3220 ΙΙ

301 3227 344 3260 22
366 3225 427 3267 τῆς
450 3237 509 3258 om.
524 3225 555 3257 L
570 3222 748 3258 Νοηιοο.ιω
776 3221 790 3265 ΙΙ
819 3220 879 3255 διὰ
902 3221 946 3255 τὸ
971 3241 1015 3247 -
1038 3218 1374 3268 ἀναμφισβήτητον]

300 3281 359 3314 per
374 3289 417 3294 —
432 3279 566 3302 causam
586 3279 606 3304 ς
619 3267 633 3312 ΙΙ
652 3269 701 3322 23,
716 3269 902 3311 στρατείας
924 3264 948 3309 ἢ
971 3263 1074 3307 ἀξίας
1096 3268 1133 3301 Β
1149 3268 1163 3311 ΙΙ
1181 3269 1282 3321 2139.
1306 3263 1370 3319 3392’

300 3314 1061 3402 Ἰῖὶῗίἶιῖςἰἷαεῗᾟὲῗῑῖῗὲζτῖζοῖἑὲἶῖἷῖ
1077 3315 1374 3401 „38‘3222‘3‘5233

300 3371 487 3438 Ξὺνασθαι
502 3401 630 3437 ἄδειαν
646 3403 739 3444 ἐξίειν
753 3403 787 3435 Β
803 3402 816 3445 ΙΙ
835 3404 877 3436 29
892 3401 961 3436 τὸν
977 3415 1035 3436 om.
1049 3401 1095 3436 M
1108 3401 1121 3447 ΙΙ
1137 3405 1179 3437 30
1191 3414 1232 3436 τε
1244 3415 1302 3436 om.
1316 3402 1353 3435 B
1364 3406 1374 3439 ΙΙ

303 3451 344 3483 30
368 3452 428 3482 καὶ
452 3443 693 3490 πανταχόθεν
724 3443 884 3493 ἀφανεῖς]
914 3447 1062 3489 undique
1087 3459 1107 3484 ς
1132 3447 1145 3492 ΙΙ
1177 3449 1216 3482 31
1242 3449 1306 3480 καί
1324 3449 1373 3488 τι]

303 3496 364 3526 καί
383 3493 439 3527 τοὶ
462 3494 621 3528 Νοηιοε.”ι
639 3492 651 3536 ΙΙ
667 3487 759 3525 ὅλως
782 3505 840 3527 om.
855 3503 874 3528 ς
891 3492 904 3535 ΙΙ
921 3494 1018 3536 3Ῑεᾳ.
1038 3491 1107 3534 τὴν
1128 3494 1200 3533 (om.
1213 3493 1275 3534 L‘)
1298 3491 1375 3525 τῶν

304 3534 458 3579 ἀληθῶν
472 3540 671 3583 μαρτυρίαν
685 3538 715 3571 L
731 3538 743 3579 ΙΙ
762 3538 805 3571 34
816 3535 989 3590 ἄρχοντας
1003 3538 1052 3590 [3⁶
1067 3537 1081 3580 ΙΙ
1098 3538 1141 3571 36
1155 3538 1235 3581 μὲν]
1250 3535 1299 3581 μὴ
1313 3535 1376 3581 Ml}

795 3581 809 3626 ΙΙ
836 3584 964 3622 αυτοῖς]
988 3580 1117 3615 αυτοὺς
1143 3582 1191 3615 L⁰

1443 3043 1464 3076 3
1487 3043 1570 3074 tuno
1594 3042 1684 3076 RV¹
1696 3043 1728 3075 T
1740 3041 1754 3086 11
1767 3041 1931 3076 bithiniae
1956 3043 2033 3077 libri
2048 3043 2061 3087 ΙΙ
2077 3046 2097 3078 5
2121 3044 2296 3087 pessimum
2313 3045 2363 3078 13¹
2378 3045 2393 3090 Ι
2408 3047 2430 3081 6
2453 3057 2512 3080 no-

1442 3086 1578 3119 uissima
1600 3087 1634 3119 R
1652 3087 1664 3130 ss
1689 3089 1710 3121 9
1733 3089 1855 3120 rectam
1880 3088 1985 3129 Beck]
2010 3089 2129 3122 factam
2154 3090 2230 3123 libri
2248 3090 2262 3134 [1
2287 3090 2422 3124 ductum
2446 3092 2477 3124 R

1444 3134 1485 3166 10
1509 3132 1712 3165 uenerabilis
1736 3151 1773 3156 ——
1804 3134 1846 3166 14
1868 3133 2094 3175 prohibitione
2116 3147 2178 3168 scr.
2192 3135 2241 3168 R²
2261 3137 2294 3168 in
2311 3148 2376 3169 ras.
2390 3137 2412 3170 4
2427 3147 2477 3170 νυ.

1442 3177 1605 3209 uide-n·
1625 3177 1673 3210 V¹
1691 3178 1704 3219 fl
1722 3178 1763 3211 12
1779 3177 1819 3210 de
1830 3178 1939 3219 modo]
1959 3178 1999 3212 de
2012 3179 2108 3212 domo
2126 3179 2173 3212 V2
2184 3181 2216 3214 in
2230 3192 2308 3221 raa,
2321 3180 2395 3223 ΒΘ
2415 3180 2510 3213 demo

1444 3222 1493 3255 1¹¹
1516 3222 1529 3265 ΙΙ
1556 3223 1596 3256 13
1620 3222 1882 3256 existimauimus
1900 3223 1973 3265 R(²)
1997 3223 2010 3266 ΙΙ
2033 3224 2208 3266 *definirel
2234 3225 2379 3258 detinere
2403 3225 2479 3258 libri
2499 3226 2510 3265 ΙΙ

1441 3266 1490 3299 ita
1510 3266 1567 3312 Vss
1588 3268 1627 3301 15
1652 3278 1765 3300 eorum
1787 3267 1842 3311 Vss
1859 3268 2100 3312 suspenderunt
2119 3269 2222 3311 RV⁸J
2245 3281 2261 3303 s
2323 3270 2441 3303 annunt
2461 3269 2509 3302 V¹

1441 3314 1655 3355 susceperunt
1669 3313 1727 3355 Tll
1746 3314 1786 3347 16
1802 3313 1955 3346 omnibus
1977 3314 2030 3356 Vn
2052 3316 2093 3348 18
2114 3316 2157 3356 et]
2180 3314 2278 3347 etiam
2338 3312 2509 3357 'maxima

1442 3359 1475 3389 et
1498 3369 1556 3390 om.
1570 3357 1604 3390 R
1626 3359 1638 3399 ΙΙ
1670 3359 1711 3391 19
1735 3357 1805 3398 ubi]
1830 3360 1869 3390 ut
1890 3358 1952 3401 V!
1980 3359 2022 3392 20
2046 3369 2193 3392 sermone
2214 3359 2268 3392 R·
2289 3357 2303 3401 Ι
2328 3356 2508 3391 multorum

1442 3401 1669 3444 bonorumque
1685 3402 1779 3445 copia
1793 3403 1940 3435 virorum
1959 3405 2060 3446 only]
2085 3404 2245 3437 bonorum
2262 3401 2508 3445 multorumque

1443 3447 1537 3489 copia
1559 3447 1709 3480 nimi-um
1732 3447 1960 3490 (uirorumque
1976 3448 2041 3491 Rc)
2063 3449 2133 3482 ΒΤ
2154 3446 2334 3480 multorum
2357 3446 2507 3481 uirorum

1429 3486 1526 3532 ‘quae
1538 3492 1635 3534 (quae
1648 3493 1708 3526 del.
1721 3490 1891 3535 1⁷⁶)oopia
1903 3493 2063 3526 bonorum
2079 3491 2136 3536 Vfl
2151 3493 2191 3526 21
2205 3493 2363 3532 carentes]
2376 3496 2508 3527 euntes

1452 3536 1497 3567 V¹
1524 3535 1537 3580 ΙΙ
1569 3536 1765 3570 huiusmodo
1792 3538 1824 3571 T
1832 3537 1843 3558 ¹
1870 3537 1884 3581 Ι
1912 3539 1954 3572 23
1978 3539 2058 3578 non]
2093 3545 2181 3568 nuno
2209 3535 2241 3568 T
2263 3534 2277 3577 Ι
2310 3536 2353 3569 24
2383 3539 2506 3580 tamen]

1441 3581 1484 3614 ῐιῖι
1498 3581 1529 3613 Τ
1550 3594 1590 3612 0·
1611 3582 1659 3615 V·
1676 3582 1747 3624 1125
1761 3592 1828 3616 non
1844 3595 1902 3615 om.
1922 3581 1980 3625 Vfl
1994 3580 2095 3616 2721·
2110 3579 2224 3622 V128
2237 3580 2317 3621 vita]
2341 3581 2415 3614 iura
2432 3583 2479 3616 T¹
2493 3582 2507 3629 ΙΙ

1441 3626 1483 3658 30
1507 3625 1632 3668 aliqui·
1653 3627 1686 3661 T
1692 3628 1701 3648 ¹
1719 3627 1732 3671 u
1749 3628 1788 3661 31
1815 3626 2004 3669 apparuerit
2015 3624 2125 3665 RVT,
2137 3635 2219 3657 corr.
2233 3626 2316 3667 vulq-
2335 3626 2347 3668 ΙΙ
2365 3628 2407 3661 32
2430 3638 2506 3661 eum

1448 3669 1505 3714 Vl}
1521 3673 1553 3703 et
1578 3683 1636 3704 om.
1650 3671 1699 3705 Β*
1759 3672 1804 3705 34
1827 3670 1899 3711 alii]
1921 3669 2020 3703 aliter
2040 3668 2074 3701 R
2134 3669 2176 3702 35
2201 3668 2287 3711 *ibiJ
2308 3671 2371 3714 ipsi
2396 3672 2474 3707 libri
2491 3673 2507 3720 Ι

1749 3717 1791 3750 37
1814 3714 2021 3748 defensorum
2044 3712 2078 3746 R
2114 3712 2168 3747 T·

306 3584 347 3615 38
367 3583 443 3615 τῶν
465 3596 523 3616 om.
544 3583 704 3617 Nemee-”¹
710 3594 765 3626 pr.

318 3691 324 3697 ’
366 3716 380 3752 1
406 3714 602 3748 suauitatis
625 3715 674 3748 V·
700 3715 714 3758 n
742 3716 762 3748 2
785 3714 943 3758 possibile
966 3717 1017 3749 est
1041 3713 1104 3757 T²‚
1127 3716 1179 3749 eat
1201 3726 1260 3748 m
1286 3713 1339 3748 Τ·
1361 3713 1374 3757 n
1437 3717 1590 3749 mmm
1611 3715 1703 3750 RV*
