2618 4010
272 147 381 192 Nov.
410 148 557 190 XXXI
585 151 603 190 1

1349 145 1434 194 236

1822 159 1883 191 DE
1911 158 2218 192 msposmolm
2248 156 2486 198 QUATTUOR

274 255 508 302 ἆνθυπατεία
537 254 787 304 τετιμῆκαμεν,
821 249 862 303 ἧς
887 256 1045 313 undum?
1080 260 1301 304 προέστηκεν
1329 256 1349 294 ὅ
1416 257 1680 301 honoravimus,
1713 256 1772 292 cui
1793 257 1949 294 Aeacius
1997 257 2128 294 raefuit
2150 257 2375 303 magnificus,
2406 267 2486 310 spe·

273 300 674 358 geyaloneene'o'rawffi'
685 302 947 358 σπεκταβιλίαν
962 317 1002 338 τε
1017 303 1268 357 αποφήναντες
1282 305 1349 347 τὴν

274 345 876 428 tssfflztfz‘xttssf'sszszzi
900 349 1350 427 mm

275 446 391 479 σαμεν
409 405 626 471 ἆνθυπάτκου
650 439 710 471 καὶ
729 407 853 473 πάιζιτα
876 406 1005 471 ἀζιόλου
1064 405 1085 434 η
1286 406 1349 437 μη.

276 477 562 526 διετυπιύσαμεν.
606 483 667 516 καὶ
701 482 821 518 πόλεις
855 479 945 528 αὐτῇ
979 477 1188 524 δεδώκαμεν
1223 480 1350 516 Θεοδο-

276 523 465 559 σιούπολίν
487 538 543 568 τε,
571 522 616 570 ἣν
638 529 699 560 καὶ
722 526 900 574 πρότερον
924 525 1003 567 εἶχε,
1034 523 1205 560 Σάταλάν
1227 539 1268 560 τε
1290 528 1351 559 καὶ

277 565 480 604 Νικόπολιν
497 573 558 605 καὶ
570 568 781 606 Κολώνειαν
797 573 835 604 ἐκ
854 572 915 612 τῆς
931 571 1060 615 πρώην
1076 569 1223 616 πρώτης
1230 567 1350 616 Ἀρμε-

276 616 355 648 νίας
375 612 592 659 καλουμένης
613 614 795 669 λαβόντες,
822 611 1075 670 Τι’ραπεζοῦντά
1098 628 1138 649 τε
1158 618 1218 649 καὶ
1238 618 1350 661 Κερα-

1418 303 1654 346 ctabilemque
1684 301 1905 338 declarantes
1937 313 1960 339 a
2021 304 2029 311 ’
2058 303 2067 312 ”
2088 303 2278 339 trationem
2308 305 2345 338 et
2369 312 2489 339 omma

1418 348 1543 382 dantes
1567 346 1601 382 ei
1624 355 1715 390 quae
1738 349 1941 391 competens
1966 350 2022 384 est
2042 347 2402 393 proconsularitatem
2423 347 2487 383 ha-

1418 392 1514 427 bere.
1562 391 1662 426 Stola
1724 400 1841 435 uoque
1874 400 1953 428 eam
1987 392 2230 429 decoravimus
2264 392 2489 437 proconsulis

1009 436 1062 470 θα
1093 433 1233 471 τούτοις
1256 439 1350 479 ἔχειν
1386 440 1405 472 5
1419 442 1456 471 et
1474 435 1593 471 omnia
1635 444 1703 470 uae
1744 444 1807 470 aec
1827 441 2023 481 sequuntur
2037 437 2170 473 habere
2184 437 2433 483 disposuimus,
2455 440 2491 472 et

1419 481 1527 516 urbes
1552 480 1584 516 ei
1633 479 1768 514 edimus
1785 479 1985 517 Theodosio
2012 482 2105 524 olim,
2129 492 2235 527 quam
2258 482 2365 517 etiam
2389 481 2489 526 prius

1418 525 1555 566 habuit,
1574 528 1610 560 et
1622 524 1780 560 Satalam
1797 527 1835 560 et
1846 524 1984 570 Nicopo
2001 527 2008 534 ”
2060 531 2096 563 et
2108 527 2290 563 Coloniam
2311 536 2355 561 ex
2375 525 2492 571 prima

1418 569 1552 605 dudum
1570 569 1737 604 Armenia
1760 573 1968 614 nuncupata
1991 575 2170 607 sumentes
2193 571 2492 617 Trapezuntaque

1419 617 1456 650 et
1479 614 1712 650 Cerasuntem
1741 624 1786 649 ex
1810 613 1925 650 Ponto
1956 614 2090 651 dudum
2119 616 2367 652 Polemoniaco
2400 625 2491 650 nun·

276 658 413 693 σοῦντα
434 660 475 693 ἐκ
497 658 641 694 Πόντου
670 673 735 695 του
765 673 894 712 nemoy
918 658 1196 703 Πολεμωνιακοῦ
1227 658 1350 694 καλου·
1366 663 1406 695 10
1420 662 1563 704 cupato‚
1589 662 1815 694 secernentes
1839 668 1960 694 earum
1979 659 2070 696 alias
2090 660 2229 706 quidem
2251 671 2274 697 a
2294 660 2491 696 clarissimo

275 705 400 747 μένου,
429 708 650 752 χωρίσαντες
678 702 803 739 ἀὐτῶν
832 715 894 738 τας
915 706 983 747 μὲν
1011 705 1074 738 τοῦ
1098 703 1143 738 λα
1171 703 1351 750 προτάτου

276 749 338 790 τῆς
360 748 531 795 ἐπαρχίας
560 748 728 802 ἄρχοντος
761 748 823 783 τὰς
853 747 893 802 Be
928 749 992 783 τοῦ
1024 718 1265 795 περιβλέπων
1291 761 1351 794 μο-

277 788 488 839 δεράτωρος,
519 793 613 828 ἑπτα
635 806 676 828 τε
699 792 825 828 πόλεσι
853 806 921 836 την
944 790 1031 835 ὅλην
1054 795 1230 838 ἐπαρχίαν
1250 807 1352 849 μερι-

277 835 473 879 στήσαντες
507 841 567 872 καὶ
596 835 715 872 ὁπόσα
748 836 1055 893 τῆςὶπεριοικίδος
1086 840 1187 873 ἐστὶν
1217 852 1352 873 αυτων.

1418 704 1622 749 provinciae
1643 703 1769 756 iudice,
1800 699 1889 755 alias
1921 707 2039 739 autem
2068 714 2092 740 a
2119 705 2308 758 spectabili
2330 705 2492 740 modera-

1419 754 1510 791 tore,
1534 752 1669 794 septem
1694 748 1894 783 c1v1tat1bus
1918 752 2030 783 totam
2054 759 2271 794 provinciam
2294 752 2492 786 statuentes

1421 797 1457 830 et
1480 793 1737 838 quodammodo
1763 793 1954 829 confinium
1978 797 2032 829 est
2055 803 2189 830 earum.

276 882 298 917 1
343 883 522 929 Δευτέραν
551 880 591 917 δὲ
621 881 795 937 έτάξᾳμεν
822 886 1012 929 Αρμενίαν
1042 882 1110 926 τὴν
1141 884 1353 929 ἔμπροσθεν
1369 888 1407 920 15
1421 884 1442 918 1
1489 882 1688 918 Secundam
1708 892 1790 918 vero
1812 882 2052 919 ordinavimus
2063 883 2266 919 Armeniam
2309 883 2386 919 rius
2401 882 2494 918 Pru-

277 923 429 980 πρῶτην
451 926 683 971 καλουμένην,
704 939 742 970 ης
761 931 898 974 ηγεῖται
911 926 1124 972 Σεβάστεια,
1151 927 1270 964 πόλεις
1291 925 1352 962 αὖ·

275 984 320 1018 τῃ
340 975 613 1016 προςνείμαντες
635 970 702 1015 τήν
720 985 761 1006 τε
782 974 860 1007 τῶν
875 971 1206 1017 Σεβαστοπολιτῶν
1225 970 1270 1017 ἣν
1293 975 1353 1007 καὶ

276 1014 455 1063 πρότερον
478 1016 559 1071 οἶχε,
582 1019 642 1051 καὶ
666 1015 755 1062 πρός
776 1030 817 1065 ys
841 1016 896 1051 Κό
925 1016 994 1051 ανά
1017 1031 1057 1052 τε
1081 1020 1120 1052 ἐκ
1144 1019 1208 1052 τοῦ
1228 1017 1352 1052 καλου-

274 1063 386 1115 μένου
406 1072 536 1106 πρωην
554 1060 834 1115 Πολεμωνιακοῦ
846 1065 988 1096 Ποντου
1007 1066 1067 1096 καὶ
1087 1060 1210 1106 Ζῆλαν
1230 1065 1268 1097 ἐκ
1288 1063 1351 1097 τοῦ
1421 1062 1583 1098 moniaco

1421 937 1497 963 sam
1522 930 1781 972 nuncupatam,
1815 927 1874 963 cui
1904 931 2047 973 praeest
2070 927 2281 973 Sebastiopo
2310 939 2345 972 s,
2374 927 2408 964 ei
2429 927 2494 963 tri·

1422 972 1571 1008 buentes
1595 976 1631 1007 et
1654 973 2010 1018 Sebastiopolitarum
2042 981 2147 1018 quam
2178 972 2284 1008 etiam
2333 972 2407 1008 rius
2430 972 2495 1007 ha·

1421 1017 1510 1061 buit,
1543 1018 1623 1053 insu
1652 1027 1690 1052 er
1713 1022 1749 1053 et
1773 1018 1929 1053 Comana
1961 1028 2006 1053 ex
2029 1027 2051 1052 a
2102 1017 2207 1053 ellato
2231 1017 2289 1063 pri
2314 1027 2368 1054 em
2392 1017 2495 1053 Pole-

1645 1066 1729 1098 onto
1759 1066 1796 1098 et
1825 1062 1946 1098 Zelam
1977 1072 2021 1097 ex
2087 1062 2299 1107 elenoponto
2329 1071 2395 1098 nec
2424 1071 2497 1097 non

280 1103 542 1147 Ελενοπόντου,
580 1109 639 1140 καὶ
669 1119 742 1150 μην
775 1109 834 1141 καὶ
865 1110 1017 1161 Βρίσαν,
1054 1104 1143 1142 ὥστε
1173 1109 1213 1142 ἐν
1244 1111 1354 1142 πέντε
1366 1110 1407 1143 20
1422 1111 1458 1143 et
1483 1107 1645 1149 Bersam,
1677 1110 1719 1143 ut
1750 1107 1787 1142 in
1817 1107 1973 1153 quinque
2004 1107 2206 1143 civitatibus
2237 1107 2285 1142 sit
2314 1106 2498 1151 provincia

276 1147 427 1185 πόλεσιν
454 1149 548 1184 εἶναι
578 1149 646 1194 τὴν
677 1153 854 1198 ἐπαρχίαν
883 1165 1032 1195 ταυτην,
1064 1155 1123 1186 καὶ
1155 1151 1219 1196 τὴν
1242 1150 1354 1200 ἀρχὴν

276 1190 471 1241 ἡγεμονίαν
489 1188 605 1229 οὖσαν
624 1195 884 1231 καταλιπόντες
906 1198 967 1231 ἐπὶ
991 1198 1054 1231 τοῦ
1076 1200 1250 1242 προτέρου
1274 1197 1352 1240 σχή-

275 1250 388 1284 ματος
420 1242 480 1274 καὶ
513 1238 580 1275 τὸν
614 1239 772 1287 ἄρχοντα
810 1238 918 1285 αὐτῆς
953 1238 1074 1276 οὐδενὶ
1113 1242 1354 1286 κοσμήσαντες

276 1281 430 1329 ὀνόματι
459 1286 615 1328 μείζονι,
648 1283 729 1320 ἀλλ’
757 1283 777 1320 ὃ
807 1284 985 1340 πρότερον
1015 1287 1085 1330 εἶχε
1115 1288 1222 1322 τοῦτο
1254 1285 1352 1330 αὐτῷ

1421 1152 1521 1195 haec,
1543 1155 1580 1187 et
1599 1152 1940 1188 administrationem
1958 1152 2193 1197 praesidalem
2213 1151 2424 1188 existentem
2441 1160 2497 1187 re·

1421 1197 1622 1242 linquentes
1645 1197 1683 1232 in
1706 1197 1817 1242 priori
1839 1197 1954 1241 figura
1977 1200 2013 1232 et
2034 1197 2187 1232 iudicem
2211 1196 2287 1232 eius
2312 1196 2409 1231 nullo
2434 1195 2494 1231 de-

1422 1242 1752 1322 gprssffisuxggfflisne
1772 1242 1921 1287 potiori,
1950 1242 2014 1278 sed
2037 1242 2133 1287 quod
2157 1242 2256 1287 prius
2280 1241 2407 1277 habuit
2429 1241 2499 1276 hoc

277 1329 302 1364 2
346 1327 617 1365 καταλιπόντες.
661 1329 743 1366 ’ffiti
772 1342 911 1365 τουτοις
941 1344 980 1365 τε
1009 1336 1149 1386 τρίτῒηνε
1164 1331 1355 1377 Ἀρμενίαν
1368 1331 1446 1367 252
1492 1331 1549 1366 Ad
1597 1341 1662 1367 aec
1692 1334 1811 1367 autem
1836 1332 1978 1367 tertiam
2000 1331 2205 1367 Armeniam
2238 1330 2497 1372 constituimus,

277 1373 479 1418 κατεστησά
525 1375 581 1409 θα
595 1373 663 1418 τὴν
683 1373 861 1422 πρότερον
878 1374 1058 1422 δευτέραν,
1078 1388 1116 1420 ης
1131 1380 1267 1423 ηγεῖται
1282 1380 1353 1411 Με-

278 1417 404 1463 λιτηνὴ
425 1388 529 1454 πόλιιες
551 1417 693 1466 ἀρχαία,
718 1419 819 1455 πόλις
843 1422 1026 1465 ἐπίσημος,
1051 1422 1091 1455 έν
1111 1420 1211 1465 καλῷ
1234 1434 1274 1456 τε
1293 1422 1355 1467 γῆς

277 1468 338 1498 καὶ
361 1461 462 1511 ἀέρος
484 1467 627 1508 κειμένη
649 1467 709 1499 καὶ
732 1463 815 1500 οὐδὲ
836 1464 959 1512 πόρρω
984 1463 1166 1500 διεστῶσα
1188 1468 1267 1500 τῶν
1290 1466 1355 1499 τοῦ

1423 1376 1522 1421 prius
1543 1380 1580 1411 et
1600 1376 1804 1418 secundam,
1827 1376 1885 1411 cui
1906 1379 2049 1422 praeest
2068 1376 2236 1412 Melitene
2262 1375 2385 1411 civitas
2406 1375 2496 1411 anti-

1424 1431 1512 1466 qua,
1546 1421 1671 1456 civitas
1703 1421 1909 1464 mediocris,
1946 1422 1982 1456 in
2007 1422 2102 1456 bona
2131 1423 2230 1456 terra
2260 1424 2297 1456 et
2322 1423 2404 1456 aere
2434 1431 2498 1465 po-

1424 1466 1494 1500 sita
1519 1475 1585 1500 nec
1609 1466 1734 1510 procul
1757 1465 1894 1501 distans
1914 1475 1937 1500 a
1952 1465 2122 1502 fluctibus
2138 1465 2358 1510 Euphratae.
2394 1465 2499 1500 Hanc

278 1506 473 1564 Εὐφράτου
494 1507 693 1563 ῥευμάτων.
739 1509 878 1554 ταύτην
902 1508 1078 1555 ᾠήθημεν
1102 1509 1178 1545 δεῖν
1199 1511 1289 1544 κατὰ
1314 1509 1355 1544 τὸ
1424 1510 1685 1546 aestimavimus
1723 1513 1890 1555 oportere
1926 1511 1964 1546 in
2003 1510 2182 1556 praesenti
2219 1520 2349 1555 augere
2390 1513 2425 1545 et
2461 1509 2500 1545 in

278 1567 398 1601 παρον
431 1554 583 1598 αυξησαι
611 1558 672 1588 καὶ
702 1555 751 1589 εἰς
765 1554 820 1608 „rto
851 1557 931 1590 τῶν
954 1555 1223 1599 σπεκταβιλίιον
1248 1567 1355 1608 μετρι-
1370 1558 1411 1590 30
1425 1556 1672 1600 spectabilium
1696 1558 1834 1590 mutare
1857 1555 2016 1599 figuram,
2047 1555 2268 1600 iudicemque
2291 1555 2368 1591 eius
2390 1554 2499 1590 Iusti-

278 1601 409 1653 στῆσαι
433 1600 568 1643 σχῆμα,
600 1598 666 1634 τόν
696 1613 736 1634 τε
759 1613 914 1647 αρχοντα
942 1598 1074 1643 ταύτης
1101 1598 1356 1635 Ἰουστινιανον

277 1643 454 1696 ονομάσαι
477 1642 627 1697 κόμητα,
653 1642 781 1679 δοῦναί
802 1658 842 1679 τε
863 1642 963 1688 αὐτῷ
987 1648 1047 1679 καὶ
1068 1642 1157 1691 ὑπὲρ
1178 1642 1356 1688 σιτήσεων

278 1689 412 1725 solidos
434 1690 677 1733 septingentos
707 1693 768 1724 καὶ
791 1691 844 1734 τῷ
854 1702 908 1743 ye
932 1688 1040 1744 αὐτοῦ
1073 1688 1243 1735 παρέδρῳ
1275 1690 1356 1726 soli—

1423 1601 1567 1635 nianum
1593 1601 1776 1636 nominare
1801 1602 1974 1643 comitem,
2006 1604 2042 1636 et
2064 1600 2150 1636 dare
2174 1600 2208 1635 ei
2239 1602 2276 1635 et
2297 1610 2363 1646 pro
2387 1609 2498 1635 anno-

1423 1645 1478 1680 nis
1514 1645 1648 1681 solidos
1683 1646 1926 1691 septingentos
1968 1649 2004 1681 et
2038 1645 2114 1681 eius
2154 1645 2328 1681 assessori
2367 1644 2500 1681 solidos

1425 1690 1651 1735 septuaginta
1676 1690 1746 1726 duo
1779 1690 1969 1736 officioque
2001 1690 2077 1726 eius
2101 1689 2234 1726 solidos
2257 1699 2404 1726 numero
2428 1693 2500 1725 tre-

277 1733 344 1770 dos
374 1733 602 1790 septuaginta
630 1734 703 1789 duo
733 1738 793 1769 καὶ
823 1748 868 1789 τῃ
886 1747 932 1792 7⁴⁶
956 1735 1066 1788 αυτοῦ
1093 1734 1192 1790 τάξει
1223 1734 1356 1770 solidos
1426 1738 1548 1787 centos
1573 1735 1768 1789 sexaginta,
1793 1739 1830 1771 et
1853 1736 1975 1789 omnia
1994 1735 2127 1771 habere
2158 1744 2248 1787 quae
2271 1735 2395 1770 talium
2415 1744 2500 1787 pro-

278 1783 475 1823 sexagmta,
494 1791 641 1814 απαντοι
659 1792 698 1813 τε
717 1782 812 1822 ἔχειν
827 1792 946 1814 οποσα
963 1793 1041 1814 των
1059 1792 1236 1815 τοιουτων
1257 1782 1357 1814 ἐστὶν
1369 1782 1410 1814 35
1425 1790 1505 1824 pria
1541 1784 1625 1815 sunt
1660 1780 1811 1825 sedium3
1850 1785 1887 1816 et
1921 1780 2057 1825 pridem
2093 1782 2294 1816 nominatos
2329 1779 2501 1816 officiales

277 1822 355 1858 ἴδια
377 1821 542 1869 θρόνων.
588 1823 670 1858 τούς
692 1838 732 1858 τε
755 1823 885 1871 πρώην
915 1821 1199 1869 ὀνομαζομένους
1221 1822 1355 1866 rageni-

277 1880 343 1903 τας
365 1867 486 1904 πάντα
513 1870 582 1913 μὲν
603 1867 776 1914 πράττειν
807 1866 926 1904 ὁπόσα
958 1873 1018 1903 καὶ
1040 1872 1065 1903 ἔ
1087 1869 1263 1915 προσθεν,
1299 1872 1358 1903 καὶ

276 1912 434 1958 μάλιστα
457 1916 540 1960 περὶ
563 1912 630 1957 τὴν
650 1911 828 1958 δημοσίαν
844 1914 1027 1961 εἴςπραξιν
1046 1913 1282 1958 ησχολῆσθαι,
1306 1915 1354 1948 εἰς

279 1955 321 1994 δὲ
339 1957 406 2001 τὴν
425 1958 503 1993 τῶν
522 1960 746 2004 κομιτιανῶν
766 1963 1002 2006 προςηγορίαν
1015 1958 1245 2004 μεταβαλεῖν,
1266 1959 1354 1994 πάν·

1425 1825 1544 1877 omnia
1564 1825 1705 1877 quidem
1721 1835 1826 1870 agere
1848 1835 2091 1878 quaecumque
2109 1829 2146 1860 et
2165 1825 2274 1877 prius,
2295 1828 2331 1878 et
2343 1825 2502 1878 ‘maxime

1429 1880 1524 1904 circa
1547 1870 1726 1914 pubhcam
1750 1874 1974 1906 exactlonem
1996 1880 2141 1913 vacare,
2172 1881 2210 1905 m
2233 1872 2501 1906 comitianorum

1421 1924 1506 1950 vero
1529 1915 1803 1960 appellationem
1827 1917 1976 1958 mutari,
2010 1916 2172 1952 omnibus
2201 1914 2252 1951 eis
2279 1914 2333 1950 ita
2354 1924 2501 1951 servan-

276 2048 455 2091 ravimus,
486 2046 546 2084 oui
572 2046 728 2084 Aeacius
756 2047 924 2094 praefuit
953 2058 1013 2083 ma
1040 2047 1345 2093 nificentissimus,
1377 2058 1457 2084 cum
1487 2052 1525 2084 et
1555 2052 1596 2084 ut
1625 2047 1832 2095 spectabilis
1861 2048 1911 2084 sit
1937 2049 2175 2095 maqistratus
2203 2049 2439 2095 effecerimus
2467 2052 2504 2085 et

279 2093 402 2128 omnia
423 2092 457 2129 ei
479 2091 682 2129 dederimus
710 2104 805 2139 quae
819 2103 1010 2145 proconsu
1025 2098 1122 2128 atum
1146 2091 1277 2128 habere
1300 2104 1378 2145 par
1401 2097 1471 2129 est:
1505 2093 1603 2129 stola
1632 2093 1726 2130 enim
1753 2094 1984 2139 proconsulis
2009 2104 2089 2130 eum
2119 2093 2382 2130 decoravimus.
2397 2098 2433 2130 et
2462 2098 2504 2130 ut

280 2138 403 2190 omnia

305 2193 384 2218 rius

452 2149 521 2174 uae
543 2137 600 2173 lais
623 2142 851 2174 consectaria
873 2142 958 2173 sunt
986 2137 1116 2173 babeat
1139 2138 1398 2173 constituimus.
1451 2137 1502 2173 Et
1523 2138 1630 2174 urbes
1653 2138 1686 2173 ei
1708 2137 1870 2173 dedimus
1896 2138 2229 2185 Theodosiopolim,
2262 2149 2371 2184 quam
2395 2139 2502 2175 etiam

439 2182 584 2225 abebat,
615 2186 651 2218 et
673 2181 840 2219 Satalam
871 2186 907 2218 et
928 2181 1136 2229 Nicopolim
1165 2187 1201 2217 et
1226 2181 1411 2218 Coloniam
1442 2193 1493 2218 ex
1520 2183 1655 2234 priore·
1678 2193 1771 2229 quae
1802 2187 1910 2219 antea
1929 2184 2007 2228 fuit
2027 2184 2197 2219 Armenia
2221 2187 2504 2235 assumptam-et

330 2231 515 2275 apezunta
538 2232 574 2263 et
594 2227 793 2263 Cerasunta
815 2238 865 2263 ex
885 2226 1006 2262 Ponto
1030 2226 1094 2273 qui
1117 2230 1226 2262 antea
1250 2228 1447 2263 vocabatur
1465 2227 1735 2269 Polemomaco,
1767 2238 1891 2262 earum
1915 2228 1999 2263 aliis
2022 2240 2045 2263 a
2069 2228 2269 2264 clarissimo
2286 2239 2503 2275 provinciae

276 2271 459 2319 praeside,
482 2271 568 2307 aliis
591 2283 614 2307 a
636 2272 828 2319 spectabili
847 2271 1080 2308 moderatore
1102 2272 1295 2318 separatis,
1321 2276 1363 2307 ut
1381 2276 1516 2318 septem
1539 2271 1686 2308 urbibus
1709 2276 1745 2308 et
1767 2283 1861 2318 quae
1890 2273 1929 2307 in
1953 2273 2083 2309 vicinia
2107 2284 2231 2309 earum
2253 2277 2340 2309 sunt
2361 2274 2502 2310 univer-

277 2318 302 2354 1
346 2327 425 2352 sam
442 2317 673 2364 provinciam
697 2316 1078 2353 circumscriberemus.
1149 2315 1353 2352 Secundam
1376 2321 1495 2352 autem
1518 2317 1738 2352 instituimus
1760 2317 1978 2360 Armeniam,
2007 2328 2101 2363 quae
2123 2322 2231 2353 antea
2247 2318 2374 2364 prima
2398 2328 2503 2354 voca-

280 2362 399 2405 batur,
424 2362 527 2397 cuius
549 2365 662 2409 caput
683 2366 738 2398 est
760 2361 939 2404 Sebastia,
963 2361 1070 2397 urbes
1092 2361 1330 2397 attribuentes
1352 2362 1386 2398 ei
1409 2366 1445 2397 et
1467 2360 1868 2408 Sebastopolitanorum
1892 2373 2001 2408 quam
2024 2362 2131 2398 etiam
2146 2362 2258 2409 prius
2280 2361 2446 2405 babebat,
2468 2366 2504 2399 et

274 2411 472 2454 praeterea
497 2405 657 2442 Comana
686 2417 735 2443 ex
758 2405 878 2442 Ponto
910 2406 974 2452 qui
1004 2406 1088 2442 olim
1120 2405 1321 2442 vocabatur
1345 2405 1600 2442 Polemoniaco
1632 2411 1669 2442 et
1699 2406 1821 2442 Zelam
1851 2418 1901 2443 ex
1928 2406 2069 2442 Heleno
2098 2412 2184 2443 onto
2217 2411 2326 2459 atque
2357 2407 2503 2443 Brisam

280 2462 443 2499 quoque,
475 2452 527 2487 ita
557 2456 600 2488 ut
621 2452 781 2499 quinque
811 2451 960 2488 urbibus
989 2451 1079 2486 baec
1101 2451 1296 2498 provincia
1328 2455 1483 2494 constet,
1518 2457 1555 2487 et
1582 2455 1773 2499 potestate,
1806 2461 1900 2497 quae

277 2497 406 2578 {orma
434 2496 563 2533 relicta
595 2501 630 2533 et
648 2495 829 2550 praeside
860 2496 938 2532 eius
966 2496 1068 2532 nullo
1100 2496 1244 2532 nomine
1275 2496 1452 2543 ampliore
1482 2501 1626 2538 ornato,
1661 2496 1726 2532 sed
1756 2507 1798 2532 eo
1834 2507 1906 2548 quo

1955 2452 2052 2488 raesi
2077 2451 2147 2487 alis
2177 2457 2275 2494 erat,
2309 2462 2348 2487 m
2376 2452 2504 2499 priore

1963 2501 2047 2532 ante
2077 2496 2231 2533 babebat
2259 2496 2332 2544 ipsi
2363 2496 2502 2533 relicto.

350 2539 549 2578 Praeterea
572 2545 714 2578 tertiam
730 2542 937 2578 Armeniam
959 2541 1220 2584 constituimus,
1245 2551 1339 2587 quae
1359 2541 1465 2588 prius
1487 2541 1646 2577 secunda
1669 2545 1761 2583 erat,
1786 2552 1889 2577 cutus
1911 2546 2023 2588 caput
2043 2547 2099 2578 est
2112 2541 2281 2577 Melitene
2303 2541 2390 2578 urbs
2410 2542 2504 2578 anti-

280 2597 368 2639 qua,
390 2586 477 2622 urbs
499 2587 664 2634 insiqnis,
687 2587 725 2622 in
749 2586 841 2622 bono
864 2586 943 2622 solo
966 2591 1003 2623 et
1025 2590 1108 2622 aere
1131 2586 1203 2622 sita
1233 2596 1299 2621 nec
1319 2586 1454 2633 procul
1475 2586 1615 2621 distans
1638 2585 1683 2621 ab
1708 2585 1898 2632 Euphrate
1917 2587 2039 2633 fluvio.
2089 2586 2196 2622 Hane
2219 2586 2504 2622 existimavimus

281 2643 321 2667 m
337 2633 552 2678 praesentia
583 2631 787 2679 augendam
816 2636 852 2667 et
881 2631 932 2667 ad
960 2630 1209 2678 spectabilium
1238 2631 1401 2677 formam
1432 2630 1723 2677 transferendam
1753 2641 1841 2674 esse,
1870 2631 2016 2677 eiusque
2035 2631 2238 2677 praesidem
2262 2630 2503 2666 lastinianum

281 2677 445 2713 comitem
464 2676 736 2720 nominandum,
759 2675 971 2723 dandosque
992 2677 1064 2728 ipsi
1080 2687 1150 2722 pro
1170 2676 1326 2711 annonis
1344 2675 1481 2711 solidos
1497 2676 1746 2722 septinqentos
1766 2682 1802 2711 et
1820 2676 1997 2711 assessori
2019 2676 2096 2711 eius
2114 2675 2252 2711 solidos
2269 2676 2504 2722 septuaginta

281 2721 375 2757 duos
397 2726 433 2758 et
456 2721 583 2767 officio
614 2722 692 2757 eius
713 2720 851 2757 solidos
873 2725 1086 2767 scenomata,
1117 2720 1270 2767 denique
1295 2721 1417 2756 omnia
1447 2721 1484 2756 ei
1505 2720 1694 2756 tribuenda
1717 2730 1962 2766 quaecumque
1983 2719 2159 2756 eiusmodi
2187 2719 2325 2756 sedium
2341 2720 2504 2767 propria

281 2769 377 2819 sunt.
423 2767 542 2847 Atque
566 2765 790 2813 officialibus
812 2767 875 2813 qui
899 2766 984 2802 olim
1008 2765 1232 2803 vocabantur
1251 2766 1372 2801 omnia
1396 2765 1540 2812 quidem
1563 2764 1706 2811 aqenda
1728 2776 1805 2801 esse
1828 2776 1922 2811 quae
1941 2765 2049 2801 etiam
2066 2769 2185 2808 antea,
2209 2769 2245 2801 et
2264 2766 2422 2801 maxime
2441 2776 2504 2801 eos

282 2821 382 2848 circa
398 2810 474 2858 pub

327 2903 349 2937 2
372 2900 634 2946 σπεκταβιλίαν
655 2914 696 2936 τε
720 2903 778 2944 M]
802 2896 1046 2948 περίβλεπτόν
1067 2913 1108 2935 τε
1130 2901 1201 2935 LB
1253 2903 1274 2935 4
1299 2897 1358 2933 αὖ·

282 2945 350 2982 τὸν
362 2948 394 2981 L
411 2947 425 2991 fl
441 2949 461 2982 5
483 2944 751 2982 ἇνθυπάτου-
770 2949 790 2982 6
807 2944 1083 2991 διετυπώσαμεν
1103 2946 1204 2980 om.L
1251 2948 1270 2981 8
1291 2957 1358 2978 κω-

283 2990 440 3027 Musaue
462 2993 495 3026 L
518 2990 699 3026 κολώνιαν
724 2993 844 3026 ΤΙιεοᾰ.
900 2994 920 3026 9
943 2993 1004 3025 καὶ
1028 3005 1085 3026 om.
1102 2991 1164 3036 Lss
1195 2993 1231 3025 10
1255 2988 1359 3026 πολε-

282 3037 443 3083 μωνικοῦ
467 3037 519 3072 13⁶
543 3038 555 3081 1
590 3039 625 3071 11
652 3033 763 3071 αὐτὸν
786 3038 838 3071 B⁶
905 3039 944 3071 13
968 3034 1255 3081 περιστείλαντες
1278 3036 1314 3069 Β
1348 3034 1361 3080 ΙΙ

287 3085 329 3118 14
341 3079 472 3125 ὁπόσα]
485 3082 724 3125 quodammodo
736 3094 756 3119 ς
766 3082 777 3125 li
796 3084 835 3117 16
849 3080 1002 3127 πρώτην
1012 3082 1218 3123 Haloander]
1231 3076 1360 3128 πρώην

285 3128 397 3162 MLB
423 3129 563 3161 Prusam
584 3139 604 3164 ς
630 3127 642 3172 ΙΙ
666 3123 906 3171 *Σεβάστεια,
930 3124 1061 3167 πόλεις]
1085 3124 1276 3170 σεβάστεια
1297 3122 1360 3159 πό-

285 3171 338 3208 λις
361 3172 472 3207 MLB
495 3172 721 3215 sebastiopolis
742 3184 762 3209 ς
779 3172 791 3216 ΙΙ
813 3174 849 3206 17
873 3172 951 3205 τῶν
973 3184 1029 3205 om.
1044 3171 1111 3205 BL
1129 3171 1142 3215 [Ι
1161 3172 1200 3206 18
1221 3167 1360 3214 κομανά

284 3230 324 3252 τε
345 3219 393 3259 L,
418 3214 570 3262 κῶμανά
589 3230 628 3251 τε
649 3218 692 3251 Μ
720 3214 882 3260 κόμανάν
901 3229 941 3250 τε
960 3216 1155 3257 Β(Τ1ιεοά.)
1182 3216 1194 3259 ΙΙ
1228 3218 1267 3250 19
1293 3215 1360 3257 Ζῆ·

286 3261 354 3298 λαν
379 3264 414 3297 Β
437 3262 450 3307 11
472 3264 514 3297 20
538 3264 690 3309 Βρίσαν]
724 3263 898 3306 βόρισσαν
926 3262 1043 3295 Theod.
1077 3262 1210 3294 Bersam
1234 3272 1254 3298 ς
1277 3263 1360 3301 (Βη-

309 3311 402 3350 ίσση,
425 3310 589 3354 Βιρίσση,
613 3305 771 3353 Βιρήσση
797 3308 890 3341 audit
905 3308 937 3341 in
951 3307 1085 3340 Nolitiis
1098 3310 1196 3340 metro
1222 3330 1230 3339 .
1244 3307 1360 3347 3‚170.

286 3321 319 3395 g,
338 3355 415 3388 285.
440 3354 461 3388 9
496 3354 560 3388 194
583 3353 741 3405 Parthep)
779 3351 792 3395 ΙΙ
820 3354 863 3386 24
890 3348 1002 3395 αὐτῷ]
1029 3347 1118 3384 αὐτὸ
1141 3351 1174 3384 L
1242 3353 1283 3385 25
1310 3351 1360 3390 τε]

286 3401 399 3432 autem
422 3377 474 3442 :fl
496 3399 539 3432 26
561 3394 724 3441 μιλιτινη
749 3396 1052 3437 Rumonem.)
1071 3396 1083 3439 n
1112 3397 1152 3430 27
1178 3395 1359 3438 salomam]

286 3444 461 3476 mediocris
484 3443 531 3486 ςΙΙ
550 3445 593 3478 30
616 3439 887 3485 σπσκταβιλίων
908 3442 965 3483 Μ]
990 3438 1245 3487 περιβλέπτων
1258 3441 1326 3473 LB
1348 3440 1361 3483 11

289 3488 329 3521 31
350 3485 460 3531 ἄρχον
474 3484 607 3530 ταύτης
621 3488 653 3521 L
677 3486 691 3532 Ι
715 3488 758 3521 33
778 3486 901 3519 solidos
918 3486 1144 3529 septingentos
1160 3484 1361 3527 (solidasset-

287 3531 468 3573 tingentioe
482 3533 526 3566 M
544 3529 688 3566 σολιδας
707 3533 939 3578 σοπτιγέντος
954 3532 997 3572 L)
1013 3531 1107 3568 MLe
1127 3529 1217 3573 Iul.)]
1239 3532 1361 3575 νομίσ-

287 3587 386 3619 ματα
397 3574 428 3609 τ’
440 3577 641 3618 ΒΤΙιοοά.,ε.
649 3590 678 3611 v.
687 3577 759 3611 ML
770 3576 782 3620 ΙΙ
794 3573 906 3623 προέδ
929 3588 958 3619 ῳ
971 3572 1112 3618 Β(σόνε
1136 3576 1339 3621 ροςΤΙιοοᾰ.)
1351 3575 1362 3619 Η

285 3619 409 3652 :olido-
421 3622 631 3674 septuaginta
646 3622 865 3663 (sertuagintu
875 3588 931 3659 Me)
949 3621 1014 3653 duo
1030 3621 1201 3673 Malum]
1219 3617 1363 3654 σολίδας

288 3674 532 3753 1‘2'325‘32
554 3662 676 3743 :³534ss
698 3666 1360 3754 „232252‘3'3123'32ff'032235222't1

1393 3737 1396 3743 .
1429 3712 1471 3745 36
1496 3710 1734 3752 quaecumque]
1759 3708 1818 3751 qui

490 2812 582 2848 icam
600 2812 828 2847 exactionem
849 2811 1091 2858 occupandos,
1111 2811 1149 2846 in
1166 2811 1443 2846 comitianorum
1458 2821 1542 2847 vero
1558 2809 1839 2857 appellationem
1857 2821 1934 2846 esse
1949 2809 2155 2852 mutandos,
2176 2809 2339 2846 omnibus
2352 2810 2405 2846 eis
2417 2821 2503 2857 per-

1425 2911 1525 2954 ματα
1547 2914 1573 2933 s.
1599 2904 1641 2941 υ.)
1677 2903 1868 2946 τρακέντος
1896 2900 2089 2946 σεξαγιιιτα
2113 2901 2144 2934 L
2158 2902 2204 2942 (ς)
2237 2903 2346 2944 νομίσ
2372 2912 2443 2934 ατα
2466 2898 2502 2940 ξ’

1426 2944 1617 3034 ἴξηῖἒῖἷῖῖ
1637 2946 1686 3024 ξι)
1712 2946 1844 2988 Mau,
1868 2946 1904 2979 B
1921 2946 2068 2989 Tkeod.ss
2094 2947 2135 2980 35
2159 2957 2199 2979 ‘n
2223 2957 2280 2979 om.
2295 2945 2327 2979 L
2382 2946 2424 2979 39
2447 2956 2503 2978 κο-

1474 3083 1493 3115 3
1519 3081 1549 3113 ei
1573 3093 1631 3114 om.
1650 3080 1735 3124 VTu
1754 3081 1775 3114 4
1797 3078 1916 3113 stolam
1942 3078 2043 3124 libr-in
2062 3081 2145 3121 eam]
2170 3079 2258 3113 enim
2278 3079 2314 3113 V
2330 3089 2405 3112 eum
2417 3080 2505 3115 Neo·

1430 3128 1519 3169 bury.
1537 3124 1550 3169 fl
1569 3127 1586 3159 ‘1
1614 3125 1768 3158 habuerit
1796 3124 1885 3168 VTfl
1899 3124 2034 3158 natalem
2065 3125 2121 3167 Vn
2137 3126 2157 3158 8
2182 3125 2400 3168 thrapezeunt
2418 3135 2503 3167 aque

1438 3171 1489 3204 V‘*
1513 3171 1797 3214 thrapezuutaque
1826 3166 1871 3202 V·
1900 3169 1913 3211 ΙΙ
1939 3171 1959 3204 9
1985 3170 2196 3203 cerassintem
2229 3169 2294 3214 Vfl
2317 3168 2502 3212 polemonis

1429 3218 1683 3259 conuncupatur
1703 3216 1737 3250 V
1774 3213 1936 3248 olemonia
1950 3225 1988 3247 eo
2001 3217 2215 3258 nuncupatur
2230 3215 2284 3259 TE
2305 3215 2346 3248 10
2353 3226 2402 3258 sq.
2420 3213 2503 3247 alias

1430 3279 1471 3284 —
1497 3260 1608 3294 iudice
1630 3274 1689 3294 om.
1712 3260 1746 3294 V
1789 3261 1827 3293 12
1851 3260 1958 3292 totum
1980 3260 2035 3303 Vn
2056 3262 2095 3293 13
2121 3258 2374 3301 quodammodo]
2396 3258 2500 3300 quod-

1429 3315 1561 3347 cunque
1584 3307 1669 3349 vulq.
1687 3304 1700 3349 Ι]
1720 3306 1762 3339 15
1785 3304 1965 3339 secundum
1986 3304 2020 3338 V
2036 3304 2183 3338 secunda
2206 3304 2260 3345 Tu
2281 3305 2322 3338 16
2343 3303 2501 3336 neuntio-

1429 3350 1515 3393 polis
1537 3350 1565 3383 V
1579 3349 1598 3428 Ε
1614 3353 1650 3384 17
1677 3348 1979 3393 sabatiopolitarum
2001 3350 2035 3383 V
2050 3348 2397 3393 sebstiopolitauorum
2413 3347 2501 3382 Neo-

1431 3397 1521 3439 bury.
1543 3406 1576 3428 se
1600 3394 1850 3438 estopolitorum
1866 3393 1919 3438 Tfl
1943 3396 1981 3428 18
2001 3394 2189 3437 polemonia
2204 3394 2370 3434 acupentu
2390 3391 2474 3425 Vol.

1432 3442 1470 3473 19
1485 3451 1589 3473 zesam
1605 3442 1637 3474 T
1651 3442 1663 3484 Ι
1679 3440 1877 3482 elenoponto
1897 3441 1925 3471 V
1939 3438 1951 3483 ΙΙ
1969 3440 2011 3473 22
2025 3439 2120 3472 nuno
2132 3438 2232 3482 cuiq]
2246 3435 2377 3469 nullum
2399 3436 2477 3470 Vol.

1431 3486 1473 3518 23
1497 3485 1637 3527 potioris
1661 3486 1738 3519 libri
1757 3484 1771 3529 fl
1793 3484 1894 3527 quod]
1919 3484 1979 3526 qui
1999 3484 2052 3527 Vss
2077 3481 2229 3516 habuerit
2254 3479 2308 3558 VJ
2333 3481 2375 3532 25¹
2399 3479 2501 3514 relin-

1429 3531 1562 3571 quentis
1593 3529 1647 3575 Vl}
1678 3531 1721 3565 26
1744 3533 1778 3563 et
1800 3543 1858 3563 om.
1874 3530 1960 3573 vul9.
1986 3527 1999 3572 fl
2020 3526 2175 3561 meletine
2194 3524 2276 3577 Vm
2310 3535 2402 3558 emne
2428 3526 2461 3559 T
2490 3526 2502 3569 Ι]

1429 3575 1545 3607 civitas
1569 3576 1708 3617 antiqua
1731 3588 1789 3608 om.
1813 3573 1870 3619 Vfl
1886 3575 1927 3608 27
1941 3571 2126 3612 mediocris]
2149 3570 2291 3611 inagna
2306 3570 2404 3648 vulg,
2433 3581 2501 3603 non

1428 3620 1602 3653 mediocris
1629 3622 1797 3664 Osenbra'lq
1821 3631 1859 3653 en
1884 3617 1898 3663 Ι
1923 3621 2043 3651 terram
2075 3616 2107 3649 V
2164 3615 2251 3655 aete]
2275 3624 2329 3647 ere
2403 3625 2502 3657 agere

1431 3665 1463 3698 T
1479 3664 1491 3708 ΙΙ
1523 3667 1564 3699 28
1590 3665 1716 3698 eufrate
1737 3664 1780 3698 V'
1819 3663 1841 3742 a
1861 3664 1903 3697 3⁰
1913 3664 2053 3751 m
2071 3660 2211 3739 {glai-3:
2221 3658 2372 3738 Pnomine
2392 3660 2470 3694 libri
2488 3662 2501 3703 Ι

1841 3717 1892 3741 em
