2618 4010
285 138 393 183 Nov.
413 138 638 183 LXXXIX
669 142 706 181 1.
738 140 764 181 2
1091 118 1094 120 V
1354 134 1440 184 430
1724 124 1726 127 ’
1892 152 2054 192 Qumus
2081 149 2215 185 noms
2243 150 2509 194 narrummis

283 248 388 293 ἡνίκα
411 248 458 283 τὰ
483 251 565 293 περὶ
595 249 657 291 τῆς
679 251 907 295 τεκνογονίας
939 249 1152 294 ἐνομοθέτει
1182 250 1260 284 τῶν
1281 263 1367 297 γρα-
1436 248 1576 294 quidem
1600 248 1645 284 ab
1667 249 1782 294 initio,
1806 251 1891 287 dum
1907 251 1958 288 ‚de
1981 252 2133 288 filiorum
2156 251 2404 297 procreatione
2424 261 2507 288 san-

284 294 389 329 πτιῦν
420 292 524 328 οὔπω
559 295 736 336 κειμένων
764 292 902 338 νόμων,
938 290 1105 329 ἅπαντας
1134 290 1268 339 ὁμοίως
1299 297 1367 338 μὲν
1437 293 1526 329 ciret
1549 294 1692 339 scriptis
1717 296 1873 332 nondum
1894 297 2020 342 positis
2035 298 2184 342 legibus,
2209 297 2331 333 omnes
2347 296 2508 333 similiter

284 337 491 382 ἐλευθέρους
514 335 649 382 ὁμοίως
673 335 714 372 δὲ
728 335 881 385 εὐγενεῖς
905 338 1096 385 προήγαγε.
1143 342 1217 374 τοῖς
1234 339 1302 386 γὰρ
1322 338 1367 383 δὴ
1437 338 1575 382 quidem
1610 339 1741 375 liberos
1775 340 1936 377 similiter
1969 345 2087 378 autem
2121 343 2290 388 produxit
2323 342 2505 388 ingenuos.

284 383 439 428 πρώτοις
458 383 628 429 γονεῦσιν
651 382 689 417 οἱ
711 385 851 429 πρῶτοι
875 382 1000 419 παῖδες
1024 381 1158 428 ὁμοίως
1181 386 1248 428 μὲν
1271 382 1366 419 ἐλεύ-
1436 383 1563 418 Primis
1594 393 1747 437 namque
1776 386 1986 430 parentibus
2018 388 2122 433 primi
2151 388 2215 423 filii
2246 387 2407 423 similiter
2429 388 2508 433 qui-

283 428 389 472 θεροι
420 423 553 472 ὁμοίως
582 425 623 461 δὲ
673 425 794 472 νήσιοι
823 429 923 474 παρὰ
953 430 1015 472 τῆς
1046 427 1274 476 δημιουργίας
1297 431 1367 476 ἐγί,
1404 432 1423 463 5
1437 428 1516 463 (18111
1538 428 1642 464 liberi
1665 429 1824 466 similiter
1843 434 1961 467 autem
1976 432 2122 476 legitimi
2139 443 2162 468 a
2182 436 2347 469 creatura
2361 433 2506 469 fiebant.

283 485 401 508 νοντο.
449 470 600 517 πόλεμοι
657 474 674 506 ὲ
704 476 765 508 καὶ
794 472 908 518 μάχαι
944 477 1004 507 καὶ
1035 471 1165 517 ἡδοναὶ
1199 477 1260 508 καὶ
1290 476 1367 509 ἐπι-
1437 473 1537 508 Bella
1559 484 1641 515 vero
1665 478 1701 509 et
1723 474 1802 510 lites
1826 479 1933 520 atque
1954 476 2116 515 libidines
2140 480 2176 515 et
2199 478 2510 523 concupiscentiae

284 518 418 562 θυμίαι
440 518 483 552 τὸ
509 519 659 564 πρᾶγμα
682 517 887 565 κατήγαγον
908 519 956 553 εἰς
980 516 1214 566 ἀλλοιότερον
1236 521 1363 564 σχῆμα.
1435 528 1580 554 causam
1611 519 1853 564 deposuerunt
1888 521 1935 556 ad
1968 521 2066 558 aliud
2097 522 2251 559 schema.
2299 524 2509 559 Sex-vitutem

285 560 449 597 δουλείαν
478 564 545 608 μὲν
575 563 645 609 γὰρ
677 563 797 609 ἐξεῦρε
829 561 1000 609 πόλεμος,
1037 564 1193 599 νοθείαν
1225 562 1265 598 δὲ
1296 577 1363 599 σω·
1435 573 1589 609 namque
1616 565 1750 600 invenit
1784 565 1934 609 bellum,
1968 568 2148 604 naturales
2179 573 2297 604 autem
2333 568 2509 604 castitatis

285 607 463 661 φροσύνης
493 609 689 650 εὸιπτωσις,
725 606 746 642 ὁ
779 606 889 653 νόμος
919 622 959 643 τε
991 603 1101 644 αὖθις
1136 609 1183 644 τὰ
1214 610 1366 643 τοιαῦτα
1438 618 1562 653 casus;
1596 609 1654 645 lex
1683 612 1803 645 autem
1832 621 1958 646 rursus
1989 611 2189 648 huiusmodi
2219 614 2349 650 delicta
2379 623 2508 649 curans

285 666 362 687 των
391 649 665 700 ἁμαρτημάτων
697 652 847 698 ἰώμενος
878 653 1090 699 ἐλευθερίαν
1119 668 1159 689 τε
1190 658 1263 689 τοῖς
1287 653 1364 689 ὃου-
1383 657 1423 690 10
1435 654 1636 690 libertatem
1661 655 1771 691 servis
1790 656 1912 691 molita
1935 659 1990 691 est
2013 660 2049 691 et
2066 658 2217 693 multum
2236 659 2280 694 de
2295 659 2351 694 his
2374 661 2508 694 tracta-

284 695 447 733 λεὺουσιν
483 696 733 743 ἐμηχανήσατο
773 701 833 733 καὶ
870 698 986 734 πολλά
1027 713 1068 746 γε
1103 703 1184 745 περὶ
1222 700 1367 734 τούτων
1435 699 1485 734 vit
1507 700 1631 735 modos
1654 700 1885 736 introducens
1910 700 2001 736 dena
2019 702 2133 746 miliar,
2157 703 2406 749 imperatoriae
2425 713 2508 739 vero

285 745 378 791 ἐπρα
400 742 608 789 ματεύσατο
636 745 791 789 τρόπους
814 742 1055 791 εἰςηγούμενος
1077 750 1235 790 μυρίους·
1270 745 1309 779 αἱ
1328 743 1368 779 δὲ
1437 745 1709 781 constitutiones
1740 750 1958 791 aperuerunt
1988 747 2043 782 his
2098 757 2166 783 uae
2195 759 2268 784 non
2290 753 2387 784 recte
2410 749 2509 784 facta

284 757 470 834 βασιλικαὶ
501 787 678 830 διατάξεις
708 786 875 833 ἀνέῳξαν
910 793 982 824 τοῖς
1013 787 1078 824 οὐκ
1110 788 1235 836 ὀρθῶς
1269 803 1366 837 γινο-
1436 793 1521 825 sunt
1553 790 1598 825 ad
1629 790 1686 826 ius
1717 791 1910 835 legitimum
1939 792 2023 827 vias.
2072 758 2174 837 &uod
2203 804 2275 830 non
2304 795 2510 830 transitorie

283 836 403 879 μένοις
425 834 490 869 τὰς
521 836 581 869 ἐπὶ
611 835 653 869 τὸ
676 835 824 881 γνήσιον
847 833 961 869 ὁδούς.
1010 831 1101 882 ὅπερ
1122 832 1163 870 οὐ
1180 839 1367 882 παρέργως
1436 845 1551 880 neque
1582 846 1647 871 nos
1679 837 1874 878 sancimus,
1909 847 2024 882 neque
2060 838 2238 873 subiectos
2274 838 2367 875 hanc
2397 840 2509 884 legem

286 876 369 913 οὐδὲ
391 877 488 934 ἡμεῖς
511 879 801 925 νομοθετοῦμεν,
833 877 917 914 οὐδὲ
948 880 1028 915 τοὺς
1052 878 1229 923 ὑπηκόους
1259 879 1367 915 τοῦδε
1382 883 1422 916 15
1435 881 1662 925 neglegenter
1687 882 1811 917 audire
1834 882 2083 927 praecipimus

285 925 350 958 τοῦ
374 938 489 969 νομου
513 924 815 970 παρημελημένως
837 925 1051 960 κατακούειν
1075 925 1298 970 βουλόμεθα.

363 970 512 1013 Γνήσιοι
534 972 603 1014 μὲν
633 964 698 1004 οὖν
722 970 869 1016 προΐασι
899 969 1060 1014 διάδοχοι
1089 969 1304 1016 ἀνθρώποις
1327 972 1366 1013 ἐξ
1434 973 1456 1008 1
1502 970 1666 1015 Legitimi
1690 971 1862 1015 siquidem
1883 982 2109 1007 successores
2138 972 2338 1017 procedunt
2359 973 2508 1011 homini-

286 1027 341 1049 ων
363 1014 647 1050 συναλλάττουσι
670 1014 799 1062 γάμων
831 1013 854 1058 ἢ
882 1016 973 1060 μετὰ
1006 1016 1202 1062 προικῴων
1233 1021 1364 1062 συμβο-
1436 1017 1503 1051 bus
1534 1027 1577 1051 ex
1609 1016 1742 1060 nuptiis
1774 1026 1863 1062 quas
1889 1017 2105 1052 contrahunt
2134 1021 2198 1052 aut
2229 1028 2309 1053 cum
2331 1018 2510 1055 dotalibus

285 1059 401 1096 λαίωυ
434 1058 457 1104 ἢ
487 1060 714 1095 καὶτούτων
744 1064 867 1107 χωρίς,
900 1057 997 1096 οὕτω
1021 1061 1109 1109 πρὸς
1133 1062 1195 1096 τὰς
1217 1062 1367 1106 θηλείας
1434 1062 1678 1097 instrumentis
1709 1065 1773 1096 aut
1802 1062 1907 1097 etiam
1938 1062 2073 1107 absque
2104 1063 2176 1106 his,
2206 1063 2257 1098 sic
2287 1064 2333 1099 ad
2360 1063 2511 1101 feminas

284 1106 363 1140 τῶν
385 1102 549 1152 ἀρρένων
572 1106 786 1147 συνιόντων,
819 1102 907 1140 ὥςτε
940 1107 979 1147 ἐξ
1009 1105 1117 1153 ἀρχῆς
1152 1109 1246 1150 ἔχειν
1276 1109 1367 1153 πρὸς
1380 1108 1421 1141 20
1435 1106 1602 1141 masculis
1628 1106 1928 1151 convenientibus,
1951 1111 1991 1142 ut
2015 1108 2060 1143 ab
2084 1108 2185 1144 initio
2207 1108 2365 1144 habeant
2383 1109 2430 1144 ad
2450 1119 2511 1146 eas

286 1148 396 1186 αὐτὰς
425 1151 555 1198 γάμων
584 1155 747 1198 γνησίων
775 1149 954 1186 διάθεσιν.
1002 1156 1062 1186 καὶ
1082 1154 1190 1187 τοῦτο
1213 1153 1282 1200 γὰρ
1307 1165 1366 1186 συ-
1435 1152 1641 1197 nuptiarum
1672 1152 1907 1196 legitimarum
1937 1153 2115 1189 affectum.
2161 1153 2210 1188 Et
2243 1153 2314 1189 hoc
2349 1154 2441 1190 enim
2474 1154 2512 1190 in

285 1196 579 1243 κοφαντούμενον
608 1194 707 1241 ἡμεῖς
737 1194 893 1242 ὁρῶντες
924 1196 1027 1242 νόμῳ
1060 1196 1298 1243 διεκρίναμεν,
1329 1201 1369 1232 τί
1436 1197 1614 1232 calumnia
1637 1198 1794 1242 positum
1823 1208 1889 1234 nos
1913 1198 2145 1244 respicientes
2172 1199 2249 1244 lege
2272 1199 2511 1243 discrevimus,

285 1243 352 1286 μὲν
375 1243 436 1277 ἐπὶ
459 1243 536 1276 τῶν
559 1239 632 1277 ὑπὸ
656 1243 719 1285 τῆς
742 1241 847 1285 τύχης
870 1243 918 1276 εἰς
941 1241 1043 1284 ἀξίας
1067 1240 1244 1291 ἦρμένων,
1268 1247 1306 1277 τί
1329 1241 1368 1277 δὲ
1435 1243 1519 1287 quid
1548 1243 1585 1278 in
1614 1242 1670 1278 his
1703 1243 1845 1286 quidem
1876 1244 1937 1289 qui
1966 1245 2132 1279 fortunae
2163 1244 2332 1288 dignitate
2351 1245 2511 1290 provecti

287 1289 347 1322 ἐπὶ
375 1288 437 1331 τῆς
468 1290 575 1330 μέσης
604 1285 645 1321 δὲ
671 1286 803 1330 ταύτης
833 1288 911 1321 τῶν
935 1285 1155 1335 ἀνθρώπων
1185 1288 1365 1323 καταστά-
1436 1291 1535 1331 sunt,
1568 1288 1652 1332 quid
1682 1292 1803 1323 autem
1834 1289 1871 1323 in
1902 1289 2070 1324 mediocri
2099 1289 2176 1324 hoc·
2201 1290 2380 1325 hominum
2413 1294 2510 1326 statu

286 1343 377 1367 σεως
400 1332 633 1379 πράττεσθαι
653 1330 708 1367 δεῖ
722 1332 809 1378 πρὸς
832 1329 1025 1374 ἀπόδειξιν
1047 1333 1178 1379 γάμων
1191 1338 1365 1387 γνησίων,
1379 1335 1421 1368 25
1435 1333 1611 1377 agendum
1633 1334 1679 1369 sit
1699 1334 1746 1370 ad
1762 1334 2097 1370 demonstrationem
2116 1334 2351 1379 legitimarum
2369 1346 2417 1371 nu
2444 1336 2511 1371 tia-

286 1381 325 1412 τί
354 1375 394 1411 δὲ
427 1379 480 1421 τῷ
517 1376 632 1421 λοιπῷ
669 1374 936 1424 συγκεχώρηται
971 1377 1117 1422 πλήθει.
1166 1377 1254 1413 ὡςτε
1289 1381 1366 1413 τῶν
1435 1390 1525 1422 rum,
1550 1378 1634 1424 quid
1657 1388 1740 1414 vero
1764 1379 1931 1424 deinceps
1954 1379 2163 1425 permissum
2187 1382 2243 1415 est
2265 1380 2370 1426 plebi.
2416 1347 2511 1425 ὅου.-

285 1424 341 1466 <ἐκ
358 1422 452 1468 τῶν)
473 1421 604 1470 γάμων
627 1422 770 1458 τούτων
793 1422 1002 1468 προϊόντων
1025 1421 1190 1458 αὐτόθεν
1213 1426 1305 1458 εἰσὶν
1328 1423 1367 1458 αἱ
1435 1428 1582 1469 propter
1605 1424 1740 1468 nuptiis
1764 1424 2039 1469 procedentibus
2063 1435 2107 1459 ex
2130 1425 2199 1460 hoc
2223 1425 2302 1470 ipso
2323 1430 2408 1461 sunt
2430 1437 2511 1462 suc-

287 1467 452 1511 διαδοχαὶ
476 1466 670 1524 πρόδηλοι,
693 1471 754 1502 καὶ
769 1468 854 1514 εἴγε
878 1470 917 1502 ἐν
934 1472 1006 1503 τοῖς
1028 1473 1186 1524 γνησίοις
1210 1467 1366 1515 ἀριθμη-
1436 1470 1615 1505 cessiones
1640 1473 1768 1513 certae,
1793 1474 1830 1505 et
1846 1470 1876 1505 si
1891 1470 1985 1506 inter
2007 1470 2179 1514 legitimos
2201 1474 2512 1514 connumerentur,

286 1514 401 1557 θεῖεν,
433 1510 545 1548 εὐθυς
575 1511 595 1547 ὁ
627 1512 737 1558 νόμος
761 1511 948 1559 ὑφηγεῖται
978 1525 1060 1548 τους
1083 1516 1161 1549 τῶν
1186 1512 1366 1557 διαδοχῶν
1434 1525 1517 1549 mox
1545 1514 1603 1550 lex
1631 1515 1828 1551 introducit
1859 1515 2125 1551 successionum
2149 1515 2289 1559 modos,
2321 1516 2513 1560 plurimum

286 1558 442 1605 τρόπους
472 1558 588 1593 πολλὰ
621 1562 703 1605 περὶ
732 1561 873 1593 τούτων
903 1559 1274 1606 πραγματευσάμενος.
1321 1567 1361 1594 το·
1378 1562 1421 1594 30
1435 1560 1479 1595 de
1502 1560 1558 1595 his
1582 1564 1754 1595 tractans.
1801 1560 2014 1605 Legitimum
2038 1561 2211 1606 siquidem
2229 1562 2284 1597 ius
2309 1561 2362 1597 sic
2385 1572 2423 1598 se
2446 1562 2511 1598 ha-

285 1607 354 1649 μὲν
369 1599 435 1638 οὖν
449 1603 600 1651 γνήσιον
623 1601 720 1639 οὕτω
744 1615 822 1639 πως
845 1605 933 1647 ἔχει,
964 1605 1007 1638 τὸ
1041 1603 1081 1638 δὲ
1109 1605 1158 1650 μὴ
1189 1606 1365 1647 τοιοῦτον,
1435 1606 1513 1650 bet3
1538 1605 1632 1650 quod
1656 1616 1737 1641 vero
1762 1617 1834 1641 non
1858 1610 1912 1641 est
1931 1606 2152 1649 huiusmodi,
2177 1607 2240 1642 sed
2263 1606 2412 1642 liberum
2435 1608 2511 1653 qui-

287 1646 370 1684 οἷλλ’
404 1649 597 1694 ἐλεύθερον
629 1651 696 1694 μὲν
730 1647 793 1684 οὐκ
828 1650 867 1683 ἐκ
903 1653 1069 1694 νομίμων
1106 1649 1146 1685 δὲ
1180 1650 1366 1696 προελθὸν
1435 1650 1514 1686 dem
1537 1661 1610 1686 non
1632 1654 1750 1686 tamen
1783 1661 1828 1686 ex
1851 1651 1988 1696 nuptiis
2012 1652 2210 1696 procedens
2235 1652 2417 1696 legitimis,
2448 1655 2513 1688 aut

286 1694 424 1742 γάμων,
454 1693 478 1738 ἢ
509 1697 568 1729 καὶ
599 1696 639 1729 ἐν
671 1692 812 1737 δουλείᾳ
842 1695 986 1737 τεχθέν,
1016 1696 1047 1729 εἰ
1071 1694 1276 1741 ἐλευθερίας
1298 1698 1366 1740 μὲν
1435 1697 1540 1731 etiam
1563 1696 1600 1731 in
1624 1697 1795 1732 servitute
1817 1700 1957 1739 natum,
1991 1697 2023 1731 si
2045 1697 2245 1732 libertatem
2275 1697 2415 1742 quidem
2438 1709 2511 1734 me-

288 1738 466 1784 ἆξιωθείη
499 1744 631 1785 μείνειε
666 1738 706 1774 δὲ
737 1737 884 1791 νόθον,χ
902 1742 1012 1774 τοῦτο
1047 1740 1178 1786 τρόποι
1211 1741 1366 1776 ποικίλοι
1435 1742 1565 1784 ruerit,
1598 1742 1768 1777 manserit
1791 1747 1909 1778 autem
1932 1742 2114 1785 naturale,
2145 1742 2215 1777 hoc
2238 1742 2333 1778 modi
2356 1743 2443 1778 varii
2466 1743 2512 1779 ad

288 1785 378 1830 πρὸς
397 1784 617 1832 γνησιότητα
638 1788 816 1838 φέρουσιν,
839 1779 901 1819 οὖς
919 1783 1251 1831 διαριθμησόμενοι
1268 1783 1366 1820 οὕτω
1380 1789 1423 1822 35
1434 1786 1491 1821 ius
1521 1786 1714 1830 legitimum
1744 1787 1883 1831 ferunt,
1919 1797 2009 1831 quos
2041 1791 2289 1823 enumerantes
2320 1787 2372 1823 sic
2405 1788 2511 1824 etiam

288 1833 349 1865 καὶ
378 1831 421 1865 τὰ
446 1830 557 1865 λοιπα
580 1831 883 1875 νομοθετησομεν.
1434 1831 1572 1877 reliqua
1595 1832 1784 1868 sancimus.

1283 1920 1439 1956 CAPUT
1461 1921 1507 1957 11.

298 2019 307 2030 ε
333 1977 483 2023 Πρῶτος
496 1978 564 2020 μὲν
579 1969 644 2010 οὖν
659 1975 794 2020 τρόπος
818 1976 938 2011 αὐτοῖς
955 1969 1190 2031 ygnacii-custos
1209 1973 1366 2031 ὑπῆρχεν
1492 1977 1634 2012 Primus
1666 1978 1786 2022 itaque
1816 1976 1943 2012 modus
1975 1976 2026 2012 eis
2058 1977 2203 2022 legitimi
2236 1979 2323 2014 iuris
2354 1980 2511 2017 existens

288 2035 308 2056 ο
333 2025 394 2056 καὶ
416 2021 481 2056 τὰς
504 2018 624 2056 πόλεις
647 2018 757 2055 εὐθὺς
780 2019 945 2067 ὠφελῶν,
981 2035 1023 2057 ον
1048 2020 1238 2056 Θεοδόσιος
1260 2036 1277 2056 ι,-
1304 2024 1366 2065 τῆς
1434 2022 1636 2058 civitatibus
1661 2034 1743 2057 mox
1766 2023 1881 2065 utilis,
1911 2032 2015 2067 quem
2039 2023 2260 2059 Theodosius
2283 2024 2364 2070 piae
2388 2031 2423 2061 et
2447 2037 2511 2062 no-

288 2067 452 2111 εὐσεβοῦς
481 2080 521 2101 τε
549 2069 610 2100 καὶ
640 2068 721 2100 νέας
749 2067 818 2110 εἰςη
852 2065 954 2110 {aava
976 2064 1125 2110 μνήμης.
1173 2067 1366 2111 νενομοθέ-
1436 2077 1502 2102 vae
1532 2067 1730 2102 introduxit
1752 2067 1952 2103 memoriae.
2000 2067 2180 2103 Sancitum
2203 2079 2357 2114 namque
2387 2075 2442 2106 est
2464 2072 2511 2107 ab

288 2125 394 2156 τηται
416 2110 486 2159 γὰρ
509 2108 576 2147 ὑπ’
603 2107 713 2145 αὐτοῦ
745 2111 788 2146 τὸ
838 2111 1000 2146 ύνασθαι
1023 2112 1105 2146 τοὺς
1127 2111 1261 2146 νόθους
1285 2116 1367 2147 παῖ·
1381 2115 1424 2147 40
1436 2122 1492 2155 80,
1523 2116 1565 2147 ut
1587 2113 1702 2158 possit
1724 2114 1905 2148 naturales
1928 2113 2020 2148 filios
2051 2118 2114 2148 aut
2137 2124 2257 2151 omnes
2286 2117 2350 2151 aut
2372 2116 2511 2162 aliquos

288 2205 421 2237 natura
445 2200 587 2247 quidem
610 2201 656 2236 ab
679 2200 796 2247 initio,
820 2211 899 2235 cum
924 2210 1018 2245 quae
1042 2199 1092 2234 ad
1113 2200 1403 2246 procreationem
1429 2200 1622 2236 liberorum
1646 2203 1813 2247 spectant
1833 2201 2002 2243 sanciret,
2026 2202 2172 2255 scriptis
2195 2203 2332 2249 leqibus
2351 2204 2511 2240 nondum

288 2247 389 2289 latis,
419 2256 542 2281 omnes
565 2256 679 2291 aeque
707 2250 743 2281 et
767 2245 899 2281 liberos
928 2249 963 2281 et
986 2246 1162 2291 inqenuos
1219 2245 1383 2281 roduoeit.
1430 2245 1565 2281 Primis
1588 2246 1681 2282 enim
1730 2246 1915 2281 arentibus
1937 2247 2052 2293 primi
2078 2247 2149 2292 sitii
2173 2248 2319 2294 pariter
2348 2253 2385 2285 et
2409 2249 2511 2286 liberi

287 2296 323 2328 et
345 2291 495 2337 leqitimi
518 2302 541 2325 α
564 2301 686 2326 rerum
710 2295 874 2327 creatore
898 2290 1110 2336 obtiqerunt.
1159 2256 1265 2326 Bilta
1289 2301 1373 2326 vero
1398 2295 1434 2327 et
1450 2302 1604 2338 puqnae
1627 2296 1661 2327 et
1698 2291 1851 2327 ibidines
1872 2296 1908 2327 et
1935 2292 2152 2343 cupiditates
2181 2294 2219 2328 in
2250 2297 2382 2329 statum
2405 2294 2511 2342 lonqe

288 2337 399 2373 alium
429 2347 504 2372 rem
536 2335 775 2372 deduxerunt.
823 2334 1036 2372 Servitutem
1068 2335 1161 2370 enim
1193 2335 1341 2378 bellum,
1377 2336 1600 2372 naturalium
1632 2336 1879 2372 condicionem
1910 2341 2061 2373 castitas
2093 2338 2227 2374 amissa
2284 2339 2435 2383 rotulit;
2467 2351 2512 2376 ac

288 2393 416 2418 rursus
447 2381 511 2417 tex
543 2381 720 2416 eiusmodi
774 2382 906 2416 eccatis
936 2380 1109 2416 medelam
1141 2381 1301 2426 afferens
1331 2381 1531 2417 libertatem
1554 2382 1668 2418 servis
1690 2381 1815 2417 molita
1838 2385 1903 2424 est,
1934 2383 2155 2429 multumque
2182 2384 2222 2418 in
2277 2384 2309 2419 is
2331 2384 2513 2422 laboravit

287 2428 457 2464 sescentis
479 2425 597 2462 modis
619 2427 715 2462 intro
744 2427 857 2468 uctis;
890 2425 1148 2472 imperatoriae
1173 2437 1257 2462 vero
1283 2427 1560 2470 constitutiones
1589 2427 1634 2462 iis
1683 2427 1721 2461 ui
1750 2438 1822 2462 non
1846 2428 1937 2462 iuste
1960 2428 2040 2463 nati
2061 2433 2146 2464 sunt
2174 2429 2252 2464 vias
2274 2428 2324 2464 ad
2345 2429 2404 2465 ius
2424 2430 2510 2478 leqi-

290 2474 457 2509 timorum
480 2475 712 2518 aperuerunt.
765 2471 869 2514 Quod
890 2482 1006 2517 neque
1029 2481 1096 2505 nos
1121 2471 1236 2506 obiter
1258 2472 1452 2515 sancimus,
1485 2483 1601 2518 neque
1623 2483 1665 2507 su
1691 2473 1802 2507 iectos
1825 2476 1972 2508 nostros
1995 2472 2080 2509 nuic
2103 2474 2175 2520 leqi
2196 2474 2427 2521 neqleqenter
2450 2477 2510 2513 ob-

287 2520 310 2555 1
357 2522 558 2564 temperare
581 2517 755 2553 volumus.
859 2518 977 2563 Atque
1001 2516 1153 2568 teqitimi
1174 2516 1315 2562 quidem
1339 2527 1565 2553 successores
1588 2516 1791 2552 nominibus
1813 2528 1863 2553 ex
1885 2518 2024 2563 nuptiis
2044 2524 2289 2564 procreantur
2311 2530 2403 2566 quas
2425 2531 2511 2557 con-

290 2563 440 2600 trahunt
469 2562 526 2598 vel
549 2573 628 2597 cum
651 2562 899 2598 instrumentis
922 2561 1104 2597 dotalibus
1127 2564 1184 2597 vet
1206 2562 1313 2597 etiam
1336 2563 1415 2597 sine
1437 2563 1503 2604 iis,
1534 2562 1710 2609 siquidem
1732 2562 1884 2597 masculi
1905 2563 2054 2608 feminis
2082 2564 2133 2599 ita
2156 2564 2368 2611 iunquntur,
2401 2570 2443 2602 ut
2465 2567 2511 2603 ab

289 2609 392 2645 initio
416 2608 573 2644 animum
597 2607 630 2643 le
657 2607 776 2643 itimas
797 2607 947 2654 nuptias
970 2617 1049 2642 cum
1071 2606 1117 2641 iis
1139 2607 1378 2643 contrahendi
1401 2607 1567 2643 habeant.
1615 2607 1709 2643 Nam
1733 2607 1801 2643 lzoc
1825 2618 1968 2654 quoque
1992 2619 2071 2643 cum
2091 2609 2280 2645 calumniis
2302 2611 2511 2663 expositum

290 2654 489 2691 videremus
511 2652 591 2699 leqe
639 2653 858 2695 istinximus‚
882 2652 972 2704 quid
991 2653 1029 2686 in
1052 2651 1099 2686 iis
1114 2652 1257 2697 quidem
1281 2653 1344 2698 qui
1364 2652 1522 2698 fortuna
1544 2652 1595 2688 ad
1616 2652 1811 2704 diqnitates
1830 2653 1941 2689 evecti
1963 2658 2059 2696 sunt,
2083 2654 2173 2700 quid
2194 2658 2313 2690 autem
2336 2666 2375 2690 tn
2393 2656 2510 2692 medio

290 2699 358 2736 hoc
381 2698 566 2735 hominum
590 2701 689 2734 statu
718 2697 767 2733 ad
798 2697 976 2744 leqitzmas
1006 2697 1153 2748 nuptias
1179 2697 1392 2743 probandas
1423 2697 1602 2744 aqendum
1625 2701 1684 2740 sit,
1715 2697 1805 2744 quid
1826 2698 1979 2744 denique
2001 2698 2164 2744 reliquae
2186 2699 2407 2735 multitudini
2425 2711 2510 2737 con-

289 2755 426 2781 cessum
448 2745 506 2779 sit.
555 2742 686 2789 Itaque
709 2743 773 2788 qui
795 2754 845 2779 ex
868 2741 925 2777 his
948 2743 1087 2788 nuptiis
1103 2747 1353 2788 procreantur
1375 2754 1500 2779 eorum
1523 2742 1605 2779 ilico
1628 2743 1873 2779 successiones
1901 2743 2118 2789 manifestae
2139 2748 2236 2786 sunt,
2267 2755 2312 2780 ac
2333 2745 2509 2792 siquidem

290 2790 386 2826 inter
409 2788 588 2841 leqitimos
611 2792 854 2829 numerentur,
878 2787 1000 2822 statim
1025 2787 1087 2822 lex
1109 2788 1376 2823 successionum
1399 2788 1526 2824 modos
1548 2788 1715 2831 ostendit,
1742 2799 1835 2839 quae
1857 2788 2004 2823 multum
2027 2789 2066 2823 in
2090 2788 2146 2824 liis
2169 2789 2356 2825 laboravit.
2403 2789 2509 2837 Leqi-

292 2834 368 2871 timi·
391 2834 504 2881 iqitur
524 2834 576 2869 ita
598 2833 681 2879 fere
703 2844 742 2868 se
765 2832 914 2876 liabent,
945 2833 1008 2878 qui
1031 2843 1115 2868 vero
1142 2833 1233 2869 tales
1255 2844 1330 2868 non
1353 2838 1454 2876 sunt,
1484 2833 1550 2870 sed
1572 2833 1677 2869 liberi
1698 2833 1840 2880 quidem
1871 2844 1936 2868 nec
1957 2837 2074 2869 tamen
2104 2844 2155 2869 ex
2180 2834 2350 2886 legitimis
2371 2836 2510 2883 nuptiis

284 2879 486 2928 procreati,
515 2878 571 2915 vel
591 2879 699 2914 etiam
721 2878 760 2913 in
782 2879 952 2914 servitute
975 2877 1064 2920 nati,
1086 2878 1122 2912 si
1142 2878 1305 2914 libertate
1328 2878 1470 2925 diqnati
1492 2878 1679 2915 naturales
1701 2882 1883 2920 maneant,
1915 2877 1981 2913 hos
2004 2878 2097 2914 varii
2120 2879 2216 2914 modi
2237 2879 2287 2914 ad
2309 2879 2366 2915 ius
2390 2880 2508 2927 leqiti-

291 2935 429 2961 morum
452 2923 648 2966 adducunt,
673 2923 801 2969 quibus
823 2923 1041 2959 enumeratis
1064 2923 1171 2958 etiam
1194 2923 1337 2969 reliqua
1357 2923 1567 2960 sanciemus.

426 2969 473 3005 H.
519 2970 569 3005 At
594 2979 638 3004 ue
654 2968 799 3015 primus
822 2968 950 3003 modus
973 2968 1044 3002 iltis
1068 2968 1308 3014 leqitimorum
1339 2969 1431 3004 iuris
1454 2972 1608 3015 praesto
1633 2972 1712 3003 erat
1743 2968 1807 3014 qui
1829 2967 1922 3004 idem
1946 2968 2147 3004 civitatibus
2175 2968 2297 3005 statim
2322 2970 2421 3007 utilis
2443 2983 2507 3008 ex-

293 3016 375 3059 titit,
399 3025 502 3062 quem
529 3013 562 3049 T
603 3013 749 3049 odosius
765 3014 856 3060 piae
878 3013 1162 3059 recentiorisque
1185 3014 1378 3049 memoriae
1398 3014 1613 3050 introduxit.
1662 3012 1847 3049 Sancitum
1865 3013 1959 3049 enim
1975 3018 2031 3049 est
2045 3014 2090 3050 ab
2105 3024 2160 3056 eo,
2185 3019 2226 3050 ut
2237 3014 2308 3059 filii
2323 3017 2510 3053 naturales

347 3108 364 3141 1
390 3103 601 3148 ἐνομοθέτει
624 3103 702 3137 τῶν
727 3103 798 3144 Me]
829 3102 1083 3147 ἐνομοθετεῖτο
1107 3104 1139 3137 L
1164 3103 1176 3146 ΙΙ
1201 3104 1222 3137 3
1247 3099 1286 3136 δὲ
1309 3116 1367 3136 οηι.
1484 3105 1500 3138 1
1527 3104 1566 3137 de
1589 3117 1647 3137 om.
1669 3103 1718 3138 V¹
1738 3103 1751 3148 ss
1774 3104 1920 3137 sanccii-e
1943 3103 2022 3146 13¹1!
2047 3104 2067 3137 2
2089 3104 2251 3147 scriptum
2277 3105 2310 3139 T
2317 3105 2327 3126 ¹
2350 3105 2363 3150 ΙΙ
2388 3107 2408 3140 3
2431 3117 2508 3150 pro-

294 3153 324 3186 L
341 3151 354 3195 ΙΙ
378 3153 399 3185 9
422 3152 474 3191 τε]
498 3151 609 3182 autem
634 3161 653 3185 ς
675 3151 687 3192 ΙΙ
714 3151 754 3182 10
779 3145 938 3192 οἰόμενος
963 3150 1008 3181 L·
1031 3150 1044 3191 ΙΙ
1072 3150 1113 3183 13
1132 3144 1341 3192 ηνέωξαν-Ιι
1357 3147 1368 3192 ΙΙ
1437 3148 1570 3182 duxerit
1594 3149 1626 3182 R
1650 3148 1663 3193 ΙΙ
1691 3151 1712 3183 4
1735 3149 1812 3182 filiis
1833 3150 1884 3182 V⁰
1907 3149 1919 3191 ΙΙ
1947 3150 1966 3182 8
1990 3149 2152 3181 naturalis
2185 3150 2263 3183 VT¹
2283 3151 2296 3190 ΙΙ
2327 3152 2366 3186 11
2391 3152 2508 3185 modus

292 3196 494 3243 γενομένοις
509 3207 577 3228 cum
591 3194 774 3238 Scrimyero
786 3195 872 3237 vuly.
892 3193 904 3233 ΙΙ
923 3195 962 3228 17
979 3187 1044 3227 οὖν
1062 3207 1120 3227 om.
1134 3194 1166 3227 L
1181 3193 1194 3238 ΙΙ
1215 3195 1255 3228 19
1272 3189 1367 3226 οὕτω
1445 3194 1495 3227 V¹
1510 3195 1523 3237 ΙΙ
1541 3194 1774 3236 imperatori-e
1800 3194 1847 3227 ΕΙ
1865 3193 1878 3238 ΙΙ
1896 3194 1936 3227 12
1960 3197 2186 3236 apperuerunt
2208 3194 2295 3228 ΒΤ*
2313 3194 2326 3239 ss
2341 3196 2425 3229 facte
2446 3197 2480 3229 V
2494 3195 2507 3240 ΙΙ

292 3244 369 3276 ταῖς
392 3237 576 3283 ἀληθείαις
599 3236 687 3285 πρὸς
709 3235 772 3272 τὰς
795 3236 944 3280 θηλείας
969 3239 999 3272 L
1024 3239 1037 3282 ΙΙ
1066 3240 1105 3273 21
1132 3237 1199 3284 γὰρ
1223 3251 1280 3271 om.
1303 3239 1334 3271 L
1357 3238 1368 3276 ΙΙ
1440 3241 1481 3273 14
1497 3239 1614 3281 legem]
1630 3240 1778 3282 legenter
1792 3239 1835 3273 T¹
1851 3238 1863 3282 ΙΙ
1885 3241 1925 3273 19
1940 3239 2009 3280 aut]
2027 3241 2060 3271 at
2077 3240 2119 3272 Τι
2135 3240 2148 3283 ΙΙ
2165 3240 2216 3272 his
2232 3252 2290 3273 om.
2308 3240 2350 3273 T·
2365 3239 2379 3284 ΙΙ
2397 3242 2439 3275 20
2455 3243 2505 3282 ut]

294 3289 337 3322 22
359 3284 476 3329 νόμῳ]
501 3298 571 3318 που.
587 3284 755 3318 LXXIV
765 3297 792 3317 c.
806 3286 828 3318 4
845 3282 858 3320 ΙΙ
883 3285 924 3317 23
949 3284 1009 3317 ἐπὶ
1025 3284 1083 3325 Μ]
1107 3280 1178 3318 ὑπὸ
1203 3284 1235 3317 L
1259 3283 1265 3327 Ι
1295 3280 1366 3316 ὑπὸ
1436 3287 1494 3317 aut
1519 3285 1573 3318 Τ(Ι
1589 3285 1602 3328 ΙΙ
1620 3287 1657 3319 21
1683 3285 1833 3318 effectum
1851 3284 1986 3324 R¹T1⁸n
2005 3285 2041 3316 in
2066 3297 2124 3318 om.
2139 3285 2187 3318 R·
2204 3285 2217 3328 ΙΙ
2234 3286 2276 3319 22
2298 3284 2311 3318 1
2370 3295 2403 3317 m
2425 3284 2474 3317 R¹
2493 3286 2505 3328 11

294 3333 355 3375 τῆς
385 3331 459 3373 (τῆς
482 3343 541 3363 om.
559 3331 603 3372 L)
633 3327 737 3372 τύχης
765 3329 813 3362 εἰς
843 3325 943 3369 ἀξίας
968 3329 1051 3370 ML]
1082 3329 1235 3362 fortunae
1282 3327 1290 3336 ‘
1317 3328 1368 3360 ni·
1436 3329 1668 3363 *decreuimus
1692 3331 1769 3364 libri
1791 3329 1804 3374 ΙΙ
1829 3331 1870 3364 23
1896 3329 1988 3371 quid]
2021 3329 2079 3372 qui
2101 3330 2151 3363 V¹
2173 3329 2187 3374 ΙΙ
2212 3330 2259 3363 eis
2284 3330 2317 3362 T
2371 3330 2414 3362 24
2437 3339 2503 3362 me-

294 3380 362 3410 tate
387 3375 433 3421 ςΙΙ
460 3377 503 3410 24
527 3375 588 3409 ἐπὶ
614 3375 797 3427 Ηοηιόενρίς
822 3387 860 3408 ex
882 3376 913 3415 ς]
937 3371 1010 3406 ὑπὸ
1038 3375 1109 3407 ML
1128 3373 1141 3419 ΙΙ
1166 3375 1207 3408 25
1233 3370 1288 3407 δεῖ
1309 3386 1367 3406 om.
1437 3375 1558 3408 diocris
1582 3375 1638 3418 ΤΙΙ
1663 3376 1725 3408 hoc
1749 3387 1806 3408 om.
1830 3374 1885 3418 Vn
1903 3374 2047 3408 hominis
2069 3374 2172 3407 statui
2194 3373 2355 3416 agendum
2378 3373 2416 3406 fit
2443 3375 2475 3407 T
2492 3374 2504 3420 ΙΙ

295 3423 326 3456 L
348 3421 362 3467 ΙΙ
388 3423 431 3456 26
454 3421 532 3455 τῶν
555 3420 594 3453 ἐκ
616 3419 694 3453 τῶν
715 3431 843 3465 γαμων
862 3417 1003 3452 τούτων
1023 3420 1086 3461 (υεί
1100 3420 1138 3451 ἐκ
1152 3417 1280 3465 γάμων
1295 3430 1367 3451 τοι·
1437 3422 1478 3454 26
1500 3420 1589 3462 quod
1609 3421 1665 3463 ΤΙΙ
1679 3419 1781 3463 plebi]
1805 3420 1877 3461 geri
1900 3419 1953 3463 Vss
1972 3421 2012 3453 27
2035 3431 2081 3452 nu
2106 3420 2173 3461 tiis]
2197 3417 2328 3460 nuptias
2346 3417 2414 3469 J7¹3
2441 3419 2501 3463 leq.

294 3466 428 3506 ούτων)
451 3466 650 3507 Zachariae]
686 3464 764 3497 τῶν
786 3464 914 3510 γάμων
936 3461 1078 3498 τούτων
1103 3463 1191 3506 ML,
1225 3460 1368 3498 τούτων
1425 3465 1563 3507 ‘nuptiis
1587 3464 1662 3499 his?
1686 3465 1700 3510 ΙΙ
1726 3466 1768 3499 30
1794 3466 2002 3498 contractans
2025 3465 2058 3497 R
2083 3431 2162 3542 {531
2189 3464 2248 3503 est]
2271 3464 2321 3495 est
2343 3472 2396 3495 lus
2420 3464 2467 3497 P*

296 3526 354 3546 om.
374 3524 394 3548 ς
417 3510 430 3555 ΙΙ
458 3512 501 3546 29
523 3510 602 3544 τῶν
625 3523 682 3543 om.
709 3509 740 3542 L
768 3509 780 3552 ΙΙ
810 3505 991 3551 διαδόχων
1011 3510 1101 3552 ML,
1122 3522 1204 3543 corr.
1220 3509 1368 3542 Haloan-
1436 3512 1478 3543 32
1502 3513 1633 3543 tantum
1658 3511 1780 3544 RVT¹⁸
1802 3510 1815 3554 ΙΙ
1841 3510 2009 3552 legitimus
2029 3509 2078 3543 Βι
2123 3511 2141 3530 ⁸
2161 3507 2174 3552 Ι
2199 3508 2242 3542 34
2260 3506 2322 3539 hoo
2346 3520 2403 3541 om.
2420 3509 2466 3541 R¹

297 3558 353 3590 der
366 3570 404 3590 ex
416 3569 435 3593 ς
451 3556 464 3600 11
481 3557 524 3591 32
541 3552 737 3600 προελθών
749 3555 799 3588 L‘
817 3554 830 3598 ΙΙ
845 3557 888 3589 33
904 3555 936 3587 εί
952 3555 1017 3596 Le]
1041 3567 1099 3588 om.
1114 3555 1160 3588 M
1170 3554 1183 3598 fl
1201 3555 1244 3588 34
1266 3555 1367 3597 *uci-
1435 3556 1530 3588 modo
1554 3555 1679 3588 uariari
1694 3555 1779 3589 R²T
1791 3555 1804 3599 ΙΙ
1821 3556 1866 3590 36
1889 3555 2071 3588 sanciemus
2090 3553 2173 3596 cuiq.
2193 3550 2206 3595 ΙΙ
2229 3552 2270 3585 37
2296 3552 2366 3585 eius
2389 3553 2422 3586 R
2453 3558 2501 3588 est

296 3613 352 3633 νοι
376 3602 448 3635 ML
472 3601 485 3645 ΙΙ
509 3602 551 3634 37
575 3596 809 3646 γνησιότητος
829 3599 897 3636 L²e
922 3601 976 3643 (cf.
989 3601 1065 3641 432,
1079 3601 1140 3641 26)]
1163 3596 1304 3645 γνήσιος
1327 3599 1372 3632 Μ
1434 3602 1519 3644 υιιίη.
1538 3601 1550 3644 ΙΙ
1569 3602 1611 3635 39
1635 3603 1786 3634 sanctum
1812 3601 1859 3634 V¹
1878 3600 1890 3644 ΙΙ
1908 3602 1950 3634 40
1973 3598 2055 3631 alios
2076 3596 2108 3630 V

296 3648 448 3689 γνησίως
472 3646 518 3679 L²
541 3646 554 3688 11
578 3641 734 3697 ὑπῆρχεν
751 3639 771 3677 ὁ
793 3646 851 3677 καὶ
871 3645 1070 3686 Zachariae]
1094 3641 1230 3689 ὑπῆρχε
1251 3645 1311 3676 καὶ
1335 3642 1367 3676 L

296 3686 462 3774 ξςὴρχθῖ]
479 3692 543 3773 {a}
554 3691 599 3723 Ji!
616 3693 798 3768 ειίῗᾶςιὶεας
814 3689 827 3733 11
845 3691 888 3725 38
905 3686 1105 3731 Θεοδόσιος]
1132 3691 1208 3724 Cod.
1223 3690 1256 3731 5,
1267 3696 1312 3730 27,
1325 3695 1340 3722 3
1354 3686 1367 3733 Ι]

298 3755 308 3771 ·.
364 3744 443 3766 νεας
500 3747 519 3776 η
545 3745 609 3767 ειυς
633 3749 652 3767 α
701 3759 709 3768 .
