2586 3990
217 155 325 201 NOV.
346 154 528 199 CXXIII
557 155 623 195 22.
654 154 707 195 23

1290 144 1373 193 612

2055 158 2121 191 ΒΕ
2144 155 2442 190 SANCTISSIMIS

215 267 293 301 τῶν
324 263 477 316 uincor„
498 261 569 296 εἴτε
603 260 703 307 παρὰ
736 261 790 317 τῷ
827 258 909 304 ἰδίῳ
943 257 1192 306 μητροπολίτῃ
1225 258 1299 294 εἴτε
1363 259 1433 295 bus
1456 261 1576 294 autem
1600 257 1730 297 causi&
1753 265 1821 301 pro
1837 255 1967 300 quibus
1989 256 2085 302 apud
2108 255 2291 302 proprium
2310 258 2440 292 metro-

216 310 315 353 παρὰ
346 319 546 353 πατριαρχῃ
581 305 654 340 εἴτε
684 317 759 352 παρ
802 303 922 340 ἄλλοις
952 301 1174 347 οἱοιςδήποτε
1198 300 1295 338 δικα-

215 356 314 388 σταῖς
343 353 532 386 ἐπίσκοποι
563 351 771 396 ἐνάγονται,
802 348 980 395 μηδεμίαν
1011 348 1139 395 ἐγγύην
1167 345 1190 392 ἢ
1210 345 1294 393 ὁμο-

215 397 339 443 λογίαν
370 393 461 450 ὖπξρ
492 396 555 439 τῆς
578 393 676 438 δίκης
699 392 1016 435 ἄπαιτείσθωσαν,
1048 389 1146 427 οὕτω

1363 304 1510 350 politam
1533 302 1618 355 εἰνθ·
1630 301 1728 345 apud
1748 300 1989 354 patriarcham
2012 302 2085 338 sive
2107 301 2203 346 apud
2226 300 2315 336 alios
2334 310 2440 345 quos-

1364 358 1515 400 cum-que
1544 346 1681 382 ludices
1711 345 1873 399 episcopi
1902 347 2168 399 conveniantur,
2193 346 2332 399 ‚nullam
2353 344 2441 397 fide-

1169 395 1296 438 μόντοι
1362 393 1558 429 iussionem
1598 394 1663 426 aut
1698 393 1899 426 cautionem
1937 401 2004 436 pro
2041 391 2103 428 lite
2144 393 2350 436 exigantur,
2389 399 2442 426 sic

215 442 274 476 ἵνα
306 443 365 475 καὶ
395 443 498 474 αυτοὶ
529 438 764 475 σποι-δάσωσι
797 440 876 474 τῶν
907 439 1143 484 ἐπαγομένων
1177 435 1295 472 αὐτοῖς
1330 441 1483 474 {stamen
1506 439 1547 472 ut
1566 436 1636 482 ipsi
1658 435 1829 472 studeant
1850 434 1958 472 illatis
1982 435 2051 472 sibi
2068 436 2186 473 causis
2209 439 2321 473 semet
2342 434 2441 480 ipsos

215 487 343 525 αἰτιῶν
366 484 512 520 ἑαυτοὺς
535 482 751 519 διευλυτοῦν.

1363 482 1557 518 absolvere.

1173 639 1330 675 CAPUT
1354 638 1486 674 XXIII.

275 721 360 756 Τοὺς
383 718 423 754 δὲ
444 716 654 764 οἰκονόμους
682 722 742 754 καὶ
765 718 1044 774 πτωχοτρόφους
1067 721 1128 753 καὶ
1151 716 1293 759 ξενοδό-

1431 717 1656 753 oeconomos
1685 717 1805 752 autem
1834 718 1871 751 et
1900 714 2130 752 xenodochos
2163 717 2201 751 et
2229 725 2442 753 nosocomos

211 778 291 811 χους
323 769 384 800 καὶ
419 763 637 810 νοσοκόμους
670 768 730 798 καὶ
765 775 847 799 τους
882 765 959 798 τῶν
994 762 1118 798 ἄλλων
1153 761 1295 810 εὐαγῶν
1363 765 1400 799 et
1427 762 1710 807 ptochotrophos
1745 763 1782 796 et
1814 761 1967 796 aliorum
2001 761 2253 802 venerabilium
2283 762 2443 797 locorum

211 812 323 847 οἴκων
351 808 533 854 διοικητὰς
564 813 624 844 καὶ
654 810 737 844 τοὺς
768 808 894 843 ἄλλους
925 806 1092 843 ἅπαντας
1115 807 1296 853 κληρικοὺς
1363 808 1619 852 gubernatores
1654 810 1691 842 et
1723 806 1813 842 alios
1845 815 1967 841 omnes
1999 805 2148 841 clericos
2178 806 2341 842 iubemus
2375 815 2442 851 pro

212 855 401 901 κελεύομεν
432 853 524 900 ὑπὲρ
554 857 632 890 τῶν
664 854 980 909 ἐμπιστευθειςῶν
1013 850 1132 887 αὐτοῖς
1164 852 1294 896 διοική-
1310 856 1351 887 10
1365 853 1509 888 creditis
1533 852 1600 888 sibi
1623 851 1941 894 gubernationibus
1970 850 2067 895 apud
2097 851 2280 896 proprium
2305 851 2442 896 episco-

212 914 308 937 σεων
339 900 438 946 παρὰ
473 901 529 943 τῷ
560 898 642 943 ἰδίῳ
674 899 863 943 ἐπισκόπῳ
896 912 927 941 ῳ
958 896 1173 933 ὑπόκεινται
1207 894 1295 932 ἀπο-

212 946 406 992 κρίνεσθαι
439 947 499 979 καὶ
529 945 612 979 τοὺς
643 943 831 988 λογισμοὺς
865 944 927 986 τῆς
962 941 1054 977 ἰδίας
1089 939 1297 986 διοικήσεως

213 991 418 1033 ποιεῖσθαι,
449 993 509 1024 καὶ
540 990 821 1034 εἰςπράττεσθαι
852 985 942 1034 ὅπερ
974 988 1013 1028 ἐξ
1043 985 1167 1022 αὐτῶν
1199 986 1296 1034 ὀφεί-

213 1036 334 1072 λοντες
356 1032 674 1088 ἇποδεῒιχθείησαν,
699 1035 823 1076 ἐκείνῳ
848 1035 901 1077 τῷ
924 1031 1044 1079 εὐαγεῖ
1061 1030 1295 1076 ἀποδοθησό-

1365 908 1450 943 pum
1474 897 1532 932 cui
1554 897 1740 932 subiacent
1764 896 1943 932 conveniri
1967 899 2002 930 et
2020 896 2192 931 ratlenem
2213 905 2300 932 suae
2314 896 2443 940 guber-

1365 942 1519 979 nationis
1544 941 1676 984 facere,
1701 943 1738 976 et
1755 941 1848 986 exigi
1869 940 1963 986 quod
1979 949 2023 976 ex
2037 940 2125 985 ipsis
2142 940 2310 976 debentes
2326 945 2444 976 osten—

1366 988 1508 1029 dantur,
1544 987 1595 1022 illi
1625 986 1818 1022 venerabili
1848 985 2065 1021 reddendum
2095 985 2231 1028 domui,
2267 995 2311 1021 ex
2342 985 2445 1021 cuius

1365 1032 1591 1068 ordinatione
1623 1031 1780 1067 debitum
1808 1031 2025 1084 apparuerit.
2073 1030 2111 1066 Si
2134 1041 2215 1066 vero
2241 1031 2446 1076 putaverint

211 1094 322 1126 μενον
338 1081 424 1123 οἴκῳ
441 1091 580 1114 ουτινος
603 1080 643 1112 ἐκ
662 1079 725 1122 τῆς
740 1077 948 1121 διοικήσεως
971 1078 1014 1112 τὸ
1031 1081 1137 1133 χρέοςἱ
1153 1083 1293 1134 φαὶνείη.
1311 1081 1351 1113 15
1365 1088 1404 1114 se
1438 1077 1595 1122 gravari,
1636 1080 1719 1121 post
1753 1076 1999 1121 repetitionem
2032 1076 2258 1121 metropolita
2299 1085 2445 1111 causam

212 1128 244 1161 εἰ
268 1125 308 1161 δὲ
329 1129 515 1169 νομίσαιεν
539 1123 685 1158 ἑαυτοὺς
707 1124 952 1168 βεβαρῆσθαι,
975 1123 1067 1167 μετὰ
1098 1136 1166 1167 την
1187 1127 1294 1159 anat-

212 1183 317 1215 τησιν
347 1167 368 1204 ὁ
399 1168 662 1216 μητροπολίτης
691 1168 734 1203 τὸ
766 1169 916 1215 πρᾶγμα
946 1169 1154 1210 ἐξεταζέτω.
1202 1169 1234 1203 εἰ
1258 1167 1298 1203 δὲ

210 1214 471 1262 μητροπολίτης
502 1214 555 1258 εἴη
580 1214 600 1248 ὁ
627 1211 719 1248 κατά
743 1225 840 1248 τινος
869 1215 947 1248 τῶν
971 1214 1170 1258 εἰρημένων
1194 1225 1296 1261 προς-

214 1262 329 1296 ‹onan›
363 1260 428 1294 τὰς
463 1256 632 1294 τοιαύτας
667 1259 783 1293 αἰτίας
819 1258 987 1299 ἐξετάσας
1028 1262 1087 1292 καὶ
1121 1259 1164 1293 τὸ
1200 1263 1297 1305 χρέος

1365 1123 1553 1159 examinet.
1601 1121 1640 1157 Si
1669 1131 1752 1157 vero
1783 1121 2011 1165 metropolita
2040 1121 2150 1156 fuerit
2173 1123 2300 1156 contra
2321 1130 2443 1166 quam-

1366 1178 1471 1212 quam
1506 1167 1770 1212 praedictarum
1804 1176 2037 1211 personarum
2071 1165 2276 1202 huiusmodi
2315 1175 2445 1201 causas

1366 1213 1572 1248 examinans
1595 1213 1632 1247 et
1655 1211 1812 1246 debitum
1837 1212 2002 1256 exegerit,
2035 1213 2073 1247 et
2096 1214 2244 1246 exactus
2267 1211 2446 1255 putaverit

1366 1268 1405 1294 se
1427 1260 1630 1303 gravatum,
1655 1256 1838 1292 dioceseos
1861 1256 1957 1291 illius
1980 1256 2106 1292 beatus
2131 1255 2338 1300 patriarcha
2362 1266 2445 1291 cau-

212 1305 417 1352 εἰςπράξας,
449 1308 509 1339 καὶ
540 1301 560 1338 ὁ
585 1304 811 1349 εἰςπραχθεὶς
841 1308 988 1349 νομίσαι
1012 1304 1145 1338 ἑαυτὸν
1167 1303 1295 1349 βεβλά-
1310 1305 1352 1337 20
1365 1313 1441 1339 sam
1476 1302 1694 1338 determinet.
1743 1301 1826 1337 Non
1862 1301 1955 1336 euim
1993 1301 2220 1337 concedimus
2255 1300 2445 1346 praedictis

213 1352 327 1398 φθαι,
343 1349 363 1384 ὁ
383 1351 445 1394 τῆς
460 1348 552 1384 διοικ
565 1348 667 1383 ’σεως
683 1350 817 1392 ἐκείνης
832 1350 1106 1394 μακαριώτατος
1121 1348 1297 1396 πατριάρ-

211 1408 272 1440 χης
303 1396 346 1430 τὸ
378 1396 528 1442 πρᾶγμα
555 1364 781 1439 διακρινέτω.
829 1391 914 1428 οὐδὲ
942 1394 1012 1440 γὰρ
1044 1395 1298 1441 συγχωροῦμεν

211 1445 286 1476 τοῖς
302 1443 569 1487 προειρημένοις
583 1436 786 1485 προςῶποις
804 1440 866 1474 ἐπὶ
880 1440 958 1474 τῶν
974 1440 1298 1484 μνημονευθεισῶν

214 1488 344 1522 αἰτιῶν
375 1486 447 1531 πρὸ
478 1486 540 1528 τῆς
573 1483 766 1525 ἐξετάσεως
795 1487 855 1518 καὶ
884 1481 1201 1538 τὴςΙᾶπαιτήσεως
1232 1486 1298 1519 τοῦ

1365 1348 1527 1394 personis
1558 1357 1625 1393 pro
1654 1346 1858 1382 memoratis
1890 1346 2006 1382 causis
2036 1350 2118 1382 ante
2149 1346 2446 1382 examinationem

1366 1398 1402 1430 et
1422 1393 1642 1429 exactionem
1666 1392 1777 1427 debiti
1800 1391 1963 1471 progrios
1987 1391 2176 1437 episcopos
2207 1391 2387 1427 declinare
2410 1395 2447 1427 et

1366 1439 1413 1474 ad
1438 1439 1510 1475 alia
1532 1438 1651 1474 venire
1674 1437 1815 1473 iudicia.
1890 1437 1901 1470 i
1925 1436 2002 1482 quis
2027 1439 2147 1472 autem
2170 1446 2214 1472 ex
2230 1436 2446 1472 ecclesiasti-

1368 1484 1438 1527 cis,
1476 1484 1534 1519 eui
1566 1483 1686 1528 aliqua
1719 1482 1801 1517 talis
1834 1482 2051 1526 dispensatio
2089 1481 2225 1517 credita
2255 1485 2328 1525 est,
2363 1485 2447 1518 ante

212 1535 333 1578 χρέους
351 1531 432 1566 τοὺς
447 1528 557 1565 ἰδίους
581 1530 800 1566 ἐπισκόπους
822 1526 1044 1576 ἀποφευγειν
1066 1532 1126 1563 καὶ
1141 1531 1189 1564 εἰς
1205 1528 1298 1564 ἄλλα
1311 1529 1354 1564 25
1367 1529 1545 1565 rationum
1568 1527 1828 1573 expositionem
1852 1530 1888 1562 et
1912 1526 2113 1563 debitorum
2136 1526 2349 1563 solutionem
2371 1537 2446 1563 mo-

213 1576 487 1631 παραγίνεσθαι
510 1574 733 1623 δικαστήρια.
781 1574 818 1608 εἴ
837 1586 888 1609 τις
911 1572 952 1608 δὲ
966 1577 1004 1608 ἐκ
1020 1575 1098 1609 τῶν
1114 1574 1297 1618 ἐκκλησια-

214 1635 351 1657 στικων
374 1635 458 1656 τινα
480 1620 655 1663 τοιαύτην
679 1618 857 1663 διοίκησιν
878 1620 1130 1663 §ancarano-eze
1146 1620 1217 1665 πρὸ
1235 1621 1298 1663 τῆς

213 1669 291 1702 τῶν
308 1667 491 1714 λογισμῶν
506 1666 746 1711 παραθέσεως
761 1668 821 1699 καὶ
838 1666 899 1708 τῆς
914 1666 992 1700 τῶν
1005 1663 1298 1710 ἐποφειλομένων

214 1711 415 1757 καταβολῆς
443 1710 680 1766 τελευτήσειε,
712 1709 901 1764 κελεύομεν
931 1709 1014 1745 τοὺς
1039 1708 1149 1744 αὐτοῦ
1173 1709 1295 1754 κληρο-

213 1758 344 1802 νόμους
371 1769 465 1791 κατα
496 1756 564 1790 τὸν
595 1768 723 1810 ομοιον
753 1767 894 1799 τροπον
926 1758 986 1788 καὶ
1016 1758 1089 1789 τοῖς
1116 1753 1296 1802 λογισμοῖς
1308 1755 1352 1789 30

213 1806 274 1837 καὶ
297 1805 375 1837 ταῖς
394 1799 636 1845 ἀπαιτήσεσιν
660 1800 890 1836 υποκεῖσθαι.

1365 1575 1491 1617 riatur,
1522 1573 1684 1609 iubemus
1709 1573 1785 1608 eius
1809 1572 1958 1607 heredes
1981 1573 2087 1608 simili
2109 1572 2215 1609 modo
2238 1574 2276 1608 et
2298 1571 2445 1609 rationi-

1366 1620 1435 1657 bus
1458 1623 1496 1656 et
1518 1618 1764 1656 exactionibus
1788 1617 1985 1654 subiacere.

182 1939 185 1942 -
281 1928 308 1949 c.
323 1914 462 1949 XXIII
480 1925 518 1947 ex
537 1913 575 1946 Β
598 1914 714 1957 repetit
727 1911 908 1947 Nomocflm
924 1912 987 1946 XI
993 1912 1078 1946 Vtit.
1093 1914 1126 1954 9,
1139 1920 1168 1952 13
1191 1924 1231 1947 ex
1254 1913 1292 1954 S,
1316 1914 1374 1947 ubi
1389 1913 1482 1947 huius
1498 1912 1617 1956 capitis
1633 1918 1784 1956 excerpta
1800 1917 1922 1945 tantum
1939 1911 2108 1952 habentur,
2132 1911 2247 1954 repetit
2262 1910 2397 1945 Nomoc.
2415 1913 2447 1946 L

215 1962 295 1996 tit-8
315 1974 351 2005 p.
367 1961 433 1995 613
455 1959 554 1993 Voelt.
602 1958 734 1992 Initium
757 1958 818 2000 (—-
844 1958 883 1991 13
909 1958 968 1990 καὶ
991 1955 1288 2002 εἰςπροίττεσθαι)
1313 1959 1409 1992 babet
1428 1958 1635 2002 Epanaqoqe
1660 1958 1693 1999 9,
1709 1964 1753 1991 19.
1777 1975 1823 1981 --
1844 1956 2006 1990 Summam
2026 1963 2178 2000 praestat
2200 1955 2334 1991 Nomoc.
2351 1957 2454 1992 XIV

213 2009 250 2041 tit
262 2008 295 2050 9,
307 2014 321 2040 1
339 2019 376 2050 p.
390 2005 456 2039 539
470 2003 583 2042 Pitra;
609 2003 684 2036 Ach.
708 2015 859 2036 summam
882 2009 1030 2046 repetunt
1047 2004 1211 2045 paratitlo
1234 2002 1310 2037 Atk.
1326 2004 1346 2037 2
1362 2007 1418 2043 §2-

213 2160 345 2203 causis,
367 2159 441 2196 sive
458 2157 560 2206 apud
580 2156 897 2203 metropolitanum
918 2165 1025 2191 suum
1047 2155 1122 2191 sive
1137 2155 1239 2201 apud
1254 2154 1512 2202 patriarcham
1534 2153 1609 2190 sive
1627 2153 1729 2199 apud
1747 2153 1841 2189 alios
1863 2163 2107 2199 quoscumque
2129 2152 2265 2190 iudices
2287 2155 2449 2203 episcopi

213 2205 485 2247 conveniuntur,
515 2202 617 2239 nulla
639 2203 685 2239 ab
709 2201 755 2237 iis
775 2200 963 2252 fideiussio
994 2203 1059 2236 aut
1075 2200 1275 2246 promissio
1304 2210 1376 2246 pro
1402 2199 1465 2235 lite
1487 2200 1673 2245 exiqatur,
1705 2199 1759 2234 ita
1785 2203 1902 2234 tamen
1934 2202 1975 2234 ut
2004 2199 2078 2245 ipsi
2107 2208 2251 2244 quoque
2281 2200 2450 2237 studeant

214 2263 237 2287 a
260 2251 381 2287 causis
402 2249 474 2285 sibi
494 2248 607 2284 illatis
628 2258 706 2284 sese
729 2245 914 2293 expedire.

348 2294 484 2330 XXIII.
534 2292 756 2330 oeconomos
779 2294 898 2326 autem
921 2294 958 2327 et
977 2288 1266 2337 ptochotrophos
1287 2292 1324 2326 et
1343 2288 1579 2326 xenodochos
1610 2291 1646 2325 et
1667 2298 1882 2324 nosocomos
1913 2291 1947 2323 et
1970 2291 2171 2324 ceterarum
2194 2289 2449 2327 venerabilium

213 2342 383 2378 domuum
406 2339 721 2375 administratores
745 2339 855 2389 atque
877 2340 1016 2372 ceteros
1039 2335 1192 2371 clericos
1215 2345 1338 2370 omnes
1360 2334 1520 2370 iubemus
1543 2334 1588 2370 de
1611 2334 1809 2370 commissis
1839 2333 1930 2379 ipsis
1952 2333 2327 2370 administrationibus
2349 2347 2372 2370 a
2400 2336 2451 2371 ud

213 2387 420 2439 episcopam
443 2395 547 2420 suum
570 2384 629 2419 cui
651 2382 801 2418 subiecti
825 2384 912 2416 sunt
933 2380 1155 2428 respondere
1178 2384 1214 2416 et
1235 2380 1397 2416 rationes
1421 2379 1748 2415 administrationis
1770 2389 1859 2414 suae
1881 2378 2048 2420 reddere,
2079 2381 2188 2425 atque
2210 2379 2316 2426 exiqi
2403 2381 2450 2416 iis

213 2444 244 2468 st
269 2431 358 2478 quid
380 2441 441 2466 eos
464 2429 591 2466 debere
614 2428 697 2464 inde
717 2426 912 2474 probatum
936 2426 1002 2471 sit,
1037 2425 1093 2461 illi
1116 2425 1312 2462 venerabili
1343 2425 1465 2461 domui
1494 2424 1717 2461 reddendum
1746 2425 1848 2459 cuius
1877 2434 1929 2460 ex
1951 2423 2264 2460 administratione
2293 2424 2449 2462 debitum

214 2476 440 2524 apparuerit.
488 2474 532 2510 Si
554 2478 674 2510 autem
696 2483 736 2508 se
783 2476 933 2508 ravatos
949 2475 1095 2519 putent,
1124 2474 1211 2517 post
1233 2470 1463 2506 exactionem
1485 2469 1788 2516 metropolitanus
1818 2479 1894 2504 rem
1917 2468 2112 2505 examinet.

2158 2467 2296 2512 Quodsi
2318 2475 2449 2506 metro-

208 2523 400 2569 politanus
421 2519 471 2556 sit
493 2520 557 2566 qui
580 2522 709 2555 contra
733 2529 755 2553 a
772 2518 894 2563 iquam
918 2527 968 2552 ex
985 2515 1190 2563 praedictis
1207 2516 1380 2562 personis
1403 2515 1579 2551 eiusmodi
1602 2524 1733 2550 causas
1755 2514 2020 2565 examinaverit
2040 2517 2076 2550 et
2098 2513 2253 2550 debitam
2272 2517 2448 2562 exeqeriss

214 2571 324 2619 atque
347 2567 380 2601 is
402 2576 427 2600 α
477 2576 521 2600 uo
544 2567 714 2601 exactum
738 2567 793 2598 est
814 2573 853 2598 se
875 2562 1088 2597 detrimento
1113 2560 1283 2607 affectum
1312 2571 1389 2597 esse
1404 2564 1531 2607 putet,
1563 2559 1737 2595 dioecesis
1765 2559 1863 2594 iltius
1886 2558 2111 2594 beatissimus
2131 2559 2352 2605 patriarcha
2373 2571 2450 2596 rem

215 2611 396 2648 diiudicet.

480 2615 570 2656 e'que
600 2609 693 2654 enim
720 2607 921 2654 praedictis
946 2606 1119 2653 personis
1144 2606 1388 2653 permittimus
1417 2605 1456 2641 in
1485 2605 1691 2641 memoratis
1722 2604 1843 2639 causis
1873 2608 1958 2640 ante
1979 2614 2135 2640 examen
2165 2608 2201 2640 et
2222 2605 2450 2642 exactionem

215 2657 326 2693 debiti
346 2657 538 2703 episcopos
559 2665 647 2690 suos
667 2654 802 2700 fugere
823 2656 934 2698 atque
957 2651 1007 2686 ad
1030 2651 1105 2687 alia
1128 2650 1263 2687 iudicia
1286 2650 1417 2687 venire.
1466 2649 1605 2697 Siquis
1628 2653 1746 2685 autem
1768 2659 1819 2685 ex
1833 2648 2085 2684 ecclesiasticis
2107 2649 2166 2684 cui
2191 2649 2274 2684 talis
2297 2650 2449 2686 admini-

214 2701 345 2738 stratio
370 2701 559 2736 commissa
583 2703 638 2735 est
660 2704 746 2734 ante
768 2697 930 2733 rationes
952 2696 1116 2733 redditas
1138 2700 1174 2732 et
1197 2695 1317 2733 debita
1339 2695 1462 2732 soluta
1486 2695 1687 2740 decesserit,
1710 2694 1872 2730 iubemus
1895 2693 2044 2730 heredes
2065 2694 2143 2730 eius
2157 2693 2268 2730 simili
2289 2695 2394 2732 modo
2414 2699 2452 2732 et

214 2746 419 2784 rationibus
441 2749 477 2781 et
498 2743 753 2782 exactionibus
774 2742 899 2778 subici.

285 2906 302 2938 1
328 2901 469 2944 αἰτιῶν,
501 2900 584 2942 εἴτε]
619 2899 728 2933 causis
751 2910 813 2943 pro
837 2898 960 2942 quibus
983 2911 1004 2936 ς
1030 2899 1043 2943 ΙΙ
1074 2901 1095 2933 2
1119 2897 1220 2944 παρὰ
1243 2897 1297 2941 τῷ

215 2947 418 2995 πατριάρχῃ
443 2947 508 2982 B⁶s
518 2947 653 2982 Nomoc.
673 2946 705 2979 L
727 2947 773 2979 tit.
804 2943 819 2989 Η
844 2947 867 2979 4
897 2941 1007 2988 δίκης]
1043 2940 1249 2987 διοικήσεως
1269 2944 1301 2998 β

212 2995 390 3072 ''in-⁹⁸²⁸
408 2987 1201 3072 ⁷5⁰te²5²5ss¹2532m1²“‚32⁸222‘2?0'5⁸25²⁵0555;
1217 2998 1301 3068 '22⁷²‘

215 3050 468 3118 Ξῗῖἴῖᾘυίζ
474 3082 547 3116 VII
554 3083 597 3115 in.
607 3048 753 3124 (61211)
769 3079 885 3114 mBr
900 3079 912 3124 ΙΙ
930 3077 952 3122 ἢ
965 3060 1244 3124 πτωχοτρόφους
1255 3047 1299 3122 113),

216 3132 276 3162 καὶ
305 3126 586 3172 πτωχοτρόφους
611 3133 687 3170 post
717 3127 737 3160 8
764 3127 824 3159 καὶ
847 3123 1064 3168 νοσοκόμους
1094 3127 1165 3159 coll.
1188 3127 1297 3169 Epan.

216 3175 279 3208 Iul.
295 3185 315 3211 ς
340 3173 346 3218 Ι
383 3175 403 3208 8
426 3171 508 3207 τοὺς
532 3183 588 3206 om.
605 3170 758 3205 Nomoc.d
774 3170 787 3213 ΙΙ
818 3172 859 3205 10
884 3168 1208 3214 ἐμπιστευθέντων
1230 3169 1300 3204 Νο·

217 3223 322 3252 moc.m
381 3219 420 3252 13
443 3215 676 3262 πληροῦσθαι
690 3216 800 3258 Epan.
819 3213 825 3259 Ι
850 3217 892 3249 16
907 3217 1096 3258 νομίσαιεν
1109 3214 1299 3255 Νοηιοε.ᾶ”’]

217 3262 646 3352 ναῖεν-ιε
670 3259 1073 3349 ..Ν
1088 3260 1113 3349 ss..

217 3354 334 3396 με’νοις
357 3320 575 3395 Νοηιοορεῑηη
601 3353 644 3386 25
668 3352 728 3383 καὶ
752 3360 808 3384 om.
825 3316 1016 3394 splenia?
1025 3349 1037 3394 ΙΙ
1065 3351 1107 3384 26
1131 3349 1162 3383 εἰ
1185 3346 1228 3383 δέ
1241 3316 1300 3383 {ris

219 3398 250 3430 L
267 3398 279 3440 u
297 3398 335 3430 ἐκ
358 3409 414 3431 om.
432 3398 564 3431 Nomoc.
579 3396 611 3430 L
625 3398 670 3430 tit.
695 3396 709 3439 ΙΙ
734 3396 777 3429 29
801 3392 1034 3438 *τελευτήσω
1049 3392 1255 3441 (τελευτήσῃ
1272 3394 1301 3428 S

220 3454 311 3484 unus,
334 3439 536 3484 τελευτήσει
560 3441 692 3475 Nomoc.
706 3441 738 3474 L
751 3441 810 3482 tit.)
834 3440 976 3474 MLBS
993 3443 1006 3483 ΙΙ
1027 3441 1068 3474 31
1084 3441 1162 3474 Aila.
1182 3442 1215 3474 in
1233 3441 1299 3484 epi·

221 3494 298 3519 tome
314 3489 396 3520 inter
412 3490 521 3530 capita
534 3486 672 3520 XXIII
681 3493 711 3519 et
722 3485 820 3519 XXI
826 3485 859 3519 V
867 3486 946 3518 haec
963 3486 1075 3520 inserit
1093 3486 1245 3529 (repetita
1266 3486 1298 3518 in

222 3531 352 3565 Numae.
367 3532 398 3564 L
411 3533 457 3566 tit.
468 3532 510 3565 20
522 3544 556 3574 p.
567 3532 631 3565 628
650 3531 782 3571 Voell.):
806 3526 827 3563 ὁ
845 3526 1009 3575 κληρικός
1030 3527 1130 3574 παρὰ
1150 3527 1300 3575 γνώμην

221 3576 285 3607 τοῦ
308 3573 620 3630 ἰδίουὶἐπισκόπου
651 3573 701 3618 μὴ
726 3570 976 3629 ἀποδημείτω,
1005 3574 1068 3628 τὰς
1090 3575 1299 3630 προειρημέ-

222 3629 285 3651 νας
315 3630 438 3653 ποινας
468 3618 742 3662 ευλαβουμενος,
778 3629 820 3653 ας
850 3631 943 3653 κατα
977 3631 1055 3654 των
1086 3620 1300 3655 ἑπισκοπων

222 3661 400 3707 ἐπήγαγεν
423 3660 444 3705 ἡ
467 3661 634 3703 διάταξις.
687 3664 810 3703 Quibus
829 3676 914 3708 quae
937 3666 1152 3709 respondeant
1176 3667 1210 3700 in
1225 3676 1301 3700 con-

222 3714 307 3741 textu
331 3709 474 3741 novellae
497 3720 559 3741 non
584 3710 789 3743 inveniuntur

1438 2898 1454 2932 1
1480 2906 1542 2941 pro
1565 2895 1687 2939 quibus
1707 2895 1849 2939 γυιάς]
1874 2906 1932 2929 om.
1955 2895 2038 2934 RT;
2068 2895 2129 2937 leq.
2151 2893 2245 2928 sive?
2269 2894 2283 2939 ΙΙ
2310 2896 2330 2929 3
2355 2895 2449 2929 fidei·

1367 2942 1515 2976 iussione
1536 2942 1571 2976 V
1586 2941 1876 2974 fidemiussionem
1902 2939 1956 2984 ΤΙΙ
1975 2942 1993 2974 5
2015 2940 2060 2972 tffi
2086 2939 2118 2973 V
2131 2939 2144 2983 ΙΙ
2159 2939 2217 2972 isti
2233 2940 2266 2973 T
2290 2940 2345 2972 i·-
2366 2940 2412 2974 R¹
2436 2940 2449 2986 [Ι

1369 2990 1387 3021 7
1403 2990 1491 3022 rubr.
1516 2988 1566 3020 De
1589 2985 1914 3020 ministrationibus
1938 2988 1970 3027 (l.
1993 2983 2328 3027 administratoribus)
2347 2995 2449 3019 uene-

1367 3033 1524 3066 rabilium
1547 3031 1697 3066 locorum
1720 3033 1857 3075 propter
1879 3029 2200 3064 administrationem
2223 3040 2316 3063 suam
2339 3030 2380 3064 ad
2396 3030 2449 3064 iu-

1368 3077 1495 3111 dicium
1517 3078 1645 3111 uocatis
1665 3077 1740 3111 Tin
1753 3089 1855 3119 marg.
1873 3078 1923 3116 (exc
1936 3076 2022 3117 Iul.).
2059 3075 2100 3108 In
2116 3087 2201 3118 seqq.
2221 3076 2370 3109 rubricae
2386 3088 2450 3109 non

1368 3124 1432 3157 iam
1455 3124 1652 3156 adnotantur
1667 3121 1680 3164 ΙΙ
1698 3122 1818 3155 Iconos
1844 3121 1893 3154 Τι
1910 3119 1923 3160 ΙΙ
1939 3119 2143 3154 xenodothos
2164 3118 2221 3164 Vn
2236 3120 2450 3154 nosochomos

1371 3168 1403 3201 T
1417 3167 1429 3211 ΙΙ
1446 3169 1466 3202 8
1481 3167 1721 3211 ptocotrophos
1741 3167 1776 3201 V
1791 3166 2050 3209 ptochotrochos
2065 3164 2098 3197 R
2114 3164 2127 3208 ΙΙ
2147 3166 2186 3199 11
2202 3164 2350 3198 subiacet
2363 3165 2432 3199 RT
2438 3165 2450 3186 ¹

1368 3212 1553 3247 subiaceret
1569 3212 1603 3246 V
1614 3211 1627 3257 ΙΙ
1645 3211 1776 3245 ιιιεῃὶιί
1793 3210 1840 3245 T¹
1859 3211 1871 3253 ΙΙ
1885 3209 2139 3253 gubernationis
2151 3219 2209 3242 sue
2220 3210 2384 3243 rationem
2399 3209 2450 3252 ΤΙΙ

1371 3258 1411 3291 12
1425 3268 1464 3290 ex
1476 3257 1557 3300 ipsis
1570 3258 1674 3301 vulo]
1693 3259 1726 3290 et
1741 3256 1806 3299 ipsi
1823 3257 1900 3290 libri
1909 3254 1922 3300 ΙΙ
1932 3254 2127 3288 ostendatur
2142 3254 2174 3287 T
2180 3254 2191 3274 ¹
2211 3255 2389 3288 ostendant
2399 3253 2449 3288 R¹

1368 3303 1589 3336 ostenduntur
1610 3301 1717 3345 VR’fl
1740 3302 1782 3335 13
1806 3300 1860 3333 illi
1884 3311 1941 3334 om.
1955 3301 1987 3333 R
2005 3299 2018 3344 Ι]
2039 3299 2152 3332 domui
2174 3299 2222 3341 (et
2243 3299 2358 3332 domni
2381 3298 2416 3332 T
2423 3298 2448 3339 ¹)

1368 3347 1571 3380 reddendum
1585 3347 1618 3380 T
1629 3347 1641 3390 ΙΙ
1662 3348 1704 3381 14
1717 3345 1933 3389 appaurnerit
1950 3343 2008 3389 Vn
2022 3344 2195 3388 putauerit
2210 3344 2258 3377 R·
2267 3345 2300 3378 Τ
2311 3355 2444 3387 pun·

1369 3392 1418 3426 12¹
1446 3392 1458 3435 ΙΙ
1490 3394 1530 3427 15
1553 3390 1800 3434 metropolitam
1824 3391 1876 3424 R⁴²
1905 3390 1918 3434 ΙΙ
1946 3391 1988 3424 18
2012 3388 2219 3423 examinatus
2246 3389 2338 3430 libri,
2362 3399 2446 3421 corr.

1367 3438 1450 3481 vulq.
1470 3437 1482 3480 ΙΙ
1500 3437 1641 3479 exigerit
1662 3436 1743 3470 VT¹
1760 3435 1773 3481 ΙΙ
1800 3437 1841 3470 19
1865 3434 2071 3468 beatissimus
2094 3432 2212 3478 cuiq]
2233 3433 2274 3467 21
2341 3432 2448 3465 raonis

1369 3493 1424 3516 om.
1438 3482 1487 3515 R¹
1511 3482 1525 3534 ΙΙ
1549 3481 1687 3515 moratis
1713 3481 1763 3515 T·
1785 3479 1798 3525 ΙΙ
1828 3481 1871 3515 22
1896 3482 1930 3512 et
1953 3479 2157 3512 exactionem
2180 3487 2235 3511 on.
2255 3476 2291 3510 V
2335 3475 2448 3510 deberi

1371 3527 1420 3560 T·
1437 3527 1451 3570 u
1468 3528 1648 3570 episcopos]
1673 3525 1801 3559 debitos
1818 3524 1867 3559 R¹
1885 3524 1898 3568 fl
1914 3525 1955 3558 23
1977 3524 2030 3565 ad}
2049 3523 2091 3556 ab
2105 3521 2155 3556 R¹
2172 3520 2186 3565 Ι
2201 3530 2240 3554 ex
2264 3531 2320 3554 om.
2332 3521 2381 3554 R¹
2394 3521 2448 3566 Tfl

1368 3570 1609 3605 ecclesiasticus
1623 3570 1680 3614 Tu
1698 3573 1740 3605 24
1753 3570 1888 3604 condita
1906 3570 1956 3602 V⁰
1970 3569 1983 3608 ΙΙ
2000 3570 2077 3602 ante
2089 3566 2268 3606 rationum]
2285 3575 2306 3598 a
2320 3569 2447 3599 nostro-

1367 3627 1441 3650 rum
1465 3617 1515 3649 Β*
1551 3619 1629 3650 ente
1653 3615 1798 3649 horum?
1822 3614 1872 3649 Β8
1933 3615 1975 3648 25
2000 3610 2241 3655 expositionum
2262 3611 2295 3643 R
2318 3610 2331 3653 ΙΙ
2355 3611 2447 3644 debi-

1367 3664 1477 3695 tarum
1500 3661 1620 3705 13¹1*ss
1643 3662 1687 3696 26
1710 3660 1783 3694 eius
1805 3660 1883 3693 here
1908 3658 1955 3698 es]
1978 3657 2112 3692 heredes
2134 3654 2207 3688 eius
2228 3654 2279 3689 V³
2302 3657 2374 3688 eius
2396 3655 2447 3691 V¹

1367 3706 1482 3741 eosR
