2618 4010
160 155 509 189 ECCLESIASTICIS
539 155 679 188 REBUS

1253 138 1307 185 53

2128 139 2236 182 Nov.
2269 140 2347 182 VII
2379 143 2402 181 2

1170 300 1327 337 CAPUT
1351 301 1397 336 11.

196 368 319 408 Ὅπως
342 370 381 407 δὲ
404 368 449 406 ἂν
471 371 490 407 ὁ
515 369 621 417 νόμος
648 369 736 419 πρὸς
759 370 805 406 τὸ
825 372 887 414 τῆς
915 368 1157 417 ἀνθρωπίνης
1208 368 1244 405 ὖ-

160 430 250 453 σεως
282 417 446 453 ποικίλον
469 421 529 451 καὶ
560 418 603 452 τὸ
636 420 940 464 παρασυμβαῖνον
972 414 1027 450 ἀεὶ
1050 384 1245 463 μετρηιξείς

159 468 263 511 μείνῃ
288 462 347 498 διὰ
373 462 527 499 πάντων
549 461 717 505 ἀκίνητος
745 465 795 505 (τί
814 462 881 509 γὰρ
907 461 953 497 (ἲν
982 463 1034 506 εἴη
1058 461 1245 509 σταθερὸν

158 511 237 544 τῶν
255 511 294 543 ἐν
313 507 528 556 ἀνθρώποις
547 512 607 543 καὶ
631 505 745 543 οὕτως
768 506 977 550 ἀσάλευτον,
999 508 1046 543 ως
1066 506 1245 552 μηδεμίαν

158 552 351 599 ὑπομένειν
373 553 589 600 μεταβολήν,
620 556 682 597 τῆς
706 552 821 597 πάσης
845 554 949 598 ἡμῶν
973 552 1176 588 συστάσεως
1205 555 1245 588 ἐν

160 600 314 645 διηνεκεῖ
347 597 585 643 καθεστώσης
617 599 805 644 κινήσει;),
838 598 1035 646 ἀναγκαῖον
1068 598 1246 644 ᾠήθημεν

157 646 258 681 τινὰς
293 646 484 693 ἐξαιρέσεις
516 644 645 680 δοῦναι
677 647 731 689 τῷ
766 643 867 689 νόμῳ
899 644 990 689 μετὰ
1026 644 1156 688 πολλῆς
1187 646 1249 688 τῆς

157 689 356 738 ἀγρυπνίας
384 704 424 725 τε
450 694 509 724 καὶ
535 689 718 739 ἀκριβείας
744 691 997 737 ἐξηυρημένας,
1027 691 1087 723 ἵνα
1113 690 1248 724 ταύτας

158 740 253 780 ἔχων
294 738 343 771 εἰς
385 734 567 782 βοήθειαν
611 735 630 771 ὁ
671 735 776 781 νόμος
821 734 996 789 μηδαμῶς
1039 734 1247 778 σαλευθείη.

1360 369 1409 404 Ut
1439 371 1560 404 autem
1584 367 1641 402 lex
1664 367 1712 402 ad
1740 367 1919 403 humanae
1950 370 2103 402 naturae
2126 366 2335 402 varietatem
2369 369 2405 401 et

1315 415 1412 461 quod
1436 424 1575 459 semper
1598 413 1694 448 venit
1713 413 1898 448 moderata
1922 424 1986 457 per
2011 413 2129 447 omnia
2152 412 2298 447 immota
2322 422 2403 457 per-

1314 464 1457 496 maneat
1488 459 1585 505 (quid
1610 460 1703 494 enim
1729 459 1798 493 crit
1822 458 1952 493 stabile
1985 459 2077 493 inter
2109 459 2268 493 homines
2294 463 2330 493 et
2354 458 2405 492 ita

1314 506 1504 547 immobile,
1529 509 1571 541 ut
1589 505 1724 540 nullam
1743 505 1903 549 patiatur
1919 504 2163 546 mutationem,
2189 515 2269 539 cum
2290 503 2405 539 omnis

1281 555 1299 586 5
1316 555 1437 588 noster
1462 555 1578 587 status
1604 552 1671 586 sub
1695 554 1871 595 perpetuo
1895 553 1995 585 motu
2021 549 2254 592 consistatP),
2279 560 2404 584 neces-

1316 598 1450 634 sarium
1475 596 1740 633 aestimavimus
1766 596 1936 640 quasdam
1967 595 2195 639 exceptiones
2221 595 2305 630 dare
2336 595 2405 639 logi

1319 655 1399 679 cum
1424 644 1544 678 multis
1570 642 1696 686 vigiliis
1729 645 1765 677 et
1798 641 1996 677 subtilitate
2021 641 2249 684 adinventas,
2280 644 2320 675 ut
2345 651 2405 675 eas

1317 690 1455 725 habens
1479 689 1516 723 in
1541 688 1673 723 auxilio
1698 688 1756 722 lex
1777 697 2003 732 nequaquam
2027 688 2221 721 moveatur.

135 786 177 818 ‘1
235 779 403 828 Ἐφιέμεν
442 786 568 816 τοίνυν
606 783 650 829 τῇ
691 780 875 826 βασιλείᾳ,
918 782 1020 814 εὶπου
1057 792 1111 814 τις
1151 794 1245 814 κοιν-
1263 783 1334 815 101
1383 781 1537 815 Sinimus
1558 779 1665 824 igitur
1688 779 1847 823 imperio,
1877 778 1908 814 si
1932 789 2003 823 qua
2029 777 2225 813 communis
2252 788 2406 812 commo·-

160 827 296 873 ωφελής
321 830 397 862 ἐστι
427 831 487 861 καὶ
515 827 603 874 πρὸς
627 826 848 863 λυσιτέλειαν
877 827 938 869 τῆς
962 825 1143 861 πολιτείας
1166 825 1245 869 βλέ-

160 886 277 908 πουσα
314 878 415 920 χρεία
450 877 509 907 καὶ
543 875 669 916 κτῆσιν
705 871 908 907 ἀπαιτοῦσα
946 869 1111 905 τοιούτου
1149 870 1247 905 τινὸς

159 917 327 962 ἀκινήτου
351 919 559 973 πράγματος
589 917 715 953 ὁποῖον
746 915 983 961 ὑπεθέμεθα,
1018 917 1126 950 τοῦτο
1157 914 1249 964 αὐτῇ

160 964 259 1012 παρὰ
294 966 373 999 τῶν
410 964 626 1012 αγιωτάτων
664 962 864 1006 ἐκκλησιῶν
896 966 955 996 καὶ
994 964 1072 996 τῶν
1108 961 1249 996 λοιπῶν

186 1008 194 1020 )
261 1011 276 1018 ο

1316 826 1409 861 ditas
1430 828 1485 860 est
1511 828 1545 860 et
1564 825 1611 860 ad
1629 825 1820 860 utilitatem
1840 824 2061 868 reipublicae
2079 824 2276 868 respiciens
2299 834 2408 858 causa

1316 874 1351 906 et
1384 872 1645 916 possessionem
1671 871 1813 915 exigens
1843 870 1926 905 talis
1957 870 2109 905 alicuius
2140 869 2330 904 immobilis
2355 869 2407 903 rei

1319 918 1459 961 qualem
1483 916 1757 961 proposuimUS‚
1790 916 1859 951 hoc
1884 916 1917 951 ei
1941 926 1963 950 a
1988 915 2221 951 sanctissimis
2247 915 2408 949 ecclesiis

1319 966 1355 996 et
1378 962 1524 1006 reliquis
1548 962 1811 997 venerabilibus
1845 962 2007 996 domibus
2035 964 2072 996 et
2105 960 2262 1005 collegiis
2293 960 2407 1004 perci-

160 1024 302 1057 ευαγων
333 1011 446 1044 οἴκων
478 1023 517 1044 τε
553 1012 612 1043 καὶ
649 1006 890 1051 συστημάτων
927 1007 1128 1052 λαμβάνειν
1164 1008 1247 1048 ἑξεῖ·
1266 1011 1302 1042 15
1318 1018 1403 1052 pere
1427 1008 1546 1048 licere,
1571 1007 1729 1052 undique
1747 1008 1858 1042 saeris
1884 1007 2049 1042 domibus
2073 1006 2308 1042 indemnitate
2334 1016 2407 1040 ser-

159 1071 237 1097 ναι,
258 1057 323 1090 τοῦ
346 1055 582 1097 πανταχόθεν
601 1052 751 1097 ἀζημίου
773 1057 845 1087 τοῖς
868 1053 972 1099 ἱεροῖς
993 1054 1100 1087 οἴκοις
1117 1052 1248 1099 φυλατ-

159 1105 330 1145 τομένου,
370 1104 430 1134 καὶ
459 1098 732 1144 άντιδιδομένου
765 1097 974 1146 πράγματος
1007 1097 1127 1132 αὐτοῖς
1151 1097 1249 1145 παρὰ

159 1149 223 1181 τοῦ
260 1145 506 1191 λαμβάνοντος
539 1145 617 1178 ἴσου
653 1142 676 1188 ἢ
711 1147 770 1177 καὶ
810 1144 975 1179 πλειόνος
1010 1146 1073 1178 τοῦ
1109 1143 1248 1186 διδομέ-

160 1206 236 1227 νου.
289 1196 327 1226 τί
355 1190 423 1238 γὰρ
454 1188 500 1224 ἂν
537 1194 596 1224 καὶ
633 1187 838 1232 αἰτιάσαιτο
872 1189 1040 1234 βασιλεὺς
1076 1189 1166 1234 πρὸς
1204 1189 1247 1224 τὸ

1318 1057 1401 1087 vata
1436 1055 1473 1087 et
1509 1053 1814 1097 recompensanda
1847 1063 1886 1088 re
1919 1053 1968 1088 eis
2001 1053 2047 1087 ab
2078 1063 2119 1088 eo
2159 1053 2219 1097 qui
2249 1052 2409 1097 percepit

1318 1109 1434 1142 aequa
1459 1102 1522 1132 aut
1547 1099 1652 1132 etiam
1675 1098 1820 1140 maiore,
1841 1109 1949 1143 quam
1975 1098 2059 1134 data
2084 1101 2149 1134 est.
2197 1098 2290 1142 Quid
2314 1098 2408 1132 enim

1319 1148 1488 1179 causetur
1523 1143 1731 1188 imperator,
1768 1155 1813 1179 ne
1849 1145 1998 1179 meliora
2033 1144 2118 1179 det?
2161 1145 2219 1179 cui
2253 1143 2409 1188 plurima

1318 1191 1406 1225 deus
1442 1189 1539 1223 dedit
1576 1189 1709 1223 habere
1746 1193 1781 1223 et
1815 1190 2010 1224 multorum
2048 1190 2229 1224 dominum
2265 1199 2342 1223 esse
2374 1194 2409 1223 et

158 1237 207 1282 μὴ
230 1235 356 1271 δοῦναι
377 1249 419 1270 το
439 1234 596 1276 κάλλιον;
621 1234 692 1282 ᾡγε
715 1235 830 1289 πολλα
848 1238 915 1280 μὲν
937 1234 1094 1270 δέδωκεν
1119 1234 1137 1269 ὁ
1163 1234 1250 1269 θεὸς
1265 1238 1305 1270 20
1320 1235 1426 1270 facile
1451 1234 1555 1273 dare,
1590 1239 1625 1268 et
1650 1234 1801 1270 maxime
1834 1235 1871 1269 in
1897 1235 2132 1270 sanctissimis
2159 1235 2340 1277 ecclesiis,
2371 1235 2408 1268 in

159 1283 262 1326 ἔχειν,
282 1281 429 1316 πολλῶν
449 1280 488 1315 δὲ
507 1279 630 1329 κύριον
651 1281 891 1323 καθεσταναι,
915 1285 975 1315 καὶ
997 1280 1130 1329 ῥᾳδίως
1154 1278 1248 1324 &335-

158 1342 238 1368 ναι,
270 1330 330 1361 καὶ
358 1326 517 1371 μάλιστα
547 1329 595 1361 εἰς
627 1325 832 1372 ἁγιωτάτας
864 1327 1068 1370 ἐκκλησίας,
1106 1324 1164 1372 ἐφ’
1195 1326 1248 1361 ὡν

157 1373 307 1419 ἄριστον
331 1376 466 1420 μέτρον
493 1371 515 1415 ἡ
538 1374 617 1406 τῶν
645 1372 887 1420 δωρουμένων
914 1374 1144 1414 καθέστηκεν
1165 1371 1247 1416 ἆμε-

156 1421 252 1465 τρία.
292 1414 396 1452 ’Ώςτε
429 1419 460 1451 εἰ
491 1417 635 1453 τοιοῦτό
668 1431 704 1452 τι
734 1422 874 1465 γένοιτο
907 1422 967 1452 καὶ
999 1418 1248 1465 πραγματικὸς

1319 1281 1450 1324 quibus
1488 1280 1623 1325 optima
1660 1291 1827 1314 mensura
1861 1283 1915 1315 est
1952 1281 2165 1316 donatarum
2201 1281 2251 1316 eis
2289 1291 2409 1315 rerum

1317 1326 1547 1362 immensitas.
1608 1325 1710 1360 Unde
1742 1326 1771 1360 si
1807 1326 1891 1370 quid
1918 1326 1989 1360 tale
2021 1326 2086 1360 fiat
2122 1329 2157 1361 et
2190 1326 2409 1371 pragmatica

1318 1372 1537 1417 processerit
1568 1371 1681 1406 forma
1718 1372 1944 1416 praecipiens
1975 1372 2122 1416 imperio
2156 1372 2241 1407 dare
2274 1372 2409 1417 aliquid

1319 1418 1445 1453 talium
1466 1428 1595 1458 rerum,
1621 1421 1657 1451 et
1677 1417 2004 1461 recompensaverit
2027 1428 2110 1452 mox
2132 1428 2206 1452 rem
2229 1418 2409 1452 meliorem

158 1462 334 1510 προέλθοι
366 1461 477 1498 τύπος
512 1461 531 1498 ὁ
564 1465 774 1516 ἐπιτρξπων
807 1465 852 1512 τῇ
886 1463 1054 1508 βασιλείᾳ
1090 1463 1251 1507 δοθῆναί
1262 1467 1303 1498 25
1320 1468 1354 1500 et
1387 1463 1587 1498 uberiorem
1612 1467 1648 1497 et
1679 1462 1876 1504 utiliorem,
1910 1463 1956 1497 sit
1981 1473 2024 1497 ea
2055 1464 2270 1508 permutatio
2296 1464 2408 1500 firma.

157 1523 193 1543 τι
224 1510 302 1543 τῶν
332 1508 513 1544 τοιούτων
545 1523 773 1556 πραγματων
807 1512 868 1543 καὶ
901 1508 1105 1544 ἀντιδιδοὺς
1139 1509 1248 1543 εὐθὺς

158 1555 305 1602 πρᾶγμα
330 1553 477 1589 κάλλιόν
508 1568 548 1590 τε
580 1559 642 1589 καὶ
678 1554 939 1601 δαψιλέστερον
972 1559 1033 1589 καὶ
1068 1554 1246 1601 ἐπωφελέ-

158 1612 297 1647 στερον,
326 1599 421 1634 ἴστω
444 1599 490 1634 τὰ
514 1602 575 1644 τῆς
608 1598 716 1644 αὐτῆς
736 1599 921 1646 ᾀμείψεως
943 1605 1093 1646 βέβαια,
1125 1604 1184 1634 καὶ
1215 1600 1250 1634 οἱ

159 1647 386 1692 προεστῶτες
409 1648 487 1680 τῶν
513 1648 633 1701 οἴκων,
661 1647 700 1687 ἐξ
725 1646 778 1681 ὡν
801 1647 844 1681 τὸ
876 1646 1134 1691 ἐκποιούμενον
1159 1649 1247 1687 ἐστι’,

1319 1512 1356 1544 et
1374 1509 1409 1551 ii,
1436 1509 1497 1553 qui
1520 1508 1728 1553 praesident
1749 1508 1924 1551 domibus,
1950 1519 2100 1553 quarum
2126 1512 2182 1544 est
2205 1509 2300 1554 quod
2324 1509 2409 1543 alie-

1319 1557 1437 1597 natur,
1464 1558 1500 1589 et
1523 1554 1583 1598 qui
1606 1554 1740 1588 talibus
1764 1554 1973 1589 ministrant
1997 1554 2138 1597 litteris,
2163 1555 2240 1590 sine
2265 1555 2411 1599 querela

1318 1601 1476 1645 undique
1505 1600 1591 1641 sint,
1625 1600 1757 1634 nullam
1789 1602 1990 1635 metuentes
2022 1611 2240 1645 poenarum,
2274 1610 2365 1644 quae
2389 1611 2411 1634 a

1318 1647 1441 1681 Leone
1461 1646 1541 1690 piae
1564 1645 1754 1680 memoriae
1772 1645 2049 1681 interminantur
2072 1649 2109 1680 et
2126 1657 2148 1680 a
2165 1646 2268 1681 nobis
2290 1646 2409 1680 firma-

158 1695 218 1725 xal
241 1691 277 1725 οἱ
300 1695 374 1726 τοῖς
396 1691 590 1747 τοιούτοις-κ
602 1690 886 1738 υπηρετούμενοι
915 1692 1123 1739 γράμμασιν
1147 1690 1246 1726 civet-
1263 1695 1303 1726 30
1319 1696 1376 1726 tae
1395 1697 1495 1727 sunt:
1523 1691 1646 1735 utique
1664 1702 1744 1726 cum
1764 1701 1830 1725 nec
1849 1692 1960 1726 multo
1981 1691 2148 1727 differant
2171 1693 2216 1727 ab
2237 1692 2409 1727 alterutro

157 1737 268 1771 θυνοι
300 1737 540 1780 πανταχόθεν
572 1750 750 1779 εστωσαν,
781 1736 960 1782 μηδεμιάν
991 1736 1248 1782 εὐλαβούμενοι

159 1782 291 1826 ποινὴν
314 1785 393 1817 τῶν
418 1783 517 1830 παρὰ
542 1786 703 1818 Λέοντος
734 1785 798 1818 τοῦ
828 1785 890 1828 τῆς
922 1782 1089 1828 εὐσεβοῦς
1117 1781 1249 1827 λήξεως

157 1827 409 1873 ἠπειλημένων
433 1833 494 1862 καὶ
518 1827 609 1875 παρ’
636 1826 741 1873 ἡμῶν
772 1830 1026 1875 κυρωθεισῶν.
1076 1833 1148 1863 Καὶ
1180 1828 1248 1875 γὰρ

158 1871 241 1907 οὐδὲ
264 1873 387 1918 πολλῷ
409 1873 592 1930 διεστᾶσιν
610 1872 776 1918 ἀλλήλων
797 1874 973 1922 ἱερωσύνη
995 1888 1035 1909 τε
1059 1878 1118 1908 καὶ
1143 1879 1248 1919 βασι-

1320 1737 1560 1773 sacerdotium
1586 1741 1621 1772 et
1644 1737 1850 1782 imperium,
1877 1741 1912 1772 et
1937 1747 2063 1772 sacrae
2083 1748 2141 1773 res
2165 1748 2188 1772 a
2213 1739 2408 1773 communi-

1318 1785 1387 1819 bus
1413 1787 1448 1818 et
1472 1783 1646 1828 publicis,
1682 1782 1823 1827 quando
1849 1783 1962 1818 omnis
1988 1783 2223 1818 sanctissimis
2248 1785 2409 1819 ecclesiis

1319 1829 1544 1864 abundantia
1580 1831 1617 1863 et
1649 1830 1764 1863 status
1798 1838 1842 1863 ex
1874 1828 2121 1873 imperialibus
2157 1829 2409 1865 munificentiis

1318 1878 1494 1920 perpetuo
1519 1874 1725 1919 praebetur.
1771 1874 1965 1909 Alterutris
1990 1874 2112 1919 itaque
2137 1879 2409 1920 compensantes

159 1919 253 1960 λεία,
284 1922 343 1953 καὶ
355 1919 413 1974 ατὰ
446 1920 523 1966 ιερὰ
546 1919 744 1974 πράγματα
773 1934 852 1974 των
883 1934 1017 1955 κοινων
1041 1934 1080 1954 τε
1105 1924 1164 1954 καὶ
1189 1919 1247 1963 δη·
1263 1923 1304 1956 35
1320 1931 1412 1965 quae
1448 1920 1593 1960 decent,
1632 1930 1705 1954 non
1742 1920 1787 1954 ab
1825 1920 2003 1964 aliquibus
2040 1921 2118 1956 iure
2153 1921 2408 1965 culpabuntur.

158 1969 316 2008 μοσίων·
352 1979 444 2001 οπου
475 1980 515 2012 γε
549 1979 649 2001 πασα
685 1969 763 2000 ταῖς
794 1964 1013 2013 αγιωτάταις
1049 1965 1247 2009 ἐκκλησίαις

158 2008 308 2057 εὐπορία
332 2024 373 2045 τε
398 2014 458 2045 καὶ
483 2010 654 2046 σύστασις
676 2013 714 2045 ἐκ
741 2013 820 2046 τῶν
848 2012 948 2058 παρὰ
970 2013 1031 2055 τῆς
1060 2011 1245 2056 βασιλείας

188 2055 376 2100 ιλοτιμιῶν
405 2055 576 2100 διηνεκῶς
606 2055 823 2092 ἐπιδίδοται.
870 2055 1037 2100 ἀλλήλαις
1061 2051 1125 2091 οὖν
1148 2056 1246 2091 ἀντι-

159 2070 323 2135 {laniem
344 2100 389 2135 τὰ
414 2106 603 2149 πρέποντα
623 2100 686 2136 οὐκ
709 2100 756 2137 ἂν
773 2100 844 2139 ὑπό
870 2115 967 2138 τινος
991 2102 1139 2137 εἰκότως
1161 2116 1248 2147 μεμ-

1315 1966 1434 2001 Aliam
1458 1976 1542 2001 vero
1567 1976 1707 2000 omnem
1731 1965 1805 2000 sive
1827 1965 1873 2000 ad
1902 1966 2020 2010 ipsum
2053 1966 2241 2011 imperium
2266 1967 2339 2002 sive
2363 1968 2409 2002 ad

1315 2012 1423 2047 aliam
1453 2022 1712 2057 quamcumque
1745 2021 1935 2056 personam
1969 2012 2104 2046 factam
2137 2012 2210 2047 sive
2234 2013 2406 2048 venditio-

159 2148 302 2192 φθεῖεν.
344 2146 473 2191 Ἄλλην
498 2146 538 2181 δὲ
560 2149 685 2183 πᾶσαν
708 2149 780 2183 εἴτε
803 2147 893 2194 πρὸς
914 2145 1028 2192 αὐτὴν
1050 2148 1118 2192 τὴν
1145 2153 1247 2193 βασι·
1263 2152 1305 2183 40

159 2192 260 2227 λείαν
291 2192 363 2228 εἴτε
395 2192 484 2241 πρὸς
507 2196 632 2240 ἕτερον
660 2193 804 2228 οἱονοῦν
837 2194 1031 2242 πρόςωπον
1058 2197 1253 2241 γινομένην

292 2284 340 2321 Π.
392 2279 439 2321 Ut
466 2296 551 2321 vero
584 2285 674 2321 llaec
697 2286 760 2322 lex
786 2285 837 2321 ad
864 2285 1044 2322 lzumanae
1067 2290 1224 2321 naturae
1249 2286 1462 2321 varietatem
1485 2290 1521 2321 et
1550 2286 1600 2321 ad
1629 2285 1669 2320 id
1699 2285 1800 2337 quod
1819 2286 1940 2331 ferme
1964 2285 2108 2321 obvenit
2134 2287 2410 2324 accommodata

159 2334 305 2366 maneat
330 2334 515 2382 perpetuo
547 2331 696 2366 immota
726 2331 829 2376 (quid
850 2332 945 2366 enim
968 2331 1064 2366 inter
1087 2331 1251 2366 homines
1278 2331 1410 2366 stabile
1438 2335 1494 2366 est
1519 2335 1555 2366 et
1577 2331 1669 2366 adeo
1693 2342 1966 2373 inconcussum,
1996 2336 2039 2367 ut
2069 2331 2208 2366 nullam
2239 2335 2408 2369 mutatio-

159 2386 239 2410 nem
258 2379 439 2454 patiatur,
461 2386 541 2410 cum
558 2376 675 2410 omnis
692 2376 902 2411 constitutio
927 2380 1055 2410 nostra
1071 2376 1110 2410 in
1128 2379 1310 2422 perpetuo
1327 2379 1428 2411 motu
1445 2376 1493 2411 sit
1501 2376 1542 2418 ?)‚
1566 2377 1810 2411 necessarium
1854 2377 2033 2411 utavimus
2047 2378 2283 2423 exceptiones
2300 2390 2409 2425 quas-

160 2420 243 2455 dam
277 2421 336 2465 eqi
360 2420 494 2455 addere
517 2420 631 2455 multa
655 2431 735 2455 cum
757 2420 1008 2455 lucubratione
1028 2425 1064 2455 et
1087 2420 1278 2466 diliqentia
1301 2421 1483 2463 inventas,
1511 2424 1554 2455 ut
1574 2432 1699 2456 earum
1723 2422 1816 2457 auxi
1832 2422 1868 2456 io
1892 2432 1960 2456 usa
1986 2422 2049 2457 lea:
2069 2433 2299 2468 nequaquam
2323 2435 2408 2459 con-

160 2467 180 2500 1
204 2465 373 2500 cutiatur.
444 2461 692 2500 Permittimus
712 2466 826 2512 iqitur
844 2466 1071 2512 imperatori,
1095 2471 1147 2507 ut,
1172 2465 1287 2500 sicubi
1307 2477 1381 2511 qua
1405 2466 1601 2501 necessitas
1624 2466 1673 2501 sit
1695 2477 1744 2502 ex
1764 2467 1943 2501 communi
1966 2478 2034 2501 usu
2058 2471 2095 2503 et
2117 2467 2166 2502 ad
2188 2468 2409 2515 reipublicae

160 2510 352 2546 utilitatem
382 2515 552 2557 spectans
584 2521 750 2557 quaeque
777 2511 1048 2557 possessionem
1079 2510 1257 2546 eiusmodi
1287 2511 1341 2546 rei
1369 2511 1577 2554 immobilis,
1614 2512 1757 2557 qualem
1783 2512 2068 2558 proposuimus,
2101 2513 2251 2559 exiqat,
2281 2526 2359 2550 eam
2385 2528 2408 2550 a

161 2555 400 2591 sanctissimis
423 2556 584 2592 ecclesiis
606 2556 830 2602 reliquisque
851 2557 970 2592 saeris
993 2556 1157 2592 domibus
1181 2561 1217 2591 et
1240 2556 1404 2603 colleqiis
1427 2556 1482 2591 illi
1506 2556 1673 2603 accipere
1697 2557 1825 2599 liceat,
1858 2561 1901 2592 ut
1925 2561 2044 2593 tamen
2067 2558 2288 2594 indemnitas
2311 2562 2408 2596 omni

160 2612 210 2636 ex
232 2605 347 2647 parte
369 2602 488 2636 sacris
507 2601 672 2637 domibus
694 2606 869 2644 servetur,
900 2602 1017 2648 iisque
1041 2602 1086 2637 ab
1111 2601 1312 2648 accipiente
1336 2613 1396 2637 res
1426 2613 1470 2637 ae
1496 2602 1592 2637 ualis
1616 2602 1673 2638 vel
1701 2604 1811 2638 etiam
1842 2602 1972 2646 maior,
2009 2613 2118 2649 quam
2153 2603 2241 2639 data
2269 2605 2336 2649 sit,
2369 2606 2407 2641 in

160 2647 270 2682 vicem
294 2646 408 2682 detur.
457 2646 555 2689 Quid
576 2647 671 2682 enim
694 2652 865 2683 causetur
885 2648 1098 2695 imperator,
1130 2647 1323 2694 quominus
1341 2647 1403 2682 det
1419 2659 1474 2683 me
1490 2648 1584 2689 iora,
1609 2648 1667 2683 cui
1688 2648 1833 2694 quidem
1854 2648 1943 2684 deus
1966 2648 2125 2695 larqitus
2147 2650 2207 2691 sit,
2231 2655 2274 2685 ut
2292 2651 2407 2687 multa

161 2691 304 2734 habeat,
327 2692 524 2728 multorum
544 2692 713 2728 dom-inus
735 2693 795 2736 sit,
817 2697 853 2728 et
872 2693 989 2739 facile
1010 2693 1100 2728 dare
1116 2693 1250 2739 possit,
1278 2692 1388 2738 idque
1411 2693 1571 2729 maxime
1593 2694 1832 2729 sanctissimis
1855 2693 2026 2737 ecclesiis,
2056 2694 2188 2740 quibus
2209 2696 2288 2731 sine
2311 2708 2406 2732 men-

161 2748 250 2772 sura
274 2737 412 2774 donare
433 2738 571 2784 optima
595 2749 766 2773 mensura
789 2739 870 2774 est?
912 2737 1045 2785 Itaque
1067 2739 1101 2774 si
1126 2738 1197 2773 tale
1222 2738 1312 2784 quid
1331 2738 1401 2783 fiat
1420 2743 1455 2774 et
1476 2739 1708 2785 praqmatica
1731 2739 1873 2774 sanctio
1887 2739 2052 2786 prodeat
2070 2751 2165 2786 quae
2191 2741 2408 2787 imperatori

160 2793 210 2818 ex
228 2782 361 2818 talibus
379 2782 487 2819 rebus
505 2783 647 2829 aliquid
666 2783 755 2819 dare
772 2784 987 2831 praecipiat
1001 2788 1038 2819 et
1058 2785 1182 2820 statim
1202 2784 1384 2819 meliorem
1406 2787 1443 2819 et
1460 2784 1771 2830 praestantiorem
1795 2789 1832 2820 et
1851 2785 2035 2820 utiliorem
2052 2796 2128 2820 rem
2144 2786 2183 2820 in
2200 2787 2311 2822 vicem
2335 2788 2405 2831 det,

160 2840 203 2863 ea
227 2828 311 2875 ipsa
334 2829 562 2880 permutatio
614 2840 694 2864 rma
724 2829 792 2872 sit,
822 2830 941 2876 etqui
958 2833 1144 2877 praesunt
1171 2827 1355 2871 domibus,
1386 2840 1542 2875 quarum
1565 2834 1619 2865 est
1638 2830 1678 2865 id
1697 2830 1802 2909 unod
1821 2830 2016 2873 alienatur,
2048 2834 2085 2866 et
2106 2832 2171 2877 qui
2196 2832 2328 2868 talibus
2351 2834 2404 2868 in-

159 2878 370 2910 strumentis
389 2875 566 2920 conficien
593 2875 626 2909 is
642 2886 792 2920 operam
807 2875 995 2918 dederunt,
1021 2875 1118 2910 omni
1137 2875 1297 2920 undique
1314 2874 1464 2909 crimine
1481 2879 1620 2917 vacent,
1645 2875 1783 2910 nutam
1798 2876 1904 2911 veriti
1923 2887 2049 2911 earum
2066 2887 2287 2923 poenarum,
2312 2890 2406 2925 quae

160 2931 183 2954 a
199 2918 320 2954 Leone
333 2919 424 2972 piae
439 2920 552 2955 sortis
571 2921 772 2956 intentatae
790 2924 878 2956 sunt
896 2925 932 2956 et
953 2932 977 2956 a
997 2920 1102 2956 nobis
1122 2920 1369 2965 confirmatae.
1404 2919 1532 2971 Neque
1551 2921 1645 2956 enim
1662 2921 1813 2956 multum
1834 2921 1930 2957 inter
1949 2932 1988 2956 se
2005 2921 2144 2957 distant
2161 2923 2405 2960 sacerdotium

160 2969 196 3000 et
219 2965 427 3011 imperium,
450 2976 567 3012 neque
589 2976 649 3000 res
671 2976 801 3001 sacrae
823 2977 848 3000 a
867 2965 976 3001 rebus
999 2965 1245 3001 communibus
1268 2969 1304 3001 et
1319 2964 1499 3011 publicis:
1523 2966 1819 3012 quandoquidem
1842 2967 2083 3002 sanctissimis
2106 2968 2266 3004 ecclesiis
2290 2971 2405 3005 omnis

161 3010 270 3056 copia
300 3014 412 3056 atque
441 3014 560 3046 status
583 3022 607 3045 a
630 3011 877 3056 munificentia
907 3011 1143 3058 imperatoris
1170 3014 1350 3057 perpetuo
1381 3010 1588 3057 praebetur.
1642 3010 1741 3047 Unde
1772 3012 1805 3046 si
1835 3016 1961 3047 mutuo
1991 3013 2060 3048 sibi
2085 3018 2282 3065 praestent
2310 3026 2405 3061 quae

161 3055 281 3097 decet,
304 3066 326 3089 a
347 3056 487 3090 nemine
512 3056 593 3091 iure
615 3056 833 3102 reprehendi
851 3061 1039 3102 poterunt.
1087 3056 1207 3092 Aliam
1232 3067 1316 3091 vero
1342 3066 1482 3091 omnem
1505 3057 1580 3092 sive
1602 3057 1842 3093 venditionem
1866 3058 1940 3093 sive
1964 3057 2196 3094 donationem
2224 3060 2299 3095 sive
2319 3072 2403 3107 per-

207 3172 227 3203 2
251 3166 295 3203 τὸ
319 3183 377 3203 οηι.
397 3171 429 3204 A
452 3169 466 3214 Η
491 3172 510 3203 3
534 3173 651 3213 μείνοι
674 3171 706 3204 Α
724 3170 737 3215 Η
753 3167 944 3216 σταθηρὸν
967 3172 997 3204 A
1022 3169 1034 3214 Η
1050 3172 1070 3204 9
1095 3166 1114 3204 ὁ
1139 3167 1246 3214 νόμος

162 3229 221 3249 om.
243 3215 276 3248 A
300 3213 313 3259 Η
339 3218 380 3249 10
403 3211 556 3260 ἀφίεμεν
578 3218 702 3249 τοίνυν
724 3216 793 3259 τὴν
814 3214 1006 3259 βασιλείαν
1029 3217 1061 3249 Α
1084 3215 1096 3260 ΙΙ
1121 3227 1245 3248 κοινω-

162 3257 280 3306 φελής]
313 3261 497 3293 communis
528 3262 742 3294 commoditas
777 3263 812 3301 (i.
838 3274 863 3295 e.
894 3259 1129 3306 κοινωφέλεια
1139 3261 1168 3302 Ῡ)
1194 3273 1213 3298 ς
1235 3260 1246 3306 Η

165 3310 204 3340 12
228 3308 287 3339 καὶ
309 3306 448 3348 κτῆσιν]
473 3306 660 3348 ἐκποίησιν
673 3309 704 3340 Α
723 3307 736 3350 Η
754 3309 794 3341 13
819 3303 933 3349 αὐτὴν
945 3307 976 3340 A
995 3306 1007 3350 Η
1026 3309 1067 3340 14
1089 3306 1168 3339 τῶν
1188 3320 1245 3339 om.

162 3355 192 3386 A
211 3352 224 3395 Η
243 3354 281 3385 15
307 3348 508 3395 λαμβάνειν
529 3365 587 3384 om.
612 3353 643 3385 A
659 3353 671 3395 Η
693 3355 732 3385 18
763 3348 785 3394 ἢ
810 3365 867 3385 om.
892 3353 923 3386 A
942 3350 956 3405 Η
969 3352 1032 3385 τοῦ
1059 3349 1246 3395 διδομένου

163 3411 222 3432 om.
232 3398 263 3431 A
274 3395 287 3441 Η
303 3399 342 3430 19
358 3397 427 3430 αἱτ.
441 3392 675 3440 ὁβασιλεῦςΑ
691 3396 704 3442 Η
723 3399 766 3431 20
780 3395 907 3430 δοῦναι
920 3399 975 3438 το]
988 3397 1246 3444 παρασχέσθαι

162 3444 193 3476 A
208 3442 221 3487 Η
239 3444 305 3486 μὲν
319 3443 362 3484 A]
378 3455 434 3475 om.
452 3442 499 3475 M
514 3441 526 3486 Η
546 3443 585 3476 21
606 3439 845 3484 καθεστάναι]
859 3441 962 3483 εἶναι,
975 3444 1008 3476 in
1021 3456 1081 3486 my.
1100 3467 1127 3476 ..
1139 3467 1148 3475 .
1162 3440 1246 3476 άναι

161 3491 218 3530 (==
236 3492 302 3534 [γρ.
316 3484 560 3529 καθεστ]άναι
568 3487 598 3529 ’.7)
611 3488 642 3520 A
657 3487 670 3531 Η
689 3489 730 3522 22
750 3490 809 3520 καὶ
828 3485 996 3531 μάλιστα]
1020 3485 1177 3531 μάλιστα
1192 3489 1222 3521 A
1235 3487 1246 3530 Η

163 3535 205 3567 23
224 3530 466 3579 δωρουμένων
478 3530 597 3566 αὐτοῖς
612 3531 880 3575 καθέστηκενΑ
895 3533 907 3577 Η
927 3535 970 3567 24
990 3531 1246 3579 πραγματικὸς]

162 3576 381 3612 πολιτικὸςᾼ
392 3579 404 3621 Η
418 3580 461 3612 26
477 3574 705 3632 πραγμάτων
717 3575 955 3612 ἇντιδίὸωσιν
964 3578 995 3612 A
1008 3579 1019 3623 Η
1033 3581 1072 3612 27
1083 3592 1130 3623 sq.
1147 3576 1246 3623 δαιμ,

161 3620 181 3656 ὃ
205 3625 265 3656 καὶ
289 3624 406 3669 ἐπωφ.
427 3620 541 3659 ἔσται.
563 3637 583 3656 ο
607 3621 650 3656 τὰ
667 3624 728 3665 τῆς
747 3621 779 3656 ἀ.
797 3621 830 3657 ἀ.
850 3626 985 3668 βέβαια
1007 3625 1211 3666 κατέχωνΑ
1236 3627 1247 3668 Η

164 3672 206 3703 30
229 3666 414 3715 γράμμασι
436 3666 675 3711 πανταχόθεν
698 3665 895 3703 άνεύθυνοι
911 3671 942 3702 A
959 3668 972 3714 Η
990 3671 1032 3703 34
1065 3666 1248 3712 διεστήκα-

164 3716 259 3747 σινΑ
275 3714 287 3758 Η
307 3716 348 3749 35
363 3713 410 3748 τὰ
424 3712 755 3760 ἱερὰ-δημοσίων]
777 3716 817 3748 ἐν
829 3714 960 3758 ἑτέροις
973 3726 1002 3749 π
1025 3712 1159 3761 άγμασι
1171 3715 1248 3748 τῶν

164 3761 293 3792 κοινοῖς
307 3772 347 3792 τε
357 3762 415 3792 καὶ
426 3757 607 3803 δημοσίοις
618 3762 646 3792 Α
659 3758 672 3804 Η
685 3762 724 3793 37
740 3759 996 3794 ‚cardamas-A
1043 3759 1142 3807 παρὰ
1151 3774 1208 3795 om.
1217 3762 1247 3793 A

1364 3173 1377 3204 1
1416 3172 1506 3203 rubr.
1542 3171 1716 3208 Quomodo
1747 3172 1828 3205 licet
1857 3173 1899 3206 ad
1931 3174 2164 3216 imperatorem
2197 3185 2265 3206 rem
2296 3176 2401 3207 sancti

1314 3215 1380 3249 loci
1403 3216 1565 3248 transfere
1589 3217 1624 3249 R
1647 3230 1708 3261 my.
1739 3215 1752 3261 Η
1779 3218 1957 3260 humanae]
1982 3221 2005 3251 h
2030 3232 2069 3252 ez·
2093 3232 2175 3252 corr.
2201 3221 2232 3252 R
2250 3219 2263 3264 Η
2284 3221 2303 3253 2
2327 3231 2401 3262 pcr-

1314 3271 1464 3294 maneam
1487 3260 1539 3294 R¹
1555 3260 1567 3305 Η
1587 3264 1605 3294 3
1632 3262 1708 3303 erit]
1731 3265 1955 3305 permanearit
1978 3265 2030 3297 Ra
2054 3263 2066 3308 Η
2086 3267 2103 3297 7
2130 3265 2180 3304 ut]
2205 3268 2264 3297 aut
2285 3265 2372 3299 R²T
2391 3265 2403 3309 Η

1319 3309 1358 3340 10
1383 3307 1419 3339 si
1435 3307 1546 3338 minus
1558 3306 1609 3340 R²
1627 3306 1640 3351 Η
1661 3310 1696 3341 11
1725 3318 1822 3340 causa
1839 3310 2017 3352 respiciens
2029 3310 2073 3349 R,
2099 3319 2196 3341 causa
2216 3323 2274 3343 om.
2292 3312 2377 3351 vulo.
2393 3310 2403 3355 Η

1318 3355 1357 3385 12
1383 3354 1416 3385 et
1438 3362 1524 3394 poss,
1549 3353 1695 3394 exigens]
1719 3354 1755 3385 in
1778 3356 1983 3396 possessione
2008 3355 2119 3386 exiens
2143 3353 2195 3388 R²
2218 3354 2230 3398 Η
2255 3348 2402 3398 111111111113

1315 3399 1348 3432 R
1372 3396 1384 3441 Η
1408 3396 1610 3429 immobilem
1635 3398 1672 3431 V
1678 3397 1692 3416 ²
1717 3398 1730 3442 Η
1754 3401 1794 3432 13
1826 3400 1872 3432 eis
1897 3400 1935 3433 V
1954 3400 1965 3443 Η
1991 3402 2029 3434 16
2055 3411 2124 3433 rem
2146 3400 2197 3433 R²
2220 3399 2233 3445 Η
2257 3403 2401 3444 percipit

1315 3443 1402 3486 vulq.
1419 3442 1431 3487 Η
1453 3445 1492 3476 17
1518 3445 1636 3484 aequa]
1662 3454 1683 3485 q
1707 3446 1740 3477 in
1765 3457 1831 3478 ras.
1852 3445 1887 3478 R
1909 3445 1921 3488 Η
1950 3446 2062 3485 etiam]
2086 3446 2123 3478 in
2146 3445 2181 3479 R
2202 3444 2217 3489 Η
2244 3448 2283 3480 19
2309 3447 2401 3480 dedit

1316 3489 1395 3521 deus
1426 3489 1512 3532 vulq.
1541 3489 1552 3530 Η
1585 3490 1627 3522 20
1666 3491 1774 3522 facere
1805 3490 1882 3522 dare
1915 3490 1967 3523 Ra
1995 3491 2006 3532 Η
2037 3492 2077 3524 21
2119 3489 2281 3534 mensalra
2313 3493 2365 3525 Ra
2389 3492 2401 3535 Η

1316 3536 1358 3567 22
1383 3533 1471 3565 unde
1495 3534 1523 3566 si
1547 3534 1629 3575 quid
1654 3536 1702 3567 bis
1722 3547 1784 3568 scr.
1806 3533 1857 3567 ΕΙ
1873 3534 1884 3578 Ι]
1902 3538 2075 3578 pragmata
2098 3535 2150 3569 R1
2168 3536 2180 3581 Η
2196 3539 2239 3571 26
2264 3538 2314 3570 hii
2334 3539 2404 3572 BT

1315 3580 1351 3611 hi
1377 3579 1414 3612 V
1437 3579 1449 3622 Η
1473 3580 1515 3611 28
1541 3579 1636 3611 nulla
1660 3579 1709 3612 ΕΙ
1736 3580 1748 3622 Η
1773 3581 1815 3614 29
1839 3581 1963 3621 Leone]
1984 3581 2093 3614 lieone
2118 3583 2179 3623 Ra,
2204 3593 2267 3615 one
2291 3586 2396 3627 suppl.

1317 3625 1354 3658 V
1356 3625 1370 3644 2
1387 3626 1420 3658 in
1442 3631 1526 3667 spat.
1543 3623 1555 3668 Η
1576 3627 1617 3658 30
1642 3624 1786 3657 multum
1810 3627 1895 3670 vuly.
1915 3625 1928 3669 Η
1944 3627 2076 3659 differat
2091 3627 2128 3660 V
2133 3626 2145 3645 ²
2159 3628 2172 3671 Η
2192 3628 2297 3661 altero
2321 3632 2397 3662 utro

1315 3671 1349 3704 R
1368 3669 1379 3713 Η
1396 3671 1435 3703 31
1462 3670 1670 3703 sacerdotum
1694 3669 1770 3714 R²n
1797 3672 1839 3705 32
1864 3672 1982 3713 omnis]
2007 3672 2160 3705 omnibus
2185 3673 2223 3707 V
2242 3674 2254 3717 Η
2279 3676 2320 3709 33
2346 3677 2396 3715 ex]

1318 3718 1350 3748 et
1369 3715 1439 3748 RV
1467 3714 1479 3759 Η
1502 3717 1545 3749 34
1568 3717 1728 3758 perpetue
1741 3716 1810 3749 VT
1830 3715 1844 3761 Η
1869 3717 2066 3759 praebeatur
2091 3718 2124 3752 V
2139 3720 2225 3763 vuly.
2242 3720 2254 3762 Η
2275 3722 2316 3753 35
2342 3720 2390 3752 do>

1317 3762 1392 3793 cent
1416 3761 1461 3800 R!
1487 3760 1579 3793 decet
1603 3761 1636 3794 V
1659 3762 1744 3806 vuly.
1770 3761 1924 3795 dicentur
1946 3762 2006 3807 ΤΗ
2022 3766 2062 3798 37
2089 3763 2214 3796 factum
2238 3763 2289 3797 R¹
