2586 3990
184 132 243 164 DE
272 131 622 166 ECGLESIASTIOIS
651 131 829 164 TITULIS

185 245 262 278 ρων
286 229 453 266 συνόδων
484 230 700 265 ἐκτεθέντας
731 227 752 273 ἢ
780 231 1075 276 βεβαιωθέντας,
1106 233 1270 265 τουτέστι

184 279 246 321 τῆς
262 279 302 312 ἐν
319 280 455 320 Νικαίᾳ
478 277 555 310 τῶν
571 273 638 318 τιη’
657 279 717 309 καὶ
733 277 793 319 τῆς
817 278 857 310 ἐν
874 274 1263 311 Κωνσταντινουπόλει

184 323 264 366 τῶν
285 321 308 355 οἱ
335 326 402 357 ίων
427 319 479 367 ρν’
505 323 676 367 πατέρων
708 325 767 355 καὶ
798 322 861 364 τῆς
891 323 929 355 ἐν
952 318 992 355 Ἐ
1019 324 1089 364 ε’σῳ
1114 320 1267 366 πρώτης,

185 369 224 401 έν
240 367 261 414 ᾖ
279 335 471 413 Νζστόριος
486 367 695 411 κατεκρίθη,
718 369 776 399 καὶ
794 367 856 410 τῆς
871 367 911 400 ἐν
930 370 986 399 Κα
1010 365 1151 409 χηδόνι,
1172 361 1264 399 καθ’

1259 115 1343 163 655

1971 121 2011 163 N
2013 133 2078 164 ov.
2100 120 2279 164 CXXXI
2314 121 2420 162 1—3

1340 230 1523 275 expositae
1548 232 1632 266 sunt
1655 232 1718 266 aut
1741 230 1914 274 firmatae,
1940 231 2008 266 hoc
2033 232 2088 266 est
2110 231 2148 266 in
2172 230 2332 266 Nicaena
2352 234 2422 266 tre-

1334 279 1517 310 centorum
1551 276 1672 312 decem
1703 278 1738 311 et
1770 279 1851 311 octo
1889 279 1924 311 et
1954 276 1991 310 in
2024 276 2423 321 Constantinopolitana

1336 324 1542 356 sanctorum
1564 326 1705 356 centum
1722 321 1976 366 quinquaginta
2000 325 2141 365 patrum
2165 324 2202 357 et
2224 322 2260 356 in
2277 321 2422 366 Epheso

1336 365 1472 407 Prima,
1497 366 1534 400 in
1560 377 1628 411 quo
1653 366 1841 402 Nestorius
1867 370 1921 402 est
1946 366 2146 410 damnatus,
2177 370 2212 401 et
2236 367 2273 401 in
2298 367 2422 402 Calce-

184 410 230 454 ἢν
254 409 411 455 Εὗτυχὴς
433 409 524 464 μετρὶ
543 413 739 457 Νεστορίου
764 408 1056 455 ἄνεθεματίσθη.
1101 412 1177 445 τῶν
1199 410 1268 456 γὰρ
1304 413 1322 444 5
1337 410 1439 455 done,
1464 410 1502 446 in
1521 423 1590 455 quo
1610 412 1784 457 Eutychis
1810 422 1890 446 cum
1909 411 1941 446 N
1945 413 2076 446 estorio
2100 412 2422 447 anathematizatus

185 459 455 502 προειρημένων
492 459 610 502 αγίων
646 454 684 490 δ’
722 454 890 491 συνόδων
925 459 984 490 καὶ
1020 456 1067 490 τὰ
1104 454 1268 502 δόγματα

184 499 356 548 καθάπερ
385 500 449 535 τὰς
472 501 576 535 θείας
597 501 739 548 γραφὰς
764 499 947 546 δεχόμεθα
971 504 1031 535 καὶ
1055 500 1138 536 τούς
1161 499 1266 535 κανό-

184 557 247 581 νας
271 545 318 580 οὖς
337 544 469 591 νόμους
492 545 728 592 φυλάττομεν.

1338 458 1402 490 est.
1451 456 1721 491 Praedictarum
1759 457 1851 491 enim
1885 459 2054 500 quattuor
2090 457 2304 501 synodorum
2338 457 2422 499 dog-

1337 504 1433 535 mata
1465 502 1559 536 sicut
1590 504 1733 537 sanctas
1763 502 1961 546 scripturas
1994 501 2189 546 accipimus
2222 506 2258 538 et
2281 501 2423 545 regulas

1280 590 1282 592 r
1337 545 1430 581 sicut
1453 546 1548 590 leges
1573 556 1766 582 servamus.

1177 658 1335 694 CAPUT
1367 658 1412 694 11.

238 740 312 771 Καὶ
336 735 397 771 διὰ
421 739 528 771 τοῦτο
549 738 785 782 θεσπίζομεν,
810 737 901 791 κατὰ
922 737 1005 772 τοὺς
1025 734 1147 772 αὐτῶν
1166 733 1269 783 ὅρους

1404 738 1559 783 Ideoque
1592 737 1772 773 sancimus
1809 737 2005 772 secundum
2041 746 2162 772 earum
2199 735 2423 771 definitiones

182 782 250 817 τὸν
274 780 297 815 ἁ
323 783 481 817 ιιότατον
506 783 567 826 τῆς
590 785 832 839 πρεσβυτέρας
861 781 986 826 Ρώμης
1017 781 1149 817 πάπαν
1170 783 1267 827 πρῶ·
1284 785 1324 818 10
1339 782 1599 818 sanctissimum
1634 782 1784 818 senioris
1820 782 1955 817 Romae
1990 791 2121 827 papam
2157 782 2308 826 primum
2346 789 2424 815 esse

182 840 248 862 τον
272 840 288 860 ε
304 841 364 861 ναι
387 827 540 862 πάντων
569 830 645 862 τῶν
671 830 807 871 ιερέων,
837 828 904 861 τὸν
928 825 969 861 δὲ
991 827 1269 872 μακαριώτατον

183 869 464 918 οἷρχιεπίσκοπον
490 871 912 907 Κωνσταντινουπόλεως
944 873 1003 914 τῆς
1033 874 1114 907 νέας
1137 869 1269 916 Ῥώμης

184 916 354 963 δευτέραν
377 918 483 958 τάξιν
508 920 648 960 ἐπέχειν
671 917 762 961 μετὰ
786 918 854 952 τὸν
879 915 1086 964 ἁγιώτατον
1113 914 1268 952 ἀποστο-

182 961 285 996 λικὸν
309 960 450 1007 θρόνον
474 965 535 1005 τῆς
560 965 802 1009 πρεσβυτέρας
823 960 966 1007 Ῥώμης,
990 963 1067 997 τῶν
1091 960 1132 996 δὲ
1149 961 1270 997 ἄλλων

183 1008 337 1043 πάντων
361 1008 626 1053 προτιμᾶσθαι.

1338 829 1492 863 omnium
1513 827 1756 871 sacerdotum,
1782 827 2025 862 beatissimum
2045 830 2164 861 autem
2186 825 2422 870 archiepisco-

1363 884 1422 907 um
1446 873 1804 918 Constantinopoleos
1828 872 1951 908 Novae
1976 872 2112 907 Romae
2140 871 2335 907 secundum
2359 870 2423 904 ha-

1337 885 1422 954 ger-e
1445 918 1564 954 locum
1587 922 1669 963 post
1692 921 1853 953 sanctam
1878 918 2111 962 apostolicam
2135 917 2253 952 sedem
2274 915 2423 951 senioris

1338 963 1486 1006 Romae,
1520 963 1597 998 aliis
1622 966 1742 998 autem
1766 962 1930 999 omnibus
1955 963 2099 999 sedibus
2122 965 2377 1008 praeponatur.

1171 1119 1326 1156 CAPUT
1356 1120 1420 1156 III.

245 1198 315 1232 Τὸν
340 1196 379 1231 δὲ
401 1197 492 1231 κατὰ
518 1198 645 1244 καιρὸν
673 1198 954 1243 μακαριώτατον
985 1196 1267 1243 ἆρχιεπίσκοπον

182 1244 244 1286 τῆς
260 1240 677 1288 ΠρώτηςἸουστινιανῆς
700 1245 762 1286 τῆς
786 1240 957 1289 ἡμετέρας
979 1243 1153 1289 πατρίδος
1175 1246 1268 1287 ἔχειν

182 1285 236 1321 ἀεὶ
271 1286 343 1322 ὑπὸ
380 1288 448 1331 τὴν
482 1289 617 1322 οἰκείαν
653 1287 900 1323 δικαιοδοσίαν
935 1290 1017 1324 τοὺς
1053 1287 1269 1324 ἐπισκόπους

183 1335 260 1367 τῶν
285 1334 469 1379 ἐπαρχιῶν
500 1334 633 1368 Dacius
664 1335 939 1369 mediterraneas
970 1338 1029 1369 καὶ
1058 1335 1191 1369 Βασίας
1221 1335 1266 1368 ri-

1403 1199 1471 1234 Per
1503 1200 1644 1242 tempus
1681 1202 1799 1234 autem
1835 1199 2076 1234 beatissimum
2113 1199 2425 1243 archiepiscopum

1338 1243 1479 1279 Primae
1512 1243 1732 1279 Iustinianae
1764 1247 1910 1279 nostrae
1946 1245 2087 1289 patriae
2123 1244 2255 1279 habere
2287 1254 2425 1289 semper

1337 1289 1404 1324 sub
1429 1299 1494 1324 sua
1518 1288 1762 1324 iurisdictione
1789 1291 1974 1334 episcopos
2003 1290 2266 1334 provinciarum
2289 1290 2424 1324 Daciae

1336 1335 1617 1369 mediterraneae
1643 1337 1679 1369 et
1705 1335 1838 1370 Daciae
1862 1335 2025 1379 ripensis,
2052 1335 2199 1370 Privalis
2224 1338 2260 1370 et
2284 1335 2423 1370 Darda-

181 1380 341 1433 ρθηςίας,
378 1379 594 1414 Praevalews
624 1382 683 1412 καὶ
712 1379 914 1414 Dardanias
944 1383 1004 1413 καὶ
1036 1383 1176 1414 Μυσίας
1207 1380 1268 1422 τῆς
1282 1381 1323 1413 20
1337 1380 1418 1415 niae
1442 1383 1477 1414 et
1502 1379 1856 1431 Mysiae-superioris
1882 1384 1988 1425 atque
2010 1380 2226 1420 Pannoniae,
2253 1383 2289 1415 et
2311 1381 2357 1415 ab
2381 1390 2424 1416 eo

183 1427 366 1469 ανωτέρας
400 1427 460 1457 καὶ
495 1427 718 1466 Παννονίας,
754 1427 813 1457 καὶ
850 1422 941 1470 παρ’
975 1422 1085 1459 αὐτοῦ
1123 1423 1269 1459 τούτους

182 1469 487 1515 χειροτονεῖσθαι,
523 1465 638 1503 αὐτὸν
670 1467 709 1503 δὲ
743 1468 816 1503 ὑπὸ
851 1470 914 1512 τῆς
949 1471 1078 1504 οἰκείας
1114 1468 1267 1504 συνόδου

252 1572 277 1593 c.
303 1561 349 1593 II
369 1573 407 1593 ex
432 1560 467 1592 B
491 1562 587 1593 habet
609 1561 681 1593 Ecl.
709 1561 793 1593 Bas.
817 1561 928 1593 I-X.

1337 1425 1403 1461 hos
1435 1424 1610 1467 ordinari,
1644 1435 1761 1470 lpsum
1792 1435 1875 1460 vero
1912 1436 1935 1460 a
1966 1425 2111 1470 proprio
2148 1425 2306 1460 ordinari
2338 1436 2423 1461 con-

250 1618 276 1638 c.
300 1605 343 1638 ΙΙ
364 1605 603 1648 (Θεσπίζομεν
627 1603 719 1638 κατὰ
743 1604 825 1638 τοὺς
848 1606 926 1638 τῶν
949 1601 1066 1650 ἁγίων
1091 1602 1258 1639 συνόδων
1283 1601 1385 1649 ὅρους
1423 1629 1519 1637 .....
1523 1606 1534 1646 )
1553 1605 1626 1638 -—-I
1633 1605 1664 1638 V
1679 1618 1717 1638 ex
1741 1605 1777 1638 B
1804 1607 1851 1638 bis
1876 1607 2000 1640 exhibet
2018 1606 2181 1640 Νοηῑοε]η
2194 1608 2254 1640 XI
2260 1608 2293 1641 V
2306 1609 2351 1641 tit.
2367 1609 2425 1650 1‚5

184 1651 229 1693 (f.
246 1652 304 1684 83v
323 1653 397 1694 etf.
414 1652 488 1692 85);
515 1658 734 1694 aryumentum
759 1659 849 1684 notat
871 1651 1003 1684 Nomoc.
1026 1651 1124 1684 XIV
1140 1653 1185 1684 tit.
1211 1653 1252 1684 ib.

181 1771 343 1806 conciliis
365 1772 528 1817 expositi
557 1772 612 1808 vel
635 1773 840 1817 confirmati
863 1776 966 1813 sunt,
998 1771 1068 1807 hoc
1099 1775 1152 1807 est
1175 1771 1337 1806 Nicaeno
1372 1775 1612 1806 trecentorum
1645 1770 1764 1807 elecem
1790 1774 1825 1806 et
1849 1775 1931 1806 octo
1964 1773 1999 1806 et
2024 1771 2424 1819 Constantinopolitano

181 1820 321 1851 centum
345 1817 610 1863 quinquaqinta
635 1821 842 1852 sanctorum
867 1820 1015 1862 patrum
1040 1820 1075 1851 et
1099 1815 1136 1851 E
1161 1816 1285 1852 hesino
1309 1816 1439 1862 primo,
1472 1817 1510 1851 in
1534 1826 1606 1862 quo
1633 1816 1825 1851 Nestorius
1848 1815 2106 1852 condemnatus
2130 1823 2194 1859 est,
2220 1822 2254 1853 et
2280 1819 2424 1855 Calche-

181 1862 351 1903 donensi,
375 1861 412 1895 in
433 1872 504 1907 quo
524 1861 709 1908 Eutyches
733 1873 813 1897 eum
830 1862 1002 1897 Nestorio
1028 1865 1116 1896 anat
1131 1862 1358 1897 eematizatus
1382 1865 1445 1897 est.
1494 1860 1771 1896 Praedictorum
1793 1861 1885 1896 enim
1909 1866 2119 1896 sanctorum
2143 1867 2319 1908 quattuor
2342 1875 2425 1900 con-

182 1907 347 1941 ciliorum
370 1911 405 1943 et
429 1907 600 1953 cloqmata
627 1912 807 1953 tamquam
832 1907 973 1943 divinas
996 1908 1202 1953 scripturas
1226 1906 1423 1952 accipimus
1446 1910 1482 1942 et
1505 1917 1664 1942 canones
1687 1911 1869 1951 tamquam
1894 1907 1992 1952 leqes
2015 1917 2207 1943 servamus.

316 1951 363 1987 II.
412 1954 464 1986 Ac
494 1956 691 1997 propterea
721 1952 903 1987 sancimus
935 1956 975 1987 ut
1006 1952 1200 1987 secundum
1233 1962 1355 1986 eorum
1387 1951 1536 1997 requlas
1564 1951 1813 1987 sanctissimus
1842 1953 1971 1988 veteris
1995 1951 2133 1987 Romae
2157 1964 2262 1999 papa
2280 1955 2427 2001 primus

184 1996 340 2031 omnium
364 1996 591 2032 sacerdotum
615 1998 679 2037 sit,
704 1997 928 2032 beatissimus
952 2001 1071 2032 autem
1095 1995 1391 2042 archiepiscopus
1421 1996 1756 2042 Constantinopolis
1776 1996 1901 2032 Novae
1927 1997 2067 2032 Romae
2089 1999 2283 2034 secandum
2309 2000 2425 2035 locum

185 2041 345 2076 obtineat
357 2045 452 2120 lpost
473 2042 736 2076 sanctissimam
760 2041 999 2088 apostolicam
1024 2041 1141 2076 sedem
1166 2042 1295 2076 veteris
1318 2040 1466 2084 Romae,
1490 2042 1619 2076 ceteris
1644 2052 1728 2076 vero
1752 2042 1915 2076 omnibus
1935 2046 2190 2087 anteponatur.

318 2086 352 2120 ΙΙ

430 2085 667 2121 Beatissimus
690 2090 808 2122 autem
833 2087 895 2131 qui
919 2097 1063 2131 quoque
1088 2090 1249 2132 tempore
1274 2089 1327 2120 est
1352 2086 1577 2132 archiepisco
1607 2097 1648 2120 us
1673 2086 1819 2121 Primae
1843 2085 2072 2122 Iustinianae
2096 2088 2248 2132 patriae
2279 2092 2426 2124 nostrae

183 2142 324 2177 semper
348 2131 479 2166 habeat
501 2131 566 2166 sub
589 2132 744 2177 propria
768 2131 1015 2166 iurisdictione
1040 2131 1232 2182 episcopos
1257 2131 1533 2176 provinciarum

1595 2131 1696 2166 aciae
1720 2130 2005 2167 mediterraneae
2036 2135 2072 2167 et
2095 2132 2233 2169 Daciae
2256 2134 2424 2180 ripensis,

185 2175 465 2212 Praevalitanae
489 2179 523 2210 et
546 2175 757 2211 Dardaniae
780 2181 814 2211 et
838 2176 996 2211 Moesiae
1028 2185 1229 2221 superioris
1252 2179 1287 2210 et
1311 2174 1542 2218 Pannoniae,
1575 2176 1671 2221 iique
1695 2175 1739 2211 ab
1764 2177 1844 2222 ipso
1869 2181 2048 2219 creentur,
2081 2177 2159 2223 ipse
2178 2188 2263 2215 vero
2294 2191 2318 2214 a
2338 2191 2426 2226 pro-

238 2303 257 2334 2
274 2300 348 2343 τῆς]
369 2300 446 2333 τῶν
461 2300 521 2333 LS
539 2298 550 2343 ΙΙ
567 2300 644 2332 τῶν
660 2298 742 2341 τιη’]
764 2297 880 2344 ἁγίων
895 2301 1065 2344 πατέρων
1082 2300 1142 2332 καὶ
1158 2310 1270 2342 μακα-

185 2349 276 2392 ρίων
310 2348 386 2379 add.
409 2347 460 2387 A,
495 2341 589 2378 καθ)
616 2341 661 2387 ἣν
685 2341 705 2376 ὁ
736 2342 853 2388 ἄρειος
884 2340 1164 2388 ἀνεθεματίσθη
1187 2357 1215 2377 s.
1238 2356 1269 2376 v.

186 2394 263 2425 add.
278 2392 325 2433 L,
351 2387 444 2423 καθ’
464 2386 509 2432 ἣν
533 2391 715 2434 (πατέρων
739 2386 831 2422 καθ’
856 2385 901 2431 ἣν
925 2390 992 2431 Bf)
1013 2388 1143 2433 Ἄρειος
1166 2385 1186 2421 ὁ
1209 2389 1271 2429 τῆς

184 2439 315 2480 μανίας
340 2434 527 2479 ἐπώνυμος
550 2431 828 2478 ἇνεθεματίσθη
854 2436 930 2468 add.
945 2435 980 2467 B
999 2434 1011 2478 ΙΙ
1027 2436 1098 2477 τῆς]
1123 2433 1199 2467 τῶν
1218 2435 1244 2467 S
1260 2433 1271 2478 ΙΙ

186 2478 469 2515 κωντινουπόλει
494 2481 524 2513 L
550 2480 561 2523 ΙΙ
588 2482 606 2513 3
631 2480 708 2513 τῶν
732 2477 849 2525 ἁγίων
873 2493 930 2513 om.
947 2480 985 2521 S,
1010 2477 1127 2525 ἁγίων
1150 2486 1179 2512 et
1201 2490 1270 2512 πα-

185 2529 302 2570 τέρων
327 2539 384 2558 om.
399 2526 429 2558 A
448 2526 459 2569 ΙΙ
477 2527 657 2568 πατέρων]
683 2522 748 2569 ὑφ’
775 2522 821 2566 ἢν
845 2522 864 2557 ὁ
886 2521 1098 2568 μακεδόνῳς
1122 2522 1140 2557 ὁ
1165 2535 1269 2558 πνευ-

185 2570 390 2615 ματομάχος
414 2569 651 2612 ἑστηλιτεύθη
676 2584 700 2603 s.
724 2583 751 2603 v.
778 2572 855 2603 add.
875 2571 923 2613 L,
948 2567 1014 2615 ὑφ)
1041 2570 1094 2602 ὠν
1118 2566 1137 2602 ὁ
1165 2581 1270 2603 πνευ-

185 2614 386 2659 ματομάχος
410 2613 633 2649 Μακεδόνιος
658 2613 896 2657 ἐστηλιτεύθη
921 2617 997 2648 add.
1017 2615 1052 2647 B
1079 2615 1091 2658 ΙΙ
1113 2613 1269 2659 πρώτης]

188 2662 204 2692 Ξ
232 2664 265 2702 (i.
281 2674 306 2694 e.
324 2661 386 2703 ἇῨ)
409 2661 486 2694 τῶν
510 2661 532 2693 ὃ
554 2661 585 2693 Α
610 2660 621 2704 ΙΙ
645 2663 665 2694 4
689 2657 882 2701 καλχηδόνι
907 2660 1200 2693 MLSNomoc.⁷⁷²
1212 2661 1269 2701 (ς)]

188 2703 398 2748 Χαλκηδόνι
419 2706 544 2739 BAth.
558 2707 644 2748 vulq.
669 2702 864 2746 χαλκηδόνι
885 2705 961 2737 τῶν
986 2703 1184 2744 ἑξακοσίων
1207 2706 1236 2737 Α
1261 2704 1271 2748 ΙΙ

186 2747 278 2784 καθ’
305 2748 352 2794 ἣν
376 2770 419 2775 -
444 2754 464 2785 5
489 2746 779 2793 ἄνεθεματίσθη]
813 2747 945 2793 ὁμοίως
971 2751 998 2783 S
1016 2750 1064 2793 115
1090 2746 1271 2793 ἀνεθεμα-

185 2796 311 2839 τίσθη]
344 2794 434 2840 πρὸς
465 2794 613 2838 τῃαύταις
646 2795 707 2837 τῆς
738 2796 778 2828 ἐν
805 2792 1195 2828 Κωνσταντινουπόλει
1226 2793 1268 2827 τὸ

187 2839 365 2886 δεύτερον,
398 2838 449 2874 δι’
475 2840 514 2883 ἧς
536 2837 715 2885 ἷΩριγένης
737 2840 829 2883 μετὰ
858 2840 935 2873 τῶν
960 2836 1069 2873 αὐτοῦ
1095 2851 1271 2885 συγγραμ-

186 2884 316 2930 μάτων
333 2889 392 2919 καὶ
409 2887 526 2930 ἕτεροί
540 2897 632 2919 τινες
649 2883 830 2928 δυσσεβεῖς
846 2882 1252 2930 παρεδειγματίσθησαν
1263 2895 1270 2902 ·

185 2934 245 2964 καὶ
267 2932 321 2964 ἔτι
341 2932 401 2972 τῆς
419 2932 459 2964 ἐν
475 2928 865 2964 Κωνσταντινουπόλει
888 2930 930 2964 τὸ
947 2933 1082 2975 τρίτον,
1104 2926 1180 2972 ἥτις
1196 2927 1270 2962 δια-

188 2974 318 3021 φόρους
344 2974 492 3020 αἱρέσεις
515 2973 796 3019 θριαμβεύσασα
820 2974 867 3008 τὰ
885 2975 961 3008 τῶν
980 2977 1271 3020 προγενεστέρων

188 3023 327 3061 ἐπέχειν
359 3018 474 3065 ἁγίων
510 3020 677 3054 συνόδων
712 3020 800 3053 θεῖα
835 3017 1000 3065 δόγματα
1027 3016 1269 3064 ε’πεκύρωρεν·

187 3068 247 3098 καὶ
271 3066 332 3099 ἐπὶ
357 3065 488 3099 πάσαις
518 3066 581 3108 τῆς
604 3066 644 3098 ἐν
669 3067 803 3106 Νικαίᾳ
832 3064 874 3098 τὸ
900 3062 1077 3110 δεύτερον,
1109 3064 1147 3104 ἐξ
1176 3063 1215 3107 ἡς
1238 3063 1274 3097 οἱ

187 3109 279 3143 κατὰ
311 3111 387 3144 τῶν
416 3108 532 3155 ἁγίων
564 3110 717 3143 εἰκόνων
751 3107 989 3151 λυττήσαντες
1020 3109 1058 3149 ἐξ
1090 3109 1166 3143 ἴσου
1201 3112 1273 3143 τοῖς

188 3154 435 3199 προλαβοῦσιν
460 3154 644 3200 αἱρετικοῖς
667 3154 729 3197 τῆς
752 3153 947 3197 καθολικῆς
970 3152 1071 3200 ἁγίας
1094 3155 1158 3187 τοῦ
1181 3153 1271 3200 θεοῦ

189 3199 373 3243 ἐκκλησίας
395 3196 702 3245 ἇπεκηρύχθησαν
720 3202 796 3233 add.
813 3201 864 3238 B;
891 3196 912 3233 δ’
927 3201 1000 3243 (pro
1018 3195 1089 3240 ὅτι)
1105 3200 1172 3242 μὲν
1187 3202 1273 3245 γοῦν

189 3242 364 3288 δεχόμενα
381 3246 458 3288 (pro
477 3242 672 3288 δεχόμεθα)
698 3243 779 3278 τοὺς
799 3245 955 3278 κανόνας
977 3241 1024 3278 αἷς
1044 3242 1175 3288 νόμους
1195 3247 1271 3278 add.

188 3291 220 3324 A
239 3293 250 3334 ΙΙ
267 3292 287 3324 6
312 3287 348 3323 δ’
363 3291 425 3324 AS
434 3292 464 3331 ς]
489 3290 582 3323 ἑπτὰ
609 3291 660 3330 M,
678 3303 735 3323 om.
750 3291 819 3323 LB
837 3290 848 3332 ΙΙ
866 3292 924 3322 καὶ
949 3289 995 3323 τὰ
1014 3290 1091 3322 MA
1101 3290 1272 3331 Nomocffl]

188 3335 234 3369 τὰ
258 3336 399 3371 SLBe
417 3336 428 3378 Ι]
447 3338 463 3368 7
491 3333 670 3379 δεχόμεθα
695 3354 738 3359 -
762 3333 893 3377 νόμους
916 3348 975 3368 om.
995 3335 1024 3368 S
1041 3334 1053 3378 ΙΙ
1070 3337 1090 3369 9
1115 3336 1188 3367 Καὶ
1212 3332 1271 3367 διὰ

187 3381 296 3414 τοῦτο
321 3380 548 3424 θεσπίζομεν
573 3394 630 3414 om.
644 3381 675 3413 A
693 3380 705 3423 ΙΙ
726 3383 765 3414 10
791 3380 950 3414 πάππαν
975 3380 1018 3420 L,
1039 3392 1096 3412 om.
1112 3380 1140 3413 S
1156 3381 1168 3423 Ι]
1184 3378 1271 3425 πρό-

188 3438 293 3472 τερον
317 3427 344 3460 S
366 3426 378 3469 H
411 3427 446 3460 11
472 3425 550 3458 τῶν
575 3424 699 3469 ἱερέων
723 3423 877 3459 πάντων
900 3426 931 3457 A
954 3425 967 3467 ΙΙ
992 3423 1168 3467 μακάριον
1192 3425 1244 3458 Bf
1262 3427 1273 3467 ΙΙ

191 3473 232 3505 12
256 3469 573 3505 κωντινουπόλεως
597 3472 645 3511 L,
670 3483 727 3503 om.
754 3471 824 3503 Ecl.
847 3470 858 3512 ΙΙ
885 3470 947 3511 τῆς
972 3470 1246 3504 om.ANomoc.⁷⁷¹
1262 3469 1274 3515 ΙΙ

192 3518 232 3550 13
247 3517 338 3559 ἔχειν
354 3512 458 3555 τάξιν
474 3517 502 3548 S
519 3517 530 3559 ΙΙ
547 3512 751 3559 ἁγιώτατον
766 3516 853 3555 MS]
880 3511 984 3560 ἅγιον
998 3515 1100 3548 ALB
1117 3514 1129 3554 ΙΙ
1150 3516 1189 3550 16
1206 3514 1273 3548 τὸν

190 3557 229 3593 δὲ
251 3559 531 3606 μακαριώτατον
561 3560 653 3595 κατὰ
678 3559 806 3606 καιρὸν
830 3561 879 3601 L,
912 3557 952 3592 δὲ
976 3560 1094 3599 ονη.Δ,
1120 3556 1159 3592 δὲ
1182 3559 1272 3593 κατὰ

189 3605 317 3651 καιρὸν
341 3619 398 3640 om.
420 3613 449 3640 et
472 3604 540 3640 τὸν
555 3604 835 3650 μακαριώτατον
851 3618 918 3639 cum
937 3604 1191 3648 προτιμᾶσθαι
1205 3607 1272 3647 (15)

189 3651 294 3695 iunyit
306 3651 335 3685 S
342 3653 398 3695 (cf.
410 3653 457 3685 ad
470 3654 523 3693 17)
542 3651 553 3695 ΙΙ
572 3651 768 3685 ἐπίσκοπον
781 3652 842 3684 SA
860 3649 873 3694 ΙΙ
893 3651 1050 3691 Πέχειν]
1067 3652 1126 3683 καὶ
1139 3651 1232 3692 ἐχειν
1245 3652 1273 3684 S

189 3696 282 3739 ὲκειν
297 3706 360 3730 τας
375 3697 447 3740 (sic)
463 3698 495 3731 A
513 3697 525 3742 ll
551 3698 590 3732 18
617 3693 714 3730 ἰδίαν
739 3696 769 3729 L
783 3696 915 3730 Nomoc.
931 3696 962 3729 L
977 3697 1022 3729 tit.
1035 3697 1051 3730 1
1070 3695 1082 3739 ΙΙ
1103 3697 1143 3730 19
1161 3695 1271 3741 ἐπαρ-

1337 2298 1427 2340 χιῶν
1451 2301 1509 2331 καὶ
1533 2297 1580 2332 τοὶ
1605 2298 1684 2341 ἑξῆς
1708 2300 1835 2342 reliqua
1849 2308 1946 2343 parte
1963 2303 2080 2343 eapitis
2103 2304 2220 2335 omissa
2239 2304 2268 2336 S
2285 2303 2296 2346 ΙΙ
2314 2303 2426 2345 ᾶῆζίἃε

1337 2343 1387 2376 L¹
1411 2344 1518 2377 datias
1534 2345 1582 2377 L2
1607 2341 1731 2378 δακίας
1747 2345 1832 2377 MB
1847 2346 1967 2378 Theod.
1982 2347 2058 2381 Ath.
2083 2343 2225 2380 δακείας
2246 2348 2276 2381 Α
2292 2348 2304 2391 ΙΙ
2322 2350 2425 2382 medi-

1337 2390 1506 2422 terraneas
1520 2390 1551 2422 L
1575 2390 1819 2422 mediteraneas
1835 2391 1956 2423 Theod.
1981 2388 2255 2435 μεδιτερρανεάς
2270 2394 2305 2426 Β
2328 2392 2425 2437 μεδι-

1337 2436 1535 2478 ταορανέας
1555 2436 1716 2468 Nomoc.m
1743 2431 2000 2480 μαδιτερανέας
2015 2437 2060 2469 M
2087 2433 2425 2482 μεδιτεοράνηςΑίΙι.

1336 2464 1601 2524 μεδηεπράνας
1625 2481 1654 2513 A
1673 2480 1685 2523 ss
1703 2480 1816 2521 sagias
1834 2481 1880 2513 L¹
1913 2480 2018 2513 datias
2034 2482 2083 2514 132
2114 2468 2237 2515 δακιᾰς
2258 2484 2336 2516 MB
2349 2485 2425 2518 Am.

1338 2521 1480 2558 δακείας
1502 2526 1533 2557 A
1557 2526 1568 2568 ΙΙ
1591 2525 1758 2567 ripensias
1779 2526 1911 2566 Theoti]
1936 2526 2094 2559 rirensias
2117 2528 2148 2559 L
2180 2527 2366 2571 ῥιπενσίας
2390 2531 2426 2563 Β

1337 2570 1413 2602 ΑιΙι.
1439 2573 1632 2603 πιπενσίας
1647 2571 1678 2603 A
1702 2570 1886 2617 ῥιπερσίας
1904 2572 1946 2603 M
1958 2570 1970 2608 ΙΙ
1990 2573 2032 2605 20
2050 2572 2269 2614 Praevalews]
2291 2585 2425 2614 xoraae-

1338 2615 1450 2648 ualeas
1467 2615 1515 2648 L²
1537 2615 1731 2656 xoroualeas
1749 2617 1797 2648 L²
1826 2614 2045 2659 πραεσάλεος
2061 2618 2134 2650 Ath.
2152 2620 2221 2650 eod.
2255 2619 2426 2660 prebaleos

1341 2661 1460 2693 Theod.
1483 2658 1724 2706 πριβαλέωςΑ
1745 2659 1973 2705 Πραιβαλεάς
1982 2662 2035 2694 Bf
2059 2661 2318 2706 πρεβαλέαςΒθ
2339 2677 2426 2709 προ-

1338 2703 1468 2748 βαλέας
1492 2706 1539 2738 M
1566 2703 1768 2749 προβαλεᾶς
1801 2707 1915 2748 (altero
1938 2708 2005 2739 loco
2030 2705 2239 2751 προβολεᾶς)
2265 2709 2426 2743 Nomoc.m

1339 2748 1546 2794 προβόλεως
1574 2752 1654 2784 Coll.
1672 2759 1769 2784 const.
1788 2752 1862 2785 eccl.
1890 2751 2035 2784 Privalis
2059 2763 2078 2788 ς
2103 2753 2178 2794 (Iul.
2204 2766 2231 2786 c.
2252 2756 2316 2788 508
2343 2768 2425 2788 corr.

1338 2796 1535 2828 Praevaleos
1561 2809 1599 2829 ex
1622 2797 1715 2829 codd.
1741 2798 1903 2830 meliorum
1926 2799 2087 2839 scriptura
2108 2798 2355 2842 praeualenos);
2383 2802 2425 2843 ef.

1339 2853 1409 2873 nov.
1425 2841 1543 2883 XIpr.
1561 2840 1574 2883 ΙΙ
1592 2843 1651 2873 καὶ
1664 2841 1766 2874 ALB
1776 2843 1805 2881 ς]
1824 2842 1936 2875 om.M
1948 2842 1958 2884 ΙΙ
1978 2842 2160 2886 ᾶᾶρᾶᾶῃίἃς
2174 2845 2205 2876 L
2231 2841 2427 2889 δαρδανίας

1339 2886 1449 2918 ΜΑΒ
1464 2887 1674 2919 Theod.Ath.
1693 2886 1705 2930 Η
1729 2888 1768 2921 21
1795 2885 1968 2931 ἀνωτέρω
1993 2889 2155 2922 Nomoc.m
2180 2888 2192 2932 ΙΙ
2215 2893 2427 2923 παννωνίας

1342 2932 1461 2964 Theod.
1496 2934 1687 2975 ραννονίας
1711 2932 1758 2964 L¹
1796 2935 1971 2965 πανονίας
1995 2934 2157 2967 Νονιιος.7η
2184 2933 2196 2978 Ι]
2221 2936 2263 2968 22
2288 2931 2360 2969 ὑπὸ
2386 2936 2433 2968 M

1339 2976 1512 3017 Nomoc.⁷⁷¹]
1537 2972 1609 3010 ἀπὸ
1633 2977 1735 3009 ALB
1754 2977 1766 3019 ΙΙ
1790 2976 1930 3018 οἰκείας]
1955 2974 2046 3010 ἰδίας
2071 2974 2181 3011 αὐτοῦ
2206 2981 2237 3012 Λ

1399 3067 1413 3097 1
1441 3065 1535 3097 nicea
1560 3066 1591 3098 R
1609 3066 1621 3109 ΙΙ
1640 3067 1659 3098 2
1682 3067 1714 3098 et
1737 3066 1785 3106 in]
1811 3066 1846 3097 in
1872 3079 1930 3098 om.
1948 3066 1980 3097 R
2000 3067 2011 3108 ΙΙ
2036 3068 2055 3099 3
2082 3067 2182 3099 esfcso
2206 3068 2239 3100 V
2256 3068 2427 3110 Ephesina

1339 3110 1423 3153 valq.
1445 3109 1457 3153 ΙΙ
1473 3112 1494 3143 4
1508 3111 1608 3152 primi
1626 3111 1702 3151 VT]
1726 3111 1833 3153 prima
1845 3111 1976 3153 Rvulq.
1994 3110 2006 3154 ΙΙ
2026 3121 2091 3152 qua
2110 3113 2197 3154 vulq.
2215 3110 2227 3155 ΙΙ
2246 3112 2281 3143 in
2300 3125 2357 3146 om.
2372 3113 2427 3158 RH

1340 3154 1515 3188 calcedone
1530 3156 1577 3196 T]
1603 3155 1779 3188 calcedona
1792 3155 1868 3189 RV
1886 3155 2110 3188 chalcedonia
2126 3157 2211 3199 vulq.
2230 3157 2241 3199 ΙΙ
2261 3159 2279 3190 5
2294 3157 2330 3189 in
2348 3160 2425 3199 quo]

1340 3201 1375 3232 in
1400 3210 1465 3241 quo
1491 3202 1522 3232 et
1543 3201 1577 3234 V
1594 3201 1630 3233 in
1654 3211 1719 3243 qua
1743 3202 1829 3243 vulq.
1849 3200 1861 3244 ΙΙ
1880 3201 2021 3233 eutichis
2045 3201 2077 3233 R
2102 3201 2242 3233 eutichii
2263 3202 2317 3244 (al.
2340 3204 2426 3235 euti-

1341 3246 1417 3277 ches
1440 3246 1540 3278 schol.
1561 3259 1586 3279 s.
1605 3247 1650 3287 v.)
1672 3248 1750 3278 sunt
1776 3247 1808 3279 T
1829 3246 1840 3288 ΙΙ
1871 3246 2168 3279 anathematizatus
2193 3248 2252 3287 est]
2288 3249 2426 3280 anathe-

1341 3291 1489 3322 matizati
1515 3291 1548 3324 T
1561 3291 1573 3334 ss
1591 3293 1608 3324 7
1632 3301 1740 3324 sacras
1756 3291 1788 3324 R
1806 3290 1817 3334 ΙΙ
1835 3292 2019 3333 accepimus
2042 3292 2075 3324 R
2088 3291 2140 3336 Vss
2166 3293 2185 3325 8
2209 3291 2426 3327 obseruamus

1344 3337 1375 3368 T
1387 3337 1472 3379 vulq.
1501 3335 1513 3379 ΙΙ
1544 3338 1563 3369 9
1578 3338 1665 3369 rubr.
1686 3337 1735 3368 De
1760 3336 1876 3369 ordine
1897 3337 2161 3379 patriarcharum
2190 3337 2261 3370 ΕΤ
2274 3340 2305 3370 in
2323 3351 2425 3382 marq-

1341 3382 1392 3421 (εει
1407 3381 1485 3422 Iul.)
1504 3381 1516 3424 ΙΙ
1540 3392 1652 3413 eorum
1676 3382 1724 3414 R¹
1741 3381 1752 3424 ΙΙ
1781 3383 1820 3416 13
1845 3381 1955 3414 locum
1980 3395 2037 3415 om.
2060 3381 2109 3415 V¹
2124 3381 2136 3425 ΙΙ
2167 3384 2207 3416 14
2230 3385 2341 3415 autem
2366 3397 2425 3417 om.

1344 3427 1376 3458 Τ
1389 3424 1401 3469 ΙΙ
1417 3429 1664 3467 praeponantur
1680 3427 1712 3458 R
1737 3428 1907 3468 (praeponi
1925 3427 2032 3469 Beck)
2049 3427 2062 3470 ΙΙ
2083 3428 2122 3460 16
2135 3430 2221 3460 rubr.
2246 3428 2296 3460 De
2316 3429 2425 3461 archi-

1342 3471 1492 3513 episcopo
1508 3471 1613 3513 prime
1630 3471 1812 3504 iustiniane
1829 3472 1898 3504 ΒΤ
1907 3474 1940 3505 in
1954 3485 2054 3516 marq.
2072 3474 2123 3513 (erc
2136 3473 2213 3513 Iul.)
2230 3472 2242 3516 ΙΙ
2260 3474 2426 3515 archiepi-

1341 3526 1474 3558 scopum
1497 3529 1554 3549 om.
1570 3516 1660 3560 RTn
1683 3519 1721 3550 17
1747 3518 1880 3549 nostrae
1904 3517 2086 3550 iustinianc
2112 3518 2143 3550 T
2155 3516 2167 3561 ΙΙ
2188 3519 2229 3551 18
2255 3519 2426 3561 episcopus

1344 3561 1391 3593 Τ1
1412 3561 1423 3604 ΙΙ
1441 3561 1624 3594 uintiarum
1647 3561 1693 3594 R¹
1713 3562 1724 3605 ΙΙ
1743 3564 1784 3596 19
1809 3563 2050 3595 moditeraneae
2069 3563 2101 3595 T
2120 3562 2341 3596 meditaranee
2358 3564 2391 3596 R
2415 3563 2427 3608 ΙΙ

1341 3605 1410 3638 dati
1433 3607 1599 3648 responsis
1626 3607 1658 3639 Τ
1676 3607 1688 3650 ΙΙ
1715 3607 1858 3640 Privalis
1883 3610 1915 3640 et
1939 3621 1996 3641 om.
2015 3610 2047 3642 in
2066 3609 2126 3641 lae.
2141 3609 2160 3641 3
2181 3609 2239 3642 litt.
2255 3609 2299 3648 T;
2324 3610 2424 3642 Prae-

1341 3651 1424 3684 valis
1439 3653 1531 3684 Beclc
1547 3651 1558 3696 ΙΙ
1584 3653 1626 3685 20
1650 3654 1683 3684 et
1705 3654 1844 3685 misaeae
1871 3654 1902 3686 T
1930 3654 1963 3685 et
1985 3653 2083 3686 miset
2103 3653 2137 3686 V
2160 3653 2271 3686 missie
2294 3654 2330 3687 R
2347 3654 2359 3696 Ι]
2375 3656 2425 3686 at-

1341 3698 1417 3738 que]
1441 3698 1474 3730 et
1495 3697 1526 3730 T
1541 3696 1552 3741 Ι]
1568 3697 1712 3740 panonie
1733 3699 1763 3731 R
1788 3698 1979 3741 pantioniac
2003 3699 2034 3732 T
2048 3698 2060 3743 Ι]
2077 3700 2118 3733 21
2144 3698 2294 3732 ordinari
2318 3711 2377 3733 om.
2391 3699 2425 3732 R
