<?xml version="1.0" encoding="UTF-8"?>
<!DOCTYPE html PUBLIC "-//W3C//DTD XHTML 1.0 Transitional//EN"
    "http://www.w3.org/TR/xhtml1/DTD/xhtml1-transitional.dtd">
<html xmlns="http://www.w3.org/1999/xhtml" xml:lang="en" lang="en">
 <head>
  <title>
</title>
<meta http-equiv="Content-Type" content="text/html;charset=utf-8" />
  <meta name='ocr-system' content='tesseract 3.04.00' />
  <meta name='ocr-capabilities' content='ocr_page ocr_carea ocr_par ocr_line ocrx_word'/>
</head>
<body>
  <div class='ocr_page' id='page_1' title='image "./corpusiuriscivil03krueuoft_0331.png"; bbox 0 0 2618 4010; ppageno 0'>
   <div class='ocr_carea' id='block_1_1' title="bbox 155 146 2381 195">
    <p class='ocr_par' dir='ltr' id='par_1_1' title="bbox 155 146 2381 195">
     <span class='ocr_line' id='line_1_1' title="bbox 155 146 2381 195; baseline 0 -2"><span class='ocrx_word' id='word_1_1' title='bbox 155 163 211 193; x_wconf 74' lang='grc' dir='ltr'>ΕΤ</span> <span class='ocrx_word' id='word_1_2' title='bbox 238 161 598 195; x_wconf 79' lang='lat' dir='ltr'>INTRODUCENDIS</span> <span class='ocrx_word' id='word_1_3' title='bbox 1234 146 1311 194; x_wconf 86' lang='lat'>301</span> <span class='ocrx_word' id='word_1_4' title='bbox 2023 150 2130 194; x_wconf 89' lang='lat' dir='ltr'>Nov.</span> <span class='ocrx_word' id='word_1_5' title='bbox 2163 150 2258 193; x_wconf 92' lang='lat' dir='ltr'>LIII</span> <span class='ocrx_word' id='word_1_6' title='bbox 2289 153 2325 193; x_wconf 81' lang='lat'>2.</span> <span class='ocrx_word' id='word_1_7' title='bbox 2358 152 2381 192; x_wconf 86' lang='lat'><strong>3</strong></span> 
     </span>
    </p>
   </div>
   <div class='ocr_carea' id='block_1_2' title="bbox 151 259 2382 576">
    <p class='ocr_par' dir='ltr' id='par_1_2' title="bbox 153 259 2382 565">
     <span class='ocr_line' id='line_1_2' title="bbox 153 259 2380 309; baseline 0.001 -14"><span class='ocrx_word' id='word_1_8' title='bbox 153 262 246 296; x_wconf 73' lang='grc' dir='ltr'><em>σθαι</em></span> <span class='ocrx_word' id='word_1_9' title='bbox 270 259 387 298; x_wconf 81' lang='grc' dir='ltr'><strong><em>ὁπόσα</em></strong></span> <span class='ocrx_word' id='word_1_10' title='bbox 412 263 471 296; x_wconf 79' lang='grc' dir='ltr'>ἐπὶ</span> <span class='ocrx_word' id='word_1_11' title='bbox 495 262 540 308; x_wconf 86' lang='grc' dir='ltr'>τῇ</span> <span class='ocrx_word' id='word_1_12' title='bbox 566 261 790 309; x_wconf 73' lang='grc' dir='ltr'><em>παραστάσει</em></span> <span class='ocrx_word' id='word_1_13' title='bbox 817 262 1046 308; x_wconf 81' lang='grc' dir='ltr'><em>διωρίσαμεν,</em></span> <span class='ocrx_word' id='word_1_14' title='bbox 1079 265 1142 297; x_wconf 82' lang='grc' dir='ltr'>τοῦ</span> <span class='ocrx_word' id='word_1_15' title='bbox 1166 265 1233 307; x_wconf 72' lang='grc' dir='ltr'>μὲν</span> <span class='ocrx_word' id='word_1_16' title='bbox 1303 262 1476 298; x_wconf 79' lang='lat' dir='ltr'>bibitione</span> <span class='ocrx_word' id='word_1_17' title='bbox 1501 261 1739 304; x_wconf 83' lang='lat' dir='ltr'>decrevimus,</span> <span class='ocrx_word' id='word_1_18' title='bbox 1775 261 1957 298; x_wconf 88' lang='lat' dir='ltr'>definitum</span> <span class='ocrx_word' id='word_1_19' title='bbox 1991 273 2072 299; x_wconf 87' lang='lat' dir='ltr'>vero</span> <span class='ocrx_word' id='word_1_20' title='bbox 2099 274 2226 298; x_wconf 86' lang='lat' dir='ltr'>aurum</span> <span class='ocrx_word' id='word_1_21' title='bbox 2251 273 2273 298; x_wconf 86' lang='lat' dir='ltr'>a</span> <span class='ocrx_word' id='word_1_22' title='bbox 2296 263 2380 299; x_wconf 84' lang='lat' dir='ltr'>fide-</span> 
     </span>
     <span class='ocr_line' id='line_1_3' title="bbox 153 305 2381 354; baseline 0.001 -14"><span class='ocrx_word' id='word_1_23' title='bbox 153 305 364 353; x_wconf 70' lang='grc' dir='ltr'><em>ὁρισθέντος</em></span> <span class='ocrx_word' id='word_1_24' title='bbox 386 310 531 353; x_wconf 81' lang='grc' dir='ltr'><em>χρυσίου</em></span> <span class='ocrx_word' id='word_1_25' title='bbox 552 310 651 352; x_wconf 85' lang='grc' dir='ltr'><em>παρὰ</em></span> <span class='ocrx_word' id='word_1_26' title='bbox 672 309 749 341; x_wconf 82' lang='grc' dir='ltr'>τῶν</span> <span class='ocrx_word' id='word_1_27' title='bbox 765 310 949 354; x_wconf 73' lang='grc' dir='ltr'>ἐγγυητῶν</span> <span class='ocrx_word' id='word_1_28' title='bbox 969 306 1233 353; x_wconf 80' lang='grc' dir='ltr'><em>ἀπαιτουμένου</em></span> <span class='ocrx_word' id='word_1_29' title='bbox 1304 308 1502 343; x_wconf 86' lang='lat' dir='ltr'>iussoribus</span> <span class='ocrx_word' id='word_1_30' title='bbox 1528 306 1737 351; x_wconf 85' lang='lat' dir='ltr'>exigendum</span> <span class='ocrx_word' id='word_1_31' title='bbox 1762 311 1797 342; x_wconf 88' lang='lat' dir='ltr'>et</span> <span class='ocrx_word' id='word_1_32' title='bbox 1817 308 1971 343; x_wconf 85' lang='lat' dir='ltr'>dandum</span> <span class='ocrx_word' id='word_1_33' title='bbox 1996 309 2027 344; x_wconf 91' lang='lat' dir='ltr'>ei</span> <span class='ocrx_word' id='word_1_34' title='bbox 2045 309 2105 354; x_wconf 88' lang='lat' dir='ltr'>qui</span> <span class='ocrx_word' id='word_1_35' title='bbox 2123 309 2296 344; x_wconf 88' lang='lat' dir='ltr'>deductus</span> <span class='ocrx_word' id='word_1_36' title='bbox 2315 310 2381 350; x_wconf 83' lang='lat' dir='ltr'>est,</span> 
     </span>
     <span class='ocr_line' id='line_1_4' title="bbox 153 349 2382 398; baseline 0.001 -13"><span class='ocrx_word' id='word_1_37' title='bbox 153 355 212 385; x_wconf 86' lang='grc' dir='ltr'>καὶ</span> <span class='ocrx_word' id='word_1_38' title='bbox 243 351 429 397; x_wconf 80' lang='grc' dir='ltr'><em>διδομένου</em></span> <span class='ocrx_word' id='word_1_39' title='bbox 462 353 514 394; x_wconf 76' lang='grc' dir='ltr'>τῷ</span> <span class='ocrx_word' id='word_1_40' title='bbox 546 349 769 394; x_wconf 83' lang='grc' dir='ltr'><em>ἆπαχθέντι,</em></span> <span class='ocrx_word' id='word_1_41' title='bbox 803 356 1046 398; x_wconf 81' lang='grc' dir='ltr'><em>παρεχομένου</em></span> <span class='ocrx_word' id='word_1_42' title='bbox 1078 351 1116 387; x_wconf 78' lang='grc' dir='ltr'><em>δὲ</em></span> <span class='ocrx_word' id='word_1_43' title='bbox 1140 351 1229 398; x_wconf 72' lang='grc' dir='ltr'><em>παρ’</em></span> <span class='ocrx_word' id='word_1_44' title='bbox 1305 353 1509 398; x_wconf 83' lang='lat' dir='ltr'>praebendo</span> <span class='ocrx_word' id='word_1_45' title='bbox 1543 362 1683 398; x_wconf 89' lang='lat' dir='ltr'>quoque</span> <span class='ocrx_word' id='word_1_46' title='bbox 1717 351 1762 387; x_wconf 90' lang='lat' dir='ltr'>ab</span> <span class='ocrx_word' id='word_1_47' title='bbox 1793 353 1855 388; x_wconf 87' lang='lat' dir='ltr'>illo</span> <span class='ocrx_word' id='word_1_48' title='bbox 1881 354 1987 388; x_wconf 83' lang='lat' dir='ltr'>etiam</span> <span class='ocrx_word' id='word_1_49' title='bbox 2011 354 2243 389; x_wconf 83' lang='lat' dir='ltr'>iureiurando</span> <span class='ocrx_word' id='word_1_50' title='bbox 2268 363 2382 398; x_wconf 84' lang='lat' dir='ltr'>usque</span> 
     </span>
     <span class='ocr_line' id='line_1_5' title="bbox 154 393 2380 445; baseline 0.002 -16"><span class='ocrx_word' id='word_1_51' title='bbox 154 399 288 432; x_wconf 81' lang='grc' dir='ltr'><em>ἐκείνου</em></span> <span class='ocrx_word' id='word_1_52' title='bbox 308 400 367 431; x_wconf 84' lang='grc' dir='ltr'>καὶ</span> <span class='ocrx_word' id='word_1_53' title='bbox 388 398 450 430; x_wconf 83' lang='grc' dir='ltr'>τοῦ</span> <span class='ocrx_word' id='word_1_54' title='bbox 468 393 574 442; x_wconf 78' lang='grc' dir='ltr'><em>ὅρκου</em></span> <span class='ocrx_word' id='word_1_55' title='bbox 595 394 675 444; x_wconf 82' lang='grc' dir='ltr'><em>ἄχρι</em></span> <span class='ocrx_word' id='word_1_56' title='bbox 696 398 928 442; x_wconf 77' lang='grc' dir='ltr'><em>ταξατίωνος,</em></span> <span class='ocrx_word' id='word_1_57' title='bbox 954 399 1014 433; x_wconf 79' lang='grc' dir='ltr'>ἵνα</span> <span class='ocrx_word' id='word_1_58' title='bbox 1030 398 1130 445; x_wconf 84' lang='grc' dir='ltr'><em>εἴπερ</em></span> <span class='ocrx_word' id='word_1_59' title='bbox 1151 397 1232 442; x_wconf 82' lang='grc' dir='ltr'><em>ὄμό-</em></span> <span class='ocrx_word' id='word_1_60' title='bbox 1304 398 1351 433; x_wconf 84' lang='lat' dir='ltr'>ad</span> <span class='ocrx_word' id='word_1_61' title='bbox 1374 398 1610 441; x_wconf 84' lang='lat' dir='ltr'>taxationem,</span> <span class='ocrx_word' id='word_1_62' title='bbox 1635 401 1675 432; x_wconf 92' lang='lat' dir='ltr'>ut</span> <span class='ocrx_word' id='word_1_63' title='bbox 1699 397 1730 433; x_wconf 85' lang='lat' dir='ltr'>si</span> <span class='ocrx_word' id='word_1_64' title='bbox 1754 397 1924 433; x_wconf 85' lang='lat' dir='ltr'>iuraverit</span> <span class='ocrx_word' id='word_1_65' title='bbox 1948 410 1986 434; x_wconf 88' lang='lat' dir='ltr'>se</span> <span class='ocrx_word' id='word_1_66' title='bbox 2010 399 2117 435; x_wconf 86' lang='lat' dir='ltr'>etiam</span> <span class='ocrx_word' id='word_1_67' title='bbox 2142 400 2294 443; x_wconf 85' lang='lat' dir='ltr'>amplius</span> <span class='ocrx_word' id='word_1_68' title='bbox 2320 409 2380 433; x_wconf 77' lang='lat' dir='ltr'>ex-</span> 
     </span>
     <span class='ocr_line' id='line_1_6' title="bbox 154 439 2380 489; baseline 0.001 -14"><span class='ocrx_word' id='word_1_69' title='bbox 154 454 225 476; x_wconf 83' lang='grc' dir='ltr'><em>σειε</em></span> <span class='ocrx_word' id='word_1_70' title='bbox 257 445 315 475; x_wconf 82' lang='grc' dir='ltr'>καὶ</span> <span class='ocrx_word' id='word_1_71' title='bbox 344 440 468 476; x_wconf 85' lang='grc' dir='ltr'><em>πλεῖον</em></span> <span class='ocrx_word' id='word_1_72' title='bbox 498 439 797 486; x_wconf 54' lang='grc' dir='ltr'><em>δεδαπανηκεῗναι,</em></span> <span class='ocrx_word' id='word_1_73' title='bbox 830 447 889 477; x_wconf 84' lang='grc' dir='ltr'>καὶ</span> <span class='ocrx_word' id='word_1_74' title='bbox 913 445 1019 478; x_wconf 81' lang='grc' dir='ltr'><em>τοῦτο</em></span> <span class='ocrx_word' id='word_1_75' title='bbox 1044 441 1232 488; x_wconf 76' lang='grc' dir='ltr'><em>ἀπολάβοι,</em></span> <span class='ocrx_word' id='word_1_76' title='bbox 1271 448 1289 478; x_wconf 83' lang='grc'>5</span> <span class='ocrx_word' id='word_1_77' title='bbox 1304 444 1480 489; x_wconf 81' lang='lat' dir='ltr'>pendisse,</span> <span class='ocrx_word' id='word_1_78' title='bbox 1506 447 1542 479; x_wconf 89' lang='lat' dir='ltr'>et</span> <span class='ocrx_word' id='word_1_79' title='bbox 1564 443 1634 479; x_wconf 83' lang='lat' dir='ltr'>hoc</span> <span class='ocrx_word' id='word_1_80' title='bbox 1657 443 1817 488; x_wconf 83' lang='lat' dir='ltr'>recipiat,</span> <span class='ocrx_word' id='word_1_81' title='bbox 1850 446 1886 478; x_wconf 86' lang='lat' dir='ltr'>et</span> <span class='ocrx_word' id='word_1_82' title='bbox 1909 444 2065 488; x_wconf 87' lang='lat' dir='ltr'>undique</span> <span class='ocrx_word' id='word_1_83' title='bbox 2089 445 2276 481; x_wconf 84' lang='lat' dir='ltr'>videantur</span> <span class='ocrx_word' id='word_1_84' title='bbox 2301 454 2380 488; x_wconf 84' lang='lat' dir='ltr'>per-</span> 
     </span>
     <span class='ocr_line' id='line_1_7' title="bbox 153 485 1865 565; baseline 0.002 -45"><span class='ocrx_word' id='word_1_85' title='bbox 153 490 229 565; x_wconf 55' lang='lat' dir='ltr'>mii⁹</span> <span class='ocrx_word' id='word_1_86' title='bbox 235 487 473 530; x_wconf 83' lang='grc' dir='ltr'><em>πανταχόθεν</em></span> <span class='ocrx_word' id='word_1_87' title='bbox 497 491 665 532; x_wconf 82' lang='grc' dir='ltr'><em>φαίνοιτο</em></span> <span class='ocrx_word' id='word_1_88' title='bbox 688 487 806 522; x_wconf 76' lang='grc' dir='ltr'><em>τέλεια</em></span> <span class='ocrx_word' id='word_1_89' title='bbox 830 487 875 523; x_wconf 81' lang='grc' dir='ltr'>τὰ</span> <span class='ocrx_word' id='word_1_90' title='bbox 899 490 960 532; x_wconf 83' lang='grc' dir='ltr'>τῆς</span> <span class='ocrx_word' id='word_1_91' title='bbox 985 485 1154 537; x_wconf 78' lang='grc' dir='ltr'><em>ἡμετέρας</em></span> <span class='ocrx_word' id='word_1_92' title='bbox 1177 502 1233 524; x_wconf 90' lang='grc' dir='ltr'>νο-</span> <span class='ocrx_word' id='word_1_93' title='bbox 1304 490 1420 525; x_wconf 85' lang='lat' dir='ltr'>fectae</span> <span class='ocrx_word' id='word_1_94' title='bbox 1444 492 1590 526; x_wconf 81' lang='lat' dir='ltr'>nostrae</span> <span class='ocrx_word' id='word_1_95' title='bbox 1613 488 1865 533; x_wconf 79' lang='lat' dir='ltr'>legislationes.</span> 
     </span>
    </p>

    <p class='ocr_par' dir='ltr' id='par_1_3' title="bbox 151 536 336 576">
     <span class='ocr_line' id='line_1_8' title="bbox 151 536 336 576; baseline 0.005 -10"><span class='ocrx_word' id='word_1_96' title='bbox 151 545 197 576; x_wconf 85' lang='grc' dir='ltr'>μο</span> <span class='ocrx_word' id='word_1_97' title='bbox 231 536 336 567; x_wconf 86' lang='grc' dir='ltr'><em>εσίοις.</em></span> 
     </span>
    </p>
   </div>
   <div class='ocr_carea' id='block_1_3' title="bbox 1143 647 1392 683">
    <p class='ocr_par' dir='ltr' id='par_1_4' title="bbox 1143 647 1392 683">
     <span class='ocr_line' id='line_1_9' title="bbox 1143 647 1392 683; baseline -0.004 -1"><span class='ocrx_word' id='word_1_98' title='bbox 1143 647 1300 683; x_wconf 87' lang='lat' dir='ltr'><strong>CAPUT</strong></span> <span class='ocrx_word' id='word_1_99' title='bbox 1329 648 1392 682; x_wconf 84' lang='grc' dir='ltr'>ΙΙΙ.</span> 
     </span>
    </p>
   </div>
   <div class='ocr_carea' id='block_1_4' title="bbox 147 708 2386 2205">
    <p class='ocr_par' dir='ltr' id='par_1_5' title="bbox 147 708 2386 2205">
     <span class='ocr_line' id='line_1_10' title="bbox 204 708 2381 760; baseline 0.001 -15"><span class='ocrx_word' id='word_1_100' title='bbox 204 709 358 747; x_wconf 83' lang='grc' dir='ltr'><em>Κάκεῖνο</em></span> <span class='ocrx_word' id='word_1_101' title='bbox 391 711 430 747; x_wconf 78' lang='grc' dir='ltr'>δὲ</span> <span class='ocrx_word' id='word_1_102' title='bbox 460 713 482 757; x_wconf 82' lang='grc' dir='ltr'><em>ἡ</em></span> <span class='ocrx_word' id='word_1_103' title='bbox 513 717 579 758; x_wconf 77' lang='grc' dir='ltr'>μὲν</span> <span class='ocrx_word' id='word_1_104' title='bbox 604 713 792 760; x_wconf 78' lang='grc' dir='ltr'><em>ἀρχαιότης</em></span> <span class='ocrx_word' id='word_1_105' title='bbox 821 708 858 749; x_wconf 76' lang='grc' dir='ltr'><em>εὗ</em></span> <span class='ocrx_word' id='word_1_106' title='bbox 882 716 1034 750; x_wconf 88' lang='grc' dir='ltr'><em>ποιοῦσα</em></span> <span class='ocrx_word' id='word_1_107' title='bbox 1059 713 1232 750; x_wconf 78' lang='grc' dir='ltr'><em>διετύπω-</em></span> <span class='ocrx_word' id='word_1_108' title='bbox 1346 714 1438 748; x_wconf 86' lang='lat' dir='ltr'>Illud</span> <span class='ocrx_word' id='word_1_109' title='bbox 1468 724 1609 759; x_wconf 89' lang='lat' dir='ltr'>quoque</span> <span class='ocrx_word' id='word_1_110' title='bbox 1641 714 1835 759; x_wconf 80' lang='lat' dir='ltr'>antiquitas</span> <span class='ocrx_word' id='word_1_111' title='bbox 1862 713 2003 758; x_wconf 87' lang='lat' dir='ltr'>quidem</span> <span class='ocrx_word' id='word_1_112' title='bbox 2035 714 2125 749; x_wconf 89' lang='lat' dir='ltr'>bene</span> <span class='ocrx_word' id='word_1_113' title='bbox 2149 714 2285 750; x_wconf 86' lang='lat' dir='ltr'>faciens</span> <span class='ocrx_word' id='word_1_114' title='bbox 2311 714 2381 749; x_wconf 89' lang='lat' dir='ltr'>dis-</span> 
     </span>
     <span class='ocr_line' id='line_1_11' title="bbox 152 756 2381 805; baseline 0.001 -15"><span class='ocrx_word' id='word_1_115' title='bbox 152 768 224 799; x_wconf 81' lang='grc' dir='ltr'><em>σεν,</em></span> <span class='ocrx_word' id='word_1_116' title='bbox 257 757 292 791; x_wconf 93' lang='grc' dir='ltr'>οἱ</span> <span class='ocrx_word' id='word_1_117' title='bbox 315 756 355 791; x_wconf 80' lang='grc' dir='ltr'>δὲ</span> <span class='ocrx_word' id='word_1_118' title='bbox 378 760 444 793; x_wconf 87' lang='grc' dir='ltr'>νῦν</span> <span class='ocrx_word' id='word_1_119' title='bbox 469 759 672 804; x_wconf 72' lang='grc' dir='ltr'><strong><em>ἐξεπίτηδες</em></strong></span> <span class='ocrx_word' id='word_1_120' title='bbox 702 760 925 803; x_wconf 80' lang='grc' dir='ltr'><em>τεχνάζουσι,</em></span> <span class='ocrx_word' id='word_1_121' title='bbox 958 760 1023 803; x_wconf 77' lang='grc' dir='ltr'>τὴν</span> <span class='ocrx_word' id='word_1_122' title='bbox 1048 762 1125 793; x_wconf 86' lang='grc' dir='ltr'>τῶν</span> <span class='ocrx_word' id='word_1_123' title='bbox 1151 759 1231 805; x_wconf 80' lang='grc' dir='ltr'><em>ἡμε-</em></span> <span class='ocrx_word' id='word_1_124' title='bbox 1301 759 1431 803; x_wconf 85' lang='lat' dir='ltr'>posuit,</span> <span class='ocrx_word' id='word_1_125' title='bbox 1464 770 1559 794; x_wconf 91' lang='lat' dir='ltr'>nunc</span> <span class='ocrx_word' id='word_1_126' title='bbox 1591 763 1710 795; x_wconf 83' lang='lat' dir='ltr'>autem</span> <span class='ocrx_word' id='word_1_127' title='bbox 1743 759 1860 795; x_wconf 85' lang='lat' dir='ltr'>studio</span> <span class='ocrx_word' id='word_1_128' title='bbox 1885 760 2147 802; x_wconf 82' lang='lat' dir='ltr'>machinantur,</span> <span class='ocrx_word' id='word_1_129' title='bbox 2179 764 2381 795; x_wconf 85' lang='lat' dir='ltr'>nostrarum</span> 
     </span>
     <span class='ocr_line' id='line_1_12' title="bbox 151 802 2381 852; baseline 0.001 -17"><span class='ocrx_word' id='word_1_130' title='bbox 151 804 267 847; x_wconf 85' lang='grc' dir='ltr'><em>τέρων</em></span> <span class='ocrx_word' id='word_1_131' title='bbox 289 802 416 847; x_wconf 85' lang='grc' dir='ltr'><em>νόμων</em></span> <span class='ocrx_word' id='word_1_132' title='bbox 441 804 730 852; x_wconf 82' lang='grc' dir='ltr'><em>φιλανθρωπίαν</em></span> <span class='ocrx_word' id='word_1_133' title='bbox 753 804 918 851; x_wconf 82' lang='grc' dir='ltr'><em>ἀφορμὴν</em></span> <span class='ocrx_word' id='word_1_134' title='bbox 940 803 1148 849; x_wconf 84' lang='grc' dir='ltr'><em>ποιούμενοι</em></span> <span class='ocrx_word' id='word_1_135' title='bbox 1172 807 1232 848; x_wconf 74' lang='grc' dir='ltr'>τῆς</span> <span class='ocrx_word' id='word_1_136' title='bbox 1250 808 1287 838; x_wconf 78' lang='lat' dir='ltr'>Io</span> <span class='ocrx_word' id='word_1_137' title='bbox 1300 804 1416 848; x_wconf 86' lang='lat' dir='ltr'>legum</span> <span class='ocrx_word' id='word_1_138' title='bbox 1441 804 1663 840; x_wconf 87' lang='lat' dir='ltr'>clementiam</span> <span class='ocrx_word' id='word_1_139' title='bbox 1695 805 1922 840; x_wconf 83' lang='lat' dir='ltr'>occasionem</span> <span class='ocrx_word' id='word_1_140' title='bbox 1952 804 2125 840; x_wconf 80' lang='lat' dir='ltr'>facientes</span> <span class='ocrx_word' id='word_1_141' title='bbox 2153 815 2297 840; x_wconf 85' lang='lat' dir='ltr'>suarum</span> <span class='ocrx_word' id='word_1_142' title='bbox 2324 815 2381 838; x_wconf 81' lang='lat' dir='ltr'>ca-</span> 
     </span>
     <span class='ocr_line' id='line_1_13' title="bbox 151 847 2383 897; baseline 0.002 -18"><span class='ocrx_word' id='word_1_143' title='bbox 151 847 292 882; x_wconf 81' lang='grc' dir='ltr'><em>ἑαυτῶν</em></span> <span class='ocrx_word' id='word_1_144' title='bbox 324 851 500 896; x_wconf 78' lang='grc' dir='ltr'><em>ἐπηρείας.</em></span> <span class='ocrx_word' id='word_1_145' title='bbox 548 852 608 893; x_wconf 81' lang='grc' dir='ltr'>τῆς</span> <span class='ocrx_word' id='word_1_146' title='bbox 638 850 683 897; x_wconf 72' lang='grc' dir='ltr'>γοὶ</span> <span class='ocrx_word' id='word_1_147' title='bbox 740 850 980 893; x_wconf 76' lang='grc' dir='ltr'><em>παλαιότητος</em></span> <span class='ocrx_word' id='word_1_148' title='bbox 1017 848 1232 894; x_wconf 74' lang='grc' dir='ltr'><em>βουλομένης</em></span> <span class='ocrx_word' id='word_1_149' title='bbox 1300 850 1525 884; x_wconf 89' lang='lat' dir='ltr'>lumniarum.</span> <span class='ocrx_word' id='word_1_150' title='bbox 1575 850 1763 886; x_wconf 85' lang='lat' dir='ltr'>Vetustate</span> <span class='ocrx_word' id='word_1_151' title='bbox 1787 859 1939 895; x_wconf 85' lang='lat' dir='ltr'>namque</span> <span class='ocrx_word' id='word_1_152' title='bbox 1969 850 2109 885; x_wconf 88' lang='lat' dir='ltr'>volente</span> <span class='ocrx_word' id='word_1_153' title='bbox 2140 850 2383 885; x_wconf 89' lang='lat' dir='ltr'>conventionis</span> 
     </span>
     <span class='ocr_line' id='line_1_14' title="bbox 149 864 2381 940; baseline 0.001 -15"><span class='ocrx_word' id='word_1_154' title='bbox 149 890 216 926; x_wconf 84' lang='grc' dir='ltr'>τὸν</span> <span class='ocrx_word' id='word_1_155' title='bbox 249 892 437 928; x_wconf 84' lang='grc' dir='ltr'><em>αἰτιάσεως</em></span> <span class='ocrx_word' id='word_1_156' title='bbox 468 895 629 939; x_wconf 61' lang='grc' dir='ltr'>βιβλίονν</span> <span class='ocrx_word' id='word_1_157' title='bbox 645 864 838 939; x_wconf 56' lang='grc' dir='ltr'><em>δεξάμενον</em></span> <span class='ocrx_word' id='word_1_158' title='bbox 862 893 1005 940; x_wconf 79' lang='grc' dir='ltr'><em>ἡμερῶν</em></span> <span class='ocrx_word' id='word_1_159' title='bbox 1036 895 1121 928; x_wconf 80' lang='grc' dir='ltr'><em>εἴσω</em></span> <span class='ocrx_word' id='word_1_160' title='bbox 1147 893 1232 928; x_wconf 87' lang='grc' dir='ltr'><em>δέκα</em></span> <span class='ocrx_word' id='word_1_161' title='bbox 1300 894 1459 928; x_wconf 90' lang='lat' dir='ltr'>libellum</span> <span class='ocrx_word' id='word_1_162' title='bbox 1482 895 1737 939; x_wconf 85' lang='lat' dir='ltr'>suscipientem</span> <span class='ocrx_word' id='word_1_163' title='bbox 1768 895 1894 931; x_wconf 89' lang='lat' dir='ltr'>diebus</span> <span class='ocrx_word' id='word_1_164' title='bbox 1924 904 2037 939; x_wconf 86' lang='lat' dir='ltr'>aeque</span> <span class='ocrx_word' id='word_1_165' title='bbox 2062 895 2183 931; x_wconf 87' lang='lat' dir='ltr'>decem</span> <span class='ocrx_word' id='word_1_166' title='bbox 2209 895 2381 929; x_wconf 84' lang='lat' dir='ltr'>delibera-</span> 
     </span>
     <span class='ocr_line' id='line_1_15' title="bbox 151 934 2383 987; baseline 0.001 -17"><span class='ocrx_word' id='word_1_167' title='bbox 151 934 342 984; x_wconf 73' lang='grc' dir='ltr'><em>διάσκεψιν</em></span> <span class='ocrx_word' id='word_1_168' title='bbox 371 943 476 983; x_wconf 79' lang='grc' dir='ltr'><em>ἔχειν,</em></span> <span class='ocrx_word' id='word_1_169' title='bbox 509 938 570 986; x_wconf 76' lang='grc' dir='ltr'>ἐφ’</span> <span class='ocrx_word' id='word_1_170' title='bbox 599 939 628 984; x_wconf 74' lang='grc' dir='ltr'><em>ᾧ</em></span> <span class='ocrx_word' id='word_1_171' title='bbox 660 944 719 974; x_wconf 85' lang='grc' dir='ltr'>καὶ</span> <span class='ocrx_word' id='word_1_172' title='bbox 751 940 984 987; x_wconf 82' lang='grc' dir='ltr'><em>ἄνερευνῆσαι</em></span> <span class='ocrx_word' id='word_1_173' title='bbox 1016 939 1059 974; x_wconf 89' lang='grc' dir='ltr'>τὸ</span> <span class='ocrx_word' id='word_1_174' title='bbox 1084 940 1231 987; x_wconf 73' lang='grc' dir='ltr'><em>πρᾶγμα</em></span> <span class='ocrx_word' id='word_1_175' title='bbox 1301 938 1433 973; x_wconf 82' lang='lat' dir='ltr'>tionem</span> <span class='ocrx_word' id='word_1_176' title='bbox 1454 940 1598 982; x_wconf 86' lang='lat' dir='ltr'>habere,</span> <span class='ocrx_word' id='word_1_177' title='bbox 1625 952 1694 984; x_wconf 89' lang='lat' dir='ltr'>quo</span> <span class='ocrx_word' id='word_1_178' title='bbox 1716 941 1833 985; x_wconf 82' lang='lat' dir='ltr'>possit</span> <span class='ocrx_word' id='word_1_179' title='bbox 1857 940 2036 976; x_wconf 81' lang='lat' dir='ltr'>discutere</span> <span class='ocrx_word' id='word_1_180' title='bbox 2061 950 2207 976; x_wconf 83' lang='lat' dir='ltr'>causam</span> <span class='ocrx_word' id='word_1_181' title='bbox 2231 943 2268 975; x_wconf 85' lang='lat' dir='ltr'>et</span> <span class='ocrx_word' id='word_1_182' title='bbox 2291 940 2383 975; x_wconf 80' lang='lat' dir='ltr'>forte</span> 
     </span>
     <span class='ocr_line' id='line_1_16' title="bbox 150 983 2383 1032; baseline 0.001 -17"><span class='ocrx_word' id='word_1_183' title='bbox 150 986 210 1016; x_wconf 83' lang='grc' dir='ltr'>καὶ</span> <span class='ocrx_word' id='word_1_184' title='bbox 241 984 327 1017; x_wconf 85' lang='grc' dir='ltr'><em>ἴσως</em></span> <span class='ocrx_word' id='word_1_185' title='bbox 359 987 559 1032; x_wconf 78' lang='grc' dir='ltr'><em>ἐπιγνῶναι</em></span> <span class='ocrx_word' id='word_1_186' title='bbox 592 989 651 1019; x_wconf 88' lang='grc' dir='ltr'>καὶ</span> <span class='ocrx_word' id='word_1_187' title='bbox 675 983 943 1032; x_wconf 78' lang='grc' dir='ltr'><em>ἀπαλλαγῆναι,</em></span> <span class='ocrx_word' id='word_1_188' title='bbox 973 983 1064 1030; x_wconf 83' lang='grc' dir='ltr'><em>μετὰ</em></span> <span class='ocrx_word' id='word_1_189' title='bbox 1096 983 1136 1018; x_wconf 82' lang='grc' dir='ltr'>δὲ</span> <span class='ocrx_word' id='word_1_190' title='bbox 1164 983 1231 1027; x_wconf 84' lang='grc' dir='ltr'>τὴν</span> <span class='ocrx_word' id='word_1_191' title='bbox 1301 983 1408 1018; x_wconf 86' lang='lat' dir='ltr'>etiam</span> <span class='ocrx_word' id='word_1_192' title='bbox 1441 995 1695 1029; x_wconf 83' lang='lat' dir='ltr'>recognoscere</span> <span class='ocrx_word' id='word_1_193' title='bbox 1726 988 1762 1021; x_wconf 90' lang='lat' dir='ltr'>et</span> <span class='ocrx_word' id='word_1_194' title='bbox 1793 986 1956 1027; x_wconf 87' lang='lat' dir='ltr'>liberari,</span> <span class='ocrx_word' id='word_1_195' title='bbox 1992 988 2075 1031; x_wconf 86' lang='lat' dir='ltr'>post</span> <span class='ocrx_word' id='word_1_196' title='bbox 2107 986 2228 1021; x_wconf 88' lang='lat' dir='ltr'>decem</span> <span class='ocrx_word' id='word_1_197' title='bbox 2265 987 2383 1020; x_wconf 84' lang='lat' dir='ltr'>autem</span> 
     </span>
     <span class='ocr_line' id='line_1_17' title="bbox 149 1026 2384 1077; baseline 0.001 -16"><span class='ocrx_word' id='word_1_198' title='bbox 149 1028 226 1061; x_wconf 78' lang='grc' dir='ltr'>τῶν</span> <span class='ocrx_word' id='word_1_199' title='bbox 253 1028 336 1063; x_wconf 80' lang='grc' dir='ltr'><em>δέκα</em></span> <span class='ocrx_word' id='word_1_200' title='bbox 358 1028 501 1076; x_wconf 78' lang='grc' dir='ltr'><em>ἡμερῶν</em></span> <span class='ocrx_word' id='word_1_201' title='bbox 520 1031 753 1076; x_wconf 68' lang='grc' dir='ltr'><em>προθεσμίαν</em></span> <span class='ocrx_word' id='word_1_202' title='bbox 775 1032 973 1073; x_wconf 70' lang='grc' dir='ltr'><em>τηνικαῦτα</em></span> <span class='ocrx_word' id='word_1_203' title='bbox 998 1033 1057 1064; x_wconf 81' lang='grc' dir='ltr'>καὶ</span> <span class='ocrx_word' id='word_1_204' title='bbox 1077 1026 1230 1077; x_wconf 74' lang='grc' dir='ltr'><em>ὑπογρά-</em></span> <span class='ocrx_word' id='word_1_205' title='bbox 1248 1031 1287 1063; x_wconf 82' lang='grc'>15</span> <span class='ocrx_word' id='word_1_206' title='bbox 1302 1028 1436 1063; x_wconf 82' lang='lat' dir='ltr'>dierum</span> <span class='ocrx_word' id='word_1_207' title='bbox 1460 1029 1617 1065; x_wconf 83' lang='lat' dir='ltr'>indutias</span> <span class='ocrx_word' id='word_1_208' title='bbox 1642 1032 1729 1066; x_wconf 88' lang='lat' dir='ltr'>tunc</span> <span class='ocrx_word' id='word_1_209' title='bbox 1755 1034 1790 1066; x_wconf 85' lang='lat' dir='ltr'>et</span> <span class='ocrx_word' id='word_1_210' title='bbox 1816 1031 2041 1066; x_wconf 84' lang='lat' dir='ltr'>subscribere</span> <span class='ocrx_word' id='word_1_211' title='bbox 2065 1031 2175 1067; x_wconf 86' lang='lat' dir='ltr'>misso</span> <span class='ocrx_word' id='word_1_212' title='bbox 2199 1031 2319 1065; x_wconf 89' lang='lat' dir='ltr'>libello</span> <span class='ocrx_word' id='word_1_213' title='bbox 2349 1033 2384 1064; x_wconf 87' lang='lat' dir='ltr'>et</span> 
     </span>
     <span class='ocr_line' id='line_1_18' title="bbox 150 1074 2382 1121; baseline 0.002 -15"><span class='ocrx_word' id='word_1_214' title='bbox 150 1086 232 1118; x_wconf 84' lang='grc' dir='ltr'><em>φειν</em></span> <span class='ocrx_word' id='word_1_215' title='bbox 256 1077 308 1117; x_wconf 76' lang='grc' dir='ltr'>τῷ</span> <span class='ocrx_word' id='word_1_216' title='bbox 331 1075 498 1110; x_wconf 77' lang='grc' dir='ltr'><em>σταλέντι</em></span> <span class='ocrx_word' id='word_1_217' title='bbox 523 1075 655 1119; x_wconf 80' lang='grc' dir='ltr'><em>βιβλίῳ</em></span> <span class='ocrx_word' id='word_1_218' title='bbox 678 1079 737 1109; x_wconf 83' lang='grc' dir='ltr'>καὶ</span> <span class='ocrx_word' id='word_1_219' title='bbox 761 1075 823 1110; x_wconf 81' lang='grc' dir='ltr'>τὰς</span> <span class='ocrx_word' id='word_1_220' title='bbox 844 1074 1049 1110; x_wconf 64' lang='grc' dir='ltr'><em>δικαστικοῖς</em></span> <span class='ocrx_word' id='word_1_221' title='bbox 1070 1074 1231 1120; x_wconf 80' lang='grc' dir='ltr'><em>πληροῦν</em></span> <span class='ocrx_word' id='word_1_222' title='bbox 1301 1074 1485 1110; x_wconf 84' lang='lat' dir='ltr'>iudiciales</span> <span class='ocrx_word' id='word_1_223' title='bbox 1510 1075 1657 1119; x_wconf 86' lang='lat' dir='ltr'>implere</span> <span class='ocrx_word' id='word_1_224' title='bbox 1683 1077 1884 1119; x_wconf 80' lang='lat' dir='ltr'>cautiones,</span> <span class='ocrx_word' id='word_1_225' title='bbox 1917 1077 2059 1121; x_wconf 88' lang='lat' dir='ltr'>quidam</span> <span class='ocrx_word' id='word_1_226' title='bbox 2083 1087 2164 1112; x_wconf 87' lang='lat' dir='ltr'>vero</span> <span class='ocrx_word' id='word_1_227' title='bbox 2189 1076 2382 1120; x_wconf 89' lang='lat' dir='ltr'>respicien-</span> 
     </span>
     <span class='ocr_line' id='line_1_19' title="bbox 149 1117 2383 1166; baseline 0.001 -15"><span class='ocrx_word' id='word_1_228' title='bbox 149 1117 354 1164; x_wconf 74' lang='grc' dir='ltr'><em>ἀσφαλείας,</em></span> <span class='ocrx_word' id='word_1_229' title='bbox 379 1123 472 1155; x_wconf 75' lang='grc' dir='ltr'><em>τινες</em></span> <span class='ocrx_word' id='word_1_230' title='bbox 496 1119 540 1164; x_wconf 81' lang='grc' dir='ltr'>δὴ</span> <span class='ocrx_word' id='word_1_231' title='bbox 563 1118 769 1166; x_wconf 75' lang='grc' dir='ltr'><em>ἀφορῶντες</em></span> <span class='ocrx_word' id='word_1_232' title='bbox 793 1121 840 1154; x_wconf 83' lang='grc' dir='ltr'>εἰς</span> <span class='ocrx_word' id='word_1_233' title='bbox 863 1120 944 1155; x_wconf 80' lang='grc' dir='ltr'><em>τοὺς</em></span> <span class='ocrx_word' id='word_1_234' title='bbox 964 1119 1152 1166; x_wconf 80' lang='grc' dir='ltr'><em>ἡμετέρους</em></span> <span class='ocrx_word' id='word_1_235' title='bbox 1172 1117 1230 1154; x_wconf 89' lang='grc' dir='ltr'>νό-</span> <span class='ocrx_word' id='word_1_236' title='bbox 1300 1121 1355 1153; x_wconf 86' lang='lat' dir='ltr'>tes</span> <span class='ocrx_word' id='word_1_237' title='bbox 1381 1120 1426 1154; x_wconf 88' lang='lat' dir='ltr'>ad</span> <span class='ocrx_word' id='word_1_238' title='bbox 1447 1122 1589 1155; x_wconf 85' lang='lat' dir='ltr'>nostras</span> <span class='ocrx_word' id='word_1_239' title='bbox 1615 1121 1720 1165; x_wconf 85' lang='lat' dir='ltr'>leges,</span> <span class='ocrx_word' id='word_1_240' title='bbox 1755 1131 1846 1166; x_wconf 88' lang='lat' dir='ltr'>quae</span> <span class='ocrx_word' id='word_1_241' title='bbox 1877 1125 1960 1166; x_wconf 87' lang='lat' dir='ltr'>post</span> <span class='ocrx_word' id='word_1_242' title='bbox 1988 1122 2060 1157; x_wconf 87' lang='lat' dir='ltr'>litis</span> <span class='ocrx_word' id='word_1_243' title='bbox 2087 1122 2383 1157; x_wconf 85' lang='lat' dir='ltr'>contestationem</span> 
     </span>
     <span class='ocr_line' id='line_1_20' title="bbox 148 1164 2384 1212; baseline 0.001 -14"><span class='ocrx_word' id='word_1_244' title='bbox 148 1176 252 1208; x_wconf 78' lang='grc' dir='ltr'><em>μους,</em></span> <span class='ocrx_word' id='word_1_245' title='bbox 285 1166 321 1198; x_wconf 82' lang='grc' dir='ltr'>οἳ</span> <span class='ocrx_word' id='word_1_246' title='bbox 348 1165 439 1209; x_wconf 83' lang='grc' dir='ltr'><em>μετὰ</em></span> <span class='ocrx_word' id='word_1_247' title='bbox 473 1165 716 1212; x_wconf 80' lang='grc' dir='ltr'><em>προκάταρξιν</em></span> <span class='ocrx_word' id='word_1_248' title='bbox 752 1164 833 1200; x_wconf 80' lang='grc' dir='ltr'><em>οὔτε</em></span> <span class='ocrx_word' id='word_1_249' title='bbox 864 1166 1130 1212; x_wconf 85' lang='grc' dir='ltr'><em>παραιτεῖσθαι</em></span> <span class='ocrx_word' id='word_1_250' title='bbox 1165 1164 1231 1199; x_wconf 88' lang='grc' dir='ltr'>τὸν</span> <span class='ocrx_word' id='word_1_251' title='bbox 1301 1174 1416 1209; x_wconf 84' lang='lat' dir='ltr'>neque</span> <span class='ocrx_word' id='word_1_252' title='bbox 1440 1165 1598 1199; x_wconf 84' lang='lat' dir='ltr'>refutare</span> <span class='ocrx_word' id='word_1_253' title='bbox 1622 1166 1776 1201; x_wconf 86' lang='lat' dir='ltr'>iudicem</span> <span class='ocrx_word' id='word_1_254' title='bbox 1808 1170 1923 1211; x_wconf 86' lang='lat' dir='ltr'>neque</span> <span class='ocrx_word' id='word_1_255' title='bbox 1947 1167 2057 1201; x_wconf 86' lang='lat' dir='ltr'>alium</span> <span class='ocrx_word' id='word_1_256' title='bbox 2084 1170 2207 1212; x_wconf 87' lang='lat' dir='ltr'>petere</span> <span class='ocrx_word' id='word_1_257' title='bbox 2231 1166 2384 1201; x_wconf 87' lang='lat' dir='ltr'>iudicem</span> 
     </span>
     <span class='ocr_line' id='line_1_21' title="bbox 150 1206 2382 1257; baseline 0.001 -14"><span class='ocrx_word' id='word_1_258' title='bbox 150 1206 326 1253; x_wconf 77' lang='grc' dir='ltr'><em>δικαστὴν</em></span> <span class='ocrx_word' id='word_1_259' title='bbox 361 1210 443 1244; x_wconf 79' lang='grc' dir='ltr'><em>οὔτε</em></span> <span class='ocrx_word' id='word_1_260' title='bbox 479 1209 721 1253; x_wconf 83' lang='grc' dir='ltr'><em>συνδικαστὴν</em></span> <span class='ocrx_word' id='word_1_261' title='bbox 761 1212 874 1244; x_wconf 84' lang='grc' dir='ltr'><em>αἰτεῖν</em></span> <span class='ocrx_word' id='word_1_262' title='bbox 910 1212 1150 1257; x_wconf 81' lang='grc' dir='ltr'><em>συγχωροῦσι,</em></span> <span class='ocrx_word' id='word_1_263' title='bbox 1188 1209 1230 1244; x_wconf 85' lang='grc' dir='ltr'>τὸ</span> <span class='ocrx_word' id='word_1_264' title='bbox 1301 1210 1521 1254; x_wconf 82' lang='lat' dir='ltr'>permittunt,</span> <span class='ocrx_word' id='word_1_265' title='bbox 1542 1220 1687 1245; x_wconf 86' lang='lat' dir='ltr'>causam</span> <span class='ocrx_word' id='word_1_266' title='bbox 1706 1214 1782 1246; x_wconf 83' lang='lat' dir='ltr'>arte</span> <span class='ocrx_word' id='word_1_267' title='bbox 1798 1212 2059 1254; x_wconf 79' lang='lat' dir='ltr'>machinantur,</span> <span class='ocrx_word' id='word_1_268' title='bbox 2082 1216 2118 1247; x_wconf 90' lang='lat' dir='ltr'>et</span> <span class='ocrx_word' id='word_1_269' title='bbox 2133 1212 2284 1247; x_wconf 82' lang='lat' dir='ltr'>maxime</span> <span class='ocrx_word' id='word_1_270' title='bbox 2302 1221 2382 1245; x_wconf 82' lang='lat' dir='ltr'>exe-</span> 
     </span>
     <span class='ocr_line' id='line_1_22' title="bbox 149 1253 2384 1302; baseline 0.002 -15"><span class='ocrx_word' id='word_1_271' title='bbox 149 1256 297 1301; x_wconf 77' lang='grc' dir='ltr'><em>πρᾶγμα</em></span> <span class='ocrx_word' id='word_1_272' title='bbox 320 1253 544 1298; x_wconf 78' lang='grc' dir='ltr'><em>τεχνάζουσι,</em></span> <span class='ocrx_word' id='word_1_273' title='bbox 576 1259 636 1289; x_wconf 84' lang='grc' dir='ltr'>καὶ</span> <span class='ocrx_word' id='word_1_274' title='bbox 658 1253 814 1299; x_wconf 79' lang='grc' dir='ltr'><em>μάλιστα</em></span> <span class='ocrx_word' id='word_1_275' title='bbox 842 1256 921 1290; x_wconf 80' lang='grc' dir='ltr'>τῶν</span> <span class='ocrx_word' id='word_1_276' title='bbox 945 1254 1164 1302; x_wconf 86' lang='grc' dir='ltr'><em>πρακτόρων</em></span> <span class='ocrx_word' id='word_1_277' title='bbox 1186 1253 1232 1289; x_wconf 83' lang='grc' dir='ltr'>τὰ</span> <span class='ocrx_word' id='word_1_278' title='bbox 1245 1257 1286 1288; x_wconf 80' lang='lat'>20</span> <span class='ocrx_word' id='word_1_279' title='bbox 1302 1255 1485 1290; x_wconf 86' lang='lat' dir='ltr'>cutoribns</span> <span class='ocrx_word' id='word_1_280' title='bbox 1522 1255 1610 1290; x_wconf 88' lang='lat' dir='ltr'>talia</span> <span class='ocrx_word' id='word_1_281' title='bbox 1643 1255 1766 1292; x_wconf 87' lang='lat' dir='ltr'>dolose</span> <span class='ocrx_word' id='word_1_282' title='bbox 1799 1256 2124 1301; x_wconf 85' lang='lat' dir='ltr'>adinvenientibus‚</span> <span class='ocrx_word' id='word_1_283' title='bbox 2164 1262 2199 1292; x_wconf 82' lang='lat' dir='ltr'>et</span> <span class='ocrx_word' id='word_1_284' title='bbox 2230 1268 2313 1292; x_wconf 84' lang='lat' dir='ltr'>mox</span> <span class='ocrx_word' id='word_1_285' title='bbox 2343 1259 2384 1291; x_wconf 85' lang='lat' dir='ltr'>ut</span> 
     </span>
     <span class='ocr_line' id='line_1_23' title="bbox 150 1298 2383 1356; baseline 0.002 -24"><span class='ocrx_word' id='word_1_286' title='bbox 150 1302 299 1334; x_wconf 85' lang='grc' dir='ltr'><em>τοιαῦτα</em></span> <span class='ocrx_word' id='word_1_287' title='bbox 317 1298 469 1345; x_wconf 78' lang='grc' dir='ltr'><em>δολερῶς</em></span> <span class='ocrx_word' id='word_1_288' title='bbox 491 1299 785 1356; x_wconf 78' lang='grc' dir='ltr'><em>ἐξευρισκόντων,</em></span> <span class='ocrx_word' id='word_1_289' title='bbox 807 1304 866 1334; x_wconf 89' lang='grc' dir='ltr'>καὶ</span> <span class='ocrx_word' id='word_1_290' title='bbox 882 1298 956 1345; x_wconf 82' lang='grc' dir='ltr'>ἅμα</span> <span class='ocrx_word' id='word_1_291' title='bbox 977 1300 1231 1348; x_wconf 80' lang='grc' dir='ltr'><em>προςενεχθείη</em></span> <span class='ocrx_word' id='word_1_292' title='bbox 1301 1300 1422 1335; x_wconf 86' lang='lat' dir='ltr'>oblata</span> <span class='ocrx_word' id='word_1_293' title='bbox 1446 1300 1554 1335; x_wconf 81' lang='lat' dir='ltr'>fuerit</span> <span class='ocrx_word' id='word_1_294' title='bbox 1578 1300 1759 1345; x_wconf 90' lang='lat' dir='ltr'>quaelibet</span> <span class='ocrx_word' id='word_1_295' title='bbox 1783 1301 1988 1344; x_wconf 87' lang='lat' dir='ltr'>admonitio,</span> <span class='ocrx_word' id='word_1_296' title='bbox 2013 1303 2107 1337; x_wconf 88' lang='lat' dir='ltr'>forte</span> <span class='ocrx_word' id='word_1_297' title='bbox 2132 1312 2245 1347; x_wconf 88' lang='lat' dir='ltr'>neque</span> <span class='ocrx_word' id='word_1_298' title='bbox 2265 1301 2383 1337; x_wconf 91' lang='lat' dir='ltr'>libello</span> 
     </span>
     <span class='ocr_line' id='line_1_24' title="bbox 149 1342 2383 1391; baseline 0.001 -13"><span class='ocrx_word' id='word_1_299' title='bbox 149 1356 202 1378; x_wconf 90' lang='grc' dir='ltr'>τις</span> <span class='ocrx_word' id='word_1_300' title='bbox 222 1342 437 1389; x_wconf 76' lang='grc' dir='ltr'><em>ὑπόμνησις,</em></span> <span class='ocrx_word' id='word_1_301' title='bbox 469 1345 638 1380; x_wconf 88' lang='grc' dir='ltr'><em>πολλακις</em></span> <span class='ocrx_word' id='word_1_302' title='bbox 662 1344 743 1380; x_wconf 74' lang='grc' dir='ltr'><em>οὔτε</em></span> <span class='ocrx_word' id='word_1_303' title='bbox 767 1345 911 1390; x_wconf 81' lang='grc' dir='ltr'><em>βιβλίου</em></span> <span class='ocrx_word' id='word_1_304' title='bbox 936 1344 1124 1391; x_wconf 80' lang='grc' dir='ltr'><em>διδομένου</em></span> <span class='ocrx_word' id='word_1_305' title='bbox 1149 1344 1232 1380; x_wconf 72' lang='grc' dir='ltr'><em>οὔτε</em></span> <span class='ocrx_word' id='word_1_306' title='bbox 1301 1345 1384 1380; x_wconf 92' lang='lat' dir='ltr'>dato</span> <span class='ocrx_word' id='word_1_307' title='bbox 1418 1355 1533 1390; x_wconf 88' lang='lat' dir='ltr'>neque</span> <span class='ocrx_word' id='word_1_308' title='bbox 1564 1345 1724 1381; x_wconf 90' lang='lat' dir='ltr'>iudiciali</span> <span class='ocrx_word' id='word_1_309' title='bbox 1756 1346 1830 1381; x_wconf 86' lang='lat' dir='ltr'>ulla</span> <span class='ocrx_word' id='word_1_310' title='bbox 1854 1347 2031 1390; x_wconf 82' lang='lat' dir='ltr'>cautione,</span> <span class='ocrx_word' id='word_1_311' title='bbox 2064 1347 2242 1382; x_wconf 89' lang='lat' dir='ltr'>deducunt</span> <span class='ocrx_word' id='word_1_312' title='bbox 2271 1347 2383 1382; x_wconf 87' lang='lat' dir='ltr'>homi-</span> 
     </span>
     <span class='ocr_line' id='line_1_25' title="bbox 150 1388 2384 1438; baseline 0.001 -15"><span class='ocrx_word' id='word_1_313' title='bbox 150 1388 353 1433; x_wconf 85' lang='grc' dir='ltr'><em>δικαστικῆς</em></span> <span class='ocrx_word' id='word_1_314' title='bbox 377 1388 542 1435; x_wconf 79' lang='grc' dir='ltr'><em>οὐδεμιᾶς</em></span> <span class='ocrx_word' id='word_1_315' title='bbox 564 1389 768 1436; x_wconf 71' lang='grc' dir='ltr'><em>ἀσφαλείας,</em></span> <span class='ocrx_word' id='word_1_316' title='bbox 794 1392 919 1438; x_wconf 73' lang='grc' dir='ltr'><em>ἄγουσι</em></span> <span class='ocrx_word' id='word_1_317' title='bbox 937 1391 1003 1426; x_wconf 83' lang='grc' dir='ltr'>τὸν</span> <span class='ocrx_word' id='word_1_318' title='bbox 1024 1390 1232 1438; x_wconf 73' lang='grc' dir='ltr'><em>ἄνθρωπον</em></span> <span class='ocrx_word' id='word_1_319' title='bbox 1300 1401 1381 1425; x_wconf 90' lang='lat' dir='ltr'>nem</span> <span class='ocrx_word' id='word_1_320' title='bbox 1416 1391 1563 1426; x_wconf 86' lang='lat' dir='ltr'>invitum</span> <span class='ocrx_word' id='word_1_321' title='bbox 1598 1391 1644 1426; x_wconf 90' lang='lat' dir='ltr'>ad</span> <span class='ocrx_word' id='word_1_322' title='bbox 1676 1391 1827 1427; x_wconf 89' lang='lat' dir='ltr'>iudicem</span> <span class='ocrx_word' id='word_1_323' title='bbox 1866 1393 1988 1427; x_wconf 88' lang='lat' dir='ltr'>datum</span> <span class='ocrx_word' id='word_1_324' title='bbox 2025 1396 2059 1427; x_wconf 87' lang='lat' dir='ltr'>et</span> <span class='ocrx_word' id='word_1_325' title='bbox 2091 1392 2178 1427; x_wconf 87' lang='lat' dir='ltr'>nihil</span> <span class='ocrx_word' id='word_1_326' title='bbox 2213 1392 2384 1428; x_wconf 87' lang='lat' dir='ltr'>scientem</span> 
     </span>
     <span class='ocr_line' id='line_1_26' title="bbox 149 1433 2383 1481; baseline 0.002 -14"><span class='ocrx_word' id='word_1_327' title='bbox 149 1433 281 1469; x_wconf 79' lang='grc' dir='ltr'><em>ἄκοντα</em></span> <span class='ocrx_word' id='word_1_328' title='bbox 306 1436 395 1481; x_wconf 88' lang='grc' dir='ltr'><em>πρὸς</em></span> <span class='ocrx_word' id='word_1_329' title='bbox 418 1435 484 1470; x_wconf 86' lang='grc' dir='ltr'>τὸν</span> <span class='ocrx_word' id='word_1_330' title='bbox 509 1435 700 1480; x_wconf 75' lang='grc' dir='ltr'><em>δεδομένον</em></span> <span class='ocrx_word' id='word_1_331' title='bbox 725 1434 898 1479; x_wconf 86' lang='grc' dir='ltr'><em>δικαστὴν</em></span> <span class='ocrx_word' id='word_1_332' title='bbox 922 1440 983 1470; x_wconf 80' lang='grc' dir='ltr'>καὶ</span> <span class='ocrx_word' id='word_1_333' title='bbox 1007 1434 1085 1470; x_wconf 63' lang='grc' dir='ltr'><em>οὐδ)</em></span> <span class='ocrx_word' id='word_1_334' title='bbox 1109 1436 1232 1471; x_wconf 80' lang='grc' dir='ltr'><em>ὁτιοῦν</em></span> <span class='ocrx_word' id='word_1_335' title='bbox 1303 1436 1521 1481; x_wconf 88' lang='lat' dir='ltr'>compellunt</span> <span class='ocrx_word' id='word_1_336' title='bbox 1545 1436 1663 1472; x_wconf 87' lang='lat' dir='ltr'>facere</span> <span class='ocrx_word' id='word_1_337' title='bbox 1687 1436 1759 1471; x_wconf 89' lang='lat' dir='ltr'>litis</span> <span class='ocrx_word' id='word_1_338' title='bbox 1786 1437 2092 1478; x_wconf 86' lang='lat' dir='ltr'>contestationem,</span> <span class='ocrx_word' id='word_1_339' title='bbox 2120 1441 2161 1472; x_wconf 92' lang='lat' dir='ltr'>ut</span> <span class='ocrx_word' id='word_1_340' title='bbox 2185 1438 2292 1473; x_wconf 90' lang='lat' dir='ltr'>semel</span> <span class='ocrx_word' id='word_1_341' title='bbox 2318 1438 2383 1472; x_wconf 88' lang='lat' dir='ltr'>sub</span> 
     </span>
     <span class='ocr_line' id='line_1_27' title="bbox 150 1478 2385 1528; baseline 0.001 -15"><span class='ocrx_word' id='word_1_342' title='bbox 150 1478 392 1524; x_wconf 80' lang='grc' dir='ltr'><em>ἐπιστάμενον</em></span> <span class='ocrx_word' id='word_1_343' title='bbox 423 1481 678 1516; x_wconf 80' lang='grc' dir='ltr'><em>συνελαύνουσι</em></span> <span class='ocrx_word' id='word_1_344' title='bbox 714 1481 942 1525; x_wconf 78' lang='grc' dir='ltr'><em>ποιήσασθαι</em></span> <span class='ocrx_word' id='word_1_345' title='bbox 974 1482 1287 1528; x_wconf 80' lang='grc' dir='ltr'><em>προκάταρξιν,25</em></span> <span class='ocrx_word' id='word_1_346' title='bbox 1300 1481 1374 1516; x_wconf 85' lang='lat' dir='ltr'>litis</span> <span class='ocrx_word' id='word_1_347' title='bbox 1411 1482 1671 1517; x_wconf 78' lang='lat' dir='ltr'>contestatione</span> <span class='ocrx_word' id='word_1_348' title='bbox 1714 1483 1931 1518; x_wconf 85' lang='lat' dir='ltr'>constitutus</span> <span class='ocrx_word' id='word_1_349' title='bbox 1967 1482 2141 1527; x_wconf 84' lang='lat' dir='ltr'>obligetur</span> <span class='ocrx_word' id='word_1_350' title='bbox 2180 1486 2216 1516; x_wconf 90' lang='lat' dir='ltr'>et</span> <span class='ocrx_word' id='word_1_351' title='bbox 2252 1483 2385 1517; x_wconf 88' lang='lat' dir='ltr'>nullam</span> 
     </span>
     <span class='ocr_line' id='line_1_28' title="bbox 150 1521 2385 1574; baseline 0.001 -16"><span class='ocrx_word' id='word_1_352' title='bbox 150 1521 238 1559; x_wconf 76' lang='grc' dir='ltr'><em>ὥςτε</em></span> <span class='ocrx_word' id='word_1_353' title='bbox 261 1525 359 1566; x_wconf 81' lang='grc' dir='ltr'><em>ἅπαξ</em></span> <span class='ocrx_word' id='word_1_354' title='bbox 383 1524 494 1560; x_wconf 79' lang='grc' dir='ltr'><em>αὐτὸν</em></span> <span class='ocrx_word' id='word_1_355' title='bbox 518 1523 588 1561; x_wconf 75' lang='grc' dir='ltr'>ὑπὸ</span> <span class='ocrx_word' id='word_1_356' title='bbox 619 1528 663 1573; x_wconf 83' lang='grc' dir='ltr'>τῇ</span> <span class='ocrx_word' id='word_1_357' title='bbox 690 1526 928 1574; x_wconf 82' lang='grc' dir='ltr'><em>προκατάρξει</em></span> <span class='ocrx_word' id='word_1_358' title='bbox 956 1525 1150 1574; x_wconf 76' lang='grc' dir='ltr'><em>γενόμενον</em></span> <span class='ocrx_word' id='word_1_359' title='bbox 1176 1526 1228 1561; x_wconf 84' lang='grc' dir='ltr'>δε·</span> <span class='ocrx_word' id='word_1_360' title='bbox 1299 1527 1432 1562; x_wconf 87' lang='lat' dir='ltr'>habeat</span> <span class='ocrx_word' id='word_1_361' title='bbox 1451 1526 1631 1562; x_wconf 87' lang='lat' dir='ltr'>licentiam</span> <span class='ocrx_word' id='word_1_362' title='bbox 1650 1537 1764 1572; x_wconf 88' lang='lat' dir='ltr'>neque</span> <span class='ocrx_word' id='word_1_363' title='bbox 1780 1527 1940 1562; x_wconf 85' lang='lat' dir='ltr'>refutare</span> <span class='ocrx_word' id='word_1_364' title='bbox 1964 1527 2116 1562; x_wconf 90' lang='lat' dir='ltr'>iudicem</span> <span class='ocrx_word' id='word_1_365' title='bbox 2141 1538 2255 1572; x_wconf 91' lang='lat' dir='ltr'>neque</span> <span class='ocrx_word' id='word_1_366' title='bbox 2277 1527 2385 1562; x_wconf 88' lang='lat' dir='ltr'>alium</span> 
     </span>
     <span class='ocr_line' id='line_1_29' title="bbox 150 1568 2382 1625; baseline 0.001 -22"><span class='ocrx_word' id='word_1_367' title='bbox 150 1568 283 1604; x_wconf 86' lang='grc' dir='ltr'><em>δέσθαι</em></span> <span class='ocrx_word' id='word_1_368' title='bbox 315 1574 374 1605; x_wconf 81' lang='grc' dir='ltr'>καὶ</span> <span class='ocrx_word' id='word_1_369' title='bbox 404 1570 584 1616; x_wconf 86' lang='grc' dir='ltr'><em>μηδεμίαν</em></span> <span class='ocrx_word' id='word_1_370' title='bbox 618 1575 712 1614; x_wconf 79' lang='grc' dir='ltr'><em>ἔχειν</em></span> <span class='ocrx_word' id='word_1_371' title='bbox 745 1570 870 1606; x_wconf 83' lang='grc' dir='ltr'><em>ἄδειαν</em></span> <span class='ocrx_word' id='word_1_372' title='bbox 893 1571 983 1616; x_wconf 84' lang='grc' dir='ltr'><em>μήτε</em></span> <span class='ocrx_word' id='word_1_373' title='bbox 1007 1572 1228 1618; x_wconf 79' lang='grc' dir='ltr'><em>παραιτήσα-</em></span> <span class='ocrx_word' id='word_1_374' title='bbox 1300 1572 1404 1607; x_wconf 88' lang='lat' dir='ltr'>simul</span> <span class='ocrx_word' id='word_1_375' title='bbox 1428 1572 1581 1607; x_wconf 87' lang='lat' dir='ltr'>iudicem</span> <span class='ocrx_word' id='word_1_376' title='bbox 1601 1575 1735 1617; x_wconf 85' lang='lat' dir='ltr'>petere,</span> <span class='ocrx_word' id='word_1_377' title='bbox 1762 1583 1843 1608; x_wconf 88' lang='lat' dir='ltr'>cum</span> <span class='ocrx_word' id='word_1_378' title='bbox 1862 1573 1957 1608; x_wconf 82' lang='lat' dir='ltr'>forte</span> <span class='ocrx_word' id='word_1_379' title='bbox 1977 1575 2168 1625; x_wconf 71' lang='lat' dir='ltr'>suspectus</span> <span class='ocrx_word' id='word_1_380' title='bbox 2192 1573 2300 1607; x_wconf 86' lang='lat' dir='ltr'>iudex</span> <span class='ocrx_word' id='word_1_381' title='bbox 2319 1573 2382 1615; x_wconf 78' lang='lat' dir='ltr'>sit;</span> 
     </span>
     <span class='ocr_line' id='line_1_30' title="bbox 149 1614 2384 1664; baseline 0.002 -16"><span class='ocrx_word' id='word_1_382' title='bbox 149 1616 243 1649; x_wconf 70' lang='grc' dir='ltr'><em>σθαι</em></span> <span class='ocrx_word' id='word_1_383' title='bbox 266 1616 331 1650; x_wconf 88' lang='grc' dir='ltr'>τὸν</span> <span class='ocrx_word' id='word_1_384' title='bbox 355 1614 548 1658; x_wconf 81' lang='grc' dir='ltr'><em>δικάζοντα</em></span> <span class='ocrx_word' id='word_1_385' title='bbox 576 1614 665 1660; x_wconf 83' lang='grc' dir='ltr'><em>μήτε</em></span> <span class='ocrx_word' id='word_1_386' title='bbox 697 1616 939 1660; x_wconf 86' lang='grc' dir='ltr'><em>συνδικαστὴν</em></span> <span class='ocrx_word' id='word_1_387' title='bbox 962 1620 1049 1664; x_wconf 75' lang='grc' dir='ltr'><em>γοῦν</em></span> <span class='ocrx_word' id='word_1_388' title='bbox 1074 1618 1229 1660; x_wconf 77' lang='grc' dir='ltr'><em>αἰτῆσαι,</em></span> <span class='ocrx_word' id='word_1_389' title='bbox 1300 1621 1335 1652; x_wconf 88' lang='lat' dir='ltr'>et</span> <span class='ocrx_word' id='word_1_390' title='bbox 1359 1617 1411 1652; x_wconf 90' lang='lat' dir='ltr'>sic</span> <span class='ocrx_word' id='word_1_391' title='bbox 1437 1621 1547 1662; x_wconf 84' lang='lat' dir='ltr'>agunt</span> <span class='ocrx_word' id='word_1_392' title='bbox 1578 1628 1669 1662; x_wconf 89' lang='lat' dir='ltr'>quae</span> <span class='ocrx_word' id='word_1_393' title='bbox 1694 1618 1818 1654; x_wconf 84' lang='lat' dir='ltr'>volunt</span> <span class='ocrx_word' id='word_1_394' title='bbox 1849 1620 1885 1653; x_wconf 90' lang='lat' dir='ltr'>et</span> <span class='ocrx_word' id='word_1_395' title='bbox 1910 1619 1975 1653; x_wconf 90' lang='lat' dir='ltr'>sub</span> <span class='ocrx_word' id='word_1_396' title='bbox 2001 1628 2076 1653; x_wconf 80' lang='lat' dir='ltr'>suls</span> <span class='ocrx_word' id='word_1_397' title='bbox 2108 1618 2246 1654; x_wconf 87' lang='lat' dir='ltr'>artibus</span> <span class='ocrx_word' id='word_1_398' title='bbox 2270 1618 2384 1653; x_wconf 90' lang='lat' dir='ltr'>homi-</span> 
     </span>
     <span class='ocr_line' id='line_1_31' title="bbox 149 1660 2338 1713; baseline 0.001 -18"><span class='ocrx_word' id='word_1_399' title='bbox 149 1664 266 1713; x_wconf 61' lang='grc' dir='ltr'><em>καίτοι</em></span> <span class='ocrx_word' id='word_1_400' title='bbox 295 1674 337 1706; x_wconf 76' lang='grc' dir='ltr'><em>γε</em></span> <span class='ocrx_word' id='word_1_401' title='bbox 366 1662 452 1696; x_wconf 82' lang='grc' dir='ltr'><em>ἴσως</em></span> <span class='ocrx_word' id='word_1_402' title='bbox 480 1660 647 1696; x_wconf 78' lang='grc' dir='ltr'><em>ὑπόπτου</em></span> <span class='ocrx_word' id='word_1_403' title='bbox 678 1663 742 1696; x_wconf 86' lang='grc' dir='ltr'>τοῦ</span> <span class='ocrx_word' id='word_1_404' title='bbox 773 1660 944 1696; x_wconf 80' lang='grc' dir='ltr'><em>δικαστοῦ</em></span> <span class='ocrx_word' id='word_1_405' title='bbox 978 1663 1230 1697; x_wconf 69' lang='grc' dir='ltr'><em>καθεστῶτος·</em></span> <span class='ocrx_word' id='word_1_406' title='bbox 1300 1673 1381 1699; x_wconf 91' lang='lat' dir='ltr'>nem</span> <span class='ocrx_word' id='word_1_407' title='bbox 1411 1663 1670 1699; x_wconf 86' lang='lat' dir='ltr'>constituentes</span> <span class='ocrx_word' id='word_1_408' title='bbox 1697 1674 1767 1708; x_wconf 92' lang='lat' dir='ltr'>quo</span> <span class='ocrx_word' id='word_1_409' title='bbox 1792 1663 1917 1699; x_wconf 81' lang='lat' dir='ltr'>volunt</span> <span class='ocrx_word' id='word_1_410' title='bbox 1949 1663 2054 1699; x_wconf 88' lang='lat' dir='ltr'>modo</span> <span class='ocrx_word' id='word_1_411' title='bbox 2079 1663 2124 1698; x_wconf 90' lang='lat' dir='ltr'>de</span> <span class='ocrx_word' id='word_1_412' title='bbox 2149 1673 2191 1699; x_wconf 90' lang='lat' dir='ltr'>eo</span> <span class='ocrx_word' id='word_1_413' title='bbox 2215 1667 2338 1707; x_wconf 80' lang='lat' dir='ltr'>agunt.</span> 
     </span>
     <span class='ocr_line' id='line_1_32' title="bbox 150 1705 1286 1753; baseline 0.001 -13"><span class='ocrx_word' id='word_1_414' title='bbox 150 1719 245 1740; x_wconf 84' lang='grc' dir='ltr'><em>ουτω</em></span> <span class='ocrx_word' id='word_1_415' title='bbox 276 1719 316 1740; x_wconf 78' lang='grc' dir='ltr'>τε</span> <span class='ocrx_word' id='word_1_416' title='bbox 340 1707 562 1753; x_wconf 85' lang='grc' dir='ltr'><em>πράττουσιν</em></span> <span class='ocrx_word' id='word_1_417' title='bbox 586 1705 609 1741; x_wconf 74' lang='grc' dir='ltr'><em>ἃ</em></span> <span class='ocrx_word' id='word_1_418' title='bbox 632 1705 827 1751; x_wconf 74' lang='grc' dir='ltr'><em>βούλονται</em></span> <span class='ocrx_word' id='word_1_419' title='bbox 858 1711 916 1741; x_wconf 83' lang='grc' dir='ltr'>καὶ</span> <span class='ocrx_word' id='word_1_420' title='bbox 948 1705 1020 1742; x_wconf 81' lang='grc' dir='ltr'>ὑπὸ</span> <span class='ocrx_word' id='word_1_421' title='bbox 1051 1711 1129 1742; x_wconf 87' lang='grc' dir='ltr'><em>ταῖς</em></span> <span class='ocrx_word' id='word_1_422' title='bbox 1152 1709 1230 1741; x_wconf 84' lang='grc' dir='ltr'><em>ἑαυ-</em></span> <span class='ocrx_word' id='word_1_423' title='bbox 1245 1709 1286 1742; x_wconf 88' lang='lat'>30</span> 
     </span>
     <span class='ocr_line' id='line_1_33' title="bbox 148 1750 1230 1798; baseline 0.003 -14"><span class='ocrx_word' id='word_1_424' title='bbox 148 1752 227 1786; x_wconf 82' lang='grc' dir='ltr'>τῶν</span> <span class='ocrx_word' id='word_1_425' title='bbox 247 1754 386 1794; x_wconf 80' lang='grc' dir='ltr'><em>τέχναις</em></span> <span class='ocrx_word' id='word_1_426' title='bbox 406 1751 471 1786; x_wconf 83' lang='grc' dir='ltr'>τὸν</span> <span class='ocrx_word' id='word_1_427' title='bbox 486 1751 691 1798; x_wconf 79' lang='grc' dir='ltr'><em>ἄνθρωπον</em></span> <span class='ocrx_word' id='word_1_428' title='bbox 711 1751 948 1797; x_wconf 83' lang='grc' dir='ltr'><em>ποιησάμενοι</em></span> <span class='ocrx_word' id='word_1_429' title='bbox 972 1750 1015 1787; x_wconf 73' lang='grc' dir='ltr'>ὃν</span> <span class='ocrx_word' id='word_1_430' title='bbox 1035 1752 1230 1797; x_wconf 80' lang='grc' dir='ltr'><em>βούλονται</em></span> 
     </span>
     <span class='ocr_line' id='line_1_34' title="bbox 149 1794 2384 1844; baseline 0.001 -13"><span class='ocrx_word' id='word_1_431' title='bbox 149 1798 169 1831; x_wconf 95' lang='grc'>1</span> <span class='ocrx_word' id='word_1_432' title='bbox 215 1794 351 1844; x_wconf 85' lang='grc' dir='ltr'><em>τρόπον</em></span> <span class='ocrx_word' id='word_1_433' title='bbox 374 1797 419 1831; x_wconf 83' lang='grc' dir='ltr'>τὰ</span> <span class='ocrx_word' id='word_1_434' title='bbox 442 1795 526 1832; x_wconf 82' lang='grc' dir='ltr'><em>κατ’</em></span> <span class='ocrx_word' id='word_1_435' title='bbox 548 1796 660 1833; x_wconf 75' lang='grc' dir='ltr'><em>αὐτὸν</em></span> <span class='ocrx_word' id='word_1_436' title='bbox 677 1798 957 1844; x_wconf 86' lang='grc' dir='ltr'><em>σπαράττουσιν.</em></span> <span class='ocrx_word' id='word_1_437' title='bbox 1005 1800 1230 1843; x_wconf 83' lang='grc' dir='ltr'><em>Θεσπίζομεν</em></span> <span class='ocrx_word' id='word_1_438' title='bbox 1300 1800 1319 1833; x_wconf 95' lang='grc'>1</span> <span class='ocrx_word' id='word_1_439' title='bbox 1367 1798 1553 1833; x_wconf 86' lang='lat' dir='ltr'>Saucimus</span> <span class='ocrx_word' id='word_1_440' title='bbox 1579 1798 1695 1842; x_wconf 83' lang='lat' dir='ltr'>igitur,</span> <span class='ocrx_word' id='word_1_441' title='bbox 1721 1798 1804 1832; x_wconf 89' lang='lat' dir='ltr'>dum</span> <span class='ocrx_word' id='word_1_442' title='bbox 1825 1799 2017 1834; x_wconf 88' lang='lat' dir='ltr'>admonitio</span> <span class='ocrx_word' id='word_1_443' title='bbox 2043 1799 2166 1834; x_wconf 88' lang='lat' dir='ltr'>oblata</span> <span class='ocrx_word' id='word_1_444' title='bbox 2188 1799 2297 1833; x_wconf 87' lang='lat' dir='ltr'>fuerit</span> <span class='ocrx_word' id='word_1_445' title='bbox 2321 1799 2384 1833; x_wconf 90' lang='lat' dir='ltr'>ali-</span> 
     </span>
     <span class='ocr_line' id='line_1_35' title="bbox 148 1841 2383 1890; baseline 0.002 -15"><span class='ocrx_word' id='word_1_446' title='bbox 148 1845 282 1881; x_wconf 80' lang='grc' dir='ltr'><em>τοίνυν,</em></span> <span class='ocrx_word' id='word_1_447' title='bbox 309 1841 456 1876; x_wconf 81' lang='grc' dir='ltr'><em>ἐπειδὰν</em></span> <span class='ocrx_word' id='word_1_448' title='bbox 479 1842 679 1888; x_wconf 71' lang='grc' dir='ltr'><em>ὑπόμνησις</em></span> <span class='ocrx_word' id='word_1_449' title='bbox 700 1844 952 1890; x_wconf 73' lang='grc' dir='ltr'><em>προςενεχθείη</em></span> <span class='ocrx_word' id='word_1_450' title='bbox 976 1848 1058 1885; x_wconf 89' lang='grc' dir='ltr'><em>τινί,</em></span> <span class='ocrx_word' id='word_1_451' title='bbox 1081 1843 1230 1878; x_wconf 81' lang='grc' dir='ltr'><em>πάντως</em></span> <span class='ocrx_word' id='word_1_452' title='bbox 1301 1843 1377 1884; x_wconf 88' lang='lat' dir='ltr'>cui,</span> <span class='ocrx_word' id='word_1_453' title='bbox 1411 1844 1524 1878; x_wconf 85' lang='lat' dir='ltr'>modis</span> <span class='ocrx_word' id='word_1_454' title='bbox 1549 1844 1712 1879; x_wconf 90' lang='lat' dir='ltr'>omnibus</span> <span class='ocrx_word' id='word_1_455' title='bbox 1747 1843 1868 1878; x_wconf 82' lang='lat' dir='ltr'>offerri</span> <span class='ocrx_word' id='word_1_456' title='bbox 1892 1844 2068 1888; x_wconf 89' lang='lat' dir='ltr'>libellum,</span> <span class='ocrx_word' id='word_1_457' title='bbox 2101 1848 2137 1879; x_wconf 90' lang='lat' dir='ltr'>et</span> <span class='ocrx_word' id='word_1_458' title='bbox 2160 1855 2231 1880; x_wconf 88' lang='lat' dir='ltr'>non</span> <span class='ocrx_word' id='word_1_459' title='bbox 2256 1855 2383 1879; x_wconf 82' lang='lat' dir='ltr'>secun-</span> 
     </span>
     <span class='ocr_line' id='line_1_36' title="bbox 149 1885 2384 1933; baseline 0.002 -13"><span class='ocrx_word' id='word_1_460' title='bbox 149 1885 386 1921; x_wconf 70' lang='grc' dir='ltr'><em>ἐπιδίδοσθαι</em></span> <span class='ocrx_word' id='word_1_461' title='bbox 412 1888 568 1932; x_wconf 86' lang='grc' dir='ltr'><em>βιβλίον,</em></span> <span class='ocrx_word' id='word_1_462' title='bbox 600 1892 660 1922; x_wconf 85' lang='grc' dir='ltr'>καὶ</span> <span class='ocrx_word' id='word_1_463' title='bbox 691 1888 740 1933; x_wconf 87' lang='grc' dir='ltr'><em>μὴ</em></span> <span class='ocrx_word' id='word_1_464' title='bbox 771 1889 864 1922; x_wconf 82' lang='grc' dir='ltr'><em>κατὰ</em></span> <span class='ocrx_word' id='word_1_465' title='bbox 896 1888 936 1923; x_wconf 86' lang='grc' dir='ltr'>τὸ</span> <span class='ocrx_word' id='word_1_466' title='bbox 963 1888 1122 1923; x_wconf 85' lang='grc' dir='ltr'><em>παλαιὸν</em></span> <span class='ocrx_word' id='word_1_467' title='bbox 1145 1887 1229 1923; x_wconf 79' lang='grc' dir='ltr'><em>δέκα</em></span> <span class='ocrx_word' id='word_1_468' title='bbox 1300 1888 1384 1923; x_wconf 92' lang='lat' dir='ltr'>dum</span> <span class='ocrx_word' id='word_1_469' title='bbox 1408 1888 1657 1933; x_wconf 83' lang='lat' dir='ltr'>antiquitatem</span> <span class='ocrx_word' id='word_1_470' title='bbox 1686 1889 1808 1924; x_wconf 88' lang='lat' dir='ltr'>decem</span> <span class='ocrx_word' id='word_1_471' title='bbox 1833 1889 2055 1925; x_wconf 83' lang='lat' dir='ltr'>solummodo</span> <span class='ocrx_word' id='word_1_472' title='bbox 2090 1889 2226 1924; x_wconf 84' lang='lat' dir='ltr'>dierum</span> <span class='ocrx_word' id='word_1_473' title='bbox 2251 1890 2384 1924; x_wconf 81' lang='lat' dir='ltr'>habere</span> 
     </span>
     <span class='ocr_line' id='line_1_37' title="bbox 147 1929 2386 1988; baseline 0.001 -22"><span class='ocrx_word' id='word_1_474' title='bbox 147 1929 261 1976; x_wconf 81' lang='grc' dir='ltr'><em>μόνον</em></span> <span class='ocrx_word' id='word_1_475' title='bbox 285 1933 429 1979; x_wconf 81' lang='grc' dir='ltr'><em>ἡμερῶν</em></span> <span class='ocrx_word' id='word_1_476' title='bbox 460 1937 554 1976; x_wconf 83' lang='grc' dir='ltr'><em>ἔχειν</em></span> <span class='ocrx_word' id='word_1_477' title='bbox 577 1933 643 1968; x_wconf 87' lang='grc' dir='ltr'>τὸν</span> <span class='ocrx_word' id='word_1_478' title='bbox 667 1930 955 1978; x_wconf 75' lang='grc' dir='ltr'><em>ὑπομνησθέντα</em></span> <span class='ocrx_word' id='word_1_479' title='bbox 986 1935 1227 1979; x_wconf 85' lang='grc' dir='ltr'><em>προθεσμίαν,</em></span> <span class='ocrx_word' id='word_1_480' title='bbox 1243 1936 1285 1968; x_wconf 84' lang='grc'>35</span> <span class='ocrx_word' id='word_1_481' title='bbox 1301 1944 1381 1968; x_wconf 89' lang='lat' dir='ltr'>eum</span> <span class='ocrx_word' id='word_1_482' title='bbox 1407 1934 1466 1978; x_wconf 88' lang='lat' dir='ltr'>qui</span> <span class='ocrx_word' id='word_1_483' title='bbox 1491 1934 1702 1970; x_wconf 85' lang='lat' dir='ltr'>admonetur</span> <span class='ocrx_word' id='word_1_484' title='bbox 1726 1934 1901 1978; x_wconf 82' lang='lat' dir='ltr'>indutias,</span> <span class='ocrx_word' id='word_1_485' title='bbox 1936 1935 1998 1970; x_wconf 88' lang='lat' dir='ltr'>sed</span> <span class='ocrx_word' id='word_1_486' title='bbox 2024 1935 2202 1988; x_wconf 74' lang='lat' dir='ltr'>duplices,</span> <span class='ocrx_word' id='word_1_487' title='bbox 2236 1935 2305 1970; x_wconf 88' lang='lat' dir='ltr'>hoc</span> <span class='ocrx_word' id='word_1_488' title='bbox 2331 1937 2386 1970; x_wconf 84' lang='lat' dir='ltr'>est</span> 
     </span>
     <span class='ocr_line' id='line_1_38' title="bbox 149 1975 2384 2025; baseline 0.002 -15"><span class='ocrx_word' id='word_1_489' title='bbox 149 1976 237 2011; x_wconf 76' lang='grc' dir='ltr'><em>ἀλλὰ</em></span> <span class='ocrx_word' id='word_1_490' title='bbox 259 1975 465 2020; x_wconf 87' lang='grc' dir='ltr'><em>διπλασίαν,</em></span> <span class='ocrx_word' id='word_1_491' title='bbox 498 1982 685 2014; x_wconf 82' lang='grc' dir='ltr'><em>τουτέστιν</em></span> <span class='ocrx_word' id='word_1_492' title='bbox 706 1979 850 2020; x_wconf 86' lang='grc' dir='ltr'><em>εἴκοσιν,</em></span> <span class='ocrx_word' id='word_1_493' title='bbox 883 1976 972 2013; x_wconf 58' lang='lat' dir='ltr'>(tm</span> <span class='ocrx_word' id='word_1_494' title='bbox 996 1980 1067 2014; x_wconf 84' lang='grc' dir='ltr'><em>εἴτε</em></span> <span class='ocrx_word' id='word_1_495' title='bbox 1099 1993 1228 2025; x_wconf 90' lang='grc' dir='ltr'><em>παραι-</em></span> <span class='ocrx_word' id='word_1_496' title='bbox 1299 1979 1440 2022; x_wconf 85' lang='lat' dir='ltr'>viginti,</span> <span class='ocrx_word' id='word_1_497' title='bbox 1473 1982 1514 2014; x_wconf 91' lang='lat' dir='ltr'>ut</span> <span class='ocrx_word' id='word_1_498' title='bbox 1546 1980 1619 2014; x_wconf 89' lang='lat' dir='ltr'>sive</span> <span class='ocrx_word' id='word_1_499' title='bbox 1651 1980 1841 2023; x_wconf 88' lang='lat' dir='ltr'>repudiare</span> <span class='ocrx_word' id='word_1_500' title='bbox 1873 1980 2026 2015; x_wconf 89' lang='lat' dir='ltr'>voluerit</span> <span class='ocrx_word' id='word_1_501' title='bbox 2059 1991 2132 2015; x_wconf 82' lang='lat' dir='ltr'>Sive</span> <span class='ocrx_word' id='word_1_502' title='bbox 2164 1983 2201 2015; x_wconf 89' lang='lat' dir='ltr'>et</span> <span class='ocrx_word' id='word_1_503' title='bbox 2232 1991 2313 2015; x_wconf 92' lang='lat' dir='ltr'>cum</span> <span class='ocrx_word' id='word_1_504' title='bbox 2342 1991 2384 2015; x_wconf 93' lang='lat' dir='ltr'>eo</span> 
     </span>
     <span class='ocr_line' id='line_1_39' title="bbox 148 2020 2386 2069; baseline 0.002 -14"><span class='ocrx_word' id='word_1_505' title='bbox 148 2020 334 2065; x_wconf 82' lang='grc' dir='ltr'><em>τήσασθαι</em></span> <span class='ocrx_word' id='word_1_506' title='bbox 365 2023 562 2067; x_wconf 76' lang='grc' dir='ltr'><em>βουληθείη</em></span> <span class='ocrx_word' id='word_1_507' title='bbox 597 2025 668 2058; x_wconf 83' lang='grc' dir='ltr'><em>εἴτε</em></span> <span class='ocrx_word' id='word_1_508' title='bbox 702 2028 762 2058; x_wconf 85' lang='grc' dir='ltr'>καὶ</span> <span class='ocrx_word' id='word_1_509' title='bbox 794 2023 1036 2067; x_wconf 81' lang='grc' dir='ltr'><em>συνδικαστὴν</em></span> <span class='ocrx_word' id='word_1_510' title='bbox 1072 2026 1228 2067; x_wconf 78' lang='grc' dir='ltr'><em>αἰτῆσαι,</em></span> <span class='ocrx_word' id='word_1_511' title='bbox 1299 2025 1407 2059; x_wconf 86' lang='lat' dir='ltr'>alium</span> <span class='ocrx_word' id='word_1_512' title='bbox 1438 2024 1592 2060; x_wconf 85' lang='lat' dir='ltr'>iudicem</span> <span class='ocrx_word' id='word_1_513' title='bbox 1623 2027 1763 2069; x_wconf 87' lang='lat' dir='ltr'>petere,</span> <span class='ocrx_word' id='word_1_514' title='bbox 1796 2025 1977 2060; x_wconf 88' lang='lat' dir='ltr'>licentiam</span> <span class='ocrx_word' id='word_1_515' title='bbox 2010 2025 2142 2060; x_wconf 82' lang='lat' dir='ltr'>habeat</span> <span class='ocrx_word' id='word_1_516' title='bbox 2173 2026 2243 2060; x_wconf 78' lang='lat' dir='ltr'>hoc</span> <span class='ocrx_word' id='word_1_517' title='bbox 2266 2026 2386 2061; x_wconf 85' lang='lat' dir='ltr'>facere</span> 
     </span>
     <span class='ocr_line' id='line_1_40' title="bbox 148 2066 2384 2115; baseline 0.002 -14"><span class='ocrx_word' id='word_1_518' title='bbox 148 2066 273 2102; x_wconf 80' lang='grc' dir='ltr'><em>ἄδειαν</em></span> <span class='ocrx_word' id='word_1_519' title='bbox 302 2071 397 2111; x_wconf 79' lang='grc' dir='ltr'><em>ἔχειν</em></span> <span class='ocrx_word' id='word_1_520' title='bbox 427 2071 534 2103; x_wconf 82' lang='grc' dir='ltr'><em>τοῦτο</em></span> <span class='ocrx_word' id='word_1_521' title='bbox 566 2072 684 2104; x_wconf 89' lang='grc' dir='ltr'><em>ποιεῖν</em></span> <span class='ocrx_word' id='word_1_522' title='bbox 714 2067 735 2112; x_wconf 84' lang='grc' dir='ltr'><em>ἢ</em></span> <span class='ocrx_word' id='word_1_523' title='bbox 759 2072 819 2103; x_wconf 85' lang='grc' dir='ltr'>καὶ</span> <span class='ocrx_word' id='word_1_524' title='bbox 843 2070 928 2104; x_wconf 82' lang='grc' dir='ltr'><em>ἴσως</em></span> <span class='ocrx_word' id='word_1_525' title='bbox 960 2071 1162 2115; x_wconf 75' lang='grc' dir='ltr'><em>ἐπιγνῶναι</em></span> <span class='ocrx_word' id='word_1_526' title='bbox 1186 2069 1227 2104; x_wconf 86' lang='grc' dir='ltr'>τὸ</span> <span class='ocrx_word' id='word_1_527' title='bbox 1298 2072 1362 2104; x_wconf 93' lang='lat' dir='ltr'>aut</span> <span class='ocrx_word' id='word_1_528' title='bbox 1385 2069 1479 2104; x_wconf 82' lang='lat' dir='ltr'>forte</span> <span class='ocrx_word' id='word_1_529' title='bbox 1505 2079 1721 2113; x_wconf 87' lang='lat' dir='ltr'>cognoscere</span> <span class='ocrx_word' id='word_1_530' title='bbox 1754 2070 1912 2105; x_wconf 89' lang='lat' dir='ltr'>debitum</span> <span class='ocrx_word' id='word_1_531' title='bbox 1945 2073 1981 2105; x_wconf 90' lang='lat' dir='ltr'>et</span> <span class='ocrx_word' id='word_1_532' title='bbox 2004 2070 2158 2106; x_wconf 88' lang='lat' dir='ltr'>liberare</span> <span class='ocrx_word' id='word_1_533' title='bbox 2191 2080 2230 2106; x_wconf 84' lang='lat' dir='ltr'>se</span> <span class='ocrx_word' id='word_1_534' title='bbox 2251 2071 2297 2106; x_wconf 89' lang='lat' dir='ltr'>ab</span> <span class='ocrx_word' id='word_1_535' title='bbox 2322 2071 2384 2105; x_wconf 90' lang='lat' dir='ltr'>ad-</span> 
     </span>
     <span class='ocr_line' id='line_1_41' title="bbox 148 2111 2384 2162; baseline 0.002 -16"><span class='ocrx_word' id='word_1_536' title='bbox 148 2111 292 2159; x_wconf 82' lang='grc' dir='ltr'><em>ὄφλημα</em></span> <span class='ocrx_word' id='word_1_537' title='bbox 316 2117 375 2147; x_wconf 79' lang='grc' dir='ltr'>καὶ</span> <span class='ocrx_word' id='word_1_538' title='bbox 399 2111 650 2162; x_wconf 74' lang='grc' dir='ltr'><em>ἀπαλλαγῆναι</em></span> <span class='ocrx_word' id='word_1_539' title='bbox 674 2113 762 2161; x_wconf 83' lang='grc' dir='ltr'><em>πρὸς</em></span> <span class='ocrx_word' id='word_1_540' title='bbox 785 2113 851 2149; x_wconf 84' lang='grc' dir='ltr'>τὸν</span> <span class='ocrx_word' id='word_1_541' title='bbox 871 2113 1057 2149; x_wconf 83' lang='grc' dir='ltr'><em>ἀντίδικον</em></span> <span class='ocrx_word' id='word_1_542' title='bbox 1081 2114 1147 2148; x_wconf 85' lang='grc' dir='ltr'>τὸν</span> <span class='ocrx_word' id='word_1_543' title='bbox 1169 2112 1226 2148; x_wconf 77' lang='grc' dir='ltr'>αὐ·</span> <span class='ocrx_word' id='word_1_544' title='bbox 1297 2114 1446 2149; x_wconf 81' lang='lat' dir='ltr'>versarii</span> <span class='ocrx_word' id='word_1_545' title='bbox 1469 2114 1526 2150; x_wconf 86' lang='lat' dir='ltr'>sui</span> <span class='ocrx_word' id='word_1_546' title='bbox 1551 2114 1778 2150; x_wconf 88' lang='lat' dir='ltr'>contentione</span> <span class='ocrx_word' id='word_1_547' title='bbox 1802 2115 2049 2158; x_wconf 86' lang='lat' dir='ltr'>amicabiliter,</span> <span class='ocrx_word' id='word_1_548' title='bbox 2079 2119 2115 2150; x_wconf 88' lang='lat' dir='ltr'>et</span> <span class='ocrx_word' id='word_1_549' title='bbox 2138 2126 2211 2151; x_wconf 90' lang='lat' dir='ltr'>non</span> <span class='ocrx_word' id='word_1_550' title='bbox 2235 2125 2299 2160; x_wconf 88' lang='lat' dir='ltr'>per</span> <span class='ocrx_word' id='word_1_551' title='bbox 2325 2127 2384 2150; x_wconf 83' lang='lat' dir='ltr'>ca-</span> 
     </span>
     <span class='ocr_line' id='line_1_42' title="bbox 147 2157 2385 2205; baseline 0.002 -13"><span class='ocrx_word' id='word_1_552' title='bbox 147 2160 212 2192; x_wconf 84' lang='grc' dir='ltr'>τοῦ</span> <span class='ocrx_word' id='word_1_553' title='bbox 247 2157 411 2204; x_wconf 83' lang='grc' dir='ltr'><em>φιλικῶς,</em></span> <span class='ocrx_word' id='word_1_554' title='bbox 445 2163 506 2193; x_wconf 87' lang='grc' dir='ltr'>καὶ</span> <span class='ocrx_word' id='word_1_555' title='bbox 535 2159 584 2204; x_wconf 83' lang='grc' dir='ltr'><em>μὴ</em></span> <span class='ocrx_word' id='word_1_556' title='bbox 616 2157 699 2193; x_wconf 79' lang='grc' dir='ltr'><em>κατ’</em></span> <span class='ocrx_word' id='word_1_557' title='bbox 733 2158 904 2203; x_wconf 77' lang='grc' dir='ltr'><em>ἐπήρειαν</em></span> <span class='ocrx_word' id='word_1_558' title='bbox 938 2163 999 2194; x_wconf 87' lang='grc' dir='ltr'>καὶ</span> <span class='ocrx_word' id='word_1_559' title='bbox 1030 2158 1228 2205; x_wconf 80' lang='grc' dir='ltr'><em>ἐπιδρομὴν</em></span> <span class='ocrx_word' id='word_1_560' title='bbox 1242 2162 1284 2194; x_wconf 87' lang='grc'>40</span> <span class='ocrx_word' id='word_1_561' title='bbox 1299 2159 1470 2195; x_wconf 88' lang='lat' dir='ltr'>lumniam</span> <span class='ocrx_word' id='word_1_562' title='bbox 1506 2161 1543 2194; x_wconf 90' lang='lat' dir='ltr'>et</span> <span class='ocrx_word' id='word_1_563' title='bbox 1580 2159 1916 2196; x_wconf 88' lang='lat' dir='ltr'>circumventionem</span> <span class='ocrx_word' id='word_1_564' title='bbox 1957 2160 2024 2196; x_wconf 88' lang='lat' dir='ltr'>sub</span> <span class='ocrx_word' id='word_1_565' title='bbox 2061 2160 2179 2195; x_wconf 89' lang='lat' dir='ltr'>iudice</span> <span class='ocrx_word' id='word_1_566' title='bbox 2216 2161 2385 2196; x_wconf 83' lang='lat' dir='ltr'>constitui</span> 
     </span>
    </p>
   </div>
   <div class='ocr_carea' id='block_1_5' title="bbox 205 2250 1207 2338">
    <p class='ocr_par' dir='ltr' id='par_1_6' title="bbox 205 2250 1207 2338">
     <span class='ocr_line' id='line_1_43' title="bbox 205 2250 1207 2293; baseline -0.002 -10"><span class='ocrx_word' id='word_1_567' title='bbox 205 2251 224 2293; x_wconf 68' lang='grc' dir='ltr'>ξ</span> <span class='ocrx_word' id='word_1_568' title='bbox 252 2252 280 2284; x_wconf 92' lang='grc'>1.</span> <span class='ocrx_word' id='word_1_569' title='bbox 308 2251 328 2283; x_wconf 87' lang='grc'>2</span> <span class='ocrx_word' id='word_1_570' title='bbox 354 2258 383 2283; x_wconf 81' lang='lat' dir='ltr'>et</span> <span class='ocrx_word' id='word_1_571' title='bbox 406 2263 478 2292; x_wconf 82' lang='lat' dir='ltr'>cap.</span> <span class='ocrx_word' id='word_1_572' title='bbox 497 2251 559 2283; x_wconf 86' lang='lat' dir='ltr'>IV</span> <span class='ocrx_word' id='word_1_573' title='bbox 578 2251 620 2284; x_wconf 86' lang='lat' dir='ltr'>in.</span> <span class='ocrx_word' id='word_1_574' title='bbox 647 2263 685 2283; x_wconf 70' lang='lat' dir='ltr'>ea:</span> <span class='ocrx_word' id='word_1_575' title='bbox 708 2250 745 2283; x_wconf 88' lang='lat' dir='ltr'><strong><em>B</em></strong></span> <span class='ocrx_word' id='word_1_576' title='bbox 770 2251 867 2283; x_wconf 77' lang='lat' dir='ltr'>habet</span> <span class='ocrx_word' id='word_1_577' title='bbox 892 2250 940 2282; x_wconf 55' lang='grc' dir='ltr'>ΒΔΐ</span> <span class='ocrx_word' id='word_1_578' title='bbox 963 2263 996 2293; x_wconf 90' lang='lat' dir='ltr'>p.</span> <span class='ocrx_word' id='word_1_579' title='bbox 1014 2251 1079 2283; x_wconf 80' lang='lat'>234</span> <span class='ocrx_word' id='word_1_580' title='bbox 1106 2251 1207 2283; x_wconf 76' lang='lat' dir='ltr'>Zaclz.</span> 
     </span>
     <span class='ocr_line' id='line_1_44' title="bbox 206 2292 850 2338; baseline -0.006 -9"><span class='ocrx_word' id='word_1_581' title='bbox 206 2295 228 2338; x_wconf 60' lang='grc' dir='ltr'>ξ</span> <span class='ocrx_word' id='word_1_582' title='bbox 254 2298 268 2329; x_wconf 91' lang='grc'>1</span> <span class='ocrx_word' id='word_1_583' title='bbox 296 2297 499 2328; x_wconf 83' lang='lat' dir='ltr'>summarium</span> <span class='ocrx_word' id='word_1_584' title='bbox 525 2302 611 2328; x_wconf 76' lang='lat' dir='ltr'>extat</span> <span class='ocrx_word' id='word_1_585' title='bbox 634 2292 726 2328; x_wconf 68' lang='lat' dir='ltr'>‘Pom</span> <span class='ocrx_word' id='word_1_586' title='bbox 753 2297 805 2336; x_wconf 88' lang='lat'>10,</span> <span class='ocrx_word' id='word_1_587' title='bbox 823 2302 850 2327; x_wconf 82' lang='lat'>2.</span> 
     </span>
    </p>
   </div>
   <div class='ocr_carea' id='block_1_6' title="bbox 201 2359 429 2363">
    <p class='ocr_par' dir='ltr' id='par_1_7' title="bbox 201 2359 429 2363">
     <span class='ocr_line' id='line_1_45' title="bbox 201 2359 429 2363; baseline 0 0"><span class='ocrx_word' id='word_1_588' title='bbox 201 2359 429 2363; x_wconf 95' lang='lat' dir='ltr'> </span> 
     </span>
    </p>
   </div>
   <div class='ocr_carea' id='block_1_7' title="bbox 144 2381 2384 3195">
    <p class='ocr_par' dir='ltr' id='par_1_8' title="bbox 149 2381 2384 2523">
     <span class='ocr_line' id='line_1_46' title="bbox 150 2381 2384 2435; baseline 0 -15"><span class='ocrx_word' id='word_1_589' title='bbox 150 2394 300 2429; x_wconf 85' lang='lat' dir='ltr'>cumque</span> <span class='ocrx_word' id='word_1_590' title='bbox 323 2382 368 2418; x_wconf 86' lang='lat' dir='ltr'>de</span> <span class='ocrx_word' id='word_1_591' title='bbox 387 2383 611 2419; x_wconf 71' lang='lat' dir='ltr'>exhibitione</span> <span class='ocrx_word' id='word_1_592' title='bbox 631 2383 893 2425; x_wconf 82' lang='lat' dir='ltr'>constituimus,</span> <span class='ocrx_word' id='word_1_593' title='bbox 918 2387 959 2418; x_wconf 93' lang='lat' dir='ltr'>ut</span> <span class='ocrx_word' id='word_1_594' title='bbox 982 2381 1131 2427; x_wconf 80' lang='lat' dir='ltr'>definita</span> <span class='ocrx_word' id='word_1_595' title='bbox 1152 2383 1309 2435; x_wconf 80' lang='lat' dir='ltr'>pecunia</span> <span class='ocrx_word' id='word_1_596' title='bbox 1331 2394 1353 2417; x_wconf 89' lang='grc' dir='ltr'>α</span> <span class='ocrx_word' id='word_1_597' title='bbox 1369 2381 1647 2426; x_wconf 82' lang='lat' dir='ltr'>fideiussoribus</span> <span class='ocrx_word' id='word_1_598' title='bbox 1670 2382 1846 2427; x_wconf 68' lang='lat' dir='ltr'>exiqatur</span> <span class='ocrx_word' id='word_1_599' title='bbox 1869 2384 1972 2428; x_wconf 83' lang='lat' dir='ltr'>eique</span> <span class='ocrx_word' id='word_1_600' title='bbox 1997 2383 2101 2418; x_wconf 81' lang='lat' dir='ltr'>detur</span> <span class='ocrx_word' id='word_1_601' title='bbox 2126 2385 2189 2429; x_wconf 83' lang='lat' dir='ltr'>qui</span> <span class='ocrx_word' id='word_1_602' title='bbox 2209 2385 2384 2421; x_wconf 76' lang='lat' dir='ltr'>deductus</span> 
     </span>
     <span class='ocr_line' id='line_1_47' title="bbox 149 2426 2383 2474; baseline 0.001 -10"><span class='ocrx_word' id='word_1_603' title='bbox 149 2434 213 2472; x_wconf 85' lang='lat' dir='ltr'>est,</span> <span class='ocrx_word' id='word_1_604' title='bbox 237 2428 487 2464; x_wconf 82' lang='lat' dir='ltr'>iusiurandum</span> <span class='ocrx_word' id='word_1_605' title='bbox 511 2432 629 2463; x_wconf 86' lang='lat' dir='ltr'>autem</span> <span class='ocrx_word' id='word_1_606' title='bbox 654 2427 697 2463; x_wconf 86' lang='lat' dir='ltr'>ab</span> <span class='ocrx_word' id='word_1_607' title='bbox 724 2427 786 2463; x_wconf 85' lang='lat' dir='ltr'>illo</span> <span class='ocrx_word' id='word_1_608' title='bbox 808 2430 1017 2474; x_wconf 81' lang='lat' dir='ltr'>praestetur</span> <span class='ocrx_word' id='word_1_609' title='bbox 1042 2430 1232 2462; x_wconf 72' lang='lat' dir='ltr'>taxatione</span> <span class='ocrx_word' id='word_1_610' title='bbox 1255 2426 1490 2473; x_wconf 84' lang='lat' dir='ltr'>moderatum,</span> <span class='ocrx_word' id='word_1_611' title='bbox 1515 2430 1557 2462; x_wconf 88' lang='lat' dir='ltr'>ut</span> <span class='ocrx_word' id='word_1_612' title='bbox 1575 2426 1751 2472; x_wconf 82' lang='lat' dir='ltr'>siquidem</span> <span class='ocrx_word' id='word_1_613' title='bbox 1775 2427 1872 2462; x_wconf 83' lang='lat' dir='ltr'>iuret</span> <span class='ocrx_word' id='word_1_614' title='bbox 1893 2438 1931 2463; x_wconf 89' lang='lat' dir='ltr'>se</span> <span class='ocrx_word' id='word_1_615' title='bbox 1948 2427 2038 2474; x_wconf 77' lang='lat' dir='ltr'>plus</span> <span class='ocrx_word' id='word_1_616' title='bbox 2061 2428 2289 2474; x_wconf 79' lang='lat' dir='ltr'>impendisse,</span> <span class='ocrx_word' id='word_1_617' title='bbox 2315 2429 2383 2466; x_wconf 80' lang='lat' dir='ltr'>lzoc</span> 
     </span>
     <span class='ocr_line' id='line_1_48' title="bbox 150 2471 1887 2523; baseline -0.002 -14"><span class='ocrx_word' id='word_1_618' title='bbox 150 2485 294 2522; x_wconf 80' lang='lat' dir='ltr'>quoque</span> <span class='ocrx_word' id='word_1_619' title='bbox 316 2474 483 2520; x_wconf 75' lang='lat' dir='ltr'>recipiat,</span> <span class='ocrx_word' id='word_1_620' title='bbox 508 2477 617 2519; x_wconf 80' lang='lat' dir='ltr'>atque</span> <span class='ocrx_word' id='word_1_621' title='bbox 640 2473 800 2519; x_wconf 84' lang='lat' dir='ltr'>undique</span> <span class='ocrx_word' id='word_1_622' title='bbox 821 2473 991 2519; x_wconf 80' lang='lat' dir='ltr'>perfecta</span> <span class='ocrx_word' id='word_1_623' title='bbox 1016 2483 1062 2519; x_wconf 75' lang='lat' dir='ltr'>ap</span> <span class='ocrx_word' id='word_1_624' title='bbox 1092 2476 1196 2507; x_wconf 86' lang='lat' dir='ltr'>areat</span> <span class='ocrx_word' id='word_1_625' title='bbox 1219 2475 1347 2507; x_wconf 83' lang='lat' dir='ltr'>nostra</span> <span class='ocrx_word' id='word_1_626' title='bbox 1373 2471 1563 2517; x_wconf 74' lang='lat' dir='ltr'>leqislatio.</span> <span class='ocrx_word' id='word_1_627' title='bbox 1881 2517 1887 2523; x_wconf 36' lang='lat'>¹</span> 
     </span>
    </p>

    <p class='ocr_par' dir='ltr' id='par_1_9' title="bbox 144 2516 2384 3195">
     <span class='ocr_line' id='line_1_49' title="bbox 283 2516 2384 2564; baseline 0 -11"><span class='ocrx_word' id='word_1_628' title='bbox 283 2519 347 2554; x_wconf 96' lang='lat' dir='ltr'>III.</span> <span class='ocrx_word' id='word_1_629' title='bbox 405 2518 534 2554; x_wconf 85' lang='lat' dir='ltr'>Verum</span> <span class='ocrx_word' id='word_1_630' title='bbox 555 2518 647 2553; x_wconf 85' lang='lat' dir='ltr'>illud</span> <span class='ocrx_word' id='word_1_631' title='bbox 664 2529 807 2564; x_wconf 79' lang='lat' dir='ltr'>quoque</span> <span class='ocrx_word' id='word_1_632' title='bbox 831 2518 1030 2563; x_wconf 79' lang='lat' dir='ltr'>antiquitas</span> <span class='ocrx_word' id='word_1_633' title='bbox 1076 2527 1140 2552; x_wconf 85' lang='lat' dir='ltr'>ene</span> <span class='ocrx_word' id='word_1_634' title='bbox 1164 2516 1307 2562; x_wconf 83' lang='lat' dir='ltr'>quidem</span> <span class='ocrx_word' id='word_1_635' title='bbox 1331 2516 1520 2562; x_wconf 79' lang='lat' dir='ltr'>disposuit,</span> <span class='ocrx_word' id='word_1_636' title='bbox 1544 2527 1640 2552; x_wconf 89' lang='lat' dir='ltr'>nunc</span> <span class='ocrx_word' id='word_1_637' title='bbox 1665 2520 1782 2552; x_wconf 87' lang='lat' dir='ltr'>autem</span> <span class='ocrx_word' id='word_1_638' title='bbox 1807 2517 1851 2551; x_wconf 85' lang='lat' dir='ltr'>de</span> <span class='ocrx_word' id='word_1_639' title='bbox 1874 2517 2055 2552; x_wconf 79' lang='lat' dir='ltr'>industria</span> <span class='ocrx_word' id='word_1_640' title='bbox 2079 2518 2220 2553; x_wconf 74' lang='lat' dir='ltr'>insidiis</span> <span class='ocrx_word' id='word_1_641' title='bbox 2247 2524 2384 2555; x_wconf 77' lang='lat' dir='ltr'>vexant</span> 
     </span>
     <span class='ocr_line' id='line_1_50' title="bbox 150 2561 2384 2611; baseline -0.001 -10"><span class='ocrx_word' id='word_1_642' title='bbox 150 2566 212 2611; x_wconf 83' lang='lat' dir='ltr'>qui</span> <span class='ocrx_word' id='word_1_643' title='bbox 242 2576 292 2601; x_wconf 76' lang='lat' dir='ltr'>ex</span> <span class='ocrx_word' id='word_1_644' title='bbox 323 2568 531 2599; x_wconf 85' lang='lat' dir='ltr'>nostrarum</span> <span class='ocrx_word' id='word_1_645' title='bbox 564 2564 681 2610; x_wconf 69' lang='lat' dir='ltr'>lequm</span> <span class='ocrx_word' id='word_1_646' title='bbox 705 2563 928 2598; x_wconf 76' lang='lat' dir='ltr'>humanitate</span> <span class='ocrx_word' id='word_1_647' title='bbox 959 2562 1114 2598; x_wconf 86' lang='lat' dir='ltr'>iniuriae</span> <span class='ocrx_word' id='word_1_648' title='bbox 1144 2572 1232 2597; x_wconf 88' lang='lat' dir='ltr'>suae</span> <span class='ocrx_word' id='word_1_649' title='bbox 1264 2572 1310 2608; x_wconf 74' lang='lat' dir='ltr'>op</span> <span class='ocrx_word' id='word_1_650' title='bbox 1341 2562 1573 2597; x_wconf 86' lang='lat' dir='ltr'>ortunitatem</span> <span class='ocrx_word' id='word_1_651' title='bbox 1631 2566 1742 2597; x_wconf 83' lang='lat' dir='ltr'>etant.</span> <span class='ocrx_word' id='word_1_652' title='bbox 1794 2561 1879 2597; x_wconf 86' lang='lat' dir='ltr'>Cum</span> <span class='ocrx_word' id='word_1_653' title='bbox 1910 2564 2003 2597; x_wconf 86' lang='lat' dir='ltr'>enim</span> <span class='ocrx_word' id='word_1_654' title='bbox 2035 2563 2235 2608; x_wconf 79' lang='lat' dir='ltr'>antiquitas</span> <span class='ocrx_word' id='word_1_655' title='bbox 2261 2564 2384 2599; x_wconf 85' lang='lat' dir='ltr'>iubeat</span> 
     </span>
     <span class='ocr_line' id='line_1_51' title="bbox 149 2606 2382 2655; baseline -0.001 -9"><span class='ocrx_word' id='word_1_656' title='bbox 149 2622 246 2652; x_wconf 83' lang='lat' dir='ltr'>eum,</span> <span class='ocrx_word' id='word_1_657' title='bbox 279 2610 341 2655; x_wconf 85' lang='lat' dir='ltr'>qui</span> <span class='ocrx_word' id='word_1_658' title='bbox 366 2609 522 2645; x_wconf 85' lang='lat' dir='ltr'>libellum</span> <span class='ocrx_word' id='word_1_659' title='bbox 547 2609 795 2644; x_wconf 85' lang='lat' dir='ltr'>conventionis</span> <span class='ocrx_word' id='word_1_660' title='bbox 826 2608 976 2654; x_wconf 85' lang='lat' dir='ltr'>accepit,</span> <span class='ocrx_word' id='word_1_661' title='bbox 1012 2608 1111 2642; x_wconf 88' lang='lat' dir='ltr'>intra</span> <span class='ocrx_word' id='word_1_662' title='bbox 1142 2606 1260 2642; x_wconf 90' lang='lat' dir='ltr'>decem</span> <span class='ocrx_word' id='word_1_663' title='bbox 1317 2607 1368 2642; x_wconf 87' lang='lat' dir='ltr'>ies</span> <span class='ocrx_word' id='word_1_664' title='bbox 1399 2606 1584 2642; x_wconf 82' lang='lat' dir='ltr'>deliberan</span> <span class='ocrx_word' id='word_1_665' title='bbox 1607 2608 1625 2641; x_wconf 88' lang='lat' dir='ltr'>i</span> <span class='ocrx_word' id='word_1_666' title='bbox 1655 2607 1871 2652; x_wconf 80' lang='lat' dir='ltr'>facultatem</span> <span class='ocrx_word' id='word_1_667' title='bbox 1904 2606 2046 2649; x_wconf 77' lang='lat' dir='ltr'>habere,</span> <span class='ocrx_word' id='word_1_668' title='bbox 2079 2619 2151 2654; x_wconf 87' lang='lat' dir='ltr'>quo</span> <span class='ocrx_word' id='word_1_669' title='bbox 2176 2613 2212 2643; x_wconf 88' lang='lat' dir='ltr'>et</span> <span class='ocrx_word' id='word_1_670' title='bbox 2235 2619 2382 2643; x_wconf 85' lang='lat' dir='ltr'>causam</span> 
     </span>
     <span class='ocr_line' id='line_1_52' title="bbox 149 2651 2383 2700; baseline -0.001 -9"><span class='ocrx_word' id='word_1_671' title='bbox 149 2657 332 2691; x_wconf 71' lang='lat' dir='ltr'>examinet</span> <span class='ocrx_word' id='word_1_672' title='bbox 362 2658 396 2689; x_wconf 88' lang='lat' dir='ltr'>et</span> <span class='ocrx_word' id='word_1_673' title='bbox 417 2655 517 2700; x_wconf 84' lang='lat' dir='ltr'>forte</span> <span class='ocrx_word' id='word_1_674' title='bbox 549 2666 571 2689; x_wconf 85' lang='lat' dir='ltr'>a</span> <span class='ocrx_word' id='word_1_675' title='bbox 599 2657 726 2689; x_wconf 89' lang='lat' dir='ltr'>noscat</span> <span class='ocrx_word' id='word_1_676' title='bbox 757 2657 866 2699; x_wconf 82' lang='lat' dir='ltr'>atque</span> <span class='ocrx_word' id='word_1_677' title='bbox 891 2653 1088 2698; x_wconf 74' lang='lat' dir='ltr'>transiqat,</span> <span class='ocrx_word' id='word_1_678' title='bbox 1114 2655 1205 2698; x_wconf 81' lang='lat' dir='ltr'>post</span> <span class='ocrx_word' id='word_1_679' title='bbox 1227 2652 1386 2698; x_wconf 82' lang='lat' dir='ltr'>spatium</span> <span class='ocrx_word' id='word_1_680' title='bbox 1408 2662 1491 2687; x_wconf 83' lang='lat' dir='ltr'>vero</span> <span class='ocrx_word' id='word_1_681' title='bbox 1517 2651 1637 2687; x_wconf 87' lang='lat' dir='ltr'>decem</span> <span class='ocrx_word' id='word_1_682' title='bbox 1661 2651 1800 2687; x_wconf 87' lang='lat' dir='ltr'>dierum</span> <span class='ocrx_word' id='word_1_683' title='bbox 1825 2651 1944 2687; x_wconf 85' lang='lat' dir='ltr'>libello</span> <span class='ocrx_word' id='word_1_684' title='bbox 1969 2654 2078 2699; x_wconf 87' lang='lat' dir='ltr'>misso</span> <span class='ocrx_word' id='word_1_685' title='bbox 2103 2653 2326 2689; x_wconf 76' lang='lat' dir='ltr'>subscribere</span> <span class='ocrx_word' id='word_1_686' title='bbox 2349 2659 2383 2689; x_wconf 88' lang='lat' dir='ltr'>et</span> 
     </span>
     <span class='ocr_line' id='line_1_53' title="bbox 148 2696 2383 2778; baseline -0.001 -42"><span class='ocrx_word' id='word_1_687' title='bbox 148 2700 377 2736; x_wconf 83' lang='lat' dir='ltr'>iudicialibus</span> <span class='ocrx_word' id='word_1_688' title='bbox 401 2699 562 2735; x_wconf 89' lang='lat' dir='ltr'>cautioni</span> <span class='ocrx_word' id='word_1_689' title='bbox 586 2710 629 2734; x_wconf 88' lang='lat' dir='ltr'>us</span> <span class='ocrx_word' id='word_1_690' title='bbox 654 2699 890 2778; x_wconf 58' lang='lat' dir='ltr'>satisfacere,</span> <span class='ocrx_word' id='word_1_691' title='bbox 921 2697 1088 2733; x_wconf 85' lang='lat' dir='ltr'>nonnulli</span> <span class='ocrx_word' id='word_1_692' title='bbox 1118 2696 1167 2731; x_wconf 91' lang='lat' dir='ltr'>ad</span> <span class='ocrx_word' id='word_1_693' title='bbox 1189 2700 1335 2731; x_wconf 84' lang='lat' dir='ltr'>nostras</span> <span class='ocrx_word' id='word_1_694' title='bbox 1359 2696 1456 2742; x_wconf 76' lang='lat' dir='ltr'>leqes</span> <span class='ocrx_word' id='word_1_695' title='bbox 1479 2698 1722 2743; x_wconf 74' lang='lat' dir='ltr'>respicienteS,</span> <span class='ocrx_word' id='word_1_696' title='bbox 1755 2708 1848 2742; x_wconf 82' lang='lat' dir='ltr'>quae</span> <span class='ocrx_word' id='word_1_697' title='bbox 1865 2701 1956 2743; x_wconf 81' lang='lat' dir='ltr'>post</span> <span class='ocrx_word' id='word_1_698' title='bbox 1987 2697 2060 2733; x_wconf 87' lang='lat' dir='ltr'>litis</span> <span class='ocrx_word' id='word_1_699' title='bbox 2086 2699 2383 2734; x_wconf 86' lang='lat' dir='ltr'>contestationem</span> 
     </span>
     <span class='ocr_line' id='line_1_54' title="bbox 148 2741 2383 2789; baseline -0 -9"><span class='ocrx_word' id='word_1_700' title='bbox 148 2757 213 2781; x_wconf 85' lang='lat' dir='ltr'>nec</span> <span class='ocrx_word' id='word_1_701' title='bbox 237 2756 407 2782; x_wconf 86' lang='lat' dir='ltr'>recusare</span> <span class='ocrx_word' id='word_1_702' title='bbox 429 2744 581 2780; x_wconf 87' lang='lat' dir='ltr'>iudicem</span> <span class='ocrx_word' id='word_1_703' title='bbox 613 2753 679 2779; x_wconf 90' lang='lat' dir='ltr'>nec</span> <span class='ocrx_word' id='word_1_704' title='bbox 710 2744 820 2779; x_wconf 79' lang='lat' dir='ltr'>aium</span> <span class='ocrx_word' id='word_1_705' title='bbox 844 2754 989 2789; x_wconf 80' lang='lat' dir='ltr'>quoque</span> <span class='ocrx_word' id='word_1_706' title='bbox 1012 2743 1077 2788; x_wconf 83' lang='lat' dir='ltr'>qui</span> <span class='ocrx_word' id='word_1_707' title='bbox 1098 2741 1205 2776; x_wconf 81' lang='lat' dir='ltr'>simul</span> <span class='ocrx_word' id='word_1_708' title='bbox 1226 2741 1360 2776; x_wconf 84' lang='lat' dir='ltr'>iudicet</span> <span class='ocrx_word' id='word_1_709' title='bbox 1388 2745 1512 2787; x_wconf 86' lang='lat' dir='ltr'>petere</span> <span class='ocrx_word' id='word_1_710' title='bbox 1529 2742 1758 2788; x_wconf 78' lang='lat' dir='ltr'>permittunt,</span> <span class='ocrx_word' id='word_1_711' title='bbox 1790 2741 1943 2777; x_wconf 87' lang='lat' dir='ltr'>insidias</span> <span class='ocrx_word' id='word_1_712' title='bbox 1966 2743 2020 2778; x_wconf 86' lang='lat' dir='ltr'>rei</span> <span class='ocrx_word' id='word_1_713' title='bbox 2043 2743 2259 2786; x_wconf 82' lang='lat' dir='ltr'>moliuntur,</span> <span class='ocrx_word' id='word_1_714' title='bbox 2304 2754 2383 2779; x_wconf 89' lang='lat' dir='ltr'>cum</span> 
     </span>
     <span class='ocr_line' id='line_1_55' title="bbox 148 2786 2382 2834; baseline -0.001 -8"><span class='ocrx_word' id='word_1_715' title='bbox 148 2792 306 2826; x_wconf 75' lang='lat' dir='ltr'>maxime</span> <span class='ocrx_word' id='word_1_716' title='bbox 337 2794 551 2825; x_wconf 78' lang='lat' dir='ltr'>executores</span> <span class='ocrx_word' id='word_1_717' title='bbox 584 2789 672 2824; x_wconf 87' lang='lat' dir='ltr'>talia</span> <span class='ocrx_word' id='word_1_718' title='bbox 704 2788 828 2824; x_wconf 86' lang='lat' dir='ltr'>dolose</span> <span class='ocrx_word' id='word_1_719' title='bbox 859 2788 1081 2834; x_wconf 72' lang='lat' dir='ltr'>excoqitent,</span> <span class='ocrx_word' id='word_1_720' title='bbox 1114 2791 1149 2822; x_wconf 83' lang='lat' dir='ltr'>et</span> <span class='ocrx_word' id='word_1_721' title='bbox 1179 2786 1396 2831; x_wconf 85' lang='lat' dir='ltr'>simulatque</span> <span class='ocrx_word' id='word_1_722' title='bbox 1427 2797 1500 2832; x_wconf 84' lang='lat' dir='ltr'>qua</span> <span class='ocrx_word' id='word_1_723' title='bbox 1532 2786 1729 2822; x_wconf 87' lang='lat' dir='ltr'>admonitio</span> <span class='ocrx_word' id='word_1_724' title='bbox 1763 2787 1886 2822; x_wconf 86' lang='lat' dir='ltr'>oblata</span> <span class='ocrx_word' id='word_1_725' title='bbox 1919 2791 1988 2830; x_wconf 85' lang='lat' dir='ltr'>est,</span> <span class='ocrx_word' id='word_1_726' title='bbox 2024 2799 2134 2834; x_wconf 79' lang='lat' dir='ltr'>saepe</span> <span class='ocrx_word' id='word_1_727' title='bbox 2165 2799 2230 2824; x_wconf 90' lang='lat' dir='ltr'>nec</span> <span class='ocrx_word' id='word_1_728' title='bbox 2262 2788 2382 2824; x_wconf 85' lang='lat' dir='ltr'>libello</span> 
     </span>
     <span class='ocr_line' id='line_1_56' title="bbox 150 2831 2382 2879; baseline -0.001 -9"><span class='ocrx_word' id='word_1_729' title='bbox 150 2836 235 2872; x_wconf 85' lang='lat' dir='ltr'>dato</span> <span class='ocrx_word' id='word_1_730' title='bbox 261 2847 325 2871; x_wconf 88' lang='lat' dir='ltr'>nec</span> <span class='ocrx_word' id='word_1_731' title='bbox 352 2835 515 2870; x_wconf 81' lang='lat' dir='ltr'>iudiciali</span> <span class='ocrx_word' id='word_1_732' title='bbox 539 2834 614 2869; x_wconf 87' lang='lat' dir='ltr'>ulla</span> <span class='ocrx_word' id='word_1_733' title='bbox 639 2835 807 2869; x_wconf 87' lang='lat' dir='ltr'>cautione</span> <span class='ocrx_word' id='word_1_734' title='bbox 834 2834 1015 2879; x_wconf 79' lang='lat' dir='ltr'>praestita</span> <span class='ocrx_word' id='word_1_735' title='bbox 1047 2832 1224 2867; x_wconf 73' lang='lat' dir='ltr'>hominem</span> <span class='ocrx_word' id='word_1_736' title='bbox 1255 2831 1405 2866; x_wconf 83' lang='lat' dir='ltr'>invitum</span> <span class='ocrx_word' id='word_1_737' title='bbox 1437 2831 1486 2865; x_wconf 87' lang='lat' dir='ltr'>ad</span> <span class='ocrx_word' id='word_1_738' title='bbox 1508 2831 1660 2866; x_wconf 86' lang='lat' dir='ltr'>iudicem</span> <span class='ocrx_word' id='word_1_739' title='bbox 1693 2832 1816 2867; x_wconf 83' lang='lat' dir='ltr'>datum</span> <span class='ocrx_word' id='word_1_740' title='bbox 1841 2832 1978 2867; x_wconf 82' lang='lat' dir='ltr'>ducunt</span> <span class='ocrx_word' id='word_1_741' title='bbox 2010 2834 2239 2879; x_wconf 87' lang='lat' dir='ltr'>omniumque</span> <span class='ocrx_word' id='word_1_742' title='bbox 2262 2845 2382 2869; x_wconf 86' lang='lat' dir='ltr'>rerum</span> 
     </span>
     <span class='ocr_line' id='line_1_57' title="bbox 144 2876 2382 2927; baseline -0.002 -11"><span class='ocrx_word' id='word_1_743' title='bbox 144 2882 258 2926; x_wconf 82' lang='lat' dir='ltr'>plane</span> <span class='ocrx_word' id='word_1_744' title='bbox 282 2882 450 2927; x_wconf 72' lang='lat' dir='ltr'>iqnarum</span> <span class='ocrx_word' id='word_1_745' title='bbox 474 2879 523 2915; x_wconf 89' lang='lat' dir='ltr'>ad</span> <span class='ocrx_word' id='word_1_746' title='bbox 548 2879 643 2914; x_wconf 86' lang='lat' dir='ltr'>litem</span> <span class='ocrx_word' id='word_1_747' title='bbox 668 2878 939 2914; x_wconf 86' lang='lat' dir='ltr'>contestandam</span> <span class='ocrx_word' id='word_1_748' title='bbox 963 2877 1200 2923; x_wconf 75' lang='lat' dir='ltr'>compellunt,</span> <span class='ocrx_word' id='word_1_749' title='bbox 1232 2879 1271 2911; x_wconf 84' lang='lat' dir='ltr'>ut</span> <span class='ocrx_word' id='word_1_750' title='bbox 1296 2876 1357 2923; x_wconf 84' lang='lat' dir='ltr'>lite</span> <span class='ocrx_word' id='word_1_751' title='bbox 1380 2876 1488 2911; x_wconf 86' lang='lat' dir='ltr'>semel</span> <span class='ocrx_word' id='word_1_752' title='bbox 1519 2880 1721 2911; x_wconf 83' lang='lat' dir='ltr'>contestata</span> <span class='ocrx_word' id='word_1_753' title='bbox 1747 2877 1939 2912; x_wconf 82' lang='lat' dir='ltr'>obstrictus</span> <span class='ocrx_word' id='word_1_754' title='bbox 1965 2881 2129 2913; x_wconf 82' lang='lat' dir='ltr'>teneatur</span> <span class='ocrx_word' id='word_1_755' title='bbox 2162 2890 2247 2914; x_wconf 82' lang='lat' dir='ltr'>neve</span> <span class='ocrx_word' id='word_1_756' title='bbox 2271 2879 2382 2914; x_wconf 82' lang='lat' dir='ltr'>ullam</span> 
     </span>
     <span class='ocr_line' id='line_1_58' title="bbox 150 2921 2384 2971; baseline -0.001 -10"><span class='ocrx_word' id='word_1_757' title='bbox 150 2926 281 2961; x_wconf 68' lang='lat' dir='ltr'>habeat</span> <span class='ocrx_word' id='word_1_758' title='bbox 301 2925 518 2971; x_wconf 79' lang='lat' dir='ltr'>facultatem</span> <span class='ocrx_word' id='word_1_759' title='bbox 551 2929 616 2959; x_wconf 87' lang='lat' dir='ltr'>aut</span> <span class='ocrx_word' id='word_1_760' title='bbox 638 2923 831 2959; x_wconf 85' lang='lat' dir='ltr'>recusandi</span> <span class='ocrx_word' id='word_1_761' title='bbox 855 2923 1007 2958; x_wconf 87' lang='lat' dir='ltr'>iudicem</span> <span class='ocrx_word' id='word_1_762' title='bbox 1030 2924 1094 2956; x_wconf 88' lang='lat' dir='ltr'>aut</span> <span class='ocrx_word' id='word_1_763' title='bbox 1118 2921 1228 2956; x_wconf 85' lang='lat' dir='ltr'>alium</span> <span class='ocrx_word' id='word_1_764' title='bbox 1251 2921 1377 2956; x_wconf 88' lang='lat' dir='ltr'>saltem</span> <span class='ocrx_word' id='word_1_765' title='bbox 1411 2921 1473 2965; x_wconf 82' lang='lat' dir='ltr'>qui</span> <span class='ocrx_word' id='word_1_766' title='bbox 1496 2921 1604 2956; x_wconf 83' lang='lat' dir='ltr'>simul</span> <span class='ocrx_word' id='word_1_767' title='bbox 1625 2921 1760 2957; x_wconf 84' lang='lat' dir='ltr'>iudicet</span> <span class='ocrx_word' id='word_1_768' title='bbox 1775 2922 1946 2967; x_wconf 77' lang='lat' dir='ltr'>petendi,</span> <span class='ocrx_word' id='word_1_769' title='bbox 1979 2923 2063 2957; x_wconf 89' lang='lat' dir='ltr'>licet</span> <span class='ocrx_word' id='word_1_770' title='bbox 2083 2923 2196 2959; x_wconf 76' lang='lat' dir='ltr'>iudex</span> <span class='ocrx_word' id='word_1_771' title='bbox 2217 2924 2384 2969; x_wconf 75' lang='lat' dir='ltr'>fortasse</span> 
     </span>
     <span class='ocr_line' id='line_1_59' title="bbox 149 2965 2381 3016; baseline -0.001 -11"><span class='ocrx_word' id='word_1_772' title='bbox 149 2975 337 3016; x_wconf 81' lang='lat' dir='ltr'>suspectus</span> <span class='ocrx_word' id='word_1_773' title='bbox 360 2971 426 3005; x_wconf 84' lang='lat' dir='ltr'>sit:</span> <span class='ocrx_word' id='word_1_774' title='bbox 463 2974 572 3014; x_wconf 85' lang='lat' dir='ltr'>atque</span> <span class='ocrx_word' id='word_1_775' title='bbox 596 2970 648 3004; x_wconf 83' lang='lat' dir='ltr'>ita</span> <span class='ocrx_word' id='word_1_776' title='bbox 673 2979 766 3014; x_wconf 83' lang='lat' dir='ltr'>quae</span> <span class='ocrx_word' id='word_1_777' title='bbox 791 2968 917 3004; x_wconf 86' lang='lat' dir='ltr'>volunt</span> <span class='ocrx_word' id='word_1_778' title='bbox 940 2971 1056 3013; x_wconf 75' lang='lat' dir='ltr'>aqunt</span> <span class='ocrx_word' id='word_1_779' title='bbox 1079 2971 1114 3002; x_wconf 90' lang='lat' dir='ltr'>et</span> <span class='ocrx_word' id='word_1_780' title='bbox 1138 2977 1217 3001; x_wconf 86' lang='lat' dir='ltr'>cum</span> <span class='ocrx_word' id='word_1_781' title='bbox 1237 2965 1413 3000; x_wconf 73' lang='lat' dir='ltr'>hominem</span> <span class='ocrx_word' id='word_1_782' title='bbox 1438 2965 1577 3000; x_wconf 83' lang='lat' dir='ltr'>artibus</span> <span class='ocrx_word' id='word_1_783' title='bbox 1600 2966 1676 3001; x_wconf 86' lang='lat' dir='ltr'>suis</span> <span class='ocrx_word' id='word_1_784' title='bbox 1696 2966 2005 3009; x_wconf 76' lang='lat' dir='ltr'>circumvenerint,</span> <span class='ocrx_word' id='word_1_785' title='bbox 2032 2979 2103 3012; x_wconf 85' lang='lat' dir='ltr'>quo</span> <span class='ocrx_word' id='word_1_786' title='bbox 2125 2968 2250 3003; x_wconf 85' lang='lat' dir='ltr'>volunt</span> <span class='ocrx_word' id='word_1_787' title='bbox 2273 2969 2381 3003; x_wconf 85' lang='lat' dir='ltr'>modo</span> 
     </span>
     <span class='ocr_line' id='line_1_60' title="bbox 149 3010 2381 3060; baseline -0.001 -10"><span class='ocrx_word' id='word_1_788' title='bbox 149 3018 171 3051; x_wconf 89' lang='lat'>1</span> <span class='ocrx_word' id='word_1_789' title='bbox 216 3026 275 3050; x_wconf 87' lang='lat' dir='ltr'>res</span> <span class='ocrx_word' id='word_1_790' title='bbox 297 3015 395 3049; x_wconf 86' lang='lat' dir='ltr'>illius</span> <span class='ocrx_word' id='word_1_791' title='bbox 419 3015 605 3060; x_wconf 78' lang='lat' dir='ltr'>diripiunt.</span> <span class='ocrx_word' id='word_1_792' title='bbox 696 3012 887 3048; x_wconf 85' lang='lat' dir='ltr'>Sancimus</span> <span class='ocrx_word' id='word_1_793' title='bbox 910 3012 1024 3058; x_wconf 69' lang='lat' dir='ltr'>iyitur</span> <span class='ocrx_word' id='word_1_794' title='bbox 1048 3015 1104 3054; x_wconf 87' lang='lat' dir='ltr'>ut,</span> <span class='ocrx_word' id='word_1_795' title='bbox 1135 3010 1280 3056; x_wconf 85' lang='lat' dir='ltr'>quando</span> <span class='ocrx_word' id='word_1_796' title='bbox 1306 3010 1363 3045; x_wconf 86' lang='lat' dir='ltr'>cui</span> <span class='ocrx_word' id='word_1_797' title='bbox 1387 3010 1587 3045; x_wconf 83' lang='lat' dir='ltr'>admonitio</span> <span class='ocrx_word' id='word_1_798' title='bbox 1614 3011 1736 3046; x_wconf 86' lang='lat' dir='ltr'>oblata</span> <span class='ocrx_word' id='word_1_799' title='bbox 1760 3012 1818 3053; x_wconf 82' lang='lat' dir='ltr'>sit,</span> <span class='ocrx_word' id='word_1_800' title='bbox 1852 3012 1996 3047; x_wconf 86' lang='lat' dir='ltr'>omnino</span> <span class='ocrx_word' id='word_1_801' title='bbox 2030 3013 2171 3047; x_wconf 85' lang='lat' dir='ltr'>libellus</span> <span class='ocrx_word' id='word_1_802' title='bbox 2201 3013 2381 3054; x_wconf 84' lang='lat' dir='ltr'>tradatur,</span> 
     </span>
     <span class='ocr_line' id='line_1_61' title="bbox 150 3054 2381 3106; baseline -0 -12"><span class='ocrx_word' id='word_1_803' title='bbox 150 3070 236 3095; x_wconf 89' lang='lat' dir='ltr'>neve</span> <span class='ocrx_word' id='word_1_804' title='bbox 258 3060 352 3094; x_wconf 86' lang='lat' dir='ltr'>sicut</span> <span class='ocrx_word' id='word_1_805' title='bbox 375 3059 576 3104; x_wconf 84' lang='lat' dir='ltr'>antiquitus</span> <span class='ocrx_word' id='word_1_806' title='bbox 599 3058 718 3094; x_wconf 87' lang='lat' dir='ltr'>decem</span> <span class='ocrx_word' id='word_1_807' title='bbox 745 3056 991 3093; x_wconf 87' lang='lat' dir='ltr'>tantummodo</span> <span class='ocrx_word' id='word_1_808' title='bbox 1016 3056 1154 3091; x_wconf 87' lang='lat' dir='ltr'>dierum</span> <span class='ocrx_word' id='word_1_809' title='bbox 1178 3056 1347 3106; x_wconf 79' lang='lat' dir='ltr'>spatium,</span> <span class='ocrx_word' id='word_1_810' title='bbox 1372 3054 1437 3090; x_wconf 85' lang='lat' dir='ltr'>sed</span> <span class='ocrx_word' id='word_1_811' title='bbox 1458 3055 1608 3100; x_wconf 80' lang='lat' dir='ltr'>duplex,</span> <span class='ocrx_word' id='word_1_812' title='bbox 1634 3055 1673 3090; x_wconf 87' lang='lat' dir='ltr'>id</span> <span class='ocrx_word' id='word_1_813' title='bbox 1696 3059 1750 3090; x_wconf 84' lang='lat' dir='ltr'>est</span> <span class='ocrx_word' id='word_1_814' title='bbox 1766 3057 1905 3101; x_wconf 74' lang='lat' dir='ltr'>viqinti,</span> <span class='ocrx_word' id='word_1_815' title='bbox 1931 3056 2137 3092; x_wconf 86' lang='lat' dir='ltr'>admonitus</span> <span class='ocrx_word' id='word_1_816' title='bbox 2161 3056 2304 3100; x_wconf 76' lang='lat' dir='ltr'>habeat,</span> <span class='ocrx_word' id='word_1_817' title='bbox 2330 3065 2381 3098; x_wconf 80' lang='lat' dir='ltr'>ut,</span> 
     </span>
     <span class='ocr_line' id='line_1_62' title="bbox 150 3099 2382 3147; baseline 0 -9"><span class='ocrx_word' id='word_1_818' title='bbox 150 3105 223 3140; x_wconf 84' lang='lat' dir='ltr'>sive</span> <span class='ocrx_word' id='word_1_819' title='bbox 247 3103 399 3138; x_wconf 86' lang='lat' dir='ltr'>iudicem</span> <span class='ocrx_word' id='word_1_820' title='bbox 423 3114 593 3138; x_wconf 85' lang='lat' dir='ltr'>recusare</span> <span class='ocrx_word' id='word_1_821' title='bbox 616 3104 702 3138; x_wconf 86' lang='lat' dir='ltr'>velit</span> <span class='ocrx_word' id='word_1_822' title='bbox 724 3103 797 3138; x_wconf 85' lang='lat' dir='ltr'>sive</span> <span class='ocrx_word' id='word_1_823' title='bbox 821 3102 928 3137; x_wconf 86' lang='lat' dir='ltr'>etiam</span> <span class='ocrx_word' id='word_1_824' title='bbox 953 3101 1063 3136; x_wconf 85' lang='lat' dir='ltr'>alium</span> <span class='ocrx_word' id='word_1_825' title='bbox 1087 3101 1150 3146; x_wconf 84' lang='lat' dir='ltr'>qui</span> <span class='ocrx_word' id='word_1_826' title='bbox 1173 3100 1281 3135; x_wconf 68' lang='lat' dir='ltr'>semul</span> <span class='ocrx_word' id='word_1_827' title='bbox 1303 3100 1437 3135; x_wconf 87' lang='lat' dir='ltr'>iudicet</span> <span class='ocrx_word' id='word_1_828' title='bbox 1454 3104 1590 3145; x_wconf 83' lang='lat' dir='ltr'>petere,</span> <span class='ocrx_word' id='word_1_829' title='bbox 1617 3099 1761 3135; x_wconf 85' lang='lat' dir='ltr'>licentia</span> <span class='ocrx_word' id='word_1_830' title='bbox 1785 3102 1817 3136; x_wconf 86' lang='lat' dir='ltr'>ei</span> <span class='ocrx_word' id='word_1_831' title='bbox 1837 3101 1886 3136; x_wconf 84' lang='lat' dir='ltr'>sit</span> <span class='ocrx_word' id='word_1_832' title='bbox 1909 3100 1977 3136; x_wconf 78' lang='lat' dir='ltr'>lzoc</span> <span class='ocrx_word' id='word_1_833' title='bbox 1995 3102 2172 3147; x_wconf 82' lang='lat' dir='ltr'>faciendi,</span> <span class='ocrx_word' id='word_1_834' title='bbox 2199 3102 2256 3138; x_wconf 82' lang='lat' dir='ltr'>vel</span> <span class='ocrx_word' id='word_1_835' title='bbox 2273 3103 2382 3138; x_wconf 84' lang='lat' dir='ltr'>etiam</span> 
     </span>
     <span class='ocr_line' id='line_1_63' title="bbox 151 3144 2382 3195; baseline -0.001 -11"><span class='ocrx_word' id='word_1_836' title='bbox 151 3148 372 3195; x_wconf 73' lang='lat' dir='ltr'>aqnoscendi</span> <span class='ocrx_word' id='word_1_837' title='bbox 394 3149 495 3193; x_wconf 83' lang='lat' dir='ltr'>forte</span> <span class='ocrx_word' id='word_1_838' title='bbox 516 3148 671 3183; x_wconf 83' lang='lat' dir='ltr'>debitum</span> <span class='ocrx_word' id='word_1_839' title='bbox 695 3151 730 3182; x_wconf 87' lang='lat' dir='ltr'>et</span> <span class='ocrx_word' id='word_1_840' title='bbox 750 3147 863 3182; x_wconf 85' lang='lat' dir='ltr'>amice</span> <span class='ocrx_word' id='word_1_841' title='bbox 884 3157 963 3181; x_wconf 90' lang='lat' dir='ltr'>cum</span> <span class='ocrx_word' id='word_1_842' title='bbox 983 3145 1195 3181; x_wconf 81' lang='lat' dir='ltr'>adversario</span> <span class='ocrx_word' id='word_1_843' title='bbox 1218 3156 1285 3180; x_wconf 91' lang='lat' dir='ltr'>suo</span> <span class='ocrx_word' id='word_1_844' title='bbox 1308 3144 1544 3190; x_wconf 74' lang='lat' dir='ltr'>transiqendi,</span> <span class='ocrx_word' id='word_1_845' title='bbox 1569 3155 1655 3180; x_wconf 89' lang='lat' dir='ltr'>neve</span> <span class='ocrx_word' id='word_1_846' title='bbox 1670 3156 1742 3190; x_wconf 78' lang='lat' dir='ltr'>per</span> <span class='ocrx_word' id='word_1_847' title='bbox 1766 3145 1935 3180; x_wconf 86' lang='lat' dir='ltr'>iniuriam</span> <span class='ocrx_word' id='word_1_848' title='bbox 1960 3150 2025 3181; x_wconf 88' lang='lat' dir='ltr'>aut</span> <span class='ocrx_word' id='word_1_849' title='bbox 2047 3147 2382 3183; x_wconf 83' lang='lat' dir='ltr'>circumventionem</span> 
     </span>
    </p>
   </div>
   <div class='ocr_carea' id='block_1_8' title="bbox 154 3215 256 3219">
    <p class='ocr_par' dir='ltr' id='par_1_10' title="bbox 154 3215 256 3219">
     <span class='ocr_line' id='line_1_64' title="bbox 154 3215 256 3219; baseline 0 0"><span class='ocrx_word' id='word_1_850' title='bbox 154 3215 256 3219; x_wconf 95' lang='lat' dir='ltr'> </span> 
     </span>
    </p>
   </div>
   <div class='ocr_carea' id='block_1_9' title="bbox 151 3235 2382 3552">
    <p class='ocr_par' dir='ltr' id='par_1_11' title="bbox 151 3235 2382 3552">
     <span class='ocr_line' id='line_1_65' title="bbox 198 3235 2382 3283; baseline 0 -12"><span class='ocrx_word' id='word_1_851' title='bbox 198 3242 218 3273; x_wconf 83' lang='lat'>4</span> <span class='ocrx_word' id='word_1_852' title='bbox 230 3239 439 3278; x_wconf 80' lang='grc' dir='ltr'><em>ταξατιόνος</em></span> <span class='ocrx_word' id='word_1_853' title='bbox 454 3239 484 3271; x_wconf 87' lang='lat' dir='ltr'><strong><em>L</em></strong></span> <span class='ocrx_word' id='word_1_854' title='bbox 500 3239 511 3281; x_wconf 70' lang='grc' dir='ltr'>Η</span> <span class='ocrx_word' id='word_1_855' title='bbox 540 3241 558 3272; x_wconf 81' lang='lat'>5</span> <span class='ocrx_word' id='word_1_856' title='bbox 578 3247 650 3271; x_wconf 72' lang='lat' dir='ltr'>atate</span> <span class='ocrx_word' id='word_1_857' title='bbox 671 3235 958 3278; x_wconf 72' lang='grc' dir='ltr'><em>δεδαπανηκέναι</em></span> <span class='ocrx_word' id='word_1_858' title='bbox 978 3250 1004 3269; x_wconf 90' lang='lat' dir='ltr'>s.</span> <span class='ocrx_word' id='word_1_859' title='bbox 1018 3250 1046 3269; x_wconf 86' lang='lat' dir='ltr'>v.</span> <span class='ocrx_word' id='word_1_860' title='bbox 1062 3239 1137 3269; x_wconf 75' lang='lat' dir='ltr'>add.</span> <span class='ocrx_word' id='word_1_861' title='bbox 1153 3237 1230 3268; x_wconf 77' lang='grc' dir='ltr'><em>ἑαυ-</em></span> <span class='ocrx_word' id='word_1_862' title='bbox 1348 3239 1362 3270; x_wconf 93' lang='grc'>1</span> <span class='ocrx_word' id='word_1_863' title='bbox 1379 3239 1508 3276; x_wconf 74' lang='lat' dir='ltr'>aurum]</span> <span class='ocrx_word' id='word_1_864' title='bbox 1526 3247 1734 3268; x_wconf 62' lang='lat' dir='ltr'>anu-*urum</span> <span class='ocrx_word' id='word_1_865' title='bbox 1754 3237 1798 3268; x_wconf 84' lang='lat' dir='ltr'>V¹</span> <span class='ocrx_word' id='word_1_866' title='bbox 1816 3236 1827 3279; x_wconf 77' lang='grc' dir='ltr'>Η</span> <span class='ocrx_word' id='word_1_867' title='bbox 1852 3239 1872 3270; x_wconf 73' lang='lat'>4</span> <span class='ocrx_word' id='word_1_868' title='bbox 1887 3238 2085 3269; x_wconf 70' lang='lat' dir='ltr'>texationcm</span> <span class='ocrx_word' id='word_1_869' title='bbox 2102 3238 2133 3270; x_wconf 79' lang='lat' dir='ltr'><em>R</em></span> <span class='ocrx_word' id='word_1_870' title='bbox 2151 3236 2163 3281; x_wconf 79' lang='grc' dir='ltr'>ΙΙ</span> <span class='ocrx_word' id='word_1_871' title='bbox 2179 3241 2223 3279; x_wconf 77' lang='lat' dir='ltr'>se]</span> <span class='ocrx_word' id='word_1_872' title='bbox 2240 3240 2288 3270; x_wconf 86' lang='lat' dir='ltr'>set</span> <span class='ocrx_word' id='word_1_873' title='bbox 2300 3239 2350 3271; x_wconf 84' lang='lat' dir='ltr'>R¹</span> <span class='ocrx_word' id='word_1_874' title='bbox 2370 3239 2382 3283; x_wconf 79' lang='grc' dir='ltr'>ΙΙ</span> 
     </span>
     <span class='ocr_line' id='line_1_66' title="bbox 151 3248 2380 3327; baseline -0.001 -9"><span class='ocrx_word' id='word_1_875' title='bbox 151 3284 217 3318; x_wconf 84' lang='grc' dir='ltr'>τὸν</span> <span class='ocrx_word' id='word_1_876' title='bbox 244 3286 290 3317; x_wconf 53' lang='lat'>14²</span> <span class='ocrx_word' id='word_1_877' title='bbox 319 3285 330 3327; x_wconf 87' lang='grc' dir='ltr'>ΙΙ</span> <span class='ocrx_word' id='word_1_878' title='bbox 360 3287 379 3317; x_wconf 85' lang='grc'><strong>9</strong></span> <span class='ocrx_word' id='word_1_879' title='bbox 404 3280 471 3324; x_wconf 83' lang='grc' dir='ltr'>τὴν</span> <span class='ocrx_word' id='word_1_880' title='bbox 496 3296 554 3315; x_wconf 90' lang='lat' dir='ltr'>om.</span> <span class='ocrx_word' id='word_1_881' title='bbox 578 3284 607 3315; x_wconf 88' lang='lat' dir='ltr'><em>L</em></span> <span class='ocrx_word' id='word_1_882' title='bbox 639 3283 650 3325; x_wconf 75' lang='grc' dir='ltr'>ΙΙ</span> <span class='ocrx_word' id='word_1_883' title='bbox 685 3280 750 3315; x_wconf 82' lang='grc' dir='ltr'>τὸν</span> <span class='ocrx_word' id='word_1_884' title='bbox 774 3278 945 3326; x_wconf 77' lang='grc' dir='ltr'><em>ἡμέτερον</em></span> <span class='ocrx_word' id='word_1_885' title='bbox 968 3278 1082 3324; x_wconf 81' lang='grc' dir='ltr'><em>νόμον</em></span> <span class='ocrx_word' id='word_1_886' title='bbox 1106 3279 1229 3325; x_wconf 87' lang='grc' dir='ltr'><em>φιλαν-</em></span> <span class='ocrx_word' id='word_1_887' title='bbox 1264 3248 1267 3316; x_wconf 67' lang='lat' dir='ltr'>i</span> <span class='ocrx_word' id='word_1_888' title='bbox 1301 3284 1319 3315; x_wconf 89' lang='lat'>5</span> <span class='ocrx_word' id='word_1_889' title='bbox 1334 3283 1366 3313; x_wconf 84' lang='lat' dir='ltr'>ct</span> <span class='ocrx_word' id='word_1_890' title='bbox 1385 3281 1545 3321; x_wconf 76' lang='lat' dir='ltr'>undique}</span> <span class='ocrx_word' id='word_1_891' title='bbox 1567 3283 1604 3312; x_wconf 92' lang='lat' dir='ltr'>ut</span> <span class='ocrx_word' id='word_1_892' title='bbox 1623 3280 1859 3321; x_wconf 86' lang='lat' dir='ltr'>undiqueRV</span> <span class='ocrx_word' id='word_1_893' title='bbox 1874 3281 1886 3323; x_wconf 81' lang='lat' dir='ltr'>ss</span> <span class='ocrx_word' id='word_1_894' title='bbox 1907 3283 1926 3314; x_wconf 82' lang='lat'>6</span> <span class='ocrx_word' id='word_1_895' title='bbox 1945 3282 2153 3323; x_wconf 65' lang='lat' dir='ltr'>legislatinos</span> <span class='ocrx_word' id='word_1_896' title='bbox 2174 3284 2207 3315; x_wconf 91' lang='lat' dir='ltr'><em>V</em></span> <span class='ocrx_word' id='word_1_897' title='bbox 2223 3283 2235 3326; x_wconf 80' lang='lat' dir='ltr'>ss</span> <span class='ocrx_word' id='word_1_898' title='bbox 2261 3286 2302 3316; x_wconf 84' lang='lat'>10</span> <span class='ocrx_word' id='word_1_899' title='bbox 2327 3294 2380 3317; x_wconf 79' lang='lat' dir='ltr'>ca-</span> 
     </span>
     <span class='ocr_line' id='line_1_67' title="bbox 151 3317 2382 3376; baseline -0 -14"><span class='ocrx_word' id='word_1_900' title='bbox 151 3330 323 3375; x_wconf 85' lang='grc' dir='ltr'><em>θρωπίας</em></span> <span class='ocrx_word' id='word_1_901' title='bbox 337 3330 367 3361; x_wconf 88' lang='lat' dir='ltr'><em>L</em></span> <span class='ocrx_word' id='word_1_902' title='bbox 386 3328 397 3372; x_wconf 85' lang='grc' dir='ltr'>ΙΙ</span> <span class='ocrx_word' id='word_1_903' title='bbox 426 3330 460 3360; x_wconf 94' lang='grc'>11</span> <span class='ocrx_word' id='word_1_904' title='bbox 483 3324 605 3360; x_wconf 72' lang='grc' dir='ltr'><em>αὐτῶν</em></span> <span class='ocrx_word' id='word_1_905' title='bbox 619 3329 649 3359; x_wconf 94' lang='lat' dir='ltr'><em>L</em></span> <span class='ocrx_word' id='word_1_906' title='bbox 665 3327 677 3372; x_wconf 77' lang='grc' dir='ltr'>ΙΙ</span> <span class='ocrx_word' id='word_1_907' title='bbox 705 3328 745 3360; x_wconf 83' lang='lat'>12</span> <span class='ocrx_word' id='word_1_908' title='bbox 762 3324 892 3369; x_wconf 82' lang='grc' dir='ltr'><em>βίβλον</em></span> <span class='ocrx_word' id='word_1_909' title='bbox 905 3327 935 3358; x_wconf 89' lang='lat' dir='ltr'><em>L</em></span> <span class='ocrx_word' id='word_1_910' title='bbox 952 3325 964 3370; x_wconf 80' lang='grc' dir='ltr'>ΙΙ</span> <span class='ocrx_word' id='word_1_911' title='bbox 983 3322 1230 3370; x_wconf 30' lang='grc' dir='ltr'><em>ἡμερῶνὶεἳσω</em></span> <span class='ocrx_word' id='word_1_912' title='bbox 1264 3317 1266 3376; x_wconf 48' lang='lat' dir='ltr'>i</span> <span class='ocrx_word' id='word_1_913' title='bbox 1299 3326 1449 3368; x_wconf 69' lang='lat' dir='ltr'>lumpni*</span> <span class='ocrx_word' id='word_1_914' title='bbox 1475 3326 1523 3358; x_wconf 88' lang='lat' dir='ltr'>V¹</span> <span class='ocrx_word' id='word_1_915' title='bbox 1546 3325 1557 3368; x_wconf 89' lang='grc' dir='ltr'>ΙΙ</span> <span class='ocrx_word' id='word_1_916' title='bbox 1587 3327 1623 3358; x_wconf 91' lang='grc'>11</span> <span class='ocrx_word' id='word_1_917' title='bbox 1642 3326 1872 3358; x_wconf 81' lang='lat' dir='ltr'>conuentionis</span> <span class='ocrx_word' id='word_1_918' title='bbox 1893 3326 1933 3367; x_wconf 84' lang='lat' dir='ltr'>V]</span> <span class='ocrx_word' id='word_1_919' title='bbox 1959 3327 2065 3360; x_wconf 78' lang='lat' dir='ltr'>sactae</span> <span class='ocrx_word' id='word_1_920' title='bbox 2086 3329 2162 3360; x_wconf 81' lang='lat' dir='ltr'>add.</span> <span class='ocrx_word' id='word_1_921' title='bbox 2179 3328 2345 3372; x_wconf 65' lang='lat' dir='ltr'>RTvuly.</span> <span class='ocrx_word' id='word_1_922' title='bbox 2370 3329 2382 3372; x_wconf 80' lang='grc' dir='ltr'>ΙΙ</span> 
     </span>
     <span class='ocr_line' id='line_1_68' title="bbox 152 3367 2381 3416; baseline -0.001 -8"><span class='ocrx_word' id='word_1_923' title='bbox 152 3373 248 3415; x_wconf 85' lang='grc' dir='ltr'><em>δέκα]</em></span> <span class='ocrx_word' id='word_1_924' title='bbox 275 3375 389 3407; x_wconf 85' lang='lat' dir='ltr'>diebus</span> <span class='ocrx_word' id='word_1_925' title='bbox 414 3383 515 3414; x_wconf 84' lang='lat' dir='ltr'>aeque</span> <span class='ocrx_word' id='word_1_926' title='bbox 540 3374 574 3413; x_wconf 77' lang='lat' dir='ltr'>(i.</span> <span class='ocrx_word' id='word_1_927' title='bbox 590 3385 613 3404; x_wconf 90' lang='lat' dir='ltr'>e.</span> <span class='ocrx_word' id='word_1_928' title='bbox 628 3371 694 3414; x_wconf 79' lang='grc' dir='ltr'>ἴσῳ</span> <span class='ocrx_word' id='word_1_929' title='bbox 704 3372 732 3409; x_wconf 85' lang='lat'>‘?)</span> <span class='ocrx_word' id='word_1_930' title='bbox 758 3372 868 3403; x_wconf 85' lang='lat' dir='ltr'>decem</span> <span class='ocrx_word' id='word_1_931' title='bbox 883 3383 900 3405; x_wconf 86' lang='grc' dir='ltr'>ς</span> <span class='ocrx_word' id='word_1_932' title='bbox 925 3371 936 3413; x_wconf 93' lang='grc' dir='ltr'>ΙΙ</span> <span class='ocrx_word' id='word_1_933' title='bbox 964 3372 1003 3404; x_wconf 82' lang='grc'>13</span> <span class='ocrx_word' id='word_1_934' title='bbox 1027 3367 1085 3415; x_wconf 77' lang='grc' dir='ltr'>ἐφ’</span> <span class='ocrx_word' id='word_1_935' title='bbox 1109 3369 1152 3413; x_wconf 73' lang='grc' dir='ltr'>ᾧ]</span> <span class='ocrx_word' id='word_1_936' title='bbox 1179 3371 1230 3413; x_wconf 64' lang='grc' dir='ltr'>εἴη</span> <span class='ocrx_word' id='word_1_937' title='bbox 1264 3377 1267 3414; x_wconf 52' lang='lat' dir='ltr'>I</span> <span class='ocrx_word' id='word_1_938' title='bbox 1302 3374 1342 3404; x_wconf 87' lang='lat'>15</span> <span class='ocrx_word' id='word_1_939' title='bbox 1368 3370 1521 3402; x_wconf 84' lang='lat' dir='ltr'>libellum</span> <span class='ocrx_word' id='word_1_940' title='bbox 1546 3372 1578 3402; x_wconf 85' lang='lat' dir='ltr'>et</span> <span class='ocrx_word' id='word_1_941' title='bbox 1602 3370 1728 3402; x_wconf 80' lang='lat' dir='ltr'>iudices</span> <span class='ocrx_word' id='word_1_942' title='bbox 1745 3371 1792 3402; x_wconf 83' lang='lat' dir='ltr'>R¹</span> <span class='ocrx_word' id='word_1_943' title='bbox 1809 3371 1820 3413; x_wconf 83' lang='grc' dir='ltr'>ΙΙ</span> <span class='ocrx_word' id='word_1_944' title='bbox 1848 3373 1888 3404; x_wconf 84' lang='grc'>16</span> <span class='ocrx_word' id='word_1_945' title='bbox 1907 3382 1987 3404; x_wconf 88' lang='lat' dir='ltr'>uero</span> <span class='ocrx_word' id='word_1_946' title='bbox 2007 3372 2140 3413; x_wconf 87' lang='lat' dir='ltr'>quidam</span> <span class='ocrx_word' id='word_1_947' title='bbox 2163 3372 2238 3416; x_wconf 65' lang='lat' dir='ltr'>17¹ss</span> <span class='ocrx_word' id='word_1_948' title='bbox 2267 3375 2307 3407; x_wconf 84' lang='lat'>18</span> <span class='ocrx_word' id='word_1_949' title='bbox 2328 3374 2381 3406; x_wconf 89' lang='lat' dir='ltr'>iu-</span> 
     </span>
     <span class='ocr_line' id='line_1_69' title="bbox 151 3415 2380 3463; baseline -0.004 -10"><span class='ocrx_word' id='word_1_950' title='bbox 151 3433 176 3453; x_wconf 82' lang='lat' dir='ltr'>s.</span> <span class='ocrx_word' id='word_1_951' title='bbox 191 3434 219 3453; x_wconf 88' lang='lat' dir='ltr'>v.</span> <span class='ocrx_word' id='word_1_952' title='bbox 234 3421 310 3452; x_wconf 84' lang='lat' dir='ltr'>add.</span> <span class='ocrx_word' id='word_1_953' title='bbox 323 3419 370 3452; x_wconf 78' lang='lat' dir='ltr'>L2</span> <span class='ocrx_word' id='word_1_954' title='bbox 386 3418 397 3463; x_wconf 80' lang='grc' dir='ltr'>ΙΙ</span> <span class='ocrx_word' id='word_1_955' title='bbox 420 3420 459 3451; x_wconf 72' lang='lat'>14</span> <span class='ocrx_word' id='word_1_956' title='bbox 478 3418 536 3449; x_wconf 82' lang='grc' dir='ltr'>καὶ</span> <span class='ocrx_word' id='word_1_957' title='bbox 555 3416 640 3449; x_wconf 81' lang='grc' dir='ltr'><em>ἴσως</em></span> <span class='ocrx_word' id='word_1_958' title='bbox 662 3417 718 3456; x_wconf 90' lang='grc' dir='ltr'>Μ]</span> <span class='ocrx_word' id='word_1_959' title='bbox 739 3418 798 3448; x_wconf 83' lang='grc' dir='ltr'>καὶ</span> <span class='ocrx_word' id='word_1_960' title='bbox 823 3415 908 3448; x_wconf 83' lang='grc' dir='ltr'><em>ἴσως</em></span> <span class='ocrx_word' id='word_1_961' title='bbox 932 3418 990 3447; x_wconf 83' lang='grc' dir='ltr'>καὶ</span> <span class='ocrx_word' id='word_1_962' title='bbox 1008 3417 1060 3451; x_wconf 58' lang='lat' dir='ltr'>Le</span> <span class='ocrx_word' id='word_1_963' title='bbox 1074 3417 1128 3458; x_wconf 81' lang='lat' dir='ltr'>(cs.</span> <span class='ocrx_word' id='word_1_964' title='bbox 1142 3418 1196 3457; x_wconf 79' lang='lat'>38)</span> <span class='ocrx_word' id='word_1_965' title='bbox 1221 3424 1231 3459; x_wconf 47' lang='grc' dir='ltr'>Ῑ,</span> <span class='ocrx_word' id='word_1_966' title='bbox 1265 3418 1267 3450; x_wconf 73' lang='grc' dir='ltr'>ζ</span> <span class='ocrx_word' id='word_1_967' title='bbox 1300 3416 1404 3448; x_wconf 81' lang='lat' dir='ltr'>dicem</span> <span class='ocrx_word' id='word_1_968' title='bbox 1423 3416 1466 3455; x_wconf 90' lang='lat' dir='ltr'>V]</span> <span class='ocrx_word' id='word_1_969' title='bbox 1482 3428 1539 3447; x_wconf 88' lang='lat' dir='ltr'>om.</span> <span class='ocrx_word' id='word_1_970' title='bbox 1554 3415 1624 3447; x_wconf 81' lang='lat' dir='ltr'>RT</span> <span class='ocrx_word' id='word_1_971' title='bbox 1638 3415 1649 3458; x_wconf 75' lang='grc' dir='ltr'>ΙΙ</span> <span class='ocrx_word' id='word_1_972' title='bbox 1668 3417 1709 3448; x_wconf 87' lang='grc'>19</span> <span class='ocrx_word' id='word_1_973' title='bbox 1723 3416 1917 3458; x_wconf 75' lang='lat' dir='ltr'>permittant</span> <span class='ocrx_word' id='word_1_974' title='bbox 1930 3417 1978 3448; x_wconf 71' lang='lat' dir='ltr'>R!</span> <span class='ocrx_word' id='word_1_975' title='bbox 1998 3416 2010 3460; x_wconf 69' lang='lat' dir='ltr'>n</span> <span class='ocrx_word' id='word_1_976' title='bbox 2027 3418 2069 3450; x_wconf 80' lang='lat'>20</span> <span class='ocrx_word' id='word_1_977' title='bbox 2085 3417 2150 3450; x_wconf 67' lang='lat' dir='ltr'>tale</span> <span class='ocrx_word' id='word_1_978' title='bbox 2172 3417 2226 3462; x_wconf 69' lang='lat' dir='ltr'>Vn</span> <span class='ocrx_word' id='word_1_979' title='bbox 2247 3419 2289 3451; x_wconf 82' lang='lat'>24</span> <span class='ocrx_word' id='word_1_980' title='bbox 2303 3429 2380 3451; x_wconf 89' lang='lat' dir='ltr'>oon-</span> 
     </span>
     <span class='ocr_line' id='line_1_70' title="bbox 155 3458 2379 3505; baseline -0.001 -7"><span class='ocrx_word' id='word_1_981' title='bbox 155 3466 195 3498; x_wconf 85' lang='lat'>16</span> <span class='ocrx_word' id='word_1_982' title='bbox 219 3462 291 3504; x_wconf 80' lang='grc' dir='ltr'><em>τὰς]</em></span> <span class='ocrx_word' id='word_1_983' title='bbox 318 3462 397 3497; x_wconf 81' lang='grc' dir='ltr'><em>τοὺς</em></span> <span class='ocrx_word' id='word_1_984' title='bbox 422 3463 450 3495; x_wconf 84' lang='lat' dir='ltr'><em>L</em></span> <span class='ocrx_word' id='word_1_985' title='bbox 484 3464 495 3501; x_wconf 84' lang='grc'>11</span> <span class='ocrx_word' id='word_1_986' title='bbox 533 3464 568 3495; x_wconf 83' lang='lat'>17</span> <span class='ocrx_word' id='word_1_987' title='bbox 597 3459 703 3502; x_wconf 70' lang='grc' dir='ltr'><em>δὴἘ]</em></span> <span class='ocrx_word' id='word_1_988' title='bbox 731 3458 770 3493; x_wconf 81' lang='grc' dir='ltr'><em>δὲ</em></span> <span class='ocrx_word' id='word_1_989' title='bbox 793 3461 859 3496; x_wconf 64' lang='lat' dir='ltr'>Me</span> <span class='ocrx_word' id='word_1_990' title='bbox 887 3460 899 3503; x_wconf 75' lang='grc' dir='ltr'>ΙΙ</span> <span class='ocrx_word' id='word_1_991' title='bbox 932 3462 1000 3494; x_wconf 81' lang='lat' dir='ltr'>18s</span> <span class='ocrx_word' id='word_1_992' title='bbox 1025 3485 1031 3492; x_wconf 88' lang='lat'><strong>.</strong></span> <span class='ocrx_word' id='word_1_993' title='bbox 1054 3458 1164 3493; x_wconf 77' lang='grc' dir='ltr'><em>*οὐδὲ</em></span> <span class='ocrx_word' id='word_1_994' title='bbox 1189 3480 1230 3484; x_wconf 88' lang='lat'>—-</span> <span class='ocrx_word' id='word_1_995' title='bbox 1300 3461 1474 3493; x_wconf 81' lang='lat' dir='ltr'>testatione</span> <span class='ocrx_word' id='word_1_996' title='bbox 1498 3459 1543 3491; x_wconf 89' lang='lat' dir='ltr'>V¹</span> <span class='ocrx_word' id='word_1_997' title='bbox 1561 3459 1573 3503; x_wconf 82' lang='grc' dir='ltr'>ΙΙ</span> <span class='ocrx_word' id='word_1_998' title='bbox 1602 3461 1643 3493; x_wconf 81' lang='lat'>25</span> <span class='ocrx_word' id='word_1_999' title='bbox 1661 3461 1933 3493; x_wconf 83' lang='lat' dir='ltr'>contestationem</span> <span class='ocrx_word' id='word_1_1000' title='bbox 1960 3461 2004 3493; x_wconf 80' lang='lat' dir='ltr'>R²</span> <span class='ocrx_word' id='word_1_1001' title='bbox 2029 3461 2041 3505; x_wconf 79' lang='grc' dir='ltr'>ΙΙ</span> <span class='ocrx_word' id='word_1_1002' title='bbox 2067 3463 2108 3495; x_wconf 82' lang='grc'>26</span> <span class='ocrx_word' id='word_1_1003' title='bbox 2128 3462 2297 3496; x_wconf 86' lang='lat' dir='ltr'>licentiam</span> <span class='ocrx_word' id='word_1_1004' title='bbox 2322 3465 2379 3496; x_wconf 81' lang='lat' dir='ltr'>ha-</span> 
     </span>
     <span class='ocr_line' id='line_1_71' title="bbox 152 3473 1231 3552; baseline -0.002 -11"><span class='ocrx_word' id='word_1_1005' title='bbox 152 3506 235 3542; x_wconf 78' lang='grc' dir='ltr'><em>οὐδὲ</em></span> <span class='ocrx_word' id='word_1_1006' title='bbox 257 3510 333 3543; x_wconf 82' lang='lat' dir='ltr'>libri</span> <span class='ocrx_word' id='word_1_1007' title='bbox 354 3509 365 3552; x_wconf 79' lang='grc' dir='ltr'>ΙΙ</span> <span class='ocrx_word' id='word_1_1008' title='bbox 389 3510 431 3541; x_wconf 82' lang='lat'>22</span> <span class='ocrx_word' id='word_1_1009' title='bbox 456 3503 566 3539; x_wconf 79' lang='grc' dir='ltr'><em>*οὐδὲ</em></span> <span class='ocrx_word' id='word_1_1010' title='bbox 588 3526 631 3530; x_wconf 93' lang='lat'>—-</span> <span class='ocrx_word' id='word_1_1011' title='bbox 653 3503 736 3538; x_wconf 79' lang='grc' dir='ltr'><em>οὐδὲ</em></span> <span class='ocrx_word' id='word_1_1012' title='bbox 760 3507 837 3538; x_wconf 84' lang='lat' dir='ltr'>libri</span> <span class='ocrx_word' id='word_1_1013' title='bbox 858 3505 870 3547; x_wconf 92' lang='grc'>11</span> <span class='ocrx_word' id='word_1_1014' title='bbox 895 3506 938 3537; x_wconf 81' lang='grc'>24</span> <span class='ocrx_word' id='word_1_1015' title='bbox 959 3473 1164 3548; x_wconf 63' lang='grc' dir='ltr'><em>δεδομένων</em></span> <span class='ocrx_word' id='word_1_1016' title='bbox 1181 3507 1231 3539; x_wconf 76' lang='lat' dir='ltr'>La</span> 
     </span>
    </p>
   </div>
   <div class='ocr_carea' id='block_1_10' title="bbox 153 3504 2380 3605">
    <p class='ocr_par' dir='ltr' id='par_1_12' title="bbox 153 3504 2380 3605">
     <span class='ocr_line' id='line_1_72' title="bbox 1300 3504 2380 3551; baseline 0.004 -14"><span class='ocrx_word' id='word_1_1017' title='bbox 1300 3506 1376 3537; x_wconf 82' lang='lat' dir='ltr'>beat</span> <span class='ocrx_word' id='word_1_1018' title='bbox 1399 3506 1430 3537; x_wconf 89' lang='lat' dir='ltr'><em>V</em></span> <span class='ocrx_word' id='word_1_1019' title='bbox 1448 3504 1547 3536; x_wconf 81' lang='lat' dir='ltr'>habet</span> <span class='ocrx_word' id='word_1_1020' title='bbox 1570 3504 1740 3537; x_wconf 85' lang='lat' dir='ltr'>licentiam</span> <span class='ocrx_word' id='word_1_1021' title='bbox 1764 3506 1797 3538; x_wconf 82' lang='lat' dir='ltr'>R,</span> <span class='ocrx_word' id='word_1_1022' title='bbox 1815 3505 1827 3549; x_wconf 79' lang='grc' dir='ltr'>ΙΙ</span> <span class='ocrx_word' id='word_1_1023' title='bbox 1853 3507 1894 3538; x_wconf 83' lang='lat'>27</span> <span class='ocrx_word' id='word_1_1024' title='bbox 1920 3516 1993 3538; x_wconf 87' lang='lat' dir='ltr'>cum</span> <span class='ocrx_word' id='word_1_1025' title='bbox 2019 3509 2103 3539; x_wconf 81' lang='lat' dir='ltr'>forte</span> <span class='ocrx_word' id='word_1_1026' title='bbox 2128 3521 2185 3541; x_wconf 87' lang='lat' dir='ltr'>om.</span> <span class='ocrx_word' id='word_1_1027' title='bbox 2200 3509 2247 3541; x_wconf 71' lang='lat' dir='ltr'>R*</span> <span class='ocrx_word' id='word_1_1028' title='bbox 2266 3508 2278 3551; x_wconf 82' lang='grc' dir='ltr'>ΙΙ</span> <span class='ocrx_word' id='word_1_1029' title='bbox 2304 3509 2380 3541; x_wconf 90' lang='lat' dir='ltr'>sub-</span> 
     </span>
     <span class='ocr_line' id='line_1_73' title="bbox 153 3545 1229 3605; baseline -0.002 -20"><span class='ocrx_word' id='word_1_1030' title='bbox 153 3551 342 3605; x_wconf 79' lang='grc' dir='ltr'><em>διδομένον</em></span> <span class='ocrx_word' id='word_1_1031' title='bbox 363 3553 406 3586; x_wconf 79' lang='lat' dir='ltr'>L⁰</span> <span class='ocrx_word' id='word_1_1032' title='bbox 424 3553 435 3595; x_wconf 78' lang='grc'>11</span> <span class='ocrx_word' id='word_1_1033' title='bbox 460 3554 500 3586; x_wconf 70' lang='grc'>23</span> <span class='ocrx_word' id='word_1_1034' title='bbox 524 3551 612 3597; x_wconf 76' lang='grc' dir='ltr'><em>γοῦν</em></span> <span class='ocrx_word' id='word_1_1035' title='bbox 633 3564 690 3584; x_wconf 85' lang='grc' dir='ltr'><em>οηι.</em></span> <span class='ocrx_word' id='word_1_1036' title='bbox 705 3563 723 3586; x_wconf 84' lang='grc' dir='ltr'>ς</span> <span class='ocrx_word' id='word_1_1037' title='bbox 739 3550 750 3593; x_wconf 81' lang='grc' dir='ltr'>ΙΙ</span> <span class='ocrx_word' id='word_1_1038' title='bbox 777 3551 818 3583; x_wconf 82' lang='grc'>32</span> <span class='ocrx_word' id='word_1_1039' title='bbox 843 3545 1112 3593; x_wconf 84' lang='grc' dir='ltr'><em>σπαράττουσιν</em></span> <span class='ocrx_word' id='word_1_1040' title='bbox 1129 3551 1229 3591; x_wconf 78' lang='lat' dir='ltr'>ML¹J</span> 
     </span>
    </p>
   </div>
   <div class='ocr_carea' id='block_1_11' title="bbox 1300 3548 2378 3595">
    <p class='ocr_par' dir='ltr' id='par_1_13' title="bbox 1300 3548 2378 3595">
     <span class='ocr_line' id='line_1_74' title="bbox 1300 3548 2378 3595; baseline 0.005 -13"><span class='ocrx_word' id='word_1_1041' title='bbox 1300 3550 1467 3592; x_wconf 84' lang='lat' dir='ltr'>spectinus</span> <span class='ocrx_word' id='word_1_1042' title='bbox 1491 3550 1539 3581; x_wconf 81' lang='lat' dir='ltr'>R¹</span> <span class='ocrx_word' id='word_1_1043' title='bbox 1569 3548 1580 3592; x_wconf 94' lang='grc' dir='ltr'>ΙΙ</span> <span class='ocrx_word' id='word_1_1044' title='bbox 1611 3550 1653 3583; x_wconf 79' lang='grc'>28</span> <span class='ocrx_word' id='word_1_1045' title='bbox 1679 3550 1824 3582; x_wconf 85' lang='lat' dir='ltr'>uoluerit</span> <span class='ocrx_word' id='word_1_1046' title='bbox 1850 3550 1882 3582; x_wconf 81' lang='lat' dir='ltr'><em>R</em></span> <span class='ocrx_word' id='word_1_1047' title='bbox 1911 3551 1923 3594; x_wconf 70' lang='lat'>1}</span> <span class='ocrx_word' id='word_1_1048' title='bbox 1958 3552 1999 3585; x_wconf 83' lang='lat'>29</span> <span class='ocrx_word' id='word_1_1049' title='bbox 2025 3553 2263 3586; x_wconf 84' lang='lat' dir='ltr'>constituentes</span> <span class='ocrx_word' id='word_1_1050' title='bbox 2287 3554 2378 3595; x_wconf 73' lang='grc' dir='ltr'>ΒΤ]</span> 
     </span>
    </p>
   </div>
   <div class='ocr_carea' id='block_1_12' title="bbox 153 3592 2381 3733">
    <p class='ocr_par' dir='ltr' id='par_1_14' title="bbox 153 3592 2381 3733">
     <span class='ocr_line' id='line_1_75' title="bbox 153 3592 2381 3659; baseline 0 -29"><span class='ocrx_word' id='word_1_1051' title='bbox 153 3610 351 3651; x_wconf 67' lang='grc' dir='ltr'><em>πραττουσι</em></span> <span class='ocrx_word' id='word_1_1052' title='bbox 366 3599 433 3649; x_wconf 50' lang='grc' dir='ltr'><em>Ῑξς</em></span> <span class='ocrx_word' id='word_1_1053' title='bbox 453 3597 464 3641; x_wconf 85' lang='grc' dir='ltr'>ΙΙ</span> <span class='ocrx_word' id='word_1_1054' title='bbox 493 3593 640 3649; x_wconf 61' lang='grc' dir='ltr'><em>Κάκεῖνο</em></span> <span class='ocrx_word' id='word_1_1055' title='bbox 660 3595 895 3652; x_wconf 48' lang='grc' dir='ltr'><em>θεσπίζομεν,</em></span> <span class='ocrx_word' id='word_1_1056' title='bbox 921 3592 1068 3650; x_wconf 54' lang='grc' dir='ltr'><em>ξπειδξῖιν</em></span> <span class='ocrx_word' id='word_1_1057' title='bbox 1081 3598 1149 3647; x_wconf 68' lang='lat' dir='ltr'>jnc.</span> <span class='ocrx_word' id='word_1_1058' title='bbox 1164 3597 1200 3628; x_wconf 89' lang='grc' dir='ltr'><em>Β</em></span> <span class='ocrx_word' id='word_1_1059' title='bbox 1220 3596 1231 3640; x_wconf 89' lang='grc' dir='ltr'>ΙΙ</span> <span class='ocrx_word' id='word_1_1060' title='bbox 1266 3598 1267 3601; x_wconf 75' lang='grc'>’</span> <span class='ocrx_word' id='word_1_1061' title='bbox 1299 3597 1488 3651; x_wconf 33' lang='lat' dir='ltr'>‘statuentes-</span> <span class='ocrx_word' id='word_1_1062' title='bbox 1516 3595 1636 3659; x_wconf 52' lang='lat' dir='ltr'>Vlvulq.</span> <span class='ocrx_word' id='word_1_1063' title='bbox 1666 3594 1678 3638; x_wconf 77' lang='grc' dir='ltr'>ΙΙ</span> <span class='ocrx_word' id='word_1_1064' title='bbox 1709 3596 1751 3652; x_wconf 63' lang='lat'>33</span> <span class='ocrx_word' id='word_1_1065' title='bbox 1776 3596 1898 3647; x_wconf 79' lang='lat' dir='ltr'>amotio</span> <span class='ocrx_word' id='word_1_1066' title='bbox 1923 3596 2059 3636; x_wconf 64' lang='lat' dir='ltr'>(amotio</span> <span class='ocrx_word' id='word_1_1067' title='bbox 2082 3597 2144 3639; x_wconf 90' lang='lat' dir='ltr'>V³)</span> <span class='ocrx_word' id='word_1_1068' title='bbox 2173 3597 2287 3654; x_wconf 53' lang='lat' dir='ltr'>ablata</span> <span class='ocrx_word' id='word_1_1069' title='bbox 2319 3600 2351 3632; x_wconf 79' lang='lat' dir='ltr'><em>V</em></span> <span class='ocrx_word' id='word_1_1070' title='bbox 2369 3598 2381 3643; x_wconf 77' lang='lat' dir='ltr'>ss</span> 
     </span>
     <span class='ocr_line' id='line_1_76' title="bbox 154 3637 2380 3733; baseline 0.002 -15"><span class='ocrx_word' id='word_1_1071' title='bbox 154 3637 965 3720; x_wconf 42' lang='lat' dir='ltr'>efflagitasset?25030355113331&#39;5:⁰</span> <span class='ocrx_word' id='word_1_1072' title='bbox 989 3643 1109 3681; x_wconf 58' lang='lat' dir='ltr'>mv]</span> <span class='ocrx_word' id='word_1_1073' title='bbox 1147 3640 1229 3673; x_wconf 36' lang='lat'>¹¹¹⁰&amp;</span> <span class='ocrx_word' id='word_1_1074' title='bbox 1300 3641 1497 3727; x_wconf 51' lang='lat' dir='ltr'>asta</span> <span class='ocrx_word' id='word_1_1075' title='bbox 1581 3640 1966 3730; x_wconf 47' lang='lat' dir='ltr'>sisausa&amp;</span> <span class='ocrx_word' id='word_1_1076' title='bbox 1990 3642 2178 3724; x_wconf 52' lang='lat' dir='ltr'>istis</span> <span class='ocrx_word' id='word_1_1077' title='bbox 2196 3642 2214 3733; x_wconf 68' lang='grc'>,1</span> <span class='ocrx_word' id='word_1_1078' title='bbox 2233 3644 2286 3723; x_wconf 66' lang='lat'>3³95</span> <span class='ocrx_word' id='word_1_1079' title='bbox 2302 3655 2380 3721; x_wconf 61' lang='grc' dir='ltr'>ἑξεῖ</span> 
     </span>
    </p>
   </div>
   <div class='ocr_carea' id='block_1_13' title="bbox 1301 3730 1542 3772">
    <p class='ocr_par' dir='ltr' id='par_1_15' title="bbox 1301 3730 1542 3772">
     <span class='ocr_line' id='line_1_77' title="bbox 1301 3730 1542 3772; baseline 0.008 -12"><span class='ocrx_word' id='word_1_1080' title='bbox 1301 3730 1483 3772; x_wconf 85' lang='lat' dir='ltr'>temptione</span> <span class='ocrx_word' id='word_1_1081' title='bbox 1510 3731 1542 3762; x_wconf 73' lang='lat' dir='ltr'><em>R</em></span> 
     </span>
    </p>
   </div>
  </div>
 </body>
</html>
