2618 4010
164 106 411 141 crvrrA‘rtm
1241 89 1319 139 113
1504 125 1524 132 ε
2005 134 2007 138 .
2047 92 2154 139 Nov.
2182 91 2263 135 XV
2292 94 2331 135 5.
2365 94 2390 132 6

1755 154 1770 172 0

160 205 367 264 ὑβριστικὸν
390 210 473 255 περὶ
497 206 579 243 τοὺς
601 205 756 247 ἐκδίκους
774 206 811 243 οἱ
818 204 1018 251 ’ταξεῶται,
1041 207 1240 252 τηνικαῦτα
1307 216 1406 242 sores
1431 204 1621 246 officiales,
1653 207 1739 240 tunc
1771 204 2031 251 provinciarum
2056 204 2237 254 praesides
2260 204 2386 240 ulcisci

158 264 240 289 τους
259 254 339 288 τῶν
362 254 546 301 ἐπαρχιῶν
569 250 780 301 ἡγουμένους
803 250 951 298 ἀμύνειν
978 255 1038 288 καὶ
1061 265 1143 299 caup
1167 256 1238 287 ονί-
1308 254 1343 287 et
1378 251 1556 296 castigare
1583 250 1768 287 officiales.
1815 250 2015 286 Licentiam
2046 249 2139 287 enim
2168 250 2294 286 damus
2325 249 2385 286 de-

159 301 234 342 ζειν
259 297 342 334 τοὺς
371 297 564 340 ταξεώτας.
610 297 736 333 ἄδειαν
769 297 836 346 γὰρ
867 297 1014 344 δίδομεν
1044 301 1119 334 τοῖς
1165 295 1237 332 κδί-
1306 296 1526 340 sensoribus,
1567 296 1598 332 si
1631 296 1700 331 hoc
1734 296 1954 340 neglexerint
1993 296 2150 341 gentium
2192 295 2384 341 praesides,

157 355 241 386 κοις,
264 344 297 378 εἰ
317 342 448 379 τούτου
471 341 724 389 ῥαθυμήσαιεν
746 344 783 379 οἱ
796 345 874 379 τῶν
891 345 1020 379 ἐθνῶν
1039 341 1061 388 ἡ
1083 341 1237 389 ούμενοι,
1306 343 1382 378 sedi
1412 346 1498 379 tuae
1527 341 1738 378 eminentiae
1767 341 1856 376 haec
1881 342 2062 384 nuntiare,
2096 346 2138 382 ut
2166 341 2249 376 inde
2280 341 2386 376 detur

156 390 210 446 τῷ
223 389 256 423 θ
278 385 353 432 όνῳ
370 390 431 432 τῆς
449 392 510 432 σῆς
522 386 694 435 ὑπεροχῆς
711 391 827 424 ταῦτα
847 388 1044 437 προςαγγέλ
1065 403 1130 432 ειν,
1150 385 1238 424 ὥςτε
1273 391 1291 422 5
1306 387 1476 422 auxilium
1501 387 1552 423 eis
1576 390 1612 422 et
1631 386 1788 422 vindicta
1805 389 2029 431 competens:
2056 391 2091 422 et
2114 397 2239 422 revera
2262 386 2383 422 defen-

158 434 245 469 αυτὸ
278 445 318 469 εν
338 432 514 469 δίδοσθαι
530 433 710 479 βοήθειαν
729 433 848 469 αὐτοῖς
871 438 931 469 καὶ
949 433 1130 479 ἐκδίκησιν
1153 437 1235 480 πρέ·
1306 443 1402 469 sores
1433 441 1506 468 eos>
1525 442 1604 468 esse
1639 434 1765 468 contra
1796 431 2055 475 delinquentes,
2091 432 2264 469 habentes
2293 432 2381 467 iudi-

157 490 309 534 nwcuy,
329 482 390 514 καὶ
409 483 488 533 ταῖς
507 478 694 523 ἀληθείαις
712 479 870 535 ἐκδίκους
890 480 1016 516 αὐτοὺς
1035 480 1128 534 εἶναι
1146 480 1237 514 κατὰ
1306 479 1438 513 ciariae
1465 477 1661 520 [claritatis]
1686 477 1884 513 honestatis
1908 477 2149 513 imitationem.

156 526 233 559 τῶν
260 538 560 574 αμαρτανοντων,
595 528 741 568 ἔχοντας
772 527 915 572 αρχικῆς
942 537 1159 571 σεμνοτητος
1181 529 1235 570 μί’-

159 584 179 602 u
218 583 265 605 ια.

155 607 174 650 '1
184 584 303 649 ηἰΚᾶν
325 615 357 649 εἰ
380 613 568 650 διαπεσεῖν
592 620 749 660 συαβαίη
777 615 914 651 πόλεως
944 614 1096 657 ἔκδικον,
1126 613 1237 650 εὐθὺς
1251 618 1291 649 10
1304 616 1323 650 1
1371 615 1422 649 Et
1444 614 1475 650 si
1499 613 1627 649 cadere
1651 613 1838 657 contigerit
1862 613 2014 648 civitatis
2038 613 2278 655 defensorem,
2302 625 2384 650 mox

155 658 216 706 ἐφ’
242 662 365 707 ἕτερον
397 661 576 707 φέρεσθαι
606 651 674 704 τῆν
703 663 827 707 ψῆφον
855 660 923 695 τὸν
953 662 991 694 ἐκ
1019 662 1083 695 τοῦ
1109 660 1235 695 κύκλου
1305 659 1350 695 ad
1381 659 1490 694 alium
1524 659 1612 695 ferri
1645 658 1846 700 decretum,
1883 658 1943 702 qui
1978 668 2022 693 ex
2059 659 2192 694 circulo
2224 663 2382 702 vocatur,

155 703 384 750 καλούμενον,
414 705 505 751 μετὰ
534 708 611 741 τῶν
642 707 855 753 ἔμπροσθεν
877 707 1075 752 εἰρημένων
1104 704 1235 752 ὅρκων,
1306 716 1386 740 cum
1409 705 1541 740 dudum
1564 704 1661 741 dicto
1690 703 1935 747 iureiurando,
1967 707 2003 738 et
2033 703 2213 748 suscipere
2246 705 2384 748 quidem

141 754 213 785 ·καὶ
235 751 387 793 ἔχεσθαι
409 753 476 796 μὲν
500 749 609 786 εὐθὺς
631 754 693 795 τῆς
715 748 918 799 φροντίδος.
952 749 1019 793 τὴν
1049 749 1088 784 δὲ
1111 752 1235 797 ψῆφον
1304 761 1387 786 mox
1416 760 1556 794 curam,
1593 749 1773 785 decretum
1807 759 1891 784 vero
1926 749 2083 784 nuntiari
2112 754 2148 784 et
2184 750 2385 784 confirmari

152 796 360 840 μηνὺεσθαι
382 799 442 830 καὶ
466 797 667 844 κυροῦσθαι
690 795 788 844 παρὰ
806 797 866 838 τῆς
883 795 946 839 σῆς
966 793 1152 840 ὑπεροχῆς·
1175 799 1234 829 καὶ
1304 806 1326 830 a
1362 799 1423 831 tuo
1460 795 1627 840 culmine;
1673 798 1711 830 et
1746 804 1971 839 nequaquam
2007 794 2254 830 defensoribus
2289 795 2383 830 vices

153 839 334 885 μηδέποτε
356 845 430 876 τοῖς
453 840 601 876 ἐκδίκως
623 842 873 888 τοποτηρητὴν
892 844 970 884 μέν,
995 840 1166 888 καθάπερ
1189 842 1233 874 εἰ·
1254 843 1287 874 15
1304 844 1465 884 agentes,
1498 841 1594 876 sicut
1622 840 1882 885 praediximus,
1913 840 2009 882 dari,
2041 850 2086 875 ne
2115 850 2240 875 rursus
2273 840 2383 885 priori

157 883 287 921 πάντες
309 887 488 933 ἔφθημεν,
514 885 697 929 δίδοσθαι,
722 888 781 921 ἴνα
800 885 849 930 μὴ
866 884 977 921 πάλιν
1000 887 1044 934 τῇ
1067 883 1234 932 πρόσθεν
1305 886 1505 922 confusioni
1527 886 1649 921 demus
1674 885 1778 931 quasi
1800 886 2047 922 rationabilem
2071 886 2305 921 occasionem.

154 930 287 975 ἀταξίᾳ
310 930 433 977 δῶμεν
457 931 573 976 δῆθεν
596 931 743 979 εὔλογον
763 929 936 979 ἀφορμήν.

153 978 176 1012 2
224 977 434 1024 Προςτάξεις
457 976 497 1012 δὲ
520 976 739 1021 ποιησάσθω
758 973 780 1021 ἡ
796 976 841 1020 σὴ
861 974 1016 1023 ὑπεροχὴ
1039 973 1132 1010 καθ’
1155 973 1232 1010 ἑκά·
1302 975 1326 1011 2
1373 975 1572 1021 Praecepta
1602 986 1684 1011 vero
1716 976 1827 1012 faciat
1850 979 1914 1011 tua
1943 975 2134 1011 eminentia
2162 986 2228 1020 per
2259 985 2382 1010 unam-

153 1034 245 1066 στην
269 1024 455 1070 ἐπαρχίαν,
486 1019 575 1057 dim
607 1024 647 1056 ἐν
675 1025 753 1056 ταῖς
783 1020 933 1058 πόλεσιν
962 1021 1091 1067 οἴκημά
1113 1035 1150 1056 τι
1174 1019 1232 1065 δη·
1303 1031 1478 1066 quamque
1495 1021 1725 1065 provinciam,
1752 1024 1792 1057 ut
1807 1022 1845 1057 in
1865 1021 2067 1057 civitatibus
2082 1021 2256 1056 habitatio
2274 1032 2382 1065 quae-

153 1067 283 1112 μὸσιον
312 1066 578 1114 ἀφορισθῆναι,
609 1062 700 1101 καθ’
726 1064 747 1102 ὃ
773 1064 950 1112 προςῆκόν
973 1069 1050 1102 ἐστι
1074 1066 1156 1101 τοὺς
1180 1069 1232 1101 ἐκ-
1246 1068 1288 1101 20
1301 1066 1382 1100 dam
1405 1066 1550 1110 publica
1574 1066 1818 1111 distribuatur,
1851 1067 1889 1102 in
1913 1077 1983 1112 qua
2007 1067 2220 1103 conveniens
2245 1069 2301 1102 est
2321 1067 2382 1101 de-

153 1111 271 1147 δίκους
299 1112 346 1147 τοὶ
368 1111 608 1158 ὑπομνήματα
638 1110 908 1154 ἀποτίθεσθαι,
940 1111 1233 1159 προβαλλομένου
1302 1112 1462 1146 fensores
1486 1116 1713 1147 monumenta
1737 1113 1950 1154 recondere,
1984 1111 2142 1156 eligendo
2170 1112 2323 1157 quodam
2346 1112 2384 1146 in

153 1157 250 1193 τινὸς
272 1157 362 1192 κατὰ
384 1156 518 1205 χώραν,
541 1154 579 1192 ὃς
600 1156 668 1202 τὴν
686 1156 829 1192 τούτων
850 1157 920 1198 ἕξει
941 1156 1117 1203 φυλακήν·
1144 1156 1232 1192 ὥςτε
1300 1156 1483 1201 provincia
1507 1157 1566 1201 qui
1589 1157 1719 1192 horum
1742 1157 1872 1192 habeat
1892 1158 2104 1193 custodiam:
2127 1162 2302 1202 quatenus
2326 1157 2381 1192 in-

153 1201 363 1250 άδιάφθυρα
383 1206 507 1248 μένειν
529 1200 621 1237 αὐτὰ
640 1207 700 1237 καὶ
716 1205 860 1238 θᾶττον
879 1200 1112 1251 εὑρίσκεσθαι
1133 1203 1231 1249 παρὰ
1301 1205 1471 1247 corrupta
1494 1206 1662 1237 maneant
1682 1202 1771 1237 haec
1793 1206 1828 1237 et
1841 1203 2010 1239 velociter
2029 1203 2256 1242 inveniantur
2279 1214 2302 1238 a
2325 1213 2382 1238 re-

152 1249 230 1291 τῶν
252 1248 533 1292 ἐπιζητούντων,
550 1252 621 1283 καὶ
645 1249 740 1283 εἶναι’
761 1262 798 1283 τι
821 1247 909 1295 παρ’
937 1247 1055 1283 αὐτοῖς
1078 1248 1230 1295 ἀρχεῖον,
1300 1248 1533 1292 quirentibus‚
1560 1250 1596 1282 et
1619 1248 1666 1282 sit
1689 1248 1786 1292 apud
1810 1258 1872 1283 eos
1896 1248 2089 1291 archivum,
2119 1252 2155 1283 et
2178 1249 2273 1293 quod
2296 1249 2381 1283 hac-

152 1292 276 1371 ›gthrb
296 1296 398 1338 μέχρι
419 1294 487 1328 νῦν
510 1293 726 1342 ἁμαρτηθὲν
744 1296 785 1328 ἐν
802 1297 880 1328 ταῖς
904 1293 1055 1329 πόλεσιν
1079 1296 1230 1340 ἐπανορ-
1244 1295 1286 1328 25
1298 1298 1404 1328 tenus
1428 1292 1720 1339 praetermissum
1743 1295 1800 1329 est
1822 1293 1859 1328 in
1884 1294 2086 1330 civitatibus
2111 1294 2327 1329 emendetur.

186 1351 258 1372 Ουν.

1115 1395 1272 1432 CAPUT
1297 1395 1358 1431 VI.

189 1461 268 1499 Ὅτι
292 1461 332 1497 δὲ
354 1466 414 1497 καὶ
443 1463 480 1498 οἱ
508 1461 642 1498 ἔκδικοι
665 1465 743 1498 τῶν
767 1463 910 1500 πόλεων
941 1468 1124 1500 παντοίως
1154 1463 1230 1510 ἅμι-
1345 1463 1436 1507 Quia
1459 1474 1543 1499 vero
1566 1463 1673 1499 etiam
1697 1464 1902 1500 defensores
1934 1463 2116 1499 civitatum
2147 1467 2249 1499 extra
2278 1475 2382 1499 omne

151 1509 240 1543 σθοι
254 1508 481 1555 γενήσονται,
501 1511 561 1543 καὶ
582 1506 673 1556 ὗπέρ
692 1510 770 1544 τῶν
788 1509 1074 1557 προςταγμάτων
1097 1507 1230 1552 αὐτῶν,
1301 1509 1523 1545 commodum
1548 1509 1650 1553 fient,
1685 1514 1721 1544 et
1743 1520 1808 1555 pro
1833 1509 1984 1545 decretis
2017 1519 2154 1552 eorum,
2189 1509 2219 1544 si
2243 1509 2382 1554 quidem

151 1555 182 1588 εἰ
204 1556 272 1599 μὲν
295 1554 335 1588 αἱ
363 1553 483 1589 πόλεις
506 1556 644 1599 μείζους
673 1554 754 1596 εἷεν,
785 1559 954 1602 τέσσαρες
984 1555 1091 1600 μόνοι
1119 1554 1230 1590 δοθ’-
1301 1554 1462 1593 civitates
1484 1554 1638 1590 maiores
1662 1554 1791 1602 (sunt),
1817 1559 1987 1600 quattuor
2003 1554 2223 1590 solummodo
2244 1555 2381 1589 dabun-

151 1611 278 1634 σονται
301 1602 425 1647 χρυσοῖ
445 1601 499 1643 τῷ
523 1597 742 1654 δικαστηρίῳ
765 1602 827 1644 τῆς
849 1602 910 1644 σῆς
931 1597 1112 1647 ὑπεροχῆς,
1137 1602 1169 1635 εἰ
1193 1570 1232 1635 δὲ
1246 1604 1287 1636 30
1299 1603 1359 1635 tur
1390 1600 1490 1635 aurei
1519 1600 1598 1636 foro
1631 1604 1715 1636 tuae
1739 1601 1998 1643 sublimitatis,
2036 1601 2066 1635 si
2098 1610 2180 1635 vero
2215 1600 2380 1641 minores,

151 1644 327 1687 ἐλάττους,
348 1648 451 1690 τρεῖς,
473 1642 539 1689 ἥδη
559 1648 633 1679 τοῖς
651 1649 831 1691 ημετε’ροις
847 1644 1081 1681 διατέτακται
1099 1645 1230 1691 νόμοις.
1299 1647 1392 1688 tres,
1423 1646 1518 1680 sicut
1540 1646 1611 1681 iam
1635 1646 1768 1681 dudum
1792 1645 1926 1682 nostris
1957 1646 2189 1681 constitutum
2215 1649 2269 1681 est
2297 1646 2382 1690 legi-

151 1692 182 1724 εἰ
205 1689 248 1725 δέ
266 1701 368 1725 τινας
391 1688 543 1733 σιτήσεις
565 1693 684 1733 ἔχουσι
708 1689 894 1736 δημοσίας,
924 1695 984 1726 καὶ
1008 1689 1117 1726 αὐτὰς
1140 1691 1232 1727 κατὰ
1300 1691 1380 1726 bus.
1428 1691 1467 1726 Si
1485 1700 1568 1726 vero
1590 1691 1763 1736 quaedam
1786 1691 1917 1726 salaria
1936 1691 2070 1726 habent
2092 1691 2249 1736 publica,
2274 1690 2381 1726 etiam

151 1734 193 1770 τὸ
217 1734 374 1779 σύνηθες
397 1734 586 1781 λήψονται.
1299 1736 1390 1771 haec
1415 1737 1611 1772 secundum
1636 1736 1929 1773 consuetudinem
1951 1737 2162 1782 percipient.

151 1783 169 1816 1
213 1776 472 1828 Ἀκροάσονταί
492 1794 532 1829 γε
554 1780 626 1826 μὴν
649 1783 810 1817 καὶτῶν
836 1781 1089 1830 ἐλαφροτέρων
1113 1781 1231 1829 ἐγκλη-
1299 1783 1320 1817 1
1366 1781 1522 1816 Audient
1557 1793 1697 1827 quoque
1732 1783 1863 1818 leviora
1900 1782 2048 1817 crimina
2086 1784 2122 1817 et
2157 1782 2382 1826 castigationi

150 1825 289 1870 μάτων,
331 1829 391 1864 καὶ
425 1827 671 1873 σωφρονισμῷ
707 1827 815 1873 προς’
839 1841 919 1863 οντι
955 1841 1007 1863 πα
1032 1826 1231 1863 αδώσουσι·
1245 1831 1286 1862 35
1301 1827 1516 1871 competenti
1540 1827 1694 1871 tradent,
1719 1832 1755 1863 et
1779 1838 1850 1872 eos,
1875 1828 1935 1873 qui
1957 1827 2150 1863 maioribus
2175 1827 2380 1863 criminibus

151 1874 211 1906 καὶ
239 1870 321 1906 τοὺς
352 1873 411 1906 ἐπὶ
442 1875 515 1906 τοῖς
543 1874 716 1917 μείζοσιν
736 1842 953 1921 ἐγκῖῆμασιν
984 1869 1006 1907 ἁ
1029 1876 1232 1918 ισκομένους
1302 1872 1503 1918 capiuntur,
1529 1872 1718 1908 detrudent
1740 1873 1777 1908 in
1803 1883 1982 1908 carcerem
2006 1876 2042 1908 et
2064 1872 2204 1908 mittent
2227 1872 2274 1908 ad
2295 1883 2379 1918 pro-

152 1914 388 1963 φρουρὴσουσι
411 1921 471 1951 καὶ
493 1914 746 1974 ἀναπέμιξιουσι
769 1918 859 1966 πρὸς
881 1919 948 1954 τὸν
970 1920 1031 1972 τῆς
1062 1920 1233 1974 ἐπαρχίας
1299 1918 1437 1953 vinciae
1471 1916 1687 1963 praesidem:
1737 1918 1797 1954 Sic
1835 1918 1928 1953 enim
1964 1918 2096 1954 fruitur
2131 1918 2255 1954 civitas
2291 1928 2380 1953 una-

152 1960 357 2009 ἡγούμενον.
404 1959 501 1997 οὕτω
535 1962 603 2010 γὰρ
637 1962 834 1998 απολαύσει
872 1967 932 1998 καὶ
963 1963 1066 1999 πολις
1100 1965 1231 2008 ἑκάστη
1300 1973 1462 2008 quaeque
1495 1974 1582 1999 cura
1611 1964 1786 2007 iudiciali,
1826 1966 1862 1999 et
1891 1963 2005 1999 omnis
2039 1974 2125 2008 gens
2157 1964 2223 1999 sub
2254 1964 2382 2000 maiori

152 2005 339 2055 φροντίδος
365 2005 515 2054 ἀρχικῆς,
539 2012 599 2042 καὶ
628 2008 670 2043 τὸ
695 2007 844 2054 σύμπαν
867 2010 978 2044 ἔθνος
999 2006 1071 2045 ὑπὸ
1094 2011 1232 2054 μείζονι
1300 2009 1497 2044 constituta
1527 2009 1645 2045 iudice
1675 2010 1847 2045 maiorem
1879 2010 2007 2045 sentiet
2035 2008 2309 2054 providentiam
2345 2012 2381 2044 et

151 2055 370 2099 τεταγμένον
404 2053 550 2101 ἄρχοντι
611 2056 744 2096 είζονος
787 2052 1005 2098 αἰσθήσεται
1040 2059 1228 2101 προνοίας·
1244 2059 1286 2090 40
1300 2053 1504 2090 recidentur
1535 2054 1710 2099 plurimae
1739 2054 1897 2090 iudicum
1930 2064 2053 2098 curae,
2090 2065 2170 2089 cum
2200 2054 2380 2089 civitatum

151 2101 211 2131 καὶ
234 2095 498 2142 ὑποτεμοῦνται
521 2067 636 2133 πολαλὰ
661 2101 740 2134 τῶν
771 2097 929 2147 ἀρχικῶν
962 2098 1168 2146 φροντίδων
1198 2100 1235 2135 οἱ
1302 2099 1507 2135 defensores
1544 2100 1579 2135 in
1616 2100 1816 2145 semetipsis
1849 2110 1909 2135 eas
1945 2100 2133 2145 imponunt
2164 2104 2199 2134 et
2229 2099 2382 2144 levigant

153 2144 228 2177 τῶν
249 2141 394 2178 πόλεων
416 2142 560 2186 ἔκδικοι,
585 2145 632 2178 εἰς
655 2144 799 2180 ἑαυτοὺς
823 2146 938 2180 ταῦτα
960 2146 1229 2189 μετατιθέντες,
1298 2144 1512 2189 praesidum,
1542 2155 1631 2189 quas
1655 2156 1721 2191 pro
1746 2145 1911 2181 omnibus
1934 2145 2085 2187 habent,
2113 2145 2378 2191 sollicitudines,

150 2191 210 2222 καὶ
241 2190 510 2235 ἐπικουφίσουσι
528 2193 613 2244 ςτοῖς
642 2189 787 2244 (ἷρχουσι
810 2190 872 2224 τὰς
904 2188 994 2238 ὑπὲρ
1023 2191 1101 2225 τῶν
1133 2187 1231 2225 ὅλων
1299 2190 1368 2234 ipsi
1391 2190 1657 2234 particulariter
1679 2193 1900 2226 removentes
1925 2200 1978 2232 ea,
2009 2200 2098 2235 quae
2121 2190 2190 2225 vim
2214 2190 2379 2235 patienti-

150 2237 338 2280 μερίμνας,
369 2232 473 2269 αὐτοὶ
495 2248 542 2269 τα
565 2249 657 2269 κατα
679 2236 782 2282 μέρος
805 2234 982 2270 παύοντες
1003 2238 1063 2269 καὶ
1087 2235 1133 2269 τὰ
1154 2237 1232 2270 τῶν

151 2323 283 2358 iuriam
305 2323 344 2357 in
365 2328 471 2358 erant
494 2322 747 2367 defensoribus
770 2323 973 2374 officiales,
1006 2327 1090 2358 tunc
1116 2325 1392 2369 provinciarum
1417 2324 1610 2370 praesides
1641 2325 1784 2359 auxilio
1815 2325 1890 2360 sint
1918 2327 1955 2360 et
1984 2325 2162 2371 castiqent
2190 2325 2377 2370 officiales.

155 2367 247 2402 Nam
273 2367 308 2402 si
363 2377 406 2401 oc
437 2367 666 2412 neqleoeeiint
688 2367 881 2413 praesides
913 2368 1203 2414 provinciarum,
1241 2368 1381 2403 veniam
1416 2368 1545 2403 damus
1575 2368 1830 2414 defensoribus
1863 2369 1941 2405 sedi
1969 2373 2052 2405 tuae
2083 2369 2313 2405 sublimitatis
2340 2371 2381 2405 id

153 2411 410 2453 denuntiandi,
445 2416 485 2446 ur
507 2411 591 2446 inde
612 2411 687 2446 illis
710 2412 890 2447 auxilium
913 2416 950 2447 et
971 2411 1129 2448 vindicta
1154 2413 1366 2448 conveniens
1384 2416 1606 2459 praestetur,
1641 2424 1685 2448 ac
1716 2425 1757 2448 re
1779 2425 1865 2450 vera
1889 2414 2101 2459 defensores
2123 2415 2196 2461 ipsi
2218 2415 2292 2450 sint
2314 2415 2378 2450 ad-

155 2459 172 2491 l
218 2467 343 2492 versus
365 2455 460 2491 delin
487 2460 628 2498 uentes,
657 2457 936 2502 maqistratuum
959 2458 1175 2503 qravitatem
1197 2458 1388 2493 imitantes.
1481 2457 1620 2501 Quodsi
1650 2457 1801 2504 deficere
1825 2459 2020 2505 contiqerit
2042 2458 2271 2504 defensorem
2295 2460 2378 2496 civi-

155 2502 257 2543 tatis,
283 2501 406 2537 statim
429 2512 452 2536 a
502 2501 656 2536 alterum
677 2502 828 2547 feratur
850 2502 1042 2545 decretum,
1070 2504 1134 2554 qui
1156 2513 1206 2538 ecc
1229 2503 1356 2538 ordine
1378 2507 1536 2545 vocetur,
1561 2514 1639 2538 cum
1661 2503 1898 2539 iureiurando
1921 2515 2036 2551 supra
2060 2504 2170 2546 dicto,
2198 2509 2234 2540 et
2255 2505 2377 2540 statim

178 2545 295 2582 uidem
314 2557 444 2581 munus
464 2551 642 2593 capessat,
663 2547 844 2582 decretum
865 2558 949 2583 vero
973 2551 1159 2582 nuntietur
1182 2551 1217 2582 et
1240 2548 1475 2592 confirmetur
1491 2559 1514 2583 a
1533 2554 1595 2583 tua
1615 2548 1850 2584 sublimitate:
1877 2561 1963 2585 neve
1984 2560 2153 2595 umquam
2174 2549 2376 2595 defensori-

175 2602 218 2626 us
240 2591 408 2633 vicarius,
427 2591 536 2627 sicuti
559 2596 666 2627 antea
690 2591 861 2634 diximus,
884 2592 1002 2635 detur,
1023 2604 1068 2628 ne
1086 2603 1217 2627 rursus
1232 2593 1358 2639 priori
1373 2593 1647 2639 perturbationi
1664 2594 1865 2640 speciosam
1885 2605 1974 2629 sane
1992 2594 2116 2629 demus
2139 2595 2375 2631 occasionem.

150 2636 175 2671 2
221 2635 425 2683 Praecepta
444 2641 563 2672 autem
586 2636 648 2672 det
668 2637 870 2672 sublimitas
895 2642 957 2672 tua
974 2649 1048 2684 per
1070 2638 1235 2684 sinqulas
1250 2638 1478 2683 provincias,
1506 2642 1546 2674 ut
1567 2639 1606 2673 in
1630 2639 1835 2674 civitatibus
1859 2639 2061 2685 aedificium
2086 2639 2237 2686 aliquod
2253 2640 2373 2687 publi-

152 2692 231 2716 cum
254 2680 465 2724 destinetur,
496 2681 558 2717 ubi
584 2683 774 2718 conveniat
804 2682 1017 2729 defensores
1040 2687 1124 2718 acta
1147 2682 1345 2718 recondere
1352 2696 1367 2725 ;
1398 2687 1435 2718 et
1456 2683 1665 2729 desiqnetur
1688 2684 1823 2730 aliquis
1851 2696 1900 2721 ex
1920 2685 2134 2731 provincia,
2166 2686 2230 2731 qui
2251 2697 2375 2721 eorum

152 2726 353 2762 custodiam
378 2726 529 2762 habeat:
559 2730 601 2762 ut
622 2727 839 2773 incorrupta
859 2740 901 2763 ea
921 2733 1091 2764 maneant
1115 2728 1348 2774 celeriterque
1370 2729 1604 2780 reperiantur
1628 2729 1672 2764 ab
1694 2730 1739 2764 iis
1763 2730 1826 2775 qui
1846 2741 1889 2765 ea
1909 2730 2116 2776 requirunt,
2145 2735 2181 2766 et
2201 2730 2251 2766 sit
2277 2731 2378 2777 apud

155 2782 217 2807 eos
236 2771 389 2853 aliquod
411 2771 585 2815 archium,
610 2776 719 2818 atque
742 2772 843 2818 quod
864 2784 978 2819 usque
1001 2773 1092 2809 adeo
1115 2777 1302 2820 peccatum
1326 2777 1380 2808 est
1405 2785 1444 2808 tn
1465 2773 1670 2809 civitatibus
1689 2774 1904 2811 emendetur.
2147 2799 2150 2801 —

318 2816 346 2851 1.
391 2817 551 2853 Ceterum
574 2817 787 2863 defensores
806 2829 951 2864 quoque
965 2819 1149 2853 civitatum
1168 2818 1269 2853 nullo
1288 2819 1434 2854 omnino
1448 2819 1574 2865 pretio
1592 2819 1844 2863 instituendos,
1864 2825 1900 2856 et
1912 2831 1989 2867 pro
2006 2820 2159 2856 decretis
2182 2832 2318 2864 eorum,
2344 2821 2376 2856 si

151 2861 293 2909 quidem
317 2862 423 2897 urbes
441 2863 597 2898 maiores
615 2863 700 2905 sint,
724 2868 898 2909 quattuor
917 2874 1050 2898 aureos
1069 2864 1180 2905 solos,
1201 2863 1258 2898 sin
1278 2863 1447 2905 minores,
1473 2868 1545 2899 tres
1568 2875 1700 2899 aureos
1722 2865 1857 2901 iudicio
1880 2870 1962 2902 tuae
1980 2865 2212 2901 sublimitatis
2234 2866 2376 2902 dandos

150 2918 228 2943 esse
249 2908 322 2942 iam
342 2907 480 2942 nostris
502 2907 641 2959 leqibus
663 2908 897 2943 constitutum
913 2912 975 2944 est.
1012 2907 1150 2951 Quodsi
1169 2919 1260 2955 quas
1284 2919 1451 2943 annonas
1467 2909 1639 2955 publicas
1664 2909 1808 2952 habent,
1832 2922 1894 2946 eas
1914 2922 2059 2957 quoque
2074 2910 2270 2946 secundum
2291 2922 2375 2947 con—

151 2954 169 2987 1
216 2951 440 2987 suetudinem
469 2954 659 2999 accipient.
759 2954 807 2988 At
835 2957 1056 2999 coqnoscent
1083 2954 1192 2989 etiam
1222 2953 1266 2989 de
1296 2953 1490 2989 levioribus
1512 2954 1720 2990 criminibus
1747 2966 1861 3002 eaque
1891 2957 1983 2992 casti
2009 2956 2126 2991 ationi
2154 2957 2376 2992 convenienti

153 2996 296 3033 tradent
304 3010 319 3039 ;
354 3001 390 3032 et
420 2997 459 3031 in
490 2997 689 3033 maioribus
720 2998 929 3033 criminibus
959 2998 1201 3045 deprehensos
1230 2998 1433 3034 custodient
1463 3002 1501 3034 et
1530 2999 1579 3035 ad
1600 3000 1815 3051 provinciae
1837 3002 1966 3047 praesi
1992 3012 2046 3037 em
2077 3001 2268 3037 remittent.
2315 3000 2375 3036 Ita

151 3042 243 3077 enim
266 3046 302 3077 et
332 3041 419 3077 urbs
446 3053 686 3089 unaquaeque
715 3044 864 3088 fruetur
888 3054 978 3078 cura
1009 3044 1246 3089 maqistratus
1270 3048 1307 3079 et
1339 3047 1416 3079 tota
1441 3044 1635 3090 provincia
1666 3044 1731 3079 sub
1763 3046 1902 3082 maiore
1930 3046 2148 3093 maqistratu
2179 3047 2376 3082 constituta

151 3087 323 3121 maiorem
352 3087 564 3133 experietur
589 3088 880 3137 providentiam<
915 3099 959 3123 ac
992 3088 1107 3124 multa
1136 3089 1180 3124 de
1210 3089 1488 3135 maqistratuum
1517 3089 1672 3141 neqotiis
1698 3090 1916 3135 praecident
1949 3092 2133 3127 civitatum
2164 3090 2376 3143 defensores

152 3142 230 3166 cum
249 3142 291 3166 ea
310 3131 348 3165 in
364 3142 404 3166 se
424 3133 663 3177 transferant,
687 3137 723 3168 et
745 3132 980 3168 sublevabunt
999 3133 1274 3179 maqistratibus
1292 3144 1401 3168 curas
1424 3144 1516 3184 quas
1533 3133 1568 3168 lit
1591 3145 1662 3180 pro
1679 3134 1857 3170 universis
1877 3135 2019 3178 liabent,
2045 3146 2124 3171 cum
2142 3136 2211 3182 ipst
2230 3136 2374 3181 sinqula

196 3226 215 3257 4
241 3221 484 3268 ῥαθυμήσειεν
502 3224 532 3255 L
549 3222 561 3268 11
583 3226 622 3257 12
646 3224 831 3269 εἰρημένον
854 3220 962 3270 ὅρκον
982 3225 1014 3258 L
1031 3223 1044 3269 11
1066 3227 1103 3258 15
1124 3221 1228 3268 μὴδε-
1296 3226 1332 3259 R
1355 3224 1359 3264 Ι
1393 3225 1512 3257 deferri
1536 3227 1623 3268 vulq.
1650 3224 1663 3269 11
1689 3227 1728 3260 12
1753 3226 1890 3267 dudum]
1911 3227 1989 3259 dum
2014 3227 2062 3259 R¹
2085 3226 2097 3271 11
2124 3227 2268 3269 quidem]
2294 3229 2375 3270 quid

152 3265 343 3303 πώποτεΕ
361 3267 372 3310 ΙΙ
395 3270 434 3302 16
458 3266 526 3310 τὴν
549 3266 716 3314 πρόσθεν
730 3266 927 3308 άταξίανΙῖ
944 3269 956 3313 11
978 3272 1018 3304 18
1042 3267 1228 3321 ποιησάτω
1306 3271 1341 3303 V
1370 3270 1376 3314 1
1406 3272 1445 3303 16
1480 3271 1586 3311 quasi]
1618 3269 1660 3303 al.
1687 3273 1734 3303 est
1761 3271 1943 3313 quamlibet
1966 3273 2131 3311 Acte-ursii
2148 3274 2207 3316 =ql.)
2229 3274 2263 3306 V
2278 3286 2338 3316 my.
2362 3273 2374 3318 11

156 3315 220 3347 LB
236 3313 248 3358 11
268 3316 305 3347 31
334 3311 412 3356 ἤδη]
435 3315 496 3346 καὶ
520 3310 585 3356 ἤδη
607 3314 676 3347 LB
701 3315 787 3347 sicut
805 3315 871 3346 iam
894 3314 1019 3347 dudum
1043 3327 1063 3351 ς
1081 3314 1093 3357 11
1109 3316 1228 3358 ημετέ-
1299 3317 1341 3349 21
1363 3315 1512 3347 recedere
1535 3315 1585 3348 R*
1609 3314 1621 3357 11
1644 3316 1687 3349 22
1711 3316 1832 3349 habeat
1851 3317 1887 3348 in
1912 3317 2092 3349 custodiam
2117 3317 2167 3350 R¹
2191 3319 2373 3351 custodiam

152 3369 229 3404 ραις
253 3359 284 3392 L
312 3358 325 3402 11
354 3357 487 3402 νόμοις]
513 3359 596 3392 Νου.
619 3359 711 3392 VIII
727 3372 762 3403 p.
790 3361 843 3401 88,
868 3366 903 3393 27
932 3358 944 3403 11
974 3362 1015 3394 32
1042 3357 1229 3404 δημοσίους
1299 3360 1416 3392 habeat
1436 3359 1490 3403 Vll
1509 3361 1550 3393 23
1564 3360 1758 3394 inueniatur
1771 3361 1862 3395 RV¹
1879 3360 1892 3406 11
1911 3363 1952 3395 27
1974 3362 2085 3403 etiam]
2107 3364 2139 3394 et
2159 3362 2216 3404 Vll
2232 3365 2275 3397 29
2295 3367 2374 3396 sunt

152 3405 188 3438 B
210 3405 223 3447 11
248 3406 288 3438 37
314 3402 566 3449 ἀναπέμπουσι
586 3404 622 3437 Β
639 3402 651 3447 11
667 3404 728 3446 τῆς
751 3417 808 3437 om.
835 3404 866 3436 L
889 3403 901 3447 11
925 3406 965 3438 41
992 3400 1227 3458 ὖπὲρτεμοῢν-
1300 3407 1376 3438 add.
1398 3406 1482 3447 vulq.
1502 3403 1569 3449 1131
1597 3405 1682 3438 sicut
1705 3419 1763 3440 om.
1781 3407 1894 3450 υιι19.11
1915 3408 1955 3439 32
1981 3407 2122 3448 quadam
2134 3407 2182 3440 R¹
2202 3407 2214 3450 ΙΙ
2230 3408 2374 3442 habeant

151 3453 212 3482 ται
225 3450 256 3482 L
272 3448 284 3493 11
302 3451 346 3484 42
368 3446 495 3482 αὐτοὺς
508 3450 553 3482 Μ
563 3448 575 3493 11
592 3450 634 3482 43
656 3449 923 3493 ἐπίκουφίζουσι
937 3449 972 3482 Β
987 3449 1000 3494 11
1016 3451 1096 3483 τῶν
1118 3446 1228 3491 όλων]
1298 3450 1331 3482 R
1346 3450 1358 3493 11
1377 3452 1410 3482 et
1430 3449 1483 3494 Vll
1503 3452 1545 3483 33
1569 3451 1746 3483 secundum
1771 3452 1851 3484 haec
1870 3452 1922 3483 Ra
1938 3450 1951 3494 11
1969 3453 2010 3484 34
2030 3452 2169 3485 audiant
2180 3453 2229 3486 Β)
2247 3453 2260 3497 11
2275 3456 2373 3487 casti-

153 3491 270 3540 λόγων
293 3495 325 3528 L
1297 3495 1431 3537 gatione
1452 3495 1557 3528 RVT
1575 3494 1588 3539 11
1613 3497 1655 3530 35
1679 3496 1812 3528 tradent
1835 3497 1877 3536 R]
1904 3496 2062 3529 *arderet
2082 3498 2130 3531 V¹
2154 3499 2300 3532 traderet
2324 3500 2373 3533 V2

148 3542 217 3584 53
241 3551 322 3583 haec
346 3551 530 3593 neglexerit
545 3550 598 3595 VH
617 3553 638 3584 4
661 3550 730 3583 sedi
752 3551 835 3591 ΒΤ]
859 3550 944 3583 sedis
966 3551 1000 3584 V
1017 3552 1101 3595 vuly.
1120 3543 1229 3596 [scr—rifi
1298 3540 1494 3591 ⁰⁰ntrade¹Jt
1511 3541 1596 3583 le-
1614 3540 1627 3584 11
1645 3543 1709 3593 809]
1734 3552 1769 3593 Οῗ
1779 3542 1831 3574 Ra
1849 3538 1861 3582 11
1878 3544 1919 3576 36
1945 3551 2073 3575 camere
2095 3541 2220 3587 Ι71941]
2239 3544 2274 3576 in
2288 3545 2337 3577 13¹
2361 3544 2373 3589 11

153 3596 265 3628 nentia
286 3596 336 3630 V²
357 3598 390 3630 in
409 3604 493 3639 spat.
513 3609 582 3629 vac.
600 3595 612 3639 11
631 3598 651 3630 6
677 3606 731 3628 eos
749 3597 798 3628 bis
811 3608 874 3628 scr.
887 3595 936 3628 R¹
954 3594 967 3640 11
982 3595 1134 3629 iuditiari
1146 3597 1195 3629 R¹
1218 3595 1230 3641 11
1297 3587 1339 3618 37
1364 3584 1529 3626 praeffldef‘
1548 3585 1600 3619 Va
1623 3586 1635 3627 11
1659 3588 1718 3627 ⁸1⁰]
1743 3597 1770 3618 51
1792 3586 1838 3618 R¹
1857 3587 1870 3629 11
1887 3586 2017 3619 fruetur
2039 3587 2125 3631 υῑῑῖθ·
2148 3589 2372 3634 [unaquaque

154 3642 172 3674 ‘1
209 3641 379 3674 honestam
400 3642 435 3675 V
461 3644 494 3674 et
526 3641 706 3673 honestatis
735 3641 820 3683 vuly.
868 3641 997 3674 Seclusi
1027 3640 1188 3674 claritatis
1219 3643 1229 3684 11
1299 3629 1397 3672 RVH
1413 3632 1454 3663 39
1476 3630 1640 3664 sentiatV‘
1656 3631 1795 3663 sentiet*
1813 3631 1861 3663 R¹
1880 3631 1951 3674 1140
1976 3632 2158 3666 ressidenter
2174 3634 2226 3666 Ra
2243 3634 2256 3678 11
2273 3637 2311 3668 41
2335 3635 2371 3666 5¹¹

155 3685 396 3719 inmitationem
411 3687 441 3719 R
460 3687 472 3730 u
492 3689 530 3720 10
550 3686 753 3728 contingerit
768 3685 797 3718 R
818 3686 960 3727 eontigit
977 3684 1035 3731 Vn
1055 3689 1088 3720 ιι
1113 3686 1227 3719 allium
1299 3675 1402 3708 θην-Β
1421 3674 1489 3717 1143
1513 3675 1752 3718 particu·***s
1769 3676 1814 3708 Β·
1832 3676 1844 3720 ΙΙ
1863 3678 2075 3768 τθῐηοῠεῦῐῑῐῗ
2079 3678 2189 3766 51ῐ“Τ’
2205 3678 2216 3724 ΙΙ
2236 3690 2305 3712 eam
2325 3680 2372 3712 Β*

225 3740 274 3767 111.
