<?xml version="1.0" encoding="UTF-8"?>
<!DOCTYPE html PUBLIC "-//W3C//DTD XHTML 1.0 Transitional//EN"
    "http://www.w3.org/TR/xhtml1/DTD/xhtml1-transitional.dtd">
<html xmlns="http://www.w3.org/1999/xhtml" xml:lang="en" lang="en">
 <head>
  <title>
</title>
<meta http-equiv="Content-Type" content="text/html;charset=utf-8" />
  <meta name='ocr-system' content='tesseract 3.04.00' />
  <meta name='ocr-capabilities' content='ocr_page ocr_carea ocr_par ocr_line ocrx_word'/>
</head>
<body>
  <div class='ocr_page' id='page_1' title='image "./corpusiuriscivil03krueuoft_0548.png"; bbox 0 0 2586 3990; ppageno 0'>
   <div class='ocr_carea' id='block_1_1' title="bbox 262 105 2474 168">
    <p class='ocr_par' dir='ltr' id='par_1_1' title="bbox 262 105 2474 168">
     <span class='ocr_line' id='line_1_1' title="bbox 262 105 2474 168; baseline -0.003 -11"><span class='ocrx_word' id='word_1_1' title='bbox 262 115 369 158; x_wconf 88' lang='lat' dir='ltr'><strong>Nov.</strong></span> <span class='ocrx_word' id='word_1_2' title='bbox 391 113 488 156; x_wconf 86' lang='lat' dir='ltr'><strong>CIX</strong></span> <span class='ocrx_word' id='word_1_3' title='bbox 518 126 580 168; x_wconf 86' lang='lat' dir='ltr'><strong>pr.</strong></span> <span class='ocrx_word' id='word_1_4' title='bbox 612 115 632 154; x_wconf 91' lang='lat'>1</span> <span class='ocrx_word' id='word_1_5' title='bbox 1328 105 1409 153; x_wconf 87' lang='grc'><strong>518</strong></span> <span class='ocrx_word' id='word_1_6' title='bbox 1667 121 1727 153; x_wconf 76' lang='lat' dir='ltr'><strong>nn</strong></span> <span class='ocrx_word' id='word_1_7' title='bbox 1754 121 2022 153; x_wconf 75' lang='lat' dir='ltr'><strong>vamnens</strong></span> <span class='ocrx_word' id='word_1_8' title='bbox 2050 119 2181 152; x_wconf 68' lang='lat' dir='ltr'><strong>no&#39;ms</strong></span> <span class='ocrx_word' id='word_1_9' title='bbox 2209 118 2474 150; x_wconf 74' lang='lat' dir='ltr'>HAERETIOIS</span> 
     </span>
    </p>
   </div>
   <div class='ocr_carea' id='block_1_2' title="bbox 254 216 2476 896">
    <p class='ocr_par' dir='ltr' id='par_1_2' title="bbox 254 216 2476 851">
     <span class='ocr_line' id='line_1_2' title="bbox 260 216 2474 265; baseline -0.002 -9"><span class='ocrx_word' id='word_1_10' title='bbox 260 226 474 265; x_wconf 81' lang='grc' dir='ltr'><strong><em>Μανιχαίων</em></strong></span> <span class='ocrx_word' id='word_1_11' title='bbox 504 224 564 254; x_wconf 80' lang='grc' dir='ltr'><strong>καὶ</strong></span> <span class='ocrx_word' id='word_1_12' title='bbox 592 218 842 263; x_wconf 85' lang='grc' dir='ltr'><strong><em>Ἀπολιναρίου</em></strong></span> <span class='ocrx_word' id='word_1_13' title='bbox 873 216 1187 263; x_wconf 77' lang='grc' dir='ltr'><strong><em>ἀνανεωσαμένων</em></strong></span> <span class='ocrx_word' id='word_1_14' title='bbox 1218 217 1333 254; x_wconf 80' lang='grc' dir='ltr'><strong><em>δυςσέ-</em></strong></span> <span class='ocrx_word' id='word_1_15' title='bbox 1400 217 1498 254; x_wconf 89' lang='lat' dir='ltr'><strong>naris</strong></span> <span class='ocrx_word' id='word_1_16' title='bbox 1521 218 1764 253; x_wconf 82' lang='lat' dir='ltr'><strong>renovantium</strong></span> <span class='ocrx_word' id='word_1_17' title='bbox 1786 219 2009 264; x_wconf 86' lang='lat' dir='ltr'><strong>inpietatem,</strong></span> <span class='ocrx_word' id='word_1_18' title='bbox 2033 223 2070 254; x_wconf 90' lang='lat' dir='ltr'><strong>et</strong></span> <span class='ocrx_word' id='word_1_19' title='bbox 2092 219 2137 254; x_wconf 91' lang='lat' dir='ltr'><strong>ad</strong></span> <span class='ocrx_word' id='word_1_20' title='bbox 2152 219 2241 253; x_wconf 86' lang='lat' dir='ltr'><strong>haec</strong></span> <span class='ocrx_word' id='word_1_21' title='bbox 2265 226 2386 253; x_wconf 87' lang='lat' dir='ltr'><strong>omnes</strong></span> <span class='ocrx_word' id='word_1_22' title='bbox 2411 216 2474 262; x_wconf 85' lang='lat' dir='ltr'><strong>qui</strong></span> 
     </span>
     <span class='ocr_line' id='line_1_3' title="bbox 257 262 2474 312; baseline -0.002 -12"><span class='ocrx_word' id='word_1_23' title='bbox 257 272 371 312; x_wconf 83' lang='grc' dir='ltr'><strong><em>βειαν,</em></strong></span> <span class='ocrx_word' id='word_1_24' title='bbox 402 269 463 300; x_wconf 83' lang='grc' dir='ltr'><strong>καὶ</strong></span> <span class='ocrx_word' id='word_1_25' title='bbox 486 263 576 310; x_wconf 86' lang='grc' dir='ltr'><strong><em>πρός</em></strong></span> <span class='ocrx_word' id='word_1_26' title='bbox 597 278 638 311; x_wconf 79' lang='grc' dir='ltr'><strong><em>γε</em></strong></span> <span class='ocrx_word' id='word_1_27' title='bbox 661 264 801 300; x_wconf 86' lang='grc' dir='ltr'><strong><em>πάντας</em></strong></span> <span class='ocrx_word' id='word_1_28' title='bbox 829 265 911 299; x_wconf 77' lang='grc' dir='ltr'><strong><em>τοὺς</em></strong></span> <span class='ocrx_word' id='word_1_29' title='bbox 938 265 988 309; x_wconf 92' lang='grc' dir='ltr'><strong>μὴ</strong></span> <span class='ocrx_word' id='word_1_30' title='bbox 1013 263 1121 298; x_wconf 84' lang='grc' dir='ltr'><strong><em>ὄντας</em></strong></span> <span class='ocrx_word' id='word_1_31' title='bbox 1149 263 1252 309; x_wconf 82' lang='grc' dir='ltr'><strong><em>μέλος</em></strong></span> <span class='ocrx_word' id='word_1_32' title='bbox 1273 265 1335 308; x_wconf 81' lang='grc' dir='ltr'><strong>τῆς</strong></span> <span class='ocrx_word' id='word_1_33' title='bbox 1402 273 1475 298; x_wconf 89' lang='lat' dir='ltr'><strong>non</strong></span> <span class='ocrx_word' id='word_1_34' title='bbox 1504 266 1588 296; x_wconf 89' lang='lat' dir='ltr'><strong>sunt</strong></span> <span class='ocrx_word' id='word_1_35' title='bbox 1618 262 1814 298; x_wconf 86' lang='lat' dir='ltr'><strong>membrum</strong></span> <span class='ocrx_word' id='word_1_36' title='bbox 1845 266 1990 299; x_wconf 80' lang='lat' dir='ltr'><strong>sanctae</strong></span> <span class='ocrx_word' id='word_1_37' title='bbox 2019 264 2075 299; x_wconf 86' lang='lat' dir='ltr'><strong>dei</strong></span> <span class='ocrx_word' id='word_1_38' title='bbox 2101 263 2298 299; x_wconf 81' lang='lat' dir='ltr'><strong>catholicae</strong></span> <span class='ocrx_word' id='word_1_39' title='bbox 2329 265 2365 296; x_wconf 84' lang='lat' dir='ltr'><strong>et</strong></span> <span class='ocrx_word' id='word_1_40' title='bbox 2386 271 2474 306; x_wconf 76' lang='lat' dir='ltr'><strong>apo-</strong></span> 
     </span>
     <span class='ocr_line' id='line_1_4' title="bbox 258 306 2474 358; baseline -0.001 -13"><span class='ocrx_word' id='word_1_41' title='bbox 258 311 360 358; x_wconf 79' lang='grc' dir='ltr'><strong><em>ἁγίας</em></strong></span> <span class='ocrx_word' id='word_1_42' title='bbox 382 312 446 344; x_wconf 80' lang='grc' dir='ltr'><strong>τοῦ</strong></span> <span class='ocrx_word' id='word_1_43' title='bbox 467 311 557 344; x_wconf 83' lang='grc' dir='ltr'><strong><em>θεοῦ</em></strong></span> <span class='ocrx_word' id='word_1_44' title='bbox 581 309 778 353; x_wconf 83' lang='grc' dir='ltr'><strong><em>καθολικῆς</em></strong></span> <span class='ocrx_word' id='word_1_45' title='bbox 800 313 859 344; x_wconf 78' lang='grc' dir='ltr'><strong>καὶ</strong></span> <span class='ocrx_word' id='word_1_46' title='bbox 880 307 1120 352; x_wconf 78' lang='grc' dir='ltr'><strong><em>ἀποστολικῆς</em></strong></span> <span class='ocrx_word' id='word_1_47' title='bbox 1143 308 1335 352; x_wconf 78' lang='grc' dir='ltr'><strong><em>ἐκκλησίας,</em></strong></span> <span class='ocrx_word' id='word_1_48' title='bbox 1404 306 1553 343; x_wconf 86' lang='lat' dir='ltr'><strong>stolicae</strong></span> <span class='ocrx_word' id='word_1_49' title='bbox 1575 306 1758 348; x_wconf 86' lang='lat' dir='ltr'><strong>ecclesiae,</strong></span> <span class='ocrx_word' id='word_1_50' title='bbox 1781 307 1820 342; x_wconf 90' lang='lat' dir='ltr'><strong>in</strong></span> <span class='ocrx_word' id='word_1_51' title='bbox 1840 317 1911 353; x_wconf 85' lang='lat' dir='ltr'><strong>qua</strong></span> <span class='ocrx_word' id='word_1_52' title='bbox 1932 318 2053 345; x_wconf 85' lang='lat' dir='ltr'><strong>omnes</strong></span> <span class='ocrx_word' id='word_1_53' title='bbox 2077 308 2300 345; x_wconf 87' lang='lat' dir='ltr'><strong>concorditer</strong></span> <span class='ocrx_word' id='word_1_54' title='bbox 2323 306 2474 355; x_wconf 74' lang='lat' dir='ltr'><strong>sanctis-</strong></span> 
     </span>
     <span class='ocr_line' id='line_1_5' title="bbox 258 349 2474 402; baseline -0.002 -12"><span class='ocrx_word' id='word_1_55' title='bbox 258 359 297 390; x_wconf 78' lang='grc' dir='ltr'><strong>ἑν</strong></span> <span class='ocrx_word' id='word_1_56' title='bbox 328 349 351 402; x_wconf 83' lang='grc' dir='ltr'><em>ᾗ</em></span> <span class='ocrx_word' id='word_1_57' title='bbox 381 356 513 390; x_wconf 79' lang='grc' dir='ltr'><strong><em>πάντες</em></strong></span> <span class='ocrx_word' id='word_1_58' title='bbox 540 352 739 400; x_wconf 75' lang='grc' dir='ltr'><em>ὁμοφώνως</em></span> <span class='ocrx_word' id='word_1_59' title='bbox 770 353 807 389; x_wconf 84' lang='grc' dir='ltr'><strong>οἱ</strong></span> <span class='ocrx_word' id='word_1_60' title='bbox 834 352 1032 402; x_wconf 76' lang='grc' dir='ltr'><strong><em>ἁγιώτατοι</em></strong></span> <span class='ocrx_word' id='word_1_61' title='bbox 1055 352 1172 396; x_wconf 84' lang='grc' dir='ltr'><strong><em>πάσης</em></strong></span> <span class='ocrx_word' id='word_1_62' title='bbox 1202 355 1264 397; x_wconf 83' lang='grc' dir='ltr'><strong>τῆς</strong></span> <span class='ocrx_word' id='word_1_63' title='bbox 1286 355 1333 388; x_wconf 81' lang='grc' dir='ltr'><strong>οἰ-</strong></span> <span class='ocrx_word' id='word_1_64' title='bbox 1403 351 1483 387; x_wconf 87' lang='lat' dir='ltr'><strong>simi</strong></span> <span class='ocrx_word' id='word_1_65' title='bbox 1512 351 1683 396; x_wconf 83' lang='lat' dir='ltr'><strong>[episcopi</strong></span> <span class='ocrx_word' id='word_1_66' title='bbox 1705 354 1753 394; x_wconf 89' lang='lat' dir='ltr'><strong>et]</strong></span> <span class='ocrx_word' id='word_1_67' title='bbox 1785 352 1896 387; x_wconf 85' lang='lat' dir='ltr'><strong>totius</strong></span> <span class='ocrx_word' id='word_1_68' title='bbox 1918 353 2014 389; x_wconf 82' lang='lat' dir='ltr'><strong>orbis</strong></span> <span class='ocrx_word' id='word_1_69' title='bbox 2037 357 2213 390; x_wconf 85' lang='lat' dir='ltr'><strong>terrarum</strong></span> <span class='ocrx_word' id='word_1_70' title='bbox 2238 351 2474 398; x_wconf 78' lang='lat' dir='ltr'>patriarchae,</span> 
     </span>
     <span class='ocr_line' id='line_1_6' title="bbox 257 395 2476 455; baseline -0.002 -20"><span class='ocrx_word' id='word_1_71' title='bbox 257 403 426 455; x_wconf 74' lang='grc' dir='ltr'><strong><em>κουμένης</em></strong></span> <span class='ocrx_word' id='word_1_72' title='bbox 453 399 689 446; x_wconf 77' lang='grc' dir='ltr'><em>πατριάρχαι,</em></span> <span class='ocrx_word' id='word_1_73' title='bbox 721 396 745 433; x_wconf 77' lang='grc' dir='ltr'><em>ὅ</em></span> <span class='ocrx_word' id='word_1_74' title='bbox 774 412 815 434; x_wconf 84' lang='grc' dir='ltr'><strong>τε</strong></span> <span class='ocrx_word' id='word_1_75' title='bbox 844 401 908 443; x_wconf 85' lang='grc' dir='ltr'><strong>τῆς</strong></span> <span class='ocrx_word' id='word_1_76' title='bbox 930 400 1096 444; x_wconf 79' lang='grc' dir='ltr'><strong><em>ἑσπερίας</em></strong></span> <span class='ocrx_word' id='word_1_77' title='bbox 1117 395 1250 444; x_wconf 79' lang='grc' dir='ltr'><strong><em>Ῥώμης</em></strong></span> <span class='ocrx_word' id='word_1_78' title='bbox 1275 402 1335 433; x_wconf 81' lang='grc' dir='ltr'><strong>καὶ</strong></span> <span class='ocrx_word' id='word_1_79' title='bbox 1371 402 1390 432; x_wconf 88' lang='lat'>5</span> <span class='ocrx_word' id='word_1_80' title='bbox 1404 400 1440 432; x_wconf 88' lang='lat' dir='ltr'><strong>et</strong></span> <span class='ocrx_word' id='word_1_81' title='bbox 1473 395 1547 431; x_wconf 84' lang='lat' dir='ltr'><strong>Hes</strong></span> <span class='ocrx_word' id='word_1_82' title='bbox 1574 397 1669 432; x_wconf 88' lang='lat' dir='ltr'><strong>eriae</strong></span> <span class='ocrx_word' id='word_1_83' title='bbox 1706 396 1841 432; x_wconf 89' lang='lat' dir='ltr'><strong>Romae</strong></span> <span class='ocrx_word' id='word_1_84' title='bbox 1878 399 1915 432; x_wconf 85' lang='lat' dir='ltr'><strong>et</strong></span> <span class='ocrx_word' id='word_1_85' title='bbox 1952 397 2058 434; x_wconf 85' lang='lat' dir='ltr'><strong>huius</strong></span> <span class='ocrx_word' id='word_1_86' title='bbox 2094 399 2210 444; x_wconf 81' lang='lat' dir='ltr'><strong>regiae</strong></span> <span class='ocrx_word' id='word_1_87' title='bbox 2248 396 2400 433; x_wconf 86' lang='lat' dir='ltr'><strong>civitatis</strong></span> <span class='ocrx_word' id='word_1_88' title='bbox 2440 399 2476 431; x_wconf 86' lang='lat' dir='ltr'><strong>et</strong></span> 
     </span>
     <span class='ocr_line' id='line_1_7' title="bbox 257 440 2476 490; baseline -0.002 -11"><span class='ocrx_word' id='word_1_89' title='bbox 257 457 388 487; x_wconf 84' lang='grc' dir='ltr'><strong><em>ταυτης</em></strong></span> <span class='ocrx_word' id='word_1_90' title='bbox 424 445 486 488; x_wconf 88' lang='grc' dir='ltr'><strong>τῆς</strong></span> <span class='ocrx_word' id='word_1_91' title='bbox 515 442 700 490; x_wconf 73' lang='grc' dir='ltr'><strong><em>βασιλίδος</em></strong></span> <span class='ocrx_word' id='word_1_92' title='bbox 732 443 870 479; x_wconf 85' lang='grc' dir='ltr'><strong><em>πόλεως</em></strong></span> <span class='ocrx_word' id='word_1_93' title='bbox 899 446 960 478; x_wconf 76' lang='grc' dir='ltr'><strong>καὶ</strong></span> <span class='ocrx_word' id='word_1_94' title='bbox 989 441 1253 489; x_wconf 70' lang='grc' dir='ltr'><strong>Ἀλεξανδρείας</strong></span> <span class='ocrx_word' id='word_1_95' title='bbox 1275 446 1335 477; x_wconf 87' lang='grc' dir='ltr'><strong>καὶ</strong></span> <span class='ocrx_word' id='word_1_96' title='bbox 1404 442 1541 476; x_wconf 84' lang='lat' dir='ltr'><strong>Alexan</strong></span> <span class='ocrx_word' id='word_1_97' title='bbox 1566 441 1641 477; x_wconf 88' lang='lat' dir='ltr'><strong>riae</strong></span> <span class='ocrx_word' id='word_1_98' title='bbox 1673 444 1708 476; x_wconf 88' lang='lat' dir='ltr'><strong>et</strong></span> <span class='ocrx_word' id='word_1_99' title='bbox 1739 440 1961 487; x_wconf 88' lang='lat' dir='ltr'><strong>Theopoleos</strong></span> <span class='ocrx_word' id='word_1_100' title='bbox 1996 445 2033 478; x_wconf 91' lang='lat' dir='ltr'><strong>et</strong></span> <span class='ocrx_word' id='word_1_101' title='bbox 2063 442 2403 488; x_wconf 79' lang='lat' dir='ltr'><strong>Hierosolymorum,</strong></span> <span class='ocrx_word' id='word_1_102' title='bbox 2439 445 2476 476; x_wconf 90' lang='lat' dir='ltr'><strong>et</strong></span> 
     </span>
     <span class='ocr_line' id='line_1_8' title="bbox 259 484 2476 534; baseline -0.002 -10"><span class='ocrx_word' id='word_1_103' title='bbox 259 488 487 524; x_wconf 85' lang='grc' dir='ltr'><strong><em>Θεουπόλεως</em></strong></span> <span class='ocrx_word' id='word_1_104' title='bbox 509 493 568 523; x_wconf 82' lang='grc' dir='ltr'><strong>καὶ</strong></span> <span class='ocrx_word' id='word_1_105' title='bbox 591 486 857 534; x_wconf 81' lang='grc' dir='ltr'><strong><em>Ἱεροσολύμων,</em></strong></span> <span class='ocrx_word' id='word_1_106' title='bbox 881 492 941 522; x_wconf 73' lang='grc' dir='ltr'><strong>καὶ</strong></span> <span class='ocrx_word' id='word_1_107' title='bbox 963 486 1097 523; x_wconf 86' lang='grc' dir='ltr'><strong><em>πάντες</em></strong></span> <span class='ocrx_word' id='word_1_108' title='bbox 1119 488 1155 523; x_wconf 84' lang='grc' dir='ltr'><strong>οἱ</strong></span> <span class='ocrx_word' id='word_1_109' title='bbox 1179 484 1246 524; x_wconf 78' lang='grc' dir='ltr'><strong><em>ὑπ’</em></strong></span> <span class='ocrx_word' id='word_1_110' title='bbox 1274 485 1334 522; x_wconf 79' lang='grc' dir='ltr'><strong>αὖ·</strong></span> <span class='ocrx_word' id='word_1_111' title='bbox 1404 496 1525 522; x_wconf 90' lang='lat' dir='ltr'><strong>omnes</strong></span> <span class='ocrx_word' id='word_1_112' title='bbox 1546 487 1605 530; x_wconf 91' lang='lat' dir='ltr'><strong>qui</strong></span> <span class='ocrx_word' id='word_1_113' title='bbox 1624 486 1691 522; x_wconf 89' lang='lat' dir='ltr'><strong>sub</strong></span> <span class='ocrx_word' id='word_1_114' title='bbox 1712 486 1762 522; x_wconf 88' lang='lat' dir='ltr'><strong>eis</strong></span> <span class='ocrx_word' id='word_1_115' title='bbox 1783 486 1970 522; x_wconf 84' lang='lat' dir='ltr'><strong>constituti</strong></span> <span class='ocrx_word' id='word_1_116' title='bbox 1988 490 2072 523; x_wconf 87' lang='lat' dir='ltr'><strong>sunt</strong></span> <span class='ocrx_word' id='word_1_117' title='bbox 2089 488 2297 524; x_wconf 80' lang='lat' dir='ltr'><strong>sanctissimi</strong></span> <span class='ocrx_word' id='word_1_118' title='bbox 2317 486 2476 533; x_wconf 82' lang='lat' dir='ltr'><strong>episcopi</strong></span> 
     </span>
     <span class='ocr_line' id='line_1_9' title="bbox 256 531 2474 582; baseline -0.001 -14"><span class='ocrx_word' id='word_1_119' title='bbox 256 535 336 569; x_wconf 75' lang='grc' dir='ltr'><strong><em>τοὺς</em></strong></span> <span class='ocrx_word' id='word_1_120' title='bbox 353 538 563 582; x_wconf 77' lang='grc' dir='ltr'><strong><em>τεταγμένοι</em></strong></span> <span class='ocrx_word' id='word_1_121' title='bbox 579 533 776 569; x_wconf 80' lang='grc' dir='ltr'><strong><em>ὁσιώτατοι</em></strong></span> <span class='ocrx_word' id='word_1_122' title='bbox 793 536 984 569; x_wconf 83' lang='grc' dir='ltr'><strong><em>ἐπίσκοποι</em></strong></span> <span class='ocrx_word' id='word_1_123' title='bbox 1006 534 1075 576; x_wconf 87' lang='grc' dir='ltr'><strong>τὴν</strong></span> <span class='ocrx_word' id='word_1_124' title='bbox 1090 531 1335 576; x_wconf 79' lang='grc' dir='ltr'><strong><em>ἄποστολικὴν</em></strong></span> <span class='ocrx_word' id='word_1_125' title='bbox 1404 531 1638 576; x_wconf 79' lang='lat' dir='ltr'><strong>apostolicam</strong></span> <span class='ocrx_word' id='word_1_126' title='bbox 1658 531 1867 577; x_wconf 78' lang='lat' dir='ltr'><strong>praedicant</strong></span> <span class='ocrx_word' id='word_1_127' title='bbox 1886 531 1990 567; x_wconf 86' lang='lat' dir='ltr'><strong>fidem</strong></span> <span class='ocrx_word' id='word_1_128' title='bbox 2013 534 2119 577; x_wconf 80' lang='lat' dir='ltr'><strong>atque</strong></span> <span class='ocrx_word' id='word_1_129' title='bbox 2133 533 2368 569; x_wconf 79' lang='lat' dir='ltr'><strong>traditionem.</strong></span> <span class='ocrx_word' id='word_1_130' title='bbox 2405 531 2474 575; x_wconf 82' lang='lat' dir='ltr'><strong>Igi—</strong></span> 
     </span>
     <span class='ocr_line' id='line_1_10' title="bbox 256 576 2475 625; baseline -0.001 -11"><span class='ocrx_word' id='word_1_131' title='bbox 256 580 469 625; x_wconf 79' lang='grc' dir='ltr'><strong><em>κηρύττουσι</em></strong></span> <span class='ocrx_word' id='word_1_132' title='bbox 491 584 618 615; x_wconf 87' lang='grc' dir='ltr'><strong><em>πίστιν</em></strong></span> <span class='ocrx_word' id='word_1_133' title='bbox 641 593 681 614; x_wconf 84' lang='grc' dir='ltr'><strong>τε</strong></span> <span class='ocrx_word' id='word_1_134' title='bbox 695 582 756 613; x_wconf 74' lang='grc' dir='ltr'><strong>καὶ</strong></span> <span class='ocrx_word' id='word_1_135' title='bbox 774 576 989 624; x_wconf 89' lang='grc' dir='ltr'><strong><em>παράδοσιν.</em></strong></span> <span class='ocrx_word' id='word_1_136' title='bbox 1028 578 1107 612; x_wconf 83' lang='grc' dir='ltr'><strong><em>τοὺς</em></strong></span> <span class='ocrx_word' id='word_1_137' title='bbox 1126 582 1251 612; x_wconf 89' lang='grc' dir='ltr'><strong><em>τοίνυν</em></strong></span> <span class='ocrx_word' id='word_1_138' title='bbox 1274 579 1336 620; x_wconf 89' lang='grc' dir='ltr'><strong>τῆς</strong></span> <span class='ocrx_word' id='word_1_139' title='bbox 1403 579 1463 612; x_wconf 86' lang='lat' dir='ltr'><strong>tur</strong></span> <span class='ocrx_word' id='word_1_140' title='bbox 1485 586 1626 613; x_wconf 85' lang='lat' dir='ltr'><strong>sacram</strong></span> <span class='ocrx_word' id='word_1_141' title='bbox 1650 577 1931 612; x_wconf 84' lang='lat' dir='ltr'><strong>communionem</strong></span> <span class='ocrx_word' id='word_1_142' title='bbox 1959 577 1997 612; x_wconf 91' lang='lat' dir='ltr'><strong>in</strong></span> <span class='ocrx_word' id='word_1_143' title='bbox 2021 578 2197 614; x_wconf 85' lang='lat' dir='ltr'><strong>catholica</strong></span> <span class='ocrx_word' id='word_1_144' title='bbox 2219 578 2372 614; x_wconf 85' lang='lat' dir='ltr'><strong>ecclesia</strong></span> <span class='ocrx_word' id='word_1_145' title='bbox 2403 587 2475 611; x_wconf 90' lang='lat' dir='ltr'><strong>non</strong></span> 
     </span>
     <span class='ocr_line' id='line_1_11' title="bbox 257 620 2475 670; baseline -0.001 -12"><span class='ocrx_word' id='word_1_146' title='bbox 257 622 436 670; x_wconf 78' lang='grc' dir='ltr'><strong><em>ἀχράντον</em></strong></span> <span class='ocrx_word' id='word_1_147' title='bbox 454 628 644 659; x_wconf 78' lang='grc' dir='ltr'><strong><em>κοινωνίας</em></strong></span> <span class='ocrx_word' id='word_1_148' title='bbox 663 624 755 658; x_wconf 84' lang='grc' dir='ltr'><strong><em>κατὰ</em></strong></span> <span class='ocrx_word' id='word_1_149' title='bbox 777 626 844 666; x_wconf 79' lang='grc' dir='ltr'><strong>τὴν</strong></span> <span class='ocrx_word' id='word_1_150' title='bbox 863 622 1064 667; x_wconf 72' lang='grc' dir='ltr'><strong><em>καθολικὴν</em></strong></span> <span class='ocrx_word' id='word_1_151' title='bbox 1085 623 1274 666; x_wconf 77' lang='grc' dir='ltr'><strong><em>ἐκκλησίαν</em></strong></span> <span class='ocrx_word' id='word_1_152' title='bbox 1294 620 1335 656; x_wconf 81' lang='grc' dir='ltr'><strong>οὗ</strong></span> <span class='ocrx_word' id='word_1_153' title='bbox 1351 625 1391 656; x_wconf 93' lang='grc'><strong>10</strong></span> <span class='ocrx_word' id='word_1_154' title='bbox 1403 621 1638 666; x_wconf 79' lang='lat' dir='ltr'><strong>percipientes</strong></span> <span class='ocrx_word' id='word_1_155' title='bbox 1678 622 1724 657; x_wconf 78' lang='lat' dir='ltr'><strong>ab</strong></span> <span class='ocrx_word' id='word_1_156' title='bbox 1763 622 1840 657; x_wconf 87' lang='lat' dir='ltr'><strong>eius</strong></span> <span class='ocrx_word' id='word_1_157' title='bbox 1879 621 1946 657; x_wconf 82' lang='lat' dir='ltr'><strong>deo</strong></span> <span class='ocrx_word' id='word_1_158' title='bbox 1980 622 2191 659; x_wconf 75' lang='lat' dir='ltr'><strong>amabilibus</strong></span> <span class='ocrx_word' id='word_1_159' title='bbox 2229 622 2475 659; x_wconf 84' lang='lat' dir='ltr'><strong>sacerdotibus</strong></span> 
     </span>
     <span class='ocr_line' id='line_1_12' title="bbox 254 666 2473 715; baseline -0.001 -11"><span class='ocrx_word' id='word_1_160' title='bbox 254 666 601 715; x_wconf 74' lang='grc' dir='ltr'><strong><em>μεταλαμβάνοντας</em></strong></span> <span class='ocrx_word' id='word_1_161' title='bbox 635 669 735 715; x_wconf 79' lang='grc' dir='ltr'><strong><em>παρὰ</em></strong></span> <span class='ocrx_word' id='word_1_162' title='bbox 766 670 844 703; x_wconf 80' lang='grc' dir='ltr'><strong>τῶν</strong></span> <span class='ocrx_word' id='word_1_163' title='bbox 874 666 1005 712; x_wconf 82' lang='grc' dir='ltr'><strong><em>ταύτης</em></strong></span> <span class='ocrx_word' id='word_1_164' title='bbox 1035 667 1336 714; x_wconf 72' lang='grc' dir='ltr'><strong><em>θεοφιλεστάτων</em></strong></span> <span class='ocrx_word' id='word_1_165' title='bbox 1403 667 1601 702; x_wconf 86' lang='lat' dir='ltr'><strong>haereticos</strong></span> <span class='ocrx_word' id='word_1_166' title='bbox 1626 667 1717 702; x_wconf 87' lang='lat' dir='ltr'><strong>iuste</strong></span> <span class='ocrx_word' id='word_1_167' title='bbox 1740 676 1927 702; x_wconf 79' lang='lat' dir='ltr'><strong>vocamus:</strong></span> <span class='ocrx_word' id='word_1_168' title='bbox 1952 677 2034 702; x_wconf 74' lang='lat' dir='ltr'><strong>nam</strong></span> <span class='ocrx_word' id='word_1_169' title='bbox 2056 667 2140 703; x_wconf 82' lang='lat' dir='ltr'><strong>licet</strong></span> <span class='ocrx_word' id='word_1_170' title='bbox 2161 677 2288 704; x_wconf 83' lang='lat' dir='ltr'><strong>nomen</strong></span> <span class='ocrx_word' id='word_1_171' title='bbox 2303 667 2473 703; x_wconf 76' lang='lat' dir='ltr'><strong>Christia-</strong></span> 
     </span>
     <span class='ocr_line' id='line_1_13' title="bbox 257 711 2474 761; baseline -0.001 -13"><span class='ocrx_word' id='word_1_172' title='bbox 257 714 382 760; x_wconf 80' lang='grc' dir='ltr'><strong><em>ἱερέων</em></strong></span> <span class='ocrx_word' id='word_1_173' title='bbox 403 714 598 761; x_wconf 80' lang='grc' dir='ltr'><strong><em>αἱρετικούς</em></strong></span> <span class='ocrx_word' id='word_1_174' title='bbox 625 713 772 749; x_wconf 78' lang='grc' dir='ltr'><strong><em>δικαίως</em></strong></span> <span class='ocrx_word' id='word_1_175' title='bbox 795 713 989 758; x_wconf 77' lang='grc' dir='ltr'><strong><em>καλοῦμεν·</em></strong></span> <span class='ocrx_word' id='word_1_176' title='bbox 1025 711 1096 748; x_wconf 76' lang='grc' dir='ltr'><strong>κᾶν</strong></span> <span class='ocrx_word' id='word_1_177' title='bbox 1117 714 1187 760; x_wconf 81' lang='grc' dir='ltr'><strong>γὰρ</strong></span> <span class='ocrx_word' id='word_1_178' title='bbox 1219 712 1336 758; x_wconf 83' lang='grc' dir='ltr'><strong><em>ὄνομα</em></strong></span> <span class='ocrx_word' id='word_1_179' title='bbox 1404 721 1532 747; x_wconf 87' lang='lat' dir='ltr'><strong>norum</strong></span> <span class='ocrx_word' id='word_1_180' title='bbox 1563 712 1702 747; x_wconf 85' lang='lat' dir='ltr'><strong>sibimet</strong></span> <span class='ocrx_word' id='word_1_181' title='bbox 1725 712 1973 757; x_wconf 82' lang='lat' dir='ltr'><strong>imposuerint,</strong></span> <span class='ocrx_word' id='word_1_182' title='bbox 2006 722 2090 748; x_wconf 78' lang='lat' dir='ltr'><strong>vera</strong></span> <span class='ocrx_word' id='word_1_183' title='bbox 2114 715 2232 748; x_wconf 83' lang='lat' dir='ltr'><strong>tamen</strong></span> <span class='ocrx_word' id='word_1_184' title='bbox 2256 712 2474 748; x_wconf 75' lang='lat' dir='ltr'><strong>Christiano-</strong></span> 
     </span>
     <span class='ocr_line' id='line_1_14' title="bbox 257 755 2474 805; baseline -0.001 -11"><span class='ocrx_word' id='word_1_185' title='bbox 257 762 493 805; x_wconf 79' lang='grc' dir='ltr'><strong><em>Χριστιανῶν</em></strong></span> <span class='ocrx_word' id='word_1_186' title='bbox 507 761 646 794; x_wconf 79' lang='grc' dir='ltr'><strong><em>ἑαυτοῖς</em></strong></span> <span class='ocrx_word' id='word_1_187' title='bbox 661 759 904 805; x_wconf 75' lang='grc' dir='ltr'><strong><em>περιτιθέασι,</em></strong></span> <span class='ocrx_word' id='word_1_188' title='bbox 920 760 981 802; x_wconf 86' lang='grc' dir='ltr'><strong>τῆς</strong></span> <span class='ocrx_word' id='word_1_189' title='bbox 997 755 1175 802; x_wconf 74' lang='grc' dir='ltr'><strong><em>ἀληθινῆς</em></strong></span> <span class='ocrx_word' id='word_1_190' title='bbox 1191 757 1336 792; x_wconf 77' lang='grc' dir='ltr'><strong><em>ἑαυτοὺς</em></strong></span> <span class='ocrx_word' id='word_1_191' title='bbox 1403 766 1483 792; x_wconf 89' lang='lat' dir='ltr'><strong>rum</strong></span> <span class='ocrx_word' id='word_1_192' title='bbox 1515 767 1553 792; x_wconf 88' lang='lat' dir='ltr'><strong>se</strong></span> <span class='ocrx_word' id='word_1_193' title='bbox 1584 762 1619 791; x_wconf 91' lang='lat' dir='ltr'><strong>et</strong></span> <span class='ocrx_word' id='word_1_194' title='bbox 1642 757 1711 792; x_wconf 91' lang='lat' dir='ltr'><strong>fide</strong></span> <span class='ocrx_word' id='word_1_195' title='bbox 1735 759 1773 792; x_wconf 87' lang='lat' dir='ltr'><strong>et</strong></span> <span class='ocrx_word' id='word_1_196' title='bbox 1795 757 2039 793; x_wconf 88' lang='lat' dir='ltr'><strong>communione</strong></span> <span class='ocrx_word' id='word_1_197' title='bbox 2063 759 2233 804; x_wconf 84' lang='lat' dir='ltr'><strong>separant</strong></span> <span class='ocrx_word' id='word_1_198' title='bbox 2263 757 2319 793; x_wconf 85' lang='lat' dir='ltr'><strong>dei</strong></span> <span class='ocrx_word' id='word_1_199' title='bbox 2342 756 2474 792; x_wconf 88' lang='lat' dir='ltr'><strong>iudicio</strong></span> 
     </span>
     <span class='ocr_line' id='line_1_15' title="bbox 255 802 2051 851; baseline -0.001 -11"><span class='ocrx_word' id='word_1_200' title='bbox 255 807 334 840; x_wconf 83' lang='grc' dir='ltr'><strong>τῶν</strong></span> <span class='ocrx_word' id='word_1_201' title='bbox 350 806 585 851; x_wconf 75' lang='grc' dir='ltr'><strong><em>Χριστιανῶν</em></strong></span> <span class='ocrx_word' id='word_1_202' title='bbox 604 803 759 840; x_wconf 80' lang='grc' dir='ltr'><strong><em>πίστεώς</em></strong></span> <span class='ocrx_word' id='word_1_203' title='bbox 778 818 818 838; x_wconf 88' lang='grc' dir='ltr'><strong>τε</strong></span> <span class='ocrx_word' id='word_1_204' title='bbox 837 807 898 838; x_wconf 84' lang='grc' dir='ltr'><strong>καὶ</strong></span> <span class='ocrx_word' id='word_1_205' title='bbox 915 808 1107 839; x_wconf 84' lang='grc' dir='ltr'><strong><em>κοινωνίας</em></strong></span> <span class='ocrx_word' id='word_1_206' title='bbox 1125 806 1337 849; x_wconf 79' lang='grc' dir='ltr'><strong><em>χωρίζοντες</em></strong></span> <span class='ocrx_word' id='word_1_207' title='bbox 1405 805 1515 838; x_wconf 84' lang='lat' dir='ltr'><strong>semet</strong></span> <span class='ocrx_word' id='word_1_208' title='bbox 1537 804 1634 847; x_wconf 89' lang='lat' dir='ltr'><strong>ipsos</strong></span> <span class='ocrx_word' id='word_1_209' title='bbox 1658 802 1763 837; x_wconf 86' lang='lat' dir='ltr'><strong>subdi</strong></span> <span class='ocrx_word' id='word_1_210' title='bbox 1786 805 2051 846; x_wconf 77' lang='lat' dir='ltr'><strong>cognoscentes.</strong></span> 
     </span>
    </p>

    <p class='ocr_par' dir='ltr' id='par_1_3' title="bbox 255 847 1391 896">
     <span class='ocr_line' id='line_1_16' title="bbox 255 847 1391 896; baseline -0.002 -11"><span class='ocrx_word' id='word_1_211' title='bbox 255 851 310 893; x_wconf 79' lang='grc' dir='ltr'><strong>τῷ</strong></span> <span class='ocrx_word' id='word_1_212' title='bbox 328 852 393 885; x_wconf 85' lang='grc' dir='ltr'><strong>τοῦ</strong></span> <span class='ocrx_word' id='word_1_213' title='bbox 414 851 505 884; x_wconf 69' lang='grc' dir='ltr'><strong><em>θεοῦ</em></strong></span> <span class='ocrx_word' id='word_1_214' title='bbox 528 853 673 895; x_wconf 82' lang='grc' dir='ltr'><strong><em>κρίματι</em></strong></span> <span class='ocrx_word' id='word_1_215' title='bbox 697 850 843 884; x_wconf 81' lang='grc' dir='ltr'><strong><em>ἑαυτοὺς</em></strong></span> <span class='ocrx_word' id='word_1_216' title='bbox 866 847 1018 895; x_wconf 74' lang='grc' dir='ltr'><strong><em>ὑπάγειν</em></strong></span> <span class='ocrx_word' id='word_1_217' title='bbox 1040 848 1289 896; x_wconf 79' lang='grc' dir='ltr'><strong><em>γινώσκονται.</em></strong></span> <span class='ocrx_word' id='word_1_218' title='bbox 1351 851 1391 883; x_wconf 88' lang='grc'><strong>15</strong></span> 
     </span>
    </p>
   </div>
   <div class='ocr_carea' id='block_1_3' title="bbox 1259 970 1465 1007">
    <p class='ocr_par' dir='ltr' id='par_1_4' title="bbox 1259 970 1465 1007">
     <span class='ocr_line' id='line_1_17' title="bbox 1259 970 1465 1007; baseline -0.005 -1"><span class='ocrx_word' id='word_1_219' title='bbox 1259 970 1415 1007; x_wconf 84' lang='lat' dir='ltr'>CAPUT</span> <span class='ocrx_word' id='word_1_220' title='bbox 1438 971 1465 1006; x_wconf 89' lang='lat'><strong>1.</strong></span> 
     </span>
    </p>
   </div>
   <div class='ocr_carea' id='block_1_4' title="bbox 256 1033 2481 1817">
    <p class='ocr_par' dir='ltr' id='par_1_5' title="bbox 256 1033 2481 1817">
     <span class='ocr_line' id='line_1_18' title="bbox 315 1033 2477 1085; baseline 0 -12"><span class='ocrx_word' id='word_1_221' title='bbox 315 1037 359 1073; x_wconf 86' lang='grc' dir='ltr'><strong>Οἱ</strong></span> <span class='ocrx_word' id='word_1_222' title='bbox 378 1040 446 1084; x_wconf 77' lang='grc' dir='ltr'><strong>μὲν</strong></span> <span class='ocrx_word' id='word_1_223' title='bbox 468 1033 534 1072; x_wconf 74' lang='grc' dir='ltr'><strong>οὖν</strong></span> <span class='ocrx_word' id='word_1_224' title='bbox 557 1042 639 1084; x_wconf 84' lang='grc' dir='ltr'><strong><em>περὶ</em></strong></span> <span class='ocrx_word' id='word_1_225' title='bbox 663 1039 739 1073; x_wconf 79' lang='grc' dir='ltr'><strong>τῶν</strong></span> <span class='ocrx_word' id='word_1_226' title='bbox 757 1038 949 1084; x_wconf 83' lang='grc' dir='ltr'><strong><em>αἱρετικῶν</em></strong></span> <span class='ocrx_word' id='word_1_227' title='bbox 973 1039 1209 1085; x_wconf 85' lang='grc' dir='ltr'><strong><em>φοιτήσαντες</em></strong></span> <span class='ocrx_word' id='word_1_228' title='bbox 1229 1037 1336 1082; x_wconf 89' lang='grc' dir='ltr'><strong><em>νόμοι</em></strong></span> <span class='ocrx_word' id='word_1_229' title='bbox 1486 1038 1585 1082; x_wconf 79' lang='lat' dir='ltr'><strong>Quae</strong></span> <span class='ocrx_word' id='word_1_230' title='bbox 1619 1037 1726 1083; x_wconf 84' lang='lat' dir='ltr'><strong>igitur</strong></span> <span class='ocrx_word' id='word_1_231' title='bbox 1761 1038 1805 1074; x_wconf 90' lang='lat' dir='ltr'><strong>de</strong></span> <span class='ocrx_word' id='word_1_232' title='bbox 1839 1039 2027 1075; x_wconf 81' lang='lat' dir='ltr'><strong>haereticis</strong></span> <span class='ocrx_word' id='word_1_233' title='bbox 2065 1039 2229 1084; x_wconf 84' lang='lat' dir='ltr'><strong>prolatae</strong></span> <span class='ocrx_word' id='word_1_234' title='bbox 2264 1040 2350 1074; x_wconf 86' lang='lat' dir='ltr'><strong>sunt</strong></span> <span class='ocrx_word' id='word_1_235' title='bbox 2381 1037 2477 1082; x_wconf 87' lang='lat' dir='ltr'><strong>leges</strong></span> 
     </span>
     <span class='ocr_line' id='line_1_19' title="bbox 258 1081 2477 1131; baseline -0 -12"><span class='ocrx_word' id='word_1_236' title='bbox 258 1084 369 1119; x_wconf 76' lang='grc' dir='ltr'><strong><em>πᾶσίν</em></strong></span> <span class='ocrx_word' id='word_1_237' title='bbox 403 1084 472 1118; x_wconf 84' lang='grc' dir='ltr'><strong><em>εἰσι</em></strong></span> <span class='ocrx_word' id='word_1_238' title='bbox 504 1087 656 1131; x_wconf 82' lang='grc' dir='ltr'><strong><em>φανεροί</em></strong></span> <span class='ocrx_word' id='word_1_239' title='bbox 663 1095 669 1102; x_wconf 95' lang='grc'><em>·</em></span> <span class='ocrx_word' id='word_1_240' title='bbox 704 1082 804 1128; x_wconf 81' lang='grc' dir='ltr'><strong><em>ἡμεῖς</em></strong></span> <span class='ocrx_word' id='word_1_241' title='bbox 839 1081 879 1117; x_wconf 76' lang='grc' dir='ltr'><strong>δὲ</strong></span> <span class='ocrx_word' id='word_1_242' title='bbox 911 1082 1125 1129; x_wconf 84' lang='grc' dir='ltr'><strong><em>βουλόμενοι</em></strong></span> <span class='ocrx_word' id='word_1_243' title='bbox 1155 1083 1238 1118; x_wconf 83' lang='grc' dir='ltr'><strong><em>τοὺς</em></strong></span> <span class='ocrx_word' id='word_1_244' title='bbox 1268 1084 1337 1127; x_wconf 84' lang='grc' dir='ltr'><strong>τὴν</strong></span> <span class='ocrx_word' id='word_1_245' title='bbox 1407 1085 1569 1119; x_wconf 89' lang='lat' dir='ltr'><strong>omnibus</strong></span> <span class='ocrx_word' id='word_1_246' title='bbox 1594 1087 1678 1118; x_wconf 88' lang='lat' dir='ltr'><strong>sunt</strong></span> <span class='ocrx_word' id='word_1_247' title='bbox 1701 1084 1898 1121; x_wconf 85' lang='lat' dir='ltr'><strong>manifesta.</strong></span> <span class='ocrx_word' id='word_1_248' title='bbox 1946 1084 2021 1120; x_wconf 89' lang='lat' dir='ltr'><strong>Nos</strong></span> <span class='ocrx_word' id='word_1_249' title='bbox 2042 1088 2162 1120; x_wconf 87' lang='lat' dir='ltr'><strong>autem</strong></span> <span class='ocrx_word' id='word_1_250' title='bbox 2177 1084 2333 1120; x_wconf 87' lang='lat' dir='ltr'><strong>volentes</strong></span> <span class='ocrx_word' id='word_1_251' title='bbox 2356 1083 2477 1118; x_wconf 76' lang='lat' dir='ltr'><strong>ortho-</strong></span> 
     </span>
     <span class='ocr_line' id='line_1_20' title="bbox 257 1125 2478 1174; baseline 0.001 -12"><span class='ocrx_word' id='word_1_252' title='bbox 257 1125 463 1174; x_wconf 81' lang='grc' dir='ltr'><strong><em>ὄρθόδοξον</em></strong></span> <span class='ocrx_word' id='word_1_253' title='bbox 483 1127 754 1174; x_wconf 76' lang='grc' dir='ltr'><strong><em>ἀσπαζομένους</em></strong></span> <span class='ocrx_word' id='word_1_254' title='bbox 783 1132 909 1164; x_wconf 87' lang='grc' dir='ltr'><strong><em>πίστιν</em></strong></span> <span class='ocrx_word' id='word_1_255' title='bbox 938 1132 999 1162; x_wconf 84' lang='grc' dir='ltr'><strong>καὶ</strong></span> <span class='ocrx_word' id='word_1_256' title='bbox 1030 1129 1161 1171; x_wconf 77' lang='grc' dir='ltr'><strong><em>ταύτης</em></strong></span> <span class='ocrx_word' id='word_1_257' title='bbox 1192 1125 1337 1172; x_wconf 82' lang='grc' dir='ltr'><strong><em>ἀντεχο-</em></strong></span> <span class='ocrx_word' id='word_1_258' title='bbox 1407 1129 1535 1164; x_wconf 86' lang='lat' dir='ltr'><strong>doxam</strong></span> <span class='ocrx_word' id='word_1_259' title='bbox 1562 1129 1817 1173; x_wconf 74' lang='lat' dir='ltr'><strong>amplectentes</strong></span> <span class='ocrx_word' id='word_1_260' title='bbox 1848 1130 1952 1165; x_wconf 87' lang='lat' dir='ltr'><strong>fidem</strong></span> <span class='ocrx_word' id='word_1_261' title='bbox 1983 1134 2019 1165; x_wconf 90' lang='lat' dir='ltr'><strong>et</strong></span> <span class='ocrx_word' id='word_1_262' title='bbox 2046 1139 2124 1164; x_wconf 91' lang='lat' dir='ltr'><strong>eam</strong></span> <span class='ocrx_word' id='word_1_263' title='bbox 2156 1129 2385 1165; x_wconf 84' lang='lat' dir='ltr'><strong>defendentes</strong></span> <span class='ocrx_word' id='word_1_264' title='bbox 2413 1128 2478 1164; x_wconf 89' lang='lat' dir='ltr'><strong>ha-</strong></span> 
     </span>
     <span class='ocr_line' id='line_1_21' title="bbox 256 1171 2479 1221; baseline 0 -13"><span class='ocrx_word' id='word_1_265' title='bbox 256 1177 382 1218; x_wconf 78' lang='grc' dir='ltr'><strong><em>μένους</em></strong></span> <span class='ocrx_word' id='word_1_266' title='bbox 405 1175 498 1216; x_wconf 81' lang='grc' dir='ltr'><strong><em>ἔχειν</em></strong></span> <span class='ocrx_word' id='word_1_267' title='bbox 519 1188 556 1209; x_wconf 89' lang='grc' dir='ltr'><strong>τι</strong></span> <span class='ocrx_word' id='word_1_268' title='bbox 577 1173 689 1209; x_wconf 81' lang='grc' dir='ltr'><strong><em>πλέον</em></strong></span> <span class='ocrx_word' id='word_1_269' title='bbox 711 1171 914 1220; x_wconf 76' lang='grc' dir='ltr'><strong><em>προνόμιον</em></strong></span> <span class='ocrx_word' id='word_1_270' title='bbox 944 1175 1022 1208; x_wconf 80' lang='grc' dir='ltr'><strong>τῶν</strong></span> <span class='ocrx_word' id='word_1_271' title='bbox 1047 1171 1337 1220; x_wconf 81' lang='grc' dir='ltr'><strong><em>ἀλλοτριούντων</em></strong></span> <span class='ocrx_word' id='word_1_272' title='bbox 1405 1173 1490 1209; x_wconf 88' lang='lat' dir='ltr'><strong>bere</strong></span> <span class='ocrx_word' id='word_1_273' title='bbox 1524 1173 1667 1218; x_wconf 87' lang='lat' dir='ltr'><strong>aliquod</strong></span> <span class='ocrx_word' id='word_1_274' title='bbox 1702 1175 1854 1219; x_wconf 86' lang='lat' dir='ltr'><strong>amplius</strong></span> <span class='ocrx_word' id='word_1_275' title='bbox 1885 1175 2101 1221; x_wconf 86' lang='lat' dir='ltr'><strong>privilegium</strong></span> <span class='ocrx_word' id='word_1_276' title='bbox 2137 1175 2191 1210; x_wconf 86' lang='lat' dir='ltr'><strong>his</strong></span> <span class='ocrx_word' id='word_1_277' title='bbox 2226 1174 2288 1220; x_wconf 90' lang='lat' dir='ltr'><strong>qui</strong></span> <span class='ocrx_word' id='word_1_278' title='bbox 2322 1174 2479 1209; x_wconf 84' lang='lat' dir='ltr'><strong>alienant</strong></span> 
     </span>
     <span class='ocr_line' id='line_1_22' title="bbox 257 1216 2479 1274; baseline 0 -22"><span class='ocrx_word' id='word_1_279' title='bbox 257 1219 403 1253; x_wconf 79' lang='grc' dir='ltr'><strong><em>ἑαυτοὺς</em></strong></span> <span class='ocrx_word' id='word_1_280' title='bbox 433 1220 494 1262; x_wconf 80' lang='grc' dir='ltr'><strong>τῆς</strong></span> <span class='ocrx_word' id='word_1_281' title='bbox 522 1221 585 1253; x_wconf 82' lang='grc' dir='ltr'><strong>τοῦ</strong></span> <span class='ocrx_word' id='word_1_282' title='bbox 610 1220 701 1254; x_wconf 75' lang='grc' dir='ltr'><strong><em>θεοῦ</em></strong></span> <span class='ocrx_word' id='word_1_283' title='bbox 726 1223 878 1264; x_wconf 86' lang='grc' dir='ltr'><strong><em>ποίμνης</em></strong></span> <span class='ocrx_word' id='word_1_284' title='bbox 908 1217 1045 1263; x_wconf 81' lang='grc' dir='ltr'><strong><em>(ἐπειδὴ</em></strong></span> <span class='ocrx_word' id='word_1_285' title='bbox 1073 1216 1165 1263; x_wconf 81' lang='grc' dir='ltr'><strong><em>μηδὲ</em></strong></span> <span class='ocrx_word' id='word_1_286' title='bbox 1195 1216 1338 1253; x_wconf 89' lang='grc' dir='ltr'><strong><em>δίκαιόν</em></strong></span> <span class='ocrx_word' id='word_1_287' title='bbox 1351 1221 1393 1254; x_wconf 86' lang='grc'><strong>20</strong></span> <span class='ocrx_word' id='word_1_288' title='bbox 1406 1223 1518 1254; x_wconf 89' lang='lat' dir='ltr'><strong>semet</strong></span> <span class='ocrx_word' id='word_1_289' title='bbox 1550 1219 1647 1264; x_wconf 85' lang='lat' dir='ltr'><strong>ipsos</strong></span> <span class='ocrx_word' id='word_1_290' title='bbox 1682 1218 1738 1254; x_wconf 90' lang='lat' dir='ltr'><strong>dei</strong></span> <span class='ocrx_word' id='word_1_291' title='bbox 1773 1220 1855 1255; x_wconf 89' lang='lat' dir='ltr'><strong>ovili</strong></span> <span class='ocrx_word' id='word_1_292' title='bbox 1897 1221 2076 1274; x_wconf 75' lang='lat' dir='ltr'><strong>(quoniam</strong></span> <span class='ocrx_word' id='word_1_293' title='bbox 2110 1230 2223 1264; x_wconf 90' lang='lat' dir='ltr'><strong>neque</strong></span> <span class='ocrx_word' id='word_1_294' title='bbox 2257 1219 2390 1255; x_wconf 81' lang='lat' dir='ltr'><strong>iustum</strong></span> <span class='ocrx_word' id='word_1_295' title='bbox 2425 1222 2479 1254; x_wconf 89' lang='lat' dir='ltr'><strong>est</strong></span> 
     </span>
     <span class='ocr_line' id='line_1_23' title="bbox 258 1262 2479 1312; baseline -0 -14"><span class='ocrx_word' id='word_1_296' title='bbox 258 1266 359 1299; x_wconf 81' lang='grc' dir='ltr'><strong><em>ἐστιν</em></strong></span> <span class='ocrx_word' id='word_1_297' title='bbox 380 1264 475 1299; x_wconf 80' lang='grc' dir='ltr'><strong><em>ἴσων</em></strong></span> <span class='ocrx_word' id='word_1_298' title='bbox 494 1268 566 1299; x_wconf 87' lang='grc' dir='ltr'><strong><em>τοῖς</em></strong></span> <span class='ocrx_word' id='word_1_299' title='bbox 582 1263 799 1312; x_wconf 81' lang='grc' dir='ltr'><strong><em>ὄρθοδόξοις</em></strong></span> <span class='ocrx_word' id='word_1_300' title='bbox 820 1264 903 1298; x_wconf 77' lang='grc' dir='ltr'><strong><em>τοὺς</em></strong></span> <span class='ocrx_word' id='word_1_301' title='bbox 921 1262 1115 1310; x_wconf 84' lang='grc' dir='ltr'><strong><em>αἱρετικούς</em></strong></span> <span class='ocrx_word' id='word_1_302' title='bbox 1138 1263 1337 1304; x_wconf 73' lang='grc' dir='ltr'><strong><em>ἀξιοῦσθαι</em></strong></span> <span class='ocrx_word' id='word_1_303' title='bbox 1406 1264 1613 1308; x_wconf 83' lang='lat' dir='ltr'><strong>aequalibus</strong></span> <span class='ocrx_word' id='word_1_304' title='bbox 1638 1274 1718 1299; x_wconf 89' lang='lat' dir='ltr'><strong>cum</strong></span> <span class='ocrx_word' id='word_1_305' title='bbox 1740 1264 1947 1301; x_wconf 75' lang='lat' dir='ltr'><strong>orthodoxis</strong></span> <span class='ocrx_word' id='word_1_306' title='bbox 1976 1269 2012 1301; x_wconf 93' lang='lat' dir='ltr'><strong>et</strong></span> <span class='ocrx_word' id='word_1_307' title='bbox 2033 1265 2232 1301; x_wconf 87' lang='lat' dir='ltr'><strong>haereticos</strong></span> <span class='ocrx_word' id='word_1_308' title='bbox 2256 1264 2379 1310; x_wconf 88' lang='lat' dir='ltr'><strong>dignos</strong></span> <span class='ocrx_word' id='word_1_309' title='bbox 2403 1263 2479 1298; x_wconf 89' lang='lat' dir='ltr'><strong>fieri</strong></span> 
     </span>
     <span class='ocr_line' id='line_1_24' title="bbox 258 1307 2477 1356; baseline -0 -12"><span class='ocrx_word' id='word_1_310' title='bbox 258 1313 479 1355; x_wconf 88' lang='grc' dir='ltr'><strong><em>προνομίων)</em></strong></span> <span class='ocrx_word' id='word_1_311' title='bbox 511 1308 572 1343; x_wconf 85' lang='grc' dir='ltr'><strong>διὰ</strong></span> <span class='ocrx_word' id='word_1_312' title='bbox 603 1311 712 1344; x_wconf 78' lang='grc' dir='ltr'><strong><em>τοῦτο</em></strong></span> <span class='ocrx_word' id='word_1_313' title='bbox 743 1313 803 1343; x_wconf 84' lang='grc' dir='ltr'><strong>καὶ</strong></span> <span class='ocrx_word' id='word_1_314' title='bbox 826 1311 894 1343; x_wconf 83' lang='grc' dir='ltr'><strong>νῦν</strong></span> <span class='ocrx_word' id='word_1_315' title='bbox 924 1310 985 1344; x_wconf 79' lang='grc' dir='ltr'><strong>ἐπὶ</strong></span> <span class='ocrx_word' id='word_1_316' title='bbox 1007 1308 1076 1344; x_wconf 82' lang='grc' dir='ltr'><strong>τὸν</strong></span> <span class='ocrx_word' id='word_1_317' title='bbox 1100 1307 1268 1355; x_wconf 84' lang='grc' dir='ltr'><strong><em>παρόντα</em></strong></span> <span class='ocrx_word' id='word_1_318' title='bbox 1292 1310 1337 1343; x_wconf 86' lang='grc' dir='ltr'><strong>εἵ-</strong></span> <span class='ocrx_word' id='word_1_319' title='bbox 1405 1309 1620 1354; x_wconf 84' lang='lat' dir='ltr'><strong>privilegiis),</strong></span> <span class='ocrx_word' id='word_1_320' title='bbox 1642 1311 1832 1354; x_wconf 88' lang='lat' dir='ltr'><strong>propterea</strong></span> <span class='ocrx_word' id='word_1_321' title='bbox 1847 1315 1884 1346; x_wconf 91' lang='lat' dir='ltr'><strong>et</strong></span> <span class='ocrx_word' id='word_1_322' title='bbox 1902 1321 1999 1346; x_wconf 92' lang='lat' dir='ltr'><strong>nunc</strong></span> <span class='ocrx_word' id='word_1_323' title='bbox 2018 1310 2064 1346; x_wconf 88' lang='lat' dir='ltr'><strong>ad</strong></span> <span class='ocrx_word' id='word_1_324' title='bbox 2080 1314 2304 1356; x_wconf 87' lang='lat' dir='ltr'><strong>praesentem</strong></span> <span class='ocrx_word' id='word_1_325' title='bbox 2322 1319 2380 1345; x_wconf 88' lang='lat' dir='ltr'><strong>res</strong></span> <span class='ocrx_word' id='word_1_326' title='bbox 2406 1308 2477 1343; x_wconf 83' lang='lat' dir='ltr'><strong>exi-</strong></span> 
     </span>
     <span class='ocr_line' id='line_1_25' title="bbox 259 1351 2478 1402; baseline 0 -14"><span class='ocrx_word' id='word_1_327' title='bbox 259 1353 367 1399; x_wconf 86' lang='grc' dir='ltr'><strong><em>δομεν</em></strong></span> <span class='ocrx_word' id='word_1_328' title='bbox 390 1355 513 1399; x_wconf 87' lang='grc' dir='ltr'><strong><em>νόμον.</em></strong></span> <span class='ocrx_word' id='word_1_329' title='bbox 560 1353 685 1398; x_wconf 80' lang='grc' dir='ltr'><strong><em>ἐπειδὴ</em></strong></span> <span class='ocrx_word' id='word_1_330' title='bbox 715 1355 785 1402; x_wconf 86' lang='grc' dir='ltr'><strong>γὰρ</strong></span> <span class='ocrx_word' id='word_1_331' title='bbox 817 1351 1025 1399; x_wconf 77' lang='grc' dir='ltr'><strong><em>δεδώκαμεν</em></strong></span> <span class='ocrx_word' id='word_1_332' title='bbox 1047 1352 1231 1400; x_wconf 89' lang='grc' dir='ltr'><strong><em>προνόμια</em></strong></span> <span class='ocrx_word' id='word_1_333' title='bbox 1261 1358 1339 1389; x_wconf 82' lang='grc' dir='ltr'><strong><em>ταῖς</em></strong></span> <span class='ocrx_word' id='word_1_334' title='bbox 1405 1365 1485 1390; x_wconf 83' lang='lat' dir='ltr'><strong>mus</strong></span> <span class='ocrx_word' id='word_1_335' title='bbox 1508 1355 1631 1399; x_wconf 85' lang='lat' dir='ltr'><strong>legem.</strong></span> <span class='ocrx_word' id='word_1_336' title='bbox 1679 1355 1770 1399; x_wconf 76' lang='lat' dir='ltr'><strong>Quia</strong></span> <span class='ocrx_word' id='word_1_337' title='bbox 1790 1355 1883 1391; x_wconf 92' lang='lat' dir='ltr'><strong>enim</strong></span> <span class='ocrx_word' id='word_1_338' title='bbox 1901 1355 2061 1392; x_wconf 89' lang='lat' dir='ltr'><strong>dedimus</strong></span> <span class='ocrx_word' id='word_1_339' title='bbox 2083 1355 2303 1400; x_wconf 82' lang='lat' dir='ltr'><strong>privilegium</strong></span> <span class='ocrx_word' id='word_1_340' title='bbox 2323 1365 2357 1389; x_wconf 94' lang='lat' dir='ltr'><strong>m</strong></span> <span class='ocrx_word' id='word_1_341' title='bbox 2397 1353 2478 1388; x_wconf 90' lang='lat' dir='ltr'><strong>ieri-</strong></span> 
     </span>
     <span class='ocr_line' id='line_1_26' title="bbox 257 1397 2479 1447; baseline 0 -14"><span class='ocrx_word' id='word_1_342' title='bbox 257 1399 398 1446; x_wconf 71' lang='grc' dir='ltr'><strong><em>γυναιξὶ</em></strong></span> <span class='ocrx_word' id='word_1_343' title='bbox 419 1401 497 1434; x_wconf 79' lang='grc' dir='ltr'><strong>τῶν</strong></span> <span class='ocrx_word' id='word_1_344' title='bbox 520 1401 692 1446; x_wconf 82' lang='grc' dir='ltr'><strong><em>προικῶν,</em></strong></span> <span class='ocrx_word' id='word_1_345' title='bbox 718 1397 806 1434; x_wconf 59' lang='lat' dir='ltr'><strong>clm</strong></span> <span class='ocrx_word' id='word_1_346' title='bbox 826 1402 886 1434; x_wconf 86' lang='grc' dir='ltr'><strong>καὶ</strong></span> <span class='ocrx_word' id='word_1_347' title='bbox 907 1402 1197 1447; x_wconf 76' lang='grc' dir='ltr'><strong><em>προγενεστέρων</em></strong></span> <span class='ocrx_word' id='word_1_348' title='bbox 1221 1398 1338 1434; x_wconf 82' lang='grc' dir='ltr'><strong><em>δανει-</em></strong></span> <span class='ocrx_word' id='word_1_349' title='bbox 1405 1400 1474 1435; x_wconf 89' lang='lat' dir='ltr'><strong>bus</strong></span> <span class='ocrx_word' id='word_1_350' title='bbox 1498 1399 1647 1443; x_wconf 85' lang='lat' dir='ltr'><strong>dotium,</strong></span> <span class='ocrx_word' id='word_1_351' title='bbox 1672 1406 1714 1435; x_wconf 88' lang='lat' dir='ltr'><strong>ut</strong></span> <span class='ocrx_word' id='word_1_352' title='bbox 1737 1400 1843 1435; x_wconf 86' lang='lat' dir='ltr'><strong>etiam</strong></span> <span class='ocrx_word' id='word_1_353' title='bbox 1866 1401 2045 1446; x_wconf 85' lang='lat' dir='ltr'><strong>prioribus</strong></span> <span class='ocrx_word' id='word_1_354' title='bbox 2070 1400 2305 1436; x_wconf 86' lang='lat' dir='ltr'><strong>creditoribus</strong></span> <span class='ocrx_word' id='word_1_355' title='bbox 2327 1409 2479 1445; x_wconf 87' lang='lat' dir='ltr'><strong>praepo-</strong></span> 
     </span>
     <span class='ocr_line' id='line_1_27' title="bbox 259 1441 2480 1491; baseline 0 -13"><span class='ocrx_word' id='word_1_356' title='bbox 259 1446 360 1479; x_wconf 82' lang='grc' dir='ltr'><strong><em>στῶν</em></strong></span> <span class='ocrx_word' id='word_1_357' title='bbox 396 1445 661 1491; x_wconf 76' lang='grc' dir='ltr'><strong><em>προκρίνεσθαι</em></strong></span> <span class='ocrx_word' id='word_1_358' title='bbox 697 1449 757 1479; x_wconf 85' lang='grc' dir='ltr'><strong>καὶ</strong></span> <span class='ocrx_word' id='word_1_359' title='bbox 791 1445 925 1490; x_wconf 79' lang='grc' dir='ltr'><strong><em>βελτίω</em></strong></span> <span class='ocrx_word' id='word_1_360' title='bbox 960 1445 1066 1486; x_wconf 83' lang='grc' dir='ltr'><strong><em>τάξιν</em></strong></span> <span class='ocrx_word' id='word_1_361' title='bbox 1101 1447 1193 1487; x_wconf 82' lang='grc' dir='ltr'><strong><em>ἔχειν</em></strong></span> <span class='ocrx_word' id='word_1_362' title='bbox 1231 1441 1339 1479; x_wconf 73' lang='grc' dir='ltr'><strong><em>αὐτὰς</em></strong></span> <span class='ocrx_word' id='word_1_363' title='bbox 1352 1446 1393 1480; x_wconf 86' lang='grc'><strong>25</strong></span> <span class='ocrx_word' id='word_1_364' title='bbox 1406 1448 1547 1488; x_wconf 90' lang='lat' dir='ltr'><strong>nantur,</strong></span> <span class='ocrx_word' id='word_1_365' title='bbox 1580 1449 1615 1481; x_wconf 89' lang='lat' dir='ltr'><strong>et</strong></span> <span class='ocrx_word' id='word_1_366' title='bbox 1644 1445 1823 1481; x_wconf 90' lang='lat' dir='ltr'><strong>meliorem</strong></span> <span class='ocrx_word' id='word_1_367' title='bbox 1855 1446 2012 1482; x_wconf 88' lang='lat' dir='ltr'><strong>ordinem</strong></span> <span class='ocrx_word' id='word_1_368' title='bbox 2042 1455 2104 1481; x_wconf 87' lang='lat' dir='ltr'><strong>eas</strong></span> <span class='ocrx_word' id='word_1_369' title='bbox 2131 1445 2264 1481; x_wconf 88' lang='lat' dir='ltr'><strong>habere</strong></span> <span class='ocrx_word' id='word_1_370' title='bbox 2294 1446 2331 1480; x_wconf 87' lang='lat' dir='ltr'><strong>et</strong></span> <span class='ocrx_word' id='word_1_371' title='bbox 2360 1454 2427 1480; x_wconf 88' lang='lat' dir='ltr'><strong>nec</strong></span> <span class='ocrx_word' id='word_1_372' title='bbox 2457 1453 2480 1479; x_wconf 86' lang='lat' dir='ltr'><strong>a</strong></span> 
     </span>
     <span class='ocr_line' id='line_1_28' title="bbox 259 1487 2481 1536; baseline 0 -13"><span class='ocrx_word' id='word_1_373' title='bbox 259 1493 318 1524; x_wconf 79' lang='grc' dir='ltr'><strong>καὶ</strong></span> <span class='ocrx_word' id='word_1_374' title='bbox 349 1491 466 1525; x_wconf 83' lang='grc' dir='ltr'><strong><em>ταῦτα</em></strong></span> <span class='ocrx_word' id='word_1_375' title='bbox 501 1487 573 1526; x_wconf 82' lang='grc' dir='ltr'><strong>ὑπὸ</strong></span> <span class='ocrx_word' id='word_1_376' title='bbox 606 1491 670 1525; x_wconf 78' lang='grc' dir='ltr'><strong>τοῦ</strong></span> <span class='ocrx_word' id='word_1_377' title='bbox 701 1489 831 1536; x_wconf 83' lang='grc' dir='ltr'><strong><em>χρόνου</em></strong></span> <span class='ocrx_word' id='word_1_378' title='bbox 862 1492 1078 1535; x_wconf 79' lang='grc' dir='ltr'><strong><em>νικωμένας,</em></strong></span> <span class='ocrx_word' id='word_1_379' title='bbox 1109 1491 1170 1524; x_wconf 80' lang='grc' dir='ltr'><strong>ἐπὶ</strong></span> <span class='ocrx_word' id='word_1_380' title='bbox 1200 1487 1239 1524; x_wconf 82' lang='grc' dir='ltr'><strong>δὲ</strong></span> <span class='ocrx_word' id='word_1_381' title='bbox 1261 1492 1339 1524; x_wconf 83' lang='grc' dir='ltr'><strong>τῶν</strong></span> <span class='ocrx_word' id='word_1_382' title='bbox 1405 1494 1563 1535; x_wconf 88' lang='lat' dir='ltr'><strong>tempore</strong></span> <span class='ocrx_word' id='word_1_383' title='bbox 1595 1493 1800 1535; x_wconf 84' lang='lat' dir='ltr'><strong>superatas,</strong></span> <span class='ocrx_word' id='word_1_384' title='bbox 1835 1490 1873 1526; x_wconf 89' lang='lat' dir='ltr'><strong>in</strong></span> <span class='ocrx_word' id='word_1_385' title='bbox 1904 1491 2153 1527; x_wconf 87' lang='lat' dir='ltr'><strong>donationibus</strong></span> <span class='ocrx_word' id='word_1_386' title='bbox 2185 1494 2304 1525; x_wconf 83' lang='lat' dir='ltr'><strong>autem</strong></span> <span class='ocrx_word' id='word_1_387' title='bbox 2333 1490 2481 1535; x_wconf 80' lang='lat' dir='ltr'><strong>propter</strong></span> 
     </span>
     <span class='ocr_line' id='line_1_29' title="bbox 259 1532 2479 1582; baseline 0 -13"><span class='ocrx_word' id='word_1_388' title='bbox 259 1533 320 1569; x_wconf 84' lang='grc' dir='ltr'><strong>διὰ</strong></span> <span class='ocrx_word' id='word_1_389' title='bbox 343 1536 424 1570; x_wconf 84' lang='grc' dir='ltr'><strong><em>τοὺς</em></strong></span> <span class='ocrx_word' id='word_1_390' title='bbox 446 1534 577 1582; x_wconf 78' lang='grc' dir='ltr'><strong><em>γάμους</em></strong></span> <span class='ocrx_word' id='word_1_391' title='bbox 600 1533 749 1581; x_wconf 81' lang='grc' dir='ltr'><strong><em>δωρεῶν</em></strong></span> <span class='ocrx_word' id='word_1_392' title='bbox 771 1535 864 1570; x_wconf 82' lang='grc' dir='ltr'><strong><em>κατὰ</em></strong></span> <span class='ocrx_word' id='word_1_393' title='bbox 886 1535 967 1570; x_wconf 84' lang='grc' dir='ltr'><strong><em>τοὺς</em></strong></span> <span class='ocrx_word' id='word_1_394' title='bbox 987 1534 1135 1581; x_wconf 87' lang='grc' dir='ltr'><strong><em>χρόνους</em></strong></span> <span class='ocrx_word' id='word_1_395' title='bbox 1162 1532 1254 1569; x_wconf 75' lang='grc' dir='ltr'><strong><em>καθ’</em></strong></span> <span class='ocrx_word' id='word_1_396' title='bbox 1281 1532 1339 1569; x_wconf 70' lang='grc' dir='ltr'><strong>οὓς</strong></span> <span class='ocrx_word' id='word_1_397' title='bbox 1406 1535 1549 1580; x_wconf 86' lang='lat' dir='ltr'><strong>nuptias</strong></span> <span class='ocrx_word' id='word_1_398' title='bbox 1574 1536 1768 1571; x_wconf 89' lang='lat' dir='ltr'><strong>secundum</strong></span> <span class='ocrx_word' id='word_1_399' title='bbox 1790 1539 1951 1582; x_wconf 86' lang='lat' dir='ltr'><strong>tempora</strong></span> <span class='ocrx_word' id='word_1_400' title='bbox 1980 1546 2045 1581; x_wconf 88' lang='lat' dir='ltr'><strong>per</strong></span> <span class='ocrx_word' id='word_1_401' title='bbox 2068 1546 2159 1581; x_wconf 90' lang='lat' dir='ltr'><strong>quae</strong></span> <span class='ocrx_word' id='word_1_402' title='bbox 2185 1535 2275 1571; x_wconf 91' lang='lat' dir='ltr'><strong>fiunt</strong></span> <span class='ocrx_word' id='word_1_403' title='bbox 2307 1534 2479 1580; x_wconf 83' lang='lat' dir='ltr'><strong>hypothe-</strong></span> 
     </span>
     <span class='ocr_line' id='line_1_30' title="bbox 260 1578 2480 1628; baseline 0 -14"><span class='ocrx_word' id='word_1_404' title='bbox 260 1578 308 1614; x_wconf 79' lang='grc' dir='ltr'><strong>ἂν</strong></span> <span class='ocrx_word' id='word_1_405' title='bbox 329 1584 491 1628; x_wconf 82' lang='grc' dir='ltr'><strong><em>γένοιντο</em></strong></span> <span class='ocrx_word' id='word_1_406' title='bbox 515 1581 579 1615; x_wconf 86' lang='grc' dir='ltr'><strong>τὰς</strong></span> <span class='ocrx_word' id='word_1_407' title='bbox 601 1579 792 1624; x_wconf 79' lang='grc' dir='ltr'><strong><em>ὑποθήκας</em></strong></span> <span class='ocrx_word' id='word_1_408' title='bbox 814 1581 917 1623; x_wconf 53' lang='grc' dir='ltr'><strong><em>ἐχειν,</em></strong></span> <span class='ocrx_word' id='word_1_409' title='bbox 942 1582 1057 1615; x_wconf 78' lang='grc' dir='ltr'><strong><em>πᾶσιν</em></strong></span> <span class='ocrx_word' id='word_1_410' title='bbox 1081 1582 1142 1614; x_wconf 80' lang='grc' dir='ltr'><strong>ἐπὶ</strong></span> <span class='ocrx_word' id='word_1_411' title='bbox 1165 1581 1230 1614; x_wconf 77' lang='grc' dir='ltr'><strong>τοῦ</strong></span> <span class='ocrx_word' id='word_1_412' title='bbox 1247 1592 1338 1626; x_wconf 76' lang='grc' dir='ltr'><strong><em>παρ·</em></strong></span> <span class='ocrx_word' id='word_1_413' title='bbox 1407 1591 1469 1616; x_wconf 85' lang='lat' dir='ltr'><strong>cas</strong></span> <span class='ocrx_word' id='word_1_414' title='bbox 1485 1581 1627 1623; x_wconf 84' lang='lat' dir='ltr'><strong>habere,</strong></span> <span class='ocrx_word' id='word_1_415' title='bbox 1652 1581 1815 1616; x_wconf 85' lang='lat' dir='ltr'><strong>omnibus</strong></span> <span class='ocrx_word' id='word_1_416' title='bbox 1834 1581 1871 1617; x_wconf 86' lang='lat' dir='ltr'><strong>in</strong></span> <span class='ocrx_word' id='word_1_417' title='bbox 1887 1581 2065 1626; x_wconf 85' lang='lat' dir='ltr'><strong>praesenti</strong></span> <span class='ocrx_word' id='word_1_418' title='bbox 2083 1580 2236 1616; x_wconf 87' lang='lat' dir='ltr'><strong>facimus</strong></span> <span class='ocrx_word' id='word_1_419' title='bbox 2256 1580 2480 1616; x_wconf 81' lang='lat' dir='ltr'><strong>manifestum</strong></span> 
     </span>
     <span class='ocr_line' id='line_1_31' title="bbox 260 1623 2479 1673; baseline 0 -14"><span class='ocrx_word' id='word_1_420' title='bbox 260 1626 365 1660; x_wconf 86' lang='grc' dir='ltr'><strong><em>όντος</em></strong></span> <span class='ocrx_word' id='word_1_421' title='bbox 388 1623 595 1671; x_wconf 80' lang='grc' dir='ltr'><strong><em>ποιούμεθα</em></strong></span> <span class='ocrx_word' id='word_1_422' title='bbox 620 1626 780 1673; x_wconf 81' lang='grc' dir='ltr'><strong><em>φανερὸν</em></strong></span> <span class='ocrx_word' id='word_1_423' title='bbox 803 1624 863 1660; x_wconf 80' lang='grc' dir='ltr'><strong>διὰ</strong></span> <span class='ocrx_word' id='word_1_424' title='bbox 887 1624 994 1660; x_wconf 83' lang='grc' dir='ltr'><strong><em>τοῦδε</em></strong></span> <span class='ocrx_word' id='word_1_425' title='bbox 1016 1627 1080 1660; x_wconf 84' lang='grc' dir='ltr'><strong>τοῦ</strong></span> <span class='ocrx_word' id='word_1_426' title='bbox 1105 1625 1209 1659; x_wconf 83' lang='grc' dir='ltr'><strong><em>θείου</em></strong></span> <span class='ocrx_word' id='word_1_427' title='bbox 1232 1625 1338 1670; x_wconf 82' lang='grc' dir='ltr'><strong><em>ἡμῶν</em></strong></span> <span class='ocrx_word' id='word_1_428' title='bbox 1405 1635 1471 1670; x_wconf 88' lang='lat' dir='ltr'><strong>per</strong></span> <span class='ocrx_word' id='word_1_429' title='bbox 1493 1626 1587 1661; x_wconf 88' lang='lat' dir='ltr'><strong>hanc</strong></span> <span class='ocrx_word' id='word_1_430' title='bbox 1611 1635 1749 1661; x_wconf 85' lang='lat' dir='ltr'><strong>sacram</strong></span> <span class='ocrx_word' id='word_1_431' title='bbox 1773 1630 1930 1662; x_wconf 88' lang='lat' dir='ltr'><strong>nostram</strong></span> <span class='ocrx_word' id='word_1_432' title='bbox 1953 1626 2082 1671; x_wconf 87' lang='lat' dir='ltr'><strong>legem,</strong></span> <span class='ocrx_word' id='word_1_433' title='bbox 2115 1625 2200 1671; x_wconf 87' lang='lat' dir='ltr'><strong>quia</strong></span> <span class='ocrx_word' id='word_1_434' title='bbox 2222 1629 2259 1661; x_wconf 88' lang='lat' dir='ltr'><strong>et</strong></span> <span class='ocrx_word' id='word_1_435' title='bbox 2280 1626 2349 1661; x_wconf 91' lang='lat' dir='ltr'><strong>hoc</strong></span> <span class='ocrx_word' id='word_1_436' title='bbox 2373 1624 2479 1671; x_wconf 82' lang='lat' dir='ltr'><strong>privi—</strong></span> 
     </span>
     <span class='ocr_line' id='line_1_32' title="bbox 259 1667 2480 1717; baseline 0 -12"><span class='ocrx_word' id='word_1_437' title='bbox 259 1667 393 1715; x_wconf 83' lang='grc' dir='ltr'><strong><em>νόμου,</em></strong></span> <span class='ocrx_word' id='word_1_438' title='bbox 424 1667 484 1705; x_wconf 75' lang='grc' dir='ltr'><strong>ὅτι</strong></span> <span class='ocrx_word' id='word_1_439' title='bbox 515 1674 576 1705; x_wconf 82' lang='grc' dir='ltr'><strong>καὶ</strong></span> <span class='ocrx_word' id='word_1_440' title='bbox 598 1671 736 1713; x_wconf 81' lang='grc' dir='ltr'><strong><em>ταύτην</em></strong></span> <span class='ocrx_word' id='word_1_441' title='bbox 759 1671 828 1715; x_wconf 83' lang='grc' dir='ltr'><strong>τὴν</strong></span> <span class='ocrx_word' id='word_1_442' title='bbox 852 1675 1054 1716; x_wconf 81' lang='grc' dir='ltr'><strong><em>προνομίαν</em></strong></span> <span class='ocrx_word' id='word_1_443' title='bbox 1084 1674 1143 1704; x_wconf 87' lang='grc' dir='ltr'><strong>καὶ</strong></span> <span class='ocrx_word' id='word_1_444' title='bbox 1167 1671 1231 1705; x_wconf 87' lang='grc' dir='ltr'><strong>τὰς</strong></span> <span class='ocrx_word' id='word_1_445' title='bbox 1254 1683 1337 1704; x_wconf 85' lang='grc' dir='ltr'><strong><em>σιω·</em></strong></span> <span class='ocrx_word' id='word_1_446' title='bbox 1351 1673 1393 1706; x_wconf 87' lang='lat'><strong>30</strong></span> <span class='ocrx_word' id='word_1_447' title='bbox 1405 1671 1534 1716; x_wconf 88' lang='lat' dir='ltr'><strong>legium</strong></span> <span class='ocrx_word' id='word_1_448' title='bbox 1569 1674 1606 1706; x_wconf 90' lang='lat' dir='ltr'><strong>et</strong></span> <span class='ocrx_word' id='word_1_449' title='bbox 1638 1671 1767 1707; x_wconf 77' lang='lat' dir='ltr'><strong>tacitas</strong></span> <span class='ocrx_word' id='word_1_450' title='bbox 1797 1671 2015 1717; x_wconf 77' lang='lat' dir='ltr'><strong>hypothecas</strong></span> <span class='ocrx_word' id='word_1_451' title='bbox 2051 1674 2087 1706; x_wconf 85' lang='lat' dir='ltr'><strong>et</strong></span> <span class='ocrx_word' id='word_1_452' title='bbox 2116 1671 2187 1706; x_wconf 77' lang='lat' dir='ltr'><strong>alia</strong></span> <span class='ocrx_word' id='word_1_453' title='bbox 2217 1671 2353 1712; x_wconf 74' lang='lat' dir='ltr'><strong>omnia,</strong></span> <span class='ocrx_word' id='word_1_454' title='bbox 2389 1679 2480 1715; x_wconf 73' lang='lat' dir='ltr'><strong>quae</strong></span> 
     </span>
     <span class='ocr_line' id='line_1_33' title="bbox 260 1713 2479 1762; baseline -0 -11"><span class='ocrx_word' id='word_1_455' title='bbox 260 1716 374 1761; x_wconf 83' lang='grc' dir='ltr'><strong><em>πηρὰς</em></strong></span> <span class='ocrx_word' id='word_1_456' title='bbox 397 1713 586 1760; x_wconf 79' lang='grc' dir='ltr'><strong><em>ὑποθήκας</em></strong></span> <span class='ocrx_word' id='word_1_457' title='bbox 608 1720 669 1750; x_wconf 77' lang='grc' dir='ltr'><strong>καὶ</strong></span> <span class='ocrx_word' id='word_1_458' title='bbox 692 1716 739 1750; x_wconf 83' lang='grc' dir='ltr'><strong>τὰ</strong></span> <span class='ocrx_word' id='word_1_459' title='bbox 759 1715 850 1750; x_wconf 79' lang='grc' dir='ltr'><strong><em>ἄλλα</em></strong></span> <span class='ocrx_word' id='word_1_460' title='bbox 874 1713 1013 1758; x_wconf 83' lang='grc' dir='ltr'><strong><em>πάντα,</em></strong></span> <span class='ocrx_word' id='word_1_461' title='bbox 1038 1713 1160 1751; x_wconf 88' lang='grc' dir='ltr'><strong><em>ὁπόσα</em></strong></span> <span class='ocrx_word' id='word_1_462' title='bbox 1183 1718 1261 1749; x_wconf 87' lang='grc' dir='ltr'><strong><em>ταῖς</em></strong></span> <span class='ocrx_word' id='word_1_463' title='bbox 1279 1729 1337 1762; x_wconf 92' lang='grc' dir='ltr'><strong><em>γυ-</em></strong></span> <span class='ocrx_word' id='word_1_464' title='bbox 1405 1716 1613 1752; x_wconf 86' lang='lat' dir='ltr'><strong>mulieribus</strong></span> <span class='ocrx_word' id='word_1_465' title='bbox 1649 1717 1686 1751; x_wconf 93' lang='lat' dir='ltr'><strong>in</strong></span> <span class='ocrx_word' id='word_1_466' title='bbox 1721 1716 1867 1751; x_wconf 88' lang='lat' dir='ltr'><strong>diversis</strong></span> <span class='ocrx_word' id='word_1_467' title='bbox 1929 1716 2093 1760; x_wconf 86' lang='lat' dir='ltr'><strong>rivilegiis</strong></span> <span class='ocrx_word' id='word_1_468' title='bbox 2129 1726 2152 1750; x_wconf 88' lang='lat' dir='ltr'><strong>a</strong></span> <span class='ocrx_word' id='word_1_469' title='bbox 2181 1716 2314 1751; x_wconf 81' lang='lat' dir='ltr'><strong>nostris</strong></span> <span class='ocrx_word' id='word_1_470' title='bbox 2342 1715 2479 1759; x_wconf 86' lang='lat' dir='ltr'><strong>legibus</strong></span> 
     </span>
     <span class='ocr_line' id='line_1_34' title="bbox 259 1759 2481 1817; baseline 0 -22"><span class='ocrx_word' id='word_1_471' title='bbox 259 1761 379 1802; x_wconf 81' lang='grc' dir='ltr'><strong><em>ναιξὶν</em></strong></span> <span class='ocrx_word' id='word_1_472' title='bbox 410 1763 450 1796; x_wconf 72' lang='grc' dir='ltr'><strong>ἐν</strong></span> <span class='ocrx_word' id='word_1_473' title='bbox 473 1759 659 1809; x_wconf 80' lang='grc' dir='ltr'><strong><em>διαφόροις</em></strong></span> <span class='ocrx_word' id='word_1_474' title='bbox 690 1765 896 1807; x_wconf 89' lang='grc' dir='ltr'><strong><em>προνομίοις</em></strong></span> <span class='ocrx_word' id='word_1_475' title='bbox 925 1761 1026 1807; x_wconf 83' lang='grc' dir='ltr'><strong><em>παρὰ</em></strong></span> <span class='ocrx_word' id='word_1_476' title='bbox 1055 1762 1132 1795; x_wconf 78' lang='grc' dir='ltr'><strong>τῶν</strong></span> <span class='ocrx_word' id='word_1_477' title='bbox 1154 1759 1339 1817; x_wconf 57' lang='grc' dir='ltr'><strong><em>τὶμεζτέρων</em></strong></span> <span class='ocrx_word' id='word_1_478' title='bbox 1406 1761 1491 1796; x_wconf 82' lang='lat' dir='ltr'><strong>data</strong></span> <span class='ocrx_word' id='word_1_479' title='bbox 1507 1764 1600 1803; x_wconf 87' lang='lat' dir='ltr'><strong>sunt,</strong></span> <span class='ocrx_word' id='word_1_480' title='bbox 1624 1761 1694 1796; x_wconf 85' lang='lat' dir='ltr'><strong>illis</strong></span> <span class='ocrx_word' id='word_1_481' title='bbox 1717 1762 1842 1798; x_wconf 77' lang='lat' dir='ltr'><strong>damus</strong></span> <span class='ocrx_word' id='word_1_482' title='bbox 1865 1773 1882 1797; x_wconf 85' lang='lat' dir='ltr'><strong>s</strong></span> <span class='ocrx_word' id='word_1_483' title='bbox 1919 1762 1950 1798; x_wconf 89' lang='lat' dir='ltr'><strong>is</strong></span> <span class='ocrx_word' id='word_1_484' title='bbox 1975 1764 2151 1806; x_wconf 79' lang='lat' dir='ltr'><strong>quatenus</strong></span> <span class='ocrx_word' id='word_1_485' title='bbox 2175 1760 2232 1796; x_wconf 86' lang='lat' dir='ltr'><strong>his</strong></span> <span class='ocrx_word' id='word_1_486' title='bbox 2255 1762 2422 1796; x_wconf 80' lang='lat' dir='ltr'><strong>fruantur</strong></span> <span class='ocrx_word' id='word_1_487' title='bbox 2445 1764 2481 1795; x_wconf 79' lang='lat' dir='ltr'><strong>et</strong></span> 
     </span>
    </p>
   </div>
   <div class='ocr_carea' id='block_1_5' title="bbox 260 1804 2479 1907">
    <p class='ocr_par' dir='ltr' id='par_1_6' title="bbox 260 1804 2479 1907">
     <span class='ocr_line' id='line_1_35' title="bbox 261 1804 2479 1862; baseline 0 -22"><span class='ocrx_word' id='word_1_488' title='bbox 261 1804 405 1862; x_wconf 48' lang='grc' dir='ltr'><strong><em>δέδοται</em></strong></span> <span class='ocrx_word' id='word_1_489' title='bbox 433 1807 569 1851; x_wconf 83' lang='grc' dir='ltr'><strong><em>νόμων,</em></strong></span> <span class='ocrx_word' id='word_1_490' title='bbox 602 1809 752 1841; x_wconf 80' lang='grc' dir='ltr'><strong><em>ἐκείναις</em></strong></span> <span class='ocrx_word' id='word_1_491' title='bbox 783 1804 929 1851; x_wconf 83' lang='grc' dir='ltr'><strong><em>δίδομεν</em></strong></span> <span class='ocrx_word' id='word_1_492' title='bbox 957 1805 1087 1851; x_wconf 86' lang='grc' dir='ltr'><strong><em>μόναις</em></strong></span> <span class='ocrx_word' id='word_1_493' title='bbox 1117 1807 1162 1852; x_wconf 80' lang='grc' dir='ltr'><strong>ἐφ</strong></span> <span class='ocrx_word' id='word_1_494' title='bbox 1204 1819 1233 1848; x_wconf 82' lang='grc' dir='ltr'>ῳ</span> <span class='ocrx_word' id='word_1_495' title='bbox 1259 1806 1338 1840; x_wconf 81' lang='grc' dir='ltr'><strong><em>τού-</em></strong></span> <span class='ocrx_word' id='word_1_496' title='bbox 1406 1809 1564 1850; x_wconf 85' lang='lat' dir='ltr'><strong>utantur,</strong></span> <span class='ocrx_word' id='word_1_497' title='bbox 1597 1816 1688 1851; x_wconf 86' lang='lat' dir='ltr'><strong>quae</strong></span> <span class='ocrx_word' id='word_1_498' title='bbox 1710 1806 1927 1852; x_wconf 86' lang='lat' dir='ltr'><strong>diligentiam</strong></span> <span class='ocrx_word' id='word_1_499' title='bbox 1950 1806 2085 1842; x_wconf 87' lang='lat' dir='ltr'><strong>habent</strong></span> <span class='ocrx_word' id='word_1_500' title='bbox 2107 1808 2242 1841; x_wconf 81' lang='lat' dir='ltr'><strong>rectam</strong></span> <span class='ocrx_word' id='word_1_501' title='bbox 2268 1810 2305 1841; x_wconf 84' lang='lat' dir='ltr'><strong>et</strong></span> <span class='ocrx_word' id='word_1_502' title='bbox 2327 1805 2479 1841; x_wconf 87' lang='lat' dir='ltr'><strong>adoran-</strong></span> 
     </span>
     <span class='ocr_line' id='line_1_36' title="bbox 260 1847 1336 1907; baseline -0.002 -22"><span class='ocrx_word' id='word_1_503' title='bbox 260 1864 338 1885; x_wconf 85' lang='grc' dir='ltr'><strong>των</strong></span> <span class='ocrx_word' id='word_1_504' title='bbox 353 1850 549 1887; x_wconf 80' lang='grc' dir='ltr'><strong><em>απολαύειν</em></strong></span> <span class='ocrx_word' id='word_1_505' title='bbox 565 1865 604 1885; x_wconf 85' lang='grc' dir='ltr'><strong>τε</strong></span> <span class='ocrx_word' id='word_1_506' title='bbox 620 1855 679 1886; x_wconf 82' lang='grc' dir='ltr'><strong>καὶ</strong></span> <span class='ocrx_word' id='word_1_507' title='bbox 695 1852 896 1907; x_wconf 64' lang='grc' dir='ltr'><strong><em>κεχρῆσθαι</em></strong></span> <span class='ocrx_word' id='word_1_508' title='bbox 913 1854 990 1885; x_wconf 77' lang='grc' dir='ltr'><strong><em>ταῖς</em></strong></span> <span class='ocrx_word' id='word_1_509' title='bbox 1006 1851 1044 1892; x_wconf 81' lang='grc' dir='ltr'><strong>ἐξ</strong></span> <span class='ocrx_word' id='word_1_510' title='bbox 1061 1847 1184 1885; x_wconf 77' lang='grc' dir='ltr'><strong><em>αὐτῶν</em></strong></span> <span class='ocrx_word' id='word_1_511' title='bbox 1202 1848 1336 1897; x_wconf 74' lang='grc' dir='ltr'><strong><em>εὐεργε-</em></strong></span> 
     </span>
    </p>
   </div>
   <div class='ocr_carea' id='block_1_6' title="bbox 261 1893 1396 1942">
    <p class='ocr_par' dir='ltr' id='par_1_7' title="bbox 261 1893 1396 1942">
     <span class='ocr_line' id='line_1_37' title="bbox 261 1893 1396 1942; baseline 0.002 -12"><span class='ocrx_word' id='word_1_512' title='bbox 261 1900 372 1940; x_wconf 85' lang='grc' dir='ltr'><strong><em>σίαις,</em></strong></span> <span class='ocrx_word' id='word_1_513' title='bbox 404 1896 457 1931; x_wconf 82' lang='grc' dir='ltr'><strong>αἶς</strong></span> <span class='ocrx_word' id='word_1_514' title='bbox 481 1896 641 1941; x_wconf 77' lang='grc' dir='ltr'><strong><em>ἐπιμελές</em></strong></span> <span class='ocrx_word' id='word_1_515' title='bbox 669 1899 747 1932; x_wconf 84' lang='grc' dir='ltr'><strong><em>ἐστι</em></strong></span> <span class='ocrx_word' id='word_1_516' title='bbox 768 1910 838 1942; x_wconf 73' lang='grc' dir='ltr'><strong>την</strong></span> <span class='ocrx_word' id='word_1_517' title='bbox 861 1893 982 1942; x_wconf 72' lang='grc' dir='ltr'><strong><em>ὀρθὴν</em></strong></span> <span class='ocrx_word' id='word_1_518' title='bbox 1004 1899 1064 1930; x_wconf 77' lang='grc' dir='ltr'><strong>καὶ</strong></span> <span class='ocrx_word' id='word_1_519' title='bbox 1088 1899 1339 1941; x_wconf 83' lang='grc' dir='ltr'><strong><em>προςκυνουμέ-</em></strong></span> <span class='ocrx_word' id='word_1_520' title='bbox 1352 1898 1396 1932; x_wconf 85' lang='grc'><strong>35</strong></span> 
     </span>
    </p>
   </div>
   <div class='ocr_carea' id='block_1_7' title="bbox 328 1988 1231 2033">
    <p class='ocr_par' dir='ltr' id='par_1_8' title="bbox 328 1988 1231 2033">
     <span class='ocr_line' id='line_1_38' title="bbox 328 1988 1231 2033; baseline -0.003 -10"><span class='ocrx_word' id='word_1_521' title='bbox 328 1990 409 2032; x_wconf 66' lang='grc'><strong>939.</strong></span> <span class='ocrx_word' id='word_1_522' title='bbox 436 1996 651 2033; x_wconf 78' lang='lat' dir='ltr'><strong>arqumentum</strong></span> <span class='ocrx_word' id='word_1_523' title='bbox 676 1995 767 2022; x_wconf 80' lang='lat' dir='ltr'><strong>notat</strong></span> <span class='ocrx_word' id='word_1_524' title='bbox 789 1989 921 2022; x_wconf 89' lang='lat' dir='ltr'><strong>Nomoc.</strong></span> <span class='ocrx_word' id='word_1_525' title='bbox 947 1988 1046 2021; x_wconf 90' lang='lat' dir='ltr'><strong>XIV</strong></span> <span class='ocrx_word' id='word_1_526' title='bbox 1063 1989 1110 2021; x_wconf 82' lang='lat' dir='ltr'><strong>tit.</strong></span> <span class='ocrx_word' id='word_1_527' title='bbox 1135 1989 1186 2028; x_wconf 83' lang='lat'><strong>12,</strong></span> <span class='ocrx_word' id='word_1_528' title='bbox 1204 1996 1231 2021; x_wconf 81' lang='lat'><strong>2.</strong></span> 
     </span>
    </p>
   </div>
   <div class='ocr_carea' id='block_1_8' title="bbox 261 2129 2485 2852">
    <p class='ocr_par' dir='ltr' id='par_1_9' title="bbox 261 2129 2482 2447">
     <span class='ocr_line' id='line_1_39' title="bbox 263 2129 2481 2178; baseline -0.001 -12"><span class='ocrx_word' id='word_1_529' title='bbox 263 2132 431 2167; x_wconf 83' lang='lat' dir='ltr'><strong>laborant</strong></span> <span class='ocrx_word' id='word_1_530' title='bbox 464 2141 537 2176; x_wconf 87' lang='lat' dir='ltr'><strong>qua</strong></span> <span class='ocrx_word' id='word_1_531' title='bbox 567 2130 866 2178; x_wconf 78' lang='lat' dir='ltr'><strong>Manichaeorum</strong></span> <span class='ocrx_word' id='word_1_532' title='bbox 897 2135 934 2166; x_wconf 88' lang='lat' dir='ltr'><strong>et</strong></span> <span class='ocrx_word' id='word_1_533' title='bbox 966 2130 1193 2177; x_wconf 65' lang='lat' dir='ltr'><strong>Apollinaris</strong></span> <span class='ocrx_word' id='word_1_534' title='bbox 1226 2129 1393 2176; x_wconf 77' lang='lat' dir='ltr'><strong>impietas</strong></span> <span class='ocrx_word' id='word_1_535' title='bbox 1427 2133 1600 2164; x_wconf 80' lang='lat' dir='ltr'><strong>renovata</strong></span> <span class='ocrx_word' id='word_1_536' title='bbox 1634 2133 1704 2170; x_wconf 84' lang='lat' dir='ltr'><strong>est,</strong></span> <span class='ocrx_word' id='word_1_537' title='bbox 1742 2140 1786 2164; x_wconf 89' lang='lat' dir='ltr'><strong>ac</strong></span> <span class='ocrx_word' id='word_1_538' title='bbox 1817 2133 2009 2175; x_wconf 82' lang='lat' dir='ltr'><strong>praeterea</strong></span> <span class='ocrx_word' id='word_1_539' title='bbox 2041 2140 2162 2164; x_wconf 85' lang='lat' dir='ltr'><strong>omnes</strong></span> <span class='ocrx_word' id='word_1_540' title='bbox 2198 2129 2260 2175; x_wconf 86' lang='lat' dir='ltr'><strong>qui</strong></span> <span class='ocrx_word' id='word_1_541' title='bbox 2293 2140 2366 2164; x_wconf 89' lang='lat' dir='ltr'><strong>non</strong></span> <span class='ocrx_word' id='word_1_542' title='bbox 2397 2132 2481 2164; x_wconf 85' lang='lat' dir='ltr'><strong>sunt</strong></span> 
     </span>
     <span class='ocr_line' id='line_1_40' title="bbox 262 2173 2482 2222; baseline -0.002 -10"><span class='ocrx_word' id='word_1_543' title='bbox 262 2176 455 2213; x_wconf 72' lang='lat' dir='ltr'><strong>memorum</strong></span> <span class='ocrx_word' id='word_1_544' title='bbox 477 2180 625 2211; x_wconf 88' lang='lat' dir='ltr'><strong>sanctae</strong></span> <span class='ocrx_word' id='word_1_545' title='bbox 655 2175 714 2211; x_wconf 87' lang='lat' dir='ltr'><strong>dei</strong></span> <span class='ocrx_word' id='word_1_546' title='bbox 737 2175 938 2211; x_wconf 88' lang='lat' dir='ltr'><strong>catholicae</strong></span> <span class='ocrx_word' id='word_1_547' title='bbox 968 2182 1004 2211; x_wconf 87' lang='lat' dir='ltr'><strong>et</strong></span> <span class='ocrx_word' id='word_1_548' title='bbox 1026 2175 1252 2222; x_wconf 84' lang='lat' dir='ltr'><strong>apostolicae</strong></span> <span class='ocrx_word' id='word_1_549' title='bbox 1275 2173 1465 2215; x_wconf 86' lang='lat' dir='ltr'><strong>ecclesiae,</strong></span> <span class='ocrx_word' id='word_1_550' title='bbox 1495 2175 1533 2208; x_wconf 91' lang='lat' dir='ltr'><strong>in</strong></span> <span class='ocrx_word' id='word_1_551' title='bbox 1555 2185 1629 2220; x_wconf 90' lang='lat' dir='ltr'><strong>qua</strong></span> <span class='ocrx_word' id='word_1_552' title='bbox 1660 2185 1732 2209; x_wconf 89' lang='lat' dir='ltr'><strong>uno</strong></span> <span class='ocrx_word' id='word_1_553' title='bbox 1764 2185 1826 2209; x_wconf 91' lang='lat' dir='ltr'><strong>ore</strong></span> <span class='ocrx_word' id='word_1_554' title='bbox 1857 2185 1977 2209; x_wconf 89' lang='lat' dir='ltr'><strong>omnes</strong></span> <span class='ocrx_word' id='word_1_555' title='bbox 2005 2174 2222 2210; x_wconf 78' lang='lat' dir='ltr'><strong>sanctissimi</strong></span> <span class='ocrx_word' id='word_1_556' title='bbox 2253 2175 2361 2210; x_wconf 76' lang='lat' dir='ltr'><strong>totius</strong></span> <span class='ocrx_word' id='word_1_557' title='bbox 2385 2174 2482 2210; x_wconf 86' lang='lat' dir='ltr'><strong>orbis</strong></span> 
     </span>
     <span class='ocr_line' id='line_1_41' title="bbox 263 2218 2480 2268; baseline -0.002 -10"><span class='ocrx_word' id='word_1_558' title='bbox 263 2227 442 2258; x_wconf 63' lang='lat' dir='ltr'><strong>terrarum</strong></span> <span class='ocrx_word' id='word_1_559' title='bbox 458 2219 715 2268; x_wconf 77' lang='lat' dir='ltr'><strong>patriarchae,</strong></span> <span class='ocrx_word' id='word_1_560' title='bbox 746 2224 780 2256; x_wconf 85' lang='lat' dir='ltr'><strong>et</strong></span> <span class='ocrx_word' id='word_1_561' title='bbox 803 2219 942 2256; x_wconf 83' lang='lat' dir='ltr'><strong>Romae</strong></span> <span class='ocrx_word' id='word_1_562' title='bbox 964 2219 1197 2256; x_wconf 85' lang='lat' dir='ltr'><strong>occidentalis</strong></span> <span class='ocrx_word' id='word_1_563' title='bbox 1225 2223 1259 2255; x_wconf 86' lang='lat' dir='ltr'><strong>et</strong></span> <span class='ocrx_word' id='word_1_564' title='bbox 1288 2218 1396 2254; x_wconf 87' lang='lat' dir='ltr'><strong>huius</strong></span> <span class='ocrx_word' id='word_1_565' title='bbox 1418 2219 1542 2264; x_wconf 83' lang='lat' dir='ltr'><strong>reqiae</strong></span> <span class='ocrx_word' id='word_1_566' title='bbox 1570 2218 1669 2254; x_wconf 88' lang='lat' dir='ltr'><strong>urbis</strong></span> <span class='ocrx_word' id='word_1_567' title='bbox 1691 2224 1727 2254; x_wconf 87' lang='lat' dir='ltr'><strong>et</strong></span> <span class='ocrx_word' id='word_1_568' title='bbox 1749 2219 1996 2254; x_wconf 75' lang='lat' dir='ltr'><strong>Alexandriae</strong></span> <span class='ocrx_word' id='word_1_569' title='bbox 2018 2224 2054 2254; x_wconf 84' lang='lat' dir='ltr'><strong>et</strong></span> <span class='ocrx_word' id='word_1_570' title='bbox 2077 2218 2269 2266; x_wconf 82' lang='lat' dir='ltr'><strong>Theopolis</strong></span> <span class='ocrx_word' id='word_1_571' title='bbox 2291 2224 2325 2255; x_wconf 86' lang='lat' dir='ltr'><strong>et</strong></span> <span class='ocrx_word' id='word_1_572' title='bbox 2349 2219 2480 2254; x_wconf 89' lang='lat' dir='ltr'><strong>Hiero-</strong></span> 
     </span>
     <span class='ocr_line' id='line_1_42' title="bbox 261 2263 2480 2318; baseline -0.001 -17"><span class='ocrx_word' id='word_1_573' title='bbox 261 2267 498 2313; x_wconf 81' lang='lat' dir='ltr'><strong>solymorum,</strong></span> <span class='ocrx_word' id='word_1_574' title='bbox 532 2277 722 2312; x_wconf 85' lang='lat' dir='ltr'><strong>omnesque</strong></span> <span class='ocrx_word' id='word_1_575' title='bbox 754 2265 817 2318; x_wconf 84' lang='lat' dir='ltr'><strong>qui</strong></span> <span class='ocrx_word' id='word_1_576' title='bbox 847 2266 894 2301; x_wconf 89' lang='lat' dir='ltr'><strong>iis</strong></span> <span class='ocrx_word' id='word_1_577' title='bbox 923 2265 1075 2301; x_wconf 86' lang='lat' dir='ltr'><strong>subiecti</strong></span> <span class='ocrx_word' id='word_1_578' title='bbox 1105 2270 1190 2300; x_wconf 89' lang='lat' dir='ltr'><strong>sunt</strong></span> <span class='ocrx_word' id='word_1_579' title='bbox 1218 2265 1436 2300; x_wconf 75' lang='lat' dir='ltr'><strong>sanctissimi</strong></span> <span class='ocrx_word' id='word_1_580' title='bbox 1466 2264 1631 2310; x_wconf 80' lang='lat' dir='ltr'><strong>episcopi</strong></span> <span class='ocrx_word' id='word_1_581' title='bbox 1658 2264 1897 2299; x_wconf 71' lang='lat' dir='ltr'><strong>mostolieam</strong></span> <span class='ocrx_word' id='word_1_582' title='bbox 1925 2263 2032 2309; x_wconf 82' lang='lat' dir='ltr'><strong>fidem</strong></span> <span class='ocrx_word' id='word_1_583' title='bbox 2064 2270 2099 2299; x_wconf 85' lang='lat' dir='ltr'><strong>et</strong></span> <span class='ocrx_word' id='word_1_584' title='bbox 2123 2264 2351 2300; x_wconf 83' lang='lat' dir='ltr'><strong>traditionem</strong></span> <span class='ocrx_word' id='word_1_585' title='bbox 2369 2275 2480 2311; x_wconf 86' lang='lat' dir='ltr'><strong>prac-</strong></span> 
     </span>
     <span class='ocr_line' id='line_1_43' title="bbox 261 2308 2482 2358; baseline -0.001 -11"><span class='ocrx_word' id='word_1_586' title='bbox 261 2313 395 2347; x_wconf 85' lang='lat' dir='ltr'><strong>dicant.</strong></span> <span class='ocrx_word' id='word_1_587' title='bbox 442 2310 519 2347; x_wconf 87' lang='lat' dir='ltr'><strong>Eos</strong></span> <span class='ocrx_word' id='word_1_588' title='bbox 536 2312 650 2358; x_wconf 79' lang='lat' dir='ltr'><strong>iqitur</strong></span> <span class='ocrx_word' id='word_1_589' title='bbox 672 2311 735 2357; x_wconf 89' lang='lat' dir='ltr'><strong>qui</strong></span> <span class='ocrx_word' id='word_1_590' title='bbox 753 2310 1022 2346; x_wconf 78' lang='lat' dir='ltr'><strong>immaculatam</strong></span> <span class='ocrx_word' id='word_1_591' title='bbox 1044 2309 1325 2346; x_wconf 89' lang='lat' dir='ltr'><strong>communionem</strong></span> <span class='ocrx_word' id='word_1_592' title='bbox 1348 2309 1387 2344; x_wconf 88' lang='lat' dir='ltr'><strong>in</strong></span> <span class='ocrx_word' id='word_1_593' title='bbox 1407 2309 1587 2344; x_wconf 87' lang='lat' dir='ltr'><strong>catholica</strong></span> <span class='ocrx_word' id='word_1_594' title='bbox 1610 2318 1670 2344; x_wconf 92' lang='lat' dir='ltr'><strong>ecc</strong></span> <span class='ocrx_word' id='word_1_595' title='bbox 1685 2310 1760 2344; x_wconf 88' lang='lat' dir='ltr'><strong>esia</strong></span> <span class='ocrx_word' id='word_1_596' title='bbox 1779 2320 1802 2343; x_wconf 93' lang='lat' dir='ltr'><strong>a</strong></span> <span class='ocrx_word' id='word_1_597' title='bbox 1822 2308 1889 2343; x_wconf 84' lang='lat' dir='ltr'><strong>deo</strong></span> <span class='ocrx_word' id='word_1_598' title='bbox 1915 2309 2111 2344; x_wconf 83' lang='lat' dir='ltr'><strong>carissimis</strong></span> <span class='ocrx_word' id='word_1_599' title='bbox 2141 2309 2218 2344; x_wconf 81' lang='lat' dir='ltr'><strong>eius</strong></span> <span class='ocrx_word' id='word_1_600' title='bbox 2236 2310 2482 2345; x_wconf 80' lang='lat' dir='ltr'><strong>sacerdotibus</strong></span> 
     </span>
     <span class='ocr_line' id='line_1_44' title="bbox 261 2353 2482 2403; baseline -0.001 -11"><span class='ocrx_word' id='word_1_601' title='bbox 261 2368 335 2393; x_wconf 82' lang='lat' dir='ltr'><strong>non</strong></span> <span class='ocrx_word' id='word_1_602' title='bbox 357 2357 543 2403; x_wconf 83' lang='lat' dir='ltr'><strong>accipiunt</strong></span> <span class='ocrx_word' id='word_1_603' title='bbox 570 2356 769 2392; x_wconf 82' lang='lat' dir='ltr'><strong>haereticos</strong></span> <span class='ocrx_word' id='word_1_604' title='bbox 792 2356 872 2391; x_wconf 87' lang='lat' dir='ltr'><strong>iure</strong></span> <span class='ocrx_word' id='word_1_605' title='bbox 894 2367 1082 2391; x_wconf 83' lang='lat' dir='ltr'><strong>vocamus.-</strong></span> <span class='ocrx_word' id='word_1_606' title='bbox 1116 2366 1199 2390; x_wconf 91' lang='lat' dir='ltr'><strong>nam</strong></span> <span class='ocrx_word' id='word_1_607' title='bbox 1225 2355 1307 2390; x_wconf 84' lang='lat' dir='ltr'><strong>licet</strong></span> <span class='ocrx_word' id='word_1_608' title='bbox 1329 2354 1606 2390; x_wconf 83' lang='lat' dir='ltr'><strong>christianorum</strong></span> <span class='ocrx_word' id='word_1_609' title='bbox 1630 2364 1759 2389; x_wconf 90' lang='lat' dir='ltr'><strong>nomen</strong></span> <span class='ocrx_word' id='word_1_610' title='bbox 1781 2353 1852 2389; x_wconf 83' lang='lat' dir='ltr'><strong>sibi</strong></span> <span class='ocrx_word' id='word_1_611' title='bbox 1873 2354 2078 2400; x_wconf 82' lang='lat' dir='ltr'><strong>imponant,</strong></span> <span class='ocrx_word' id='word_1_612' title='bbox 2109 2357 2225 2389; x_wconf 84' lang='lat' dir='ltr'><strong>tamen</strong></span> <span class='ocrx_word' id='word_1_613' title='bbox 2247 2365 2326 2390; x_wconf 88' lang='lat' dir='ltr'><strong>cum</strong></span> <span class='ocrx_word' id='word_1_614' title='bbox 2348 2365 2388 2390; x_wconf 87' lang='lat' dir='ltr'><strong>se</strong></span> <span class='ocrx_word' id='word_1_615' title='bbox 2411 2354 2482 2401; x_wconf 87' lang='lat' dir='ltr'><strong>ipsi</strong></span> 
     </span>
     <span class='ocr_line' id='line_1_45' title="bbox 262 2399 2149 2447; baseline -0.003 -8"><span class='ocrx_word' id='word_1_616' title='bbox 262 2415 286 2439; x_wconf 87' lang='lat' dir='ltr'><strong>a</strong></span> <span class='ocrx_word' id='word_1_617' title='bbox 308 2413 394 2439; x_wconf 85' lang='lat' dir='ltr'><strong>vcra</strong></span> <span class='ocrx_word' id='word_1_618' title='bbox 417 2401 698 2437; x_wconf 83' lang='lat' dir='ltr'><strong>christianorum</strong></span> <span class='ocrx_word' id='word_1_619' title='bbox 718 2401 793 2446; x_wconf 82' lang='lat' dir='ltr'><strong>fide</strong></span> <span class='ocrx_word' id='word_1_620' title='bbox 816 2406 852 2437; x_wconf 86' lang='lat' dir='ltr'><strong>et</strong></span> <span class='ocrx_word' id='word_1_621' title='bbox 874 2402 1122 2437; x_wconf 80' lang='lat' dir='ltr'><strong>communione</strong></span> <span class='ocrx_word' id='word_1_622' title='bbox 1143 2404 1331 2447; x_wconf 83' lang='lat' dir='ltr'><strong>separent,</strong></span> <span class='ocrx_word' id='word_1_623' title='bbox 1362 2400 1423 2434; x_wconf 83' lang='lat' dir='ltr'><strong>dei</strong></span> <span class='ocrx_word' id='word_1_624' title='bbox 1443 2399 1576 2443; x_wconf 87' lang='lat' dir='ltr'><strong>iudicio</strong></span> <span class='ocrx_word' id='word_1_625' title='bbox 1600 2410 1679 2435; x_wconf 87' lang='lat' dir='ltr'><strong>sese</strong></span> <span class='ocrx_word' id='word_1_626' title='bbox 1700 2399 1860 2434; x_wconf 84' lang='lat' dir='ltr'><strong>subicere</strong></span> <span class='ocrx_word' id='word_1_627' title='bbox 1882 2399 2149 2445; x_wconf 81' lang='lat' dir='ltr'><strong>intellequntur.</strong></span> 
     </span>
    </p>

    <p class='ocr_par' dir='ltr' id='par_1_10' title="bbox 262 2442 2485 2852">
     <span class='ocr_line' id='line_1_46' title="bbox 384 2442 2481 2494; baseline -0.002 -11"><span class='ocrx_word' id='word_1_628' title='bbox 384 2448 412 2483; x_wconf 91' lang='lat'><strong>1.</strong></span> <span class='ocrx_word' id='word_1_629' title='bbox 449 2447 567 2494; x_wconf 84' lang='lat' dir='ltr'><strong>Atque</strong></span> <span class='ocrx_word' id='word_1_630' title='bbox 587 2447 683 2493; x_wconf 79' lang='lat' dir='ltr'><strong>leqes</strong></span> <span class='ocrx_word' id='word_1_631' title='bbox 703 2446 845 2492; x_wconf 86' lang='lat' dir='ltr'><strong>quidem</strong></span> <span class='ocrx_word' id='word_1_632' title='bbox 865 2446 911 2482; x_wconf 85' lang='lat' dir='ltr'><strong>de</strong></span> <span class='ocrx_word' id='word_1_633' title='bbox 929 2445 1118 2481; x_wconf 71' lang='lat' dir='ltr'><strong>haereticis</strong></span> <span class='ocrx_word' id='word_1_634' title='bbox 1136 2446 1310 2491; x_wconf 85' lang='lat' dir='ltr'><strong>prolatae</strong></span> <span class='ocrx_word' id='word_1_635' title='bbox 1330 2445 1493 2480; x_wconf 86' lang='lat' dir='ltr'><strong>omnibus</strong></span> <span class='ocrx_word' id='word_1_636' title='bbox 1513 2445 1729 2490; x_wconf 80' lang='lat' dir='ltr'><strong>manifestae</strong></span> <span class='ocrx_word' id='word_1_637' title='bbox 1743 2448 1848 2479; x_wconf 89' lang='lat' dir='ltr'><strong>sunt:</strong></span> <span class='ocrx_word' id='word_1_638' title='bbox 1870 2453 1938 2478; x_wconf 84' lang='lat' dir='ltr'><strong>nos</strong></span> <span class='ocrx_word' id='word_1_639' title='bbox 1957 2448 2075 2479; x_wconf 86' lang='lat' dir='ltr'><strong>autem</strong></span> <span class='ocrx_word' id='word_1_640' title='bbox 2096 2454 2176 2479; x_wconf 87' lang='lat' dir='ltr'><strong>cum</strong></span> <span class='ocrx_word' id='word_1_641' title='bbox 2196 2453 2257 2479; x_wconf 86' lang='lat' dir='ltr'><strong>eos</strong></span> <span class='ocrx_word' id='word_1_642' title='bbox 2278 2443 2342 2489; x_wconf 85' lang='lat' dir='ltr'><strong>qui</strong></span> <span class='ocrx_word' id='word_1_643' title='bbox 2360 2442 2481 2479; x_wconf 87' lang='lat' dir='ltr'><strong>ortho-</strong></span> 
     </span>
     <span class='ocr_line' id='line_1_47' title="bbox 262 2487 2482 2537; baseline -0.004 -7"><span class='ocrx_word' id='word_1_644' title='bbox 262 2493 399 2530; x_wconf 79' lang='lat' dir='ltr'><strong>doxam</strong></span> <span class='ocrx_word' id='word_1_645' title='bbox 426 2492 534 2537; x_wconf 78' lang='lat' dir='ltr'><strong>fidem</strong></span> <span class='ocrx_word' id='word_1_646' title='bbox 565 2492 832 2537; x_wconf 85' lang='lat' dir='ltr'><strong>amplectuntur</strong></span> <span class='ocrx_word' id='word_1_647' title='bbox 862 2491 902 2526; x_wconf 88' lang='lat' dir='ltr'><strong>in</strong></span> <span class='ocrx_word' id='word_1_648' title='bbox 925 2502 1039 2537; x_wconf 86' lang='lat' dir='ltr'><strong>eaque</strong></span> <span class='ocrx_word' id='word_1_649' title='bbox 1055 2494 1294 2537; x_wconf 80' lang='lat' dir='ltr'><strong>perseverant</strong></span> <span class='ocrx_word' id='word_1_650' title='bbox 1314 2490 1432 2524; x_wconf 88' lang='lat' dir='ltr'><strong>maius</strong></span> <span class='ocrx_word' id='word_1_651' title='bbox 1455 2489 1635 2535; x_wconf 83' lang='lat' dir='ltr'><strong>quoddam</strong></span> <span class='ocrx_word' id='word_1_652' title='bbox 1662 2489 1892 2535; x_wconf 84' lang='lat' dir='ltr'><strong>privileqium</strong></span> <span class='ocrx_word' id='word_1_653' title='bbox 1915 2488 2047 2523; x_wconf 86' lang='lat' dir='ltr'><strong>habere</strong></span> <span class='ocrx_word' id='word_1_654' title='bbox 2070 2489 2217 2525; x_wconf 84' lang='lat' dir='ltr'><strong>velimus</strong></span> <span class='ocrx_word' id='word_1_655' title='bbox 2245 2487 2291 2522; x_wconf 77' lang='lat' dir='ltr'><strong>iis</strong></span> <span class='ocrx_word' id='word_1_656' title='bbox 2313 2488 2377 2534; x_wconf 87' lang='lat' dir='ltr'><strong>qui</strong></span> <span class='ocrx_word' id='word_1_657' title='bbox 2398 2498 2436 2523; x_wconf 88' lang='lat' dir='ltr'><strong>se</strong></span> <span class='ocrx_word' id='word_1_658' title='bbox 2459 2499 2482 2523; x_wconf 89' lang='lat' dir='ltr'><strong>a</strong></span> 
     </span>
     <span class='ocr_line' id='line_1_48' title="bbox 262 2533 2484 2585; baseline -0.003 -11"><span class='ocrx_word' id='word_1_659' title='bbox 262 2550 374 2585; x_wconf 76' lang='lat' dir='ltr'><strong>qreqe</strong></span> <span class='ocrx_word' id='word_1_660' title='bbox 397 2537 454 2573; x_wconf 88' lang='lat' dir='ltr'><strong>dei</strong></span> <span class='ocrx_word' id='word_1_661' title='bbox 476 2541 652 2583; x_wconf 83' lang='lat' dir='ltr'><strong>separant</strong></span> <span class='ocrx_word' id='word_1_662' title='bbox 673 2537 858 2582; x_wconf 86' lang='lat' dir='ltr'><strong>(quoniam</strong></span> <span class='ocrx_word' id='word_1_663' title='bbox 881 2547 926 2572; x_wconf 88' lang='lat' dir='ltr'><strong>ne</strong></span> <span class='ocrx_word' id='word_1_664' title='bbox 941 2547 1019 2583; x_wconf 86' lang='lat' dir='ltr'><strong>par</strong></span> <span class='ocrx_word' id='word_1_665' title='bbox 1039 2537 1180 2582; x_wconf 84' lang='lat' dir='ltr'><strong>quidem</strong></span> <span class='ocrx_word' id='word_1_666' title='bbox 1201 2541 1254 2571; x_wconf 86' lang='lat' dir='ltr'><strong>est</strong></span> <span class='ocrx_word' id='word_1_667' title='bbox 1276 2534 1487 2581; x_wconf 82' lang='lat' dir='ltr'><strong>aequalibus</strong></span> <span class='ocrx_word' id='word_1_668' title='bbox 1510 2535 1638 2580; x_wconf 86' lang='lat' dir='ltr'><strong>quibus</strong></span> <span class='ocrx_word' id='word_1_669' title='bbox 1659 2534 1888 2570; x_wconf 76' lang='lat' dir='ltr'><strong>orthodoxos</strong></span> <span class='ocrx_word' id='word_1_670' title='bbox 1908 2533 2110 2580; x_wconf 77' lang='lat' dir='ltr'><strong>privileqiis</strong></span> <span class='ocrx_word' id='word_1_671' title='bbox 2133 2533 2331 2569; x_wconf 84' lang='lat' dir='ltr'><strong>haereticos</strong></span> <span class='ocrx_word' id='word_1_672' title='bbox 2354 2533 2484 2579; x_wconf 75' lang='lat' dir='ltr'><strong>diqnos</strong></span> 
     </span>
     <span class='ocr_line' id='line_1_49' title="bbox 263 2577 2483 2630; baseline -0.002 -11"><span class='ocrx_word' id='word_1_673' title='bbox 263 2584 413 2627; x_wconf 78' lang='lat' dir='ltr'><strong>haberi),</strong></span> <span class='ocrx_word' id='word_1_674' title='bbox 430 2588 632 2630; x_wconf 84' lang='lat' dir='ltr'><strong>propterea</strong></span> <span class='ocrx_word' id='word_1_675' title='bbox 648 2592 744 2617; x_wconf 88' lang='lat' dir='ltr'><strong>nunc</strong></span> <span class='ocrx_word' id='word_1_676' title='bbox 759 2593 904 2627; x_wconf 85' lang='lat' dir='ltr'><strong>quoque</strong></span> <span class='ocrx_word' id='word_1_677' title='bbox 927 2581 977 2616; x_wconf 88' lang='lat' dir='ltr'><strong>ad</strong></span> <span class='ocrx_word' id='word_1_678' title='bbox 991 2585 1223 2628; x_wconf 84' lang='lat' dir='ltr'><strong>praesentem</strong></span> <span class='ocrx_word' id='word_1_679' title='bbox 1247 2581 1360 2627; x_wconf 81' lang='lat' dir='ltr'><strong>lcqem</strong></span> <span class='ocrx_word' id='word_1_680' title='bbox 1383 2581 1542 2615; x_wconf 88' lang='lat' dir='ltr'><strong>animum</strong></span> <span class='ocrx_word' id='word_1_681' title='bbox 1562 2580 1786 2615; x_wconf 81' lang='lat' dir='ltr'><strong>attendimus.</strong></span> <span class='ocrx_word' id='word_1_682' title='bbox 1835 2578 2011 2626; x_wconf 80' lang='lat' dir='ltr'><strong>Quoniam</strong></span> <span class='ocrx_word' id='word_1_683' title='bbox 2032 2579 2124 2614; x_wconf 83' lang='lat' dir='ltr'><strong>enim</strong></span> <span class='ocrx_word' id='word_1_684' title='bbox 2147 2577 2355 2614; x_wconf 82' lang='lat' dir='ltr'><strong>mulieribus</strong></span> <span class='ocrx_word' id='word_1_685' title='bbox 2366 2579 2483 2624; x_wconf 85' lang='lat' dir='ltr'><strong>privi-</strong></span> 
     </span>
     <span class='ocr_line' id='line_1_50' title="bbox 263 2623 2483 2681; baseline -0.004 -15"><span class='ocrx_word' id='word_1_686' title='bbox 263 2629 359 2681; x_wconf 66' lang='lat' dir='ltr'><strong>lcyia</strong></span> <span class='ocrx_word' id='word_1_687' title='bbox 382 2628 519 2664; x_wconf 87' lang='lat' dir='ltr'><strong>dotium</strong></span> <span class='ocrx_word' id='word_1_688' title='bbox 541 2627 715 2670; x_wconf 88' lang='lat' dir='ltr'><strong>dedimus,</strong></span> <span class='ocrx_word' id='word_1_689' title='bbox 746 2631 788 2662; x_wconf 89' lang='lat' dir='ltr'><strong>ut</strong></span> <span class='ocrx_word' id='word_1_690' title='bbox 809 2628 916 2662; x_wconf 84' lang='lat' dir='ltr'><strong>etiam</strong></span> <span class='ocrx_word' id='word_1_691' title='bbox 939 2626 1205 2672; x_wconf 82' lang='lat' dir='ltr'><strong>antiquioribus</strong></span> <span class='ocrx_word' id='word_1_692' title='bbox 1228 2625 1468 2661; x_wconf 83' lang='lat' dir='ltr'><strong>creditoribus</strong></span> <span class='ocrx_word' id='word_1_693' title='bbox 1484 2625 1753 2671; x_wconf 81' lang='lat' dir='ltr'><strong>praeferantur</strong></span> <span class='ocrx_word' id='word_1_694' title='bbox 1775 2629 1811 2659; x_wconf 87' lang='lat' dir='ltr'><strong>et</strong></span> <span class='ocrx_word' id='word_1_695' title='bbox 1832 2623 2013 2659; x_wconf 84' lang='lat' dir='ltr'><strong>meliorem</strong></span> <span class='ocrx_word' id='word_1_696' title='bbox 2037 2624 2154 2659; x_wconf 88' lang='lat' dir='ltr'><strong>locum</strong></span> <span class='ocrx_word' id='word_1_697' title='bbox 2178 2623 2336 2658; x_wconf 81' lang='lat' dir='ltr'><strong>habeant</strong></span> <span class='ocrx_word' id='word_1_698' title='bbox 2359 2634 2483 2669; x_wconf 86' lang='lat' dir='ltr'><strong>quam-</strong></span> 
     </span>
     <span class='ocr_line' id='line_1_51' title="bbox 264 2667 2485 2720; baseline -0.003 -11"><span class='ocrx_word' id='word_1_699' title='bbox 264 2685 318 2710; x_wconf 83' lang='lat' dir='ltr'><strong>ms</strong></span> <span class='ocrx_word' id='word_1_700' title='bbox 342 2678 501 2720; x_wconf 85' lang='lat' dir='ltr'><strong>tempore</strong></span> <span class='ocrx_word' id='word_1_701' title='bbox 524 2673 650 2715; x_wconf 85' lang='lat' dir='ltr'><strong>victae,</strong></span> <span class='ocrx_word' id='word_1_702' title='bbox 682 2673 722 2707; x_wconf 85' lang='lat' dir='ltr'><strong>in</strong></span> <span class='ocrx_word' id='word_1_703' title='bbox 743 2671 999 2707; x_wconf 82' lang='lat' dir='ltr'><strong>donationibus</strong></span> <span class='ocrx_word' id='word_1_704' title='bbox 1021 2676 1141 2706; x_wconf 87' lang='lat' dir='ltr'><strong>autem</strong></span> <span class='ocrx_word' id='word_1_705' title='bbox 1162 2674 1322 2716; x_wconf 80' lang='lat' dir='ltr'><strong>propter</strong></span> <span class='ocrx_word' id='word_1_706' title='bbox 1345 2670 1493 2717; x_wconf 84' lang='lat' dir='ltr'><strong>nuptias</strong></span> <span class='ocrx_word' id='word_1_707' title='bbox 1523 2675 1563 2705; x_wconf 86' lang='lat' dir='ltr'><strong>ut</strong></span> <span class='ocrx_word' id='word_1_708' title='bbox 1584 2670 1779 2705; x_wconf 84' lang='lat' dir='ltr'><strong>secundum</strong></span> <span class='ocrx_word' id='word_1_709' title='bbox 1804 2673 1966 2715; x_wconf 86' lang='lat' dir='ltr'><strong>tempora</strong></span> <span class='ocrx_word' id='word_1_710' title='bbox 1990 2668 2120 2714; x_wconf 84' lang='lat' dir='ltr'><strong>quibus</strong></span> <span class='ocrx_word' id='word_1_711' title='bbox 2139 2669 2235 2713; x_wconf 84' lang='lat' dir='ltr'><strong>fiant</strong></span> <span class='ocrx_word' id='word_1_712' title='bbox 2264 2667 2485 2715; x_wconf 71' lang='lat' dir='ltr'><strong>hypothecas</strong></span> 
     </span>
     <span class='ocr_line' id='line_1_52' title="bbox 264 2713 2484 2764; baseline -0.002 -10"><span class='ocrx_word' id='word_1_713' title='bbox 264 2719 441 2755; x_wconf 84' lang='lat' dir='ltr'><strong>habeant:</strong></span> <span class='ocrx_word' id='word_1_714' title='bbox 476 2718 641 2754; x_wconf 87' lang='lat' dir='ltr'><strong>omnibus</strong></span> <span class='ocrx_word' id='word_1_715' title='bbox 662 2718 698 2752; x_wconf 87' lang='lat' dir='ltr'><strong>in</strong></span> <span class='ocrx_word' id='word_1_716' title='bbox 721 2717 932 2764; x_wconf 84' lang='lat' dir='ltr'><strong>praesentia</strong></span> <span class='ocrx_word' id='word_1_717' title='bbox 951 2727 1021 2763; x_wconf 87' lang='lat' dir='ltr'><strong>per</strong></span> <span class='ocrx_word' id='word_1_718' title='bbox 1044 2715 1138 2751; x_wconf 90' lang='lat' dir='ltr'><strong>hanc</strong></span> <span class='ocrx_word' id='word_1_719' title='bbox 1160 2716 1317 2751; x_wconf 83' lang='lat' dir='ltr'><strong>divinam</strong></span> <span class='ocrx_word' id='word_1_720' title='bbox 1341 2720 1501 2750; x_wconf 82' lang='lat' dir='ltr'><strong>nostram</strong></span> <span class='ocrx_word' id='word_1_721' title='bbox 1531 2715 1643 2761; x_wconf 79' lang='lat' dir='ltr'><strong>leqem</strong></span> <span class='ocrx_word' id='word_1_722' title='bbox 1666 2714 1898 2759; x_wconf 82' lang='lat' dir='ltr'><strong>manifestum</strong></span> <span class='ocrx_word' id='word_1_723' title='bbox 1919 2714 2095 2758; x_wconf 81' lang='lat' dir='ltr'><strong>facimus,</strong></span> <span class='ocrx_word' id='word_1_724' title='bbox 2128 2723 2197 2748; x_wconf 85' lang='lat' dir='ltr'><strong>nos</strong></span> <span class='ocrx_word' id='word_1_725' title='bbox 2219 2717 2255 2748; x_wconf 87' lang='lat' dir='ltr'><strong>et</strong></span> <span class='ocrx_word' id='word_1_726' title='bbox 2283 2713 2351 2748; x_wconf 86' lang='lat' dir='ltr'><strong>hoc</strong></span> <span class='ocrx_word' id='word_1_727' title='bbox 2371 2713 2484 2759; x_wconf 85' lang='lat' dir='ltr'><strong>privi-</strong></span> 
     </span>
     <span class='ocr_line' id='line_1_53' title="bbox 266 2758 2484 2816; baseline -0.003 -17"><span class='ocrx_word' id='word_1_728' title='bbox 266 2765 397 2811; x_wconf 82' lang='lat' dir='ltr'><strong>leqium</strong></span> <span class='ocrx_word' id='word_1_729' title='bbox 426 2768 461 2799; x_wconf 90' lang='lat' dir='ltr'><strong>et</strong></span> <span class='ocrx_word' id='word_1_730' title='bbox 496 2764 625 2798; x_wconf 81' lang='lat' dir='ltr'><strong>tacitas</strong></span> <span class='ocrx_word' id='word_1_731' title='bbox 655 2762 880 2816; x_wconf 78' lang='lat' dir='ltr'><strong>hypothecas</strong></span> <span class='ocrx_word' id='word_1_732' title='bbox 909 2766 946 2798; x_wconf 89' lang='lat' dir='ltr'><strong>et</strong></span> <span class='ocrx_word' id='word_1_733' title='bbox 973 2766 1092 2797; x_wconf 85' lang='lat' dir='ltr'><strong>cetera</strong></span> <span class='ocrx_word' id='word_1_734' title='bbox 1124 2761 1262 2802; x_wconf 86' lang='lat' dir='ltr'><strong>omnia,</strong></span> <span class='ocrx_word' id='word_1_735' title='bbox 1302 2771 1547 2806; x_wconf 88' lang='lat' dir='ltr'><strong>quaecumque</strong></span> <span class='ocrx_word' id='word_1_736' title='bbox 1575 2759 1783 2795; x_wconf 85' lang='lat' dir='ltr'><strong>mulieribus</strong></span> <span class='ocrx_word' id='word_1_737' title='bbox 1817 2759 1855 2793; x_wconf 87' lang='lat' dir='ltr'><strong>in</strong></span> <span class='ocrx_word' id='word_1_738' title='bbox 1883 2758 2032 2794; x_wconf 83' lang='lat' dir='ltr'><strong>diversis</strong></span> <span class='ocrx_word' id='word_1_739' title='bbox 2055 2758 2263 2805; x_wconf 75' lang='lat' dir='ltr'><strong>privileqiis</strong></span> <span class='ocrx_word' id='word_1_740' title='bbox 2293 2768 2317 2793; x_wconf 86' lang='lat' dir='ltr'><strong>a</strong></span> <span class='ocrx_word' id='word_1_741' title='bbox 2348 2758 2484 2804; x_wconf 80' lang='lat' dir='ltr'><strong>leqibus</strong></span> 
     </span>
     <span class='ocr_line' id='line_1_54' title="bbox 265 2802 2484 2852; baseline -0.004 -7"><span class='ocrx_word' id='word_1_742' title='bbox 265 2809 399 2845; x_wconf 82' lang='lat' dir='ltr'><strong>nostris</strong></span> <span class='ocrx_word' id='word_1_743' title='bbox 421 2809 510 2844; x_wconf 81' lang='lat' dir='ltr'><strong>data</strong></span> <span class='ocrx_word' id='word_1_744' title='bbox 532 2813 627 2849; x_wconf 84' lang='lat' dir='ltr'><strong>sunt,</strong></span> <span class='ocrx_word' id='word_1_745' title='bbox 652 2808 726 2843; x_wconf 82' lang='lat' dir='ltr'><strong>illes</strong></span> <span class='ocrx_word' id='word_1_746' title='bbox 749 2806 944 2843; x_wconf 84' lang='lat' dir='ltr'><strong>concedere</strong></span> <span class='ocrx_word' id='word_1_747' title='bbox 966 2807 1053 2842; x_wconf 88' lang='lat' dir='ltr'><strong>solis</strong></span> <span class='ocrx_word' id='word_1_748' title='bbox 1073 2817 1145 2852; x_wconf 85' lang='lat' dir='ltr'><strong>quc</strong></span> <span class='ocrx_word' id='word_1_749' title='bbox 1169 2806 1400 2852; x_wconf 84' lang='lat' dir='ltr'><strong>etfruantur</strong></span> <span class='ocrx_word' id='word_1_750' title='bbox 1424 2806 1468 2840; x_wconf 86' lang='lat' dir='ltr'><strong>iis</strong></span> <span class='ocrx_word' id='word_1_751' title='bbox 1492 2810 1528 2841; x_wconf 84' lang='lat' dir='ltr'><strong>et</strong></span> <span class='ocrx_word' id='word_1_752' title='bbox 1547 2804 1727 2850; x_wconf 80' lang='lat' dir='ltr'><strong>beneficiis</strong></span> <span class='ocrx_word' id='word_1_753' title='bbox 1750 2803 1834 2839; x_wconf 89' lang='lat' dir='ltr'><strong>inde</strong></span> <span class='ocrx_word' id='word_1_754' title='bbox 1850 2804 1998 2850; x_wconf 83' lang='lat' dir='ltr'><strong>paratis</strong></span> <span class='ocrx_word' id='word_1_755' title='bbox 2015 2807 2177 2844; x_wconf 84' lang='lat' dir='ltr'><strong>utantur,</strong></span> <span class='ocrx_word' id='word_1_756' title='bbox 2200 2813 2295 2848; x_wconf 84' lang='lat' dir='ltr'><strong>quae</strong></span> <span class='ocrx_word' id='word_1_757' title='bbox 2313 2802 2353 2838; x_wconf 86' lang='lat' dir='ltr'><strong>id</strong></span> <span class='ocrx_word' id='word_1_758' title='bbox 2368 2806 2484 2848; x_wconf 70' lang='lat' dir='ltr'><strong>ayunt</strong></span> 
     </span>
    </p>
   </div>
   <div class='ocr_carea' id='block_1_9' title="bbox 267 2957 2482 3099">
    <p class='ocr_par' dir='ltr' id='par_1_11' title="bbox 267 2957 2482 3099">
     <span class='ocr_line' id='line_1_55' title="bbox 314 2957 2482 3011; baseline -0.004 -11"><span class='ocrx_word' id='word_1_759' title='bbox 314 2970 329 3002; x_wconf 90' lang='lat'>1</span> <span class='ocrx_word' id='word_1_760' title='bbox 344 2969 547 3011; x_wconf 83' lang='grc' dir='ltr'><strong><em>μανιχαίων</em></strong></span> <span class='ocrx_word' id='word_1_761' title='bbox 559 2966 628 2999; x_wconf 84' lang='lat' dir='ltr'><strong>LB</strong></span> <span class='ocrx_word' id='word_1_762' title='bbox 637 2964 827 3006; x_wconf 63' lang='lat' dir='ltr'><strong>Nomocflm]</strong></span> <span class='ocrx_word' id='word_1_763' title='bbox 839 2967 1030 3007; x_wconf 86' lang='grc' dir='ltr'><strong><em>μανιχαίου</em></strong></span> <span class='ocrx_word' id='word_1_764' title='bbox 1040 2965 1100 3000; x_wconf 63' lang='lat' dir='ltr'><strong>M:</strong></span> <span class='ocrx_word' id='word_1_765' title='bbox 1109 2964 1171 2998; x_wconf 85' lang='lat' dir='ltr'><strong>Iul.</strong></span> <span class='ocrx_word' id='word_1_766' title='bbox 1189 2963 1203 3007; x_wconf 86' lang='grc' dir='ltr'><strong>ΙΙ</strong></span> <span class='ocrx_word' id='word_1_767' title='bbox 1218 2960 1340 2996; x_wconf 83' lang='grc' dir='ltr'><strong><em>Ἀπολ·</em></strong></span> <span class='ocrx_word' id='word_1_768' title='bbox 1410 2976 1467 2995; x_wconf 86' lang='lat' dir='ltr'><strong>om.</strong></span> <span class='ocrx_word' id='word_1_769' title='bbox 1483 2963 1512 2996; x_wconf 90' lang='lat' dir='ltr'><em>L</em></span> <span class='ocrx_word' id='word_1_770' title='bbox 1530 2962 1543 3006; x_wconf 87' lang='grc'><strong>11</strong></span> <span class='ocrx_word' id='word_1_771' title='bbox 1559 2964 1619 2996; x_wconf 84' lang='grc' dir='ltr'><strong>καὶ</strong></span> <span class='ocrx_word' id='word_1_772' title='bbox 1643 2961 1803 3006; x_wconf 72' lang='grc' dir='ltr'><strong><em>χρῆσθαι</em></strong></span> <span class='ocrx_word' id='word_1_773' title='bbox 1827 2975 1894 2995; x_wconf 84' lang='lat' dir='ltr'><strong>cum</strong></span> <span class='ocrx_word' id='word_1_774' title='bbox 1915 2962 2097 3005; x_wconf 77' lang='lat' dir='ltr'><strong>Scrimqero</strong></span> <span class='ocrx_word' id='word_1_775' title='bbox 2112 2961 2199 3003; x_wconf 64' lang='lat' dir='ltr'><strong>vulq-</strong></span> <span class='ocrx_word' id='word_1_776' title='bbox 2217 2960 2229 3002; x_wconf 90' lang='grc' dir='ltr'><strong>ΙΙ</strong></span> <span class='ocrx_word' id='word_1_777' title='bbox 2247 2962 2323 2993; x_wconf 81' lang='grc' dir='ltr'><strong><em>ταῖς</em></strong></span> <span class='ocrx_word' id='word_1_778' title='bbox 2335 2979 2378 2984; x_wconf 88' lang='grc'><strong>--</strong></span> <span class='ocrx_word' id='word_1_779' title='bbox 2391 2957 2482 3004; x_wconf 75' lang='grc' dir='ltr'><strong><em>εὐερ-</em></strong></span> 
     </span>
     <span class='ocr_line' id='line_1_56' title="bbox 267 3004 2256 3058; baseline -0.005 -12"><span class='ocrx_word' id='word_1_780' title='bbox 267 3013 473 3058; x_wconf 86' lang='grc' dir='ltr'><strong><em>λιναρίουΒ</em></strong></span> <span class='ocrx_word' id='word_1_781' title='bbox 497 3011 510 3056; x_wconf 84' lang='grc'><strong>11</strong></span> <span class='ocrx_word' id='word_1_782' title='bbox 534 3013 554 3046; x_wconf 87' lang='grc'><strong>2</strong></span> <span class='ocrx_word' id='word_1_783' title='bbox 578 3008 668 3054; x_wconf 86' lang='grc' dir='ltr'><strong><em>πρός</em></strong></span> <span class='ocrx_word' id='word_1_784' title='bbox 682 3022 722 3056; x_wconf 80' lang='lat' dir='ltr'><strong>ys</strong></span> <span class='ocrx_word' id='word_1_785' title='bbox 738 3006 877 3044; x_wconf 82' lang='grc' dir='ltr'><strong><em>πάντας</em></strong></span> <span class='ocrx_word' id='word_1_786' title='bbox 888 3009 1182 3050; x_wconf 62' lang='lat' dir='ltr'><strong>LBNomocstmg]</strong></span> <span class='ocrx_word' id='word_1_787' title='bbox 1207 3006 1277 3052; x_wconf 84' lang='grc' dir='ltr'><strong>πρό</strong></span> <span class='ocrx_word' id='word_1_788' title='bbox 1302 3020 1342 3054; x_wconf 86' lang='lat' dir='ltr'><strong>ys</strong></span> <span class='ocrx_word' id='word_1_789' title='bbox 1408 3010 1541 3052; x_wconf 81' lang='grc' dir='ltr'><strong><em>γεσίαις</em></strong></span> <span class='ocrx_word' id='word_1_790' title='bbox 1565 3021 1623 3041; x_wconf 87' lang='grc' dir='ltr'><strong><em>οιη.</em></strong></span> <span class='ocrx_word' id='word_1_791' title='bbox 1641 3020 1660 3044; x_wconf 81' lang='grc' dir='ltr'><strong>ς</strong></span> <span class='ocrx_word' id='word_1_792' title='bbox 1683 3007 1695 3052; x_wconf 82' lang='grc'><strong>11</strong></span> <span class='ocrx_word' id='word_1_793' title='bbox 1726 3007 1764 3047; x_wconf 80' lang='grc' dir='ltr'><strong>ἐξ</strong></span> <span class='ocrx_word' id='word_1_794' title='bbox 1787 3004 1910 3040; x_wconf 78' lang='grc' dir='ltr'><strong><em>αὐτῶν</em></strong></span> <span class='ocrx_word' id='word_1_795' title='bbox 1936 3007 2014 3048; x_wconf 88' lang='lat' dir='ltr'><strong>LB]</strong></span> <span class='ocrx_word' id='word_1_796' title='bbox 2045 3005 2186 3038; x_wconf 80' lang='grc' dir='ltr'><strong><em>ἑαυτῶν</em></strong></span> <span class='ocrx_word' id='word_1_797' title='bbox 2211 3006 2256 3038; x_wconf 83' lang='lat' dir='ltr'><em>M</em></span> 
     </span>
     <span class='ocr_line' id='line_1_57' title="bbox 267 3050 2030 3099; baseline -0.005 -8"><span class='ocrx_word' id='word_1_798' title='bbox 267 3059 419 3093; x_wconf 83' lang='grc' dir='ltr'><strong><em>πάντων</em></strong></span> <span class='ocrx_word' id='word_1_799' title='bbox 442 3058 482 3090; x_wconf 67' lang='grc' dir='ltr'><strong>ΑΙ</strong></span> <span class='ocrx_word' id='word_1_800' title='bbox 509 3057 657 3097; x_wconf 85' lang='lat' dir='ltr'><strong>(omnino</strong></span> <span class='ocrx_word' id='word_1_801' title='bbox 683 3066 735 3087; x_wconf 77' lang='lat'><strong>008</strong></span> <span class='ocrx_word' id='word_1_802' title='bbox 758 3055 835 3096; x_wconf 78' lang='lat' dir='ltr'><strong>Iul.)</strong></span> <span class='ocrx_word' id='word_1_803' title='bbox 864 3055 876 3099; x_wconf 82' lang='grc'><strong>11</strong></span> <span class='ocrx_word' id='word_1_804' title='bbox 909 3057 928 3088; x_wconf 88' lang='grc'><strong>3</strong></span> <span class='ocrx_word' id='word_1_805' title='bbox 952 3052 1147 3096; x_wconf 73' lang='grc' dir='ltr'><strong><em>καθολικῆς</em></strong></span> <span class='ocrx_word' id='word_1_806' title='bbox 1170 3055 1228 3087; x_wconf 83' lang='grc' dir='ltr'><strong>καὶ</strong></span> <span class='ocrx_word' id='word_1_807' title='bbox 1252 3050 1341 3087; x_wconf 78' lang='grc' dir='ltr'><strong><em>ἄπο·</em></strong></span> <span class='ocrx_word' id='word_1_808' title='bbox 1409 3069 2030 3076; x_wconf 46' lang='lat' dir='ltr'>-*w—————-————--</span> 
     </span>
    </p>
   </div>
   <div class='ocr_carea' id='block_1_10' title="bbox 2111 3069 2210 3072">
    <p class='ocr_par' dir='ltr' id='par_1_12' title="bbox 2111 3069 2210 3072">
     <span class='ocr_line' id='line_1_58' title="bbox 2111 3069 2210 3072; baseline 0 0"><span class='ocrx_word' id='word_1_809' title='bbox 2111 3069 2210 3072; x_wconf 95' lang='lat' dir='ltr'><strong> </strong></span> 
     </span>
    </p>
   </div>
   <div class='ocr_carea' id='block_1_11' title="bbox 2295 3068 2468 3071">
    <p class='ocr_par' dir='ltr' id='par_1_13' title="bbox 2295 3068 2468 3071">
     <span class='ocr_line' id='line_1_59' title="bbox 2295 3068 2468 3071; baseline 0 0"><span class='ocrx_word' id='word_1_810' title='bbox 2295 3068 2468 3071; x_wconf 95' lang='lat' dir='ltr'><strong> </strong></span> 
     </span>
    </p>
   </div>
   <div class='ocr_carea' id='block_1_12' title="bbox 267 3093 2486 3234">
    <p class='ocr_par' dir='ltr' id='par_1_14' title="bbox 267 3093 2486 3234">
     <span class='ocr_line' id='line_1_60' title="bbox 267 3093 2483 3144; baseline -0.005 -7"><span class='ocrx_word' id='word_1_811' title='bbox 267 3101 430 3144; x_wconf 84' lang='grc' dir='ltr'><strong><em>στολικῆς</em></strong></span> <span class='ocrx_word' id='word_1_812' title='bbox 446 3099 747 3143; x_wconf 79' lang='grc' dir='ltr'><strong><em>ἐκκλησίαςΜΒς]</em></strong></span> <span class='ocrx_word' id='word_1_813' title='bbox 764 3098 947 3144; x_wconf 83' lang='grc' dir='ltr'><strong><em>ἐκκλησίας</em></strong></span> <span class='ocrx_word' id='word_1_814' title='bbox 967 3098 1161 3141; x_wconf 74' lang='grc' dir='ltr'><strong><em>καθολικῆς</em></strong></span> <span class='ocrx_word' id='word_1_815' title='bbox 1177 3102 1236 3132; x_wconf 83' lang='grc' dir='ltr'><strong>καὶ</strong></span> <span class='ocrx_word' id='word_1_816' title='bbox 1253 3093 1341 3133; x_wconf 80' lang='grc' dir='ltr'><strong><em>ἀπο·</em></strong></span> <span class='ocrx_word' id='word_1_817' title='bbox 1466 3099 1488 3131; x_wconf 86' lang='grc'>4</span> <span class='ocrx_word' id='word_1_818' title='bbox 1507 3098 1653 3141; x_wconf 87' lang='lat' dir='ltr'><strong>episcopi</strong></span> <span class='ocrx_word' id='word_1_819' title='bbox 1673 3111 1732 3131; x_wconf 88' lang='lat' dir='ltr'><strong>om.</strong></span> <span class='ocrx_word' id='word_1_820' title='bbox 1746 3097 1807 3139; x_wconf 62' lang='lat'><strong>12¹,</strong></span> <span class='ocrx_word' id='word_1_821' title='bbox 1831 3096 1940 3140; x_wconf 88' lang='lat' dir='ltr'><strong>episco</strong></span> <span class='ocrx_word' id='word_1_822' title='bbox 1965 3095 1976 3126; x_wconf 87' lang='lat' dir='ltr'><strong>i</strong></span> <span class='ocrx_word' id='word_1_823' title='bbox 1998 3097 2031 3127; x_wconf 88' lang='lat' dir='ltr'><strong>et</strong></span> <span class='ocrx_word' id='word_1_824' title='bbox 2051 3095 2113 3128; x_wconf 86' lang='lat' dir='ltr'><strong>del.</strong></span> <span class='ocrx_word' id='word_1_825' title='bbox 2131 3094 2221 3128; x_wconf 85' lang='lat' dir='ltr'><strong>Beck</strong></span> <span class='ocrx_word' id='word_1_826' title='bbox 2236 3094 2248 3136; x_wconf 86' lang='grc'><strong>11</strong></span> <span class='ocrx_word' id='word_1_827' title='bbox 2267 3096 2286 3127; x_wconf 85' lang='grc'>5</span> <span class='ocrx_word' id='word_1_828' title='bbox 2306 3093 2483 3136; x_wconf 83' lang='lat' dir='ltr'><strong>hesperiae]</strong></span> 
     </span>
     <span class='ocr_line' id='line_1_61' title="bbox 267 3138 2484 3190; baseline -0.005 -8"><span class='ocrx_word' id='word_1_829' title='bbox 267 3147 428 3190; x_wconf 84' lang='grc' dir='ltr'><strong><em>στολικῆς</em></strong></span> <span class='ocrx_word' id='word_1_830' title='bbox 441 3146 590 3181; x_wconf 71' lang='grc' dir='ltr'><strong>Νοιηοε.α</strong></span> <span class='ocrx_word' id='word_1_831' title='bbox 616 3147 676 3178; x_wconf 80' lang='grc' dir='ltr'><strong>καὶ</strong></span> <span class='ocrx_word' id='word_1_832' title='bbox 690 3142 845 3190; x_wconf 75' lang='grc' dir='ltr'><strong><em>μεγάλης</em></strong></span> <span class='ocrx_word' id='word_1_833' title='bbox 866 3143 1048 3188; x_wconf 81' lang='grc' dir='ltr'><strong><em>ἐκκλησίας</em></strong></span> <span class='ocrx_word' id='word_1_834' title='bbox 1067 3144 1128 3186; x_wconf 76' lang='grc' dir='ltr'><strong>τῆς</strong></span> <span class='ocrx_word' id='word_1_835' title='bbox 1149 3141 1343 3185; x_wconf 76' lang='grc' dir='ltr'><strong><em>καθολικῆς</em></strong></span> <span class='ocrx_word' id='word_1_836' title='bbox 1411 3143 1510 3185; x_wconf 84' lang='lat' dir='ltr'><strong>hespe</strong></span> <span class='ocrx_word' id='word_1_837' title='bbox 1525 3144 1583 3187; x_wconf 65' lang='lat' dir='ltr'><strong>Ru</strong></span> <span class='ocrx_word' id='word_1_838' title='bbox 1611 3144 1631 3176; x_wconf 89' lang='grc'>6</span> <span class='ocrx_word' id='word_1_839' title='bbox 1655 3141 1889 3175; x_wconf 86' lang='lat' dir='ltr'><strong>alexandrinae</strong></span> <span class='ocrx_word' id='word_1_840' title='bbox 1905 3141 1946 3174; x_wconf 79' lang='lat' dir='ltr'><strong>T·</strong></span> <span class='ocrx_word' id='word_1_841' title='bbox 1970 3139 1982 3184; x_wconf 88' lang='grc'><strong>11</strong></span> <span class='ocrx_word' id='word_1_842' title='bbox 1999 3138 2165 3183; x_wconf 88' lang='lat' dir='ltr'><strong>teopoleos</strong></span> <span class='ocrx_word' id='word_1_843' title='bbox 2186 3138 2243 3182; x_wconf 75' lang='lat' dir='ltr'><strong>Vll</strong></span> <span class='ocrx_word' id='word_1_844' title='bbox 2259 3138 2484 3171; x_wconf 81' lang='lat' dir='ltr'><strong>hierosolimo-</strong></span> 
     </span>
     <span class='ocr_line' id='line_1_62' title="bbox 268 3181 2486 3234; baseline -0.005 -7"><span class='ocrx_word' id='word_1_845' title='bbox 268 3197 326 3227; x_wconf 83' lang='grc' dir='ltr'><strong>καὶ</strong></span> <span class='ocrx_word' id='word_1_846' title='bbox 355 3190 592 3234; x_wconf 76' lang='grc' dir='ltr'><strong><em>ἀποστολικῆς</em></strong></span> <span class='ocrx_word' id='word_1_847' title='bbox 616 3191 786 3233; x_wconf 69' lang='grc' dir='ltr'><strong><em>Νοηιοε.”’,</em></strong></span> <span class='ocrx_word' id='word_1_848' title='bbox 829 3189 1024 3231; x_wconf 72' lang='grc' dir='ltr'><strong><em>καθολικῆς</em></strong></span> <span class='ocrx_word' id='word_1_849' title='bbox 1055 3187 1238 3230; x_wconf 80' lang='grc' dir='ltr'><strong><em>ἐκκλησίας</em></strong></span> <span class='ocrx_word' id='word_1_850' title='bbox 1270 3189 1300 3221; x_wconf 93' lang='lat' dir='ltr'><em>L</em></span> <span class='ocrx_word' id='word_1_851' title='bbox 1333 3190 1343 3230; x_wconf 82' lang='grc'><strong>11</strong></span> <span class='ocrx_word' id='word_1_852' title='bbox 1411 3199 1485 3220; x_wconf 89' lang='lat' dir='ltr'><strong>rum</strong></span> <span class='ocrx_word' id='word_1_853' title='bbox 1506 3188 1539 3222; x_wconf 90' lang='lat' dir='ltr'><strong><em>V</em></strong></span> <span class='ocrx_word' id='word_1_854' title='bbox 1555 3187 1817 3221; x_wconf 80' lang='lat' dir='ltr'><strong>ierosolimorum</strong></span> <span class='ocrx_word' id='word_1_855' title='bbox 1835 3186 1902 3220; x_wconf 76' lang='grc' dir='ltr'><strong>ΕΤ</strong></span> <span class='ocrx_word' id='word_1_856' title='bbox 1915 3185 1928 3229; x_wconf 73' lang='lat' dir='ltr'><strong>fl</strong></span> <span class='ocrx_word' id='word_1_857' title='bbox 1943 3188 1962 3219; x_wconf 73' lang='lat'><strong>‘1</strong></span> <span class='ocrx_word' id='word_1_858' title='bbox 1981 3185 2053 3218; x_wconf 85' lang='lat' dir='ltr'><strong>eius</strong></span> <span class='ocrx_word' id='word_1_859' title='bbox 2065 3184 2171 3218; x_wconf 75' lang='lat' dir='ltr'><strong>R¹T⁰</strong></span> <span class='ocrx_word' id='word_1_860' title='bbox 2188 3183 2202 3228; x_wconf 90' lang='grc'><strong>11</strong></span> <span class='ocrx_word' id='word_1_861' title='bbox 2224 3186 2244 3218; x_wconf 86' lang='grc'><strong>9</strong></span> <span class='ocrx_word' id='word_1_862' title='bbox 2261 3194 2389 3217; x_wconf 85' lang='lat' dir='ltr'><strong>sacrum</strong></span> <span class='ocrx_word' id='word_1_863' title='bbox 2410 3183 2459 3216; x_wconf 83' lang='lat' dir='ltr'><strong>V¹</strong></span> <span class='ocrx_word' id='word_1_864' title='bbox 2473 3181 2486 3226; x_wconf 84' lang='grc'><strong>11</strong></span> 
     </span>
    </p>
   </div>
   <div class='ocr_carea' id='block_1_13' title="bbox 267 3229 2484 3729">
    <p class='ocr_par' dir='ltr' id='par_1_15' title="bbox 267 3229 2484 3729">
     <span class='ocr_line' id='line_1_63' title="bbox 268 3229 2484 3282; baseline -0.005 -9"><span class='ocrx_word' id='word_1_865' title='bbox 268 3242 288 3273; x_wconf 85' lang='grc'>5</span> <span class='ocrx_word' id='word_1_866' title='bbox 312 3238 463 3282; x_wconf 81' lang='grc' dir='ltr'><strong><em>ἑσπέρας</em></strong></span> <span class='ocrx_word' id='word_1_867' title='bbox 486 3238 556 3270; x_wconf 89' lang='lat' dir='ltr'><strong>ML</strong></span> <span class='ocrx_word' id='word_1_868' title='bbox 575 3238 586 3279; x_wconf 90' lang='grc' dir='ltr'><strong>ΙΙ</strong></span> <span class='ocrx_word' id='word_1_869' title='bbox 609 3238 668 3269; x_wconf 82' lang='grc' dir='ltr'><strong>καὶ</strong></span> <span class='ocrx_word' id='word_1_870' title='bbox 683 3237 738 3277; x_wconf 88' lang='grc' dir='ltr'><strong>Μ]</strong></span> <span class='ocrx_word' id='word_1_871' title='bbox 763 3238 822 3268; x_wconf 82' lang='grc' dir='ltr'><strong>καὶ</strong></span> <span class='ocrx_word' id='word_1_872' title='bbox 845 3232 864 3268; x_wconf 87' lang='grc' dir='ltr'>ὁ</span> <span class='ocrx_word' id='word_1_873' title='bbox 893 3236 960 3269; x_wconf 90' lang='lat' dir='ltr'><strong>LB</strong></span> <span class='ocrx_word' id='word_1_874' title='bbox 979 3235 991 3279; x_wconf 90' lang='grc'><strong>11</strong></span> <span class='ocrx_word' id='word_1_875' title='bbox 1016 3237 1036 3269; x_wconf 88' lang='grc'><strong>6</strong></span> <span class='ocrx_word' id='word_1_876' title='bbox 1059 3236 1119 3267; x_wconf 83' lang='grc' dir='ltr'><strong>καὶ</strong></span> <span class='ocrx_word' id='word_1_877' title='bbox 1142 3232 1161 3268; x_wconf 87' lang='grc' dir='ltr'>ὁ</span> <span class='ocrx_word' id='word_1_878' title='bbox 1184 3229 1343 3273; x_wconf 81' lang='grc' dir='ltr'><strong><em>Ἀλεξαν-</em></strong></span> <span class='ocrx_word' id='word_1_879' title='bbox 1415 3235 1455 3266; x_wconf 89' lang='grc'><strong>10</strong></span> <span class='ocrx_word' id='word_1_880' title='bbox 1469 3232 1516 3266; x_wconf 83' lang='lat' dir='ltr'><strong>eis</strong></span> <span class='ocrx_word' id='word_1_881' title='bbox 1529 3232 1602 3278; x_wconf 63' lang='lat'><strong>13²1}</strong></span> <span class='ocrx_word' id='word_1_882' title='bbox 1617 3235 1652 3268; x_wconf 86' lang='lat'><strong>11</strong></span> <span class='ocrx_word' id='word_1_883' title='bbox 1671 3243 1746 3266; x_wconf 87' lang='lat' dir='ltr'><strong>nam</strong></span> <span class='ocrx_word' id='word_1_884' title='bbox 1758 3231 1941 3266; x_wconf 84' lang='lat' dir='ltr'><strong>licet—13</strong></span> <span class='ocrx_word' id='word_1_885' title='bbox 1955 3232 1988 3264; x_wconf 84' lang='lat' dir='ltr'><strong>et</strong></span> <span class='ocrx_word' id='word_1_886' title='bbox 2001 3230 2063 3262; x_wconf 88' lang='lat' dir='ltr'><strong>fide</strong></span> <span class='ocrx_word' id='word_1_887' title='bbox 2078 3243 2139 3262; x_wconf 87' lang='lat' dir='ltr'><strong>scr.</strong></span> <span class='ocrx_word' id='word_1_888' title='bbox 2151 3229 2245 3262; x_wconf 79' lang='lat' dir='ltr'><strong>V²1·n</strong></span> <span class='ocrx_word' id='word_1_889' title='bbox 2258 3230 2350 3263; x_wconf 65' lang='lat' dir='ltr'><strong>raal</strong></span> <span class='ocrx_word' id='word_1_890' title='bbox 2366 3239 2484 3278; x_wconf 63' lang='lat' dir='ltr'><strong>ver-suf,</strong></span> 
     </span>
     <span class='ocr_line' id='line_1_64' title="bbox 267 3273 2484 3327; baseline -0.006 -11"><span class='ocrx_word' id='word_1_891' title='bbox 267 3281 386 3327; x_wconf 82' lang='grc' dir='ltr'><strong><em>δρείας</em></strong></span> <span class='ocrx_word' id='word_1_892' title='bbox 410 3283 444 3317; x_wconf 88' lang='grc' dir='ltr'><em>Β</em></span> <span class='ocrx_word' id='word_1_893' title='bbox 462 3283 474 3326; x_wconf 90' lang='grc' dir='ltr'><strong>ΙΙ</strong></span> <span class='ocrx_word' id='word_1_894' title='bbox 492 3284 512 3316; x_wconf 77' lang='lat'>8</span> <span class='ocrx_word' id='word_1_895' title='bbox 537 3283 726 3315; x_wconf 78' lang='grc' dir='ltr'><strong><em>ἐπίσκοποι</em></strong></span> <span class='ocrx_word' id='word_1_896' title='bbox 750 3295 806 3314; x_wconf 68' lang='lat' dir='ltr'><strong>om⁴</strong></span> <span class='ocrx_word' id='word_1_897' title='bbox 837 3281 864 3314; x_wconf 88' lang='lat' dir='ltr'><strong><em>L</em></strong></span> <span class='ocrx_word' id='word_1_898' title='bbox 881 3281 892 3321; x_wconf 92' lang='grc' dir='ltr'><strong>ΙΙ</strong></span> <span class='ocrx_word' id='word_1_899' title='bbox 914 3282 955 3315; x_wconf 85' lang='grc'><strong>12</strong></span> <span class='ocrx_word' id='word_1_900' title='bbox 979 3278 1047 3314; x_wconf 76' lang='grc' dir='ltr'><strong>κᾶν</strong></span> <span class='ocrx_word' id='word_1_901' title='bbox 1071 3281 1141 3320; x_wconf 82' lang='grc' dir='ltr'><strong>Μς]</strong></span> <span class='ocrx_word' id='word_1_902' title='bbox 1166 3280 1226 3312; x_wconf 81' lang='grc' dir='ltr'><strong>καὶ</strong></span> <span class='ocrx_word' id='word_1_903' title='bbox 1244 3277 1310 3312; x_wconf 88' lang='lat' dir='ltr'><strong>LB</strong></span> <span class='ocrx_word' id='word_1_904' title='bbox 1334 3279 1345 3315; x_wconf 90' lang='grc' dir='ltr'><strong>ΙΙ</strong></span> <span class='ocrx_word' id='word_1_905' title='bbox 1411 3277 1491 3310; x_wconf 84' lang='lat' dir='ltr'><strong>licet</strong></span> <span class='ocrx_word' id='word_1_906' title='bbox 1508 3297 1548 3302; x_wconf 87' lang='lat'>—</span> <span class='ocrx_word' id='word_1_907' title='bbox 1568 3279 1608 3312; x_wconf 85' lang='lat'><strong>13</strong></span> <span class='ocrx_word' id='word_1_908' title='bbox 1625 3278 1678 3311; x_wconf 84' lang='lat' dir='ltr'><strong>dei</strong></span> <span class='ocrx_word' id='word_1_909' title='bbox 1693 3277 1815 3310; x_wconf 91' lang='lat' dir='ltr'><strong>iuditio</strong></span> <span class='ocrx_word' id='word_1_910' title='bbox 1830 3289 1891 3310; x_wconf 84' lang='lat' dir='ltr'><strong>scr.</strong></span> <span class='ocrx_word' id='word_1_911' title='bbox 1906 3275 1955 3309; x_wconf 63' lang='grc' dir='ltr'><strong>Η*</strong></span> <span class='ocrx_word' id='word_1_912' title='bbox 1968 3277 1999 3309; x_wconf 84' lang='lat' dir='ltr'><strong>in</strong></span> <span class='ocrx_word' id='word_1_913' title='bbox 2015 3288 2080 3308; x_wconf 82' lang='lat' dir='ltr'><strong>ras.</strong></span> <span class='ocrx_word' id='word_1_914' title='bbox 2096 3276 2135 3319; x_wconf 52' lang='lat'><strong>11}</strong></span> <span class='ocrx_word' id='word_1_915' title='bbox 2150 3287 2194 3307; x_wconf 77' lang='lat' dir='ltr'><strong>vs.</strong></span> <span class='ocrx_word' id='word_1_916' title='bbox 2213 3275 2226 3317; x_wconf 88' lang='grc'><strong>11</strong></span> <span class='ocrx_word' id='word_1_917' title='bbox 2245 3276 2286 3308; x_wconf 87' lang='grc'><strong>12</strong></span> <span class='ocrx_word' id='word_1_918' title='bbox 2301 3273 2484 3315; x_wconf 79' lang='lat' dir='ltr'><strong>inposuent</strong></span> 
     </span>
     <span class='ocr_line' id='line_1_65' title="bbox 272 3315 2484 3371; baseline -0.006 -9"><span class='ocrx_word' id='word_1_919' title='bbox 272 3331 311 3362; x_wconf 84' lang='grc'><strong>13</strong></span> <span class='ocrx_word' id='word_1_920' title='bbox 329 3328 391 3371; x_wconf 83' lang='grc' dir='ltr'><strong>τῆς</strong></span> <span class='ocrx_word' id='word_1_921' title='bbox 414 3324 603 3370; x_wconf 69' lang='grc' dir='ltr'><strong><em>ἀληθινῆς]</em></strong></span> <span class='ocrx_word' id='word_1_922' title='bbox 628 3328 687 3359; x_wconf 81' lang='grc' dir='ltr'><strong>καὶ</strong></span> <span class='ocrx_word' id='word_1_923' title='bbox 711 3326 773 3368; x_wconf 87' lang='grc' dir='ltr'><strong>τῆς</strong></span> <span class='ocrx_word' id='word_1_924' title='bbox 796 3321 971 3368; x_wconf 77' lang='grc' dir='ltr'><strong><em>ἇληθινῆς</em></strong></span> <span class='ocrx_word' id='word_1_925' title='bbox 990 3326 1025 3359; x_wconf 88' lang='grc' dir='ltr'><em>Β</em></span> <span class='ocrx_word' id='word_1_926' title='bbox 1057 3336 1134 3357; x_wconf 85' lang='lat' dir='ltr'><strong>vcra</strong></span> <span class='ocrx_word' id='word_1_927' title='bbox 1157 3327 1267 3357; x_wconf 81' lang='lat' dir='ltr'><strong>tamen</strong></span> <span class='ocrx_word' id='word_1_928' title='bbox 1292 3334 1311 3360; x_wconf 76' lang='grc' dir='ltr'><strong>ς</strong></span> <span class='ocrx_word' id='word_1_929' title='bbox 1333 3320 1345 3366; x_wconf 92' lang='grc' dir='ltr'><strong>ΙΙ</strong></span> <span class='ocrx_word' id='word_1_930' title='bbox 1415 3324 1446 3355; x_wconf 84' lang='lat' dir='ltr'><em>T</em></span> <span class='ocrx_word' id='word_1_931' title='bbox 1454 3324 1461 3342; x_wconf 88' lang='lat'><strong>¹</strong></span> <span class='ocrx_word' id='word_1_932' title='bbox 1480 3323 1493 3366; x_wconf 90' lang='grc'><strong>11</strong></span> <span class='ocrx_word' id='word_1_933' title='bbox 1513 3324 1552 3358; x_wconf 87' lang='grc'><strong>13</strong></span> <span class='ocrx_word' id='word_1_934' title='bbox 1577 3326 1610 3356; x_wconf 86' lang='lat' dir='ltr'><strong>et</strong></span> <span class='ocrx_word' id='word_1_935' title='bbox 1633 3323 1696 3356; x_wconf 82' lang='lat' dir='ltr'><strong>fide</strong></span> <span class='ocrx_word' id='word_1_936' title='bbox 1717 3323 1762 3364; x_wconf 92' lang='lat' dir='ltr'><strong>V]</strong></span> <span class='ocrx_word' id='word_1_937' title='bbox 1786 3321 1850 3355; x_wconf 83' lang='lat' dir='ltr'><strong>fide</strong></span> <span class='ocrx_word' id='word_1_938' title='bbox 1871 3320 2081 3364; x_wconf 76' lang='lat' dir='ltr'><strong>R(²)Tvu19.</strong></span> <span class='ocrx_word' id='word_1_939' title='bbox 2100 3319 2113 3363; x_wconf 84' lang='grc'><strong>11</strong></span> <span class='ocrx_word' id='word_1_940' title='bbox 2142 3321 2180 3353; x_wconf 89' lang='grc'><strong>16</strong></span> <span class='ocrx_word' id='word_1_941' title='bbox 2204 3318 2334 3362; x_wconf 70' lang='lat' dir='ltr'><strong>prolata</strong></span> <span class='ocrx_word' id='word_1_942' title='bbox 2353 3315 2484 3350; x_wconf 79' lang='lat' dir='ltr'><strong>RV¹T</strong></span> 
     </span>
     <span class='ocr_line' id='line_1_66' title="bbox 270 3361 2480 3417; baseline -0.005 -11"><span class='ocrx_word' id='word_1_943' title='bbox 270 3370 386 3407; x_wconf 67' lang='grc' dir='ltr'><strong><em>αὐτοῖς</em></strong></span> <span class='ocrx_word' id='word_1_944' title='bbox 411 3374 460 3406; x_wconf 68' lang='lat' dir='ltr'><strong>Lss</strong></span> <span class='ocrx_word' id='word_1_945' title='bbox 488 3373 500 3416; x_wconf 92' lang='grc'><strong>11</strong></span> <span class='ocrx_word' id='word_1_946' title='bbox 532 3374 572 3406; x_wconf 87' lang='grc'><strong>14</strong></span> <span class='ocrx_word' id='word_1_947' title='bbox 588 3385 636 3415; x_wconf 83' lang='lat' dir='ltr'><strong>sq.</strong></span> <span class='ocrx_word' id='word_1_948' title='bbox 664 3372 876 3417; x_wconf 83' lang='grc' dir='ltr'><strong><em>χωρίζοντες</em></strong></span> <span class='ocrx_word' id='word_1_949' title='bbox 900 3390 940 3395; x_wconf 88' lang='grc'>-</span> <span class='ocrx_word' id='word_1_950' title='bbox 964 3366 1219 3416; x_wconf 80' lang='grc' dir='ltr'><strong><em>γινώσκονται]</em></strong></span> <span class='ocrx_word' id='word_1_951' title='bbox 1251 3378 1342 3411; x_wconf 82' lang='lat' dir='ltr'><strong>sepa·</strong></span> <span class='ocrx_word' id='word_1_952' title='bbox 1413 3369 1498 3411; x_wconf 78' lang='lat' dir='ltr'><strong>vulq.</strong></span> <span class='ocrx_word' id='word_1_953' title='bbox 1516 3368 1528 3411; x_wconf 90' lang='grc'><strong>11</strong></span> <span class='ocrx_word' id='word_1_954' title='bbox 1545 3367 1617 3411; x_wconf 74' lang='lat' dir='ltr'><strong>lege</strong></span> <span class='ocrx_word' id='word_1_955' title='bbox 1634 3366 1720 3402; x_wconf 73' lang='lat' dir='ltr'><strong>RT⁶</strong></span> <span class='ocrx_word' id='word_1_956' title='bbox 1732 3368 1819 3411; x_wconf 72' lang='lat' dir='ltr'><strong>only.</strong></span> <span class='ocrx_word' id='word_1_957' title='bbox 1874 3368 1912 3400; x_wconf 82' lang='lat'><strong>17</strong></span> <span class='ocrx_word' id='word_1_958' title='bbox 1932 3366 2104 3398; x_wconf 79' lang='lat' dir='ltr'><strong>manifesta</strong></span> <span class='ocrx_word' id='word_1_959' title='bbox 2118 3367 2197 3397; x_wconf 85' lang='lat' dir='ltr'><strong>sunt</strong></span> <span class='ocrx_word' id='word_1_960' title='bbox 2213 3365 2245 3397; x_wconf 83' lang='lat' dir='ltr'><em>R</em></span> <span class='ocrx_word' id='word_1_961' title='bbox 2262 3366 2275 3405; x_wconf 88' lang='grc'><strong>11</strong></span> <span class='ocrx_word' id='word_1_962' title='bbox 2293 3364 2333 3413; x_wconf 67' lang='grc' dir='ltr'><strong>ιβ</strong></span> <span class='ocrx_word' id='word_1_963' title='bbox 2347 3361 2480 3393; x_wconf 74' lang='lat' dir='ltr'><strong>eandem</strong></span> 
     </span>
     <span class='ocr_line' id='line_1_67' title="bbox 269 3405 2484 3461; baseline -0.006 -11"><span class='ocrx_word' id='word_1_964' title='bbox 269 3422 399 3451; x_wconf 85' lang='lat' dir='ltr'><strong>rant—</strong></span> <span class='ocrx_word' id='word_1_965' title='bbox 414 3422 644 3460; x_wconf 84' lang='lat' dir='ltr'><strong>cognoscentes</strong></span> <span class='ocrx_word' id='word_1_966' title='bbox 664 3428 683 3453; x_wconf 80' lang='grc' dir='ltr'><strong>ς</strong></span> <span class='ocrx_word' id='word_1_967' title='bbox 699 3416 712 3460; x_wconf 77' lang='lat' dir='ltr'>fl</span> <span class='ocrx_word' id='word_1_968' title='bbox 736 3418 778 3450; x_wconf 88' lang='lat'><strong>20</strong></span> <span class='ocrx_word' id='word_1_969' title='bbox 793 3412 903 3461; x_wconf 79' lang='grc' dir='ltr'><strong><em>*μήτε</em></strong></span> <span class='ocrx_word' id='word_1_970' title='bbox 918 3416 1028 3449; x_wconf 85' lang='lat' dir='ltr'><strong>MLB</strong></span> <span class='ocrx_word' id='word_1_971' title='bbox 1047 3417 1058 3458; x_wconf 88' lang='grc'><strong>11</strong></span> <span class='ocrx_word' id='word_1_972' title='bbox 1076 3415 1116 3449; x_wconf 89' lang='grc'><strong>21</strong></span> <span class='ocrx_word' id='word_1_973' title='bbox 1134 3413 1216 3448; x_wconf 77' lang='grc' dir='ltr'><strong>τούς</strong></span> <span class='ocrx_word' id='word_1_974' title='bbox 1232 3409 1343 3459; x_wconf 75' lang='grc' dir='ltr'><strong><em>ὄρθο-</em></strong></span> <span class='ocrx_word' id='word_1_975' title='bbox 1421 3413 1452 3444; x_wconf 92' lang='lat' dir='ltr'><strong><em>V</em></strong></span> <span class='ocrx_word' id='word_1_976' title='bbox 1473 3413 1484 3455; x_wconf 87' lang='grc'><strong>11</strong></span> <span class='ocrx_word' id='word_1_977' title='bbox 1507 3414 1739 3446; x_wconf 85' lang='lat' dir='ltr'><strong>descendentes</strong></span> <span class='ocrx_word' id='word_1_978' title='bbox 1765 3413 1797 3446; x_wconf 90' lang='lat' dir='ltr'><em>T</em></span> <span class='ocrx_word' id='word_1_979' title='bbox 1804 3413 1812 3432; x_wconf 85' lang='lat'><strong>¹</strong></span> <span class='ocrx_word' id='word_1_980' title='bbox 1870 3413 1910 3445; x_wconf 87' lang='grc'><strong>19</strong></span> <span class='ocrx_word' id='word_1_981' title='bbox 1933 3410 2062 3452; x_wconf 89' lang='lat' dir='ltr'><strong>aliquid</strong></span> <span class='ocrx_word' id='word_1_982' title='bbox 2086 3410 2178 3453; x_wconf 73' lang='lat' dir='ltr'><strong>RTu</strong></span> <span class='ocrx_word' id='word_1_983' title='bbox 2201 3410 2244 3443; x_wconf 84' lang='lat'><strong>20</strong></span> <span class='ocrx_word' id='word_1_984' title='bbox 2266 3405 2455 3456; x_wconf 65' lang='lat' dir='ltr'><strong>⁰¹¹¹le.RV</strong></span> <span class='ocrx_word' id='word_1_985' title='bbox 2473 3405 2484 3448; x_wconf 82' lang='grc'><strong>11</strong></span> 
     </span>
     <span class='ocr_line' id='line_1_68' title="bbox 271 3450 2484 3507; baseline -0.006 -12"><span class='ocrx_word' id='word_1_986' title='bbox 271 3461 394 3502; x_wconf 80' lang='grc' dir='ltr'><strong><em>δόξους</em></strong></span> <span class='ocrx_word' id='word_1_987' title='bbox 416 3465 490 3496; x_wconf 84' lang='grc' dir='ltr'><strong><em>τοῖς</em></strong></span> <span class='ocrx_word' id='word_1_988' title='bbox 515 3461 700 3507; x_wconf 80' lang='grc' dir='ltr'><strong><em>αι’ρετικοῖς</em></strong></span> <span class='ocrx_word' id='word_1_989' title='bbox 724 3462 759 3495; x_wconf 84' lang='grc' dir='ltr'><em>Β</em></span> <span class='ocrx_word' id='word_1_990' title='bbox 775 3460 787 3506; x_wconf 85' lang='grc'><strong>11</strong></span> <span class='ocrx_word' id='word_1_991' title='bbox 805 3460 887 3494; x_wconf 83' lang='grc' dir='ltr'><strong><em>τοὺς</em></strong></span> <span class='ocrx_word' id='word_1_992' title='bbox 910 3458 1118 3505; x_wconf 86' lang='grc' dir='ltr'><strong><em>αἱρετικοὺς]</em></strong></span> <span class='ocrx_word' id='word_1_993' title='bbox 1147 3461 1180 3492; x_wconf 88' lang='lat' dir='ltr'><strong>et</strong></span> <span class='ocrx_word' id='word_1_994' title='bbox 1204 3458 1343 3492; x_wconf 82' lang='lat' dir='ltr'><strong>haereti-</strong></span> <span class='ocrx_word' id='word_1_995' title='bbox 1404 3458 1456 3492; x_wconf 81' lang='lat'><strong>-22</strong></span> <span class='ocrx_word' id='word_1_996' title='bbox 1479 3462 1615 3502; x_wconf 87' lang='lat' dir='ltr'><strong>propter</strong></span> <span class='ocrx_word' id='word_1_997' title='bbox 1631 3458 1679 3492; x_wconf 61' lang='grc' dir='ltr'><strong>Β*</strong></span> <span class='ocrx_word' id='word_1_998' title='bbox 1702 3459 1838 3502; x_wconf 80' lang='lat' dir='ltr'><strong>propter</strong></span> <span class='ocrx_word' id='word_1_999' title='bbox 1860 3456 1921 3488; x_wconf 90' lang='lat' dir='ltr'><strong>hoc</strong></span> <span class='ocrx_word' id='word_1_1000' title='bbox 1940 3455 2020 3499; x_wconf 59' lang='lat'><strong>12³1}</strong></span> <span class='ocrx_word' id='word_1_1001' title='bbox 2044 3457 2086 3490; x_wconf 87' lang='grc'><strong>24</strong></span> <span class='ocrx_word' id='word_1_1002' title='bbox 2110 3455 2185 3488; x_wconf 80' lang='lat' dir='ltr'><strong>dote</strong></span> <span class='ocrx_word' id='word_1_1003' title='bbox 2206 3453 2259 3494; x_wconf 73' lang='lat' dir='ltr'><strong>Vfl</strong></span> <span class='ocrx_word' id='word_1_1004' title='bbox 2283 3450 2484 3507; x_wconf 56' lang='lat' dir='ltr'><strong>creditorum</strong></span> 
     </span>
     <span class='ocr_line' id='line_1_69' title="bbox 271 3495 2482 3550; baseline -0.004 -12"><span class='ocrx_word' id='word_1_1005' title='bbox 271 3519 324 3539; x_wconf 84' lang='lat' dir='ltr'><strong>cos</strong></span> <span class='ocrx_word' id='word_1_1006' title='bbox 348 3520 366 3543; x_wconf 86' lang='grc' dir='ltr'><strong>ς</strong></span> <span class='ocrx_word' id='word_1_1007' title='bbox 384 3508 396 3550; x_wconf 91' lang='grc'><strong>11</strong></span> <span class='ocrx_word' id='word_1_1008' title='bbox 418 3511 460 3541; x_wconf 87' lang='grc'><strong>22</strong></span> <span class='ocrx_word' id='word_1_1009' title='bbox 486 3508 544 3541; x_wconf 82' lang='grc' dir='ltr'><strong>ἐπὶ</strong></span> <span class='ocrx_word' id='word_1_1010' title='bbox 570 3522 627 3540; x_wconf 85' lang='lat' dir='ltr'><strong>om.</strong></span> <span class='ocrx_word' id='word_1_1011' title='bbox 642 3506 677 3539; x_wconf 89' lang='grc' dir='ltr'><em>Β</em></span> <span class='ocrx_word' id='word_1_1012' title='bbox 693 3506 706 3550; x_wconf 89' lang='grc'><strong>11</strong></span> <span class='ocrx_word' id='word_1_1013' title='bbox 733 3507 774 3540; x_wconf 87' lang='grc'><strong>23</strong></span> <span class='ocrx_word' id='word_1_1014' title='bbox 800 3504 982 3550; x_wconf 85' lang='grc' dir='ltr'><strong><em>προνόμια</em></strong></span> <span class='ocrx_word' id='word_1_1015' title='bbox 1008 3506 1053 3538; x_wconf 89' lang='lat' dir='ltr'><em>M</em></span> <span class='ocrx_word' id='word_1_1016' title='bbox 1056 3507 1066 3546; x_wconf 90' lang='lat'>]</span> <span class='ocrx_word' id='word_1_1017' title='bbox 1091 3504 1292 3548; x_wconf 85' lang='grc' dir='ltr'><strong><em>προνόμιον</em></strong></span> <span class='ocrx_word' id='word_1_1018' title='bbox 1308 3502 1344 3537; x_wconf 89' lang='grc' dir='ltr'><em>Β</em></span> <span class='ocrx_word' id='word_1_1019' title='bbox 1412 3502 1461 3534; x_wconf 83' lang='lat' dir='ltr'><strong>R¹</strong></span> <span class='ocrx_word' id='word_1_1020' title='bbox 1477 3508 1489 3545; x_wconf 84' lang='grc'><strong>11</strong></span> <span class='ocrx_word' id='word_1_1021' title='bbox 1509 3505 1550 3538; x_wconf 86' lang='grc'><strong>25</strong></span> <span class='ocrx_word' id='word_1_1022' title='bbox 1571 3508 1604 3536; x_wconf 84' lang='lat' dir='ltr'><strong>et</strong></span> <span class='ocrx_word' id='word_1_1023' title='bbox 1624 3514 1685 3536; x_wconf 84' lang='lat' dir='ltr'><strong>nee</strong></span> <span class='ocrx_word' id='word_1_1024' title='bbox 1702 3522 1743 3527; x_wconf 93' lang='lat'>—</span> <span class='ocrx_word' id='word_1_1025' title='bbox 1765 3503 1806 3536; x_wconf 86' lang='lat'><strong>31</strong></span> <span class='ocrx_word' id='word_1_1026' title='bbox 1828 3512 1848 3535; x_wconf 87' lang='lat' dir='ltr'><strong>a</strong></span> <span class='ocrx_word' id='word_1_1027' title='bbox 1870 3500 1991 3534; x_wconf 80' lang='lat' dir='ltr'><strong>nostris</strong></span> <span class='ocrx_word' id='word_1_1028' title='bbox 2015 3499 2144 3542; x_wconf 72' lang='lat' dir='ltr'><strong>legibus</strong></span> <span class='ocrx_word' id='word_1_1029' title='bbox 2166 3497 2271 3540; x_wconf 70' lang='lat' dir='ltr'><strong>suppl.</strong></span> <span class='ocrx_word' id='word_1_1030' title='bbox 2289 3495 2337 3529; x_wconf 52' lang='grc' dir='ltr'><strong>ΙΨ</strong></span> <span class='ocrx_word' id='word_1_1031' title='bbox 2351 3509 2381 3528; x_wconf 80' lang='grc' dir='ltr'><strong>ιη</strong></span> <span class='ocrx_word' id='word_1_1032' title='bbox 2398 3503 2482 3539; x_wconf 82' lang='lat' dir='ltr'><strong>spat.</strong></span> 
     </span>
     <span class='ocr_line' id='line_1_70' title="bbox 272 3540 2482 3595; baseline -0.005 -11"><span class='ocrx_word' id='word_1_1033' title='bbox 272 3556 472 3595; x_wconf 83' lang='grc' dir='ltr'><strong><em>προνομίαν</em></strong></span> <span class='ocrx_word' id='word_1_1034' title='bbox 496 3554 526 3585; x_wconf 80' lang='lat' dir='ltr'><strong><em>L</em></strong></span> <span class='ocrx_word' id='word_1_1035' title='bbox 540 3554 627 3595; x_wconf 78' lang='lat' dir='ltr'><strong>vuly.</strong></span> <span class='ocrx_word' id='word_1_1036' title='bbox 657 3552 708 3595; x_wconf 88' lang='lat' dir='ltr'><strong>Cf.</strong></span> <span class='ocrx_word' id='word_1_1037' title='bbox 731 3552 807 3585; x_wconf 83' lang='lat' dir='ltr'><strong>cod.</strong></span> <span class='ocrx_word' id='word_1_1038' title='bbox 822 3552 854 3593; x_wconf 87' lang='grc'><strong>8,</strong></span> <span class='ocrx_word' id='word_1_1039' title='bbox 868 3560 910 3590; x_wconf 77' lang='grc' dir='ltr'><strong>Π,</strong></span> <span class='ocrx_word' id='word_1_1040' title='bbox 925 3558 957 3585; x_wconf 82' lang='grc'><strong>12</strong></span> <span class='ocrx_word' id='word_1_1041' title='bbox 973 3551 986 3594; x_wconf 80' lang='grc' dir='ltr'><strong>ΙΙ</strong></span> <span class='ocrx_word' id='word_1_1042' title='bbox 1012 3551 1055 3584; x_wconf 85' lang='grc'><strong>26</strong></span> <span class='ocrx_word' id='word_1_1043' title='bbox 1078 3553 1136 3583; x_wconf 80' lang='grc' dir='ltr'><strong>καὶ</strong></span> <span class='ocrx_word' id='word_1_1044' title='bbox 1161 3549 1289 3590; x_wconf 73' lang='grc' dir='ltr'><strong><em>ταῦτα]</em></strong></span> <span class='ocrx_word' id='word_1_1045' title='bbox 1313 3549 1346 3581; x_wconf 77' lang='lat' dir='ltr'><strong>et</strong></span> <span class='ocrx_word' id='word_1_1046' title='bbox 1412 3560 1480 3580; x_wconf 83' lang='lat' dir='ltr'><strong>vac.</strong></span> <span class='ocrx_word' id='word_1_1047' title='bbox 1495 3550 1538 3592; x_wconf 55' lang='grc'><strong>61-</strong></span> <span class='ocrx_word' id='word_1_1048' title='bbox 1551 3563 1599 3582; x_wconf 88' lang='grc' dir='ltr'><strong>υυ.</strong></span> <span class='ocrx_word' id='word_1_1049' title='bbox 1615 3547 1628 3593; x_wconf 80' lang='grc' dir='ltr'><strong>ΙΙ</strong></span> <span class='ocrx_word' id='word_1_1050' title='bbox 1646 3551 1719 3590; x_wconf 86' lang='lat' dir='ltr'><strong>nec]</strong></span> <span class='ocrx_word' id='word_1_1051' title='bbox 1743 3557 1832 3581; x_wconf 87' lang='lat' dir='ltr'><strong>nuno</strong></span> <span class='ocrx_word' id='word_1_1052' title='bbox 1854 3547 1889 3585; x_wconf 74' lang='lat' dir='ltr'><strong>V:</strong></span> <span class='ocrx_word' id='word_1_1053' title='bbox 1916 3547 1976 3590; x_wconf 79' lang='lat' dir='ltr'><strong>leq.</strong></span> <span class='ocrx_word' id='word_1_1054' title='bbox 1989 3543 2095 3579; x_wconf 73' lang='lat' dir='ltr'><strong>haec?</strong></span> <span class='ocrx_word' id='word_1_1055' title='bbox 2112 3542 2126 3587; x_wconf 86' lang='grc' dir='ltr'>Ι</span> <span class='ocrx_word' id='word_1_1056' title='bbox 2147 3542 2187 3594; x_wconf 56' lang='grc'><strong>2]</strong></span> <span class='ocrx_word' id='word_1_1057' title='bbox 2203 3540 2380 3592; x_wconf 53' lang='lat' dir='ltr'><strong>ypotheca</strong></span> <span class='ocrx_word' id='word_1_1058' title='bbox 2396 3541 2482 3581; x_wconf 75' lang='lat' dir='ltr'><strong>RV]</strong></span> 
     </span>
     <span class='ocr_line' id='line_1_71' title="bbox 274 3587 2481 3640; baseline -0.006 -9"><span class='ocrx_word' id='word_1_1059' title='bbox 274 3607 332 3627; x_wconf 83' lang='lat' dir='ltr'><strong>nec</strong></span> <span class='ocrx_word' id='word_1_1060' title='bbox 357 3609 391 3636; x_wconf 80' lang='grc' dir='ltr'><strong>ς,</strong></span> <span class='ocrx_word' id='word_1_1061' title='bbox 429 3600 510 3630; x_wconf 84' lang='lat' dir='ltr'><strong>unde</strong></span> <span class='ocrx_word' id='word_1_1062' title='bbox 542 3595 625 3630; x_wconf 79' lang='grc' dir='ltr'><strong><em>οὔτε</em></strong></span> <span class='ocrx_word' id='word_1_1063' title='bbox 661 3598 719 3638; x_wconf 81' lang='lat' dir='ltr'><strong>(sic</strong></span> <span class='ocrx_word' id='word_1_1064' title='bbox 747 3609 810 3640; x_wconf 88' lang='lat' dir='ltr'><strong>pro</strong></span> <span class='ocrx_word' id='word_1_1065' title='bbox 840 3594 941 3640; x_wconf 73' lang='grc' dir='ltr'><strong><em>μηδὲ)</em></strong></span> <span class='ocrx_word' id='word_1_1066' title='bbox 977 3597 1077 3629; x_wconf 77' lang='lat' dir='ltr'><strong>inseri</strong></span> <span class='ocrx_word' id='word_1_1067' title='bbox 1106 3603 1218 3629; x_wconf 79' lang='lat' dir='ltr'><strong>temere</strong></span> <span class='ocrx_word' id='word_1_1068' title='bbox 1246 3594 1346 3628; x_wconf 75' lang='lat' dir='ltr'><strong>voluit</strong></span> <span class='ocrx_word' id='word_1_1069' title='bbox 1413 3595 1446 3624; x_wconf 78' lang='lat' dir='ltr'><strong>et</strong></span> <span class='ocrx_word' id='word_1_1070' title='bbox 1465 3594 1642 3635; x_wconf 81' lang='lat' dir='ltr'><strong>ypothecas</strong></span> <span class='ocrx_word' id='word_1_1071' title='bbox 1663 3593 1741 3634; x_wconf 51' lang='grc' dir='ltr'><strong>ΤΘ)</strong></span> <span class='ocrx_word' id='word_1_1072' title='bbox 1758 3593 1828 3636; x_wconf 87' lang='grc'><strong>1128</strong></span> <span class='ocrx_word' id='word_1_1073' title='bbox 1846 3591 2011 3632; x_wconf 82' lang='lat' dir='ltr'><strong>omnibus]</strong></span> <span class='ocrx_word' id='word_1_1074' title='bbox 2035 3591 2069 3622; x_wconf 82' lang='lat' dir='ltr'><strong>et</strong></span> <span class='ocrx_word' id='word_1_1075' title='bbox 2087 3587 2290 3637; x_wconf 54' lang='lat' dir='ltr'><strong>ommbusli</strong></span> <span class='ocrx_word' id='word_1_1076' title='bbox 2304 3588 2316 3627; x_wconf 90' lang='grc'><strong>11</strong></span> <span class='ocrx_word' id='word_1_1077' title='bbox 2335 3597 2373 3637; x_wconf 81' lang='lat'>¹¹.¹.</span> <span class='ocrx_word' id='word_1_1078' title='bbox 2390 3596 2481 3627; x_wconf 82' lang='lat' dir='ltr'><strong>prae-</strong></span> 
     </span>
     <span class='ocr_line' id='line_1_72' title="bbox 275 3631 2480 3685; baseline -0.003 -14"><span class='ocrx_word' id='word_1_1079' title='bbox 275 3640 301 3672; x_wconf 93' lang='lat'><strong>1.</strong></span> <span class='ocrx_word' id='word_1_1080' title='bbox 323 3640 362 3672; x_wconf 81' lang='lat' dir='ltr'><strong>B.</strong></span> <span class='ocrx_word' id='word_1_1081' title='bbox 380 3642 518 3674; x_wconf 77' lang='lat' dir='ltr'><strong>Koelder</strong></span> <span class='ocrx_word' id='word_1_1082' title='bbox 537 3642 676 3685; x_wconf 79' lang='lat' dir='ltr'><strong>Interpr.</strong></span> <span class='ocrx_word' id='word_1_1083' title='bbox 698 3649 727 3674; x_wconf 81' lang='lat' dir='ltr'><strong>ee</strong></span> <span class='ocrx_word' id='word_1_1084' title='bbox 748 3641 883 3674; x_wconf 83' lang='lat' dir='ltr'><strong>Emend.</strong></span> <span class='ocrx_word' id='word_1_1085' title='bbox 899 3642 926 3675; x_wconf 87' lang='lat' dir='ltr'><strong>I.</strong></span> <span class='ocrx_word' id='word_1_1086' title='bbox 945 3641 983 3674; x_wconf 81' lang='lat' dir='ltr'><strong>R.</strong></span> <span class='ocrx_word' id='word_1_1087' title='bbox 1003 3640 1043 3673; x_wconf 77' lang='lat'><strong>²!</strong></span> <span class='ocrx_word' id='word_1_1088' title='bbox 1062 3642 1124 3675; x_wconf 77' lang='lat'><strong>126</strong></span> <span class='ocrx_word' id='word_1_1089' title='bbox 1145 3642 1188 3680; x_wconf 84' lang='lat' dir='ltr'><strong>(a.</strong></span> <span class='ocrx_word' id='word_1_1090' title='bbox 1211 3639 1310 3681; x_wconf 83' lang='lat'><strong>1792)</strong></span> <span class='ocrx_word' id='word_1_1091' title='bbox 1332 3638 1345 3683; x_wconf 83' lang='grc'><strong>11</strong></span> <span class='ocrx_word' id='word_1_1092' title='bbox 1411 3641 1535 3681; x_wconf 68' lang='lat' dir='ltr'><strong>sentem</strong></span> <span class='ocrx_word' id='word_1_1093' title='bbox 1562 3640 1586 3671; x_wconf 79' lang='lat' dir='ltr'><em>V</em></span> <span class='ocrx_word' id='word_1_1094' title='bbox 1601 3639 1613 3682; x_wconf 80' lang='grc' dir='ltr'><strong>ΙΙ</strong></span> <span class='ocrx_word' id='word_1_1095' title='bbox 1632 3641 1673 3673; x_wconf 85' lang='grc'><strong>29</strong></span> <span class='ocrx_word' id='word_1_1096' title='bbox 1690 3641 1834 3671; x_wconf 79' lang='lat' dir='ltr'><strong>nostram</strong></span> <span class='ocrx_word' id='word_1_1097' title='bbox 1849 3647 1973 3670; x_wconf 79' lang='lat' dir='ltr'><strong>sacram</strong></span> <span class='ocrx_word' id='word_1_1098' title='bbox 1995 3633 2098 3675; x_wconf 81' lang='lat' dir='ltr'><em>VT(²)</em></span> <span class='ocrx_word' id='word_1_1099' title='bbox 2114 3633 2128 3675; x_wconf 72' lang='grc' dir='ltr'>Ι</span> <span class='ocrx_word' id='word_1_1100' title='bbox 2143 3633 2183 3666; x_wconf 85' lang='grc'><strong>31</strong></span> <span class='ocrx_word' id='word_1_1101' title='bbox 2209 3631 2402 3672; x_wconf 76' lang='lat' dir='ltr'><strong>prlvllegnsl</strong></span> <span class='ocrx_word' id='word_1_1102' title='bbox 2427 3641 2480 3663; x_wconf 72' lang='grc'><strong>08·</strong></span> 
     </span>
     <span class='ocr_line' id='line_1_73' title="bbox 275 3676 2308 3729; baseline -0.005 -12"><span class='ocrx_word' id='word_1_1103' title='bbox 275 3686 316 3717; x_wconf 73' lang='grc'><strong>28</strong></span> <span class='ocrx_word' id='word_1_1104' title='bbox 340 3687 478 3728; x_wconf 76' lang='grc' dir='ltr'><strong><em>γένοιτο</em></strong></span> <span class='ocrx_word' id='word_1_1105' title='bbox 506 3686 566 3718; x_wconf 70' lang='lat' dir='ltr'><strong>M‘</strong></span> <span class='ocrx_word' id='word_1_1106' title='bbox 589 3686 602 3729; x_wconf 85' lang='grc'><strong>11</strong></span> <span class='ocrx_word' id='word_1_1107' title='bbox 626 3687 669 3720; x_wconf 73' lang='grc'><strong>34</strong></span> <span class='ocrx_word' id='word_1_1108' title='bbox 693 3681 893 3728; x_wconf 78' lang='grc' dir='ltr'><strong><em>ἄπολάβειν</em></strong></span> <span class='ocrx_word' id='word_1_1109' title='bbox 920 3686 959 3718; x_wconf 80' lang='lat' dir='ltr'><em>M</em></span> <span class='ocrx_word' id='word_1_1110' title='bbox 986 3683 1185 3727; x_wconf 76' lang='grc' dir='ltr'><strong><em>ἀπολαβεῖν</em></strong></span> <span class='ocrx_word' id='word_1_1111' title='bbox 1211 3683 1245 3716; x_wconf 89' lang='grc' dir='ltr'><strong><em>Β</em></strong></span> <span class='ocrx_word' id='word_1_1112' title='bbox 1271 3684 1283 3726; x_wconf 87' lang='grc'><strong>11</strong></span> <span class='ocrx_word' id='word_1_1113' title='bbox 1305 3694 1346 3716; x_wconf 74' lang='grc' dir='ltr'><strong>τε</strong></span> <span class='ocrx_word' id='word_1_1114' title='bbox 1413 3682 1531 3724; x_wconf 82' lang='lat' dir='ltr'><strong>pitulis</strong></span> <span class='ocrx_word' id='word_1_1115' title='bbox 1558 3684 1616 3727; x_wconf 75' lang='lat' dir='ltr'><strong>Ru</strong></span> <span class='ocrx_word' id='word_1_1116' title='bbox 1641 3686 1683 3717; x_wconf 84' lang='grc'><strong>33</strong></span> <span class='ocrx_word' id='word_1_1117' title='bbox 1708 3693 1791 3725; x_wconf 76' lang='lat' dir='ltr'><strong>quae</strong></span> <span class='ocrx_word' id='word_1_1118' title='bbox 1810 3683 1910 3725; x_wconf 63' lang='grc' dir='ltr'><strong><em>ναῖς]</em></strong></span> <span class='ocrx_word' id='word_1_1119' title='bbox 1933 3681 1991 3722; x_wconf 87' lang='lat' dir='ltr'><strong>qui</strong></span> <span class='ocrx_word' id='word_1_1120' title='bbox 2015 3677 2118 3719; x_wconf 70' lang='lat' dir='ltr'><strong>libri}</strong></span> <span class='ocrx_word' id='word_1_1121' title='bbox 2140 3676 2238 3708; x_wconf 76' lang='lat' dir='ltr'><strong>habet</strong></span> <span class='ocrx_word' id='word_1_1122' title='bbox 2261 3676 2308 3708; x_wconf 62' lang='lat'><strong>11¹</strong></span> 
     </span>
    </p>
   </div>
  </div>
 </body>
</html>
