2618 4010
175 170 472 203 IMPERATORIS
501 170 652 203 NOMEN
681 171 964 204 DOCUMENTIS

175 268 223 305 aie
239 271 306 305 νῦν
319 273 388 315 μὲν
410 272 531 305 ἔτους
552 269 789 305 ἑνδεκάτου
812 273 872 314 τῆς
890 269 1057 318 ἡμετέρας
1073 269 1250 318 γράφουσι

173 314 369 359 βασιλείας,
401 315 593 368 ἀρχομένου
624 314 664 349 δὲ
694 317 757 350 τοῦ
783 313 985 363 Ἀπριλλίου
1015 316 1124 360 μηνὸς
1154 316 1246 350 κατὰ

174 362 240 404 τὴν
263 360 414 408 πρώτην
438 363 581 405 ημέραν,
615 358 707 394 καθ’
738 357 778 394 “ν
803 360 889 405 ἡμᾶς
920 359 939 396 ὁ
965 361 1051 396 θεὸς
1070 364 1143 396 τοῖς
1166 358 1244 395 Ῥω-

172 409 295 450 μαίων
318 407 491 448 ἐπέστησε
514 404 710 452 πράγμασι,
759 404 942 460 ωδέκατον
961 409 1038 441 ἔτος
1061 405 1249 453 γράφουσι,

1252 157 1334 204 285

1895 160 2000 204 Nov.
2031 159 2188 203 XLVII
2221 162 2254 201 1.
2287 161 2311 199 2
2334 173 2396 214 ep.

1320 282 1415 306 nunc
1464 270 1580 306 uidem
1604 279 1737 304 annum
1760 271 1986 307 undecimum
2010 271 2125 307 nostri
2149 271 2311 306 scribunt
2332 270 2396 304 im·

1314 316 1415 361 perii,
1450 315 1642 351 mcohante
1664 324 1747 349 vero
1771 316 1895 360 Aprile
1918 327 2038 352 mense
2063 321 2098 351 et
2120 316 2236 360 prima
2260 315 2326 356 dle,
2360 315 2397 350 in

1314 372 1384 406 qua
1415 372 1482 397 nos
1515 361 1602 395 deus
1627 359 1868 396 Romanorum
1900 362 2129 406 superposuit
2159 362 2277 404 rebus,
2308 360 2395 395 duo-

1319 407 1494 442 decimum
1526 415 1659 440 annum
1689 405 1858 450 scribent,
1894 409 1931 441 et
1960 407 2011 441 ita
2043 407 2086 442 de
2120 410 2247 449 cetero,
2283 405 2396 441 donec

172 454 232 484 καὶ
252 447 504 507 ἐφέξῆςρῧτως
524 452 590 484 ἕως
609 448 693 504 ᾑμῖν
713 448 732 504 ᾇ
750 450 836 486 θεὸς
851 465 917 494 την
933 451 1123 496 βασιλείαν
1141 454 1249 486 ἐκτεί-
1286 455 1304 487 5
1318 456 1481 487 nostrum
1511 452 1597 486 deus
1627 449 1815 495 imperium
1840 451 2055 486 extenderit:
2094 455 2134 486 ut
2158 452 2260 486 nobis
2290 451 2397 485 etiam

172 507 251 529 ναι·
286 509 347 529 ινα
370 498 454 539 ημῖν
478 499 538 529 καὶ
561 508 668 530 τουτο
693 509 735 530 το
759 497 906 543 πρᾶγμα
926 495 1014 544 πρὸς
1025 500 1109 531 ,τοῖς
1130 496 1250 541 νόμοις

171 543 230 574 καὶ
253 541 299 587 τῇ
315 539 458 575 τούτων
480 539 620 584 ποιήσει
643 543 745 585 μένοι
769 541 940 585 διηνεκῶς
964 539 1166 584 ἀθάνατον,
1190 543 1251 585 τῆς

170 584 308 629 μνήμης
332 587 393 629 τῆς
416 585 600 629 βασιλείας
624 590 736 621 παντὶ
760 588 1119 633 συμπαραγινομένης
1140 584 1250 634 πράγ-

170 633 261 674 ματί
281 643 322 665 τε
347 633 406 664 καὶ
430 629 558 677 χρόνῳ.

1318 497 1408 532 haec
1432 507 1542 532 causa
1566 505 1674 540 super
1693 495 1788 539 leges
1812 497 1849 530 et
1866 496 1992 531 harum
2015 496 2288 531 celebrationem
2310 506 2395 531 con-

1319 542 1418 578 tinue
1438 543 1581 577 maneat
1597 540 1818 584 immortalis,
1839 540 1922 575 dum
1943 541 2112 576 memoria
2129 541 2265 585 imperii
2282 542 2394 575 omni-

1322 588 1387 624 bus
1411 587 1515 624 simul
1539 585 1740 622 interfuerit
1760 585 1877 621 causis
1902 590 2009 631 atque
2032 587 2264 631 temporibus.

1164 721 1320 757 CAPUT
1349 721 1394 756 II.

217 773 369 811 Κάκεῖνο
398 779 522 821 μέντοι
553 779 803 823 προςτίθεμεν,
845 776 932 812 ὥςτε
964 775 1088 820 ἐπειδὴ
1118 777 1153 810 οἱ
1182 778 1249 811 τὸν
1265 781 1304 812 10
1361 776 1454 812 Illud
1478 786 1619 822 quoque
1642 776 1828 812 adicimus:
1860 775 2026 820 quoniam
2051 776 2087 810 hi
2112 777 2172 819 qui
2196 780 2334 821 tempus
2358 777 2396 811 in

169 819 300 866 χρόνον
320 824 359 855 ἐν
380 825 453 856 τοῖς
469 820 709 868 δικαστηρίοις
728 822 1036 867 ἀποσημαίνοντες
1082 822 1146 856 ετοὶ
1167 823 1245 856 τῶν

169 865 324 911 ἀσαφῶν
342 869 491 901 ἐκείνων
509 870 568 901 καὶ
585 865 746 914 ἀρχαίων
761 865 983 915 γραμμάτων
1002 865 1045 910 δη
1089 868 1170 900 ὗσιν
1187 864 1246 900 αὖ·

169 910 243 952 τόν,
283 910 578 957 παραφυλάττειν
613 915 653 946 ἐν
684 917 795 948 παντὶ
832 911 1051 958 δικαστηρίῳ
1087 911 1129 946 τὸ
1160 909 1243 956 μετ’

169 958 285 989 ἐκεῖνα
310 958 356 990 τὰ
377 956 571 1009 γράμματα
602 958 738 1012 τακτῆς
765 955 996 1010 ἀρχαιότητος
1028 959 1132 1003 ἕτερα
1161 954 1247 991 ὑπο-

1314 822 1454 857 iudiciis
1480 822 1675 866 designant,
1710 832 1790 857 cum
1816 821 1962 856 incertis
1994 821 2065 856 illis
2098 823 2134 856 et
2158 822 2313 865 antiquis
2336 822 2394 856 lit-

1315 867 1402 902 10115
1434 867 1502 902 1100
1537 867 1728 910 declarant,
1763 867 1970 902 observetur
2003 866 2041 901 in
2064 866 2159 901 omni
2182 867 2322 908 iudicio,
2357 870 2396 900 ut

1315 915 1398 989 post
1428 912 1508 946 illas
1539 912 1677 947 litteras
1709 911 1933 956 antiquitatis
1964 911 2053 946 alias
2078 912 2249 955 subdant,
2282 911 2318 945 id
2342 916 2397 946 est

1341 967 1381 991 as
1414 967 1617 992 communes
1654 961 1689 992 et
1726 957 1888 992 omnibus
1919 958 2024 992 notas
2062 959 2098 992 et
2127 966 2218 1001 quae
2249 957 2317 1000 legi
2350 957 2395 990 ab

169 1001 367 1044 τίθεσθαι,
402 1016 518 1036 ταυτα
552 1001 595 1045 δὴ
625 1016 669 1036 τα
694 1016 797 1036 κοινα
835 1005 894 1036 καὶ
927 1014 1042 1036 απασι
1066 1002 1163 1046 σαφῆ
1187 1001 1480 1037 ua215omnibus
1511 1002 1617 1036 facile
1648 1003 1789 1046 possint
1821 1005 1855 1036 et
1879 1002 2079 1046 significare
2102 1004 2282 1046 gestorum
2306 1005 2393 1036 tem-

169 1043 493 1092 ἀναγινώσκεσθαι
523 1048 622 1093 παρὰ
646 1046 798 1081 πάντων
821 1045 955 1094 ῥᾳδίως
979 1045 1161 1091 δυνάμενα
1186 1049 1245 1080 καὶ

169 1089 349 1133 δηλοῦντα
369 1091 435 1126 τὸν
455 1094 533 1126 τῶν
547 1095 811 1138 πραττομένων
831 1090 978 1138 χρόνον·
1004 1093 1064 1125 ἵνα
1082 1090 1132 1136 μὴ
1149 1103 1245 1137 περι-

169 1138 351 1171 νοστῶσιν
371 1135 631 1180 ἀναζητοῦντες
650 1136 715 1171 τὸν
739 1136 879 1183 χρόνον,
911 1137 990 1170 εἶτα
1014 1135 1245 1180 πλανώμενοι

167 1184 328 1224 μένωσιν
349 1183 415 1216 ἕως
431 1179 625 1227 ἀνθρώπῳ
646 1185 720 1215 τινὶ
739 1182 964 1227 περιτύχοιεν
987 1180 1033 1216 τὰ
1051 1180 1246 1237 γράμματα

1314 1057 1399 1090 pus:
1426 1050 1466 1080 ut
1487 1057 1559 1082 non
1579 1047 1773 1091 fatigentur
1793 1048 2013 1091 requirentes
2038 1046 2073 1081 id
2094 1051 2244 1091 tempus,
2270 1047 2397 1081 deinde

1315 1094 1475 1126 errantes
1489 1095 1686 1136 expectent,
1705 1092 1817 1127 donec
1834 1092 2010 1127 hominem
2050 1102 2283 1137 uemcumque
2300 1102 2395 1126 com-

1315 1136 1455 1180 periant
1486 1137 1624 1171 litteras
1653 1136 1733 1171 illas
1765 1148 1830 1182 pro
1863 1138 2011 1172 veritate
2026 1103 2222 1172 iecturum.
2271 1137 2342 1172 Sed
2366 1136 2396 1171 si

1315 1181 1457 1225 quidem
1485 1181 1624 1224 reliqua
1647 1181 1755 1216 etiam
1786 1184 1869 1226 post
1897 1182 2216 1227 praescriptionem
2239 1182 2394 1217 incerta-

169 1228 287 1260 έκεῖνα
319 1230 397 1261 ταῖς
430 1226 616 1269 ἀληθείαις
646 1225 875 1273 γινώσκοντι.
925 1222 1010 1260 ἀλλ’
1041 1240 1072 1260 ει
1102 1228 1169 1270 μὲν
1200 1225 1246 1259 τὰ
1260 1228 1301 1260 20
1314 1236 1393 1260 rum
1425 1226 1622 1260 litterarum
1653 1236 1804 1270 graecae
1840 1227 1913 1261 sint
1945 1227 2060 1269 vocis,
2096 1227 2235 1271 graecis
2266 1227 2395 1262 litteris

169 1271 292 1316 ἐφεξῆς
323 1274 382 1304 καὶ
403 1270 495 1315 μετὰ
523 1269 590 1313 τὴν
613 1271 827 1318 προγραφὴν
857 1273 935 1305 τῶν
957 1270 1113 1317 ἀσαφῶν
1135 1285 1245 1318 γραμ·

167 1313 294 1359 μάτων
323 1317 385 1358 τῆς
409 1313 553 1350 ἑλλάδος
583 1316 635 1359 εἴη
661 1318 791 1361 φωνῆς,
825 1316 1032 1363 γράμμασιν
1056 1315 1246 1360 ἑλληνικοῖς

166 1359 419 1394 ὑποτίθεσθαι
453 1360 520 1394 τὸν
548 1359 688 1406 χρόνον,
722 1362 753 1395 εἰ
785 1360 824 1396 δὲ
856 1359 1019 1406 ῥωμαϊκή
1049 1373 1103 1396 τις
1134 1358 1155 1404 ἡ
1181 1362 1245 1396 τοῦ

167 1405 303 1439 παντὸς
325 1404 455 1452 χάρτου
479 1406 683 1461 καθέστηκε
707 1406 823 1460 τάξις,ς
846 1409 1038 1451 ῥωμαϊκοῖς
1069 1409 1137 1451 μὲν
1161 1406 1246 1440 ὑπο-

1315 1271 1418 1306 subdi
1442 1275 1600 1315 tempus;
1631 1270 1660 1306 si
1684 1281 1767 1306 vero
1792 1271 1923 1306 latinus
1948 1272 2090 1316 quidam
2115 1273 2224 1307 totius
2249 1273 2396 1307 chartae

1315 1316 1489 1352 consistat
1513 1316 1618 1358 ordo,
1650 1315 1770 1350 latinis
1804 1316 1942 1359 quidem
1975 1316 2220 1360 perscribatur
2242 1319 2395 1362 tempus,

1314 1361 1536 1406 interpositis
1569 1360 1639 1396 illis
1662 1360 1807 1396 incertis
1834 1361 2032 1403 elementis,
2065 1362 2252 1397 clariorem
2275 1366 2396 1397 tamen

1314 1406 1475 1442 ordinem
1499 1405 1715 1441 habentibus
1739 1405 1880 1446 litteris,
1914 1416 2002 1450 quas
2025 1406 2132 1441 liceat
2159 1408 2321 1442 omnibus
2344 1407 2394 1441 le-

166 1451 367 1506 γρμφέσθω
390 1450 597 1498 γράμμασιν
621 1465 640 1485 ο
661 1452 784 1498 χρόνος
804 1455 1049 1496 υποκειμένοις
1068 1454 1142 1485 τοῖς
1161 1449 1245 1485 ἇσα-
1259 1453 1300 1487 25
1313 1462 1395 1497 gere
1420 1451 1561 1488 omnino
1586 1451 1804 1496 syllabarum
1828 1450 2021 1486 latinarum
2045 1452 2151 1497 (non)
2175 1452 2321 1496 ignaris.

167 1507 273 1540 φεσιν
309 1497 453 1530 ἐκείνοις
489 1500 683 1539 στοιχείοις,
721 1500 947 1544 σαφεστέραν
981 1500 1107 1541 μέντοι
1142 1494 1247 1537 τάξιν

167 1540 284 1580 ἕξουσι
306 1538 531 1587 γραμμάτων
554 1544 613 1574 καὶ
637 1537 680 1584 ἢν
704 1542 823 1582 ἔξεστι
847 1545 959 1577 πᾶσιν
983 1540 1246 1589 ἀναγινώσκειν

167 1588 240 1619 τοῖς
264 1582 354 1619 ὅλως
378 1585 569 1630 συλλαβῶν
593 1587 791 1633 ῥωμαϊκῶν
818 1583 883 1622 οὐκ
905 1584 1199 1631 ἄνεπιστήμοσιν.

176 1672 185 1684 ‹
210 1627 480 1677 <Ἐπίλογος.>
514 1628 560 1664 Ἡ
571 1635 694 1665 τοίνυν
711 1631 755 1674 σὴ
770 1629 925 1677 ὑπεροχὴ
945 1631 991 1666 τὰ
1007 1630 1246 1688 παραστάντα

1358 1631 1406 1677 (Ε
1414 1631 1475 1676 pil
1483 1642 1503 1666 0
1511 1642 1532 1676 g
1540 1642 1564 1666 11
1572 1642 1600 1667 s.
1649 1631 1729 1667 Tua
1744 1631 1851 1676 igitur
1869 1631 2060 1666 eminentia
2077 1642 2169 1676 quae
2183 1632 2396 1676 placuerunt

166 1678 251 1730 may
274 1679 334 1709 καὶ
359 1674 419 1709 διὰ
434 1674 540 1713 τοῦδε
565 1678 628 1710 τοῦ
654 1677 758 1711 θείου
782 1675 982 1721 δηλούμενα
1005 1690 1117 1722 νομου
1141 1679 1182 1710 ἔν
1205 1689 1245 1710 τε
1258 1679 1300 1712 30
1314 1677 1417 1712 nobis
1451 1680 1487 1711 et
1515 1686 1580 1721 per
1629 1687 1697 1712 anc
1722 1686 1862 1712 sacram
1886 1677 2068 1712 declarata
2092 1679 2178 1712 sunt
2199 1678 2328 1722 legem,
2360 1682 2396 1713 et

166 1732 279 1767 ταυτῃ
303 1721 346 1767 τῇ
371 1718 505 1768 μεγάλῃ
530 1719 631 1755 πόλει
655 1723 695 1755 ἔν
720 1735 757 1756 τε
781 1725 859 1757 ταῖς
882 1724 1067 1768 ἐπαρχίαις
1090 1720 1246 1756 ἁπάσαις

167 1763 220 1798 ὡν
232 1764 330 1810 ἄρχει
352 1764 489 1811 φανερὰ
512 1765 794 1810 καταστησάτω,
833 1764 920 1802 ciis-n
942 1765 1080 1812 μηδένα
1108 1765 1173 1801 τολ
1205 1769 1246 1800 ’ν

165 1811 293 1854 ἑτέρως
316 1807 339 1843 ἀ
364 1811 488 1854 ιθμεῖν
511 1810 576 1845 τὸν
599 1810 731 1856 χρόνον
754 1809 776 1855 ἢ
800 1811 912 1847 τᾶλλα
943 1811 1130 1859 πράττειν,
1160 1810 1242 1846 αλλ’

165 1851 261 1889 οὕτω
285 1869 330 1889 κα
363 1854 455 1901 άπερ
478 1858 690 1904 ἔμπροσθεν
714 1855 944 1903 διωρίσαμεν.
1004 1857 1087 1892 Dat.
1102 1856 1193 1901 prid.
1207 1858 1243 1891 k.

1313 1722 1350 1757 in
1385 1722 1453 1756 hac
1487 1722 1642 1757 maxima
1677 1721 1819 1756 civitate
1855 1724 1892 1757 et
1926 1722 1964 1756 in
1996 1722 2185 1766 provinciis
2221 1723 2393 1758 universis

1313 1767 1442 1811 quibus
1467 1770 1611 1811 praeest
1634 1767 1825 1802 manifesta
1851 1767 2055 1809 constituat,
2080 1770 2121 1802 ut
2144 1767 2264 1803 nullus
2289 1778 2393 1812 prae-

1314 1814 1434 1847 sumat
1464 1812 1568 1847 aliter
1591 1822 1778 1847 numerare
1801 1814 1942 1856 tempus
1975 1814 2040 1847 aut
2062 1812 2160 1847 aliud
2184 1822 2297 1856 agere,
2331 1813 2394 1848 sed

1313 1857 1365 1891 ita
1390 1857 1483 1892 sicut
1508 1857 1642 1892 dudum
1667 1857 1897 1893 decrevimus.
1981 1857 2065 1892 Dat.
2085 1857 2198 1902 pridie
2217 1858 2287 1892 kal.
2306 1857 2393 1902 Sep-

166 1900 263 1945 Sept.
283 1900 388 1945 (GP.)
408 1901 491 1954 imp.
505 1901 564 1937 dn.
579 1901 768 1937 Iustiniani
788 1914 849 1948 pp.
864 1904 954 1948 Aug.
970 1912 1063 1938 anno
1076 1902 1140 1938 XI.
1161 1904 1246 1947 post
1259 1905 1300 1938 35
1314 1903 1420 1937 temb.
1448 1902 1517 1937 ΟΡ.
1542 1902 1626 1947 imp.
1651 1902 1842 1938 Iustiniani
1871 1913 1932 1947 pp.
1957 1902 2049 1946 Aug.
2081 1912 2175 1938 anno
2199 1902 2262 1938 XI.
2295 1914 2331 1947 p.
2361 1914 2391 1937 0.

166 1955 263 1980 cons.
278 1946 441 1980 Belisarn
460 1958 490 1982 v.
510 1957 540 1982 c.
558 1956 651 1982 anno
666 1947 712 1983 II.

1212 1951 1258 1990 [a.
1273 1950 1350 1989 537]
1410 1947 1573 1982 Belisarii
1595 1958 1627 1983 v.
1648 1958 1677 1983 c.
1703 1957 1797 1983 anno
1823 1947 1979 1983 secundo
2004 1947 2197 1983 indictIOne
2219 1948 2247 1982 Ι.

167 2027 304 2058 torum:
338 2035 412 2070 qua
434 2024 472 2058 in
494 2035 534 2060 re
558 2025 791 2070 manifestum
822 2029 875 2061 est
897 2036 960 2061 eos
982 2036 1078 2061 nunc
1101 2025 1244 2072 quidem
1274 2036 1394 2060 anno
1424 2026 1663 2061 undecimo
1697 2025 1816 2060 nostri
1839 2025 1982 2071 imperii
2005 2025 2219 2072 scripturos,
2250 2025 2393 2061 ineunte

165 2072 283 2104 autem
306 2080 424 2105 mense
447 2069 567 2115 Aprili
590 2069 648 2104 die
663 2070 801 2117 primo,
833 2081 904 2116 quo
929 2082 997 2106 nos
1017 2071 1106 2106 deus
1128 2070 1379 2106 Romanorum
1407 2071 1516 2106 rebus
1532 2070 1733 2117 praefecit,
1764 2069 2011 2106 duodecimum
2035 2081 2168 2106 annum
2191 2071 2394 2117 scripturos

165 2124 252 2156 esse,
278 2118 386 2160 atque
409 2114 462 2149 ita
487 2114 654 2161 deinceps
677 2115 848 2161 quamdiu
872 2115 976 2151 nobis
1000 2116 1088 2151 deus
1111 2116 1301 2162 imperium
1320 2115 1543 2151 extenderit:
1578 2120 1620 2151 ut
1640 2114 1745 2150 nobis
1768 2114 1858 2150 liaeo
1881 2125 2025 2161 quoque
2046 2126 2106 2151 res
2121 2119 2274 2162 praeter
2298 2116 2395 2162 leqes

165 2169 359 2239 eprumqtuq
382 2159 552 2195 lationem
568 2164 752 2205 perpetuo
777 2165 922 2195 maneat
943 2160 1171 2202 immortalis,
1196 2171 1276 2195 cum
1300 2160 1442 2206 imperii
1465 2161 1638 2196 memoria
1659 2170 1837 2206 praesens
1860 2164 2042 2206 appareat
2062 2160 2172 2196 simul
2193 2171 2271 2195 cum
2297 2161 2394 2196 omni

165 2215 184 2239 e
221 2215 262 2239 re
284 2215 303 2239 e
358 2215 410 2239 em
438 2215 509 2239 ore.

299 2249 344 2283 H.
432 2259 531 2283 erum
550 2249 642 2284 illud
662 2260 805 2294 quoque
825 2249 1000 2284 adicimus
1019 2254 1070 2290 ut,
1095 2250 1268 2295 quoniam
1289 2250 1352 2295 qui
1374 2253 1512 2296 tempus
1534 2249 1572 2283 in
1596 2249 1740 2284 iudiciis
1760 2249 1944 2291 denotant,
1968 2249 2008 2284 id
2028 2260 2096 2295 per
2116 2249 2288 2285 obscuras
2308 2251 2393 2286 illas

166 2297 202 2328 et
225 2293 396 2338 antiquas
419 2293 559 2328 litteras
582 2294 802 2339 siqnificant,
826 2295 865 2328 in
889 2294 985 2328 omni
1007 2294 1141 2329 iudicio
1165 2299 1347 2336 caveatur,
1371 2299 1412 2328 ut
1427 2298 1519 2340 post
1541 2294 1624 2328 illas
1648 2294 1789 2329 litteras
1811 2305 1861 2329 ex
1880 2293 2096 2339 antiquitate
2116 2299 2283 2341 receptas
2298 2296 2393 2330 alias

166 2338 356 2378 subiciant,
388 2337 456 2372 lias
479 2337 629 2373 dicimus
653 2348 856 2374 communes
879 2342 914 2373 et
938 2337 1100 2373 omnibus
1116 2339 1337 2384 perspicuas
1370 2349 1535 2389 quaeque
1559 2338 1630 2384 leqi
1654 2338 1698 2373 ab
1724 2338 1889 2373 omnibus
1909 2338 2024 2384 facile
2040 2339 2189 2383 possint
2211 2344 2247 2374 et
2269 2351 2391 2375 eorum

168 2394 261 2428 quae
295 2386 378 2418 acta
411 2386 496 2417 sunt
532 2387 670 2428 tempus
705 2383 893 2418 denotent:
936 2393 981 2418 ne
1011 2383 1074 2434 qui
1110 2388 1249 2428 tempus
1282 2383 1377 2418 scire
1408 2382 1617 2418 desiderant
1650 2388 1826 2428 vaqentur
1862 2387 1900 2418 at
1926 2394 1971 2417 ue
2002 2387 2166 2418 errantes
2200 2389 2392 2430 expectent

168 2428 280 2462 donec
310 2428 348 2461 in
381 2426 557 2462 hominem
590 2428 745 2473 aliquem
776 2427 940 2463 incidant
968 2438 1029 2472 qui
1063 2427 1204 2462 litteras
1233 2427 1316 2462 illas
1340 2429 1459 2479 probe
1491 2427 1639 2463 noverit.
1696 2427 1769 2462 Sed
1791 2427 1887 2473 siqui
1913 2438 1967 2462 em
2001 2438 2095 2473 quae
2117 2427 2284 2475 deinceps
2303 2434 2392 2476 post

165 2472 416 2520 praescriptas
447 2473 620 2508 obscuras
651 2473 792 2508 litteras
821 2478 1023 2518 sequuntur
1046 2482 1201 2518 qraecae
1223 2472 1296 2507 sint
1320 2472 1477 2518 linquae,
1509 2473 1654 2518 qraecis
1678 2472 1809 2507 litteris
1843 2476 1981 2518 tempus
2003 2472 2202 2508 subiciatur
2209 2486 2224 2514 ;
2258 2475 2315 2508 sin
2339 2475 2390 2509 la-

170 2518 266 2552 tinus
297 2518 404 2553 totius
435 2517 582 2552 chartae
612 2518 660 2552 sit
691 2521 894 2558 contextus,
926 2517 1052 2552 latinis
1075 2517 1218 2563 quidem
1250 2521 1389 2563 tempus
1419 2517 1667 2552 subscribatur
1691 2517 1822 2552 litteris
1852 2528 1946 2563 quae
1972 2516 2198 2552 subiciantur
2230 2519 2391 2554 obscuris

167 2562 241 2597 illis
264 2562 459 2604 elementis,
492 2562 682 2598 clariorem
713 2563 795 2609 ipsa
827 2562 1029 2597 litterarum
1061 2562 1223 2597 ordinem
1253 2560 1422 2598 habitura
1454 2566 1491 2598 et
1520 2573 1624 2608 quem
1654 2562 1816 2598 omnibus
1847 2562 1910 2607 qui
1938 2561 2159 2608 syllabarum
2194 2563 2390 2599 latinarum

169 2608 313 2642 omnino
339 2618 413 2642 non
436 2607 559 2653 iqnari
581 2612 667 2642 sunt
691 2607 807 2659 leqere
832 2607 947 2642 liceat.

303 2652 538 2698 Epiloqus.
589 2651 666 2687 Tua
692 2653 804 2704 iqitur
827 2651 1027 2688 sublimitas
1051 2663 1144 2697 quae
1167 2652 1271 2687 nobis
1288 2651 1511 2698 placuerunt
1533 2655 1569 2688 et
1581 2663 1657 2704 per
1681 2651 1774 2687 lianc
1797 2662 1939 2687 sacram
1963 2651 2075 2698 leqem
2100 2651 2285 2688 declarata
2305 2658 2390 2689 sunt

167 2702 204 2733 et
225 2698 263 2732 in
287 2697 355 2732 hac
379 2708 512 2743 maqna
535 2697 623 2733 urbe
645 2701 681 2732 et
703 2708 742 2732 in
754 2698 959 2744 provinciis
983 2697 1145 2732 omnibus
1168 2697 1277 2743 quibu

1296 2702 1466 2787 fipijaeest
1487 2698 1685 2743 manifesta
1708 2696 1849 2738 reddat,
1885 2700 1927 2732 ut
1945 2708 2048 2732 nemo
2072 2697 2179 2733 aliter
2199 2709 2390 2734 numerare

170 2748 308 2789 tempus
331 2742 464 2778 audeat
487 2746 552 2777 aut
574 2742 716 2788 reliqua
738 2753 847 2788 aqere
870 2742 940 2777 nisi
963 2742 1016 2777 ita
1040 2742 1094 2777 uti
1115 2752 1230 2787 supra
1254 2741 1298 2776 cle
1327 2743 1488 2777 nevimus.

217 2835 231 2867 1
257 2834 335 2865 ἔτος
359 2828 405 2865 ια’
420 2834 509 2874 Β(ς)
534 2832 546 2877 ΙΙ
572 2831 762 2879 γράφουσι]
788 2833 939 2865 scribunt
963 2845 982 2869 ς
1000 2831 1012 2876 ΙΙ
1029 2836 1046 2866 5
1073 2834 1120 2864 ἕω
1148 2833 1205 2865 M¹
1231 2832 1243 2875 ΙΙ

169 2878 345 2911 *ἐκτείνοι
366 2879 442 2911 libri
457 2878 469 2921 ΙΙ
495 2880 512 2911 7
537 2880 626 2924 μένῃ
647 2879 682 2911 Β
701 2878 713 2922 ll
738 2880 756 2912 8
782 2880 1153 2923 συμπαραγενομένοις
1177 2878 1207 2910 L
1230 2876 1242 2920 ΙΙ

171 2926 208 2957 11
235 2923 313 2956 τῶν
337 2923 439 2956 om.L
457 2923 468 2966 ΙΙ
499 2925 541 2956 14
563 2922 609 2956 τά
632 2923 703 2964 τῆς]
739 2921 784 2955 τὰ
808 2936 866 2956 om.
881 2923 913 2956 L
943 2922 955 2966 ΙΙ
987 2925 1024 2956 17
1051 2919 1241 2964 δηλοῦντα]

169 2969 354 3009 significare
379 2969 414 3009 (i.
429 2981 454 3000 e.
470 2965 639 3010 SnZofiw?)
664 2980 682 3003 ς
699 2967 711 3011 ΙΙ
736 2966 813 3008 τὸν]
838 2966 884 3000 τὰ
908 2968 939 3000 L
966 2966 978 3011 ΙΙ
1001 2967 1243 3012 περινοστῶσι

169 3015 229 3045 καὶ
252 3009 511 3053 ἀναζητοῦντες
531 3013 562 3045 L
581 3013 593 3056 ΙΙ
611 3014 651 3046 19
674 3014 843 3056 μένουσιν
861 3013 891 3044 L
908 3011 920 3056 ΙΙ
939 3012 1005 3045 ἕως
1028 3008 1073 3045 ἂν
1096 3009 1243 3057 ἀνθρώ-

170 3069 230 3099 πῳ
245 3058 279 3089 Β
295 3057 307 3100 1]
327 3059 369 3090 24
389 3053 732 3102 ὑπογραφέσθωσαν
746 3057 776 3090 L
794 3057 807 3100 ΙΙ
824 3058 864 3090 25
885 3054 1093 3101 γράμμασιν
1117 3071 1174 3091 om.
1191 3068 1210 3092 ς
1232 3056 1243 3100 ΙΙ

170 3098 398 3143 ὑποκείμενος
410 3103 441 3134 L
457 3104 469 3145 ss
496 3104 536 3135 27
551 3103 691 3143 ἔχουσιν
705 3104 754 3135 La
771 3102 783 3146 ΙΙ
807 3103 848 3135 29
864 3103 935 3144 epil.
952 3115 1009 3134 om.
1025 3102 1059 3134 B
1076 3101 1088 3145 ΙΙ
1115 3104 1157 3135 34
1170 3104 1242 3134 sub-

171 3160 231 3180 scr.
246 3147 310 3178 dat.
330 3149 403 3188 post
422 3146 628 3179 consulatum
649 3147 727 3189 (dat.
742 3157 852 3188 consp.
868 3146 959 3187 luth)
980 3146 1123 3178 uilisarii
1143 3146 1241 3179 Iutbp

172 3193 237 3224 dat.
251 3190 393 3223 bilisarii
405 3191 492 3224 Iulsv
510 3191 522 3234 ΙΙ
538 3192 645 3234 pridie
666 3191 712 3223 kl.
727 3191 889 3233 Septemb.
912 3202 931 3226 ς
954 3191 1059 3233 proid.
1076 3191 1108 3222 k.
1122 3202 1187 3233 sep.
1204 3192 1248 3224 M

172 3234 242 3282 πρὸ
267 3233 303 3268 α’
324 3231 515 3268 καλάνδων
531 3238 794 3281 Σεπτεμβρίων
809 3236 885 3269 Am.
918 3233 987 3280 πρὸ
1011 3235 1092 3278 μιᾶς
1115 3233 1242 3268 καλάν-

173 3279 250 3314 δων
269 3282 355 3324 μηνὶ
380 3283 607 3324 σεπτεμβρίῳ
626 3283 696 3322 (sic)
717 3282 854 3318 Theod.;
880 3280 946 3312 kal.
966 3281 1052 3322 Sept.
1075 3292 1093 3316 ς
1112 3282 1161 3314 ed.
1177 3294 1242 3323 pr.,

173 3327 260 3369 quod
274 3328 417 3369 probant
432 3326 611 3358 Heimbach
631 3333 660 3358 et
671 3326 859 3359 Zachariae
873 3332 1004 3368 propter
1023 3320 1102 3357 ‘ind
1118 3320 1151 3358 Γ
1172 3327 1204 3359 in
1226 3337 1244 3361 ς

174 3380 204 3405 et
220 3374 259 3405 ab
277 3372 351 3403 Ath.
374 3372 564 3414 appositam.
597 3370 667 3403 Sed
682 3371 741 3403 illa
762 3371 945 3404 indictionis
965 3377 1041 3403 nota
1059 3378 1169 3404 temere
1187 3372 1245 3403 ad-

173 3419 255 3450 scita
278 3417 403 3449 videtur
424 3428 462 3448 ex
487 3416 559 3458 ipsa
583 3416 709 3448 novella
728 3428 764 3458 p.
787 3417 867 3455 284,
889 3422 937 3455 28,
966 3416 1022 3448 ubi
1043 3417 1148 3448 verbis
1171 3413 1244 3448 ἀπὸ

174 3461 234 3503 τῆς
254 3480 296 3484 —
317 3456 505 3505 προϊούσης
528 3456 673 3506 πρώτης
697 3456 937 3503 ἐπινεμήσεως
960 3460 1068 3493 ultimo
1093 3461 1144 3493 die
1167 3461 1246 3493 anni

175 3507 302 3549 scriptis
323 3514 405 3539 recte
429 3518 530 3539 novae
548 3506 731 3538 indictionis
755 3506 878 3538 initium
903 3512 1040 3546 notatur,
1065 3517 1087 3538 a
1108 3518 1173 3547 qua
1196 3507 1244 3538 in-

175 3558 265 3584 eunte
288 3553 394 3584 statim
421 3551 471 3583 lex
493 3551 635 3584 valitura
657 3551 699 3583 sit
720 3549 732 3593 ΙΙ
762 3551 803 3583 35
828 3549 893 3581 GP.
919 3562 976 3582 om.
990 3548 1056 3592 ΜΙΙ
1086 3550 1164 3592 imp.
1190 3549 1244 3582 dn.

175 3595 264 3628 iusti.
276 3606 329 3638 pp.
344 3606 419 3637 aug.
433 3606 509 3628 ann.
525 3595 569 3628 M
588 3596 665 3636 imp.
680 3595 756 3626 iust.
793 3604 823 3636 p.
839 3604 912 3636 aug.
927 3604 978 3626 an.
991 3593 1042 3626 XI
1060 3606 1079 3630 ς
1106 3596 1178 3627 ἔτει
1196 3591 1242 3627 ια’

176 3639 236 3681 τῆς
248 3637 430 3683 βασιλείας
445 3641 564 3674 Theod.
589 3637 772 3682 βασιλείας
789 3639 1034 3672 Ιουστινιανοῦ
1049 3640 1243 3681 (addendum

175 3682 234 3723 (τὸ
250 3682 326 3728 ια’>)
340 3686 416 3719 Aah.
435 3684 448 3729 Η
470 3695 501 3727 p.
517 3696 543 3718 0.
561 3684 655 3717 Bilis.
670 3695 720 3718 110.
735 3695 822 3717 anno
843 3683 986 3717 secundo
998 3683 1180 3716 indictione
1195 3685 1211 3716 Ι
1226 3697 1243 3720 ς

1311 2830 1352 2865 τὸ
1376 2830 1410 2875 β’
1419 2833 1502 2884 Jleq.
1524 2830 1630 2886 (μετὰ
1653 2830 1720 2874 τὴν
1744 2828 1922 2884 ὑπατείαν
1946 2830 2175 2877 Βελισαρίου)
2198 2831 2240 2866 τὸ
2263 2830 2314 2876 β’)
2338 2834 2388 2886 ἰν-

1309 2874 1497 2955 ῗῖἶὲἴιίῗ
1512 2877 2000 2966 ἕεῇξῆάξᾶἳπτῖἒῗῗῗῖαῗῗ
2024 2888 2128 2910 ΟΟ““’
2146 2879 2194 2911 M
2208 2878 2298 2922 W&
2321 2891 2387 2921 την

1360 3057 1491 3095 11111110]
1513 3057 1592 3088 tunc
1606 3056 1652 3088 R¹
1664 3056 1713 3090 V²
1734 3057 1823 3088 hunc
1846 3056 1922 3101 17³1}
1942 3057 2104 3090 decimum
2120 3056 2196 3101 1321!
2215 3058 2320 3089 nostri
2337 3058 2385 3089 di-

1311 3102 1392 3132 cunt
1407 3101 1539 3142 imperii
1555 3111 1635 3133 uero
1652 3101 1757 3142 aprile
1773 3111 1883 3134 mense
1898 3102 2076 3135 inchoante
2099 3102 2155 3144 Vn
2178 3103 2195 3134 5
2211 3102 2386 3144 imperium

1312 3145 1390 3177 deus
1402 3145 1436 3177 R
1451 3144 1463 3188 Ι]
1491 3147 1510 3178 6
1528 3145 1616 3186 geles
1629 3146 1662 3177 R
1678 3144 1689 3189 ΙΙ
1716 3148 1733 3178 7
1756 3146 1963 3187 imperatoris
1979 3146 2012 3179 R
2028 3147 2039 3189 ΙΙ
2062 3149 2101 3179 10
2121 3146 2305 3179 addicimus
2327 3147 2359 3180 V
2375 3148 2385 3188 ³!

1310 3190 1360 3222 hii
1384 3189 1483 3232 RVH
1510 3191 1547 3223 11
1576 3190 1727 3231 desigant
1750 3190 1782 3222 R
1799 3190 1810 3233 ΙΙ
1838 3193 1876 3224 13
1901 3191 1983 3223 01105
2007 3204 2065 3225 om.
2088 3191 2142 3234 VH
2170 3193 2211 3224 14
2235 3191 2296 3224 hffs
2319 3191 2352 3223 R
2374 3191 2387 3237 ΙΙ

1311 3237 1344 3267 et
1364 3234 1526 3274 omnibus]
1548 3235 1584 3266 in
1601 3234 1798 3267 omnibusR
1813 3235 1825 3278 Η
1849 3236 1887 3269 16
1911 3235 1947 3267 id
1958 3236 2040 3275 RT]
2066 3249 2123 3269 om.
2147 3235 2201 3278 Vss
2222 3237 2259 3269 17
2286 3246 2385 3277 quae-

1312 3279 1584 3321 cumqueRV¹fl
1608 3280 1829 3321 comperiatur
1848 3280 1899 3312 R²
1923 3280 2130 3322 concipiatur
2145 3280 2192 3312 R¹
2217 3280 2228 3322 ΙΙ
2256 3282 2296 3314 18
2321 3282 2385 3313 Sed

1311 3343 1350 3348 —
1368 3325 1410 3357 20
1424 3324 1490 3355 sint
1505 3337 1562 3356 om.
1584 3324 1634 3356 V¹
1658 3324 1670 3367 ΙΙ
1698 3325 1736 3357 19
1762 3324 1860 3356 etiam
1885 3338 1942 3358 om.
1968 3325 2001 3358 V
2002 3325 2044 3367 (³)
2074 3325 2086 3367 ΙΙ
2113 3325 2384 3367 pei-scriptionem

1311 3369 1345 3401 R
1363 3368 1375 3412 ΙΙ
1401 3370 1442 3402 20
1466 3371 1613 3410 graecae]
1639 3370 1667 3400 si
1690 3367 1914 3413 graeceRVn
1942 3370 2040 3409 vocis]
2065 3369 2252 3402 litterarum
2275 3371 2303 3402 si
2324 3371 2385 3415 Vn

1312 3413 1433 3445 litteris
1456 3414 1582 3454 graecis
1596 3414 1627 3446 R
1645 3412 1657 3456 ΙΙ
1685 3414 1727 3446 22
1753 3414 1902 3446 consistit
1928 3414 1975 3456 ΤΙ
2008 3414 2123 3446 latinis
2146 3415 2188 3456 (is
2206 3427 2266 3448 scr.
2290 3414 2338 3448 V²
2351 3417 2384 3449 in

1311 3465 1395 3501 spat.
1409 3460 1496 3492 4—5
1512 3459 1583 3499 litt.)
1606 3458 1698 3498 VT2]
1724 3458 1843 3490 latinas
1856 3459 1952 3491 R¹T¹
1989 3459 2079 3491 atine
2092 3458 2141 3492 R2
2162 3459 2174 3501 ΙΙ
2199 3459 2383 3492 subscriba-

1312 3505 1368 3535 tur
1382 3503 1475 3535 Beck
1493 3501 1504 3545 ΙΙ
1521 3503 1563 3536 24
1588 3502 1686 3534 liceat
1707 3503 1783 3543 VT]
1809 3503 1886 3535 licet
1909 3504 1942 3535 R
1961 3502 1972 3546 ΙΙ
1999 3505 2040 3537 25
2065 3503 2257 3537 sillabarum
2280 3505 2357 3538 RV
2373 3506 2384 3548 ΙΙ

1312 3558 1379 3579 11011
1405 3548 1479 3580 add.
1494 3548 1578 3590 vulq.
1598 3547 1610 3590 ΙΙ
1634 3549 1675 3581 30
1693 3549 1736 3587 et]
1763 3550 1800 3579 ut
1812 3548 1861 3579 R¹
1880 3547 1891 3590 ΙΙ
1916 3547 2021 3589 legem
2046 3561 2103 3581 om.
2126 3549 2185 3592 Vss
2213 3550 2254 3582 32
2271 3559 2384 3592 praees

1313 3593 1344 3625 R
1360 3592 1372 3636 ΙΙ
1391 3594 1440 3631 ut]
1468 3594 1500 3623 et
1523 3592 1557 3624 R
1575 3591 1579 3634 Ι
1611 3594 1652 3626 33
1671 3591 1773 3624 01111111
1795 3593 1827 3625 V
1846 3591 1859 3635 ΙΙ
1883 3594 1925 3625 34
1949 3592 2072 3625 (111(111111
2090 3594 2176 3634 RV]
2201 3595 2297 3626 modo
2323 3595 2376 3637 T}

1314 3639 1354 3670 35
1381 3637 1446 3668 GP.
1470 3649 1527 3669 om.
1607 3636 1619 3679 ss
1653 3637 1831 3678 imperator
1853 3637 1927 3668 inst.
1951 3637 1985 3670 V
2007 3637 2020 3682 n
2047 3648 2133 3670 anno
2158 3638 2211 3670 XI
2235 3651 2292 3672 om.
2316 3639 2349 3673 V
2372 3595 2386 3683 11

1312 3682 1475 3714 bilisiario
1500 3691 1565 3714 1110.
1590 3692 1663 3714 con.
1688 3683 1719 3715 V
