2586 3990
153 144 210 176 ΕΤ
237 140 522 174 EMPHY'mosx
534 153 537 170 2

154 242 324 292 γίνεσθαι
354 239 541 284 κελεύομεν
570 240 635 274 ἐπί
662 252 703 274 τε
731 240 783 282 τῷ
811 236 991 292 προςώπφ
1023 236 1133 274 αὐτοῦ
1162 238 1227 273 τοῦ

156 287 199 323 λα
227 288 403 333 βάνοντος
430 288 490 320 καὶ
513 282 636 319 ἄλλων
660 283 724 319 δύο
747 284 872 331 ἐφεξης
901 283 1147 332 κληρονόμων,
1178 283 1227 329 μὴ

156 302 266 369 naeu
300 333 399 376 ἕκτης
426 333 550 376 μοίρας
581 332 646 365 τοῦ
678 327 883 376 ὑφεστῶτος
914 327 1066 366 κανόνος
1094 341 1228 377 συγχω-

155 381 325 424 ρουμένου
355 376 408 421 τῷ
438 374 508 419 τὴν
538 372 756 421 ἐμφύτευσιν
787 377 1019 420 κομιζομένῳ.
1070 378 1158 421 Περὶ
1190 373 1230 409 δὲ

156 425 234 458 τῶν
256 421 507 469 διαφερόντων
530 425 759 466 προαστείων
781 422 825 464 τῆ
850 418 941 464 αὐτῆ
965 419 1151 468 ἁγιωτάτῃ
1170 434 1229 465 με·

156 468 245 516 γάλῃ
268 466 434 510 ἐκκλησίᾳ
457 470 518 500 καὶ
540 469 613 501 τοῖς
633 457 826 512 εἰρημεῦιιοιιῑ,ἱ
848 457 1012 513 εὖαγέσιν
1032 457 1139 501 οἴκοιέ
1157 469 1230 500 τοῖς

156 516 216 550 ἐπὶ
235 515 296 558 τῆς
313 510 497 558 βασιλίδος
514 511 654 546 πόλεως
677 510 699 555 ἢ
715 513 777 565 τῆς
791 508 900 554 αὐτῆς
910 509 1129 565 Ιπεριοικίδος
1148 505 1228 545 οὖσι

156 557 350 602 κελεύομεν,
385 558 416 591 εἰ
449 559 517 602 μὲν
551 557 598 591 τὰ
635 570 787 592 τοιαυτα
825 568 1022 611 προαστεια
1055 554 1245 612 πράςοδον,

156 605 240 647 εχει,
265 605 325 658 ἐπὶ
341 599 524 658 ὁλοκλήρῳ
549 603 601 646 τῷ
621 601 749 637 κανόνι
772 613 872 656 παρα
895 602 973 636 τῶν
993 600 1230 637 διοικουντων

1212 122 1296 172 579

2068 125 2175 169 Nov.
2199 123 2316 168 CXX
2349 125 2366 165 1

1296 237 1334 273 in
1357 247 1511 283 persona
1532 237 1609 273 eius
1633 234 1694 283 qui
1717 236 1858 282 accepit
1880 237 1918 271 et
1939 235 2018 272 aliis
2041 235 2182 272 duobus
2206 234 2372 280 deinceps

1297 283 1504 327 heredibus,
1535 293 1608 319 non
1631 281 1782 327 amplius
1814 285 1916 317 sexta
1945 282 2048 326 parte
2075 280 2239 316 instantis
2264 290 2371 316 cano-

1297 328 1352 364 nis
1376 328 1582 364 dimittimus
1612 328 1646 363 ei
1669 327 1730 372 qui
1753 327 1990 372 emphyteosis
2016 327 2094 362 iure
2118 324 2268 371 accepit.
2318 325 2373 361 De

1299 374 1581 419 competentibus
1610 383 1694 409 vero
1726 371 1894 426 proastiis
1924 372 1992 416 ipsi
2023 371 2268 407 sanctissimae
2296 380 2372 406 ma-

1266 419 1363 454 5iori
1386 419 1559 458 ecclesiae
1589 420 1627 455 et
1648 417 1839 454 nominatis
1863 417 2121 452 venerabilibus
2146 417 2308 452 domibus
2335 415 2373 450 in

1298 464 1395 510 regia
1430 465 1572 500 civitate
1606 467 1671 499 aut
1703 463 1741 498 in
1775 462 1853 498 eius
1884 462 2029 506 regione
2068 464 2144 504 [aut
2177 461 2373 503 mansione]

1299 509 1502 546 constitutis
1525 510 1705 552 iubemus,
1739 508 1770 544 si
1793 507 1935 552 quidem
1958 507 2048 542 haec
2071 507 2205 543 reditus
2229 507 2372 549 habent,

1297 555 1369 601 <in>
1388 555 1525 600 integro
1550 564 1687 590 canone
1711 554 1757 589 ab
1777 553 1831 588 his
1854 551 2142 595 [ordinatoribus]
2168 552 2229 596 qui
2247 554 2375 596 regunt

1298 602 1378 645 ipsa
1399 600 1616 635 venerabilia
1639 599 1720 634 loca
1741 599 1779 634 in
1803 597 2046 643 emphyteosin
2070 597 2159 632 haec
2180 598 2374 633 secundum

155 648 236 684 τοὺς
252 648 381 683 αυτοὺς
399 650 535 694 ευαγεῖς
557 646 688 683 τόπους
703 649 751 681 εἰς
766 648 982 693 ἐμφυτευσιν
1003 648 1121 682 ταῦτα
1139 646 1230 681 κατὰ
1246 648 1286 680 10
1299 645 1519 691 praedictum
1554 644 1696 680 modum
1725 643 1916 688 accipienti
1951 646 1987 677 et
2014 642 2094 677 aliis
2123 642 2262 679 duabus
2291 651 2373 677 suc·

156 693 222 728 τὸν
245 694 430 739 εἰρημένον
454 694 594 738 τρόπον
616 696 669 736 τῷ
695 692 917 737 λαμβάνοντι
939 695 998 726 καὶ
1023 690 1145 727 ἄλλαις
1169 690 1230 726 δύο

156 736 335 782 διαδοχαῖς
359 736 543 781 δίδοσθαι,
567 741 627 773 καὶ
649 736 786 782 μηδένα
809 736 995 772 παντελῶς
1019 736 1230 783 κουφισμόν,

156 783 247 818 ἀλλὰ
272 787 330 818 καὶ
355 783 566 827 προςθήκην
588 783 769 830 γίνεσθαι.
817 783 848 815 εἰ
864 780 965 825 δὲμὴ
983 783 1053 824 ἔχει
1077 781 1122 816 τὰ
1138 779 1230 816 αὐτὰ

156 827 355 875 προάστειά
386 842 469 863 τινα
501 828 686 864 παντελῶς
714 825 897 871 πρόςοδον,
933 825 1058 861 ἄδειαν
1082 830 1231 873 παρέχο-

1300 691 1538 732 cessionibus„
1554 690 1650 732 dari,
1691 691 1728 725 et
1763 689 1896 724 nullam
1932 687 2075 724 omnino
2115 687 2374 728 relevationem,

1301 736 1362 771 sed
1386 737 1612 780 augmentum
1634 734 1723 770 fieri.
1773 734 1810 769 Si
1831 743 1913 768 vero
1937 743 2009 768 non
2033 732 2166 767 habent
2188 732 2267 778 ipsa
2290 742 2374 776 pro-

1300 782 1391 817 astia
1421 781 1559 825 aliquos
1590 781 1734 816 omnino
1766 779 1917 822 reditus,
1953 778 2132 813 licentiam
2164 778 2375 823 praebemus

1300 827 1562 863 ordinatoribus
1586 824 1839 862 venerabilium
1862 824 2022 860 locorum
2045 823 2083 858 in
2101 823 2220 868 aliqua
2235 821 2375 867 quanti-

156 888 221 917 ιιεν
244 877 317 909 τοῖς
341 873 534 916 διοικηταῖς
555 875 633 908 τῶν
655 870 798 919 εὗαγῶν
826 873 955 907 τόπων
987 874 1050 908 ἐπί
1069 885 1142 906 τινι
1166 885 1230 906 πυ-
1247 874 1286 906 15
1300 876 1374 907 tate
1393 872 1494 915 haec,
1517 871 1611 907 sicut
1633 870 1854 917 praedictum
1870 873 1936 914 est,
1960 869 1998 904 in
2014 868 2257 914 emphyteosin
2278 867 2374 903 dare.

155 918 283 963 σότητι
305 922 431 962 ταῦτα,
456 918 504 953 ais
527 922 745 964 προείρηται,
770 918 817 952 εἰς
838 918 1054 964 ἐμφύτευσιν
1078 915 1229 951 διδόναι.

156 967 178 1001 1
225 966 270 999 Εἰ
302 963 341 999 δὲ
372 968 527 1010 συμβαίη
559 962 773 1010 οἱονδήποτε
803 964 952 1009 πρᾶγμα
975 964 1013 996 ἔκ
1036 974 1133 997 τινος
1156 964 1232 996 τῶν

157 1011 353 1056 εἰρημένων
376 1007 517 1056 εὖαγῶν
547 1006 676 1044 τόπων
707 1009 949 1054 ἐμφυτευτικῷ
982 1005 1110 1051 δικαίῳ
1136 1005 1230 1041 διδό-

155 1069 265 1100 μενον
296 1054 311 1066 *
335 1056 381 1097 εἰς
399 1053 590 1100 βασιλικὸν
609 1054 706 1088 οἶκον
728 1051 752 1097 ἢ
776 1054 822 1087 εἰς
845 1053 886 1088 τὸ
913 1050 1145 1107 θεῖονλὴμῶν
1170 1066 1231 1087 τα-

1300 965 1322 999 1
1369 962 1407 997 Si
1430 972 1513 998 vero
1538 961 1726 1005 contigerit
1749 959 1943 1006 quamlibet
1969 968 2043 994 rem
2064 968 2108 994 ex
2132 957 2250 1001 aliquo
2273 965 2376 1001 prae·

1301 1007 1476 1042 dictorum
1512 1006 1765 1043 venerabilium
1805 1005 1966 1041 locorum
2001 1002 2261 1049 emphyteotico
2302 1001 2378 1037 iure

1300 1053 1383 1088 dato
1401 1055 1465 1088 aut
1479 1053 1517 1088 in
1531 1052 1748 1098 imperialem
1765 1051 1907 1087 domum
1928 1051 1992 1086 aut
2006 1049 2044 1086 in
2060 1059 2202 1086 sacrum
2218 1050 2378 1084 nostrum

156 1103 270 1146 μιεῖον
293 1115 315 1144 η
332 1101 379 1135 εἰς
395 1098 504 1136 πόλιν
525 1098 610 1133 τινὰ
633 1096 656 1142 ἢ
680 1099 727 1133 εἰς
742 1097 995 1145 βουλευτήριον
1019 1113 1039 1142 η
1061 1099 1107 1132 εἰς
1123 1096 1231 1132 ἄλλον
1246 1099 1287 1132 20
1300 1097 1477 1133 aerarium
1513 1100 1577 1134 aut
1609 1098 1647 1132 in
1679 1097 1856 1133 civitatem
1891 1095 2045 1141 aliquam
2080 1096 2144 1130 aut
2176 1092 2214 1129 in
2244 1092 2379 1128 curiam

157 1145 240 1181 τινὰ
264 1143 372 1193 εὐαγῆ
402 1145 500 1179 οἷκον
523 1143 741 1190 περιελθεῖν,
774 1141 901 1177 ἄδειαν
930 1146 1129 1190 παρέχομεν
1159 1145 1232 1178 τοῖς

157 1189 350 1234 διοικηταῖς
372 1191 449 1225 τῶν
465 1187 606 1237 εὐαγῶν
629 1188 759 1224 τόπων
782 1186 803 1222 ὖ
836 1187 845 1199 '
865 1179 918 1223 ὧν
938 1189 976 1230 ἐξ
999 1187 1102 1235 ἀρχῆς
1124 1187 1146 1233 ἦ
1172 1190 1230 1233 epe-

158 1237 319 1282 φύτευσις
349 1238 504 1283 γέγονεν,
539 1233 646 1279 ἡνίκα
677 1234 797 1278 περιέλ
832 1248 853 1282 ῃ
885 1235 932 1269 εἰς
963 1236 1002 1269 ἓν
1033 1235 1110 1269 τῶν
1140 1235 1231 1280 εἰρη-

156 1285 278 1335 μένων
295 1280 498 1334 προςιᾴπων
513 1277 698 1334 ἦΙτοιαύτη
720 1281 939 1336 ἐμφύτευσιςλ,
964 1280 1144 1335 φανεροῦν
1163 1279 1232 1323 τὴν

157 1327 298 1362 ἑαυτων
330 1339 480 1383 γνωμην
497 1328 600 1381 *siem
637 1324 783 1368 διετίας,
822 1328 881 1359 καὶ
912 1339 933 1369 η
963 1337 1037 1372 παρ
1087 1327 1232 1360 ἐκείνοις
1246 1327 1287 1359 25

158 1372 444 1417 καταλιμπανειν
467 1384 510 1406 το
528 1371 616 1405 αυτό
634 1371 783 1418 πρᾶγμα
807 1371 853 1405 εἰς
876 1368 935 1405 οὓς
966 1369 1141 1416 περιῆλθε
1173 1373 1232 1404 καὶ

158 1418 225 1461 τὴν
248 1420 473 1451 ένιαυσιαίαν
497 1414 672 1462 πρόςοδον
694 1417 763 1460 τὴν
794 1417 846 1459 τῷ
872 1413 1000 1460 πάκτῳ
1033 1418 1231 1462 περιεχομέ-

157 1475 224 1506 νην
246 1476 287 1497 κο
315 1463 477 1505 ίζεσθαι,
502 1460 523 1505 ἢ
546 1462 652 1496 τοῦτο
677 1459 948 1507 ἀναλαμβάνειν
976 1462 1038 1505 τῆς
1062 1461 1233 1507 ἐμφυτεύ·

157 1519 247 1542 σεως
301 1511 463 1552 υομένης,
500 1507 599 1554 εἴπερ
632 1508 740 1542 τοῦτο
773 1506 947 1542 λυσιτελὲς
976 1507 1111 1541 ἑαυτοῖς
1142 1506 1233 1541 εἶναι

156 1554 180 1589 2
227 1557 419 1597 νομίσαιεν.

158 1596 344 1645 ἁγιωτάτῃ
367 1597 501 1646 μεγάλῃ
527 1597 693 1641 ἐκκλησίᾳ
716 1597 739 1642 ἦ
762 1612 836 1632 τινι
859 1599 936 1633 τῶν
956 1598 1153 1644 εἰρημένων
1177 1610 1232 1630 ευ-

159 1645 259 1690 αγιῦν
274 1644 384 1678 οἴκων
399 1644 640 1689 προςήκοντες,
658 1645 698 1677 ἐν
713 1642 763 1678 οἷς
778 1643 929 1678 παλαιαὶ
945 1641 1096 1687 οἰκήσεις
1108 1640 1230 1689 τυγχά-

158 1701 283 1724 νουσαι
314 1689 593 1733 κατηνέχθησαν
622 1691 682 1722 καὶ
711 1689 751 1730 ἐξ
781 1681 835 1724 ὦν
859 1685 1007 1733 οὐδεμία
1039 1691 1233 1735 παρέχεται

1301 1146 1363 1178 aut
1386 1144 1423 1178 in
1447 1143 1554 1179 aliam
1576 1142 1731 1187 aliquam
1754 1140 1990 1177 venerabilem
2021 1140 2163 1176 domum
2184 1138 2378 1184 pervenire,

1300 1188 1481 1224 licentiam
1503 1188 1713 1234 praebemus
1730 1186 1995 1223 ordinatoribus
2010 1184 2262 1221 venerabilium
2280 1183 2378 1219 loco-

1301 1244 1395 1278 rum,
1434 1244 1455 1269 a
1488 1234 1616 1279 quibus
1647 1244 1670 1268 a
1699 1232 1877 1278 principio
1912 1231 2149 1277 emphyteosis
2182 1229 2281 1265 facta
2312 1229 2378 1270 est,

1301 1289 1383 1315 mox
1401 1280 1442 1314 ut
1457 1279 1656 1324 pervenerit
1679 1279 1715 1314 in
1731 1288 1838 1313 unam
1863 1277 2128 1329 praedictarum
2147 1284 2380 1322 personarum

1302 1324 1374 1360 sive
1396 1324 1477 1369 ipsa
1501 1323 1755 1370 emphyteosis‚
1787 1320 2015 1358 mamfestare
2040 1331 2140 1357 suam
2163 1320 2380 1356 voluntatem

1301 1370 1397 1405 intra
1427 1370 1626 1411 biennium,
1659 1370 1695 1404 et
1727 1370 1791 1404 aut
1821 1368 1877 1403 his
1907 1366 2100 1412 derelinqui
2128 1363 2276 1402 eandem
2306 1374 2381 1399 rem

1302 1415 1348 1451 ad
1371 1426 1460 1461 quos
1483 1415 1647 1460 pervenit
1677 1418 1713 1450 et
1736 1423 1890 1449 annuam
1922 1412 2128 1459 pensionem
2158 1421 2249 1457 quae
2272 1413 2380 1455 pacto

1303 1461 1504 1497 continetur
1534 1459 1677 1503 inferri,
1710 1463 1773 1494 aut
1796 1459 1864 1494 hoc
1895 1457 2054 1504 recipere
2077 1456 2298 1502 emphyteosi
2322 1465 2380 1491 so-

1301 1506 1389 1550 luta,
1414 1516 1455 1542 eo
1480 1506 1575 1552 quod
1594 1505 1663 1541 hoc
1687 1504 1755 1540 sibi
1778 1503 1948 1550 prodesse
1971 1502 2171 1539 aestimant.

491 1553 536 1586 Εἰ
568 1551 608 1587 δέ
640 1555 733 1587 τινές
767 1554 835 1587 εἰσι
866 1552 975 1587 τόποι
1009 1547 1031 1596 ἢ
1063 1552 1107 1599 τῇ
1141 1550 1232 1607 αὐτῇ
1246 1551 1326 1588 302
1372 1551 1411 1587 Si
1433 1562 1515 1587 vero
1540 1551 1714 1598 quaedam
1737 1554 1822 1586 sunt
1844 1549 1926 1585 loca
1957 1552 2020 1584 aut
2042 1547 2112 1594 ipsi
2135 1546 2382 1583 sanctissimae

1301 1597 1428 1633 maiori
1463 1597 1636 1633 ecclesiae
1670 1598 1734 1632 aut
1768 1595 1876 1631 alicui
1908 1593 2162 1630 venerabilium
2197 1593 2382 1630 domorum

1303 1643 1556 1688 competentia,
1587 1643 1624 1677 in
1649 1642 1777 1687 quibus
1808 1641 1977 1685 antiquae
2008 1638 2249 1675 habitationes
2273 1637 2381 1682 depo-

1301 1688 1391 1724 sitae
1427 1691 1513 1724 sunt
1547 1691 1583 1724 et
1612 1698 1659 1723 ex
1690 1687 1820 1733 quibus
1855 1684 1974 1721 nullus
2010 1684 2203 1731 praebetur
2236 1683 2382 1726 reditus,

225 1791 287 1824 c.I
307 1790 358 1834 §1
388 1786 492 1832 (Ἐὰν
516 1790 634 1837 συμβῇ
660 1816 780 1824 ......
783 1791 795 1833 )
817 1792 939 1835 passim
963 1798 1117 1825 mutatam
1141 1798 1172 1825 et
1194 1797 1320 1824 auctam
1345 1791 1442 1824 habet
1463 1790 1669 1834 Epanaqoqe
1695 1790 1748 1833 10,
1764 1797 1791 1823 5.

305 1837 327 1880 ξ
341 1838 361 1870 2
385 1837 481 1870 habet
503 1836 708 1881 Epanaqoqe
731 1838 782 1880 10,
797 1844 829 1876 43
854 1849 1005 1871 summam
1030 1837 1195 1871 Theodori
1214 1837 1329 1880 repetit
1350 1836 1531 1870 Prochiron
1558 1837 1611 1878 15,
1627 1842 1655 1870 4.

159 1963 195 1996 et
216 1959 423 1995 memoratis
445 1959 706 1995 venerabilibus
729 1958 892 1994 domibus
920 1958 1003 2004 fieri
1026 1957 1185 1994 iubemus
1208 1959 1245 1994 in
1262 1968 1426 2005 persona
1456 1960 1491 1993 et
1514 1957 1591 1992 eius
1615 1956 1677 2003 qui
1700 1956 1840 2002 accepit
1870 1956 1907 1991 et
1929 1953 2085 1990 aliorum
2108 1952 2263 1990 duorum
2285 1951 2384 1988 dein-

161 2016 245 2052 ceps
267 2004 445 2046 heredum,
477 2005 530 2039 ita
554 2008 593 2040 ut
615 2015 687 2039 non
705 2004 794 2050 plus
818 2015 925 2050 quam
948 2008 1055 2040 sexta
1072 2015 1168 2056 pars
1192 2003 1343 2039 canonis
1366 2004 1554 2038 constituti
1582 2003 1615 2038 ei
1639 2002 1703 2048 qui
1727 2001 1830 2048 emph
1861 1999 1977 2036 teusin
2000 1999 2141 2048 accepit
2168 1998 2384 2035 remittatur.

162 2050 215 2086 De
236 2050 452 2085 suburbanis
481 2059 565 2084 vero
599 2060 691 2094 quae
722 2049 771 2084 ad
791 2049 938 2084 eandem
962 2049 1224 2084 sanctissimam
1247 2048 1420 2084 maiorem
1444 2047 1630 2084 ecclesiam
1660 2052 1696 2083 et
1723 2058 1815 2094 prae
1842 2047 1933 2082 ictas
1959 2044 2179 2080 venerabiles
2202 2044 2325 2079 domos
2347 2043 2385 2078 in

161 2095 264 2142 reqia
281 2094 424 2130 civitate
448 2094 503 2130 vel
517 2094 594 2129 eius
612 2094 796 2129 territorio
820 2094 910 2129 sitas
931 2094 1113 2140 pertinent
1134 2093 1390 2140 praecipimus,
1413 2093 1446 2128 si
1462 2093 1604 2138 quidem
1628 2091 1803 2128 eiusmodi
1824 2090 2034 2127 suburbana
2051 2089 2204 2126 reditum
2220 2087 2385 2132 habeant,

162 2145 203 2176 ut
224 2139 288 2175 sub
311 2140 454 2186 inteqro
479 2149 617 2174 canone
640 2138 684 2173 ab
709 2138 1062 2174 administratoribus
1092 2137 1285 2173 eorundem
1317 2138 1572 2173 venerabilium
1604 2137 1764 2172 locorum
1795 2147 1839 2172 ea
1863 2136 1900 2170 in
1924 2134 2170 2187 emphyteusin
2192 2133 2385 2170 secundum

157 2185 385 2233 praedictum
409 2183 552 2220 modum
583 2183 616 2220 ei
640 2183 702 2230 qui
726 2183 866 2230 accepit
896 2182 982 2230 aliis
1003 2194 1047 2218 ue
1075 2182 1214 2218 duabus
1236 2182 1520 2218 successionibus
1542 2181 1684 2224 dentur,
1717 2191 1802 2218 neve
1828 2180 1903 2216 ulla
1936 2190 2082 2215 ommno
2103 2179 2288 2220 relevatio,
2323 2178 2388 2214 sed

161 2231 283 2278 potius
306 2233 536 2276 auqmentum
555 2229 633 2274 fiat.
683 2227 749 2263 Sin
772 2232 890 2263 autem
919 2239 961 2263 ea
989 2239 1042 2263 em
1072 2226 1280 2263 suburbana
1304 2225 1441 2262 nullum
1466 2227 1611 2262 omnino
1645 2226 1798 2262 reditum
1819 2224 1993 2267 habeant,
2053 2227 2236 2261 otestatem
2260 2223 2387 2261 damus

164 2275 516 2311 administratoribus
539 2273 793 2310 venerabilium
817 2273 976 2309 locorum
1001 2283 1043 2308 ea
1065 2271 1129 2308 sub
1155 2271 1311 2318 quadam
1335 2271 1548 2318 quantitate,
1571 2271 1666 2307 sicut
1686 2282 1800 2317 supra
1824 2270 1957 2306 dictum
1980 2279 2018 2305 es
2034 2296 2044 2311 ‚
2076 2268 2114 2304 in
2137 2266 2386 2316 emphyteusin

164 2324 186 2358 1
233 2319 356 2356 dandi.
449 2318 586 2362 Quodsi
607 2318 802 2365 quamlibet
823 2329 898 2354 rem
921 2318 966 2353 ab
983 2317 1107 2364 aliquo
1125 2316 1401 2364 praedictorum
1424 2316 1678 2353 venerabilium
1704 2315 1865 2351 locorum
1888 2326 1941 2352 em
1969 2312 2152 2360 hyteutico
2171 2315 2251 2350 iure
2265 2313 2385 2350 datam

165 2367 219 2403 vel
241 2366 290 2401 ad
310 2365 447 2411 reqiam
471 2364 614 2399 domum
640 2363 697 2400 vel
718 2363 767 2398 ad
787 2374 930 2398 sacrum
954 2367 1115 2399 nostrum
1135 2362 1263 2407 fiscum
1285 2362 1340 2398 vel
1362 2361 1412 2397 ad
1434 2362 1611 2398 civitatem
1637 2361 1796 2407 aliquam
1820 2359 1875 2396 vel
1897 2371 1920 2395 a
1967 2359 2106 2395 curiam
2130 2358 2186 2395 vel
2205 2357 2255 2394 ad
2277 2358 2384 2395 aliam

165 2411 324 2458 aliquam
353 2409 588 2446 venerabilem
615 2408 757 2444 domum
786 2408 974 2455 pervenire
1004 2407 1212 2454 contiqerit,
1249 2410 1465 2454 potestatem
1496 2406 1722 2443 concedimus
1753 2404 2107 2442 administratoribus
2133 2404 2386 2440 venerabilium

166 2457 326 2493 locorum
350 2467 372 2490 a
396 2455 524 2500 quibus
547 2454 590 2489 ab
615 2453 718 2489 initio
742 2452 985 2500 emphyteusis
1008 2454 1203 2489 constituta
1224 2454 1288 2495 est,
1313 2451 1460 2498 quando
1483 2450 1534 2487 ad
1547 2463 1656 2488 unam
1680 2462 1729 2488 ex
1742 2450 1943 2499 praedictis
1956 2450 2124 2497 personis
2143 2449 2227 2486 talis
2241 2449 2383 2497 emphy-

167 2501 275 2538 teusis
291 2500 476 2548 pervenit,
507 2499 725 2535 voluntatem
756 2509 857 2533 suam
886 2499 982 2534 intra
1014 2498 1192 2534 biennium
1222 2497 1451 2540 declarandi,
1482 2502 1591 2543 atque
1622 2500 1686 2532 aut
1717 2495 1866 2533 eandem
1897 2506 1972 2532 rem
1996 2493 2097 2548 apud
2126 2505 2188 2530 eos
2219 2494 2268 2531 ad
2297 2505 2387 2541 quos

164 2548 328 2594 pervenit
355 2544 581 2591 relinquendi
603 2544 755 2580 reditum
785 2555 828 2578 ue
859 2554 1017 2579 annuum
1041 2544 1103 2590 qui
1127 2546 1242 2590 pacto
1267 2542 1473 2578 continetur
1495 2541 1716 2590 accipiendi,
1747 2545 1813 2578 aut
1834 2551 1912 2578 eam
1943 2539 2142 2588 recipiendi
2164 2538 2390 2587 emphyteusi

166 2592 303 2635 soluta,
327 2589 502 2644 siquidem
527 2589 595 2626 hoe
617 2589 686 2625 sibi
709 2589 762 2624 uti
777 2600 797 2624 e
819 2599 896 2624 esse
917 2589 1135 2636 putaverint.

167 2637 190 2673 2
235 2635 369 2681 Quodsi
395 2646 488 2682 quae
514 2635 593 2670 loca
615 2638 700 2670 sunt
722 2645 816 2680 quae
839 2633 895 2671 vel
917 2633 967 2670 ad
988 2634 1136 2669 eandem
1158 2633 1421 2669 sanctissimam
1443 2631 1616 2668 maiorem
1639 2632 1824 2668 eeclesiam
1857 2629 1913 2667 vel
1935 2629 1984 2666 ad
2006 2629 2189 2683 quandam
2211 2641 2260 2666 ex
2279 2641 2387 2677 prae-

168 2683 272 2719 dietis
294 2680 554 2718 venerabilibus
577 2679 740 2716 domibus
758 2680 953 2726 pertinent,
985 2679 1023 2714 in
1047 2679 1176 2724 quibus
1200 2679 1352 2724 antiqua
1375 2677 1542 2724 aedificia
1566 2677 1687 2713 diruta
1710 2680 1794 2714 sunt
1823 2680 1858 2712 et
1885 2687 1935 2713 ex
1957 2675 2084 2724 quibus
2107 2674 2229 2711 nullus
2251 2675 2389 2711 reditus

237 2819 253 2852 l
276 2818 340 2850 τοῦ
366 2814 562 2860 προσώπου
587 2816 618 2848 L
639 2813 654 2860 11
685 2816 704 2848 2
729 2812 905 2858 λαβόντος
928 2814 959 2848 L
985 2813 997 2857 ΙΙ
1024 2811 1074 2856 μὴ
1100 2827 1156 2847 om.
1179 2813 1210 2848 L
1239 2812 1244 2859 Ι

168 2866 188 2898 3
212 2863 273 2905 τῆς
297 2863 398 2904 ἕκτης
411 2863 459 2894 13⁸
475 2861 488 2905 ΙΙ
506 2861 707 2905 ἐφεστῶτος
723 2861 751 2894 0
760 2873 790 2892 v.
806 2861 838 2900 l.,
853 2860 901 2892 13⁸
922 2872 953 2892 υ.
970 2859 1001 2901 t,
1025 2858 1185 2892 instantis.
1199 2870 1223 2895 ς’
1242 2862 1246 2901 Ι

1367 2815 1382 2848 1
1401 2824 1543 2856 persona
1554 2813 1600 2855 R]
1624 2823 1796 2857 personam
1817 2811 1973 2856 VTvuly.
1992 2809 2005 2856 ΙΙ
2021 2810 2184 2854 acceperit
2198 2811 2231 2844 T
2244 2808 2256 2855 ΙΙ
2273 2812 2292 2845 2
2308 2814 2388 2852 11011]

1312 2859 1344 2892 et
1359 2869 1427 2892 non
1444 2859 1530 2903 vuly.
1549 2858 1561 2902 ΙΙ
1578 2860 1679 2899 sexta]
1697 2858 1736 2891 de
1753 2856 1840 2891 RT¹
1864 2856 1904 2891 de
1921 2859 2012 2891 sexta
2026 2855 2076 2890 Τ2
2090 2855 2102 2900 ΙΙ
2121 2857 2212 2889 sexta
2226 2858 2322 2898 parte
2337 2857 2388 2889 in-

169 2909 469 2954 συγχωρουμένου]
484 2907 682 2939 dimittimus
696 2907 730 2948 (i.
741 2918 766 2939 e.
782 2904 1030 2950 συγχωροῦμεν
1037 2904 1066 2945 Ῠ)
1080 2915 1098 2939 ς
1116 2905 1128 2947 ΙΙ
1145 2906 1166 2938 4
1177 2903 1246 2946 τὴν

170 2953 394 2997 ἐμφύτευσιν]
419 2951 637 2995 emphyteosis
662 2953 702 2993 (v.
718 2952 738 2984 I.
764 2949 1004 2993 emphyteosin)
1028 2948 1101 2981 iure
1126 2961 1144 2985 ς
1168 2949 1180 2992 Ι]
1208 2947 1247 2982 δὲ

171 2999 273 3032 om.B
288 2998 301 3041 ΙΙ
320 3000 340 3032 5
361 2996 437 3030 τῶν
451 3010 509 3030 om.
520 2997 566 3030 M
576 2996 589 3038 ΙΙ
607 2991 697 3041 αὐτῇ
715 3009 772 3029 om.
785 2996 815 3028 L
834 2995 846 3039 ΙΙ
862 2993 1030 3036 ἐκκλησία
1049 2991 1182 3040 μεγάλη
1196 2995 1245 3036 M,

170 3040 304 3088 μεγάλῃ
329 3055 387 3076 om..
402 3042 436 3075 Β
455 3041 468 3085 ΙΙ
491 3044 511 3075 6
535 3043 608 3074 τοῖς
631 3041 702 3081 ἐπὶ]
727 3042 799 3073 τοῖς
824 3053 881 3073 om.
896 3040 928 3072 L
946 3039 958 3083 ss
982 3041 1002 3074 8
1026 3038 1073 3072 τὰ
1096 3040 1246 3073 τοιαῦτα

171 3083 382 3131 προάστεια]
406 3087 487 3118 haec
504 3098 522 3122 ς
539 3086 552 3124 ΙΙ
572 3088 611 3120 10
628 3086 676 3118 εἰς
699 3098 757 3118 om.
777 3085 823 3117 B⁶
840 3084 852 3128 ΙΙ
872 3085 911 3118 13
935 3082 982 3117 τὰ
1000 3080 1092 3117 αὐτὰ
1108 3085 1245 3126 Gelai]

170 3133 286 3166 ταῦτα
309 3130 356 3165 τὰ
384 3132 453 3164 ML
495 3129 542 3163 τὰ
566 3149 610 3155 -
633 3128 819 3163 παντελῶς
843 3129 951 3163 om.B
978 3129 991 3169 ΙΙ
1023 3131 1063 3163 15
1087 3129 1164 3164 τῶν
1187 3129 1247 3163 τό-

172 3189 255 3211 πων
274 3177 352 3210 τῶν
369 3172 510 3222 εὗαγῶν
530 3177 561 3208 L
578 3175 591 3219 ΙΙ
618 3177 658 3210 18
678 3173 828 3219 τρόπων
846 3175 896 3207 Bc
915 3173 927 3217 ΙΙ
943 3171 1146 3218 διδόμενον]
1171 3175 1247 3207 dato

173 3225 207 3262 (i.
221 3235 246 3256 e.
273 3218 450 3263 διδομένῳ
461 3221 490 3262 Τ)
517 3232 535 3257 ς
560 3220 571 3263 ΙΙ
598 3223 639 3255 19
663 3222 811 3262 ταμεῖον
836 3220 1024 3262 LBEpan.
1051 3219 1063 3263 Ι]
1088 3221 1131 3253 20
1155 3217 1177 3262 ἢ
1200 3219 1247 3253 εἰς

172 3264 423 3311 βουλευτήριον
453 3268 502 3302 Ος
510 3267 572 3299 Iul.
589 3266 645 3310 (cf.
658 3266 746 3306 Aila,
762 3265 941 3306 Theod2==
955 3264 1034 3305 Bm]
1059 3259 1082 3306 ἢ
1106 3262 1246 3308 βουλευ-

172 3310 297 3357 τήριον
322 3312 410 3351 ML,
435 3323 492 3344 om.
507 3311 661 3354 BEpan.
682 3309 694 3354 ΙΙ
710 3311 752 3344 22
776 3305 844 3353 ἀφ’
868 3307 922 3342 ὠν
940 3309 1157 3353 LBOEpan.
1175 3310 1187 3354 Η
1206 3311 1246 3345 23

172 3355 372 3402 περιῆλθεν
390 3356 419 3390 0
430 3355 442 3396 ΙΙ
462 3357 512 3396 ἓν]
533 3356 573 3389 ἕν
588 3368 624 3388 τι
638 3356 746 3398 Epan.
763 3355 776 3399 11
796 3356 837 3388 24
862 3351 884 3396 ἡ
905 3352 1067 3397 τοιαύτη]
1090 3355 1158 3388 sive
1174 3355 1248 3398 ipsa

173 3404 206 3444 (i.
222 3417 247 3436 e.
267 3400 347 3444 ἤτοι
366 3398 471 3443 αὐτὴ)
488 3413 507 3437 ς
524 3401 536 3444 ΙΙ
555 3403 596 3434 25
613 3397 645 3442 ἢ]
663 3400 694 3433 εἰ
712 3401 740 3435 Ο
743 3401 891 3443 plerique
908 3399 921 3442 ΙΙ
939 3400 981 3433 26
993 3398 1163 3444 παρῆλθε
1175 3401 1222 3434 Μ
1236 3399 1249 3445 ΙΙ

174 3450 214 3482 27
241 3445 360 3492 ῥάετω
385 3448 419 3488 (ι’.
434 3459 458 3479 e.
472 3448 593 3488 pacta»)
618 3446 671 3489 Cu
689 3447 731 3480 29
755 3443 865 3489 εἴπερ]
891 3455 928 3476 eo
945 3445 1033 3486 quod
1049 3456 1068 3482 ς
1083 3446 1096 3490 ΙΙ
1112 3445 1248 3479 ἑαυτοῖς

142 3531 144 3533 ,
178 3493 319 3535 GEpan.
334 3494 364 3533 ς]
389 3487 508 3524 αὐτοῖς
527 3490 637 3524 MLB
659 3489 673 3536 {1
700 3492 742 3524 30
766 3492 948 3532 νομίσειεν
975 3490 1004 3523 0
1009 3491 1156 3534 plerique
1170 3491 1182 3534 ΙΙ
1209 3487 1249 3524 δὲ

175 3551 232 3571 om.
253 3538 364 3581 Epan.
392 3536 404 3581 ΙΙ
436 3539 474 3570 31
501 3533 637 3582 μεγάλῃ
660 3549 719 3569 om.
740 3536 798 3576 B‘,
827 3535 856 3568 C
873 3547 902 3567 v.
925 3535 943 3568 l.
973 3534 985 3578 ΙΙ
1014 3536 1056 3569 32
1084 3534 1247 3577 παλαιαὶ]

175 3580 287 3618 πάλαι
312 3581 351 3616 αἱ
376 3582 405 3616 0
433 3578 546 3615 πάλαι
563 3582 603 3615 M
620 3585 632 3624 ῃ
656 3582 699 3615 33
723 3578 924 3625 παράγεται
936 3580 1046 3624 Epan.
1125 3596 1127 3605 ι

1311 2904 1430 2937 stantis
1442 2903 1488 2949 cal
1507 2904 1557 2937 V²
1570 2907 1603 2938 in
1615 2917 1693 2946 ras„
1713 2904 2070 2945 dunstanum-m
2090 2901 2138 2935 V²
2150 2899 2162 2946 ΙΙ
2175 2903 2195 2936 3
2209 2902 2387 2945 emphiteo-

1312 2949 1364 2983 sin
1377 2950 1410 2983 R
1425 2951 1437 2992 ΙΙ
1457 2951 1478 2983 4
1489 2948 1569 2992 ipsis
1593 2950 1621 2982 V
1634 2951 1647 2992 ΙΙ
1665 2951 1684 2983 5
1699 2949 1748 2990 111]
1768 2950 1803 2981 111
1819 2949 1883 2981 hac
1894 2948 1927 2980 R.
1945 2949 1950 2992 Ι
1974 2949 1993 2981 6
2007 2949 2066 2980 aut
2075 2947 2245 2981 mansione
2258 2948 2390 2981 seclusit

1314 2996 1408 3028 Beck
1425 2994 1438 3037 ΙΙ
1460 2996 1646 3028 mansiones
1664 2994 1716 3027 Τι
1738 2993 1921 3026 mansionis
1995 2992 2008 3036 ΙΙ
2033 2994 2051 3025 7
2076 2991 2225 3025 redditus
2251 2992 2284 3024 Τ
2300 2991 2312 3036 ΙΙ
2330 2992 2388 3024 ha-

1312 3039 1392 3073 bent
1409 3040 1454 3080 V]
1468 3039 1568 3072 habet
1579 3040 1613 3072 R
1634 3039 1777 3072 habeant
1791 3039 1911 3081 Tvulq.
1930 3037 1943 3080 ΙΙ
1961 3039 1980 3071 8
1993 3037 2030 3069 111
2042 3038 2118 3070 add.
2134 3038 2363 3081 Osenbriiqqen
2384 3036 2390 3080 Ι

1313 3085 1590 3118 *ordinatoribus
1613 3085 1730 3117 seclusi
1744 3083 1757 3127 n
1782 3085 1802 3117 9
1826 3083 1862 3116 111
1888 3094 1947 3115 om.
1961 3081 2076 3123 RT‘ss
2103 3081 2299 3123 emphiteosi
2322 3081 2356 3113 R
2384 3081 2390 3125 Ι

1316 3133 1353 3165 11
1370 3129 1606 3163 reuelationem
1623 3126 1732 3170 V¹T¹‚
1751 3127 2009 3159 eun-tionem
2019 3144 2058 3152 -—-
2072 3127 2112 3160 31
2123 3125 2242 3158 maiori
2254 3125 2389 3158 ecclesie

1313 3188 1373 3209 scr.
1388 3175 1437 3208 R2
1454 3176 1487 3208 in
1505 3187 1569 3207 ras.
1586 3176 1624 3208 11
1638 3185 1782 3207 versuum
1805 3172 1818 3217 ss
1846 3174 1886 3206 12
1912 3171 1980 3211 sed]
2005 3170 2063 3203 sed
2086 3171 2119 3202 et
2141 3170 2236 3203 Beck
2253 3169 2266 3214 ΙΙ
2289 3181 2389 3212 argu-

1312 3223 1461 3253 mentum
1479 3219 1555 3260 R(2)
1572 3218 1585 3262 ΙΙ
1610 3218 1733 3251 babent
1756 3218 1801 3257 T]
1826 3217 1969 3249 habeant
1988 3214 2062 3256 ΒΘ)
2075 3216 2163 3255 vulq.
2186 3215 2308 3248 habeat
2328 3215 2362 3251 V
2377 3215 2390 3259 ΙΙ

1313 3264 1482 3309 probastia
1497 3277 1558 3297 scr.
1579 3263 1630 3297 ῘῘ2
1644 3265 1675 3296 in
1690 3270 1773 3306 spat.
1786 3274 1856 3295 vac.
1873 3261 1885 3305 1]
1907 3262 1947 3295 13
1963 3260 2112 3293 redditus
2129 3261 2173 3301 (et
2186 3261 2234 3293 sic
2244 3262 2389 3303 saepius)

1314 3312 1382 3344 ΒΤ
1396 3312 1407 3351 Ι]
1426 3312 1467 3344 14
1492 3309 1605 3350 aliqua
1629 3321 1687 3341 οηι.
1703 3306 1806 3350 Β(2)ΙΙ
1831 3309 1871 3341 15
1895 3306 1932 3338 111
1957 3304 2181 3347 emphyteosin
2206 3317 2264 3338 om.
2279 3305 2354 3348 R(2)
2377 3305 2394 3349 Ι]

1318 3357 1355 3391 17
1382 3354 1583 3396 contingerit
1611 3354 1643 3387 T
1648 3353 1660 3374 ¹
1674 3352 1687 3397 ΙΙ
1715 3354 1756 3386 19
1781 3352 1890 3385 datam
1913 3352 1999 3394 vulq.
2016 3348 2028 3394 ΙΙ
2052 3349 2089 3381 111
2112 3349 2328 3391 imperialem]
2352 3350 2389 3383 111

1316 3414 1373 3434 om.
1389 3400 1510 3432 RVT¹
1526 3398 1538 3443 ΙΙ
1556 3408 1647 3431 sacre
1669 3400 1823 3430 nostrum
1843 3397 1877 3430 V
1894 3398 2045 3428 nostrum
2070 3405 2201 3427 sacrum
2222 3394 2301 3437 R(²)
2315 3396 2327 3436 ΙΙ
2346 3396 2389 3430 20

1315 3445 1476 3478 errarium
1500 3443 1630 3477 RVT¹
1654 3442 1666 3487 ΙΙ
1689 3446 1747 3475 aut
1768 3443 1803 3474 in
1827 3442 1966 3482 curiam]
1999 3440 2036 3473 in
2060 3439 2188 3472 curiam
2209 3442 2268 3472 aut
2296 3439 2350 3473 V⁰
2378 3439 2391 3484 ΙΙ

1316 3493 1358 3525 23
1378 3501 1396 3522 a
1412 3488 1579 3531 principio
1593 3506 1638 3513 -
1654 3490 1704 3521 est
1722 3500 1782 3521 scr.
1805 3486 1853 3520 172
1870 3488 1903 3520 in
1920 3499 1987 3519 ras.
2002 3487 2044 3519 20
2062 3486 2117 3518 litt.
2136 3485 2149 3529 ΙΙ
2167 3486 2208 3519 25
2229 3485 2302 3518 siue
2324 3486 2387 3519 del.

1324 3535 1373 3569 V³
1388 3536 1399 3578 ΙΙ
1418 3535 1489 3567 siue
1506 3535 1542 3566 in
1559 3534 1632 3576 ipsa
1648 3532 1796 3566 enfiteosi
1811 3533 1843 3565 T
1857 3531 1870 3576 ΙΙ
1886 3532 1928 3566 26
1945 3531 1996 3563 his
2012 3530 2099 3571 RV]
2116 3530 2157 3563 ab
2173 3530 2226 3562 his
2243 3530 2365 3574 Tvuly.
2378 3530 2391 3575 ΙΙ

1315 3591 1367 3614 res
1391 3580 1444 3613 Va
1463 3579 1475 3621 ΙΙ
1499 3580 1539 3612 27
1565 3578 1618 3618 ad]
1642 3579 1690 3611 eis
1713 3578 1755 3611 ad
1779 3577 1852 3619 R(²)
1877 3577 1890 3620 Ι]
1914 3577 1955 3610 28
1980 3575 2092 3608 infferi
2115 3574 2221 3619 ΕΘΗ
2245 3576 2287 3610 29
2312 3575 2389 3609 esti-

1316 3623 1429 3658 mare?
1451 3624 1498 3657 V¹
1525 3624 1713 3656 existimant
1726 3622 1801 3665 R(²)
1813 3623 1901 3666 vulq.
1920 3621 1932 3665 11
1957 3622 1999 3654 30
2014 3623 2101 3654 rubr.
2126 3620 2164 3653 Si
2179 3630 2262 3662 quas
2275 3621 2391 3654 ruinas

1317 3665 1439 3702 haben?
1463 3680 1521 3702 me.
1540 3670 1611 3710 (sic)
1628 3669 1699 3702 Tin
1713 3681 1815 3711 marq.
1834 3668 1845 3710 ΙΙ
1869 3666 2010 3709 quadam
2030 3665 2102 3707 ΒΟ)
2132 3666 2268 3707 quidam
2291 3676 2389 3707 quae-

1318 3716 1390 3748 dam
1412 3714 1463 3748 V¹
1481 3714 1493 3757 ΙΙ
1508 3714 1575 3746 sint
1599 3713 1712 3756 R(²)T
1724 3715 1736 3758 Ι]
1755 3715 1795 3747 31
1819 3713 1942 3745 maiore
1963 3710 2011 3745 V²
2027 3710 2039 3755 ΙΙ
2058 3711 2100 3744 32
2122 3711 2278 3754 disposite
2296 3712 2345 3744 T*

2056 3767 2120 3801 73*
