2618 4010
167 145 477 180 ADSCRIPTICIO
507 145 563 175 ΕΤ
591 143 754 175 LIBERA

1229 126 1314 175 307

2052 129 2160 174 Nov.
2182 130 2275 174 LIV
2309 134 2342 173 1.
2376 124 2399 170 2

1175 266 1331 302 CAPUT
1357 266 1384 301 Ι.

216 334 293 371 Ἵνα
323 334 371 381 μὴ
401 339 525 370 τοίνυν
556 335 616 382 ἐξῇ
646 331 831 376 τεχνάζειν
861 337 919 368 καὶ
952 337 1160 381 κακουργεῖν
1190 338 1250 367 καὶ

169 382 251 416 τοὺς
273 384 351 416 τῶν
373 385 519 426 χωρίων
550 379 728 424 βλάπτειν
761 377 939 414 δεσπότας
966 384 1044 414 ταῖς
1068 381 1250 413 τοιαύταις

170 430 376 472 ἑρμηνείαις,
403 425 463 459 διὰ
478 426 587 459 τοῦτο
600 426 837 468 θεσπίζομεν,
853 422 992 459 πάντας
1008 423 1088 459 τούς
1101 425 1248 467 τεχθέν-

168 484 232 506 τας
252 474 289 505 ἐκ
309 472 371 505 τοῦ
389 471 514 524 καιροῦ
539 472 603 504 τοῦ
624 471 733 513 νόμου
757 469 902 503 τούτους
925 473 984 503 καὶ
1004 468 1134 514 μόνους
1158 468 1249 504 ἐλευ-

169 518 297 562 θέρους
322 517 572 572 ἐναπογραφου
595 514 701 569 τύχης
725 515 828 556 εἶναι,
860 515 960 560 εἴπερ
985 515 1024 556 ἐξ
1045 514 1248 568 ἐλευθ-έρων
1286 518 1304 549 5

167 564 330 608 γένοιντο
354 575 380 605 μ
405 574 532 605 τερων,
564 572 701 595 παντος
729 561 793 594 τοῦ
818 559 1075 606 προειληφότος
1101 574 1154 604 τῳ
1180 574 1248 595 πα-

168 606 259 650 λαιῷ
285 575 555 651 πεφυλαγμένον
579 605 692 650 νόμῳ.

1371 333 1426 367 Ν6
1458 333 1565 377 igitur
1594 332 1701 366 liceat
1730 332 1866 367 artibus
1899 332 1951 366 uti
1983 335 2020 367 et
2039 333 2225 376 malignari
2256 334 2293 367 et
2316 342 2399 376 pos-

1320 379 1519 413 sessionum
1544 387 1674 413 nocere
1698 376 1849 412 dominis
1876 377 2007 412 talibus
2032 377 2399 423 interpretationibus,

1319 426 1511 468 propterea
1536 422 1714 459 sancimus
1740 432 1860 457 omnes
1893 423 1953 466 qui
1978 423 2053 457 nati
2083 427 2168 458 sunt
2195 434 2217 458 a
2240 426 2400 467 tempore

1319 469 1404 513 legis
1428 469 1494 503 hos
1518 469 1612 503 solos
1637 467 1803 513 <liberos>
1834 477 1912 502 esse
1937 467 2164 512 adscripticia
2187 468 2343 509 fortuna,
2370 468 2400 502 si

1318 525 1362 549 ex
1380 514 1502 549 liberis
1521 515 1716 548 nascantur
1731 512 1916 555 matribus,
1938 523 2042 548 omne
2060 514 2291 557 praeteritum
2307 513 2398 548 anti-

1319 570 1411 604 quae
1435 558 1646 594 servandum
1669 557 1747 601 legi.

1171 696 1328 731 CAPUT
1351 696 1397 730 ΙΙ.

217 760 364 806 Ἐπειδὴ
388 761 427 797 δὲ
451 766 596 810 ἔναγχος
619 762 732 807 νόμον
753 762 959 811 ἐγράψαμεν
984 761 1249 808 θεραπεύοντες

167 809 259 843 κατά
283 822 319 842 τι
343 808 389 842 τὰ
414 812 496 864 περὶ
520 810 598 842 τῶν
616 808 920 852 ἐκκλησιαστικῶν
944 804 1166 849 ἐκποιήσεων
1189 811 1249 841 καὶ

1376 762 1468 806 Quia
1490 761 1598 805 igitur
1621 771 1734 805 nuper
1763 760 1874 805 legem
1899 761 2107 805 scripsimus
2138 760 2318 795 medentes
2344 759 2400 794 his

1319 817 1409 851 quae
1440 807 1484 842 de
1509 806 1761 841 ecclesiasticis
1794 806 2069 841 alienationibus
2100 805 2192 840 fiunt
2220 808 2255 840 et
2279 805 2398 840 volen-

168 853 397 908 βουλόμενοι,
431 867 461 887 ει
490 856 557 898 μὲν
587 852 760 908 δημόσιον
791 852 936 898 ὄφλημα
964 854 1032 896 εἴη,
1063 850 1304 907 δύνασθαιᾘ)
1319 857 1390 894 tes,
1424 853 1455 887 si
1479 851 1619 896 quidem
1648 852 1830 895 publicum
1862 851 2020 886 debitum
2044 851 2107 893 sit,
2138 860 2244 895 posse
2276 860 2336 885 eas
2364 853 2401 885 et

169 910 276 932 αυτας
310 902 369 933 καὶ
394 901 561 941 ἐκποιεῖν,
596 899 663 932 σὺν
692 902 857 945 ακριβείᾳ
887 901 1011 941 μέντοι
1034 909 1132 944 πασῃ
1157 910 1251 931 κατα

167 943 235 986 τὴν
267 945 330 978 τοῦ
364 944 405 978 νό
435 958 475 978 ου
507 943 767 989 παρατήρησιν,
800 943 831 976 εἰ
862 941 901 977 δὲ
932 942 1116 977 ἰδιωτικὸν
1142 945 1249 988 χρέος,

194 1000 232 1024 ro
251 990 368 1024 soluto
394 958 537 1023 diffcivai
561 990 709 1035 πρᾶγμα
733 986 914 1030 ἀκίνητον,
938 991 997 1021 καὶ
1022 986 1113 1021 κατὰ
1137 986 1249 1031 μηδὲν

186 1036 288 1068 “οκεῖν
312 1033 543 1080 προςκρούειν
574 1036 631 1087 τῷ)
653 1034 874 1079 προτεθέντι
906 1031 1007 1077 νόμῳ
1039 1034 1094 1076 τῷ
1127 1034 1250 1067 πᾶσαν

1319 897 1474 932 alienare
1499 907 1581 931 cum
1606 897 1698 932 omni
1723 897 1920 932 subtilitate
1944 896 2140 932 secundum
2166 896 2252 939 legis
2277 896 2399 930 obser-

1318 942 1507 984 vationem,
1535 942 1564 976 si
1587 952 1670 977 vero
1691 942 1870 986 privatum
1891 941 2062 984 debitum,
2085 952 2152 986 pro
2174 942 2293 977 soluto
2316 940 2401 975 dare

1319 997 1393 1021 rem
1424 987 1654 1030 immobilem,
1687 991 1722 1022 et
1753 987 1790 1021 in
1822 987 1919 1022 nullo
1952 987 2063 1022 videri
2094 986 2275 1022 offendere
2305 985 2400 1030 posi-

1319 1034 1392 1066 tam
1411 1031 1523 1075 legem
1548 1042 1639 1075 quae
1655 1042 1795 1067 omnem
1813 1032 2064 1067 alienationem
2088 1032 2269 1077 prohibet:
2294 1031 2402 1065 etiam

169 1082 358 1134 ἐκποιήσιν
382 1081 554 1133 εἰργοντι·
590 1081 731 1112 κακεῖνο
753 1079 1005 1131 προςτίθεμεν,
1031 1075 1119 1111 diste
1139 1078 1170 1111 εἰ
1185 1091 1246 1108 *ιι*
1267 1081 1306 1112 15
1319 1077 1408 1112 illud
1439 1076 1628 1118 adicimus,
1662 1081 1697 1111 61
1729 1087 1792 1121 per
1822 1078 2001 1122 quandam
2033 1077 2272 1113 inevitabilem
2295 1085 2400 1111 occa-

171 1139 233 1156 n*
259 1137 351 1158 κατα
374 1138 459 1158 τινα
482 1127 731 1170 απαραίτητον
755 1135 941 1167 πρόφασιν
970 1125 1031 1156 καὶ
1055 1125 1250 1168 συμφέρου-

169 1182 239 1203 σαν
263 1171 316 1212 τῷ
342 1183 381 1203 τε
406 1167 545 1203 διδόντι
569 1169 621 1211 τῷ
647 1181 686 1201 τε
708 1166 932 1211 λαμβάνοντι
955 1165 1129 1214 εὐκτηρίῳ
1152 1169 1250 1210 οἴκῳ,

169 1218 357 1249 τουτέστιν
381 1211 403 1256 ἢ
427 1213 594 1256 ἐκκλησίᾳ
617 1212 704 1257 πρὸς
729 1211 918 1256 ἐκκλησίαν
935 1210 956 1256 ἢ
972 1217 1140 1256 πτωχείῳ
1162 1213 1252 1257 πρὸς

169 1263 350 1302 πτωχεῖον
373 1255 394 1302 ἢ
418 1259 548 1299 ξενῶνι
581 1257 670 1303 πρὸς
702 1257 860 1299 ξενῶνα,
893 1261 953 1291 καὶ
984 1257 1107 1292 ἁπλῶς
1133 1257 1253 1311 εξιαγεῖ

1319 1122 1454 1156 sionem
1487 1126 1523 1156 et
1548 1121 1670 1156 utilem
1701 1125 1738 1157 et
1761 1123 1862 1157 danti
1893 1127 1928 1158 et
1959 1123 2151 1167 accipienti
2180 1121 2402 1158 venerandae

1321 1167 1451 1210 domui,
1474 1167 1543 1201 1106
1562 1170 1616 1201 est
1636 1170 1698 1200 aut
1714 1168 1888 1203 ecclesiae
1904 1168 1950 1203 ad
1967 1168 2155 1203 ecclesiam
2176 1171 2239 1202 aut
2254 1167 2401 1212 ptochio

1321 1212 1367 1246 ad
1389 1212 1575 1256 ptochium
1606 1215 1669 1246 aut
1691 1213 1913 1248 xenodochio
1946 1213 1992 1248 ad
2024 1213 2306 1254 xenodochium,
2338 1216 2402 1247 aut

1322 1257 1530 1302 simpliciter
1560 1256 1753 1291 venerabili
1789 1258 1908 1292 domui
1943 1258 1989 1293 ad
2025 1258 2131 1293 aliam
2166 1257 2402 1293 venerabilem

169 1306 255 1348 οἴκῳ
288 1305 376 1350 πρὸς
405 1306 528 1349 ἕτερον
560 1302 757 1356 σεβάὶσμιον
788 1303 896 1344 οἷκον,
933 1306 1121 1337 τουτέστιν
1148 1316 1169 1344 η
1199 1304 1252 1336 ἐκ·
1265 1306 1307 1338 20
1322 1302 1484 1345 domum,
1517 1302 1587 1337 hoc
1618 1305 1672 1336 est
1708 1304 1771 1336 aut
1803 1303 1991 1337 ecclesiam
2026 1306 2091 1338 aut
2121 1303 2305 1348 ptochium
2339 1307 2402 1337 aut

169 1349 297 1392 κλησίᾳ
322 1347 411 1394 πρὸς
434 1361 613 1390 πτωχειον
637 1362 658 1391 η
681 1352 914 1393 μοναστηρίῳ
946 1347 1034 1393 πρὸς
1065 1347 1252 1394 εὖκτηριον

169 1395 268 1428 οἷκον
291 1391 474 1437 ἢξενῶνα
498 1391 519 1435 ἢ
539 1397 781 1437 νοσοκομεῖον,
806 1390 828 1436 ἢ
852 1396 997 1427 ἐκείνοις
1021 1393 1109 1438 πρὸς
1133 1393 1250 1435 ἐκκλη-

170 1444 254 1473 σίαν
277 1435 299 1482 ἢ
322 1439 410 1484 πρὸς
433 1437 569 1491 ἄλἊληλα
600 1435 622 1481 ἢ
645 1439 733 1484 πρὸς
758 1441 797 1472 ἓν
820 1440 901 1493 τῶν7
924 1440 1137 1494 ἔμπροσθεν
1167 1436 1252 1482 ἡμῖν

178 1483 187 1494 ὶ

169 1485 441 1564 Ἄριθμημένων,
466 1496 487 1525 η
510 1484 620 1529 ἑτέρῳ
643 1482 846 1527 οἱῳδήποτε
866 1488 986 1530 ευαγεῖ
1005 1497 1103 1527 οικῳ,
1126 1482 1252 1517 ἄδειαν

1320 1347 1574 1382 monasterium
1610 1350 1673 1381 aut
1704 1347 1942 1382 venerandam
1974 1348 2116 1383 domum
2151 1353 2214 1382 aut
2243 1347 2401 1383 xenodo-

1322 1393 1441 1427 chium
1473 1397 1535 1427 aut
1565 1392 1827 1434 nosocomium,
1859 1396 1923 1427 aut
1951 1392 2020 1427 illis
2052 1393 2099 1428 ad
2123 1394 2310 1428 ecclesiam
2340 1397 2404 1427 aut

1321 1439 1533 1473 alterutrum
1558 1440 1622 1472 aut
1645 1448 1756 1472 unum
1781 1440 1907 1473 horum
1935 1448 2027 1481 quae
2051 1438 2152 1482 prius
2177 1448 2199 1472 a
2222 1438 2326 1474 nobis
2350 1438 2402 1473 di-

1320 1487 1506 1518 numerata
1530 1486 1630 1526 sunt,
1663 1485 1726 1517 aut
1750 1483 1855 1518 alteri
1888 1483 2034 1518 cuilibet
2057 1483 2250 1519 venerabili
2271 1483 2403 1525 domui,

195 1527 318 1574 ίδομεν
342 1532 416 1563 τοῖς
439 1540 669 1572 προεστωσιν
694 1525 818 1562 αὐτῶν
843 1527 902 1562 διὰ
926 1526 1032 1562 τοῦδε
1056 1529 1119 1562 τοῦ
1139 1529 1251 1572 νόμου
1265 1532 1307 1565 25
1321 1528 1502 1563 licentiam
1526 1528 1650 1563 damus
1675 1528 1901 1572 praesulibus
1926 1529 2055 1564 horum
2085 1539 2150 1573 per
2173 1529 2267 1563 hanc
2291 1529 2405 1571 legem

171 1573 322 1619 ἄμειψιν
338 1575 539 1615 ποιεῖσθαι,
555 1577 615 1607 καὶ
631 1575 738 1608 τοῦτο
756 1572 1026 1615 πολιτεύεσθαι,
1049 1577 1109 1607 καὶ
1124 1574 1173 1618 μὴ
1187 1572 1251 1618 μό-

170 1634 238 1662 νην
262 1619 330 1662 τὴν
352 1618 553 1664 βασιλείαν,
578 1618 749 1664 καθάπερ
773 1616 792 1653 ὁ
817 1618 988 1666 πρότερος
1013 1618 1111 1665 ἔλεγε
1135 1617 1252 1663 νόμος,

170 1663 296 1699 ἄδειαν
328 1668 423 1707 ἔχειν
447 1662 619 1718 ἀμείβειν,
653 1661 741 1698 ἀλλὰ
772 1667 832 1697 καὶ
864 1663 945 1698 τοὺς
976 1661 1111 1717 εὐαγεῖς
1138 1665 1253 1698 οἴκους

169 1711 250 1744 τοὺς
273 1711 327 1765 345
352 1709 495 1754 βασιλεῖ
517 1721 669 1743 παντων
691 1707 895 1753 ἀνειμένους
918 1710 1016 1764 θεῷ·
1049 1722 1145 1743 ουτω
1169 1713 1252 1754 μέν-

1322 1574 1637 1609 commutationem
1661 1573 1789 1616 facere,
1823 1577 1858 1608 et
1882 1574 1953 1609 hoc
1976 1574 2104 1617 valere,
2135 1576 2170 1609 et
2192 1584 2264 1609 non
2289 1574 2404 1609 solum

1322 1619 1527 1663 imperium,
1560 1618 1665 1654 sicuti
1689 1619 1787 1663 prior
1819 1619 1930 1654 dabat
1952 1619 2026 1662 lex,
2058 1619 2239 1654 licentiam
2271 1619 2405 1654 habere

1323 1668 1552 1707 commutare,
1590 1665 1652 1700 sed
1677 1664 1783 1699 etiam
1807 1664 2026 1700 venerabiles
2052 1665 2176 1700 domos
2209 1674 2301 1709 quae
2332 1664 2406 1708 regi

1322 1710 1478 1744 omnium
1509 1709 1651 1744 dicatae
1684 1712 1769 1745 sunt
1800 1710 1884 1753 deo,
1921 1710 1974 1745 sic
1998 1713 2118 1745 tamen
2149 1712 2191 1745 ut
2214 1710 2320 1745 etiam
2344 1710 2404 1744 de·

169 1768 237 1797 τοι,
259 1766 348 1789 coen
365 1758 425 1788 καὶ
447 1753 615 1800 δέκρετον
635 1753 873 1808 πρᾴττεσθαι
888 1753 1134 1809 σὺνὶακριβείᾳ
1154 1753 1252 1801 πάσῃ
1267 1759 1308 1790 30
1323 1757 1461 1789 cretum
1489 1755 1739 1799 interponatur
1772 1765 1854 1790 cum
1885 1755 1981 1790 omni
2012 1755 2212 1791 subtilitate
2243 1758 2279 1790 et
2309 1755 2404 1789 iure-

169 1805 230 1835 καὶ
252 1799 344 1845 μεθ’
371 1797 492 1847 ὅρκου,
527 1803 587 1833 καὶ
611 1813 711 1844 παρα
742 1813 795 1843 τῳ
820 1812 898 1834 των
922 1813 1051 1834 τοπων
1072 1813 1251 1846 μητροπο-

170 1845 251 1893 λίτῃ
287 1846 403 1880 ταῦτα
438 1845 675 1879 σκοπεῖσθαι·
719 1849 778 1879 καὶ
814 1846 914 1891 εἴπερ
953 1849 1030 1879 ταῖς
1064 1843 1253 1889 ἀληθείαις

171 1889 407 1933 ἀποδειχθείη
431 1886 521 1934 μεθ’
548 1886 664 1933 ὅρκου,
692 1886 739 1924 ὠς
763 1894 946 1936 συμφέρον
970 1892 1070 1924 ἐστὶν
1094 1891 1200 1924 ε’κατέ
1222 1904 1251 1934 ῳ

169 1939 268 1980 μέρει.
303 1935 346 1970 τὸ
382 1937 542 1977 τοιοῦτο,
582 1934 817 1980 πράττεσθαί
853 1948 893 1969 τε
933 1933 1021 1970 αὐτὸ
1061 1939 1121 1969 καὶ
1154 1949 1201 1971 πο
1226 1950 1252 1969 ι-

1321 1800 1491 1845 iurando;
1525 1802 1561 1835 et
1584 1800 1680 1845 apud
1704 1800 1864 1836 locorum
1887 1800 2151 1845 metropolitam
2173 1801 2262 1835 haec
2289 1801 2405 1835 consi-

1322 1845 1452 1888 derari,
1477 1848 1514 1880 et
1531 1845 1559 1880 si
1576 1855 1700 1880 revera
1716 1846 1909 1890 probatum
1932 1845 2043 1881 fuerit
2068 1856 2149 1881 cum
2164 1846 2405 1887 iureiurando,

1323 1890 1407 1935 quia
1438 1890 1526 1926 utile
1560 1894 1615 1926 est
1638 1891 1780 1935 utrique
1803 1891 1899 1935 parti
1922 1891 1991 1926 hoc
2015 1891 2091 1935 agi,
2127 1894 2245 1926 ratum
2269 1901 2346 1926 esse
2371 1894 2407 1925 et

1322 1936 1449 1979 valere,
1482 1939 1518 1971 et
1541 1946 1613 1971 non
1637 1946 1741 1980 egere
1764 1946 1878 1980 neque
1902 1937 2050 1981 speciali
2074 1936 2235 1972 iussione
2262 1946 2329 1971 nec
2354 1935 2406 1970 di-

170 1981 346 2015 τεύεσθαι
370 1984 429 2015 καὶ
453 1984 607 2027 κρατεῖν,
632 1983 691 2014 καὶ
711 1981 760 2025 μὴ
783 1979 1044 2037 δεῖσθαι’μήτε
1069 1979 1180 2024 ἰδικῆς
1200 1995 1251 2015 κε·
1267 1984 1309 2017 35
1323 1981 1403 2016 vino
1428 1981 1647 2027 pragmatico
1671 1985 1772 2026 typo:
1799 1981 2025 2033 habentibus.
2040 1982 2172 2035 quippe
2196 1981 2251 2016 his
2277 1981 2337 2025 qui
2360 1981 2407 2016 ad

171 2024 322 2061 λεύσεως
355 2026 444 2071 μήτε
481 2027 586 2060 θείου
622 2028 871 2072 πραγματικοῦ
907 2039 1032 2061 τυπου.
1093 2025 1253 2068 ἐχόντων

169 2075 296 2117 μέντοι
327 2073 405 2106 τῶν
429 2072 477 2105 εἰς
500 2073 606 2105 τοῦτο
631 2073 836 2118 ἐρχομένων
859 2070 926 2114 τὴν
951 2073 988 2105 ἐκ
1013 2073 1077 2106 τοῦ
1100 2071 1255 2118 μεγάλου

170 2118 262 2151 θεοῦ
282 2121 411 2163 κρίσιν,
433 2117 467 2150 εἴ
483 2130 519 2150 τι
542 2119 748 2163 παραβαῖεν
770 2118 835 2150 τοῦ
858 2114 1093 2163 προςήκοντος
1116 2116 1138 2160 ἢ
1156 2117 1256 2152 εἴτις

1321 2027 1408 2062 talia
1437 2026 1654 2062 conveniunt
1686 2026 1806 2071 magni
1839 2026 1895 2062 dei
1918 2027 2106 2069 iudicmm,
2140 2038 2172 2062 s1
2196 2026 2280 2071 quid
2303 2036 2406 2071 prae-

1325 2072 1474 2107 varicati
1499 2071 1633 2107 fuerint
1656 2071 1783 2107 horum
1807 2082 1900 2115 quae
1917 2075 2124 2117 competunt
2147 2076 2211 2107 aut
2230 2072 2406 2116 quoddam

216 2199 289 2229 cap.
302 2186 347 2219 II
362 2186 415 2228 (ἑν
436 2182 476 2218 δὲ
493 2184 537 2231 τῇ
559 2183 615 2228 νβ’
635 2185 675 2217 ἐν
691 2184 744 2227 τῷ
763 2183 799 2227 β’
816 2182 1013 2228 κεφαλαίῳ)
1040 2193 1258 2229 arqumentum
1280 2188 1475 2220 adumbrant
1493 2186 1656 2228 paratitla
1681 2187 1727 2218 ad
1754 2186 1833 2219 Coll.
1851 2192 1950 2218 const.
1972 2186 2047 2219 eccl.
2068 2186 2093 2219 I
2109 2186 2129 2218 2
2145 2197 2182 2228 p.
2200 2186 2284 2218 1253
2306 2185 2405 2219 Voell.

309 2275 338 2309 I.
394 2273 451 2308 Ne
481 2273 596 2319 iqitur
628 2273 766 2308 artibus
797 2274 853 2308 uti
883 2277 918 2308 et
947 2273 1088 2307 malitia
1114 2272 1426 2318 praediorumque
1456 2271 1612 2307 dominis
1644 2272 1819 2307 eiusmodi
1849 2273 2213 2319 interpretationibus
2229 2274 2407 2325 fraudem

171 2322 300 2368 facere
325 2319 444 2360 liceat,
467 2322 666 2364 propterea
689 2317 890 2364 sancimus,
923 2328 1045 2352 omnes
1069 2319 1134 2362 qui
1156 2319 1235 2352 nati
1256 2323 1342 2352 sunt
1371 2316 1455 2352 inde
1479 2328 1501 2351 a
1528 2322 1687 2362 tempore
1719 2318 1810 2362 leqis
1832 2318 1931 2352 solos
1955 2317 1998 2352 ab
2024 2317 2259 2363 adscripticia
2283 2320 2405 2355 condi-

174 2367 278 2401 cione
302 2364 433 2399 liberos
456 2374 542 2405 esse,
567 2363 598 2397 si
623 2362 765 2408 quidem
789 2373 838 2397 ex
864 2362 987 2397 liberis
1010 2362 1186 2397 matribus
1209 2362 1287 2397 nati
1309 2362 1404 2403 sint;
1427 2366 1467 2396 ut
1485 2372 1588 2396 omne
1611 2361 1710 2407 quod
1726 2363 1922 2407 praeteriit
1945 2363 2118 2408 antiquae
2142 2364 2216 2409 leqi
2232 2368 2403 2401 servetur.

309 2409 355 2445 11.
409 2407 588 2451 Quoniam
619 2411 738 2443 autem
771 2418 888 2453 nuper
919 2407 1030 2486 lelqem
1053 2407 1265 2453 scripsimus
1296 2418 1369 2452 qua
1400 2407 1446 2440 iis
1478 2417 1571 2452 quae
1589 2407 1778 2452 pertinent
1810 2407 1859 2441 ad
1881 2407 2143 2442 ecclesiasticas
2167 2408 2406 2444 alienationes

174 2457 299 2502 aliquo
319 2454 426 2489 modo
448 2453 680 2494 mederemur,
705 2452 863 2487 volentes
883 2463 944 2487 ecc
959 2452 1065 2493 esias,
1089 2452 1265 2497 siquidem
1283 2451 1472 2498 publicum
1496 2453 1544 2486 sit
1565 2451 1733 2494 debitum,
1750 2463 1862 2497 posse
1886 2453 1993 2487 etiam
2012 2452 2183 2494 alienare,
2209 2464 2288 2488 cum
2308 2454 2405 2489 omni

175 2507 294 2537 tamen
318 2499 508 2545 diliqentia
531 2497 726 2533 secundum
752 2498 842 2543 leqis
866 2497 1160 2538 observationem,
1184 2498 1241 2531 sin
1257 2498 1445 2542 privatum
1468 2496 1516 2531 sit
1540 2496 1705 2538 debitum,
1730 2508 1804 2532 rem
1828 2497 2041 2532 immobilem
2060 2508 2134 2543 pro
2157 2498 2277 2533 soluto
2303 2499 2404 2541 dare,

174 2557 289 2592 neque
311 2545 350 2579 in
374 2544 450 2580 ulla
473 2555 513 2579 re
537 2543 649 2588 leqem
668 2543 776 2589 prius
801 2543 923 2584 latam,
948 2553 1041 2587 quae
1065 2553 1202 2577 omnem
1227 2542 1481 2576 alienationem
1503 2541 1683 2587 probibet,
1708 2542 1821 2577 videri
1847 2542 2042 2587 offendere,
2067 2542 2176 2578 etiam
2200 2542 2268 2578 lzoc
2291 2544 2403 2579 adici-

174 2603 273 2626 mus:
296 2590 328 2625 si
351 2588 515 2635 <quando
536 2588 840 2634 permutationem
863 2587 1095 2622 immobilium
1117 2598 1238 2621 rerum
1252 2588 1379 2633 facere
1403 2586 1515 2622 visum
1539 2587 1587 2621 sit
1609 2586 1804 2622 venerabili
1827 2586 1949 2622 domui
1973 2598 2052 2622 cum
2077 2587 2194 2623 altera
2210 2589 2405 2624 venerabili

174 2637 300 2679 domo>
317 2639 476 2681 propter
499 2632 735 2669 inevitabilem
760 2632 920 2678 aliquam
944 2643 1090 2667 causam
1113 2635 1223 2677 atque
1246 2632 1368 2666 utilem
1392 2636 1427 2666 et
1450 2632 1483 2666 ei
1507 2642 1600 2677 quae
1621 2631 1754 2666 datura
1785 2635 1820 2667 et
1849 2632 1882 2666 ei
1907 2643 2000 2678 quae
2024 2643 2108 2668 acce
2138 2638 2221 2668 tura
2244 2634 2290 2668 sit
2323 2634 2407 2670 aedi

174 2692 315 2723 sacrae,
338 2679 377 2714 id
402 2684 456 2714 est
479 2679 534 2714 vel
557 2678 728 2713 ecclesiae
752 2689 830 2712 cum
854 2677 1004 2712 ecclesia
1028 2677 1083 2712 vel
1099 2676 1251 2722 ptochio
1276 2688 1355 2711 cum
1373 2676 1526 2722 ptochio
1552 2676 1608 2712 vel
1629 2676 1862 2712 xenodochio
1888 2687 1966 2712 cum
1991 2688 2088 2712 xeno
2118 2677 2234 2720 ocliio,
2266 2683 2302 2714 et
2320 2680 2403 2714 sim-

169 2726 318 2774 pliciter
331 2725 422 2771 piae
446 2724 571 2759 domui
592 2734 671 2758 cum
696 2723 815 2758 attera
838 2722 1044 2758 veneranda
1068 2722 1186 2763 domo,
1212 2721 1250 2756 id
1272 2726 1326 2757 est
1349 2722 1405 2757 vel
1427 2721 1597 2756 ecclesiae
1620 2732 1700 2756 cum
1722 2721 1871 2767 ptochio
1896 2722 1952 2757 vel
1974 2724 2192 2758 monasterio
2217 2734 2297 2759 cum
2322 2735 2404 2759 ora-

177 2772 272 2808 torio
296 2771 354 2805 vel
374 2768 605 2805 xenodochio
631 2768 686 2804 vel
709 2768 930 2809 nosocomio,
966 2767 1022 2802 vel
1044 2767 1117 2802 illis
1147 2778 1226 2802 cum
1257 2766 1408 2802 ecclesia
1439 2767 1495 2801 vel
1522 2767 1617 2801 inter
1639 2777 1678 2801 se
1700 2766 1850 2802 invicem
1883 2767 1939 2802 vel
1962 2778 2041 2802 cum
2065 2778 2138 2803 uno
2162 2779 2286 2803 eorum
2311 2780 2405 2815 quae

175 2822 284 2851 antea
305 2827 328 2850 a
352 2815 455 2850 nobis
479 2817 689 2849 enumerata
713 2818 813 2855 sunt,
845 2813 901 2847 vel
923 2812 987 2847 alii
1037 2812 1262 2857 italicumque
1291 2812 1376 2858 piae
1400 2811 1534 2852 domui,
1569 2811 1747 2846 licentiam
1779 2812 1906 2847 damus
1930 2812 2153 2858 primatibus
2184 2824 2308 2848 earum
2335 2826 2404 2861 per

175 2861 270 2896 lianc
293 2861 405 2912 leqem
427 2860 728 2906 permutationem
751 2858 925 2903 faciendi,
956 2861 992 2892 et
1027 2868 1083 2892 ioc
1107 2857 1236 2898 valeat,
1261 2868 1346 2892 neve
1369 2856 1470 2891 solus
1493 2856 1704 2902 imperator,
1735 2857 1841 2891 sicuti
1860 2857 1970 2904 prior
1992 2859 2056 2893 tex
2079 2858 2235 2901 dicebat,
2257 2870 2403 2904 permu-

177 2906 280 2942 tandi
304 2905 484 2940 licentiam
508 2903 655 2946 babeat,
687 2903 751 2938 sed
774 2903 880 2938 etiam
909 2913 1036 2937 sacrae
1060 2903 1199 2942 domus,
1231 2913 1325 2947 quae
1355 2901 1434 2947 reqi
1467 2901 1623 2935 omnium
1656 2900 1723 2936 deo
1755 2901 1942 2937 dedicatae
1974 2908 2078 2944 sunt;
2112 2904 2164 2938 ita
2195 2907 2330 2946 tamen,
2363 2912 2405 2939 ut

176 2952 284 2987 etiam
308 2951 490 2986 decretum
510 2950 579 2994 fiat
608 2959 687 2983 cum
719 2948 815 2983 omni
844 2947 1042 2982 subtilitate
1073 2953 1108 2983 et
1138 2946 1373 2982 iureiurando
1402 2946 1593 2991 praestito,
1628 2951 1667 2980 at
1693 2957 1736 2981 ue
1760 2947 1861 2997 apud
1891 2947 2054 2982 locorum
2085 2952 2199 2983 metro
2229 2948 2403 2984 olitanam

177 2996 266 3031 baec
289 2994 572 3036 considerentur,
605 2999 639 3028 et
662 2994 697 3028 si
718 3003 843 3028 revera
864 2992 1058 3038 probatum
1082 2993 1130 3027 sit
1152 2992 1387 3027 iureiurando
1417 2990 1595 3036 praestito
1629 2995 1666 3024 ta
1682 3002 1700 3025 e
1731 2991 1820 3036 quid
1842 2992 1989 3037 utrique
2005 2993 2112 3038 parti
2134 2993 2188 3027 uti
2203 3004 2222 3028 e
2246 3004 2332 3035 esse,
2366 2994 2406 3028 id

177 3044 213 3075 et
233 3040 301 3084 fiat
324 3043 359 3075 et
381 3044 502 3074 ratum
524 3039 572 3073 sit
595 3043 631 3074 et
653 3038 784 3079 valeat,
816 3048 902 3072 neve
926 3041 991 3072 aut
1012 3037 1164 3083 speciali
1186 3037 1344 3072 iussione
1369 3041 1433 3071 aut
1456 3046 1563 3070 sacra
1582 3036 1817 3080 liraqmatica
1841 3037 2029 3072 sanctione
2051 3037 2223 3088 indiqeat.
2272 3037 2403 3081 Quam-

177 3095 286 3130 quam
308 3084 355 3119 it's
378 3084 441 3129 qui
465 3083 514 3118 ad
535 3083 603 3119 hoc
620 3083 796 3118 accedunt
817 3081 1010 3117 imminebit
1033 3083 1159 3127 maqni
1178 3081 1237 3117 dei
1255 3082 1436 3122 iudicium,
1460 3081 1492 3115 si
1512 3090 1619 3125 quam
1645 3080 1762 3124 officii
1780 3086 1925 3126 partem
1949 3081 2179 3127 neqlexerint
2202 3083 2258 3117 vel
2280 3083 2312 3117 si
2331 3094 2403 3128 qua

225 3176 245 3207 6
257 3176 402 3217 μητέρες
414 3174 480 3206 M‘²
498 3173 510 3217 ΙΙ
527 3175 546 3207 8
560 3172 685 3216 νόμον]
700 3186 768 3206 nov.
780 3174 851 3206 XL
863 3174 910 3205 VI
925 3172 936 3209 ΙΙ
956 3175 975 3206 9
989 3171 1080 3204 κατά
1093 3184 1129 3204 τι
1144 3185 1201 3205 om.
1217 3185 1235 3208 ς
1248 3174 1258 3214 Η

180 3222 219 3253 11
248 3216 367 3260 αὐτὰς]
392 3220 532 3252 subaudi
555 3216 739 3259 ἐκκλησίας
763 3219 818 3260 (cf.
840 3219 916 3258 277,
931 3225 973 3251 21.
1000 3219 1075 3258 304,
1095 3226 1122 3250 9.
1148 3217 1263 3250 LXII

174 3277 229 3308 pr.
240 3267 265 3305 1)
278 3263 288 3308 ΙΙ
306 3265 430 3306 μέντοι
444 3276 500 3296 om.
512 3275 530 3298 ς
568 3264 608 3297 13
621 3263 820 3305 promotio,
833 3276 858 3295 s.
869 3275 897 3295 v.
912 3260 990 3303 ἤτοι
1004 3274 1050 3296 επ
1063 3259 1184 3295 αδείας
1196 3262 1258 3306 ΜΗ

181 3311 223 3343 14
236 3307 473 3353 προςτεθέντι
488 3309 534 3340 Μ
575 3310 616 3342 15
634 3303 728 3341 ὥστε
748 3307 790 3348 εἴ]
812 3310 844 3339 61
860 3319 889 3343 ς.
914 3309 1049 3340 Hiatum
1067 3309 1178 3340 notavi
1192 3308 1256 3349 (ex-

180 3356 297 3387 cidisse
313 3355 471 3397 quaedam
487 3361 560 3386 ante
574 3355 616 3387 24
636 3350 760 3385 ἄδειαν
773 3349 920 3395 δίδομεν
936 3353 1174 3396 Hombequius
1186 3365 1256 3385 cen-

179 3400 299 3440 sebat):
321 3399 533 3441 supplendum
541 3401 618 3440 sere
639 3394 733 3430 ὥστε
749 3397 784 3430 εἴ
797 3398 902 3440 (ποτε
914 3394 1063 3441 ἄμειψιν
1076 3395 1258 3439 ἀκινήτων

180 3455 278 3498 πραγ
306 3441 406 3477 άτων
422 3442 612 3477 ποιεῖσθαι
628 3439 749 3484 δοκοίη
769 3444 842 3475 τοῖς
857 3439 1021 3486 εὐαγέσιν
1042 3441 1149 3475 οἴκοις
1170 3440 1257 3486 πρὸς

180 3456 364 3529 ἀλληλιιὶυς>
386 3485 476 3521 κατά
495 3500 579 3521 τινα
595 3485 668 3521 κτλ.
705 3488 755 3530 Cf
770 3488 889 3520 Iulian.
905 3500 976 3529 cap.
993 3488 1055 3520 189
1072 3488 1107 3519 Si
1122 3488 1258 3520 ecclesia

181 3543 256 3564 611111
279 3533 415 3566 ecclesia
436 3534 487 3565 vel
505 3533 676 3575 ptochium
702 3542 776 3563 cum
794 3532 928 3573 ptochio
954 3532 1005 3563 vel
1025 3532 1161 3564 ecclesia
1182 3543 1255 3565 cum

181 3578 317 3619 ptochio
341 3588 452 3610 rerum
476 3578 697 3610 immobilium
722 3577 998 3618 permutationem
1020 3577 1126 3609 facere
1151 3577 1256 3609 malu-

183 3623 247 3653 erit
270 3623 399 3664 hocque
422 3623 495 3655 fieri
519 3623 625 3666 prosit
648 3622 783 3662 utrique
807 3622 898 3661 loco,
932 3621 1031 3653 liceat
1061 3622 1258 3663 primatibus

183 3667 254 3698 eius
272 3669 459 3708 permutare
483 3675 537 3702 etc.
562 3668 574 3712 ΙΙ
603 3670 642 3701 18
658 3668 816 3708 πτωχεῖα
832 3668 873 3699 Μ
877 3671 893 3688 ‘²
916 3666 927 3708 ΙΙ
955 3668 997 3699 20
1007 3680 1053 3709 sq.
1068 3665 1258 3708 ἐκκλησίαν

185 3718 214 3745 et
235 3710 477 3757 μοναστὴριον
492 3715 562 3755 Mc,
582 3726 662 3747 corr.
679 3714 842 3756 Scrimqer
869 3711 882 3755 ΙΙ
906 3713 947 3745 29
971 3714 1052 3744 τοὺς
1077 3725 1134 3745 om.
1149 3713 1194 3745 M
1196 3717 1212 3733 ‘⁴

1371 3174 1386 3205 1
1416 3171 1514 3203 liceat
1537 3171 1643 3212 igitur
1666 3171 1699 3203 R
1724 3170 1736 3214 ΙΙ
1759 3171 1994 3212 possessionem
2018 3171 2051 3204 R
2073 3172 2084 3214 ΙΙ
2111 3174 2132 3204 4
2156 3172 2253 3213 solos]
2278 3172 2404 3205 solutos

1325 3218 1408 3260 vuly.
1434 3216 1556 3248 liberos
1581 3217 1698 3248 addidi
1712 3214 1723 3257 ΙΙ
1754 3216 1955 3257 inscriptitia
1980 3217 2012 3248 R
2042 3217 2264 3258 inascriptitia
2286 3218 2317 3249 V
2330 3216 2342 3260 ss
2363 3219 2403 3258 si]

1325 3262 1366 3294 al.
1393 3262 1451 3302 qui
1475 3261 1525 3293 13²
1544 3274 1568 3293 s.
1583 3274 1611 3293 υ.
1639 3259 1651 3304 Ι]
1686 3262 1705 3293 9
1727 3260 1823 3300 fiunt]
1849 3260 1975 3292 fuerint
1999 3261 2075 3293 RV
2097 3260 2109 3303 ΙΙ
2147 3263 2183 3295 13
2209 3262 2298 3293 uidei
2320 3263 2369 3295 V¹
2394 3263 2406 3305 Ιὶ

1328 3310 1369 3340 14
1393 3306 1569 3348 prohibent
1592 3305 1641 3337 V¹
1671 3303 1683 3348 {l
1714 3307 1753 3338 15
1779 3307 1822 3345 61]
1849 3308 1886 3336 111
1909 3305 2004 3338 Beck
2031 3305 2042 3349 Ι]
2074 3306 2115 3338 16
2140 3307 2291 3338 uenande
2322 3307 2371 3340 V¹
2393 3307 2406 3350 ΙΙ

1327 3355 1366 3386 17
1393 3354 1451 3383 aut
1474 3350 1645 3392 ptochium
1670 3350 1711 3381 ad
1736 3350 1884 3382 tochium
1912 3350 1942 3382 R
1975 3353 2033 3382 aut
2054 3351 2258 3392 apotiehium
2283 3351 2325 3383 ad
2346 3363 2403 3395 op—

1325 3397 1473 3429 tochium
1496 3395 1550 3438 VH
1578 3396 1619 3428 18
1637 3395 1854 3435 xenodochio]
1878 3395 2120 3427 xenodochium
2139 3396 2405 3435 (scenodochium

1327 3444 1371 3483 Τ)
1390 3443 1464 3474 libri
1481 3440 1492 3482 ΙΙ
1512 3442 1552 3474 19
1577 3439 1810 3480 venerabilem]
1835 3440 2059 3472 uenerandum
2083 3440 2138 3483 Vll
2169 3442 2210 3474 20
2236 3441 2406 3474 ecclesiam

1326 3488 1413 3527 RV]
1442 3485 1596 3518 ecclesiae
1620 3486 1706 3528 vulq.
1733 3484 1744 3528 ΙΙ
1774 3486 1833 3517 aut
1856 3485 1937 3526 ΒΤ]
1963 3485 2004 3517 ad
2027 3485 2146 3527 Vvulq.
2172 3486 2184 3529 u
2214 3486 2405 3528 optoohium

1334 3533 1386 3572 1⁷11
1407 3533 1446 3564 21
1463 3530 1659 3562 monasterio
1673 3531 1714 3562 ad
1728 3529 1950 3562 uenerandam
1963 3531 2048 3573 vulq.
2069 3530 2080 3572 ΙΙ
2098 3531 2140 3563 22
2156 3532 2405 3564 nosochomium

1326 3577 1394 3609 ΒΤ
1413 3576 1424 3619 Ι]
1452 3576 1550 3618 22sq.
1565 3577 1623 3607 aut
1642 3575 1682 3607 ad
1702 3574 1901 3607 alterutrum
1916 3576 2000 3618 vuly.
2022 3574 2033 3618 Ι]
2058 3576 2098 3608 23
2123 3578 2181 3608 aut
2202 3587 2306 3610 unum
2331 3578 2405 3618 VT]

1326 3622 1366 3653 ad
1391 3631 1494 3653 unum
1518 3621 1551 3652 lt
1570 3620 1582 3662 Ι]
1606 3621 1818 3653 denumerata
1832 3620 1864 3652 R
1881 3619 1894 3664 Η
1923 3621 1965 3653 24
1978 3620 2168 3654 uenerabile
2193 3622 2236 3655 1⁷¹
2257 3621 2269 3666 1]
2291 3623 2333 3655 28
2358 3623 2406 3654 rei

1327 3668 1357 3699 R
1383 3667 1394 3708 11
1421 3667 1462 3699 36
1487 3665 1580 3706 talia]
1605 3665 1699 3697 italia
1722 3666 1770 3698 R²

2069 3768 2138 3802 39*
