2618 4010
229 99 335 142 Nov,
365 99 472 143 XIII
502 113 563 154 pr.
600 102 615 140 1

230 209 380 252 στοὺσης
398 209 464 253 τὴν
483 209 591 244 πόλιν
611 206 748 252 ταύτην
767 212 847 251 ἔσχε
867 207 934 252 τὴν
954 212 1201 255 προςηγορίαν,
1224 204 1307 242 ἀλλ’

233 253 320 288 αὐτὸ
351 253 395 297 δὴ
424 257 531 288 τοῦτο
555 257 614 287 καὶ
637 252 704 296 τὴν
727 252 943 299 πολιαρχίαν
971 253 1113 299 ὁρῶμεν
1136 250 1310 299 πράττου-

232 312 312 341 σαν,
346 296 432 333 ιῖἱςιε
464 297 568 333 οὐδὲν
598 291 644 341 ἦν
674 297 716 332 τὸ
746 298 886 333 κωλῦον
909 297 951 334 τό
982 312 1021 345 γε
1047 301 1106 332 ἐπὶ
1130 299 1175 345 τῇ
1208 309 1312 343 προς·

231 348 358 389 ηγορίᾳ
377 342 490 391 ταύτῃ
506 346 565 378 καὶ
587 342 652 385 τὴν
668 340 779 388 ἀρχὴν
801 346 940 387 ἐκείνην
959 341 1077 386 τούτῳ
1091 343 1145 386 τῷ
1163 339 1314 387 ὀνόματι

233 388 363 422 καλεῖν.
413 390 443 422 εἰ
474 388 515 422 δὲ
537 386 736 436 διῃρῆσθαι
764 387 826 423 τὰς
854 387 959 434 ἀρχὰς
990 389 1128 422 οἴονται
1159 390 1218 421 καὶ
1248 386 1314 422 τὸν

232 436 299 477 μὲν
322 432 562 473 ἐνδοξότατον
583 436 742 478 ἔπαρχον
765 435 826 477 τῆς
851 432 1059 477 εὐδαίμονος
1089 431 1220 475 ταύτης
1250 430 1314 467 πό-

236 478 321 512 λεως
344 478 436 512 εἶναι
463 479 525 513 τ”ς
553 475 682 523 ἡμέρας
711 478 886 525 ἄρχοντα,
922 479 1002 512 τοὺς
1034 476 1073 511 δὲ
1101 475 1226 511 ἄλλους
1254 479 1315 520 τῆς

234 520 374 564 νυκτός,
413 522 484 569 σφό
508 537 554 570 ρα
586 525 664 558 τῶν
701 525 852 558 εἰκότων
887 520 1213 576 ἆπεπλανήθῃσαν,
1247 521 1316 565 τὴν

235 566 421 614 ὀρθότητα
454 570 533 603 τῶν
563 566 755 623 ᾇνομάτων
783 568 978 621 οὗκκῖσμεν
1009 565 1072 609 [δὲ]
1106 578 1206 601 οπως
1241 565 1316 600 δια-

1309 94 1383 141 100

2075 112 2134 143 DE
2158 112 2460 146 PRAETORIBUS

1380 207 1694 243 circumlustrante
1737 208 1913 245 civitatem
1958 210 2052 246 hanc
2089 210 2215 247 habuit
2250 212 2458 258 appellatio-

1380 263 1477 296 nem,
1515 252 1577 287 sed
1609 253 1678 287 hoc
1709 252 1826 297 ipsum
1856 256 1892 289 et
1922 255 2072 291 civitatis
2097 256 2276 301 cingulum
2299 257 2456 293 videmus

1381 302 1561 342 agentem:
1587 300 1764 342 quatenus
1784 297 1872 333 nihil
1895 303 1989 335 esset
2009 301 2104 345 quod
2122 302 2328 346 prohiberet
2349 313 2457 348 super

1383 342 1659 387 appellationem
1683 342 1790 377 istam
1818 342 1924 379 etiam
1946 344 2154 389 dignitatem
2178 346 2275 381 illam
2300 347 2370 382 isto
2395 358 2458 383 no-

1350 392 1368 422 5
1383 388 1476 422 mine
1500 387 1661 422 vocitari.
1709 387 1747 422 Si
1770 387 1863 422 enim
1886 388 1994 424 dividi
2017 390 2205 435 dignitates
2230 396 2401 437 possunt,
2424 395 2461 427 et

1384 432 1575 484 gloriosum
1597 431 1738 512 apidem
1759 432 1978 477 praefectum
2001 434 2225 472 felicissimae
2249 437 2354 472 huius
2375 437 2458 472 civi-

1385 481 1469 512 tat1s
1493 487 1573 512 esse
1635 487 1763 511 urnum
1784 477 1955 521 iudicem,
1986 480 2076 515 alios
2099 485 2217 516 autem
2241 482 2372 523 noctis,
2402 492 2459 516 ve-

1386 523 1568 556 hementer
1593 522 1866 566 competentium
1886 528 2106 566 erraverunt,
2130 526 2376 562 rectitudinem
2396 537 2459 561 no-

1387 567 1521 602 minum
1539 568 1719 603 nescimus
1740 567 2031 611 quemadmodum
2052 573 2331 616 corrumpentes.
2368 571 2461 606 Hinc

236 613 462 659 φθείραντες.
510 627 626 660 ταυτῃ
650 627 706 647 τοι
730 617 788 648 καὶ
821 627 888 656 την
919 616 1157 665 προςηχορίαν
1179 610 1318 665 ταύτην
1333 615 1374 647 10
1388 615 1424 647 et
1446 612 1725 657 appellationem
1748 613 1854 647 istam
1878 613 2083 649 nebulosam
2107 616 2313 652 existentem
2338 618 2374 651 et
2397 616 2458 651 ob-

237 656 383 704 ζοφώδη
414 672 454 693 τε
485 652 597 692 οὖσαν
623 662 683 692 καὶ
710 659 896 710 σκοτεινὴν
926 660 985 691 καὶ
1012 669 1072 699 της
1103 669 1228 691 νυκτος
1257 659 1316 691 ἑπ-

237 701 382 748 ώνυμον
400 701 544 738 εἰκότως
562 701 826 750 ἀποφεύγουσιν
845 701 1001 737 ἅπαντες
1020 705 1079 735 καὶ
1098 701 1230 745 ποινὴν
1252 701 1318 745 τὴν

235 753 459 793 χειροτονίαν
481 746 653 796 ἡγοῦνται
677 752 735 782 καὶ
760 745 843 782 οὐδὲ
865 746 1068 792 βασιλικῶν
1092 744 1199 788 ἀξίαν
1229 758 1313 791 συμ-

236 793 359 838 βὸλων
382 794 474 828 εἶναι
499 795 715 838 νομίζουσιν,

1387 668 1527 693 scuram
1552 660 1588 693 et
1610 657 1728 693 noctis
1752 667 1968 702 praenomen
1990 658 2154 695 fortassis
2184 661 2364 706 refugiunt
2387 673 2460 696 om-

1388 713 1450 738 nes
1477 704 1512 737 et
1530 713 1680 748 poenam
1702 712 1780 738 esse
1801 703 1894 738 hanc
1914 703 2251 741 administrationem
2271 706 2461 742 aestimant

1384 753 1419 828 (ἐς
1450 758 1564 828 peque
1595 747 1829 794 imperialium
1860 747 1999 793 dignam
2025 748 2265 787 codicillorum
2288 761 2367 787 esse
2391 762 2457 798 pu·
2495 758 2497 760 ’

1404 804 1449 828 an
1470 820 1475 828 .

1251 883 1406 919 CAPUT
1431 883 1460 919 1.

284 945 316 986 X
345 950 459 1004 Ἡμεῖς
483 945 547 985 οὖν
562 950 608 1004 τὸ
630 952 775 1006 ῖτρῗργμα
795 948 842 984 ὠς
860 951 966 1006 ἐχρῆν
979 948 1235 1006 θεωρήςαντες
1253 948 1321 995 (5357-
1339 954 1375 986 15
1434 951 1509 987 Nos
1533 962 1617 996 ergo
1641 962 1715 987 rem
1740 952 1915 997 quomodo
1939 955 2082 997 oportet
2107 953 2331 998 aspicientes,
2355 955 2461 990 aesti-

240 998 361 1041 θημεν
383 1010 510 1042 χρηναι
532 1009 600 1038 την
623 1010 733 1041 αρχην
748 993 811 1051 ,δὴ
828 996 1048 1050 ἱταυζτηνῖιέξ
1079 997 1187 1040 αυτῆς
1216 993 1320 1042 ἄρξα-

238 1046 351 1087 μένην
381 1045 442 1094 τῆς
466 1045 695 1087 προςηγορίας
726 1052 774 1074 εις
800 1053 843 1074 το
875 1053 949 1074 παν
980 1045 1161 1087 ανεγεῖραί
1190 1055 1230 1076 τε
1261 1044 1321 1075 καὶ

239 1099 516 1130 κατακοσμησαι.
559 1089 617 1118 καὶ
641 1088 888 1131 νυκτέπαρχον
909 1087 977 1129 μὲν
999 1085 1137 1140 μηδένα
1160 1088 1224 1120 τοῦ
1251 1085 1319 1120 λοι-

240 1134 309 1168 ποῦ
334 1130 521 1166 παντελῶς
539 1129 750 1164 καλεῖσθαι·
778 1130 1054 1185 ἐπιμεᾷήσονται
1074 1145 1142 1179 γαρ
1166 1134 1225 1165 καὶ
1241 1133 1321 1166 τῶν

1390 996 1558 1032 mavimus
1583 999 1749 1042 oportere
1772 997 1977 1041 dignitatem
2010 998 2103 1032 hanc
2132 1007 2155 1032 a
2177 998 2350 1044 principio
2373 1000 2460 1035 inci-

1390 1042 1543 1086 pientem
1567 1043 1806 1086 appellatione
1829 1044 1865 1077 in
1889 1045 2002 1078 totum
2027 1043 2161 1086 erigere
2181 1047 2218 1077 et
2241 1054 2378 1079 ornare.
2414 1045 2463 1079 Et

1390 1088 1669 1132 nycteparchum
1701 1088 1903 1122 nullatenus
1939 1087 1983 1123 de
2019 1091 2137 1123 cetero
2172 1089 2308 1123 vocari:
2343 1099 2462 1124 curam

1389 1132 1480 1167 enim
1511 1133 1694 1167 habebunt
1723 1143 1864 1174 eorum,
1897 1143 1988 1177 quae
2020 1136 2056 1168 et
2084 1134 2121 1168 in
2146 1132 2203 1168 die
2233 1137 2268 1168 et
2298 1133 2336 1169 in
2355 1139 2463 1170 'nocte

240 1180 279 1211 ἐν
302 1174 413 1221 ἡμέρᾳ
437 1179 497 1209 καὶ
520 1177 597 1209 τῶν
620 1178 659 1209 έν
681 1179 783 1209 νυκτὶ
809 1188 907 1228 παρα
937 1189 980 1210 το
1012 1188 1186 1221 προςηκον
1208 1189 1319 1223 πρατ-
1334 1179 1375 1210 20
1388 1180 1532 1222 praeter
1556 1178 1649 1222 quod
1673 1181 1876 1223 competens
1896 1182 1951 1213 est
1974 1181 2138 1222 aguntur.

239 1225 259 1258 1
306 1225 479 1266 τομένων.
558 1218 703 1263 Ἐπειδὴ
722 1219 762 1254 δὲ
785 1232 865 1255 τους
885 1218 996 1255 πάλαι
1020 1219 1210 1266 Ῥωμαίους
1233 1221 1318 1268 σφό-

241 1267 308 1314 δρα
340 1266 382 1300 τὸ
405 1267 470 1300 τοῦ
498 1269 702 1312 πραίτωρος
726 1265 852 1310 ἤρεσεν
874 1264 938 1300 ὅνο
968 1280 1009 1308 α,
1038 1265 1097 1301 διὰ
1119 1268 1227 1302 τοῦτο
1252 1265 1318 1311 (ῤή-

242 1312 363 1356 θημεν
399 1309 525 1345 αὐτοὺς
559 1315 744 1355 praetorne
778 1311 892 1356 plebis
926 1281 1001 1346 ὀξειᾶν
1028 1310 1205 1356 ὀνομάσαι
1239 1311 1321 1346 τοὺς

241 1360 302 1392 ἐπὶ
327 1357 371 1399 τῆ
403 1355 541 1403 φυλακῇ
565 1369 604 1390 τε
634 1359 693 1389 καὶ
724 1353 870 1399 εὐταξίᾳ
901 1360 1136 1403 τεταγμένους
1167 1360 1225 1390 καὶ
1254 1356 1321 1400 τὴν

1387 1225 1408 1258 1
1454 1223 1567 1266 Igitur
1587 1223 1751 1267 quoniam
1770 1223 1924 1267 antiquis
1940 1223 2108 1259 Romanis
2127 1223 2351 1258 vehementer
2362 1233 2463 1269 prae-

1388 1268 1477 1302 toris
1490 1269 1626 1312 placuit
1637 1279 1775 1309 nomen,
1795 1273 1985 1313 propterea
2006 1268 2267 1303 aestimavimus
2286 1278 2345 1303 eos
2360 1278 2464 1313 prae-

1389 1316 1485 1348 tores
1509 1314 1622 1357 plebis
1647 1315 1813 1357 oportere
1835 1313 2027 1355 nominare,
2053 1314 2112 1358 qui
2137 1313 2181 1348 ad
2206 1313 2402 1348 custodiam
2426 1316 2463 1349 et

1389 1357 1610 1402 disciplinam
1630 1358 1816 1393 constituti
1836 1361 1921 1393 sunt
1944 1361 1982 1393 et
2007 1358 2181 1403 plebeiam
2200 1361 2351 1403 possunt
2366 1369 2462 1394 com-

242 1391 390 1447 δημωδη
407 1402 593 1435 καθισταν
618 1401 803 1443 ἰσχύοντας
825 1399 989 1441 ἀταξίαν.
1024 1405 1082 1436 καὶ
1108 1400 1224 1457 ὥςπερ
1248 1405 1319 1436 §w-
1333 1405 1375 1436 25
1388 1413 1535 1447 pescere
1560 1403 1780 1438 seditionem.
1825 1403 1875 1438 Et
1898 1403 1990 1438 sicut
2009 1404 2068 1438 alii
2090 1407 2272 1449 praetores
2296 1406 2381 1438 sunt
2401 1414 2462 1439 cu·

243 1462 297 1494 ροι
358 1450 516 1482 raetores
548 1447 639 1480 εἰσὶν
670 1448 710 1479 ἐν
737 1448 783 1494 τῇ
814 1444 999 1500 συχκλήτῳ
1035 1446 1146 1500 βουλῇ
1179 1460 1212 1481 οι
1243 1449 1320 1481 τῶν

243 1493 319 1527 elev
353 1493 462 1538 εριῶν
494 1494 554 1524 καὶ
583 1492 661 1525 τῶν
692 1493 903 1536 ἐπιτροπων
939 1495 998 1525 καὶ
1014 1506 1111 1535 ντων
1145 1491 1323 1526 τοιούτων

243 1535 531 1589 προκαθήμενοι,
563 1533 675 1570 οὕτως
703 1538 872 1570 ἔστωσαν
898 1541 958 1570 καὶ
989 1536 1089 1571 οὗτοι
1122 1542 1323 1583 πραίτωρες

242 1585 303 1626 τῆς
326 1585 387 1617 ἐπὶ
410 1595 489 1615 των
513 1580 638 1624 δήμων
666 1578 884 1627 ὀρθότητος,
918 1585 977 1615 καὶ
1010 1586 1054 1629 τῇ
1078 1585 1146 1627 μὲν
1169 1579 1322 1627 ἡμετέρᾳ

1389 1447 1463 1482 riae
1495 1453 1637 1483 senatus
1667 1452 1730 1483 aut
1759 1449 1962 1483 libertatum
1991 1453 2055 1483 aut
2084 1451 2242 1483 tutorum
2273 1451 2310 1483 et
2330 1449 2461 1483 talibus

1391 1493 1614 1537 praesident,
1645 1493 1697 1528 ita
1726 1493 1798 1528 sint
1826 1497 1862 1528 et
1893 1494 1953 1528 isti
1976 1496 2157 1538 praetores
2181 1503 2289 1538 super
2313 1494 2462 1538 populo-

1393 1549 1470 1572 rum
1491 1538 1758 1573 rectitudinem:
1793 1541 1830 1573 et
1851 1541 1976 1573 nostra
2008 1538 2147 1583 quidem
2172 1549 2259 1574 voce
2281 1543 2464 1582 praetores

1392 1583 1505 1627 plebis
1542 1583 1784 1629 appellentur,
1825 1594 1953 1628 graeca
1988 1594 2069 1618 vero
2113 1584 2183 1618 ista
2218 1586 2253 1617 et
2288 1584 2464 1618 communi

243 1630 348 1676 φωνῇ
369 1629 552 1683 praetores
576 1626 689 1670 plebis
711 1628 1115 1674 προςαγορευέσθωσαν,
1141 1629 1185 1671 τῆ
1211 1626 1250 1661 δὲ
1269 1627 1321 1661 ἑλ-
1338 1631 1378 1661 30
1392 1628 1513 1671 lingua
1549 1631 1732 1673 praetores
1767 1629 1988 1673 populorum.
2038 1628 2218 1664 Praetoris
2253 1628 2346 1663 enim
2378 1638 2464 1673 qua-

245 1672 324 1708 M&
344 1686 459 1719 ταυτῃ
480 1674 542 1725 ικαὶ
573 1673 674 1718 κοινῇ
707 1675 908 1727 πραίτωρες
941 1670 1075 1717 δήμων.
1129 1664 1173 1706 Τό
1197 1670 1236 1706 δὲ
1259 1674 1323 1707 τοῦ

244 1722 449 1765 πραίτωρος
477 1728 576 1750 οπως
600 1718 675 1750 ἐστὶ
703 1728 846 1760 σεμνόν,
879 1729 978 1751 οπως
1008 1716 1049 1751 οὐ
1077 1716 1202 1764 πόρρω
1230 1719 1321 1752 καθ-

243 1767 391 1805 έστηκεν
412 1760 595 1803 ὑπατείας,
619 1758 719 1796 ὅπως
735 1759 911 1808 ἐγγύτατα
930 1764 995 1796 τοῦ
1012 1762 1123 1806 νόμου
1140 1766 1321 1804 τέτακται,

244 1807 413 1851 δηλοῦσιν
437 1806 473 1841 οἱ
494 1806 609 1850 νόμοι,
632 1808 677 1853 τῇ
694 1819 734 1840 τε
754 1805 910 1860 υπατείᾳ
934 1807 1220 1860 παραζεύξαντες
1242 1806 1323 1842 τοὺς

1391 1673 1474 1708 liter
1504 1677 1559 1708 est
1589 1675 1776 1709 honestum
1801 1684 1947 1715 nomen,
1980 1675 2131 1719 qualiter
2156 1684 2227 1708 non
2251 1674 2356 1715 longe
2381 1684 2464 1708 con·

1393 1718 1555 1753 stitutum
1579 1729 1601 1753 a
1626 1719 1823 1760 consulatu,
1849 1719 2000 1764 qualiter
2023 1719 2175 1753 vicinum
2199 1718 2270 1762 legi
2293 1718 2464 1761 affictum,

1390 1763 1623 1799 manifestant
1646 1765 1740 1808 leges
1765 1764 1967 1800 consulatui
1993 1764 2247 1807 coniungentes
2270 1766 2465 1808 praetores,

1391 1809 1587 1843 secundum
1611 1809 1663 1844 eis
1689 1820 1769 1844 cum
1792 1810 1868 1853 lege
1901 1809 2026 1844 dantes
2058 1809 2226 1844 ordinem.
2273 1809 2323 1843 Et
2346 1819 2464 1853 quem-

245 1857 453 1899 πραίτωρας
476 1850 646 1904 δευτέραν
670 1864 709 1885 τε
727 1855 844 1904 αυτοῖς
865 1865 956 1895 μετα
975 1866 1041 1905 τρν
1065 1851 1176 1896 νόμον
1200 1850 1322 1898 ὃόνντες
1335 1856 1376 1887 35
1391 1853 1579 1888 admodum
1613 1854 1810 1898 antiquitus
1844 1855 2010 1889 consules
2040 1854 2203 1895 fuerunt,
2236 1853 2298 1898 qui
2318 1863 2465 1897 magnae

243 1898 311 1942 τὴν
339 1897 452 1938 τάξιν.
500 1899 560 1931 καὶ
586 1907 702 1942 ωςπερ
733 1909 776 1930 το
808 1895 966 1931 παλαιὸν
994 1901 1131 1932 υπατοί
1160 1910 1200 1931 τε
1229 1899 1322 1940 ἦσαν

243 1944 281 1997 οξ
312 1944 385 1996 τῆς.
405 1945 572 1994 μεγίστης
605 1941 811 1994 ἐξάρχοντες
846 1940 972 1985 βουλῆς
1007 1941 1183 1995 δήμαρχοί
1212 1956 1253 1976 τε
1287 1942 1323 1976 οἱ

243 2002 310 2023 τον
344 1987 458 2032 δημον
487 1998 726 2030 ηνιοχουντες,
761 1999 857 2020 ουτω
893 1985 938 2030 δὴ
967 1990 1026 2020 καὶ
1056 2001 1122 2021 νυν
1153 1990 1321 2021 ἔστωσαν

244 2037 447 2079 πραίτωρες
468 2034 536 2076 μὲν
566 2029 762 2078 συγκλήτου
792 2031 827 2065 οἱ
857 2031 902 2066 τά
933 2032 1145 2079 ἔμπροσθεν
1175 2032 1258 2076 ἡμῖν
1282 2033 1325 2066 εἰ-

1389 1903 1581 1943 praeerant
1602 1899 1732 1942 curiae,
1757 1900 1934 1944 principes
1958 1899 2072 1944 plebis
2093 1903 2221 1940 autem,
2247 1898 2308 1943 qui
2327 1899 2464 1943 plebem

1389 1944 1655 1986 gubernabant,
1688 1945 1739 1979 ita
1762 1948 1798 1979 et
1821 1955 1916 1979 nunc
1941 1945 2012 1979 sint
2036 1948 2218 1989 praetores
2243 1943 2384 1988 quidem
2409 1954 2463 1977 se-

1390 1991 1515 2030 natus,
1553 1989 1612 2033 qui
1648 1999 1707 2030 ea,
1747 1999 1840 2034 quae
1875 1989 2009 2034 pridem
2046 2000 2068 2023 a
2105 1989 2208 2025 nobis
2244 1988 2340 2023 dicta
2372 1991 2465 2030 sunt,

293 2104 332 2137 18
357 2101 512 2147 Πρῶτον
533 2101 600 2144 μὲν
620 2093 685 2133 οὖν
708 2099 931 2143 θεσπίζομεν
951 2103 1196 2146 νυκτέπαρχον
1217 2099 1353 2145 μηδένα
1377 2121 1419 2125 —
1445 2103 1487 2134 20
1512 2103 1774 2145 πραττομένων
1799 2104 1892 2135 habel
1918 2104 1952 2135 B
1973 2105 2003 2142 6,
2021 2111 2048 2142 5,
2066 2110 2090 2136 4.

245 2195 384 2227 noctem
415 2201 487 2225 non
516 2196 613 2225 recte
636 2194 796 2236 aquntur
820 2199 944 2224 curam

1002 2195 1083 2225 erat
1109 2194 1144 2225 et
1171 2190 1294 2224 urbem
1319 2189 1529 2233 circumeat,
1559 2190 1642 2226 inde
1666 2189 1760 2225 hanc
1783 2195 1891 2226 nacta
1922 2195 1977 2226 est
2000 2190 2300 2237 appellationem:
2334 2195 2374 2226 at
2400 2191 2468 2227 Ιιοσ

244 2238 337 2272 idem
361 2236 468 2271 etiam
485 2236 762 2281 praefecturam
794 2234 894 2269 urbis
925 2234 960 2270 vi
986 2246 1084 2269 emus
1117 2239 1305 2280 aqentem;
1334 2234 1387 2269 ita
1417 2239 1459 2270 ut
1486 2234 1577 2270 nibil
1604 2235 1806 2287 impedierit
1835 2247 1908 2281 quo
1940 2235 2074 2278 mimis,
2105 2241 2277 2282 quantum
2302 2236 2351 2270 ad
2373 2235 2468 2271 lianc

322 2281 525 2333 ellationem
535 2307 545 2322 ,
580 2279 646 2332 illa
676 2290 820 2325 quoque

885 2283 1019 2314 otestas
1054 2290 1096 2314 eo
1135 2279 1277 2314 nomine
1312 2283 1468 2314 vocetur.
1523 2279 1659 2322 Quodsi
1689 2280 1823 2315 divisas
1856 2291 1934 2316 esse
1957 2285 2164 2331 potestates
2192 2281 2402 2316 existimant
2432 2285 2467 2316 et

246 2294 268 2317 a

245 2293 544 2373 qqffrzosissimum
575 2324 717 2370 quidem
742 2291 974 2371 praeslssctum
1001 2323 1108 2359 huius
1129 2324 1251 2369 felicis
1274 2323 1375 2358 urbis
1399 2323 1470 2359 diei
1492 2335 1569 2359 esse
1592 2325 1863 2371 maqsstratum,
1897 2325 2058 2371 reliquos
2081 2335 2165 2360 vero
2190 2325 2326 2360 noctis:
2363 2325 2468 2361 valde

246 2384 269 2407 a
293 2371 368 2407 veri
397 2370 515 2417 specie
538 2369 772 2411 aberrarunt,
800 2372 901 2404 recta
933 2370 1116 2404 nominum
1140 2369 1283 2404 ratione
1310 2368 1487 2404 nescimus
1510 2380 1582 2416 quo
1606 2374 1722 2421 pacto
1749 2373 1934 2416 corrupta.
1981 2369 2078 2404 Hinc
2102 2370 2278 2416 profecto
2301 2381 2379 2405 eam
2402 2381 2465 2418 ap-

245 2416 476 2463 pellationem
505 2418 630 2461 utpote
661 2414 850 2449 obscuram
881 2417 918 2450 et
940 2414 1198 2449 tenebricosam
1230 2417 1340 2465 atque
1368 2414 1486 2449 noctis
1516 2425 1659 2450 nomine
1683 2415 1891 2461 praeditam
1924 2425 2044 2450 omnes
2067 2415 2193 2450 merito
2215 2415 2405 2461 refuqitlnt
2434 2417 2469 2451 et

241 2472 386 2509 poenae
409 2460 490 2495 loco
515 2471 593 2495 eam
617 2459 834 2495 creationem
858 2458 990 2494 babent
1013 2470 1057 2494 ac
1077 2471 1122 2495 ne
1144 2458 1390 2505 imperialibus
1414 2459 1556 2505 quidem
1581 2459 1757 2495 codicillis
1778 2460 1925 2506 diqnam
1948 2463 2103 2495 censent.

382 2506 411 2541 1.
451 2505 530 2541 Nos
552 2505 666 2552 iqitur
687 2515 728 2540 re
748 2504 1045 2550 quemadmodum
1068 2504 1231 2551 oportuit
1253 2503 1481 2539 considerata
1500 2503 1595 2539 hunc
1618 2504 1760 2550 quidem
1778 2505 2027 2551 maqistratum
2051 2504 2095 2540 ab
2119 2505 2201 2551 ipsa
2224 2504 2469 2552 appellatione

242 2552 407 2599 profecti
428 2551 467 2585 in
492 2554 605 2585 totum
635 2549 893 2585 restituendum
920 2554 1030 2595 atque
1061 2549 1264 2584 ornandum
1296 2559 1373 2583 esse
1403 2549 1698 2585 existimavimus.
1745 2550 1798 2585 Ac
1820 2549 2102 2596 nycteparcltum
2126 2549 2268 2595 quidem
2295 2550 2468 2585 neminem

244 2598 357 2644 plane
389 2597 428 2631 in
456 2599 647 2642 posterum
683 2594 902 2630 vocandum:
942 2594 1122 2630 curabunt
1155 2594 1247 2630 enim
1282 2596 1354 2628 tam
1393 2604 1487 2639 quae
1524 2594 1682 2629 interdiu
1718 2605 1827 2640 quam
1862 2605 1957 2641 quae
1990 2599 2100 2629 noctu
2135 2594 2267 2629 iniuste
2300 2598 2467 2640 aqentur.

248 2645 268 2678 1
322 2642 406 2677 Cum
438 2652 521 2677 vero
551 2641 711 2686 antiquis
733 2639 909 2674 Romanis
937 2639 1130 2674 admodum
1155 2638 1343 2685 placuerit

1396 2638 1551 2674 raetoris
1582 2650 1732 2680 nomen,
1764 2644 1963 2686 propterea
1982 2642 2179 2685 praetores
2206 2638 2324 2685 plebis
2355 2639 2466 2674 nomi-

248 2687 390 2722 nandos
418 2685 625 2733 putavimus
655 2696 735 2729 eos,
764 2684 829 2730 qui
857 2683 908 2719 ad
934 2684 1136 2719 custodiam
1171 2688 1207 2719 et
1237 2683 1465 2729 discipinam
1497 2683 1686 2719 constituti
1704 2688 1791 2719 sunt
1826 2683 2020 2730 turbasque
2047 2683 2248 2730 populares
2279 2682 2468 2719 cohibendi

276 2735 460 2768 otestatem
483 2730 624 2765 habent.
661 2729 711 2764 Et
730 2729 1027 2775 quemadmodum
1052 2730 1117 2764 alii
1137 2732 1329 2776 praetores
1351 2728 1390 2763 in
1412 2733 1539 2764 senatu
1561 2733 1657 2768 sunt,
1679 2729 1742 2774 qui
1765 2728 1988 2764 libertatibus
2011 2728 2115 2774 quive
2136 2729 2256 2764 tutelis
2279 2738 2323 2763 ac
2344 2728 2468 2763 simili-

242 2744 315 2812 ἔας
330 2780 523 2823 praesunt.
546 2775 599 2810 ita
620 2774 657 2810 hi
680 2786 752 2821 quo
779 2785 823 2809 ue
839 2778 1036 2820 praetores
1057 2780 1164 2810 sunto
1189 2773 1402 2819 disciplinae
1424 2773 1519 2808 inter
1532 2773 1754 2820 populares:
1776 2778 1886 2820 atque
1908 2776 2034 2809 nostra
2052 2773 2195 2819 quidem
2218 2773 2344 2820 linqua
2355 2784 2466 2821 prae-

250 2827 345 2858 tores
360 2821 499 2868 plebis,
531 2819 600 2855 hac
623 2831 707 2855 vero

768 2830 876 2854 raeca
899 2822 934 2854 et
956 2820 1135 2854 communi
1158 2822 1359 2865 πραίτωρες
1381 2815 1507 2863 δήμων
1529 2830 1577 2899 ap
1607 2818 1774 2854 ellantor.
1821 2818 2010 2854 Praetoris
2033 2823 2151 2854 autem
2186 2829 2293 2864 quam
2316 2817 2467 2854 honesta

249 2868 297 2903 sit
319 2867 429 2907 ratio,
454 2876 571 2917 quam·
585 2875 704 2911 prope
727 2865 822 2900 absit
844 2875 867 2899 a
887 2865 1078 2900 consulatu
1093 2892 1102 2907 ,
1140 2875 1248 2911 quam
1270 2864 1387 2899 vicina
1411 2864 1483 2910 leqi
1504 2874 1547 2899 co
1579 2875 1600 2899 ο

1603 2868 1685 2899 cata
1707 2864 1773 2906 sit,
1808 2863 1997 2899 declarant
2020 2863 2134 2910 leqes,
2169 2874 2263 2909 quae
2285 2867 2320 2899 et
2342 2873 2466 2898 consu-

250 2912 343 2948 latui
373 2911 612 2947 adiunxerant
639 2914 828 2956 praetores
851 2913 887 2945 et
913 2909 1038 2944 iisdem
1067 2909 1261 2946 secundum
1286 2912 1377 2955 post
1404 2908 1517 2955 leqem
1548 2908 1713 2944 dederint
1743 2908 1913 2944 ordinem.
1970 2907 2020 2943 Et
2051 2908 2348 2954 quemadmodum
2374 2908 2465 2943 anti-

249 2957 372 3004 quitus
400 2961 435 2992 et
468 2955 633 2990 consules
659 2959 765 2990 erant
796 2954 859 3000 qui
887 2965 1025 2989 summo
1058 2957 1256 3001 praeerant
1289 2953 1432 2989 senatui
1454 2957 1490 2989 et
1522 2953 1657 2989 tribuni
1685 2953 1801 3000 plebis
1833 2954 1895 3000 qui
1922 2953 2059 3000 plebem
2084 2953 2383 2989 moderabantur:
2414 2952 2466 2987 ita

249 3013 345 3037 nunc
379 3011 524 3047 quoque
559 3004 630 3035 tam
664 3003 856 3046 praetores
889 3003 1038 3034 senatus
1071 3000 1164 3042 sint,
1196 2998 1260 3045 qui
1291 3009 1384 3044 quae
1418 3002 1503 3034 ante
1537 3010 1561 3034 a
1588 2998 1693 3034 nobis
1726 2998 1822 3034 dicta
1857 3003 1943 3034 sunt
1978 3003 2108 3045 ayant,
2141 3010 2250 3045 quam
2275 3000 2468 3045 praetores

295 3095 315 3127 2
336 3090 558 3138 πολυαρχίαν
570 3092 616 3125 Μ
627 3092 640 3135 11
656 3094 675 3125 5
699 3090 877 3132 *οἴονταιῙ
902 3086 980 3124 οἷόν
995 3101 1036 3123 τε
1049 3091 1126 3124 libri
1142 3089 1155 3133 11
1171 3092 1191 3124 6
1214 3085 1325 3134 ὑπάρ-

274 3162 326 3183 ων
350 3148 409 3193 1111
429 3151 446 3182 7
472 3146 645 3193 ἄρχοντας
667 3147 737 3191 11111
761 3150 780 3181 8
806 3148 884 3181 τῶν
906 3160 964 3181 om.
989 3147 1021 3180 L
1045 3145 1057 3190 11
1078 3148 1098 3180 9
1123 3139 1260 3190 ονοματ
1278 3146 1326 3179 L¹

253 3192 404 3237 υνόματι
426 3194 473 3227 L²
487 3193 500 3238 11
519 3192 559 3226 δὲ
583 3193 633 3233 M,
657 3205 715 3225 om.
741 3193 820 3235 Ῑ,ς11
842 3195 876 3227 11
903 3188 1074 3238 ζοφώδην
1094 3192 1126 3225 L
1141 3193 1153 3230 ΙΙ
1175 3193 1214 3225 12
1239 3187 1326 3224 ἄπο-

253 3239 395 3286 φεύγειν
416 3240 445 3272 L
462 3239 473 3279 11
497 3241 534 3272 13
555 3234 664 3270 *οὔτε
686 3239 761 3280 libri
774 3237 786 3282 11
808 3240 846 3271 15
872 3238 977 3292 ἐχρῆν
996 3237 1100 3277 Μβς]
1126 3237 1196 3277 ἔχει
1222 3237 1326 3269 Halo-

255 3285 375 3326 underl}
390 3286 429 3318 16
443 3283 482 3323 ἐξ
489 3279 607 3325 αὐτῆς]
621 3282 813 3325 aprincipio
822 3294 841 3318 ς
851 3282 863 3327 11
875 3279 1066 3328 αρξάμενοι
1079 3283 1307 3325 Osenbriquen
1315 3293 1327 3321 ,-

256 3342 296 3361 nn
320 3325 561 3373 ἀρξαμένουςῖ
579 3327 592 3371 11
612 3330 651 3361 19
675 3325 862 3361 παντελῶς
886 3328 974 3368 ΜΒ]
1001 3340 1059 3360 om.
1085 3327 1139 3363 Lc
1152 3325 1165 3370 11
1183 3327 1243 3359 καὶ
1268 3339 1326 3360 om.

258 3375 286 3405 L
302 3374 314 3416 fl
332 3375 374 3406 22
383 3373 438 3414 τὸ]
452 3374 506 3406 τῶ
517 3374 547 3406 L
562 3372 575 3417 11
595 3374 635 3406 23
649 3375 824 3415 praeterae
834 3372 939 3415 plebis
948 3372 1047 3405 om.L
1065 3370 1077 3416 11
1095 3373 1137 3405 26
1149 3372 1327 3414 praetwres

259 3418 302 3450 M
317 3421 517 3462 πραίτωρες
530 3419 559 3451 L
575 3417 587 3461 11
605 3417 697 3450 εἰσὶν
717 3418 767 3459 ἐν]
791 3413 812 3459 ἡ
830 3417 917 3458 0571,
933 3418 945 3458 11
965 3419 1006 3450 30
1030 3418 1209 3459 praetcores
1218 3416 1328 3469 plebis

261 3463 303 3494 A!
317 3465 516 3508 πραίτωρες
529 3460 654 3506 πλέβις
666 3463 697 3495 L
713 3461 726 3506 11
745 3463 787 3496 32
811 3462 887 3494 ἐστὶ
908 3463 1014 3505 τέμνε
1030 3462 1077 3494 J)
1102 3461 1202 3494 ἐστὶν
1213 3472 1327 3504 ονομα

260 3506 320 3543 L²;
345 3516 462 3538 nomen
477 3509 551 3540 add.
567 3519 597 3548 ς’,
620 3505 736 3550 ὄνομα
749 3515 826 3551 post
841 3509 1045 3551 πραίτωρος
1056 3506 1128 3548 (32)
1140 3506 1326 3550 Aqylaeus,·

258 3552 316 3583 ned
331 3553 373 3588 cf.
388 3552 442 3591 92,
460 3559 502 3584 ¹5.
522 3554 575 3594 98,
596 3561 638 3587 ¹7.
659 3554 713 3593 99,
734 3560 766 3586 12
781 3553 825 3586 al.
843 3551 856 3594 ΙΙ
873 3555 913 3586 35
939 3548 1121 3597 δευτέρους
1143 3562 1183 3584 τε
1203 3546 1329 3584 αὐτοὺς

261 3595 289 3628 L
305 3594 318 3638 11
336 3597 378 3628 36
402 3593 567 3629 παλαίειν
590 3597 636 3630 L¹
652 3596 666 3642 11
685 3599 725 3631 37
751 3594 883 3639 βουλὴν
905 3596 937 3630 L

305 3675 317 3707 1
346 3672 548 3715 eiuinltatem
571 3675 604 3707 R
619 3674 632 3718 11
651 3675 870 3719 applicatione
895 3675 926 3708 R
949 3674 997 3718 114
1023 3675 1120 3708 etiam
1146 3675 1241 3708 istam
1263 3675 1296 3708 R
1315 3673 1328 3719 11

1396 3093 1415 3124 5
1441 3090 1548 3123 diuidi
1573 3090 1736 3132 dignitate
1759 3089 1794 3123 R
1818 3088 1831 3133 11
1853 3091 1871 3122 7
1897 3088 2144 3121 uehementium
2165 3088 2238 3132 Vflss
2258 3090 2277 3123 8
2298 3088 2466 3121 aberrave-

1395 3135 1465 3168 rint
1488 3136 1574 3179 vulq.
1601 3136 1613 3177 Ι
1644 3137 1664 3169 9
1689 3135 1803 3167 *hanc
1828 3135 1904 3168 libri
1930 3133 1941 3177 11
1975 3136 2014 3167 10
2038 3136 2071 3166 et
2092 3146 2150 3166 om.
2171 3133 2205 3167 R
2233 3132 2246 3178 11
2273 3133 2464 3166 nobiliosam

1398 3181 1428 3213 R
1445 3179 1457 3223 11
1474 3180 1678 3233 obscuratam
1708 3181 1737 3214 R
1762 3179 1775 3224 11
1800 3181 1835 3213 11
1863 3179 1970 3211 noctis
1993 3189 2051 3221 per
2074 3188 2192 3211 nomen
2218 3179 2251 3211 R
2271 3178 2284 3222 Ι
2301 3178 2463 3230 refugium

1395 3225 1649 3313 310131ῃὲἷὲἵὲ
1664 3224 2211 3314 ΞΗΡέωἷεΒῃὶἒιῗρζὲῗίὦῗιῖ
2231 3222 2465 3310 {³024ssssss

1395 3315 1430 3348 R
1447 3315 1459 3357 11
1474 3314 1514 3347 de
1527 3317 1646 3355 cetero]
1668 3314 1762 3367 nulla
1781 3313 1836 3358 1711
1858 3315 1896 3348 19
1916 3314 2030 3346 *diem
2045 3315 2121 3347 libri
2137 3313 2149 3355 11
2165 3315 2260 3345 nocte
2274 3312 2317 3352 R]
2336 3313 2463 3343 noctem

1395 3360 1529 3437 slisoxgiiiq
1533 3359 1576 3437 Iu?
1587 3362 1629 3449 2113
1636 3357 2466 3445 2Ιέιθέἐεῗίἑὲῗιεῗιξ1)Υεῗέξοίῌυιὲέιιῆρῖεἶιὲίῃιέυξὲἒᾜ

1395 3459 1493 3492 super
1518 3450 1550 3483 R
1573 3450 1585 3492 11
1613 3451 1654 3484 29
1678 3460 1755 3483 vero
1776 3462 1833 3483 om.
1856 3449 1890 3482 R
1908 3448 1978 3492 1130
1998 3448 2162 3491 praetores
2183 3444 2381 3488 populorum
2405 3457 2463 3478 om.

1397 3494 1429 3527 R
1447 3492 1459 3538 11
1474 3496 1640 3546 praetores
1653 3495 1728 3528 RV
1740 3495 1753 3536 11
1769 3496 1806 3528 31
1835 3493 1978 3546 qualiter
1996 3502 2063 3526 nou
2074 3490 2387 3578 ἦῖοὲἒυΙῖ-ἐιιιωὲω.
2401 3490 2438 3568 Ξ
2452 3489 2465 3578 11

1395 3540 1509 3616 itti?
1528 3550 1608 3625 333¹
1623 3536 2112 3627 5112·ss¹'11³{7⁸¹}‘1¹1‘1¹‚2}{⁸3„{²12
2135 3580 2179 3612 «ι.
2193 3545 2295 3631 ἐρα,
2319 3544 2408 3613 „3:30
2431 3583 2465 3612 et

1397 3629 1429 3662 R
1445 3628 1458 3672 Ι
1475 3629 1543 3661 sint
1563 3630 1609 3670 V]
1632 3630 1712 3662 sunt
1733 3628 1768 3661 R
1790 3629 1877 3674 ναῖς.
1893 3627 1905 3673 11
1924 3628 1966 3662 38
1990 3625 2047 3669 qui
2071 3625 2120 3664 88]
2145 3633 2223 3665 ‘1¹²¹ss
2244 3623 2274 3656 V
