2618 4010
181 113 238 146 υτ
266 116 570 163 nmsmurns
597 118 776 152 mmcns
805 120 975 154 Annum

685 255 744 298 Πς

323 323 458 359 sim-E
480 322 950 360 ΥΠΕΡΤῙΘΕΜΕΝΟΥΣ
974 327 1115 363 ΤΟΥΣ

177 368 456 404 ΑΡΧΟΝΤΑΣ
488 369 718 405 AKOYEIN
751 371 856 406 ΤΩΝ
884 372 993 407 ΤΟΥ
1016 372 1253 408 ΠΡΟΣῙΟΝ-

178 414 282 448 ΤΟΣ
304 414 512 449 ΔΙΚΑΙΩΝ
535 415 953 452 ΣΥΝΕΛΑΥΝΕΣΘΑῙ
984 418 1122 453 ΠΑΡΑ
1147 419 1252 453 ΤΩΝ

1253 107 1334 155 419

1903 115 2011 160 Nov.
2041 115 2263 160 LXXXVI
2281 129 2343 171 pr.
2377 120 2397 160 1

1539 259 1737 297 LXXXVI.
1783 261 2101 298 Auth.CXXVIH.
2129 261 2277 300 0011.1X
2291 263 2401 299 timo

1462 327 1526 364 UT
1551 328 1898 366 DIFFERENTES
1921 330 2115 366 IUDICES
2139 330 2326 367 AUDIRE

1322 372 1405 407 INT
1442 372 1797 410 RPELLANTIUM
1820 375 2196 412 ALLEGATIONES
2222 375 2401 412 OOGAN-

1322 418 1421 454 TUR
1455 419 1519 454 AB
1556 419 1822 456 EPISOOPIS
1858 421 1951 456 HOC
1986 421 2184 464 AGERE:
2232 421 2299 457 ET
2333 421 2400 458 UT

176 459 468 495 ΕΠῙΣΚΟΠΩΝ
493 461 676 496 ΤΟΥΤΟ
697 462 977 497 ΠΡΑΤΤΕΙΝ·
1002 465 1095 499 ΚΑΙ
1116 464 1251 499 ΩΣΤΕ
1289 463 1520 507 5QUANDO
1544 464 1596 500 IN
1621 464 1940 501 SUSPICIONEM
1971 466 2257 502 HABUERINT
2279 466 2399 502 IUDI-

175 505 339 540 HNIKA
375 506 461 539 ΤΙΣ
496 507 559 540 ΕΝ
595 507 842 542 ΥΠΟΝΟΙΑΙ
877 509 995 543 EXEI
1030 510 1134 544 TON
1170 510 1251 544 AP-

174 550 355 585 XONTA
392 551 783 587 ΣΥΝΑΚΡΟΑΤΗΝ
827 554 932 588 ΤΗΣ
974 555 1128 589 ΔΙΚΗΣ
1169 555 1251 590 ΛΑ-

174 596 288 630 BEIN
318 596 424 630 TON
449 597 555 631 ΤΗΣ
578 598 779 633 ΠΟΛΕΩΣ
807 600 1121 635 ΕΠΙΣΚΟΠΟΝ’
1158 601 1252 635 ΚΑΙ

173 640 289 675 ΠΕΡΙ
321 642 430 676 ΤΟΥ
462 643 603 677 ΤΟΥΣ
628 644 1114 679 ΕΠΗΡΕΑΖΟΜΕΝΟΥΣ
1145 646 1250 680 YIIO

174 686 454 722 ΑΡΧΟΝΤΟΣ
502 689 592 723 'rm
637 690 916 725 ΕΠΙΣΚΟΠΩΙ
962 691 1250 725 ΠΡΟΣΙΕΝΑῙ·
1268 692 1307 723 10

173 731 266 765 ΚΑΙ
308 732 424 767 ΠΕΡΙ
465 735 666 769 ΕΤΕΡΑΣ
707 735 1102 770 ΠΑΡΑΦΥΛΑΚΗΣ
1144 736 1249 770 ΥΠΟ

173 777 467 813 ΕΠΙΣΚΟΠΩΝ
510 779 840 815 ΟΦΕΙΛΟΥΣΗΣ
880 781 1089 815 ΠΑΝΤΩΣ
1127 781 1250 815 KPA-

203 823 459 859 ΤΥΝΕΣΘΑΙ
483 825 633 865 [ΠΑΡΑ
658 826 936 861 ΑΡΧΟΝΤΩΝ
959 826 1226 866 ΓΕΝΕΣΟΑῙ].

170 874 231 911 Ἐν
253 874 409 922 ὀνόματι
442 881 505 914 τοῦ
538 879 714 916 δεσπότου
737 878 847 924 Ἰησοῦ
871 881 1032 926 Χριστοῦ
1062 882 1127 915 τοῦ
1157 881 1249 914 θεοῦ

173 923 277 967 ἡμῶν
290 922 540 970 Αὐτοκράτωρ
556 929 697 971 Καῖσαρ
716 925 873 971 Φλάβιος
886 925 1137 960 ’Ῑουστινιανός
1150 922 1249 959 Ἀλα-
1264 927 1304 960 15

172 969 321 1011 μανικὸς
363 971 542 1005 Formam
585 971 783 1018 Φραγγικὸς
829 971 1048 1027 Γερμανικὸς
1091 968 1249 1005 Ἀντικὸς

172 1011 373 1057 (Ἀλανικὸς
394 1015 653 1057 Οὐανὸαλικὸς>
672 1013 835 1063 Ἀφρικὸς
859 1016 1004 1060 εὐσεβὴς
1029 1013 1171 1060 εὐτυχὴς
1192 1017 1248 1050 ἔν-

213 1058 314 1100 δοξος
333 1061 476 1104 νικητὴς
495 1063 729 1107 τροπαιοῦχος
748 1059 977 1106 ἇεισέβαστος
993 1060 1210 1108 Αὔγουστος.

227 1129 525 1173 (Προοίμιον)
575 1126 634 1170 Ἐξ
665 1121 775 1175 οὗπερ
806 1127 894 1173 ἡμᾶς
926 1126 944 1163 ὁ
977 1129 1065 1164 θεὸς
1094 1132 1139 1176 τῇ
1167 1126 1249 1163 Ῥω-

1322 509 1443 552 CEM,
1485 509 1701 546 PARITER.
1737 511 1922 547 AUDIAT
1948 511 2142 547 CAUSAM
2183 512 2247 547 ET
2284 512 2399 548 CIVI-

1321 553 1463 590 TATIS
1496 555 1773 598 EPISCOPUS;
1808 557 1873 591 ET
1905 556 1972 591 DE
2006 556 2232 592 CAUTELA
2263 557 2400 602 QUAM

1363 599 1590 637 OPORTET
1615 601 1805 638 OMNINO
1828 601 2102 638 EPISCOPUM
2127 602 2293 639 AGERE
2316 603 2357 649 151

1632 881 1722 926 Imp.
1748 881 1967 919 Iustinianus
1991 884 2084 929 Aug.

1375 1128 1673 1181 (Praefatio).
1721 1129 1778 1164 Ex
1817 1141 1886 1175 quo
1927 1141 1993 1166 nos
2033 1131 2120 1167 deus
2155 1131 2397 1167 Romanorum

171 1177 292 1226 μαίων
317 1175 489 1228 ἐπέστησε
513 1173 696 1218 βασιλείᾳ,
728 1176 851 1210 πᾶσαν
875 1175 1063 1219 τιθέμεθα
1086 1173 1249 1218 σπουδὴν
1263 1176 1305 1209 20
1319 1175 1528 1218 praeposuit
1551 1175 1708 1219 imperio,
1734 1186 1836 1211 omne
1855 1177 2027 1212 habemus
2051 1177 2207 1212 studium
2227 1178 2397 1213 universa.

173 1230 293 1252 παντα
317 1232 491 1264 πραττειν
522 1217 575 1253 ἀεὶ
597 1220 643 1254 τὰ
664 1219 754 1266 πρὸς
777 1217 955 1266 ὠφέλειαν
978 1221 1054 1254 τῶν
1077 1219 1250 1264 ὑπηκόων

172 1265 232 1318 τῖζς
256 1265 553 1308 ἑμπιστευθείσης
586 1263 672 1309 ἡμῖν
704 1265 803 1310 παρὰ
839 1266 903 1299 τοῦ
935 1266 1026 1300 θεοῦ
1058 1265 1250 1308 πολιτείας,

171 1312 317 1343 κακεῖνα
346 1309 522 1355 πράττειν
549 1306 791 1365 ἅπερῖπάσης
818 1307 944 1344 αὐτοὺς
968 1309 1161 1357 δυςχερείας
1191 1314 1250 1344 καὶ

1318 1229 1424 1264 agere
1448 1220 1493 1255 ad
1517 1220 1707 1255 utilitatem
1734 1222 1975 1257 subiectorum
2007 1222 2216 1258 commissae
2247 1223 2350 1259 nobis
2374 1233 2397 1258 a

1320 1265 1386 1300 deo
1410 1265 1638 1310 reipublicae,
1669 1270 1705 1301 et
1728 1266 1789 1301 illa
1811 1268 1930 1303 facere
1951 1277 2043 1313 quae
2067 1269 2162 1303 omni
2186 1268 2396 1304 difficultate

1321 1314 1355 1345 et
1383 1310 1542 1347 laesione
1571 1315 1679 1356 atque
1711 1312 1924 1348 contritione
1948 1313 2104 1358 privent,
2138 1324 2183 1350 ne
2207 1314 2396 1350 occasione

171 1353 306 1398 βλάβης
336 1358 396 1388 καὶ
419 1357 611 1401 συντριβῆς
638 1355 878 1398 απαλλάσσει,
912 1357 973 1390 ἵνα
994 1357 1043 1401 μὴ
1068 1356 1248 1402 προφάσει
1317 1355 1432 1392 litium
1465 1359 1501 1391 et
1530 1357 1681 1392 aliorum
1713 1358 1935 1402 quorundam
1968 1358 2150 1395 discedere
2179 1363 2351 1404 cogantur
2374 1370 2396 1394 a

171 1396 283 1434 δικῶν
300 1403 359 1433 καὶ
376 1401 510 1446 ἑτέρων
525 1402 641 1435 τινῶν
658 1398 858 1444 ἀποδημεῖν
882 1398 1163 1449 ἀναγκάζωνται
1186 1403 1250 1445 τῆς
1264 1404 1304 1437 25
1318 1401 1464 1448 propria
1487 1402 1606 1447 patria
1630 1406 1666 1438 et
1689 1403 1725 1438 in
1749 1404 1943 1448 peregrinis
1967 1403 2089 1449 affligi.

171 1442 261 1478 ἰδίας
284 1443 456 1490 πατρίδος
478 1449 538 1480 καὶ
562 1448 622 1480 ἐπὶ
647 1446 747 1490 ξένης
768 1446 1096 1493 ταλαιπωρεῖσθαι.

1177 1537 1334 1574 CAPUT
1362 1538 1391 1574 Ι.

226 1592 295 1625 Διά
319 1594 428 1627 τοῦτο
452 1597 577 1627 τοίνυν
605 1596 666 1627 καὶ
695 1595 755 1628 ἐπὶ
786 1595 850 1628 τοῦ
881 1593 1062 1639 παρόντος
1091 1592 1249 1629 συνείδο-

167 1650 235 1681 μεν
258 1637 300 1671 τὸ
327 1638 447 1683 παρὸν
472 1636 614 1673 ε’ὃικτον
638 1639 685 1674 εἰς
707 1635 811 1674 ἅπαν
834 1643 1071 1686 καταπέμψαι
1094 1641 1137 1674 τὸ
1157 1637 1248 1684 ὑπή-

1363 1595 1559 1640 Propterea
1576 1594 1684 1639 igitur
1707 1598 1743 1631 et
1765 1596 1803 1631 in
1823 1597 2003 1641 praesenti
2021 1597 2268 1643 perspeximus
2290 1608 2395 1644 prae-

1318 1650 1399 1676 sens
1423 1640 1578 1676 edictum
1610 1640 1657 1675 ad
1681 1652 1803 1677 omnes
1834 1642 1981 1687 dirigere
2005 1643 2186 1679 subiectos
2217 1646 2253 1679 et
2275 1644 2396 1689 palam

168 1695 264 1725 κοον,
285 1686 344 1716 καὶ
362 1682 472 1727 δῆλον
497 1685 647 1727 ποιῆσαι
672 1687 743 1718 τοῖς
766 1686 897 1728 πασῶν
921 1687 999 1719 τῶν
1019 1684 1165 1721 πόλεων
1189 1689 1249 1720 καὶ
1317 1685 1439 1721 facere
1472 1686 1626 1721 omnium
1659 1686 1840 1722 civitatum
1872 1691 1908 1723 et
1934 1689 2093 1724 vicorum
2123 1688 2394 1734 habitatoribus,

168 1729 245 1762 τῶν
269 1730 404 1773 κωμῶν
429 1728 644 1774 οἰκήτορσιν,
676 1727 737 1775 ἐφ’
762 1730 849 1774 ᾠτε,
882 1731 981 1777 εἴπερ
1006 1733 1079 1774 ἔχοι
1102 1743 1155 1766 τις
1182 1728 1248 1776 ἅμ-
1263 1735 1303 1767 30
1319 1734 1494 1775 quatenus
1530 1731 1561 1767 si
1596 1732 1676 1776 quis
1712 1733 1878 1768 habuerit
1920 1734 2183 1770 contentionem
2225 1735 2395 1771 adversus

168 1772 388 1830 φισβήτησιν
412 1775 502 1820 πρὸς
525 1777 657 1821 ἕτερον,
688 1775 767 1830 εἴτε]
783 1779 865 1821 περὶ
887 1778 1103 1831 χρηματικῆλς
1134 1778 1250 1832 αἰτίας
1318 1777 1427 1812 alium
1462 1777 1535 1813 sive
1567 1776 1610 1812 de
1639 1778 1849 1822 pecuniaria
1882 1789 1992 1815 causa
2021 1780 2093 1815 sive
2123 1780 2166 1816 de
2196 1781 2396 1817 sublatione

167 1820 238 1853 εὶτε
261 1822 343 1866 περὶ
368 1823 589 1866 αφαιρέσεως
621 1833 848 1868 πραγματων
879 1835 1039 1866 κινητων
1071 1836 1092 1866 η
1125 1821 1249 1866 ακινή-

167 1876 244 1899 των
267 1862 291 1908 ἢ
315 1862 565 1909 αὖτοκινήτων
589 1866 658 1900 εἴτε
682 1870 764 1913 περὶ
790 1866 1035 1914 ἐγκλημάτων,
1050 1912 1053 1915 .
1071 1866 1248 1913 πρότερον

1317 1832 1435 1858 rerum
1465 1822 1647 1858 mobilium
1678 1827 1713 1858 et
1743 1824 1974 1861 immobilium
2006 1835 2154 1870 seseque
2182 1826 2395 1862 moventium

1317 1867 1392 1903 sive
1423 1867 1467 1904 de
1499 1868 1760 1913 criminalibus,
1795 1870 1895 1915 prius
1927 1870 2129 1917 interpellet
2160 1871 2394 1908 clarissimum

224 1957 307 1990 Νου.
336 1957 545 1992 LXXXVI
569 1959 731 1999 (Autbent.
760 1959 963 1993 CXXVIII
982 1977 1026 1989 =
1055 1960 1133 1994 Call.
1151 1960 1213 1994 IX
1234 1961 1279 1994 tit.
1301 1962 1357 1995 10:
1382 1961 1495 2004 yloss.)
1533 1961 1658 1995 Graece
1683 1969 1770 1997 extat
1794 1963 1826 1995 in
1852 1963 1941 2004 ML,
1968 1964 2000 1996 A
2016 1965 2050 2005 f.
2074 1965 2154 1998 197*
2177 1963 2307 2006 (τίτλος
2328 1962 2392 2011 γ’),

168 2014 194 2036 c.
209 2003 295 2035 1—9
322 2002 356 2035 B
381 2004 412 2044 6,
426 2009 472 2037 22.
496 2022 540 2027 —
564 2004 654 2047 Epit-
682 2005 803 2038 Theoti.
830 2006 882 2045 86,
915 2006 1035 2038 Athan.
1062 2007 1091 2047 1,
1108 2013 1124 2039 3
1149 2006 1237 2047 (inde
1266 2006 1345 2039 Coll.
1370 2013 1469 2040 const.
1495 2007 1570 2040 eccl.
1594 2007 1628 2049 3,
1648 2014 1673 2048 1,
1687 2008 1727 2049 3),
1750 2008 1914 2051 paratitla
1939 2010 1984 2041 ad
2010 2009 2091 2042 Coll.
2118 2017 2215 2044 const.
2234 2011 2309 2044 eccl.
2329 2013 2359 2053 1,
2376 2018 2394 2044 4

163 2060 200 2090 p.
217 2048 303 2081 1283
324 2048 437 2090 Voell.‚
462 2050 519 2082 ubi
541 2051 659 2082 citatur
683 2062 752 2083 nov.
767 2046 860 2094 ρκὸ’.
907 2050 1030 2084 Iulian.-
1056 2058 1153 2084 const.
1176 2051 1317 2084 LXIX.

1176 2137 1388 2175 LXXXVI.

173 2201 237 2237 UT
264 2200 554 2237 PRAESIDES
584 2201 640 2238 SI
665 2202 1074 2240 SUPERSEDEANT
1103 2203 1302 2241 AUDIRE
1333 2205 1359 2241 Ι
1363 2205 1457 2242 URA
1488 2206 1610 2243 EIUS
1639 2206 1732 2251 QUI
1759 2206 1907 2245 IPSOS
1936 2208 2155 2246 ADIERIT
2184 2211 2254 2247 AB
2286 2211 2392 2248 EPI-

168 2245 344 2282 SCOPIS
374 2246 431 2281 ID
461 2247 634 2283 AGERE
665 2246 1086 2290 COMPELLANTUR·
1128 2248 1293 2292 UTQUE
1321 2249 1377 2287 SI
1403 2250 1522 2294 QUIS
1544 2251 1850 2288 PRAESIDEM
1879 2253 2175 2291 SUSPECTUM
2206 2256 2392 2302 HABET,

169 2290 463 2328 EPISCOPUM
492 2292 543 2328 CI
548 2291 748 2327 VITATIS
778 2291 945 2328 ΡΕΤΑΤ
969 2292 1133 2329 LITEM
1160 2293 1318 2330 SIMUL
1349 2295 1674 2339 AUDITURUM;
1709 2297 1778 2332 ET
1802 2297 1867 2333 UT
1890 2297 1940 2334 II
1966 2298 2059 2342 QUI
2077 2302 2109 2335 A
2135 2301 2396 2338 PRAESIDE

169 2335 374 2372 INIURIA
399 2337 616 2373 AFFECTI
640 2336 774 2372 SUNT
802 2336 1092 2374 EPISCOPUM
1114 2338 1339 2382 ADEANT;
1372 2340 1443 2376 ET
1461 2341 1534 2377 DE
1560 2341 1679 2377 ALIA
1711 2341 1954 2379 CUSTODIA
1986 2343 2127 2387 QUAM
2153 2345 2397 2384 EPISCOPI

531 2381 730 2420 OMNINO
753 2380 989 2418 FIRMARE'
1009 2382 1259 2419 DEBEANT
1280 2387 1325 2429 [A
1349 2385 1697 2422 PRAESIDIBUS
1719 2387 2032 2434 PRAESTARIJ.

214 2437 261 2475 In
284 2439 427 2474 nomine
444 2439 580 2474 domini
604 2437 688 2474 Iesu
707 2438 839 2475 Christi
862 2438 922 2475 dei
941 2440 1060 2476 nostri
1083 2439 1292 2489 Imperator
1315 2442 1447 2478 Caesar
1471 2442 1619 2479 Flavius
1643 2442 1870 2491 Iustinianus
1892 2445 2154 2483 Alamannicus
2174 2447 2346 2485 Gothicus

213 2484 413 2521 stancc‘cus
434 2484 665 2521 Germanicus
680 2484 830 2520 Anticus
844 2484 1036 2530 <Alanicus
1060 2485 1298 2568 Vazichtaealicus?
1316 2488 1468 2568 Afrz‘ciccs
1484 2489 1574 2535 pius
1594 2489 1876 2534 felix-inclutus
1898 2491 2015 2527 victor
2035 2503 2079 2528 ac
2100 2492 2346 2540 triumphator

1168 2543 1237 2578 per
1293 2544 1386 2579 uqus
1403 2545 1425 2568 u
1449 2562 1456 2569 .

302 2585 568 2632 Praefatio.
624 2585 687 2621 Ex
718 2598 789 2632 quo
825 2586 912 2637 deus
941 2597 1007 2622 nos
1040 2587 1286 2639 Romanorum
1321 2589 1473 2635 imperio
1501 2590 1740 2641 praeposuit,
1778 2602 1882 2627 omne
1914 2592 2074 2628 studium
2107 2594 2317 2632 adhibemus
2349 2601 2390 2634 ut

169 2632 289 2667 omn-ia
319 2642 460 2678 semper
490 2631 539 2667 ad
568 2632 757 2667 utilitatem
787 2631 1027 2667 subiectorum
1051 2633 1271 2679 reipublicae
1294 2645 1317 2670 a
1340 2633 1406 2669 deo
1431 2634 1534 2670 nobis
1558 2635 1716 2671 creditae
1739 2647 1909 2683 aqamus,
1941 2648 1985 2674 ea
2012 2649 2056 2674 ue
2077 2638 2262 2685 faciamus
2292 2652 2388 2688 quae

169 2677 266 2713 omni
287 2677 451 2712 molestia
479 2681 514 2713 et
537 2676 668 2712 damno
701 2680 735 2712 et
758 2676 952 2712 vexatione
975 2688 1036 2712 eos
1061 2677 1226 2721 liberent,
1258 2690 1304 2715 ne
1325 2684 1480 2726 propter
1503 2679 1583 2716 lites
1614 2685 1649 2716 et
1672 2681 1747 2717 alia
1771 2681 1948 2728 quaedam
1997 2684 2155 2720 iscedere
2184 2696 2235 2722 σω
2262 2688 2388 2733 patria

167 2733 236 2758 sua
260 2727 294 2758 et
301 2733 470 2803 Ipereqre
493 2732 686 2757 aerumnas
703 2722 877 2768 perferre
905 2726 1095 2768 coquntur.

376 2767 577 2814 Propterea
594 2768 707 2813 iqitur
726 2767 832 2803 etiam
851 2767 1111 2819 inpraesentia
1128 2768 1269 2814 placuit
1282 2780 1460 2820 praesens
1475 2770 1630 2806 edictum
1647 2771 1696 2806 ad
1712 2782 1833 2807 omnes
1848 2772 2028 2809 subiectos
2043 2774 2193 2818 mittere,
2215 2780 2249 2812 et
2261 2777 2386 2824 palam

165 2814 293 2859 facere
318 2813 474 2849 omnium
495 2813 636 2848 urbium
660 2817 695 2848 et
717 2813 876 2848 vicorum
899 2813 1038 2855 incolis,
1071 2819 1121 2855 uc,
1145 2814 1177 2848 si
1201 2814 1282 2860 quis
1315 2813 1412 2850 litem
1436 2825 1516 2850 cum
1540 2816 1662 2862 aliquo
1687 2816 1828 2859 habeat,
1859 2818 1934 2854 sive
1964 2818 2009 2854 de
2028 2821 2244 2866 pecuniaria
2275 2833 2387 2860 causa

167 2859 223 2896 vel
239 2858 283 2894 de
297 2859 405 2895 rebus
427 2858 615 2894 mobilibus
638 2862 702 2894 aut
725 2857 962 2893 immobilibus
985 2863 1049 2894 aut
1071 2869 1110 2894 se
1133 2859 1353 2894 moventibus
1375 2859 1444 2895 sibi
1465 2859 1597 2896 ablatis
1618 2862 1692 2898 sive
1715 2862 1759 2898 de
1783 2862 2001 2906 criminibus,
2018 2865 2130 2911 prius
2149 2866 2387 2904 clarissimum

221 2940 339 2972 2rul·r.
362 2934 471 2971 ‘Dave
495 2937 560 2971 τὸν
585 2938 783 2971 ἐπίσκοπον
807 2937 1079 2981 συνακροᾶσθαι
1102 2938 1155 2980 τῷ
1181 2935 1240 2982 ἅρ-

167 2995 278 3026 χοντι,
303 2982 365 3016 ἐὰν
385 2981 467 3028 λέγη
486 2993 539 3016 τις
560 2979 770 3015 ἀδικεῖσθαι
791 2978 856 3016 ’ὑπ’
873 2978 983 3016 αὐτοῦ
1004 2983 1035 3016 Α
1062 2985 1151 3027 Περὶ
1175 2983 1240 3016 τοῦ

168 3027 443 3072 συνακροᾶσθαι
473 3024 629 3070 ὑπόπτῳ
661 3025 741 3061 ὄντι
772 3025 918 3072 ἄρχοντι
948 3026 1016 3061 τὸν
1039 3028 1241 3063 ἐπίσκοπον

170 3075 289 3106 meod.
308 3073 320 3116 ΙΙ
347 3076 365 3107 3
387 3074 450 3106 τοῦ
474 3071 695 3117 προςιόντος]
720 3073 1006 3115 interpellantium
1031 3085 1050 3109 ς
1066 3073 1078 3116 ΙΙ
1097 3076 1117 3107 4
1140 3072 1239 3120 παρὰ

169 3118 318 3159 ML¹BJ
352 3113 423 3151 ὑπὸ
447 3119 522 3151 Aeh.
559 3121 618 3150 καὶ
643 3116 741 3161 παρὰ
765 3118 813 3151 L2
840 3116 851 3162 ΙΙ
889 3120 907 3151 5
937 3118 1055 3151 ταῦτα
1079 3120 1114 3152 Β
1142 3119 1154 3162 ΙΙ
1182 3121 1240 3152 καὶ

170 3158 264 3196 ὥστε
277 3182 320 3187 -—
335 3165 375 3197 13
387 3162 561 3209 γενέσθαι
575 3164 711 3203 MLBC]
737 3165 797 3196 καὶ
820 3161 866 3195 τὰ
891 3162 971 3205 ἑξῆς
986 3164 1073 3204 Am,
1090 3177 1146 3197 om.
1162 3163 1213 3197 B!
1230 3162 1241 3208 ΙΙ

169 3211 187 3242 7
205 3207 464 3253 συνακροατὴν]
489 3220 601 3253 ακροα
625 3222 683 3241 om.
697 3210 729 3242 in
745 3209 803 3241 lac.
819 3208 869 3241 B⁶
885 3208 897 3251 ΙΙ
915 3207 1162 3252 συνακροατὴν
1179 3209 1241 3251 τῆς

169 3251 266 3296 δίκης
280 3251 417 3297 λαβεῖν]
441 3254 566 3295 pariter
582 3254 697 3286 audiat
713 3264 843 3286 causam
860 3265 879 3289 ς
896 3254 907 3296 ΙΙ
928 3255 965 3288 11
980 3253 1101 3299 ἑτέρας
1121 3267 1178 3288 om.
1195 3266 1214 3290 ς
1229 3253 1240 3298 ΙΙ

167 3297 324 3343 φυλακῆς
336 3300 366 3332 L
384 3299 395 3342 ΙΙ
417 3300 456 3332 12
480 3296 727 3343 κρατύνεσθαι
751 3297 850 3343 παρὰ
874 3297 987 3344 (παρὰ
1005 3301 1082 3333 τιῦν
1095 3300 1142 3333 M
1149 3302 1181 3333 in
1194 3301 1240 3334 in-

168 3346 251 3386 dice)
271 3340 472 3389 ἀρχόντων]
498 3357 556 3377 οηι.
573 3357 608 3383 ς;
633 3345 746 3378 ultima
760 3347 860 3377 verba
883 3352 965 3377 recte
982 3345 1014 3377 in
1030 3347 1240 3388 suspicionem

160 3391 295 3423 vocavit
304 3391 491 3423 Zachariae
508 3389 521 3432 ΙΙ
541 3392 582 3423 14
594 3392 688 3423 inser.
705 3391 906 3433 iivteyriorenz
918 3392 1059 3423 servavit
1070 3391 1118 3430 A;
1136 3386 1239 3423 αὖτο-

167 3432 312 3480 κράτωρ
327 3437 456 3479 καῖσαρ
475 3432 554 3479 φλά.
575 3436 717 3479 (καῖσαρ
741 3433 824 3479 φλά.
843 3448 900 3468 om.
914 3435 979 3476 Le)
1002 3434 1242 3469 ἰουστινιανὸς

157 3478 361 3525 -αὔγουστος
370 3481 463 3516 ΜΕς
472 3476 757 3524 (Αὐτοκράτορος
767 3476 1018 3514 Ἶουστινιανοῦ
1028 3476 1240 3526 Αὐγούστου

170 3522 309 3559 ἔδικτον
322 3526 528 3564 Haloander)
550 3521 587 3559 ‘0
602 3521 710 3558 αὐτὸς
725 3523 890 3568 βασιλεύς
902 3526 977 3558 Ath.
997 3526 1010 3569 ΙΙ
1034 3527 1080 3559 15
1098 3524 1241 3571 φλάυϊος

169 3570 200 3603 Α
216 3569 229 3613 ll
248 3572 288 3604 16
309 3566 478 3612 Ἀντικὸς]
503 3566 645 3605 ἀττικὸς
668 3571 697 3604 Α
715 3570 726 3614 ΙΙ
748 3573 786 3605 17
812 3566 1019 3604 *Ἀλανικὸς
1043 3566 1238 3605 Οὗανὸαλι-

148 3624 150 3626 ’
170 3613 230 3647 κὸς
252 3617 401 3660 supplevi
422 3618 477 3661 (cf
503 3619 599 3651 inser.
625 3629 696 3650 nov.
721 3616 846 3650 XVII.
871 3616 1006 3649 XLIII
1011 3630 1018 3655 ;
1044 3618 1133 3651 edict.
1161 3617 1236 3651 VII.

175 3659 267 3702 Corp-
292 3663 387 3695 inser.
416 3661 533 3695 Graec.
559 3663 658 3703 8636)
688 3661 701 3705 ΙΙ
737 3663 778 3695 19
801 3661 977 3706 ῥωμένων
999 3661 1048 3694 L¹
1073 3661 1086 3704 ΙΙ
1117 3663 1155 3696 21
1183 3659 1238 3695 ἀεὶ

171 3717 229 3737 om.
244 3716 262 3740 ς
278 3705 290 3749 ΙΙ
308 3707 349 3740 23
374 3703 573 3754 δυσχερείας
594 3705 710 3749 πάσης
734 3702 862 3743 αὐτοὺς
883 3708 929 3748 Α,
964 3702 1090 3740 αὐτοὺς
1114 3720 1172 3741 om.
1186 3720 1205 3744 ς
1227 3707 1239 3752 ΙΙ

1310 2939 1352 2971 24
1368 2933 1589 2973 ἀπαλλάττει
1604 2941 1635 2974 Α
1660 2936 1858 2975 ἀπαλλάσει
1875 2944 1906 2975 L
1923 2943 1935 2986 ΙΙ
1962 2946 2002 2978 25
2023 2944 2150 2987 τινῶν]
2176 2945 2305 2980 αἰτιῶν
2320 2949 2351 2981 A
2375 2946 2387 2993 ΙΙ

1308 2979 1574 3028 ἀναγκάζονται
1595 2986 1626 3019 L
1642 2987 1654 3029 ΙΙ
1674 2988 1716 3020 26
1741 2984 1843 3028 ἰδίας]
1868 2988 1997 3022 οἰκείας
2020 2991 2051 3023 A
2070 2989 2082 3030 ΙΙ
2099 2992 2139 3024 27
2165 2989 2386 3035 Συνείὸομεν

1308 3027 1349 3061 τὸ
1367 3028 1488 3073 παρὸν
1506 3031 1566 3063 inc.
1581 3030 1617 3064 B
1633 3031 1644 3073 ΙΙ
1664 3033 1706 3065 28
1722 3029 1861 3066 ἴδικτον
1879 3033 1926 3066 εἰς
1947 3034 2024 3068 πᾶν
2039 3033 2083 3067 τὸ
2099 3032 2261 3079 ὑπήκοον
2276 3051 2383 3071 κατα-

1309 3075 1449 3118 πέμψαι
1474 3076 1503 3107 Α
1530 3074 1541 3117 ΙΙ
1566 3075 1609 3109 30
1634 3076 1711 3110 τῶν
1735 3090 1792 3110 om.
1810 3078 1860 3111 ΒΟ
1877 3079 1889 3122 ΙΙ
1913 3080 1953 3113 31
1982 3079 2098 3113 αἰτίας
2119 3080 2201 3122 εἴτε]
2227 3082 2343 3116 αἰτίας
2362 3080 2386 3126 ἢ

1309 3119 1343 3152 Β
1360 3119 1371 3163 ΙΙ
1391 3120 1432 3153 33
1448 3117 1679 3164 ἐγκλημάτων
1692 3123 1812 3163 ΜΑΒ]
1838 3122 2107 3168 ἐγκληματικῶν
2123 3127 2186 3168 ᾖς,
2204 3129 2291 3168 quod
2304 3141 2385 3171 pro·

1310 3166 1363 3196 bat
1387 3165 1574 3198 Zachariae
1592 3165 1604 3209 ΙΙ
1628 3165 1805 3212 πρότερον
1829 3171 2010 3212 προςιέναι
2031 3169 2150 3211 ιῚΙΒΓς]
2175 3167 2271 3205 ὥστε
2294 3170 2384 3218 πρό-

1307 3220 1412 3255 τερον
1436 3212 1617 3254 προςιέναι
1640 3214 1833 3256 (προςιέναι
1857 3211 2035 3258 πρότερον
2060 3216 2102 3256 Α)
2127 3217 2244 3250 LAB⁰

1353 3301 1372 3333 2
1397 3300 1488 3332 adire
1502 3300 1549 3332 R¹
1570 3300 1582 3343 ΙΙ
1598 3301 1620 3334 4
1640 3302 1679 3333 ut
1703 3314 1760 3334 om.
1777 3302 1809 3335 T
1819 3302 1832 3346 fl
1852 3305 1871 3336 5
1891 3304 2079 3346 suspicione
2094 3307 2181 3350 vulq.
2201 3306 2213 3350 ΙΙ
2230 3307 2384 3341 habuerit

1316 3345 1373 3387 VH
1395 3345 1521 3377 iudices
1540 3344 1595 3389 ΤΙΙ
1619 3346 1640 3379 6
1663 3345 1802 3379 audiant
1825 3348 1911 3391 VTfl
1930 3351 2071 3391 causam]
2097 3360 2167 3383 eam
2192 3350 2249 3396 ῘῙΙΙ
2267 3354 2285 3385 7
2305 3363 2382 3386 cau-

1308 3390 1384 3430 tela]
1410 3390 1476 3422 alia
1496 3391 1573 3423 add.
1588 3389 1637 3423 R²
1650 3391 1734 3434 vulq.
1751 3390 1764 3436 ΙΙ
1783 3394 1802 3426 8
1817 3393 1985 3437 episcopos
1999 3395 2031 3427 T
2042 3394 2054 3438 fl
2086 3397 2127 3430 14
2139 3397 2234 3429 inser.
2249 3410 2307 3431 om.
2323 3399 2355 3432 T
2369 3396 2384 3445 fl

1309 3437 1347 3469 21
1376 3436 1544 3468 commisse
1568 3445 1588 3468 a
1611 3435 1706 3469 nobis
1722 3436 1775 3469 R‘*
1800 3438 1977 3472 commissis
2000 3449 2034 3472 se
2056 3440 2153 3474 nobis
2175 3442 2208 3474 T
2220 3441 2232 3486 ΙΙ
2250 3443 2293 3477 22
2312 3454 2382 3477 om-

1308 3491 1382 3513 nem
1397 3483 1505 3520 (omne
1527 3481 1572 3521 V)
1597 3480 1826 3516 difficultatem
1849 3485 1881 3517 et
1904 3483 2064 3518 lesionem
2086 3488 2185 3528 atquc
2209 3488 2381 3523 contritio-

1307 3536 1381 3558 nem
1403 3526 1466 3559 VT
1477 3526 1490 3569 ΙΙ
1516 3527 1557 3559 23
1578 3527 1723 3569 privent]
1748 3529 1903 3571 peruenit
1922 3528 1978 3574 ΤΙΙ
1998 3531 2041 3564 24
2064 3530 2195 3564 licitum
2215 3532 2273 3578 Vn
2287 3536 2320 3576 a]
2343 3534 2381 3567 in

1306 3583 1325 3604 a
1346 3572 1397 3604 Ta
1416 3571 1428 3615 ΙΙ
1445 3572 1486 3605 27
1505 3573 1537 3603 et
1552 3571 1589 3603 in
1605 3589 1643 3595 —-
1659 3573 1700 3606 28
1719 3573 1862 3606 edictum
1878 3575 1920 3607 ad
1937 3582 1968 3609 et
1983 3576 2025 3610 28
2044 3578 2076 3608 et
2092 3576 2200 3620 palam
2214 3596 2254 3603 -
2269 3580 2312 3614 32
2327 3579 2381 3612 in-

1306 3616 1481 3649 mobilium
1504 3627 1615 3649 rerum
1639 3620 1671 3651 et
1692 3619 1769 3651 add.
1783 3619 1832 3652 12²
1849 3621 1882 3653 in
1898 3634 1964 3654 ras.
1981 3621 2000 3653 2
2014 3634 2160 3656 versuum
2180 3621 2193 3664 ΙΙ
2219 3624 2262 3659 29
2286 3624 2380 3658 habi-

1306 3662 1454 3695 tantibus
1468 3663 1501 3695 T
1514 3661 1526 3705 ΙΙ
1544 3663 1587 3696 30
1611 3664 1892 3707 contemptionem
1914 3666 1968 3709 ΤΙΙ
1988 3666 2030 3700 32
2055 3667 2299 3711 immobilium}
2312 3681 2380 3703 mo-

1305 3707 1424 3741 bilium
1444 3709 1499 3751 (cf.
1515 3709 1561 3742 ad
1572 3708 1627 3750 27)
1651 3708 1684 3741 R

2040 3768 2111 3803 53*
