2586 3990
257 147 364 190 Nov.
385 145 506 188 CXII
535 147 560 187 3
591 158 653 199 ep.

254 257 279 293 2
324 256 408 298 νόμι
436 266 478 288 ον
502 252 684 295 δέχεσθαι.
754 252 784 286 εἰ
809 250 848 286 δὲ
866 253 1147 297 προτιθεμένων
1169 252 1246 286 τῶν
1269 250 1335 285 ἰδί-

254 312 353 333 κτων
375 313 395 331 κ
418 298 520 341 ηθεὶς
543 298 590 331 εἰς
612 297 655 331 τὸ
677 295 910 342 δικαστήριον
927 296 1052 330 ἐλθεῖν
1075 299 1135 329 καὶ
1158 295 1222 330 τὰς
1245 295 1336 330 ἰδίας

255 343 438 389 ἐναγωγὰς
454 339 475 384 ἢ
492 339 544 376 δι’
560 341 687 376 ἑαυτοῦ
703 338 726 385 ἢ
742 339 803 375 διὰ
819 345 970 385 νομίμου
987 339 1169 386 (καθάπερ
1186 340 1336 397 εἴρηται)

255 386 426 422 &moltam
449 387 644 432 προθεῖναι
666 386 716 431 μὴ
739 386 956 430 βουληθείη,
986 386 1187 428 τηνικαῦτα
1209 389 1336 441 ιζιέραν

254 432 333 466 ἑνὸς
357 432 520 466 ἐνιαυτοῦ
546 431 777 478 προθεσμίαν
801 428 898 474 αὐτῷ
924 442 1042 476 συγχω
1087 431 1184 474 ὗμεν.
1210 442 1250 476 ῃς
1281 432 1335 465 ἐν·

253 477 315 511 τὸς
338 478 369 510 εἰ
388 475 438 521 μὴ
463 477 506 523 τῇ
531 474 607 519 ἰδίᾳ
631 474 823 516 ἐπεξέλθοι
845 476 1020 522 ἐναγωγῇ,
1069 473 1192 517 ίδομεν
1208 472 1336 509 ἄδειαν

254 522 308 563 τῷ
332 519 481 568 δικαστῇ
505 524 565 555 καὶ
589 518 747 556 ἀπόντος
769 521 833 555 τοῦ
854 518 1039 554 ἀντιδίκου
1062 520 1124 554 τὰς
1146 521 1210 553 τοῦ
1235 531 1336 565 προς-

254 565 486 611 εδρεύσαντος
512 569 638 611 μέρους
668 564 826 599 δικαιολο
850 569 904 599 tas
935 565 1026 599 κατὰ
1047 565 1129 599 τοὺς
1152 563 1336 611 ἡμετέρους

254 612 383 665 νόμους
401 611 582 653 ἐξετάζειν
596 614 656 645 καὶ
671 612 735 663 τῇς
749 607 815 654 ἄλη
849 615 922 644 είας
944 606 1113 665 ἀκριβῶς..
1123 612 1337 653 ζητουμένης

1326 138 1409 185 528

2118 140 2122 142 ’
2152 155 2212 186 DE
2241 153 2475 187 Llrlelosns

1403 253 1426 288 2
1462 252 1585 286 timum
1601 251 1782 288 sortiatur.
1830 254 1868 290 Si
1879 264 1960 290 vero
1977 255 2169 300 propositis
2187 254 2311 290 edictis
2326 259 2475 291 vocatus

1404 297 1449 331 ad
1465 296 1634 330 iudicium
1658 297 1777 331 venire
1800 301 1836 332 et
1856 308 1939 335 suas
1961 299 2175 335 intentiones
2199 303 2263 334 aut
2277 309 2342 344 per
2357 310 2396 335 se
2412 302 2475 335 aut

1404 352 1468 386 per
1482 340 1675 384 legitimum
1693 341 1798 383 (sicut
1817 342 1949 378 dictum
1969 348 2035 386 est)
2058 349 2324 390 procuratorem
2345 355 2473 389 propo-

1404 396 1488 420 nere
1510 386 1676 429 noluerit‚
1701 391 1786 421 tunc
1806 387 1900 422 aliud
1925 389 2029 424 unius
2052 390 2135 425 anni
2159 390 2312 434 spatium
2335 389 2369 424 ei
2389 400 2474 424 con-

1371 432 1391 464 5
1405 430 1572 473 cedimus,
1593 431 1687 466 intra
1703 431 1797 475 quod
1818 431 1886 466 nisi
1903 442 2003 468 suam
2021 433 2251 470 intentionem
2269 433 2379 469 fuerit
2396 444 2475 479 per—

1404 478 1560 517 secutus,
1585 476 1708 510 damus
1727 476 1905 511 licentiam
1928 477 2037 513 iudici
2051 482 2087 514 et
2101 481 2249 516 absente
2272 479 2474 515 adversario

1430 520 1517 555 artis
1554 521 1792 565 permanentis
1832 521 2059 564 allegationes
2100 525 2293 560 secundum
2333 529 2475 559 nostras

1418 575 1499 608 eges
1531 566 1732 601 examinare
1762 571 1798 601 et
1820 566 1968 602 veritate
1997 568 2159 604 subtilius
2189 570 2360 613 requisita
2391 569 2473 613 legi-

1405 611 1526 644 timam
1546 611 1706 655 proferre
1725 611 1946 646 sententiam.
1986 611 2024 646 Si
2042 623 2123 648 vero
2142 614 2237 649 intra
2256 614 2476 658 praedictum

254 669 411 709 νομιμον
434 659 627 709 προφέρειν
650 667 785 701 ψηφον.
831 656 862 689 εἰ
885 652 926 688 δὲ
949 657 1048 689 ἐντος
1069 666 1132 698 της
1155 656 1336 706 εἰρημένης
1352 655 1489 690 loanni
1522 656 1678 700 spatium
1713 656 1855 690 venerit
1882 661 1918 691 et
1951 667 2036 691 suas
2065 657 2279 694 intentiones
2310 669 2476 694 exercere

253 714 319 735 του
350 702 429 735 ἑνὸς
460 704 625 735 ἐνιαυτου
657 701 883 745 προθεσμίας
912 702 1158 746 παραγένηται
1189 703 1249 732 καὶ
1272 711 1337 733 τας

254 745 346 780 ι’δίας
369 746 550 800 ἐναγωγὰς
573 744 794 799 ἐγγυμνάσαι
817 744 1031 801 βουληθείη,
1058 743 1246 798 κελεύομεν
1270 744 1337 778 τὸν

255 790 428 834 δικαστην
451 803 543 826 πασι
566 802 714 837 τρόποις
735 803 782 824 τα
806 789 1029 834 αναλώματα
1050 802 1159 836 ηγουν
1175 787 1337 832 δαπανή-

253 849 372 881 ματα,
402 832 494 880 ἶίπερ
523 833 584 869 διὰ
613 835 683 879 τὴν
713 832 817 877 δίκην
849 833 869 869 ὁ
902 835 1068 877 ἐναχθεὶς
1092 832 1337 879 προςεδρεύων

254 882 308 924 τῷ
330 879 547 926 δικαστηρίῳ
571 879 756 923 ὑπέμεινε,
784 880 854 925 πρὸ
887 879 1041 915 πάντων
1063 880 1247 932 εἰςπριξξαι
1272 879 1337 913 τὸν
1351 881 1392 914 15

255 926 433 972 ἐνάγοντα
457 929 518 959 καὶ
540 927 594 959 τιῦ
615 925 824 960 αἰτιαθέντι
841 927 1050 970 παρασχεῖν,
1074 928 1134 958 καὶ
1151 937 1248 958 ουτω
1269 924 1336 958 τὸν

255 970 433 1017 ἐνάγοντα
457 959 708 1016 προςεδρεῦσαι
730 973 848 1016 μέχρις
876 968 963 1004 ὅτου
986 970 1029 1003 τὸ
1055 970 1204 1016 πρᾶγμα
1227 971 1337 1014 πέρας

255 1015 399 1059 δέξηται
422 1016 515 1049 κατὰ
536 1016 618 1050 τοὺς
641 1012 780 1058 νόμους.
821 1016 853 1049 εἰ
875 1015 943 1062 γὰρ
957 1016 1074 1058 μόνον
1091 1027 1189 1059 παρα
1213 1017 1336 1057 ε’νηται

255 1064 316 1095 καὶ
345 1061 423 1095 τῶν
453 1059 730 1104 δαπανημάτων
760 1060 831 1095 εἴτε
860 1060 1105 1114 ζημιωμάτων
1136 1058 1171 1094 δι
1196 1062 1337 1103 ομένων

1406 700 1571 741 voluerit,
1600 701 1761 736 iubemus
1792 701 1944 736 iudicem
1974 701 2086 738 modis
2116 703 2278 739 omnibus
2301 714 2475 749 expensas

1406 745 1459 780 vel
1479 749 1653 790 sumptus,
1677 756 1767 790 quos
1791 751 1937 791 propter
1959 746 2056 781 litem
2079 748 2240 791 pulsatus
2264 759 2474 793 permanens

1405 790 1441 824 in
1464 790 1595 825 iudicio
1621 791 1805 831 sustinuit,
1834 795 1918 826 ante
1949 792 2068 826 omnia
2095 793 2232 837 exigere
2254 798 2410 828 actorem
2439 800 2476 829 et

1405 836 1547 914 pulsato
1566 835 1666 873 dare,
1692 840 1728 870 et
1747 836 1799 870 sic
1823 840 1978 871 actorem
2002 847 2208 881 permanere
2230 837 2342 873 donec
2367 849 2477 873 causa

1419 880 1509 915 'nem
1534 881 1726 916 secundum
1750 881 1841 925 leges
1865 882 2029 926 accipiat.
2065 881 2157 917 Nam
2178 883 2208 918 si
2231 886 2474 918 tantummodo

1405 926 1539 961 venerit
1558 929 1595 960 et
1611 925 1774 970 expensis
1798 926 1870 961 sive
1886 927 2085 971 sumptibus
2105 927 2196 963 datis
2217 928 2330 963 solum
2348 930 2477 963 annale

1405 975 1544 1014 tempus
1574 970 1829 1015 interrumpere
1860 972 2020 1013 voluerit,
2053 976 2088 1006 et
2110 973 2237 1007 iterum
2268 973 2314 1007 ab
2345 973 2475 1008 iudicio

1405 1015 1574 1050 recedens
1607 1026 1717 1059 usque
1741 1017 1787 1051 ad
1810 1016 1941 1051 exitum
1975 1027 2105 1052 causae
2136 1027 2208 1052 non
2231 1018 2476 1062 permanserit,

1370 1078 1374 1081 -
1405 1061 1567 1095 iubemus
1598 1071 1678 1095 eum
1709 1065 1792 1105 post
1821 1061 2021 1106 praedictas
2053 1062 2248 1098 edictorum
2278 1067 2314 1097 et
2339 1063 2476 1099 annalis

254 1105 371 1150 μόνον
385 1105 451 1139 τὸν
468 1107 687 1140 ἐνιαυσιαῖον
700 1105 834 1148 χρόνον
850 1103 1026 1150 διακοψαι
1046 1103 1253 1148 βουληθείη,
1277 1107 1336 1138 καὶ
1351 1106 1393 1137 20
1406 1105 1512 1150 spatii
1542 1106 1805 1141 observationes
1835 1108 1880 1142 ab
1904 1108 1999 1142 omni
2031 1107 2157 1142 cadere
2181 1108 2337 1150 actione,
2370 1119 2477 1153 quam

255 1149 366 1184 πάλιν
397 1147 600 1194 ἀναχωρῶν
631 1151 694 1185 τοῦ
723 1137 955 1196 δικαστηρίου
977 1153 1078 1197 μέχρι
1102 1153 1253 1193 πέρατος
1274 1150 1337 1192 τῆς

256 1195 468 1230 ὑποθέσεως
488 1196 538 1240 μὴ
562 1199 786 1242 παραμείνῃ,
817 1192 1006 1239 κελεύομεν
1030 1192 1143 1229 αὐτὸν
1161 1194 1252 1239 μετὰ
1276 1194 1337 1227 τὰς

255 1242 439 1286 εἰρημένας
468 1242 547 1275 τῶν
576 1238 726 1274 ι’δίκτων
755 1243 815 1274 καὶ
845 1242 911 1275 τοῦ
941 1242 1158 1274 ἐνιαυσιαίου
1190 1238 1335 1282 διαστή-

254 1297 366 1330 ματος
384 1285 659 1339 παρατηρήσεις,
668 1283 782 1328 πάσης
802 1282 945 1340 ἀγωγῆς
959 1287 1149 1319 ἐκπίπτειν
1164 1282 1210 1328 ἣν
1227 1281 1337 1330 ἁρμό-

1406 1151 1473 1185 sibi
1509 1154 1707 1195 competere
1742 1154 1868 1186 contra
1900 1153 2081 1197 pulsatum
2115 1153 2350 1188 existimabat.
2406 1153 2476 1188 De-

1405 1196 1514 1230 terior
1538 1206 1689 1240 namque
1716 1196 1818 1231 dolus
1842 1197 1917 1232 eius
1938 1198 2141 1240 agnoscitur
2163 1198 2224 1243 qui
2242 1198 2477 1242 interruptam

1405 1241 1531 1276 iterum
1554 1241 1650 1276 litem
1675 1241 1839 1284 deseruit,
1864 1252 1968 1286 quam
1985 1243 2046 1286 qui
2065 1243 2173 1278 semel
2192 1247 2354 1287 coeptam
2375 1244 2475 1278 dere·

1405 1286 1518 1330 liquit.
1567 1286 1671 1330 Legis
1694 1290 1813 1321 autem
1836 1287 2036 1331 privilegio,
2066 1298 2156 1332 quae
2180 1288 2381 1323 nolentibus
2405 1298 2477 1323 non

257 1333 331 1372 ζειν
355 1332 457 1374 αυτῷ
480 1344 573 1364 κατα
596 1344 661 1364 του
686 1329 1167 1383 ἐναχθέντυξύπελάμβανε.
1206 1334 1336 1372 χείοων
1350 1330 1391 1362 25
1405 1330 1554 1375 imponit
1583 1332 1828 1367 necessitatem
1860 1334 2021 1376 proprias
2046 1333 2204 1368 actiones
2227 1343 2376 1373 movere,
2407 1333 2477 1368 illis

254 1376 324 1422 γὰρ
340 1373 360 1408 ὁ
383 1377 519 1410 ἐκείνου
539 1374 642 1410 δόλος
659 1373 876 1422 γινώσκεται
892 1386 984 1410 οςτις
999 1377 1211 1422 ἐγκοπεῖσαν
1228 1374 1336 1408 αυθις

255 1421 324 1464 τὴν
347 1418 450 1464 δίκην
473 1419 741 1462 καταλέλοιπεν,
764 1420 857 1465 ἤπερ
881 1422 1016 1454 ἐκείνου
1038 1416 1131 1454 ὅςτις
1153 1417 1252 1460 ἅπαξ
1274 1420 1336 1461 τῆς

256 1465 592 1511 προκαταρχθείσης
615 1463 712 1507 δίκης
727 1463 874 1505 ἀπέστη.
909 1466 962 1508 τῷ
984 1463 1024 1499 δὲ
1038 1465 1102 1499 τοῦ
1119 1466 1232 1509 νόμον
1248 1476 1334 1543 πῖο-

255 1514 371 1554 νομίῳ
403 1512 467 1544 τοῦ
497 1511 547 1555 μὴ
579 1510 808 1546 ἐπιτιθέντος
839 1508 1002 1556 ἀνάγκην
1032 1513 1104 1544 τοῖς
1133 1510 1182 1554 μὴ
1210 1513 1277 1563 βου
1301 1522 1334 1542 ο-

255 1558 375 1600 μένοις
404 1556 466 1589 τὰς
494 1554 587 1590 ἰδίας
616 1557 681 1590 ἐνα
705 1555 799 1603 ωγὰς
827 1559 939 1590 κινεῖν
962 1557 1106 1589 ἐκείνοις
1129 1558 1189 1589 καὶ
1210 1564 1334 1597 μονοις
1345 1555 1389 1589 30

256 1602 508 1647 συγχωροῦμεν
536 1602 664 1645 κεχρῆσ
699 1615 736 1634 αι
766 1603 839 1635 τοῖς
869 1598 1039 1644 οὐδεμίαν
1069 1599 1219 1643 ζήτησιν
1241 1600 1334 1634 κατὰ

256 1645 339 1680 τούς
361 1647 562 1691 εἰρημένους
583 1644 738 1691 τρόπους
761 1645 853 1679 κατὰ
875 1647 952 1680 τῶν
972 1643 1169 1679 ἀντιδίκων
1184 1646 1332 1679 κινοῦσι.

308 1688 595 1737 <Ἐπίλογος.>
658 1692 776 1725 Ταῦτα
805 1688 845 1724 δὲ
875 1689 999 1726 πάντα
1032 1694 1175 1737 κρατεῖν
1204 1690 1335 1724 θεσπί-

258 1738 366 1780 ζομεν
397 1738 457 1770 ἐπὶ
488 1737 566 1770 τῶν
596 1733 814 1770 ὑποθέσεων
843 1735 1054 1790 τῶνΙμήπω
1077 1733 1098 1779 ἢ
1120 1735 1215 1790 κατὰ
1239 1734 1335 1768 δικα-

1404 1376 1648 1411 tantummodo
1679 1376 1733 1411 uti
1760 1377 2001 1419 concedimus,
2034 1378 2093 1422 qui
2121 1379 2252 1412 nullam
2282 1378 2477 1413 secundum

1403 1422 1604 1466 praedictos
1635 1421 1758 1457 modos
1787 1422 1988 1458 adversario
2020 1423 2192 1458 moverint
2221 1423 2475 1467 quaestionem.

1467 1687 1741 1733 (Epilogus.)
1784 1687 1884 1725 Haec
1918 1693 2035 1725 autem
2071 1690 2190 1726 omnia
2221 1690 2381 1727 obtinere
2414 1692 2476 1728 de·

1404 1734 1580 1768 cernimus
1610 1734 1647 1767 in
1677 1734 1812 1777 causis,
1843 1745 1935 1778 quae
1957 1735 2105 1771 necdum
2136 1736 2189 1771 vel
2211 1736 2368 1772 iudiciali
2394 1748 2475 1773 sen—

257 1793 384 1824 στικην
406 1781 530 1835 ψῆφον
555 1777 577 1822 ἢ
599 1781 692 1814 κατὰ
724 1780 868 1826 φιλικὴν
899 1784 1082 1825 συμβασιν
1112 1795 1134 1822 η
1159 1783 1218 1813 καὶ
1241 1777 1333 1812 καθ’
1349 1782 1391 1814 35
1403 1778 1516 1813 tentia
1547 1779 1601 1813 vel
1625 1779 1765 1813 amicali
1789 1780 2021 1815 conventione
2053 1785 2114 1815 aut
2144 1781 2215 1816 alia
2242 1782 2312 1817 iuri
2336 1783 2477 1834 cognita

258 1829 384 1871 ετέραν
406 1839 459 1868 τῳ
485 1839 587 1871 νομῳ
612 1827 841 1872 ἐγνωσμένην
857 1828 972 1871 τομὴν
995 1828 1103 1871 πέρας
1119 1823 1336 1869 δεξαμένων.

338 1885 468 1903 ottae·

329 2143 351 2187 ἓ
376 2144 396 2177 2
419 2144 514 2176 habet
538 2142 586 2175 B*
609 2143 629 2175 l.
651 2154 678 2174 c.
704 2142 725 2176 8
744 2154 779 2185 p.
794 2142 858 2176 228
885 2142 987 2175 ΖαοΙι.

258 2277 282 2312 2
329 2278 416 2310 nata
432 2273 542 2318 finem
567 2272 762 2318 leqitimum
779 2272 948 2318 accipiat.

1406 1823 1584 1858 decisione
1617 1823 1738 1858 finitae
1772 1827 1875 1865 sunt,
1911 1825 2095 1861 Theodoto
2128 1836 2257 1870 parens
2292 1828 2477 1863 karissime

1407 1873 1514 1912 atque
1536 1868 1787 1903 amantissime.
1825 1869 1978 1904 Illustris
2000 1870 2120 1914 itaque
2144 1875 2180 1906 et
2201 1873 2388 1916 magnifica
2411 1883 2475 1907 au-

1407 1913 1555 1949 ctoritas
1575 1918 1638 1947 tua
1653 1917 1875 1957 praesentem
1898 1914 2011 1950 nostri
2033 1916 2184 1951 numinis
2207 1916 2319 1960 legem
2342 1918 2379 1952 in
2394 1928 2474 1961 per-

1404 1963 1551 2003 petuum
1573 1958 1759 1993 valituram
1783 1959 1908 1994 edictis
1931 1959 1969 1994 in
1988 1960 2056 1995 hac
2079 1962 2176 2004 regia
2201 1962 2288 1996 urbe
2311 1962 2475 2007 proposi-

1350 2006 1393 2039 40
1405 2004 1452 2039 tis
1482 2007 1518 2038 et
1545 2003 1856 2047 praeceptionibus
1886 2004 1923 2038 in
1956 2005 2137 2040 universas
2172 2006 2373 2051 provincias
2407 2009 2475 2043 sub

1404 2053 1468 2084 tua
1502 2048 1716 2084 constitutas
1748 2048 1994 2085 iurisdictione
2033 2050 2176 2086 directis
2215 2050 2326 2087 faciat
2363 2052 2474 2088 mani-

1020 2272 1086 2307 Sin
1105 2276 1222 2307 autem
1240 2271 1446 2318 propositis
1467 2270 1594 2306 edictis
1613 2274 1763 2306 vocatus
1785 2270 1822 2305 in
1839 2271 2007 2307 iudicium
2030 2273 2150 2308 venire
2164 2279 2198 2309 et
2214 2274 2375 2310 actiones
2388 2287 2476 2312 suas

259 2321 315 2357 vei
329 2330 402 2366 per
423 2329 463 2355 se
485 2318 540 2355 vei
555 2329 629 2365 per
651 2317 845 2363 leqitimum
878 2317 948 2358 (uti
971 2317 1104 2352 dictum
1127 2321 1195 2359 est)
1223 2321 1503 2363 procuratorem
1532 2326 1740 2362 proponere
1763 2315 1938 2359 noluerit,
1969 2322 2053 2352 tune
2077 2318 2230 2354 alterum
2259 2320 2365 2355 unius
2387 2322 2475 2356 anni

259 2365 417 2412 spatium
439 2364 476 2400 ei
496 2362 734 2405 concedimus,
758 2363 856 2397 intra
879 2363 980 2408 quod
999 2363 1032 2398 si
1054 2362 1229 2398 actionem
1248 2372 1351 2396 suam
1369 2372 1443 2396 non
1459 2365 1712 2407 persequatur,
1736 2360 1915 2396 licentiam
1935 2361 2045 2397 iudici
2064 2362 2190 2399 doinus
2209 2364 2316 2399 etiam
2331 2365 2475 2402 absente

259 2410 469 2447 adversario
501 2408 737 2454 alleqationes
758 2407 882 2453 partis
911 2417 1004 2453 quae
1028 2413 1177 2453 praesto
1207 2407 1284 2452 fuit
1313 2405 1507 2442 secundum
1538 2405 1635 2451 ques
1657 2410 1800 2440 nostras
1822 2406 2056 2442 eoeaminandi
2077 2413 2114 2444 et
2135 2410 2285 2445 veritate
2306 2416 2476 2447 accurate

260 2455 426 2502 quaesita
450 2453 645 2500 legitimum
669 2452 846 2488 calculum
863 2452 1095 2499 proferendi.
1144 2451 1280 2495 Quodsi
1304 2453 1401 2486 intra
1428 2451 1653 2497 praedictum
1684 2450 1791 2485 unius
1814 2452 1903 2486 anni
1922 2452 2079 2497 spatium
2101 2455 2238 2489 venerit
2258 2459 2295 2490 et
2316 2456 2475 2491 actiones

260 2511 347 2536 suas
369 2509 540 2535 exercere
562 2498 732 2540 voluerit,
761 2497 921 2533 iubemus
943 2497 1098 2533 iudicem
1121 2498 1264 2533 omnino
1287 2502 1453 2542 sumptus
1482 2496 1555 2531 sive
1577 2505 1776 2541 expensa-v,
1809 2506 1900 2546 quas
1929 2508 2014 2532 reus
2043 2497 2082 2532 in
2110 2497 2242 2534 iudicio
2255 2510 2475 2546 permanens

254 2548 411 2592 propter
433 2544 528 2580 litem
548 2543 728 2586 sustinuit,
751 2548 835 2578 ante
858 2543 978 2577 omnia
994 2542 1039 2578 ab
1058 2547 1182 2578 actore
1201 2542 1349 2588 exiqere
1369 2546 1405 2577 et
1423 2551 1488 2587 reo*
1504 2547 1704 2587 praestare,
1728 2545 1836 2591 atque
1849 2544 1901 2576 tta
1916 2547 2073 2578 actorem
2089 2549 2237 2588 praesto
2253 2555 2340 2588 esse,
2363 2545 2476 2581 donec

261 2601 372 2627 causa
400 2587 594 2625 secundum
624 2589 720 2639 leqes
746 2587 856 2632 finem
885 2587 1053 2633 accipiat.
1101 2586 1194 2622 Nam
1225 2589 1260 2622 si
1283 2587 1418 2622 venerit
1439 2585 1553 2621 solum
1577 2591 1613 2621 et
1634 2595 1805 2631 esc-pensis
1822 2587 1896 2621 sive
1918 2586 2116 2632 dispendiis
2132 2590 2321 2634 praestitis
2343 2590 2476 2627 annale

261 2636 456 2672 dumtaxat
486 2639 623 2680 tempus
652 2637 912 2678 interrumpere
941 2632 1114 2674 voluerit,
1145 2643 1189 2667 ac
1219 2642 1346 2667 rursus
1376 2643 1400 2666 α
1430 2630 1563 2665 iudicio
1595 2630 1763 2678 recedens
1791 2641 1904 2681 usque
1934 2633 1984 2666 ad
2001 2632 2110 2676 finem
2141 2644 2272 2670 causae
2296 2645 2370 2670 nou
2389 2646 2474 2681 per-

261 2680 444 2721 manserit,
468 2679 628 2715 iubemus
642 2688 721 2714 eum
737 2683 827 2723 post
846 2677 1056 2723 praedictas
1071 2677 1267 2713 edictorum
1286 2680 1323 2712 et
1339 2675 1483 2711 annalis
1501 2675 1612 2721 spatii
1629 2675 1894 2711 observattones
1913 2678 2011 2711 omni
2029 2678 2170 2713 actione
2185 2679 2352 2715 excidere
2367 2690 2475 2725 quam

261 2726 329 2761 sibi
351 2729 478 2761 contra
500 2734 600 2759 reum
623 2727 822 2769 competere
845 2722 1084 2758 existimabat.
1132 2721 1301 2759 Deterior
1322 2722 1414 2757 enim
1435 2722 1545 2766 fraus
1567 2720 1665 2755 illius
1688 2731 1764 2756 esse
1785 2720 2005 2766 intellegitur
2027 2723 2093 2771 ριιι·
2117 2724 2355 2770 interruptam
2379 2725 2475 2760 litem

262 2772 391 2806 iterum
423 2769 598 2811 deseruit,
629 2778 737 2819 quam
766 2767 843 2803 eius
873 2767 936 2813 qui
957 2767 1066 2803 semel
1087 2778 1111 2803 a
1134 2771 1334 2803 contestata
1358 2765 1420 2801 lite
1443 2766 1586 2801 destitit.
1633 2765 1741 2812 Leqis
1764 2771 1881 2816 autem
1929 2766 2093 2811 rivileqzo
2117 2777 2210 2811 quae
2231 2770 2474 2804 necessitatem

262 2826 335 2851 non
357 2815 511 2861 imponit
540 2813 662 2848 invitis
683 2812 842 2848 actiones
870 2822 958 2847 suas
979 2812 1160 2857 movendi,
1191 2812 1263 2847 illis
1285 2811 1375 2846 solis
1405 2811 1459 2846 uti
1479 2810 1719 2856 permittimus
1748 2820 1809 2856 qut
1839 2821 1888 2845 nu
1903 2811 1974 2845 lam
2005 2812 2249 2856 quaestionem
2279 2813 2473 2848 secuudum

256 2860 470 2907 praedictos
488 2857 615 2894 modos
634 2857 806 2893 adversus
828 2856 1055 2892 adversarios
1077 2862 1228 2894 movent.
2176 2900 2182 2907 ⁸
2241 2901 2248 2908 .
2273 2901 2280 2908 .

398 2903 434 2939 E
438 2905 488 2950 pi
494 2903 508 2938 ί
514 2914 536 2939 o
543 2914 638 2949 qus.
686 2901 787 2938 Haec
814 2907 932 2938 autem
962 2902 1082 2938 omnia
1112 2902 1232 2939 valere
1259 2901 1440 2937 sancimus
1468 2901 1508 2936 in
1536 2900 1656 2937 causis
1686 2911 1780 2946 quae
1809 2899 1978 2951 nondum·
1996 2899 2053 2935 vel
2073 2910 2147 2946 per
2168 2899 2371 2937 tudtctalem
2393 2912 2473 2938 sen-

265 2950 410 2987 tentiam
433 2948 488 2985 vel
503 2959 577 2995 per
598 2947 784 2984 amicalem
807 2947 1075 2983 conventionem
1098 2947 1156 2984 υεί
1173 2957 1241 2994 per
1262 2946 1371 2982 aliam
1393 2946 1607 2982 decisionem
1631 2945 1709 2992 ίερε
1731 2945 1890 2991 agnitam
1909 2944 2037 2989 finitae
2059 2949 2150 2980 sunt.

331 3087 353 3119 4
375 3083 587 3129 προςθεῖναι
610 3085 642 3117 L
659 3083 679 3138 ²ll
702 3082 764 3127 μὴ]
788 3085 848 3116 καὶ
870 3082 950 3126 Lau
974 3081 1055 3116 ἑνὸς
1079 3081 1244 3116 ἐνιαυτοῦ
1263 3080 1335 3115 ἕτέ-
1475 3084 1490 3115 1
1518 3084 1658 3114 uocatur
1682 3080 1730 3113 R*
1748 3081 1760 3122 ss
1787 3082 1809 3114 4
1831 3079 1935 3120 aliud]
1959 3078 2001 3111 ad
2023 3078 2116 3112 aliud
2138 3079 2170 3112 V
2188 3079 2200 3123 ΙΙ
2227 3081 2306 3112 anni
2330 3081 2472 3123 spatium

264 3143 344 3210 {3552
362 3129 605 3209 ’ἔέῗαῖῖῖἴῧέι
625 3140 725 3207 ῗὝ
733 3129 793 3215 „La
817 3139 1095 3213 {Ziisstaffit'a
1108 3126 1337 3218 ’Ζῗῖᾖῗεῖἔὲἒῗ

265 3219 410 3254 ἔλθοιεν
433 3216 554 3264 ἀγωγῆ
578 3214 738 3264 (ἀγωγὴν
762 3219 824 3259 La)
849 3218 921 3251 ML
956 3214 1084 3257 ὑπεξέλ
1116 3230 1150 3251 οι
1173 3207 1336 3263 Δἐναγωγῇ

265 3271 306 3306 (v.
332 3267 352 3300 Ι.
377 3262 566 3304 ἐπεξέλθοι
589 3260 763 3309 διαγωγῇ)
787 3263 837 3296 B·
863 3262 875 3306 ΙΙ
906 3265 924 3296 7
950 3260 1242 3306 προςεδρεύοντος
1265 3262 1295 3295 L
1326 3261 1338 3303 ΙΙ

269 3313 310 3346 10
333 3311 502 3355 προφέρει
527 3309 572 3341 M
589 3309 602 3350 ΙΙ
628 3309 754 3354 ψῆφον
777 3310 809 3341 in
835 3309 934 3341 litura
956 3308 988 3340 L
1011 3308 1024 3351 ss
1055 3310 1096 3342 12
1119 3305 1338 3353 ἐκγυμνοίσαι

268 3357 319 3390 B‘
341 3356 355 3398 ΙΙ
386 3358 427 3389 lo
450 3352 553 3388 οὔπω
578 3354 628 3386 L‘*
652 3354 665 3395 ΙΙ
697 3354 736 3387 18
760 3350 898 3393 δέξεται
924 3353 972 3386 Β·
995 3352 1007 3396 ΙΙ
1038 3354 1078 3386 19
1102 3352 1184 3393 εἴτε]
1207 3350 1230 3395 ἢ
1254 3352 1303 3385 B‘
1326 3351 1338 3393 ΙΙ

267 3403 309 3435 22
332 3402 577 3443 *παραμείνοι
601 3398 712 3432 MLB
729 3398 741 3441 ΙΙ
767 3400 808 3432 23
834 3395 1085 3440 διαστήματος]
1108 3395 1238 3442 χρόνον
1260 3392 1335 3430 δια-

267 3443 517 3487 cuffiam-B·
544 3444 557 3487 ΙΙ
587 3444 627 3477 25
661 3439 908 3486 ὑπελαμβάνει
931 3445 1002 3483 (sic)
1026 3442 1075 3476 L²
1103 3446 1115 3486 ΙΙ
1140 3444 1270 3486 χείρων
1294 3460 1335 3466 -

268 3492 310 3523 28
334 3488 469 3530 ἀπέστη
494 3501 552 3521 om.
579 3489 627 3521 B·
644 3487 657 3531 ΙΙ
679 3489 722 3522 26
746 3483 846 3520 ὅστις
869 3500 907 3521 ex
931 3500 1012 3521 corr.
1038 3488 1068 3520 L
1090 3487 1102 3524 ΙΙ
1127 3488 1338 3521 ἐκκοπεῖσαν

273 3534 379 3575 LB⁶u
404 3536 445 3568 27
469 3529 562 3577 ἤπερ
585 3533 652 3575 Mu
670 3533 799 3566 ἐκεῖνος
823 3531 899 3575 L²ss
923 3533 966 3566 30
989 3530 1054 3566 τὰς
1076 3529 1168 3566 ἰδίας
1191 3532 1250 3573 Μ]
1273 3529 1338 3564 τὰς

279 3578 394 3611 ,ἰκείας
416 3579 460 3618 Β,
478 3591 535 3611 om.
550 3578 580 3611 L
598 3577 612 3622 fl
635 3578 677 3612 35
694 3579 915 3621 συμβίβασιν
927 3577 958 3610 L
975 3577 988 3620 ΙΙ
1013 3579 1054 3612 3Ί
1072 3580 1105 3611 in
1122 3585 1205 3612 textu
1219 3588 1337 3621 qraeco

293 3624 420 3655 *uiuitur
436 3624 583 3656 clausula
597 3635 662 3656 una
677 3635 745 3656 cam
760 3623 1002 3665 subscriptione,
1018 3635 1100 3665 quae
1113 3630 1259 3657 servatur
1271 3623 1303 3656 in
1317 3631 1337 3657 ς

1405 3125 1505 3159 unius
1529 3127 1562 3160 T
1575 3127 1587 3167 ΙΙ
1610 3126 1706 3158 annis
1731 3125 1778 3158 Β*
1800 3124 1812 3168 ΙΙ
1837 3127 1854 3158 7
1879 3123 1995 3167 partis]
2019 3135 2078 3166 per
2099 3124 2203 3166 partis
2224 3126 2276 3158 Ra
2335 3127 2355 3159 9
2378 3136 2472 3169 prae-

1404 3171 1524 3204 dictam
1545 3171 1592 3204 13¹
1609 3171 1622 3214 ΙΙ
1649 3172 1686 3205 11
1713 3169 1857 3203 noluerit
1879 3168 1928 3202 R²
1939 3169 1991 3202 V¹⁸
2008 3169 2020 3212 ΙΙ
2041 3171 2080 3203 12
2105 3173 2235 3212 praeter
2256 3171 2287 3203 V
2338 3172 2378 3205 13
2400 3181 2472 3205 sus-

1404 3215 1544 3249 tinuerit
1569 3216 1601 3249 T
1626 3216 1638 3258 ΙΙ
1668 3217 1708 3249 14
1732 3216 1840 3255 causa]
1875 3227 1913 3244 u
1939 3214 1988 3246 R¹
2018 3214 2030 3258 ΙΙ
2062 3216 2099 3248 15
2123 3215 2264 3258 accipiat
2293 3215 2471 3249 secundum

1403 3261 1490 3302 leges
1510 3262 1543 3294 R
1559 3261 1571 3301 ΙΙ
1588 3260 1693 3302 legem
1716 3261 1746 3294 V
1761 3259 1773 3304 ΙΙ
1803 3261 1842 3294 16
1863 3258 2057 3301 expensibus
2080 3260 2130 3293 T²
2151 3259 2164 3303 ΙΙ
2188 3259 2391 3293 solummodo
2411 3260 2443 3294 V
2460 3260 2472 3300 ΙΙ

1407 3308 1444 3340 17
1469 3305 1523 3347 ab]
1548 3317 1567 3338 a
1590 3305 1673 3339 1e2T
1694 3305 1706 3349 ΙΙ
1737 3306 1777 3340 18
1800 3304 1929 3338 recedes
1952 3304 2001 3336 Β*
2024 3304 2036 3348 ΙΙ
2066 3306 2306 3347 permanserint
2328 3304 2404 3347 V¹fl
2432 3307 2469 3338 19

1405 3353 1490 3391 eum]
1515 3350 1603 3384 enim
1630 3351 1662 3383 T
1685 3350 1699 3393 ΙΙ
1724 3353 1796 3392 post
1820 3362 1877 3382 om.
1900 3348 1948 3382 V¹
1976 3350 1988 3392 ΙΙ
2017 3349 2215 3392 praedictam
2241 3349 2274 3383 T
2297 3349 2310 3391 Β
2334 3348 2469 3381 annales

1413 3396 1460 3427 V¹
1477 3395 1489 3440 ΙΙ
1517 3397 1554 3430 21
1583 3394 1749 3428 existimat
1771 3394 1804 3428 Τ
1820 3393 1834 3437 ΙΙ
1858 3395 1900 3427 22
1925 3394 2005 3435 eius]
2031 3394 2100 3426 eius
2123 3399 2171 3427 est
2195 3393 2275 3437 T‘fl
2301 3393 2344 3426 24
2365 3393 2467 3435 privi-

1402 3439 1490 3481 legio
1513 3441 1611 3484 vulo]
1646 3439 1824 3483 priuilegia
1848 3439 1925 3472 libri
1951 3439 1964 3482 ΙΙ
1992 3442 2033 3473 25
2058 3439 2174 3482 inponi
2198 3438 2250 3471 T*
2274 3436 2288 3480 ΙΙ
2317 3436 2396 3478 illis]
2431 3438 2466 3470 in

1373 3490 1389 3503 ²
1403 3484 1456 3517 his
1482 3486 1514 3518 T
1535 3484 1548 3529 ΙΙ
1574 3486 1615 3519 27
1641 3483 1846 3527 quaestiones
1866 3483 1899 3516 R
1922 3483 1934 3527 ΙΙ
1964 3486 2006 3518 33
2029 3483 2151 3524 omnia]
2174 3481 2227 3516 ola
2249 3481 2360 3513 omnia
2382 3482 2433 3514 Ra
2456 3484 2467 3524 Η

1403 3530 1446 3563 34
1471 3530 1521 3562 vel
1545 3543 1603 3563 οηι.
1622 3530 1655 3563 Τ
1672 3535 1685 3574 ΙΙ
1713 3530 1756 3564 36
1777 3528 1891 3561 finitae
1913 3529 2015 3571 only]
2039 3528 2132 3561 finita
2154 3526 2230 3560 RV
2245 3525 2380 3558 definita
2405 3527 2437 3560 T
2454 3531 2467 3571 Η

1404 3575 1446 3607 38
1471 3575 1613 3608 nominis
1633 3575 1687 3618 Vn
1704 3579 1862 3617 perpetuo
1883 3572 2000 3616 RV⁶1
2025 3574 2068 3607 40
2091 3575 2125 3604 et
2145 3581 2203 3614 per
2225 3571 2465 3621 praeceptioni-

1402 3618 1464 3651 bus
1487 3620 1535 3651 ΕΙ
1561 3621 1573 3661 ΙΙ
1595 3619 1632 3652 in
1663 3621 1836 3653 uniuersas
1864 3618 2053 3661 prouincias
2075 3615 2164 3655 RV]
2194 3617 2359 3648 umuersis
2387 3627 2465 3659 pro-

1403 3663 1521 3696 uintiis
1547 3665 1578 3697 T
1599 3665 1612 3708 ΙΙ
1635 3666 1676 3699 41
1701 3667 1776 3698 tuas
1795 3664 1848 3698 V⁸
1870 3663 1885 3707 Ι
1909 3661 2087 3697 constituta
2111 3660 2143 3694 T
2163 3658 2178 3704 fl
2208 3661 2392 3694 manifestis
2416 3661 2463 3695 3¹

1402 3709 1573 3743 manifesta
1596 3708 1646 3743 13²
