2618 4010
262 99 369 144 Nov.
401 100 458 143 VI
489 102 513 142 6
1343 94 1400 142 44
1742 98 1956 150 Quomono
1985 111 2216 144 OPORTEAT
2244 112 2479 145 nmscoros

262 214 321 245 καὶ
353 214 425 245 τοῖς
457 224 496 245 τε
535 212 783 258 προςκυνητοῖς
816 201 1078 257 ὑπηρετεῖσθαι
1111 213 1342 254 βαπτίσμασι
1410 210 1557 246 sterium
1575 212 1612 244 et
1630 210 1821 247 adorandis
1836 211 2037 248 ministrare
2056 212 2103 248 ba
2129 211 2330 248 tismatibus
2349 214 2384 247 et
2400 211 2479 248 aliis

262 259 336 290 τοῖς
357 270 398 290 τε
418 254 535 290 ἄλλοις
558 257 726 300 παρεῖναι
748 257 822 289 τοῖς
844 251 1068 300 ἀπορρήτοις,
1088 254 1181 297 ἅπερ
1205 255 1245 288 ἐν
1267 258 1341 289 τοῖς
1409 256 1535 291 adesse
1559 254 1726 297 secretis,
1759 266 1851 301 quae
1871 257 1909 292 in
1931 257 2096 293 venerab'
2127 258 2193 293 bus
2216 257 2391 302 mysteriis
2414 266 2479 302 per

262 299 570 346 σεβασμιωτάτοις
593 303 798 346 μυστηρίοις
829 296 881 334 δι’
908 298 1032 334 αὐτῶν
1054 299 1166 334 εἴωθε
1188 299 1339 346 πράττε-
1409 310 1470 336 eas
1501 299 1571 335 rite
1602 303 1766 343 aguntur.
1813 300 1851 336 Si
1880 312 1964 338 vero
1994 302 2167 347 quaedam
2197 302 2393 338 necessitas
2417 302 2481 336 fiat

262 346 366 381 σθαι.
414 346 459 379 Εἰ
489 342 557 392 γάρ
579 355 633 379 τις
663 342 796 402 ἀνάγκη
828 347 969 392 γένοιτο
992 348 1052 378 καὶ
1074 343 1141 388 τὴν
1165 343 1340 379 ἐλάττονα
1409 348 1444 380 et
1466 345 1637 380 minorem
1660 344 1707 380 ab
1729 344 1798 380 hac
1817 349 1934 382 aetate
1956 357 2027 392 qua
2049 347 2200 383 diximus
2225 346 2381 382 ordinari
2404 345 2479 381 dia-

261 389 393 434 ταύτης
415 391 476 434 τῆς
499 387 633 433 ἡλικίας
654 381 694 434 ἧς
715 390 864 436 είπομεν
893 390 1193 445 χειροτρνηθῆναι
1221 387 1338 424 διάκο-
1375 393 1394 424 5
1410 390 1587 425 conissam
1611 389 1815 434 contigerit,
1843 390 1949 427 liceat
1971 402 2049 428 eam
2079 392 2117 428 in
2146 392 2266 437 aliquo
2296 391 2480 427 venerabi-

261 449 337 477 νον,
368 433 449 470 ἀλλ’
476 435 592 476 ἔξεστι
622 432 761 479 ταύτην
791 436 833 470 ἔν
864 449 937 470 τινι
968 447 1046 469 των
1069 447 1211 480 ευαγων
1233 431 1338 477 ἄσκη-

261 484 397 527 τηρίων
427 481 716 528 χειροτονεῖσθαι
748 484 807 515 καὶ
840 477 922 515 κατ’
950 481 1062 513 έκεῖνο
1091 479 1211 521 οἰκεῖν,
1243 475 1338 513 καθ>

263 522 354 572 ὅπερ
377 523 460 560 οὔτε
482 522 554 560 οἷνδ
577 526 631 560 ῶν
648 526 809 571 ἐπιμιξία
826 526 1052 567 καθέστηκεν
1074 523 1155 558 οὔτε
1178 521 1340 565 αὐτεξού-

261 582 338 614 σέρς
362 568 501 613 δίαιτα,
524 567 548 606 ἆ
598 572 608 581 “
633 574 710 615 βίος
732 569 1011 614 συνεσταλμένος
1036 571 1095 604 καὶ
1118 572 1258 616 με’τριος
1281 572 1340 603 καὶ

1408 435 1495 470 lium
1529 434 1782 470 asceteriorum
1816 435 1970 472 ordinari
1999 440 2037 473 et
2062 437 2100 473 in
2127 437 2188 474 illo
2217 437 2400 479 habitare,
2435 446 2481 472 ne

1409 479 1696 560 sspassuffimbyffis
1719 479 1875 560 εᾱωᾶιῐε.
1905 483 2098 518 constituta
2121 483 2169 518 sit
2196 492 2320 536 neque.
2335 493 2399 535 suo
2423 492 2480 517 ar·

1410 527 2483 609 aiffssveseffiffim§niebssznfflssgtffiffioffltitini?

282 617 337 662 ΙΕ>
374 613 447 651 ὑπὸ
464 617 529 650 τοῦ
545 614 717 651 συνόντος
733 614 894 669 πλήθους
910 612 1205 667 μαρτυρούμενος.
1253 619 1340 649 Βου-
1357 618 1396 650 10
1410 616 1584 651 Volumus
1607 619 1727 651 autem
1750 620 1785 651 et
1807 615 1917 661 ipsas,
1942 627 2033 661 quae
2052 617 2099 652 ad
2122 617 2379 654 ordinationem
2402 627 2482 662 per-

289 660 402 707 ’μεθα
434 659 474 696 δὲ
505 665 564 696 καὶ
596 659 704 696 αὐτὰς
727 672 789 695 τας
819 662 878 695 ἐπὶ
908 674 975 703 την
1005 664 1232 706 χειροτονίαν
1261 657 1340 707 ἆγο-

258 710 368 751 μένας
392 704 578 742 διακόνους
601 707 671 741 εἴτε
695 708 733 740 ἐκ
752 710 891 752 χηρείας
915 706 986 739 εἴτε
1008 707 1046 739 ἐκ
1065 705 1270 752 παρθενίας
1292 704 1342 750 μή

259 763 361 788 τινας
384 750 558 787 συνόντας
580 754 674 795 ἔχειν
697 753 736 785 ἐν
759 750 857 791 τάξει
881 748 997 794 δῆθεν
1020 746 1188 796 ἀδελφῶν
1211 748 1233 794 ἢ
1259 762 1339 796 συγ-

259 798 379 845 γενῶν
406 794 428 840 ἢ
452 799 529 832 τῶν
548 796 777 841 καλουμένων
800 794 1019 842 ἀγαπητῶν·
1041 799 1113 849 τοῖς
1134 794 1202 843 γὰρ
1225 794 1338 830 τοιού-

1410 661 1599 705 ducuntur,
1633 661 1870 702 diaconissas,
1894 660 1967 696 sive
1990 671 2035 696 ex
2057 661 2227 699 viduitate
2250 663 2323 699 sive
2346 673 2390 699 ex
2414 662 2482 698 vir-

1409 706 1568 751 ginitate,
1592 717 1663 742 non
1688 717 1769 742 cum
1786 706 1903 750 aliquo
1925 706 2156 743 cohaerentes
2175 712 2238 743 aut
2253 712 2483 753 cognatorum

1409 754 1474 787 aut
1508 762 1631 787 eorum
1671 762 1759 796 quos
1801 751 1984 796 appellant
2018 751 2165 788 dilectos
2209 753 2355 796 (talibus
2391 753 2483 788 enim

1408 797 1609 833 nominibus
1641 800 1782 832 utentes
1812 796 1966 841 maligna
1997 796 2200 841 suspicione
2223 808 2323 834 suam
2345 798 2484 843 repient

259 853 334 877 τοις
356 840 509 887 ὀνόμασι
539 841 721 895 χρώμεναι
752 839 866 882 πάσης
896 842 1053 886 πονηρᾶς
1083 845 1243 896 υπρψίας
1273 839 1340 894 τὸν
1356 845 1394 878 15
1408 842 1547 886 vitam):
1580 842 1642 877 sed
1666 845 1730 877 aut
1754 842 1852 878 solae
1881 842 2060 883 habitent,
2089 846 2152 876 aut
2176 852 2256 878 cum
2278 844 2484 889 parentibus

260 888 402 923 ἑαυτῶν
425 887 599 935 πληρουσι
625 891 726 931 βίον·
765 883 846 920 ἀλλ’
873 883 895 929 ἢ
917 885 1011 919 καθ’
1038 886 1163 920 ἑαυτας
1185 887 1295 921 οἰκεῖν
1318 900 1340 929 η

258 934 402 981 γονεῦσι
432 932 554 977 μόνοις
594 935 653 966 καὶ
690 934 817 966 παισὶν
849 928 981 974 ἢ,ταῖς
1018 928 1206 975 ἀληθείαις
1241 929 1338 966 ἀδελ-

260 981 339 1025 φοῖς
367 975 389 1021 ἢ
421 979 535 1012 θείοις
569 980 747 1018 συνεῖναι,
783 972 842 1021 ἐφ’
877 975 930 1011 ὡν
963 976 1000 1011 εἴ
1029 988 1083 1011 τις
1115 974 1342 1012 ὑποπτεῦσαί

259 1038 296 1058 τι
319 1022 503 1078 τολμῂσειε
529 1019 700 1068 πονηρόν,
725 1019 830 1056 αὐτὸς
853 1019 995 1056 ἀνόσιός
1017 1035 1057 1056 τε
1079 1019 1155 1067 ἅμα
1178 1025 1237 1056 καὶ
1261 1021 1339 1056 ἀσε-

376 1069 385 1079 ‚

258 1067 323 1113 βὴς
354 1079 498 1102 εικοτως
528 1065 802 1112 νομισθήσεται.
851 1064 938 1101 ὥςτε
974 1067 1005 1101 εἰ
1036 1066 1173 1114 λέγοιτό
1204 1081 1241 1102 τι
1269 1080 1339 1101 τοι·
1354 1071 1395 1103 20
1410 1079 1501 1114 quae
1541 1079 1579 1103 111

259 1115 343 1148 οῦτο
366 1117 452 1160 περί
471 1124 568 1147 τινος
598 1113 676 1146 τῶν
699 1113 747 1146 εἰς
771 1110 998 1155 διακονίσσης
1028 1117 1254 1159 χειροτονίαν
1283 1114 1339 1156 ἐμ-

259 1162 402 1203 βαίνειν
427 1157 670 1202 βουλομένων,
695 1153 742 1191 ciis
765 1171 838 1192 τινι
861 1154 1031 1192 σύνεστιν
1055 1159 1340 1205 ἐσχηματισμένῃ

258 1205 326 1248 μὲν
345 1201 470 1251 ἀγαθῇ
495 1206 728 1251 προςηγορίᾳ,
761 1203 903 1250 πονηρᾷ
927 1201 967 1236 δὲ
990 1200 1149 1248 ὑποψίᾳ,
1173 1201 1256 1238 οὐδὲ
1275 1203 1342 1246 τὴν

261 1247 437 1291 τοιαύτην,
451 1252 602 1295 γυναῖκα
623 1248 838 1293 προςίεσθαι
853 1247 1039 1284 παντελῶς
1056 1249 1103 1283 εἰς
1118 1253 1342 1296 χειροτονίαν

1410 887 1495 923 solis
1526 892 1561 922 et
1592 886 1674 923 filiis
1705 890 1769 922 aut
1799 897 1880 923 vere
1909 887 2080 922 fratribus
2112 890 2175 922 aut
2207 887 2252 923 iis
2282 889 2484 932 cohaerere,

1410 933 1453 968 de
1489 932 1618 977 quibus
1653 932 1685 968 si
1719 933 1797 977 quis
1834 932 2009 977 suspicari
2043 931 2176 977 aliquid
2208 934 2486 979 praesumpserit

1409 978 1611 1022 malignum,
1635 978 1713 1022 ipse
1731 978 1901 1023 insipiens
1919 978 2024 1012 simul
2043 981 2079 1013 et
2095 978 2143 1021 im
2170 978 2225 1013 ius
2240 977 2364 1014 forsan
2379 982 2483 1024 puta-

1408 1024 1517 1058 bitur.
1563 1022 1629 1068 <Ut
1675 1023 1705 1058 si
1729 1023 1867 1058 dicatur
1890 1023 1962 1058 tale
1986 1022 2121 1068 aliquid
2170 1033 2189 1058 e
2212 1022 2332 1068 aliqua
2353 1033 2485 1067 earum,

1544 1068 1552 1075 '
1639 1068 1895 1103 iaconissarum
1935 1068 2192 1104 ordinationem
2231 1067 2367 1113 ingredi
2400 1069 2486 1111 vult,

1410 1113 1505 1158 quod
1529 1113 1636 1148 alicui
1661 1113 1828 1149 cohaeret
1851 1114 1918 1150 sub
1942 1114 2094 1158 imagine
2118 1113 2259 1158 quidem
2283 1114 2399 1150 bonae
2421 1123 2486 1159 ap·

1409 1158 1629 1203 pellatioffis,
1665 1159 1818 1203 maligna
1851 1169 1933 1194 vero
1969 1158 2193 1204 suspicione,
2237 1169 2310 1194 non
2345 1161 2488 1211 oportet

1410 1203 1610 1239 huiusmodi
1633 1203 1815 1239 mulierem
1837 1204 1987 1249 produci
2005 1204 2147 1240 omnino
2164 1203 2211 1239 ad
2229 1203 2487 1240 ordinationem

1411 1249 1607 1284 diaconiae.
1645 1249 1738 1284 Nam
1758 1249 1826 1284 etsi
1848 1249 2039 1290 ordinetur,
2064 1253 2100 1284 et
2122 1249 2194 1285 tale
2213 1249 2347 1294 aliquid
2365 1249 2485 1294 egerit,

259 1292 454 1329 dianerius·
480 1291 604 1336 ἐπειδὴ
621 1291 688 1327 κᾶν
707 1294 738 1327 εἰ
755 1294 1039 1347 χειροτονηθείη,
1058 1298 1121 1328 καί
1141 1307 1178 1328 τι
1198 1295 1339 1328 τοιοῦτο
1354 1297 1395 1330 25
1411 1299 1446 1329 et
1471 1294 1672 1330 cohaeserit
1691 1294 1801 1329 alicui
1824 1305 1904 1330 cum
1927 1294 2111 1347 praedicto
2134 1295 2276 1330 nomine
2299 1297 2363 1330 aut
2385 1295 2486 1332 sche-

259 1337 406 1387 πράξειε
429 1341 488 1373 καὶ
513 1342 693 1382 συνοικοίη
717 1341 790 1372 τινὶ
812 1352 904 1383 μετα
926 1352 989 1373 του
1011 1339 1188 1385 ῥηθέντος
1211 1336 1339 1383 ὀνόμα-

258 1396 318 1420 τος
345 1383 368 1428 ἢ
397 1383 590 1429 σχήματος,
632 1386 834 1419 ἐκπεσεῖται
864 1386 932 1429 μὲν
960 1386 1020 1427 τῆς
1052 1382 1250 1426 διακονίας,
1282 1386 1340 1417 καὶ

259 1427 351 1474 αὐτὴ
373 1427 414 1464 δὲ
442 1426 600 1464 κάκεῖνος
629 1426 831 1464 ὑπεύθυνοι
854 1431 1000 1463 ἔσονται
1031 1427 1128 1473 τῷδε
1159 1426 1263 1474 ἡμῶν
1285 1430 1339 1472 τῷ

258 1473 381 1520 Qua),
413 1477 474 1509 καὶ
496 1478 569 1510 τοῖς
599 1473 734 1509 λοιποῖς
756 1477 829 1509 τοῖς
851 1473 933 1509 τούς
960 1475 1120 1522 φθορέας
1142 1473 1339 1517 κολάζουσι.

1409 1344 1520 1381 mate,
1556 1339 1661 1374 cadat
1693 1339 1832 1383 quidem
1863 1349 1885 1374 a
1909 1339 2090 1382 diaconia,
2122 1344 2159 1375 et
2188 1340 2269 1385 ipsa
2300 1344 2421 1375 autem
2453 1344 2488 1375 et

1409 1385 1468 1420 ille
1492 1385 1642 1420 subiecti
1667 1387 1772 1419 erunt
1793 1384 1877 1419 huic
1900 1385 1970 1428 legi
1990 1388 2026 1419 et
2041 1385 2199 1429 reliquis,
2224 1395 2315 1431 quae
2338 1396 2487 1430 corrup·

1409 1434 1506 1465 tores
1530 1430 1694 1474 puniunt.
1743 1429 1893 1474 Oportet
1916 1429 2010 1464 enim
2034 1441 2173 1474 omnes,
2205 1440 2296 1475 quae
2320 1430 2486 1466 ordinan-

1410 1478 1487 1518 tur,
1519 1475 1738 1510 venerabiles
1763 1475 1982 1511 diaconissas
2012 1478 2171 1521 tempore
2197 1475 2429 1511 ordinationis
2452 1480 2489 1510 et

261 1526 299 1566 Ις
334 1523 399 1555 Δεῖ
425 1518 466 1555 δὲ
494 1519 610 1575 πάσας
643 1518 707 1554 τοὶς
732 1522 1044 1574 χειροτονουμενας
1078 1517 1342 1564 εὐλαβεστάτας
1354 1524 1396 1556 30
1410 1521 1545 1555 moneri
1587 1524 1622 1556 et
1673 1531 1857 1556 sacrorum
1901 1520 2024 1555 audire
2070 1520 2318 1557 mandatorum
2369 1531 2488 1556 coram

259 1567 444 1603 διακόνους
467 1568 527 1600 καὶ
552 1564 659 1599 αυτὰς
682 1577 774 1599 κατα
797 1578 862 1599 τον
885 1576 947 1608 της
971 1569 1189 1620 χειροτονίας
1212 1564 1341 1613 καιρὸν

258 1616 318 1648 καὶ
341 1611 604 1647 νουθετεῖσθαι
633 1613 693 1644 καὶ
724 1610 802 1644 τῶν
834 1609 865 1644 ἵε
889 1611 942 1644 ῶν
974 1609 1115 1645 ακοὺειν
1139 1609 1339 1658 παραγγελ-

257 1655 385 1703 μάτων
402 1658 463 1692 ἐπὶ
485 1657 564 1691 τῶν
582 1654 721 1690 λοιπῶν
741 1656 818 1690 τῶν
838 1653 860 1699 ἢ
883 1668 905 1699 η
925 1651 1045 1690 οὐσῶν
1063 1652 1340 1700 εὖλαβεστάτων

258 1700 451 1744 διακόνων,
483 1698 580 1736 ὥστε
604 1698 713 1735 αὐτὰς
742 1703 802 1735 καὶ
824 1700 866 1735 τὸ
889 1702 952 1735 τοῦ
977 1701 1067 1735 θεοῦ
1095 1698 1172 1735 δέος
1196 1700 1340 1744 ἐχούσας

1409 1566 1556 1610 reliquis
1597 1576 1689 1611 quae
1722 1566 1854 1602 dudum
1886 1569 1970 1601 sunt
2003 1566 2221 1602 venerabiles
2254 1566 2488 1609 diaconissae,

1409 1615 1449 1646 ut
1480 1611 1581 1656 ipsae
1612 1615 1649 1647 et
1681 1611 1739 1646 dei
1772 1612 1933 1647 timorem
1971 1611 2127 1647 habeant
2162 1614 2199 1648 et
2236 1611 2489 1647 adhaerentem

1409 1656 1520 1692 sacris
1544 1657 1721 1692 mandatis
1744 1656 1929 1699 fiduciam,
1960 1656 2082 1692 timere
2111 1660 2229 1692 autem
2259 1660 2295 1692 et
2319 1656 2489 1692 confundi

1409 1712 1513 1738 sacro
1539 1702 1667 1738 cadere
1690 1702 1830 1744 ordine,
1862 1702 2014 1738 scituras
2042 1701 2155 1746 quod,
2186 1702 2217 1738 si
2240 1711 2488 1747 praesumpse-

258 1752 319 1783 καὶ
347 1746 415 1791 τὴν
438 1747 640 1792 προςοῦσαν
671 1749 743 1780 τοῖς
773 1745 877 1792 ἱεροῖς
908 1745 1180 1794 παραγγέλμασι
1204 1760 1339 1793 παρρη-
1354 1750 1395 1783 35
1408 1748 1480 1782 rint
1518 1751 1581 1782 aut
1623 1748 1872 1783 erubescentes
1915 1747 2190 1791 ordinationem,
2232 1751 2297 1783 aut
2339 1747 2489 1783 derelin-

258 1798 344 1829 σίαν
367 1792 571 1840 φοβεῖσθαί
598 1805 638 1826 τε
668 1794 727 1825 καὶ
760 1790 999 1834 αἰσχύνεσθαι
1029 1793 1090 1835 τῆς
1123 1791 1215 1838 ἱερᾶς
1239 1793 1339 1826 ἐκπε-
1409 1796 1556 1838 quentes
1598 1803 1740 1828 sacrum
1783 1793 2016 1828 ministerium
2051 1792 2098 1827 ad
2138 1792 2283 1838 nuptias
2318 1793 2488 1836 venerint,

259 1842 337 1874 σεῖν
356 1837 501 1879 τάξεως,
525 1834 658 1871 εἰδυίας
682 1833 739 1878 ais,
760 1837 793 1870 εἰ
816 1834 1044 1883 θαρρήσαιεν
1063 1835 1085 1880 ἢ
1108 1838 1344 1880 καταισχῦναι
1411 1840 1476 1874 aut
1499 1838 1605 1874 aliam
1629 1838 1770 1874 omnino
1795 1838 1965 1883 elegerint
1988 1838 2114 1881 vitam,
2137 1838 2237 1883 ipsae
2260 1838 2401 1883 quidem
2424 1838 2488 1874 ob·

257 1883 325 1928 τὴν
346 1886 573 1930 χειροτονίαν
595 1879 618 1926 ἢ
640 1878 883 1917 ἀπολιποῦσαι
905 1883 974 1926 τὴν
996 1881 1095 1928 ἱερὰν
1118 1886 1345 1929 χειροτονίαν

259 1927 515 1976 προςομιλῆσαι
537 1926 660 1974 γάμοις
683 1924 705 1970 ἢ
729 1925 840 1970 ἄλλην
871 1923 963 1961 ὅλως
992 1926 1144 1962 ἑλέσθαι
1173 1931 1255 1972 βίου
1279 1939 1342 1962 πο·

259 1973 374 2021 νηράν
396 1977 557 2020 πορείαν,
588 1970 699 2006 αὗταί
720 1984 760 2006 τε
789 1973 906 2015 ἔνοχοι
933 1971 1147 2020 γενήσονται
1176 1971 1344 2007 θανάτου
1357 1977 1401 2009 40

303 2067 441 2106 37-45,
462 2072 479 2098 3
503 2066 556 2098 cit.
580 2064 749 2097 Paratitla
769 2064 841 2097 coll.
866 2071 964 2098 const.
990 2065 1066 2099 eccl.
1087 2066 1120 2106 3,
1143 2071 1160 2098 2
1180 2077 1216 2108 p.
1241 2066 1325 2099 1354
1357 2064 1459 2098 Voell.
1482 2077 1521 2098 ex
1543 2065 1620 2098 Ath.

258 2154 459 2192 adorandis
476 2154 703 2201 baptismatis
722 2155 930 2190 ministrare
952 2154 1173 2206 reliquisque
1196 2154 1353 2197 arcanis,
1379 2166 1473 2201 quae
1494 2155 1533 2190 in
1557 2155 1818 2191 venerabilibus
1835 2155 2019 2201 mysteriis
2030 2165 2103 2201 per
2121 2166 2184 2191 eas
2200 2156 2338 2202 peragi
2359 2157 2488 2200 solent,

258 2203 431 2238 interesse
479 2199 706 2235 ermittemus.
756 2198 865 2235 Enim
888 2210 974 2236 vero
998 2210 1028 2234 si
1053 2211 1149 2246 quae
1171 2199 1367 2235 necessitas
1390 2199 1488 2236 adsit
1510 2201 1619 2236 etiam
1650 2200 1802 2235 minoris
1827 2199 1897 2235 hac
1953 2211 2036 2235 uam
2066 2199 2227 2235 diximus
2249 2204 2369 2237 aetate
2392 2201 2488 2237 ordi-

258 2245 403 2282 nandae
451 2245 664 2287 zaconissae‚
689 2244 774 2281 licet
789 2255 878 2281 sane
894 2245 933 2279 in
953 2255 1059 2280 sacro
1077 2244 1202 2290 aliquo
1221 2245 1397 2280 asceterio
1416 2256 1495 2280 eam
1516 2245 1689 2280 ordinare
1706 2245 1792 2281 etin
1804 2245 1868 2280 illo
1885 2244 1932 2280 ka
1956 2245 2063 2287 itare,
2085 2245 2148 2280 ubi
2163 2255 2279 2292 neque
2301 2257 2381 2281 cum
2400 2247 2488 2282 viris

259 2290 510 2328 commercium
525 2294 580 2326 est
593 2301 709 2336 neque
732 2301 782 2326 ex
805 2290 958 2326 arbitrio
973 2290 1099 2332 victus,
1122 2288 1188 2325 sed
1206 2290 1394 2325 continens
1412 2294 1449 2325 et
1465 2290 1652 2326 moderata
1667 2290 1742 2326 vita
1759 2294 1795 2326 et
1816 2289 2068 2333 multitudinis,
2092 2301 2187 2336 quae
2205 2301 2285 2326 cum
2306 2291 2373 2327 illa
2390 2292 2487 2335 vivit,

260 2336 463 2373 testimonio
485 2334 653 2381 probata.
699 2334 872 2370 Volumus
895 2339 1014 2370 autem
1036 2334 1122 2370 illas
1143 2335 1246 2381 ipsas
1269 2333 1508 2377 diaconissas,
1533 2346 1629 2381 quae
1648 2334 1698 2370 ad
1720 2334 1986 2371 ordinationem
2001 2339 2179 2371 vocantur
2201 2335 2276 2372 sive
2298 2347 2350 2372 σω
2371 2336 2486 2373 vidui-

259 2385 334 2418 tate
356 2381 430 2417 sive
447 2391 498 2416 ex
516 2379 736 2426 virqinitate,
760 2391 835 2415 non
855 2380 912 2415 uti
935 2379 1194 2415 consuetudine
1216 2379 1318 2414 cuius
1344 2391 1428 2415 uam
1445 2379 1490 2415 de
1507 2391 1638 2426 qenerc
1652 2379 1790 2415 scilicet
1808 2380 1974 2427 fratrum
1993 2379 2048 2416 vel
2066 2384 2312 2428 coqnatorum·
2323 2381 2382 2418 vel
2399 2393 2489 2429 aqa-

252 2431 425 2475 petorum
441 2425 505 2472 qui
523 2436 546 2460 a
567 2424 758 2472 pellantur
780 2425 857 2471 (qui
880 2425 973 2460 enim
990 2424 1167 2460 eiusmodi
1181 2424 1319 2460 nomini
1343 2436 1386 2460 us
1408 2429 1572 2467 utuntur,
1598 2425 1694 2460 omni
1711 2424 1809 2460 mala
1832 2425 2039 2477 suspicione
2053 2425 2163 2461 vitam
2178 2436 2282 2461 suam
2301 2432 2489 2470 onerant).-

257 2472 323 2509 sed
344 2471 401 2508 vel
421 2470 524 2507 solae
567 2470 704 2506 abitent
726 2470 782 2506 vel
800 2481 874 2506 una
890 2471 1013 2507 vivant
1029 2481 1109 2506 cum
1124 2469 1214 2506 solis
1230 2469 1450 2522 parentibus
1468 2473 1504 2506 et
1525 2469 1648 2506 liberis
1664 2469 1720 2506 vel
1740 2470 1803 2513 iis,
1826 2481 1888 2516 qut
1910 2481 1992 2506 vere
2013 2470 2154 2517 fratres
2172 2470 2229 2507 vel
2241 2471 2375 2518 patrui
2391 2476 2488 2516 sunt,

259 2517 304 2554 de
326 2516 456 2564 quibus
477 2516 512 2551 si
539 2516 621 2562 quis
644 2515 734 2562 quid
761 2515 848 2550 mali
879 2516 1061 2562 suspicari
1091 2515 1205 2558 ausit,
1235 2526 1315 2562 ipse
1373 2515 1468 2551 otius
1490 2515 1663 2551 scelestus
1684 2515 1793 2550 simul
1819 2519 1856 2550 et
1886 2515 2019 2562 impius
2047 2515 2176 2551 merito
2208 2515 2486 2553 existimabitur.

259 2561 391 2609 Itaque
407 2561 441 2597 si
462 2561 534 2597 tale
549 2560 640 2607 quid
656 2560 800 2596 dicatur
814 2560 859 2596 de
874 2571 999 2596 earum
1015 2560 1152 2607 aliqua,
1176 2571 1270 2607 quae
1290 2571 1313 2595 a
1353 2560 1581 2596 diaconissae
1595 2559 1861 2596 ordinationem
1885 2559 2055 2596 accedere
2078 2559 2215 2603 volunt,
2239 2562 2488 2597 commercium

259 2619 338 2645 eam
355 2618 435 2643 cum
447 2606 572 2652 aliquo
590 2605 722 2642 habere
737 2616 817 2641 cum
826 2606 916 2651 ficta
932 2606 1075 2652 quidem
1087 2605 1183 2641 bona
1195 2617 1218 2641 a
1272 2605 1443 2642 ellatione
1453 2605 1551 2640 mala
1568 2616 1653 2641 vero
1666 2605 1884 2652 suspicione,
1898 2616 1944 2640 ne
1955 2604 2130 2640 eiusmodi
2141 2604 2284 2651 quidem
2296 2606 2425 2643 mulier
2438 2607 2489 2642 ad

259 2652 487 2689 diaconissae
501 2650 767 2686 ordinationem
783 2651 930 2686 omnino
947 2651 1171 2686 admittatur.
1245 2662 1304 2686 am
1319 2651 1460 2687 etiamsi
1474 2650 1645 2686 ordinata
1659 2650 1719 2693 sit,
1742 2654 1779 2686 et
1796 2650 1867 2686 tale
1907 2649 1971 2685 uid
1994 2649 2212 2686 commiserit
2232 2655 2343 2697 atque
2361 2651 2486 2699 aliquo

258 2702 386 2734 utatur
408 2696 473 2732 sub
497 2695 593 2731 dicto
617 2696 760 2731 nomine
784 2695 840 2732 vel
861 2706 880 2731 s
906 2696 990 2738 ecie‚
1014 2695 1211 2732 diaconatu
1235 2695 1389 2739 excidet,
1412 2700 1450 2732 et
1472 2699 1544 2732 tam
1567 2695 1650 2742 ipsa
1673 2706 1781 2741 quam
1803 2694 1864 2730 ille
1912 2695 1971 2730 uic
1994 2694 2066 2742 ieqi
2088 2698 2235 2731 nostrae
2254 2695 2487 2743 reliquisque,

259 2754 354 2790 quae
381 2745 613 2788 stupratores
633 2741 813 2788 puniunt,
851 2752 873 2776 o
897 2741 1003 2777 noxii
1033 2745 1149 2777 erunt.
1200 2739 1329 2777 Omnes
1360 2747 1479 2777 autem
1509 2740 1802 2787 reliqiosissimas
1832 2739 2059 2775 diaconissas
2081 2739 2306 2776 ordinandas
2328 2745 2364 2777 et
2385 2742 2488 2788 ipsas

260 2791 408 2840 oportet
431 2785 675 2822 ordinationis
699 2790 860 2832 tempore
883 2790 919 2822 et
941 2786 1131 2822 admoneri
1154 2790 1191 2822 et
1211 2797 1321 2822 sacra
1337 2790 1540 2834 praecepta
1558 2785 1687 2822 audire
1709 2795 1833 2821 coram
1852 2785 2003 2831 reliquis
2020 2796 2115 2831 quae
2136 2785 2209 2820 iam
2231 2790 2318 2822 sunt
2339 2797 2486 2823 venera-

259 2833 348 2869 biles
370 2831 616 2874 diaconissae,
640 2835 682 2867 ut
704 2835 741 2867 et
762 2831 821 2867 dei
845 2832 1007 2868 timorem
1030 2831 1201 2868 habentes
1219 2835 1256 2868 et
1274 2831 1459 2877 fiduciam,
1482 2842 1578 2878 quae
1596 2830 1715 2867 sacris
1732 2831 1940 2878 praeceptis
1962 2830 2067 2873 inest,
2091 2835 2282 2866 vereantur
2307 2835 2344 2867 ct
2363 2831 2485 2868 erube-

258 2882 365 2914 scant
385 2887 494 2913 sacro
519 2876 646 2912 ordine
669 2876 814 2920 cadere,
846 2887 925 2912 cum
947 2877 1084 2919 sciant,
1113 2877 1147 2912 si
1170 2876 1331 2913 audeant
1355 2881 1419 2912 aut
1442 2876 1707 2912 ordinationem
1731 2875 1950 2912 dedecorare
1973 2879 2040 2911 aut
2061 2874 2233 2911 derelicta
2255 2886 2364 2912 sacra
2387 2877 2486 2913 ordi-

259 2923 409 2960 natione
439 2922 706 2957 matrimonium
737 2922 830 2957 inire
853 2927 918 2958 aut
947 2921 1058 2958 aliam
1090 2922 1236 2957 omnino
1268 2921 1470 2969 improbam
1499 2921 1677 2957 rationem
1705 2921 1800 2958 vitae
1829 2920 1982 2967 elicere,
2010 2931 2050 2956 se
2079 2920 2181 2967 ipsas
2203 2921 2336 2967 capitis
2363 2933 2486 2969 poena

307 3017 323 3049 1
349 3025 390 3048 τε
410 3026 470 3047 om.
490 3014 521 3047 A
539 3013 587 3058 112
612 3015 780 3058 παρεῖναι
802 3016 876 3047 τοῖς
899 3026 958 3047 om.
982 3014 1013 3047 A
1032 3013 1081 3057 114
1102 3010 1277 3047 ἐλάττονα
1300 3004 1340 3056 ἧς

259 3059 409 3104 εἴπομεν
431 3053 567 3101 ἡλικίας
579 3059 609 3091 A
627 3058 639 3100 ΙΙ
656 3061 675 3092 5
700 3055 980 3092 διακονίσσανᾼ
995 3058 1007 3103 Ι]
1026 3060 1046 3091 6
1065 3056 1180 3101 ἀσκητ
1203 3061 1271 3092 tam
1283 3060 1338 3112 Au

260 3108 279 3138 7
305 3105 353 3139 εἰς
373 3099 464 3151 ὅπερ
486 3104 518 3137 A
533 3102 546 3148 ΙΙ
564 3100 674 3136 *οὐδὲ
693 3123 733 3128 -
747 3099 829 3136 οὐδὲ
853 3105 923 3137 MA
948 3103 997 3148 119
1017 3100 1152 3145 δίαιτα]
1201 3115 1338 3150 ιαγωγη

260 3151 291 3184 A
320 3151 332 3193 fl
359 3151 399 3184 10
418 3161 535 3195 μαρτυ
558 3147 704 3203 οὐμενος
727 3146 889 3203 πλήθους
912 3150 943 3182 A
973 3148 986 3193 ΙΙ
1012 3152 1049 3183 11
1075 3146 1138 3183 τὰς
1161 3156 1234 3182 ante
1257 3145 1336 3195 ἆγο-

259 3205 381 3275 ’ἷῗῖἱ
391 3194 641 3282 ‘'iiiii-,32²⁹
664 3195 1255 3284 235232212‘325‘2‘11‘2530‘225253
1275 3193 1338 3272 23¹3„ss

262 3298 281 3322 ς
307 3285 320 3329 ΙΙ
354 3287 392 3320 18
421 3281 443 3327 ἢ
473 3284 600 3326 θείοις]
630 3287 689 3317 aut
711 3284 776 3317 iis?
803 3296 823 3321 ς
847 3284 860 3329 ΙΙ
881 3279 1111 3319 ὑποπτεῦσαί
1131 3296 1167 3318 τι
1191 3285 1222 3325 ς]
1251 3279 1337 3318 ὑπο-

262 3330 415 3364 πτεῦσαι
443 3331 475 3363 A
508 3326 767 3364 ὑποπτεύσειεν
801 3326 817 3338 ⁸
849 3330 897 3363 M
926 3330 939 3371 Ι
977 3331 1016 3364 19
1054 3327 1222 3373 τολμήσει
1247 3328 1295 3362 A1>
1325 3328 1338 3374 fl

262 3377 302 3408 21
339 3377 562 3420 χειροτονίαν
596 3376 669 3418 (om.
701 3376 764 3416 Aa)
795 3342 1029 3418 7διακονίσσης
1058 3376 1089 3408 A
1130 3374 1144 3419 ΙΙ
1175 3376 1218 3409 22
1256 3370 1337 3407 σύν-

262 3430 372 3459 εστιν,
402 3420 442 3452 dv
466 3416 620 3463 σχήματι
641 3420 709 3464 μὲν
731 3417 753 3453 ἆ
779 3419 873 3462 αθῆς
895 3432 923 3453 π
946 3422 1152 3466 οσηγορίας,
1181 3419 1338 3464 πονηρᾶς

263 3461 304 3497 δὲ
334 3459 491 3507 ὑποψίας
522 3466 554 3498 A
591 3467 647 3508 (cfi
679 3467 711 3507 ς)
794 3466 836 3500 23
873 3462 914 3498 οὗ
940 3465 968 3506 ἐ]
1010 3475 1078 3498 non
1115 3466 1246 3508 oportet
1275 3475 1296 3501 ς
1325 3463 1337 3509 ΙΙ

263 3510 307 3543 28
330 3503 420 3550 αὐτῆ
432 3509 475 3541 Μ
486 3509 498 3550 11
517 3511 559 3543 29
579 3513 652 3544 τοῖς
676 3508 811 3545 λοιποῖς
829 3511 914 3552 τοῖς]
937 3509 1027 3543 πᾶσι
1044 3510 1160 3544 τοῖςΑ
1177 3509 1190 3554 Ι]
1207 3511 1249 3544 30
1269 3505 1336 3543 πά-

263 3562 328 3587 σας
351 3561 425 3587 ante
447 3549 710 3597 εὖλαβεστάτας
728 3556 801 3589 coll.
825 3556 857 3589 A
884 3555 896 3598 ΙΙ
926 3557 966 3589 31
991 3556 1052 3587 καὶ
1076 3551 1183 3589 αὐτὰς
1203 3567 1262 3588 om.
1287 3566 1306 3591 ς
1326 3553 1338 3599 ΙΙ

263 3599 306 3632 37
329 3595 352 3640 ἢ
376 3610 434 3631 om.
449 3599 480 3631 A
498 3598 511 3641 ss
527 3600 568 3632 38
591 3603 814 3644 χειροτονίαν
837 3602 897 3633 καὶ
917 3597 1187 3646 προσομιλῆσαι,
1209 3612 1269 3634 om.
1285 3612 1334 3633 vv.

263 3638 286 3685 ἢ
297 3661 342 3668 —
352 3645 575 3696 χειροτονίαν
595 3646 625 3677 A
641 3644 653 3686 ΙΙ
671 3641 915 3679 ἀπολιπούσας
934 3645 982 3679 Μ
989 3644 1002 3690 ΙΙ
1021 3646 1063 3679 39
1088 3642 1252 3692 πονηρὰν
1275 3657 1335 3679 om.

266 3688 343 3733 ΛςΙΙ
361 3690 404 3723 40
425 3699 532 3721 αυται
553 3699 593 3721 τε
617 3688 661 3721 Μ

1455 3015 1469 3046 1
1497 3013 1658 3046 adorandi
1680 3012 1731 3046 R¹
1756 3011 1770 3056 Ι]
1791 3013 1812 3046 2
1837 3013 1932 3054 quae]
1953 3022 2083 3055 queque
2102 3011 2141 3045 V
2156 3010 2349 3057 “mysteriis
2372 3013 2485 3049 Heini-

1408 3059 1502 3100 bach]
1521 3058 1716 3091 ministeriis
1737 3058 1816 3092 libri
1829 3055 1843 3098 ss
1857 3059 1879 3091 4
1903 3067 1968 3100 qua
1986 3057 2033 3098 R]
2056 3067 2154 3099 quam
2169 3056 2207 3091 V
2221 3056 2336 3102 vuly.ss
2362 3060 2383 3093 5
2405 3069 2485 3092 oon-

1406 3103 1547 3146 tingerit
1569 3103 1619 3137 R¹
1647 3102 1662 3148 Π
1689 3105 1709 3137 6
1740 3102 1980 3136 assisteriorum
1998 3101 2069 3136 ΒΤ
2093 3102 2317 3135 asisteriorum
2341 3103 2380 3137 V
2398 3103 2412 3149 Ι
2442 3115 2485 3138 ne

1406 3150 1583 3191 quaquam]
1605 3149 1664 3193 leq.
1689 3148 1725 3180 in
1749 3158 1816 3190 quo
1838 3147 1970 3189 neque?
1985 3147 1998 3191 ss
2025 3149 2044 3181 7
2067 3147 2245 3180 admixtam
2259 3147 2316 3181 V²
2333 3147 2381 3193 119
2405 3159 2484 3183 con·

1406 3194 1557 3227 uenienti
1580 3193 1631 3227 R²
1654 3193 1841 3227 conuenien
1859 3192 1910 3226 Β·
1933 3193 1945 3235 ΙΙ
1963 3193 2087 3225 1101111111
2111 3205 2170 3227 om.
2194 3193 2229 3226 R
2246 3192 2259 3236 ss
2274 3193 2411 3236 habens]
2433 3194 2483 3228 di-

1406 3239 1511 3272 cimus
1529 3239 1579 3272 Β*
1606 3237 1619 3283 ΙΙ
1652 3241 1692 3272 10
1717 3237 1943 3272 ordinationes
1961 3238 2011 3271 13¹
2041 3236 2053 3282 ΙΙ
2082 3240 2124 3272 14
2151 3239 2293 3279 utentes]
2318 3240 2376 3272 ute
2397 3238 2448 3272 R·

1410 3286 1449 3319 16
1469 3286 1529 3317 aut
1553 3283 1619 3317 hiis
1642 3282 1702 3324 13²,
1725 3284 1831 3328 suppl.
1851 3282 1890 3317 V
1893 3282 1908 3304 ²
1931 3284 1963 3316 in
1987 3290 2071 3325 spat.
2095 3295 2177 3323 vac.‚
2201 3285 2261 3315 aut
2284 3293 2386 3315 nous
2407 3283 2458 3316 Β*

1410 3331 1447 3363 17
1472 3329 1638 3372 suspicare
1650 3327 1687 3362 V
1688 3327 1765 3362 TR2
1787 3327 1950 3372 suplioare
1962 3327 2010 3360 R¹
2029 3327 2042 3373 ΙΙ
2062 3330 2100 3362 19
2125 3327 2197 3360 *Ut
2215 3327 2257 3368 si]
2278 3327 2427 3368 siRTV,
2448 3331 2482 3361 et

1405 3374 1433 3407 si
1456 3375 1543 3419 vulq.
1561 3372 1567 3418 Ι
1590 3374 1704 3406 dicant
1726 3373 1760 3407 R
1779 3374 1868 3407 dicat
1889 3372 1923 3407 V
1925 3373 1980 3414 ΤΙΙ
1999 3374 2039 3406 21
2065 3371 2198 3415 quidem
2222 3370 2339 3413 bonae]
2363 3372 2423 3413 qui
2440 3372 2480 3406 de

1404 3418 1539 3453 homine
1602 3419 1613 3439 ¹
1638 3418 1651 3462 ΙΙ
1674 3420 1718 3453 24
1742 3418 1879 3461 aliquod
1902 3417 1939 3452 V
1960 3417 1973 3461 ΙΙ
2004 3419 2047 3452 26
2071 3417 2164 3451 cadet
2187 3416 2271 3460 only.
2301 3415 2315 3460 ΙΙ
2342 3417 2383 3450 27
2407 3415 2479 3458 ille]

1404 3464 1474 3507 ipse
1493 3463 1527 3498 V
1589 3473 1673 3506 quae
1695 3464 1916 3507 corruptores]
1943 3464 2174 3506 mox-ruptores
2194 3461 2246 3494 R*
2274 3460 2287 3502 ΙΙ
2313 3463 2356 3496 28
2380 3463 2477 3503 quae]

1405 3509 1464 3551 qui
1487 3508 1521 3542 R
1567 3508 1579 3529 ¹
1601 3509 1613 3552 ΙΙ
1637 3511 1682 3561 330
1706 3508 1999 3561 moneriJumuneri
2023 3507 2062 3542 V
2064 3507 2077 3529 ¹
2121 3516 2231 3539 coram
2253 3504 2354 3558 R’.⁶¹
2373 3505 2421 3539 V⁸
2445 3508 2478 3558 in

1404 3553 1505 3633 52⁰⁸AE
1518 3555 1566 3643 ³2„
1582 3553 1781 3633 ἑῗιὲἓὲῧέῖ
1796 3553 1812 3639 1
1827 3554 2025 3640 smmum]
1991 3550 2478 3639 ωῑέᾈῗέιὲἕέὲιῗὲἳθῗ

1405 3645 1447 3679 35
1466 3643 1697 3723 ᾶοιίξιειυοῃιεε
1710 3643 1745 3678 V
1747 3643 1759 3665 ¹
1775 3642 1789 3688 ΙΙ
1805 3645 1847 3678 36
1864 3640 2092 3677 misteriumR
2109 3638 2123 3686 fl
2137 3639 2267 3674 uenerit
2292 3648 2323 3674 et
2347 3642 2387 3674 37
2410 3639 2475 3674 ele-

1403 3688 1490 3732 gerit
