2586 3990
167 129 228 160 DE:
255 126 608 160 EGOLESIASTICIS
637 126 813 160 'rrmms

166 230 248 266 μίου
267 223 392 262 τόπου.
435 226 466 260 εἰ
481 223 524 260 δέ
535 239 570 261 τι
585 226 751 261 τοιοῦτον
766 224 1006 272 ἁμαρτηθείη,
1029 223 1049 260 ὁ
1065 227 1132 270 μὲν
1148 225 1239 270 αἱρε-

166 272 263 307 τικὸς
292 273 328 306 εἴ
353 285 389 306 τι
418 268 507 316 ὑπὲρ
537 270 667 315 ταύτης
696 273 759 316 τῆς
786 273 902 306 αἰτίας
925 270 1103 316 παράσχοι
1132 272 1240 306 τοῦτο

168 316 344 361 ἀπολέσει,
365 316 410 351 τὰ
428 313 468 350 δὲ
481 317 632 351 τοιαῦτα
649 315 846 364 πράγματα
861 318 915 360 τῷ
933 320 1118 361 σεβασμίῳ
1135 313 1240 360 τόπῳ

166 360 230 409 ἀφ’
255 355 299 397 οὗ
326 365 394 415 καὶ(
407 359 594 414 ἐδόθησαν
618 360 919 407 ἐκδικείσθωσαν,
951 361 970 395 ὁ
996 360 1036 396 δὲ
1066 359 1242 406 διοικητὴς

1229 109 1313 159 663

1986 115 2094 160 Nov.
2126 112 2304 169 QXXXI
2337 116 2388 156 14

1309 226 1371 262 Sin
1388 226 1472 273 quid
1488 225 1560 262 tale
1577 226 1817 267 committitur,
1842 226 2042 262 haereticus
2063 225 2202 270 quidem
2219 224 2388 271 quicquid

1310 282 1375 316 pro
1406 271 1471 307 tali
1503 281 1613 307 causa
1642 270 1847 317 praebuerit
1877 271 2034 313 amittat,
2072 271 2275 307 huiusmodi
2304 280 2388 306 vero

1310 326 1367 352 res
1390 317 1582 352 venerabili
1604 316 1684 353 loco
1706 326 1729 352 a
1753 327 1822 361 quo
1847 317 1951 351 etiam
1975 316 2080 352 datae
2104 320 2188 352 sunt
2211 315 2388 352 vindicen-

1310 364 1382 405 tur,
1405 363 1525 397 rector
1548 364 1667 398 autem
1692 361 1827 406 domus,
1859 362 1918 406 qui
1941 362 2039 407 ipsas
2063 371 2119 397 res
2143 360 2241 397 dedit
2264 361 2387 396 haere-

165 408 230 442 τοῢ
253 407 349 442 οἴκου
374 418 394 440 ο
419 419 463 440 τα
488 403 580 440 αὐτὰ
603 407 798 464 πράγματα
815 408 870 450 τῷ
886 406 1052 452 αἱρετικῷ
1078 404 1243 441 δεδωκώς
1278 410 1296 442 5
1310 407 1393 450 tico,
1427 407 1521 442 omni
1549 407 1806 451 gubernatione
1834 410 2057 442 removeatur
2088 408 2124 442 et
2151 407 2189 442 in
2212 408 2388 441 monaste-

166 451 282 496 πάσης
314 448 563 487 ἇποκινείσθω
594 450 801 496 διοικησεως
832 455 891 486 καὶ
922 453 970 486 εἰς
998 451 1243 499 μοναστήριον

165 495 414 542 ἐμβαλλέσθω,
445 500 505 530 καὶ
529 499 587 531 ἐπὶ
619 499 684 532 ἕνα
707 496 876 533 ἐνιαυτὸν
906 498 967 541 τῆς
991 495 1094 544 ἁγίας
1116 510 1242 532 κοινω·

164 546 243 577 νίας
264 541 490 586 χωριζέσθω,
523 539 616 577 ὅςτις
646 542 832 588 αἱρετικοῖς
855 542 1094 587 Χριστιανοὺς
1116 541 1242 587 προδέ-

164 590 186 624 1
234 584 358 621 δωκεν.
407 587 453 620 Εἰ
477 584 515 620 δὲ
534 585 732 632 ὂρθόδοξος
754 588 880 630 κτῆσιν
905 588 1008 630 ἔχων,
1033 589 1072 622 ἐν
1096 580 1119 635 ᾗ
1143 591 1265 626 ἐστιν,

1310 452 1401 487 rium
1436 453 1653 495 recludatur,
1689 455 1724 487 et
1753 463 1826 487 uno
1857 462 1950 487 anno
1986 454 2112 487 sancta
2144 451 2389 487 communione

1312 500 1524 542 segregetur,
1550 508 1630 533 cum
1652 497 1842 533 haereticis
1866 497 2022 541 prodidit
2045 496 2278 532 christianos.

1312 590 1334 623 1
1377 587 1414 622 Si
1434 590 1551 622 autem
1571 587 1790 622 orthodoxus
1813 587 2072 631 possessionem
2091 586 2238 628 habens,
2263 586 2300 620 in
2320 595 2390 630 qua

163 629 247 678 ἁγία
263 630 439 674 ἐκκλησία,
461 632 643 686 ἐκποιήσει
665 631 688 676 ἢ
704 631 912 678 καταλείψει
932 630 955 675 ἢ
971 630 1053 666 κατ’
1072 632 1240 678 έμφύτευ-
1257 637 1296 668 10
1311 635 1365 667 est
1388 636 1514 667 sancta
1539 631 1699 673 ecclesia,
1724 631 1932 666 alienaverit
1955 635 2017 666 aut
2036 631 2218 675 reliquerit
2240 632 2304 666 aut
2327 640 2390 675 per

164 688 224 710 σιν
247 674 270 719 ἢ
292 677 482 720 μίσθωσιν
506 691 527 721 η
552 678 644 712 κατὰ
664 675 882 720 οἱανδήποτε
905 674 1082 720 διοίκησιν
1104 678 1242 721 ταύτην

164 719 319 756 δέδωκεν
341 718 775 777 ἸουδαίῳᾋῆκΣαμαρείτῃ
799 720 827 775 ἠὲ
839 718 983 777 Ἕζλληνι
1011 720 1035 765 ἢ
1060 726 1241 758 Μοντανι-

164 768 230 814 στῇ
255 765 278 810 ἢ
299 763 467 812 Ἀρειανῳ
493 781 514 810 η
539 766 636 811 αλλῳ
662 766 840 812 αἱρετικῳ,
868 780 890 810 η
914 767 1098 813 αγιωτάτη
1123 766 1241 811 ἐκκλη-

164 816 227 846 σία
256 813 319 854 τῆς
350 809 458 854 αὐτῆς
487 811 606 857 κώμης
637 812 706 855 τὴν
733 813 876 847 τούτων
907 810 1120 847 δεσποτείαν
1151 811 1242 846 ἐκδι-

1310 677 1554 722 emphyteosin
1585 680 1648 712 aut
1677 686 1742 720 per
1775 676 2044 711 conductionem
2079 680 2143 711 aut
2172 686 2236 721 per
2266 685 2389 720 quam-

1310 723 1397 757 libet
1419 721 1712 766 gubernationem
1744 721 1839 756 hanc
1869 721 1966 756 dedit
1988 721 2119 756 Iudaeo
2148 723 2212 756 aut
2234 720 2388 756 Samari-

1310 771 1396 802 tano
1426 769 1490 802 aut
1512 776 1651 812 pagano
1684 770 1747 801 aut
1770 766 1943 802 Montano
1973 771 2037 801 aut
2059 765 2195 801 Ariano
2225 769 2289 800 aut
2320 764 2389 799 alio

1311 813 1501 852 haeretico,
1527 816 1652 847 sancta
1667 811 1819 846 ecclesia
1842 811 1999 847 eiusdem
2022 811 2089 845 vici
2109 811 2215 845 huius
2233 809 2390 845 vindicet

163 858 188 893 2
233 861 350 891 κείτω.
398 858 447 890 Εἰ
471 855 514 891 δέ
533 868 587 892 τις
608 858 683 891 τῶν
700 856 900 902 αἱρετικῶν,
924 856 974 912 οἷς
997 857 1242 903 συναριθμοῦ-
1259 862 1297 894 15
1311 858 1334 892 2
1379 857 1632 902 proprietatem
1654 856 1915 898 [alienationis].
1970 855 2008 891 Si
2028 855 2106 901 quis
2127 858 2246 890 autem
2266 855 2389 889 haere-

163 914 230 947 μεν
261 905 320 935 καὶ
348 902 431 936 τοὺς
454 901 714 947 Νεστοριανοὺς
743 905 804 936 καὶ
835 902 914 937 τοὺς
943 901 1153 948 Ακεφάλους
1184 905 1243 936 καὶ

163 947 244 981 τοὺς
282 943 578 989 Εὗτυχιανιστάς,
623 945 791 992 τολμήσει
832 946 1010 991 σπήλαιον
1051 949 1115 991 τῆς
1151 945 1243 981 ἰδίας

165 989 335 1027 ἀπιστίας
355 990 603 1046 ὀἰκοδομῆσαι
644 988 665 1035 ἢ
701 989 863 1026 Ἰουδαῖοι
901 995 989 1027 νέαν
1028 991 1243 1039 συναγωγὴν

165 1048 438 1081 κατασκευασαι,

163 1083 188 1118 3
224 1080 378 1126 κοδομὰς
392 1083 436 1126 τῇ
453 1050 491 1116 ἰδ

165 1129 380 1174 ἑμφύτευσιν
403 1127 426 1170 ἢ
448 1126 638 1171 μίσθωσιν
662 1123 684 1170 ἢ
709 1128 834 1173 ἑτέραν
860 1126 1081 1172 οἱανδήποτε
1113 1127 1242 1171 διοίκη-

164 1185 223 1206 σιν
255 1172 324 1216 τὴν
347 1170 445 1206 ἰδίαν
469 1169 602 1206 δέδωκε
625 1173 752 1217 κτῆσιν
784 1174 838 1216 τῷ
863 1174 1016 1217 τοιούτῳ
1052 1173 1242 1219 προςώπῳ,

164 1218 194 1251 εἰ
211 1219 276 1261 μὲν
292 1218 484 1264 ἐγίνωσκεν
500 1215 519 1250 ὁ
539 1215 715 1260 δεσπότης
733 1218 795 1261 τῆς
809 1215 976 1261 κτήσεως,
1001 1216 1060 1253 ὅτι
1076 1218 1241 1264 αἱρετικῷ

163 1262 301 1305 ταύτην
331 1266 617 1304 κατοπίστευσεν,
649 1261 768 1298 πάσας
798 1263 863 1298 τὰς
885 1261 1077 1308 προςόδους
1107 1266 1242 1299 ἐκείνου

524 1050 602 1071 των
632 1037 758 1072 τόπων
789 1035 876 1083 ἁγία
904 1037 1071 1080 ἐκκλησία
1101 1038 1163 1072 τὰς
1193 1039 1242 1071 οἰ-

1310 903 1480 945 ticorum,
1506 902 1634 947 quibus
1658 902 1764 937 etiam
1789 911 2084 936 connumeramus
2101 900 2334 936 Nestorianos
2356 902 2391 935 et

1310 948 1515 993 Acephalos
1539 951 1575 983 et
1597 947 1907 991 Eutychianistas,
1938 946 2216 992 praesumpserit
2246 945 2390 989 spelun-

1311 1003 1390 1028 cam
1413 1003 1501 1028 suae
1523 992 1782 1028 incredulitatis
1806 992 2005 1035 aedificare,
2033 995 2096 1026 aut
2118 991 2240 1026 Iudaei
2263 1000 2390 1026 novam

1312 1048 1525 1083 synagogam
1550 1039 1778 1081 constituere,
1802 1038 1962 1073 locorum
1980 1039 2107 1072 sancta
2122 1036 2273 1072 ecclesia
2293 1035 2389 1071 aedi-

491 1085 528 1124 ίᾳ
544 1079 736 1125 ὃεσποτείᾳ
752 1080 945 1117 tadinatem.
986 1084 1017 1117 εἰ
1033 1081 1075 1117 δέ
1087 1094 1140 1118 τις
1156 1079 1239 1117 κατ’
1257 1083 1335 1119 203
1381 1082 1463 1118 ficia
1487 1093 1572 1119 suae
1595 1082 1807 1128 proprietati
1829 1082 2007 1118 defendat.
2055 1082 2093 1117 Si
2116 1091 2199 1117 vero
2225 1081 2304 1126 quis
2327 1090 2392 1126 per

1311 1128 1557 1174 emphyteosin
1574 1131 1637 1164 ant
1654 1128 1923 1163 conductionem
1942 1131 2004 1162 aut
2020 1127 2125 1162 etiam
2143 1127 2249 1162 aliam
2268 1136 2390 1170 quam-

1312 1183 1462 1217 cumque
1481 1174 1772 1218 gubernationem
1793 1173 1889 1208 dedit
1909 1173 2169 1218 possessionem
2189 1170 2392 1207 huiusmodi

1310 1228 1503 1263 personae,
1542 1219 1573 1254 si
1610 1218 1750 1264 quidem
1785 1219 1922 1254 sciebat
1957 1219 2119 1253 dominus
2153 1216 2391 1262 possessionis

1312 1264 1395 1308 quia
1427 1264 1606 1300 haeretico
1638 1264 1730 1298 hanc
1764 1263 1956 1306 commisit,
1992 1273 2115 1298 omnes
2138 1263 2272 1298 reditus
2295 1261 2391 1297 illius

163 1309 226 1341 τοῦ
243 1307 372 1353 χρόνον
395 1308 458 1342 τοῦ
476 1308 1081 1363 περιεχομένου(τῷνσυναλλάγματι
1105 1309 1172 1352 τὴν
1188 1310 1242 1342 ἐκ·
1256 1312 1298 1345 25
1311 1309 1481 1354 temporis
1515 1309 1610 1354 quod
1639 1309 1676 1343 in
1706 1312 1892 1344 contractu
1924 1309 2068 1344 transiit
2098 1308 2284 1344 ecclesiam
2308 1307 2391 1342 civi-

163 1351 313 1396 κλησίαν
327 1353 391 1396 τῆς
406 1351 546 1388 πόλεως
562 1366 612 1398 υφ
645 1367 692 1396 ην
708 1367 730 1396 η
747 1365 868 1397 κτησις
884 1352 1057 1389 διάκειται
1073 1352 1225 1389 ἐκδικεῖν
1235 1366 1242 1373 ·

163 1399 194 1431 εἰ
223 1395 263 1432 δὲ
293 1395 415 1444 ἠγνόει
443 1394 463 1431 ὁ
489 1395 665 1440 δεσπότης
687 1399 749 1441 τῆς
771 1399 946 1442 κτήσεως,
977 1398 1036 1434 ὅτι
1068 1399 1244 1444 αἱρετικὸς

1312 1355 1396 1389 tatis
1421 1354 1487 1390 sub
1513 1365 1584 1399 qua
1606 1354 1784 1399 possessio
1817 1354 2014 1389 constituta
2035 1356 2090 1389 est
2117 1353 2306 1389 vindicare.
2353 1351 2391 1387 Si

1312 1410 1395 1435 vero
1417 1400 1605 1444 ignorabat
1627 1400 1789 1435 dominus
1809 1399 2057 1444 possessionis,
2083 1399 2166 1444 quia
2190 1397 2391 1434 haereticus

163 1437 209 1485 ἦν
232 1441 251 1477 ὁ
276 1442 413 1486 ταύτην
436 1443 706 1486 ἐμπιστευθείς,
741 1441 856 1478 αὐτὸν
880 1447 948 1488 μὲν
970 1446 1038 1479 τὸν
1062 1443 1244 1488 δεσπότην
1314 1449 1390 1480 erat
1414 1445 1471 1480 cui
1494 1447 1584 1480 haec
1608 1445 1797 1480 commissa
1821 1448 1886 1487 est,
1910 1445 2027 1490 ipsum
2050 1444 2191 1488 quidem
2211 1443 2392 1478 dominum

164 1487 224 1521 διὰ
248 1488 316 1531 τὴν
340 1486 493 1535 ἄγνοιαν
517 1485 670 1532 ἀζήμιον
694 1487 937 1534 φυλαχθῆναι,
961 1489 1028 1524 τὸν
1051 1488 1090 1524 δὲ
1114 1490 1243 1536 αἱρετι-
1312 1492 1459 1536 propter
1489 1490 1725 1534 ignorantiam
1754 1490 1952 1525 indemnem
1987 1490 2138 1532 servari,
2174 1488 2393 1524 haereticum

163 1533 230 1567 κὰν
252 1535 292 1567 ἐν
314 1533 470 1578 ἑκατέρῳ
497 1533 632 1577 θέματι
656 1537 715 1567 καὶ
735 1533 962 1578 ἐκβληθῆναι
985 1536 1062 1569 τῶν
1082 1534 1244 1577 κτήσεων
1258 1538 1300 1570 30
1313 1546 1396 1571 vero
1430 1536 1466 1570 in
1497 1539 1648 1580 utroque
1684 1545 1770 1570 casu
1800 1535 1930 1580 expelli
1966 1535 2009 1571 de
2038 1534 2326 1580 possessionibus
2356 1534 2393 1568 et

162 1581 223 1612 καὶ
246 1578 315 1621 τὴν
339 1575 465 1612 οὐσίαν
489 1575 600 1612 αὐτοῦ
625 1579 679 1621 τῷ
705 1577 864 1623 δημοσίῳ
887 1581 1198 1625 προςκυρωθῆναι.
1315 1581 1551 1616 substantiam
1575 1582 1650 1616 eius
1676 1581 1849 1625 applicari
1870 1580 1971 1616 fisco.

162 1667 302 1712 Quodsi
318 1668 407 1720 quid
426 1668 603 1703 eiusmodi
624 1670 847 1704 commissum
865 1670 922 1714 sit,
947 1670 1147 1705 haereticus
1171 1670 1312 1716 quidem
1333 1671 1365 1704 si
1382 1670 1470 1715 quid
1480 1681 1556 1716 pro
1575 1681 1619 1705 ea
1643 1680 1754 1705 causa
1772 1670 1958 1715 praestitit
1973 1669 2011 1704 id
2026 1669 2176 1710 amittet,
2199 1678 2258 1703 res
2274 1671 2393 1702 autem

162 1713 332 1748 eiusmodi
357 1712 551 1748 venerabili
574 1713 630 1748 illi
652 1713 730 1748 loco
756 1725 778 1748 a
802 1725 874 1759 quo
899 1715 1007 1750 etiam
1031 1715 1139 1750 datae
1161 1719 1246 1750 sunt
1268 1714 1504 1755 vindicentur,
1529 1715 1802 1750 administrator
1825 1725 1910 1749 vero
1932 1714 2059 1749 domus
2085 1713 2147 1759 qui
2170 1713 2312 1748 easdem
2335 1722 2394 1748 res

161 1757 341 1801 haeretico
366 1756 465 1792 dedit
487 1756 531 1792 ab
556 1758 653 1792 omni
676 1758 990 1795 administratione
1012 1764 1239 1796 removeatur
1269 1763 1304 1794 et
1327 1760 1364 1794 in
1387 1761 1643 1795 monasterium
1666 1760 1881 1800 coniciatur‚
1915 1769 1960 1794 ac
1980 1770 2049 1805 per
2072 1769 2181 1794 unum
2213 1768 2347 1793 annum
2370 1768 2394 1792 a

160 1804 183 1838 1
229 1812 337 1837 sacra
361 1802 609 1837 communione
630 1808 830 1849 separetur,
855 1805 991 1850 quippe
1032 1804 1071 1839 ui
1085 1803 1277 1840 haereticis
1295 1804 1519 1840 Christianos
1535 1804 1756 1851 prodiderit.
1849 1803 1892 1839 Si
1913 1809 2031 1839 autem
2056 1803 2285 1839 orthodoxus
2307 1813 2393 1848 pos-

159 1848 354 1882 sessionem
377 1846 523 1889 habens,
555 1848 592 1882 in
617 1858 690 1893 qua
714 1851 767 1883 est
789 1853 917 1884 sancta
941 1850 1111 1892 eccesia,
1141 1861 1220 1885 eam
1249 1849 1463 1885 alienaverit
1493 1852 1549 1885 vel
1576 1849 1763 1895 reliquerit
1792 1849 1848 1885 vel
1875 1850 1913 1885 in
1942 1849 2190 1896 emphyteusin
2222 1848 2280 1884 vel
2309 1858 2393 1883 con-

161 1892 363 1927 ductionem
394 1891 450 1928 vel
479 1893 523 1943 in.
547 1895 839 1939 qualemcumque
869 1894 1216 1939 administrationem
1240 1894 1379 1930 Iudaeo
1412 1894 1468 1931 vel
1490 1894 1695 1931 Samaritae
1727 1895 1783 1931 vel
1831 1905 1953 1941 aqano
1986 1895 2041 1930 vel
2063 1894 2308 1930 Montanistae
2340 1893 2396 1929 vel

160 1937 185 1973 2
231 1937 370 1972 Ariano
395 1936 450 1972 vel
473 1937 537 1972 alii
560 1936 741 1974 haeretico
764 1938 913 1982 dederit,
936 1940 1164 1975 sanctissima
1188 1940 1345 1976 ciusdem
1368 1940 1437 1976 vici
1460 1940 1610 1976 ecclesia
1634 1939 1763 1975 horum
1813 1940 1983 1975 ominium
2006 1939 2172 1976 vindicet.
2248 1938 2290 1973 Si
2313 1938 2395 1984 quis

161 1992 245 2016 vero
270 1980 545 2023 haereticorum,
572 1982 701 2027 quibus
722 1984 830 2018 etiam
851 1983 1089 2020 Nestorianos
1111 1989 1145 2020 et
1168 1984 1374 2031 Acephalos
1395 1989 1432 2020 et
1455 1984 1754 2031 Eutychianistas
1777 1984 2065 2027 adnumeramus,
2097 1995 2114 2019 s
2142 1984 2305 2019 eluncam
2329 1983 2393 2018 im-

157 2027 308 2073 pietatis
331 2036 418 2060 suae
442 2026 646 2070 aedificare,
670 2028 745 2063 sive
760 2026 889 2063 Iudaei
912 2040 1046 2081 novam·
1063 2040 1291 2075 synaqoqam
1314 2033 1485 2064 eoetruere
1508 2030 1589 2064 ausi
1608 2030 1691 2071 sint,
1715 2035 1843 2064 sancta
1868 2030 2029 2065 locorum
2053 2039 2113 2064 ecc
2129 2029 2204 2064 esia
2228 2028 2394 2073 aedificia

163 2072 188 2107 3
234 2069 392 2105 dominio
407 2080 474 2105 suo
491 2070 656 2106 vindicet.

725 2071 767 2106 Si
789 2073 871 2123 quis
891 2077 1009 2108 autem
1032 2084 1071 2108 in
1086 2074 1336 2119 emphyteusin
1356 2073 1413 2108 vel
1431 2073 1703 2109 conductionem
1726 2075 1783 2109 vel
1801 2074 1910 2108 aliam
1930 2075 2224 2120 qualemcumque
2243 2073 2393 2108 admini-

162 2117 374 2151 strationem
390 2115 657 2162 possessionem
679 2126 782 2150 suam
805 2117 981 2152 eiusmodi
995 2128 1179 2163 personae
1202 2118 1356 2159 dederit,
1391 2118 1423 2152 si
1447 2118 1588 2163 quidem
1612 2118 1777 2153 dominus
1797 2120 2038 2164 possessionis
2061 2119 2231 2154 noscebat
2252 2129 2292 2154 se
2315 2129 2393 2153 eam
2409 2118 2422 2125 ‘

163 2160 345 2195 haeretico
369 2159 596 2202 commisisse,
619 2171 740 2196 omnes
756 2161 892 2197 reditus
907 2162 1005 2197 illius
1022 2163 1194 2209 temporis
1217 2162 1317 2214 quod
1339 2166 1528 2198 contractu
1553 2163 1758 2198 continetur
1779 2163 1930 2199 ecclesia
1954 2164 2111 2200 civitatis
2133 2163 2194 2199 cui
2212 2164 2393 2210 possessio

163 2206 322 2241 subiecta
345 2208 398 2240 est
420 2205 573 2241 vindicet
578 2217 593 2246 ;
627 2205 684 2240 sin
706 2206 902 2251 iqnorabat
925 2206 1091 2242 dominus

164 2251 330 2286 dominus
354 2249 396 2285 ob
421 2250 667 2295 iqnorantiam
698 2250 873 2286 indemnis
902 2256 1076 2294 servetur,

164 2301 199 2331 et
221 2296 299 2331 eius
321 2295 523 2330 substantia
543 2295 634 2339 fisco
659 2294 861 2332 addicatur.

223 2388 239 2419 1
260 2383 412 2426 τοιούτῳ
436 2386 461 2418 C
476 2384 488 2427 ΙΙ
506 2385 526 2417 2
548 2384 679 2426 ταύτης
694 2386 765 2427 τῆς]
790 2386 852 2427 τῆς
867 2385 1032 2427 τοιαύτης
1055 2388 1084 2419 A
1102 2386 1113 2430 ΙΙ
1133 2386 1245 2430 παρά-

165 2442 243 2472 σχοι
257 2430 365 2462 τοῦτο
379 2429 436 2469 M]
454 2427 676 2472 παράσχοιτο
691 2431 771 2472 LB,
795 2429 974 2474 παράσχοι
986 2433 1076 2467 Aeg
1092 2431 1103 2475 ΙΙ
1123 2433 1142 2465 3
1157 2427 1245 2464 ἀπο-

166 2474 259 2509 λέσει
288 2475 360 2514 CB]
385 2470 553 2507 ἀπολέσοι
573 2475 678 2508 MAL
701 2474 713 2518 ΙΙ
739 2474 783 2508 τὰ
808 2472 859 2517 δὲ]
882 2478 942 2508 καὶ
964 2475 1011 2509 τὰ
1035 2478 1064 2509 Α
1087 2476 1099 2516 ΙΙ
1126 2474 1243 2518 τόπῳ]

165 2521 252 2553 οἴκω
277 2520 308 2553 L
337 2518 349 2563 ΙΙ
379 2521 400 2553 4
424 2521 483 2551 καὶ
504 2520 609 2552 om.A
633 2519 644 2563 ΙΙ
674 2517 977 2562 ἐκδικηθήσονται
1006 2522 1034 2555 C
1058 2522 1070 2565 Ι]
1096 2524 1115 2556 5
1140 2517 1244 2562 αὐτὰ]

165 2565 318 2599 τοιαῦτα
333 2565 398 2597 AL
414 2565 426 2607 ΙΙ
446 2565 466 2598 6
490 2563 548 2604 εἰς]
572 2564 620 2597 εἰς
635 2563 677 2597 τὸ
704 2566 767 2598 Cv.
784 2568 802 2597 l.
821 2566 833 2609 ΙΙ
852 2568 870 2599 7
890 2563 1087 2609 βαλλέσθω
1109 2567 1138 2600 C
1152 2567 1165 2609 ι]
1181 2567 1246 2599 ἕνα

167 2624 223 2644 οηι.
238 2611 268 2643 A
286 2610 298 2653 Ι]
317 2611 336 2644 8
361 2605 453 2642 ὅςτις
475 2628 519 2633 -
544 2606 772 2653 προδέδωκεν
796 2624 854 2643 om.
868 2614 897 2643 A
923 2611 934 2654 Ι]
953 2609 1204 2655 προσδέδωκεν
1222 2612 1250 2645 C'

164 2657 322 2699 plerique,
340 2651 548 2700 παρέδωκεν
561 2655 630 2687 LB
648 2654 660 2698 ΙΙ
679 2657 719 2689 10
736 2651 758 2697 ἢ
775 2653 871 2697 κατ’]
896 2653 918 2697 ἢ
941 2670 997 2694 om.
1012 2657 1067 2690 A?
1079 2657 1121 2689 M
1135 2657 1147 2699 ΙΙ
1167 2659 1202 2690 11
1223 2653 1245 2698 ἢ

165 2699 258 2733 κατὰ
282 2698 471 2742 μίσθωσιν
497 2700 560 2739 Ος,
577 2700 629 2732 B⁶
647 2701 675 2740 1,
689 2708 712 2742 1,
727 2708 761 2734 53
780 2701 791 2742 ΙΙ
812 2696 834 2741 ἢ
857 2697 1052 2743 οἱᾳδήποτε
1076 2698 1246 2743 διοικήσει

165 2746 197 2779 Α
215 2747 227 2788 ss
254 2746 294 2779 12
319 2741 483 2778 δεδωκώς
507 2745 562 2778 L?
586 2745 669 2788 vulq.
697 2746 709 2788 Ι]
736 2741 908 2788 Ἰουδαίῳ]
935 2743 1082 2779 ἰουδαίω
1107 2743 1129 2788 ἢ
1154 2745 1244 2791 αἱρε-

165 2789 254 2824 rma
269 2790 299 2823 L
312 2790 368 2833 (cf.
382 2791 427 2822 ad
443 2790 495 2832 13)
520 2786 723 2831 οἱῳδήποτε
739 2788 905 2835 αἱρετικῷ
923 2792 951 2825 C
965 2793 977 2834 ΙΙ
1000 2788 1023 2833 ἢ
1039 2793 1245 2838 Σαμαρείτῃ

166 2854 209 2859 -·
224 2837 266 2869 22
280 2833 461 2880 προςώπῳ
487 2848 544 2868 om.
562 2836 597 2869 C.
631 2836 719 2869 »Sane
747 2842 794 2874 §2
819 2838 940 2870 inserta
964 2838 1073 2879 (quam
1097 2838 1245 2870 Iulianus

167 2890 292 2924 quoque
303 2881 536 2924 praetermisit)
552 2882 779 2914 sententiarum
797 2888 827 2914 et
842 2883 1038 2916 continuatio
1055 2884 1201 2915 turbatur
1217 2890 1246 2915 ει

166 2927 250 2959 ratio
275 2928 480 2959 obscuratur:
507 2932 541 2958 ut
562 2937 608 2958 vv.
629 2927 670 2959 13
693 2923 714 2967 ἦ
738 2921 924 2969 ἁγιωτάτῃ
940 2946 984 2952 -
1006 2928 1048 2961 22
1064 2924 1244 2971 προςιάπῳ

160 2971 329 3013 postmodo
355 2971 550 3022 interpolata
575 2983 641 3003 esse
664 2973 803 3013 suspicio
827 2973 869 3004 sit
885 2972 896 3015 Ι]
930 2974 968 3006 13
994 2969 1016 3013 ἢ
1037 2969 1134 3014 ἄλλῳ
1155 2971 1245 3016 αἱρε-

166 3015 256 3056 τικῷ
272 3027 330 3047 om.
340 3015 371 3047 L
389 3014 401 3058 ΙΙ
419 3016 503 3059 αγία
517 3015 546 3047 A
556 3025 574 3050 ς
589 3014 601 3058 Ι]
623 3016 664 3048 14
677 3014 804 3048 τούτου
818 3017 846 3049 A
856 3029 875 3052 ς
890 3016 902 3061 Ι]
917 3014 1137 3050 διεκδικείτω
1150 3018 1201 3051 B‘
1214 3020 1245 3059 5,

167 3067 195 3101 3,
208 3067 241 3093 16
261 3058 273 3102 ΙΙ
293 3060 332 3093 16
356 3061 415 3092 καὶ
435 3057 517 3092 τοὺς
533 3056 828 3102 Εὗτυχιανιστάς]
850 3064 909 3094 καὶ
926 3062 1007 3096 τοὺς
1028 3076 1084 3094 om.
1099 3063 1142 3105 A,
1165 3061 1247 3096 τοὺς

168 3117 225 3138 om.
237 3105 398 3138 Νοιηοε.ἠ
414 3104 427 3147 Ι]
448 3106 485 3138 17
498 3102 670 3147 τολμήσω
683 3106 793 3138 MLB
811 3106 822 3149 ΙΙ
845 3107 882 3140 18
895 3103 1076 3148 ἀπιστίας]
1093 3110 1247 3141 πίστεως

166 3149 237 3183 LB
261 3148 469 3191 (θρησκείας
493 3150 625 3183 Nomoc.
640 3151 804 3191 XIVtz't.)
829 3150 841 3194 Ι]
869 3153 908 3185 19
931 3148 962 3194 ἡ]
988 3149 1010 3194 ἢ
1035 3153 1084 3184 Μ
1101 3152 1112 3195 ΙΙ
1139 3149 1245 3198 ἁγιω·

167 3191 260 3236 τάτη
285 3195 490 3228 ΒΝοηιοο.’η
514 3194 526 3238 ΙΙ
554 3196 595 3228 20
620 3205 673 3227 τις
697 3198 796 3228 om.A
816 3195 829 3239 ΙΙ
845 3197 885 3230 21
911 3193 936 3238 ἢ
959 3196 1096 3241 ἑτέραν]
1120 3197 1247 3242 ἑτέραν

168 3252 226 3273 om.
243 3239 275 3272 A
299 3242 358 3272 aut
378 3240 474 3272 etiam
496 3239 595 3272 aliam
614 3252 633 3276 ς
651 3241 663 3280 ΙΙ
680 3240 722 3273 22
746 3239 814 3282 τὴν
838 3238 946 3282 ἰδίαν]
970 3253 1023 3275 τις
1043 3243 1089 3284 A,
1116 3256 1173 3276 om.
1194 3254 1213 3278 ς
1234 3243 1246 3282 ΙΙ

169 3286 211 3318 23
226 3279 283 3317 ὅτι
297 3303 339 3308 -
352 3285 392 3318 31
409 3285 720 3329 προςκυρωθῆναι]
744 3280 802 3317 ὅτι
818 3284 993 3330 αἱρετικὸς
1013 3280 1057 3341 ᾖν
1074 3284 1093 3320 ὁ
1110 3286 1247 3329 ταύτην

168 3328 420 3373 ἐμπιστευθεὶς
436 3328 504 3371 τὴν
519 3329 648 3371 κτῆσιν
665 3326 843 3363 ἄπωλέτω
860 3333 919 3373 (sic
930 3330 989 3373 Ab,
1005 3330 1172 3366 απωλε’το
1185 3333 1245 3374 Aa,

169 3388 251 3408 corr.
278 3371 443 3408 ἇπολετω
468 3377 539 3416 καὶ)
567 3378 798 3419 μοναστηρίω
831 3375 1102 3410 κατακλειέσθω
1130 3378 1242 3411 ἐνιαυι

168 3418 235 3453 τὸν
249 3417 335 3453 ὅλον
351 3420 413 3461 τῆς
429 3415 529 3464 ἁγίας
543 3418 782 3464 χωριζόμενος
797 3425 1001 3455 κοινωνίας·
1019 3422 1049 3455 εἰ
1063 3420 1103 3456 δὲ
1117 3419 1245 3469 ἠγνόει,

170 3460 284 3498 αὐτὸν
307 3465 373 3508 μὲν
398 3460 549 3507 ἀζήμιον
573 3462 804 3509 φυλαχθῆναι
828 3462 888 3498 διὰ
908 3466 977 3509 τὴν
993 3465 1154 3513 ἄγνοιαν,
1178 3467 1246 3501 τὸν

171 3507 210 3543 δὲ
233 3508 414 3555 αἱρετικὸν
444 3511 483 3542 ἐν
506 3509 616 3555 ἑτέρῳ
650 3509 784 3553 θέματι
808 3509 1034 3566 ἐκβληθέντα
1063 3513 1139 3546 τῶν
1162 3511 1244 3555 κτή-

124 3598 126 3600 .
170 3565 265 3587 σεων
290 3554 525 3599 ἐξορισθῆναι
547 3555 599 3588 τιῦ
618 3552 779 3598 δημοσίω
798 3555 860 3598 τῆς
876 3560 997 3591 ουσίας
1015 3553 1125 3591 αὐτοῦ
1143 3568 1244 3601 προς-

171 3602 383 3644 κυρονμένης
406 3603 435 3633 Α
465 3600 477 3643 ΙΙ
507 3602 549 3634 24
573 3601 763 3634 ’ἐπίστευσε
792 3602 953 3635 Nomoc.''²
981 3603 993 3646 ΙΙ
1021 3603 1084 3636 τοῦ
1115 3602 1244 3648 χρόνου

171 3645 306 3678 ἐκείνου
335 3647 362 3679 0
376 3659 404 3679 υ.
425 3647 461 3687 ί.,
483 3645 672 3690 „Nomocfim
695 3647 707 3690 ΙΙ
734 3647 775 3680 25
801 3649 1070 3692 περιερχομένου
1098 3649 1126 3683 G
1142 3650 1244 3692 pleri-

113 3722 115 3724 .
172 3702 243 3734 que,
266 3692 344 3727 Lsss
366 3691 378 3735 Ι]
408 3692 450 3725 28
474 3690 681 3725 πιστευθεὶς
707 3692 736 3726 0
757 3691 769 3735 ΙΙ
796 3691 863 3725 τὸν
886 3690 1068 3736 δεσπότην
1093 3707 1150 3728 om.
1171 3695 1203 3727 L
1233 3694 1246 3738 ΙΙ

1142 2207 1354 2243 ossesszonis
1377 2207 1595 2243 haereticum
1618 2218 1694 2243 esse
1717 2209 1777 2244 cui
1799 2219 1843 2243 ea
1866 2210 2055 2245 commissa
2070 2209 2130 2251 sit,
2155 2209 2233 2255 ipse
2249 2208 2393 2254 quidem

1133 2254 1312 2289 aereticus
1343 2256 1461 2288 autem
1494 2253 1532 2288 in
1562 2257 1717 2298 utroque
1747 2263 1834 2288 casu
1865 2257 1902 2289 et
1916 2253 2208 2301 possessionibus
2233 2257 2394 2290 exuatur

1314 2389 1356 2421 29
1381 2383 1433 2420 δι’
1459 2385 1613 2432 ἄγνοιαν
1636 2384 1789 2431 ἀζήμιον
1814 2390 1863 2421 B⁶
1881 2391 1911 2430 5,
1928 2396 1956 2430 3,
1973 2396 2005 2422 16
2052 2384 2204 2432 ἀζήμιον
2235 2386 2296 2422 διὰ
2326 2388 2394 2432 τὴν

1313 2430 1465 2478 ἄγνοιαν
1473 2434 1640 2474 B⁰1‚1,53
1659 2434 1670 2476 ΙΙ
1689 2436 1731 2467 30
1743 2435 1804 2466 καὶ
1820 2447 1877 2467 om.
1889 2446 1908 2470 ς
1925 2434 1937 2477 ΙΙ
1956 2436 1996 2468 31
2013 2429 2122 2467 αὐτοῦ
2139 2447 2197 2467 om.
2211 2435 2393 2479 Cplerz'que

1383 2524 1398 2555 1
1426 2521 1485 2554 Sin
1509 2521 1590 2563 quid
1613 2522 1664 2562 (Si
1687 2522 1769 2563 quid
1792 2524 1902 2555 autem
1925 2522 2028 2565 vulo.)
2053 2542 2094 2546 —
2117 2524 2137 2557 2
2154 2533 2253 2556 causa
2276 2526 2396 2567 scripsi

1313 2579 1381 2600 eum
1404 2568 1504 2610 vul9.]
1527 2567 1573 2604 ⁴Si
1598 2567 1678 2608 quid
1702 2567 1848 2609 (quidem
1871 2567 1934 2607 R2)
1964 2567 2032 2600 tale
2053 2570 2127 2611 (pro
2150 2567 2213 2600 tali
2236 2569 2281 2610 R)
2305 2579 2392 2602 com-

1313 2612 1470 2653 mittitur,
1495 2612 1680 2644 haereticus
1704 2613 1733 2645 si
1749 2613 1882 2654 quidem
1901 2612 2062 2654 quicquid
2077 2613 2149 2655 (qui
2165 2613 2247 2654 quid
2261 2614 2309 2657 R)
2331 2625 2392 2657 pro

1312 2659 1405 2698 (uero
1421 2657 1455 2690 R
1478 2667 1543 2689 non
1562 2658 1593 2690 T
1603 2656 1625 2699 ¹)
1649 2657 1711 2689 tali
1735 2668 1834 2690 causa
1849 2658 1924 2691 ΒΤ
1943 2659 2082 2701 (reliqua
2102 2667 2235 2701 praeter
2257 2672 2306 2693 vv.
2330 2670 2392 2702 pro

1313 2702 1374 2734 tali
1391 2702 1577 2735 haereticus
1593 2712 1690 2735 causa
1716 2704 1833 2736 lineola
1848 2704 2006 2736 subducta
2022 2704 2084 2737 del.
2097 2703 2159 2744 ΒΞ)
2183 2703 2214 2737 si
2233 2704 2314 2745 quid
2330 2716 2392 2748 pro

1312 2747 1374 2779 tali
1397 2757 1494 2779 causa
1523 2746 1599 2788 V(2)
1615 2747 1628 2790 1]
1652 2749 1672 2781 2
1696 2747 1860 2780 ammittat
1886 2748 1918 2781 T
1936 2748 1949 2790 ΙΙ
1965 2758 2042 2781 vero
2066 2762 2126 2782 om.
2141 2749 2174 2782 T
2192 2748 2204 2792 ΙΙ
2230 2751 2249 2783 3
2274 2751 2390 2783 uendi—

1313 2796 1406 2825 cetur
1421 2792 1470 2824 R¹
1495 2792 1708 2825 uendicemus
1727 2794 1758 2826 T
1770 2793 1782 2836 ΙΙ
1801 2795 1822 2827 4
1837 2793 1964 2826 dederit
1980 2795 2012 2827 R
2028 2794 2040 2835 ss
2059 2796 2079 2827 5
2103 2797 2296 2828 remoueant
2317 2794 2392 2837 V(2)

1313 2839 1526 2870 remouentur
1542 2838 1595 2871 ,Τ1
1619 2841 1808 2871 remouetur
1827 2838 1878 2872 T8
1895 2838 1907 2882 Ι]
1925 2840 1944 2873 6
1969 2838 2143 2872 recludant
2164 2838 2239 2882 V(2)
2263 2840 2392 2873 reclau-

1314 2883 1411 2914 datur
1435 2883 1467 2914 T
1486 2882 1498 2925 ΙΙ
1525 2884 1543 2915 7
1568 2885 1761 2925 segregatur
1785 2884 1845 2917 VT
1872 2887 2088 2926 segregentur
2111 2886 2163 2918 Ra
2181 2884 2193 2929 ΙΙ
2215 2885 2392 2918 haerecicis

1322 2928 1354 2960 V
1368 2926 1380 2970 1]
1403 2927 1588 2970 prodiderit
1612 2929 1741 2971 Rvulq.
1768 2928 1780 2972 ΙΙ
1803 2930 1824 2963 9
1848 2931 1970 2970 autem]
2002 2932 2078 2963 ante
2098 2929 2147 2963 V¹
2170 2930 2182 2973 1]
2209 2932 2249 2964 10
2273 2933 2334 2971 est]
2358 2933 2392 2963 et

1313 2975 1384 3014 (om.
1403 2973 1466 3014 Va)
1485 2973 1570 3014 libri,
1594 2974 1642 3005 est
1660 2975 1692 3005 et
1707 2974 1793 3016 vulo.
1813 2975 1824 3016 ΙΙ
1842 2974 1989 3015 ecclesia]
2015 2977 2064 3007 est
2089 2976 2164 3008 add.
2187 2975 2224 3017 V,
2250 2976 2389 3008 Tschol.

1312 3031 1336 3050 s.
1350 3030 1379 3050 v.
1397 3017 1408 3059 ΙΙ
1433 3019 1469 3052 11
1496 3017 1725 3061 emphyteusin
1746 3019 1780 3051 V
1796 3018 1807 3062 ΙΙ
1833 3029 1891 3060 per
1915 3032 1973 3052 om.
1988 3020 2018 3052 R
2035 3019 2048 3063 Ι]
2069 3029 2128 3061 per
2153 3032 2211 3052 om.
2228 3020 2362 3064 Rvulq.

1316 3064 1355 3096 12
1380 3063 1536 3095 samarito
1560 3064 1593 3095 R
1621 3064 1632 3106 ΙΙ
1665 3065 1704 3096 13
1729 3064 1861 3096 arriano
1885 3063 1918 3096 R
1934 3064 2001 3097 VT
2021 3064 2033 3107 ΙΙ
2061 3063 2120 3096 alii
2143 3064 2194 3096 R2
2204 3064 2255 3097 Τ2
2271 3066 2356 3109 vulq.

1316 3110 1355 3141 15
1380 3107 1596 3140 alienationes
1620 3108 1680 3149 R¹‚
1705 3109 1822 3142 delevit
1844 3109 1939 3142 Beck
1965 3108 1977 3152 ΙΙ
2005 3111 2093 3142 rubr.
2124 3109 2160 3141 Si
2183 3109 2303 3142 iudeus
2331 3115 2391 3142 aut

1312 3153 1477 3185 hereticus
1508 3153 1699 3195 speluncam
1727 3154 1786 3186 aut
1817 3153 2009 3195 sinagogam
2041 3153 2259 3187 edifficauerit
2291 3154 2326 3188 R
2356 3156 2390 3189 in

1314 3211 1414 3240 mar-9.
1441 3196 1452 3239 ΙΙ
1482 3199 1523 3232 16
1547 3198 1716 3238 etiam]'et
1738 3198 1772 3230 R
1799 3197 1811 3241 Ι]
1839 3198 2054 3232 Nestorianos
2077 3211 2134 3232 om.
2152 3199 2185 3231 R
2210 3200 2222 3242 ΙΙ
2255 3201 2293 3233 17
2318 3210 2390 3233 ace-

1314 3242 1395 3275 falos
1416 3243 1445 3274 V
1466 3243 1658 3285 accephalos
1677 3244 1706 3275 R
1723 3242 1735 3286 ]Ι
1761 3242 2012 3277 eutichianistas
2040 3243 2088 3277 T²
2119 3244 2391 3277 eutichinanistas

1316 3288 1364 3320 T¹
1388 3287 1624 3321 euthichinstas
1645 3288 1679 3321 V
1697 3288 1912 3322 euticanistas
1933 3289 1965 3321 R
1980 3288 1993 3332 ΙΙ
2019 3290 2060 3323 18
2084 3288 2312 3322 incredulitati
2331 3290 2363 3323 T
2378 3291 2390 3333 ΙΙ

1313 3333 1440 3365 edicare
1462 3332 1516 3377 Vn
1538 3334 1578 3367 19
1595 3335 1783 3366 construere
1801 3334 1895 3367 Beck
1911 3346 1973 3367 non
1986 3342 2068 3367 recte
2085 3334 2096 3377 ΙΙ
2115 3335 2158 3368 20
2175 3333 2389 3377 proprietatis

1316 3379 1346 3411 T
1366 3378 1378 3421 Ι]
1402 3388 1479 3410 vero
1504 3379 1578 3419 quis
1600 3379 1701 3421 only]
1726 3389 1806 3411 uero
1829 3379 1899 3411 RT
1925 3378 2001 3420 quis
2025 3381 2112 3412 enim
2138 3380 2188 3412 V²
2221 3393 2283 3410 *s*
2308 3380 2359 3414 V¹
2377 3379 2391 3425 ΙΙ

1314 3425 1353 3457 21
1380 3423 1587 3465 enphiteosin
1611 3423 1721 3456 RVT
1738 3424 1749 3466 11
1769 3425 1827 3456 aut
1849 3434 1908 3466 per
1927 3424 2181 3457 conductionem
2203 3425 2234 3459 T
2252 3424 2264 3468 ΙΙ
2290 3426 2390 3459 etiam

1313 3468 1411 3500 aliam
1434 3468 1475 3508 R]
1506 3468 1605 3501 aliam
1628 3468 1727 3501 etiam
1756 3469 1792 3510 V,
1825 3468 1925 3502 aliam
1956 3482 2012 3502 om.
2040 3470 2072 3503 T
2096 3470 2108 3513 ΙΙ
2137 3471 2179 3503 22
2210 3470 2338 3503 dederit
2361 3471 2395 3504 T

1312 3514 1397 3557 vulq.
1422 3512 1435 3557 Ι]
1465 3514 1506 3547 23
1530 3513 1696 3554 dominus]
1732 3513 1804 3546 dffis
1827 3516 1848 3547 i.
1874 3527 1900 3548 e.
1924 3514 2065 3547 dicimus
2092 3515 2142 3548 Τι
2172 3515 2184 3558 ss
2213 3516 2390 3559 possessio-

1313 3559 1365 3590 nis
1385 3558 1430 3599 V]
1463 3559 1676 3601 possessionis
1701 3559 1771 3591 eius
1794 3558 1966 3604 RTvuly.
1994 3559 2006 3604 Ι]
2035 3561 2079 3594 24
2102 3559 2251 3594 redditus
2278 3562 2310 3594 T
2338 3570 2389 3594 re-

1312 3604 1398 3636 ditos
1418 3603 1475 3647 VH
1501 3606 1542 3638 25
1568 3603 1627 3645 qui
1653 3604 1685 3637 T
1704 3603 1716 3647 ΙΙ
1741 3604 1876 3636 transiit
1900 3605 2039 3648 Vvul9.]
2064 3605 2184 3638 transit
2203 3605 2281 3639 ΕΤ
2301 3605 2314 3651 ss
2338 3616 2390 3639 ec-

1313 3649 1430 3682 clesiae
1451 3650 1534 3692 vulq.
1552 3649 1564 3692 ΙΙ
1583 3651 1624 3683 26
1645 3649 1839 3683 *uindicari
1859 3651 2044 3692 (nendicari
2059 3650 2150 3694 RV)
2172 3651 2258 3694 libri,
2274 3652 2359 3697 vuly.
2378 3651 2391 3696 ss

1313 3695 1353 3728 27
1380 3693 1469 3735 quia]
1494 3694 1553 3736 qui
1574 3694 1624 3728 Τι
1642 3693 1654 3738 ΙΙ
1671 3695 1713 3728 30
1734 3694 1774 3727 de
1798 3707 1856 3728 om.
1873 3695 1907 3728 R
