2618 4010
148 139 325 173 MATRES
353 139 614 172 mammons

147 240 273 285 ροῦσιν
300 238 338 275 οἱ
366 239 580 284 νομοθέται,
612 235 702 274 ἀλλὰ
725 238 768 274 τὸ
792 237 986 286 γινόμενον
1014 238 1064 275 αἱς
1086 241 1224 276 ἐπίπαν

147 287 207 318 καὶ
229 283 346 331 ὁρῶσι,
370 288 431 319 καὶ
459 284 715 329 θεραπεύουσι.
771 286 842 319 Διά
871 287 980 320 τοῦτο
1007 289 1130 321 τοίνυν
1159 286 1224 320 θε-

147 331 321 375 σπίζομεν
340 329 408 374 τὴν
427 331 494 374 μὲν
510 329 624 374 ἄλλην
647 326 796 365 ἅπασαν
819 329 1074 378 παρατήρησιν
1096 328 1144 385 ἢν
1164 333 1224 366 ἐπὶ

146 376 224 410 τῶν
245 378 412 421 μητέρων
435 374 663 421 φυλάττομεν
685 379 831 421 κρατεῖν
854 376 946 411 κατὰ
975 375 1017 411 τὸ
1043 388 1072 411 π
1095 389 1225 422 οτερον

147 421 282 464 σχῆμα,
312 423 372 455 καὶ
391 418 672 456 ἅποτάττεσθαι
704 419 815 456 αὐτὰς
843 425 903 455 καὶ
925 423 979 466 τῷ
1005 421 1076 456 Be).
1098 425 1222 465 ιανείῳ

147 462 300 511 δόγματι
334 468 393 499 καὶ
424 462 547 514 ἁπάσῃ
582 467 741 511 βοηθείᾳ
775 470 835 501 καὶ
865 464 1016 501 ἅπαντα
1048 465 1224 515 πράττειν

145 507 264 557 ᾇπόσα
293 512 366 554 ἔμπ
390 511 506 545 οσθεν
538 509 746 558 διώρισται,
777 511 843 547 τὸν
864 510 903 546 δὲ
926 508 1036 559 ὅρκον
1058 512 1106 557 μὴ
1132 524 1223 561 παρ-

145 554 310 597 έχεσθαι,
343 523 426 590 ἀλλ’
453 553 647 602 ἀρκεῖσθαι
679 559 723 605 τῇ
755 554 930 598 ἀποτάξει
958 557 1053 605 μόνῃ
1085 558 1161 593 τῶν
1184 570 1225 592 τε

144 598 266 635 ἄλλων
296 598 475 637 ἁπάντων
505 606 564 636 καὶ
594 604 638 658 τῇ
668 607 752 649 περὶ
781 604 859 637 τῶν
882 601 1061 657 δευέέρων
1083 602 1223 649 γάμων,

1225 124 1312 173 463

1954 128 2062 172 Nov.
2084 127 2221 173 XCIV
2250 130 2276 171 2
2307 140 2374 184 ep.

1292 250 1365 276 non
1394 240 1586 276 observant
1612 239 1850 285 legislatores,
1882 239 1945 276 sed
1969 240 2065 286 quod
2096 240 2138 276 fit
2166 240 2375 286 plerumque

1293 288 1330 321 et
1359 286 1557 331 respiciunt
1586 288 1623 321 et
1653 285 1849 321 medentur.
1898 286 2095 332 Propterea
2117 287 2227 331 igitur
2255 286 2372 322 sanci-

1292 341 1371 367 mus
1395 331 1503 367 aliam
1527 330 1668 376 quidem
1691 330 1974 367 observationem
2006 342 2113 376 quam
2137 332 2175 367 in
2199 332 2372 367 matribus

1293 377 1521 412 observamus
1552 376 1669 412 valere
1699 375 1896 412 secundum
1927 376 2090 418 schema,
2126 381 2162 412 et
2193 377 2371 413 abrenun-

1260 424 1279 456 5
1292 421 1383 457 tiare
1399 432 1461 458 eas
1478 424 1515 458 et
1526 421 1708 458 Velleiano
1726 423 2039 457 senatusconsulto
2062 425 2097 458 et
2114 422 2210 457 omni
2229 421 2372 464 auxilio,

1293 471 1327 502 et
1359 467 1477 503 omnia
1508 476 1613 512 agere
1644 476 1737 512 quae
1767 466 1867 512 prius
1901 466 2046 502 decreta
2070 471 2164 510 sunt,
2195 468 2371 503 iusiuran-

1293 512 1376 548 dum
1397 523 1481 549 vero
1505 523 1579 548 non
1601 511 1783 557 praeberi,
1814 511 1877 547 sed
1901 511 2067 548 sufficere
2091 512 2371 548 abrenuntiatio-

1291 568 1373 593 nem
1394 559 1506 594 solam
1527 559 1563 593 et
1578 557 1730 593 aliorum
1750 557 1906 593 omnium
1927 561 1963 592 et
1983 557 2027 592 de
2044 557 2208 594 secundis
2225 558 2371 603 nuptiis,

1292 603 1389 639 nullo
1413 603 1642 639 iureiurando
1667 602 1710 638 de
1732 602 1802 638 hoc
1827 602 1963 646 dand03
1999 613 2082 638 mox
2103 607 2222 638 tamen
2252 608 2293 638 ut
2316 613 2370 638 se-

143 642 289 680 οὖδενὸς
308 643 416 692 ὅρκου
440 651 523 702 περι
546 661 674 682 τουτου
699 645 904 691 διδομένου·
930 661 1006 692 αμα
1028 651 1151 691 μέντοι
1168 649 1222 691 τῷ
1240 651 1278 683 10
1294 649 1429 685 cundas
1463 648 1683 684 contraxerit
1714 647 1877 693 numiam,
1915 652 2063 693 repente
2094 648 2222 694 expelli
2257 648 2373 683 tutela

144 688 319 735 δευτέροις
353 689 469 736 αὐτὴν
500 692 671 737 ομιλῆσαι
699 693 826 740 γάμοις
855 690 965 728 εὐθὺς
994 693 1223 734 ἐξωθεῖσθαι

143 736 204 778 τῆς
234 737 428 783 ἐπιτροπῆς
459 741 520 772 καὶ
551 739 668 773 ταῦτα
698 738 929 785 πράττεσθαι
959 735 1063 784 άπερ,
1101 739 1133 772 εἰ
1162 741 1223 772 καὶ

143 781 266 823 ἑτυχεν
290 780 515 827 ὀμωμοκυῒα,
547 781 725 828 ὑπέμενεν
748 782 830 828 (ἂν)
858 780 961 825 ἅπαξ
992 786 1031 818 ἐν
1055 781 1222 826 δικαστη-

143 829 209 871 ρίῳ
229 831 435 873 ψευσαμένη
459 832 519 862 καὶ
535 842 642 874 προτι
670 828 790 872 ήσασα
810 830 873 873 τῆς
887 830 1016 863 οἰκείας
1033 826 1222 875 ὁμολογίας

143 885 183 905 τε
205 875 265 906 καὶ
288 874 522 908 καταθέσεως
545 875 609 920 τὰς
655 877 796 920 ευτέρας
820 874 1025 918 ἐπιθυμίας.

189 914 282 962 <Ἐπ
291 921 306 951 ι’
312 917 331 952 λ
342 918 469 974 oyes.)
516 921 626 954 Οὗτος
648 923 774 954 τοίνυν
796 917 815 953 ὁ
841 919 948 964 νόμος
972 917 1034 954 ἐπ’
1057 916 1221 964 εὐσεβείᾳ

143 962 283 997 κείσθω
308 961 380 1006 (δια
399 965 468 1011 γὰρ
499 964 541 998 τὸ
573 965 622 1009 μὴ
652 962 870 1010 ὑβρίζεσθαι
900 963 993 999 κατά
1025 978 1060 998 τι
1084 964 1151 1007 τὴν
1174 965 1221 998 εἰς

144 1007 237 1041 θεὸν
260 1009 368 1052 τιμὴν
391 1011 508 1044 ταῦτα
531 1007 618 1054 ἡμῖν
641 1010 941 1054 νενομοθέτηται)
970 1013 1030 1044 καὶ
1056 1007 1130 1044 άπὸ
1154 1010 1219 1043 τοῦ

143 1054 210 1086 νῦν
241 1058 434 1100 κρατείτω,
467 1056 528 1098 τῆς
558 1056 621 1099 σῆς
651 1052 823 1100 ὑπεροχῆς
858 1055 1017 1109 φανερὸν
1051 1055 1222 1098 ποιούσης

1292 696 1328 729 et
1344 704 1386 729 ea
1402 694 1460 738 agi
1475 703 1576 739 quae,
1602 693 1633 728 si
1655 703 1734 729 eam
1759 693 1967 738 contigIsset
1990 695 2027 728 et
2049 693 2179 737 iurare,
2198 693 2372 738 perferret

1291 740 1398 780 semel
1431 740 1469 775 in
1498 739 1668 775 iudicium
1699 738 1849 774 mentita
1883 741 1919 773 et
1949 748 2173 784 praeponens
2204 739 2372 784 propriae

1291 785 1509 821 confessioni
1540 788 1576 820 et
1601 784 1815 830 depositioni
1845 784 2022 820 secundas
2049 783 2369 829 concupiscentias.

1236 876 1276 908 15

1335 917 1622 964 (Epilogus.)
1667 917 1767 954 Haec
1795 919 1903 964 igitur
1937 920 1997 955 lex
2022 929 2131 965 super
2159 920 2295 965 pietate
2324 918 2372 954 sit

1290 963 1424 1007 posita:
1457 965 1498 998 ut
1530 965 1622 1000 enim
1653 974 1725 1000 non
1757 964 1947 1001 iniurietur
1977 965 2015 1001 in
2039 966 2157 1011 aliquo
2188 965 2304 1001 honor
2334 966 2370 999 in

1290 1008 1413 1050 deum,
1445 1008 1535 1044 haec
1566 1020 1588 1044 a
1619 1010 1722 1045 nobis
1755 1011 1894 1047 sancita
1918 1013 2020 1054 sunt,
2056 1013 2097 1046 ut
2121 1021 2166 1046 ex
2189 1021 2286 1046 nunc
2308 1020 2369 1046 va-

1290 1053 1399 1095 leant,
1430 1056 1494 1089 tua
1519 1055 1727 1090 celsitudine
1750 1056 1939 1092 manifesta
1963 1055 2118 1092 faciente
2140 1056 2235 1092 hanc
2258 1056 2370 1100 legem

143 1098 276 1132 τοῦτον
291 1099 359 1134 τὸν
374 1100 489 1142 νόμον
505 1101 545 1135 ἐν
559 1103 637 1135 ταῖς
653 1102 838 1146 ἐπαρχίαις
853 1099 1021 1135 ἁπασαις.
1054 1101 1221 1134 ἐνταῦθα
1235 1102 1276 1134 20
1289 1098 1327 1133 in
1343 1099 1534 1143 provinciis
1555 1100 1731 1136 omnibus.
1771 1101 1864 1137 Hinc
1882 1101 1974 1137 enim
1993 1101 2248 1147 gloriosissimo
2265 1111 2369 1147 prae-

142 1143 212 1189 γὰρ
242 1145 295 1187 τῷ
325 1142 550 1189 ἐνδοξοτάτῳ
580 1145 726 1190 ἐπάρχῳ
758 1146 822 1189 τῆς
853 1143 1062 1189 εὐδαίμονος
1089 1144 1221 1188 ταύτης
1289 1143 1385 1179 fecto
1404 1145 1510 1179 huius
1526 1145 1752 1181 felicissimae
1769 1146 1932 1189 civitatis,
1960 1148 2018 1183 cui
2036 1147 2126 1184 haec
2146 1157 2254 1183 curae
2276 1151 2370 1187 sunt,

144 1187 295 1231 πόλεως,
320 1182 353 1233 ᾧ
374 1190 422 1224 τὰ
445 1192 597 1225 τοιαῦτα
618 1190 726 1235 μέλει,
751 1191 819 1224 τὸν
839 1194 921 1236 περὶ
945 1190 1088 1225 τούτων
1112 1203 1221 1225 κατα-
1290 1189 1334 1224 de
1365 1189 1420 1225 his
1450 1191 1711 1226 transmisimus
1743 1192 1872 1236 legem,
1904 1194 1946 1228 ut
1968 1193 2193 1238 providentia
2225 1193 2302 1229 eius
2334 1196 2370 1227 et

144 1237 335 1280 πέμψομεν
350 1234 472 1279 νόμον,
495 1232 584 1270 ais-‘ce
599 1240 756 1282 grpovoa'qe
777 1232 889 1270 αὐτοῦ
911 1250 950 1270 τε
970 1240 1030 1270 καὶ
1050 1237 1114 1270 τοῦ
1134 1234 1221 1281 λαμ·
1290 1234 1477 1270 clarissimi
1507 1237 1703 1280 praetoris,
1738 1237 1796 1272 cui
1827 1238 1932 1273 huius
1963 1239 2076 1283 partis
2110 1249 2198 1274 cura
2227 1242 2300 1281 est,
2331 1237 2369 1273 in

143 1279 323 1325 προτάτου
346 1285 561 1327 πραίτωρος,
584 1282 614 1324 qi
639 1280 768 1316 τούτου
787 1281 889 1325 μέλει
913 1282 978 1315 τοῦ
1001 1285 1142 1329 μέρους,
1174 1282 1222 1316 εἰς
1290 1281 1385 1316 omni
1408 1285 1570 1326 tempore
1593 1282 1738 1317 servari.

144 1325 212 1359 τὸν
234 1322 382 1361 ἅπαντα
404 1325 537 1372 χρόνον
560 1326 820 1373 φυλάττεσθαι.
1234 1329 1276 1362 25

142 1389 187 1396 --
210 1374 270 1405 καὶ
301 1368 375 1406 ἀπὸ
407 1373 471 1406 τοῦ
501 1373 568 1406 νῦν
590 1376 785 1418 κρατείτω·
823 1369 912 1406 ὥςτε
936 1374 997 1407 ἐπὶ
1024 1370 1139 1415 πάσης
1162 1368 1220 1419 ὄρ·

210 1418 362 1462 φανικῆς
391 1414 514 1451 οὐσίας
543 1418 666 1453 πᾶσαν
700 1414 901 1464 ἀσφάλειαν
935 1417 1107 1465 γίνεσθαι
1137 1421 1220 1464 περὶ

210 1463 255 1495 τὰ
280 1461 475 1508 πράγματα
498 1463 558 1505 τῆς
580 1464 658 1497 τῶν
674 1466 770 1497 νέων
791 1462 958 1509 φυλακῆς,
982 1466 1041 1497 καὶ
1064 1461 1221 1507 μάλιστα

209 1508 274 1540 τοῦ
304 1505 374 1541 σὺν
397 1504 561 1553 ἀκριβείᾳ
583 1507 647 1542 τὰς
674 1505 887 1555 ἀπογραφὰς
910 1509 1099 1555 γίνέσθαι,
1129 1522 1220 1553 παρ-

208 1550 314 1587 όντος
335 1556 395 1587 καὶ
418 1554 480 1586 τοῦ
504 1551 757 1601 λαμπροτάτου
786 1558 934 1600 σκρίβα,
965 1554 1066 1600 ᾧπερ
1090 1550 1111 1597 ἡ
1138 1567 1183 1589 πε
1208 1556 1275 1588 ὶ30

207 1598 285 1631 τῶν
307 1597 485 1632 τοιούτων
509 1602 655 1645 φροντὶς
679 1601 952 1645 ἐπιτέτραπται,
979 1602 1038 1633 καὶ
1062 1600 1139 1633 τῶν
1162 1597 1183 1633 ἄ
1206 1619 1221 1625 ·

208 1640 284 1677 λων
307 1644 384 1677 τῶν
408 1644 447 1684 ἐξ
470 1644 577 1678 ἔθους
605 1647 678 1679 τοῖς
702 1644 877 1679 τοιούτοις
907 1647 1221 1691 παραγινομένων,

208 1685 364 1736 ἀκριβῶς
392 1691 470 1723 τῶν
501 1702 541 1723 τε
572 1691 711 1736 ἐγγυῶν
743 1688 945 1735 διδομένων
975 1693 1035 1724 καὶ
1067 1690 1221 1725 πάντων

209 1737 483 1779 πραττομένων,
509 1734 610 1769 καθὰ
625 1738 698 1770 τοῖς
715 1732 896 1781 ἡμετέροις
915 1733 1144 1791 διηγόρευτριι
1160 1734 1221 1770 νό-

208 1790 295 1823 μοις,
317 1783 471 1826 προνοίᾳ
491 1782 556 1814 τοῦ
574 1779 831 1827 λαμπροτάτου
851 1785 1067 1827 πραίτωρος,
1092 1795 1122 1824 ῳ
1140 1780 1220 1815 τού-
1234 1782 1277 1816 35

208 1837 271 1858 του
289 1824 387 1869 μέλει
415 1827 479 1860 τοῦ
506 1829 639 1872 μέρους.
688 1826 886 1872 προθήσεις
917 1840 956 1861 τε
986 1824 1098 1860 αὐτὸν
1117 1823 1222 1861 αὐτὸς

209 1872 268 1904 ἐπὶ
299 1870 430 1914 ταύτης
461 1872 523 1915 τῆς
554 1870 739 1916 βασιλίδος
770 1871 925 1914 πόλεως,
960 1869 1048 1906 disce
1080 1867 1222 1908 ἅπασιν

209 1912 323 1950 αὐτὸν
338 1916 431 1950 εἶναι
448 1917 604 1962 φανερὸν
621 1921 682 1951 καὶ
697 1915 835 1962 μηδένα
853 1915 1048 1952 διαλαθεῖν
1063 1916 1110 1952 τά
1130 1915 1219 1964 παρ’

207 1957 313 2005 ἡμῶν
341 1962 656 2005 νομοθετηθέντα.
704 1963 772 1997 τὸν
802 1963 870 2009 γὰρ
902 1966 984 2008 περὶ
1011 1962 1141 1997 τούτου
1163 1963 1226 1998 νό-

206 2019 285 2050 μον,
314 2006 484 2052 καθάπερ
509 2006 562 2042 δεῖ
584 2009 624 2042 ἐν
647 2011 724 2042 ταῖς
748 2010 934 2054 ἐπαρχίαις
959 2006 1222 2054 φυλάττεσθαι,
1237 2011 1280 2043 40

1356 1370 1407 1405 Et
1438 1380 1483 1406 ex
1513 1382 1610 1406 nunc
1639 1373 1777 1415 teneat,
1815 1376 1990 1418 quatenus
2021 1373 2060 1409 in
2084 1373 2179 1410 omni
2203 1373 2369 1419 pupillari

1357 1416 1561 1452 substantia
1584 1418 1697 1453 omnis
1723 1419 1863 1453 cautela
1895 1418 1959 1453 fiat
1990 1418 2087 1454 circa
2111 1429 2169 1454 res
2192 1419 2369 1454 minorum

1356 1462 1551 1505 custodiae,
1575 1467 1612 1498 et
1635 1463 1828 1508 praecipue
1851 1466 1892 1499 ut
1912 1474 1993 1500 cum
2017 1464 2215 1499 subtilitate
2234 1464 2367 1499 descri-

1357 1507 1497 1551 ptiones
1517 1507 1617 1550 fiant,
1642 1513 1831 1554 praesente
1855 1519 1996 1554 quoque
2020 1509 2217 1545 clarissimo
2238 1510 2368 1551 scriba,

1358 1552 1418 1588 cui
1449 1552 1493 1588 de
1523 1553 1657 1589 talibus
1689 1564 1777 1590 cura
1810 1555 1999 1591 commissa
2028 1559 2100 1598 est,
2132 1559 2168 1590 et
2199 1555 2277 1590 aliis
2333 1555 2369 1590 ui

1358 1601 1528 1634 consuete
1558 1599 1690 1635 talibus
1723 1600 1981 1644 interveniunt,
2013 1600 2192 1636 subtiliter
2223 1604 2260 1636 et
2282 1600 2307 1635 fi
2333 1611 2368 1636 e-

1356 1643 1574 1680 iussionibus
1599 1645 1726 1681 dandis
1749 1650 1785 1680 et
1808 1646 1972 1682 omnibus
1994 1646 2157 1691 agendis,
2191 1646 2284 1681 sicut
2304 1657 2368 1682 no-

1360 1690 1444 1725 stris
1482 1690 1687 1726 decernitur
1722 1691 1875 1736 legibus‚
1914 1692 2139 1737 providentia
2182 1691 2369 1727 clarissimi

1358 1735 1545 1781 praetoris,
1579 1736 1637 1771 cui
1661 1736 1767 1772 huius
1797 1737 1910 1782 partis
1944 1747 2032 1773 cura
2056 1740 2120 1773 est.
2169 1737 2368 1783 Proponat·

1358 1790 1427 1825 que
1461 1790 1539 1816 eam
1569 1781 1646 1826 ipse
1676 1783 1713 1818 in
1736 1782 1805 1818 hac
1836 1783 1933 1828 regia
1958 1783 2109 1827 civitate,
2141 1786 2183 1818 ut
2205 1783 2369 1819 omnibus

1359 1827 1406 1861 sit
1439 1826 1630 1862 manifesta
1665 1830 1701 1863 et
1735 1828 1871 1863 nullum
1906 1829 2044 1864 lateant
2083 1838 2174 1874 quae
2210 1839 2233 1864 a
2266 1829 2369 1864 nobis

1359 1872 1498 1908 sancita
1521 1876 1615 1909 sunt.
1664 1873 1719 1909 De
1742 1873 1811 1909 hoc
1835 1873 1929 1909 enim
1955 1875 2079 1919 legem,
2112 1874 2205 1910 sicut
2229 1876 2371 1921 oportet

143 2165 295 2205 latores,
326 2162 390 2198 sed
418 2163 516 2208 quod
538 2163 755 2209 plerumque
785 2164 829 2208 fit
859 2168 895 2199 et
924 2164 1123 2210 respiciunt
1151 2168 1187 2200 et
1210 2167 1351 2200 curant.
1400 2163 1604 2210 Propterea
1627 2165 1742 2213 iqitur
1765 2167 1959 2209 sancimus,
1989 2169 2030 2202 ut
2052 2166 2120 2203 reli
2146 2177 2195 2202 ua
2225 2167 2369 2213 quidem

143 2208 342 2245 observatio
367 2219 476 2253 quam
498 2209 536 2242 in
559 2208 734 2243 matribus
754 2208 985 2250 custodimus,
1015 2209 1210 2245 secundum
1228 2210 1393 2255 priorem
1423 2209 1584 2255 formam
1608 2210 1736 2253 valeat,
1769 2214 1879 2257 utque
1905 2222 1969 2247 eae
1999 2215 2034 2247 et
2066 2212 2116 2248 Ve
2131 2213 2249 2248 leiano
2274 2212 2368 2249 SCto

142 2258 177 2290 et
207 2254 305 2289 omni
334 2253 476 2288 auxilio
506 2254 711 2289 renuntient
742 2254 934 2299 omniaque
963 2254 1109 2298 faciant
1140 2265 1385 2300 quaecumque
1413 2254 1520 2300 prius
1550 2253 1699 2300 definita
1722 2262 1825 2298 sunt,
1859 2266 1946 2292 neve
1970 2259 2089 2293 tamen
2117 2257 2368 2293 iusiurandum

140 2301 339 2346 praestent,
364 2308 485 2334 verum
501 2297 591 2333 satis
608 2297 763 2334 habeant
782 2298 897 2334 solam
919 2298 1224 2334 renuntiationem
1241 2299 1370 2345 facere
1387 2309 1466 2334 cum
1486 2298 1529 2334 de
1545 2300 1673 2335 ceteris
1695 2300 1858 2336 omnibus
1880 2306 1953 2337 tum
1974 2301 2018 2337 de
2035 2302 2202 2338 secundis
2219 2303 2368 2349 nuptiis,

142 2344 241 2380 nullo
265 2342 499 2379 iureiurando
524 2353 567 2378 ea
590 2342 634 2379 de
656 2354 697 2378 re
720 2343 827 2379 dato:
849 2343 1066 2395 simulatque
1089 2354 1174 2380 vero
1194 2348 1311 2380 mater
1327 2343 1506 2380 secundas
1528 2345 1677 2390 nuptias
1699 2346 1941 2389 contraxerit,
1965 2347 2088 2382 statim
2112 2359 2136 2383 a
2160 2348 2272 2383 tutela
2303 2359 2368 2385 eoe—

140 2389 301 2436 pellatur
324 2392 432 2435 atque
454 2399 498 2424 ea
521 2392 680 2434 aqantur
703 2399 795 2434 quae
818 2389 924 2424 etiam
948 2388 981 2423 si
1003 2394 1161 2425 iurasset
1190 2389 1354 2425 subitura
1377 2392 1480 2431 esset,
1513 2399 1607 2435 quae
1629 2389 1774 2435 quidem
1796 2391 1906 2427 semel
1926 2391 1965 2427 in
1988 2391 2123 2428 iudicio
2148 2393 2297 2429 mentita
2319 2394 2368 2429 sit

143 2438 179 2470 et
200 2445 288 2470 suae
304 2433 546 2490 promissioni
567 2436 600 2469 et
624 2433 845 2480 depositioni
867 2433 1047 2469 secundas
1070 2433 1286 2480 cupiditates
1304 2434 1533 2480 praetulerit.

279 2478 312 2514 E
319 2479 367 2526 pi
375 2478 389 2513 l
397 2489 520 2525 oqus.
567 2477 670 2513 Haec
685 2478 799 2524 iqitur
819 2478 882 2514 lex
898 2479 1051 2525 pietatis
1075 2489 1185 2514 causa
1209 2479 1284 2515 lata
1307 2479 1356 2514 sit
1378 2480 1519 2522 (etenim
1543 2489 1588 2515 ne
1611 2479 1686 2515 ullo
1708 2479 1815 2516 modo
1839 2479 1958 2517 honor
1981 2481 2040 2517 dei
2063 2482 2199 2517 iniuria
2221 2483 2366 2528 afficia-

144 2531 214 2567 tur,
246 2524 335 2560 haec
358 2535 382 2559 a
408 2523 511 2560 nobis
533 2523 674 2558 sancita
696 2526 793 2567 sunt)
824 2528 860 2559 et
889 2534 939 2559 ex
969 2523 1038 2559 Izoc
1070 2528 1229 2571 tempore
1258 2524 1389 2567 valeat,
1424 2535 1503 2559 cum
1538 2527 1600 2560 tua
1630 2524 1832 2561 sublimitas
1863 2525 1957 2562 hanc
1989 2526 2102 2574 leqem
2132 2527 2171 2562 in
2203 2527 2368 2563 omnibus

136 2570 340 2617 provinciis
364 2569 595 2614 manifestam
616 2569 746 2614 faciat.
794 2568 868 2604 Hic
890 2569 983 2604 enim
1007 2569 1268 2615 qloriosissz'mo
1296 2569 1490 2616 praefecto
1513 2568 1637 2616 felicis
1667 2569 1774 2605 huius
1796 2570 1915 2613 urbis,
1947 2572 2007 2607 cui
2029 2571 2119 2608 naec
2143 2572 2234 2608 talia
2257 2583 2367 2609 curae

141 2619 242 2657 sunt,
275 2615 387 2667 leqem
411 2613 455 2649 de
478 2614 534 2649 his
558 2614 668 2649 latam
694 2614 991 2656 transmittemus,
1023 2618 1065 2649 ut
1082 2614 1316 2661 providentia
1340 2619 1375 2650 et
1396 2615 1512 2660 ipsius
1535 2618 1571 2650 et
1594 2614 1786 2651 clarissimi
1802 2617 2002 2663 praetoris,
2035 2617 2094 2652 cui
2118 2616 2225 2653 huius
2244 2619 2367 2664 partis

142 2671 231 2696 cura
255 2666 320 2702 est,
343 2670 381 2695 m
406 2670 509 2695 omne
533 2663 673 2705 tempus
695 2659 932 2695 custodiatur.

209 2726 252 2731 —
276 2709 310 2741 et
334 2715 383 2740 ex
406 2703 476 2740 Izoc
506 2709 665 2751 tempore
696 2704 833 2740 valeat:
869 2709 910 2740 ut
932 2704 970 2739 in
994 2704 1092 2740 omni
1106 2704 1292 2751 pupillari
1321 2703 1520 2739 substantia
1547 2704 1663 2740 omnis
1686 2706 1807 2741 cautio
1830 2705 2045 2743 adhibeatur
2076 2706 2121 2744 de
2143 2707 2250 2744 rebus
2273 2720 2368 2755 quae

275 2750 325 2786 ad
347 2750 525 2785 minorum
547 2749 748 2785 custodiam
766 2750 953 2796 pertinent
981 2754 1017 2785 et
1039 2749 1197 2785 maxime
1221 2754 1262 2785 ut
1285 2748 1488 2784 inventaria
1518 2759 1598 2784 cum
1622 2749 1812 2796 diliqentia
1835 2752 2086 2798 conficiantur,
2112 2758 2309 2805 praesente
2331 2758 2367 2791 et

278 2795 478 2831 clarissimo
498 2795 619 2830 scriba
642 2795 702 2831 cui
720 2795 896 2831 eiusmodi
918 2805 1039 2830 rerum
1063 2805 1152 2830 cura
1176 2794 1370 2845 commissa.
1387 2797 1442 2830 est
1463 2797 1499 2829 et
1515 2795 1651 2838 ceteris,
1676 2795 1740 2841 qui
1758 2807 1809 2832 ex
1825 2807 1925 2833 more
1944 2797 2117 2835 eiusmodi
2133 2797 2240 2834 rebus
2257 2799 2364 2835 inter-

275 2845 379 2878 sunt.
414 2845 524 2886 atque
548 2839 740 2885 diliqenter
763 2844 799 2876 et
821 2839 1076 2876 satisdationes
1096 2840 1192 2885 fiant
1215 2843 1249 2876 et
1272 2849 1393 2875 omnia
1416 2842 1576 2884 affantur
1597 2839 1707 2876 sicuti
1731 2840 1868 2888 leqibus
1889 2843 2026 2878 nostris
2045 2854 2179 2890 praece
2206 2848 2279 2879 tum
2302 2848 2366 2888 est,

269 2885 503 2933 providentia
534 2885 727 2921 clarissimi
749 2885 956 2932 praetoris,
989 2885 1047 2920 cui
1078 2883 1185 2920 huius
1207 2885 1331 2931 partis
1361 2894 1450 2919 cura
1481 2887 1544 2919 est.
1591 2886 1644 2920 Ac
1669 2896 1859 2933 propones
1889 2898 1968 2923 eam
1999 2888 2077 2934 ipse
2109 2889 2146 2924 in
2195 2900 2240 2925 ac
2263 2890 2366 2936 reyia

275 2930 374 2973 urbe,
405 2936 446 2966 ut
470 2930 634 2967 omnibus
655 2932 853 2976 manifesta
883 2931 932 2966 sit
954 2940 1023 2966 neu
1046 2940 1260 2976 quemquam
1290 2930 1441 2975 fuyiant
1473 2939 1565 2974 quae
1588 2941 1612 2965 a
1635 2930 1740 2966 nobis
1763 2932 1905 2968 sancita
1925 2938 2019 2969 sunt.
2066 2933 2161 2969 Nam
2185 2934 2298 2982 leqem
2323 2935 2367 2971 de

200 3091 216 3124 1
243 3088 398 3124 ἐπεῖπαν
415 3090 460 3122 Μ
470 3088 483 3132 ΙΙ
502 3090 520 3122 2
546 3087 770 3132 θεσπίζομεν
793 3089 860 3132 μὲν
884 3090 934 3122 La
950 3088 962 3127 ΙΙ
981 3091 1000 3123 3
1024 3089 1150 3122 πᾶσαν
1178 3088 1220 3131 L,

143 3148 201 3169 om.
215 3147 234 3171 ς
252 3136 264 3177 ΙΙ
280 3137 301 3168 4
324 3132 506 3179 ἡμετέρων
531 3135 561 3167 L
578 3134 591 3174 ΙΙ
609 3133 701 3166 κατὰ
722 3147 780 3167 om.
799 3135 849 3168 Π*
865 3134 876 3176 ΙΙ
895 3130 1074 3178 πρότερον
1098 3147 1154 3167 om.
1171 3145 1190 3169 ς
1210 3138 1220 3174 ΙΙ

143 3184 162 3215 5
185 3178 357 3224 βελιανίω
382 3180 413 3212 L
429 3180 550 3212 Tkeod.
577 3177 590 3223 ΙΙ
620 3180 660 3213 13
686 3175 762 3212 *ἂν
786 3180 904 3212 addidi
931 3182 942 3222 ΙΙ
972 3180 1013 3213 18
1038 3175 1127 3222 ἡμῖν,
1147 3179 1219 3219 Es]

142 3239 200 3259 om.
215 3225 258 3258 M
272 3224 285 3268 ΙΙ
302 3226 372 3265 καὶ]
397 3226 436 3257 ut
459 3235 478 3260 ς
493 3224 505 3268 ΙΙ
533 3225 574 3258 19
599 3222 904 3270 φανεροποιούσης
926 3224 958 3256 L
984 3223 996 3267 ΙΙ
1023 3225 1065 3258 20
1088 3224 1220 3257 τοῦτον

142 3283 200 3304 om.
215 3271 246 3304 L
261 3269 274 3313 ΙΙ
294 3270 336 3303 22
353 3266 471 3313 μέλλει
488 3269 519 3302 L
535 3268 548 3311 ΙΙ
566 3271 861 3348 καταπέμψομενέ
886 3269 1126 3302 transmisimus
1145 3270 1178 3311 (i.
1194 3281 1218 3302 e.

141 3317 424 3360 κατεπέμψαμεν
443 3316 485 3357 cs.
504 3316 581 3351 464,
595 3316 623 3356 2)
649 3326 667 3350 ς
691 3314 704 3357 ΙΙ
731 3315 773 3348 24
796 3315 843 3358 με’
862 3312 915 3347 λει
939 3314 981 3346 Μ
986 3315 1036 3347 “L
1054 3313 1066 3357 ΙΙ
1092 3315 1134 3348 26
1159 3316 1220 3347 καὶ

141 3356 217 3395 άπὸ
240 3361 307 3394 τοῦ
331 3360 399 3393 νῦν
422 3362 599 3403 κρατείτω
624 3361 759 3402 repetita
784 3372 822 3393 ea:
839 3361 929 3393 initio
950 3360 1071 3403 epiloyi
1087 3362 1129 3401 (v.
1146 3361 1217 3402 18);

141 3407 284 3449 sequitur
316 3407 395 3439 enim
433 3406 577 3449 epiloyus
609 3406 802 3447 exemplaris
839 3406 886 3438 ad
911 3406 1111 3448 praefectum
1147 3407 1221 3438 urbi

144 3452 326 3485 transmissi
347 3451 403 3494 (esi
428 3463 456 3483 v.
480 3451 522 3484 20
538 3451 599 3493 sq.)
625 3448 638 3494 ΙΙ
661 3451 702 3484 27
726 3448 901 3496 γενέσθαι
919 3450 948 3483 L
966 3449 979 3493 ΙΙ
997 3450 1039 3484 28
1062 3448 1123 3492 τῆς
1146 3457 1219 3484 ante

142 3497 225 3540 περὶ
237 3496 306 3537 (27)
319 3497 390 3529 coll.
404 3495 591 3529 Zachariae
606 3494 620 3539 fl
639 3495 681 3529 29
698 3490 931 3540 ἀποστροφὰς
947 3495 997 3528 L‘⁸
1013 3494 1026 3539 ΙΙ
1044 3495 1086 3529 36
1102 3492 1220 3539 μέλλει

144 3541 176 3573 L
192 3541 205 3584 u
222 3540 402 3586 προθήσω
418 3541 611 3575 Haloander
627 3553 665 3574 ex
685 3552 704 3576 ς
730 3540 742 3584 ΙΙ
766 3538 880 3574 αὐτὸν
904 3535 1019 3574 αὐτὸν
1038 3541 1085 3573 L¹
1111 3536 1219 3574 αὐτὸς

145 3582 257 3627 αὐτὸν
281 3585 330 3620 L²
351 3586 364 3630 ΙΙ
390 3587 433 3620 40
457 3583 636 3625 καθάπαξ
660 3586 703 3619 Μ
719 3584 732 3630 ΙΙ
759 3582 803 3628 δὴ
829 3586 920 3619 AWLa

1358 3090 1372 3122 1
1397 3087 1593 3121 obseruatur
1619 3089 1663 3122 R¹
1690 3090 1706 3132 ΙῘ
1727 3089 1815 3131 quod
1839 3089 1876 3122 fit
1897 3090 1948 3124 V2
1972 3092 2005 3125 in
2029 3104 2096 3125 ras.
2119 3092 2131 3135 Ι]
2161 3093 2181 3126 2
2206 3094 2239 3125 et
2261 3093 2364 3136 respi-

1288 3134 1393 3173 ciunt]
1418 3135 1451 3165 et
1475 3146 1532 3167 om.
1547 3133 1580 3166 R
1602 3133 1614 3177 ΙΙ
1644 3135 1664 3168 3
1688 3136 1801 3176 quam]
1827 3136 1905 3176 quia
1931 3136 1962 3169 T
1983 3135 1996 3180 Η
2023 3138 2045 3170 4
2069 3137 2249 3170 secundum
2272 3139 2365 3180 prius

1286 3179 1416 3211 schema
1440 3179 1534 3212 Beck
1562 3178 1575 3222 ΙΙ
1604 3181 1623 3213 5
1645 3179 1732 3212 uelle
1756 3181 1821 3212 iam
1845 3190 1913 3212 non
1937 3180 1987 3213 R¹
2014 3181 2027 3225 H
2056 3184 2075 3215 7
2102 3192 2179 3215 vero
2204 3195 2263 3216 om.
2294 3183 2324 3216 V

1286 3223 1577 3256 abrenuntiatione
1601 3223 1862 3265 (abrenuntiatio
1879 3225 1923 3266 T)
1946 3225 2016 3259 sola
2041 3226 2126 3268 libri,
2149 3240 2230 3260 corr.
2243 3228 2329 3272 only.

1288 3270 1307 3303 8
1329 3269 1369 3301 de
1384 3268 1546 3309 secundis]
1572 3268 1742 3302 desideriis
1767 3269 1814 3303 V¹
1831 3269 1844 3313 ΙΙ
1862 3271 1882 3304 9
1901 3271 1945 3304 tffi
1969 3272 2001 3304 lt
2018 3269 2031 3315 ΙΙ
2051 3273 2088 3306 11
2108 3272 2163 3314 agi
2180 3272 2276 3314 quasi
2292 3283 2365 3311 eam

1286 3314 1372 3347 mori
1396 3313 1591 3355 contigisset
1615 3314 1648 3348 V
1664 3314 1677 3358 ΙΙ
1700 3317 1733 3347 et
1756 3315 1832 3356 VT]
1858 3327 1915 3348 om.
1938 3315 2069 3360 Rvulq.
2096 3315 2109 3360 ΙΙ
2131 3316 2243 3351 iurare
2263 3319 2363 3363 vala]

1285 3360 1358 3392 iure
1378 3360 1483 3393 RVT
1500 3359 1512 3403 ΙΙ
1537 3359 1700 3401 perferret
1720 3360 1822 3403 vulo-J
1847 3360 1992 3402 perferre
2015 3361 2048 3394 T
2072 3362 2198 3404 perfert
2227 3363 2262 3396 V
2285 3374 2362 3407 pro-

1287 3405 1351 3437 fert
1375 3404 1408 3438 R
1434 3403 1446 3448 ΙΙ
1473 3405 1512 3439 13
1538 3404 1753 3447 depositionis
1783 3404 1831 3438 V¹
1853 3404 1866 3448 ss
1898 3407 1937 3439 17
1961 3406 2106 3440 iurietur
2131 3408 2182 3440 T¹
2201 3407 2213 3451 ΙΙ
2236 3408 2362 3442 honore

1288 3450 1335 3483 Ιέι
1353 3448 1366 3493 ΙΙ
1384 3451 1424 3484 18
1448 3451 1560 3482 sancta
1588 3450 1635 3482 V²
1652 3449 1665 3493 ΙΙ
1691 3451 1733 3484 19
1755 3449 1965 3483 manifestam
1987 3451 2035 3484 17³
2051 3451 2064 3495 ΙΙ
2081 3452 2253 3486 fatientem
2275 3454 2328 3487 T¹⁸
2349 3454 2362 3499 Η

1288 3496 1329 3528 20
1354 3495 1455 3535 Hinc]
1483 3496 1541 3537 leq.
1566 3495 1658 3527 Hic?
1674 3495 1686 3538 ΙΙ
1712 3497 1799 3528 enim
1824 3508 1882 3529 om.
1905 3496 1938 3529 V
1955 3494 1967 3540 ΙΙ
1989 3495 2246 3539 gloriosissimos
2267 3509 2362 3542 prae-

1286 3541 1387 3572 fectos
1399 3539 1475 3581 R²fl
1495 3541 1537 3573 22
1558 3539 1739 3574 transimus
1752 3540 1784 3574 R
1802 3539 1814 3583 ΙΙ
1831 3541 2062 3583 prouidentiae
2074 3543 2204 3588 RVTn
2227 3545 2271 3579 23
2294 3544 2361 3578 ola-

1286 3585 1424 3618 rissimis
1448 3584 1496 3618 R¹
1515 3584 1527 3628 ΙΙ
1549 3588 1659 3627 partes
1679 3586 1714 3619 V
1731 3584 1744 3630 ΙΙ
1765 3595 1845 3618 cura
1868 3587 1968 3630 vulo]
1992 3597 2091 3620 curae
2114 3589 2191 3624 libri
2211 3587 2228 3642 fl
2249 3590 2291 3623 26
2313 3592 2363 3624 te-

1286 3632 1387 3663 neant
1410 3629 1460 3663 Β*
1481 3630 1495 3672 ΙΙ
1525 3630 1678 3672 quamuis
1700 3631 1733 3664 V
1749 3629 1945 3675 ”populari
1970 3632 2003 3665 T
2021 3633 2033 3676 ΙΙ
2063 3634 2106 3667 28
2131 3633 2362 3679 discnptiones

1286 3676 1371 3709 R¹T
1382 3674 1394 3719 Η
1414 3676 1456 3709 29
1474 3674 1568 3717 fiant]
1593 3676 1696 3709 fuerit
1708 3675 1798 3710 R¹V
1810 3676 1822 3719 ΙΙ
1841 3678 1883 3711 34
1900 3687 1978 3710 eura
1998 3679 2097 3722 vulq.]
2122 3689 2219 3714 curae
2235 3677 2358 3725 RVTn

1286 3721 1329 3755 35
1354 3721 1397 3753 ha
1417 3720 1451 3754 V
1469 3719 1481 3764 ΙΙ
1510 3721 1552 3755 36
1577 3723 1620 3763 et]
1653 3723 1692 3755 ut
1714 3721 1770 3766 ΤΗ
1790 3723 1831 3756 37
1856 3721 1928 3765 lege
1951 3722 2036 3756 ΒΤ*
2349 3757 2351 3759 .
