2618 4010
120 174 122 176 ,
172 146 231 176 DE
260 144 486 176 MANDATIS
516 145 759 176 PRINCIPUM

169 249 290 291 μένων
314 242 358 288 δη
386 248 499 279 οσίων
530 241 723 289 ἀμέμπτως
754 245 1059 289 εἰςκομιζομένων,
1090 240 1178 290 ὅπερ
1203 240 1248 278 ἂν

170 293 230 326 ἐπὶ
250 294 322 326 τοῖς
346 293 691 337 αμφισβητουμένοις
714 289 750 323 οἱ
773 289 1002 331 ἐνδοξότατοι
1020 288 1123 335 ἡμῶν
1139 293 1247 336 ἔπαρ-

168 350 224 393 χοι
248 340 415 384 κρίνοιεν,
447 337 507 370 ἐπὶ
530 338 603 370 τοῖς
629 337 923 379 στασιαζομένοις
955 337 1062 370 τοῦτο
1093 339 1247 382 κρατεῖν,

168 380 326 428 ανάγκην
350 379 512 424 ἑχόντων
535 382 613 415 τῶν
641 381 860 428 πρακτόρων
890 381 982 426 μετὰ
1012 380 1054 415 τὸ
1076 381 1246 428 γνωσθῆ-

1258 128 1333 175 v123

2009 131 2116 174 Nov.
2148 130 2269 173 XVII
2305 132 2341 173 8.
2374 134 2399 172 9

1318 242 1411 278 datis
1435 242 1616 278 fiscalibus
1640 242 1902 287 inculpabiliter
1926 242 2135 280 inferendis:
2162 242 2256 288 quod
2280 244 2399 278 autem

1316 289 1353 323 in
1378 288 1446 331 his,
1472 298 1562 333 quae
1586 287 1804 331 dubitantur,
1829 289 2074 332 gloriosissimi
2093 289 2206 325 nostri
2225 288 2399 334 praefecti

1317 334 1560 376 iudicaverint,
1586 333 1623 368 in
1648 333 1719 375 his,
1746 344 1836 378 quae
1859 337 2053 377 moventur,
2079 335 2147 371 hoc
2172 334 2303 379 valere3
2335 344 2396 369 ne-

1319 379 1522 415 cessitatem
1557 378 1772 415 habentibus
1813 380 2064 422 exactoribus,
2102 384 2184 425 post
2220 381 2398 424 cognitam

168 442 228 461 ναι
251 441 318 470 την
341 424 519 470 ἀλήθειαν
550 425 617 480 τὴν
647 428 707 460 ἐπὶ
730 430 810 480 κτοῖς
843 429 1069 471 ζητουμένοις
1100 430 1159 460 καὶ
1184 423 1243 461 ἐπ’
1283 425 1502 460 5·veritatem
1523 434 1631 470 super
1652 423 1706 459 his
1725 424 2000 468 quaestionibus,
2024 428 2060 460 et
2079 426 2115 460 in
2136 426 2204 461 illis
2222 426 2264 460 de
2279 428 2397 461 cetero

167 475 312 506 ἐκείνοις
335 473 398 507 τοῦ
425 471 549 506 λοιποῦ
574 485 617 506 το
650 483 766 506 ποσον
796 474 874 506 τῶν
904 471 1024 507 ὄντων
1057 470 1245 518 ζυγοκεφά-

167 517 242 552 λων
260 521 321 552 καὶ
339 518 417 552 τῶν
436 516 556 551 ἄλλων
576 514 752 552 ἁπάντων
772 517 863 551 κατὰ
881 517 922 552 τὸ
947 515 1039 563 παρ’
1062 516 1165 562 ἡμῶν
1181 515 1247 573 ἤδη

166 566 186 599 1
209 559 285 609 (ΓΒ)
309 561 590 608 διατεταγμένον
605 566 681 597 ταῖς
700 561 927 603 ἀποδείξεσιν
946 560 1142 598 ἐντάττειν.
1198 565 1246 597 Ov

166 608 401 655 συγχωρήσεις
433 606 473 641 δὲ
507 605 529 651 ἢ
557 607 763 653 βουλευταῖς
793 606 814 652 ἢ
845 606 1105 651 κηνσουαλιόις,
1143 605 1247 651 ἡνίκα

1317 470 1549 514 quantitatem
1572 470 1893 515 zygocephalorum
1918 472 1954 504 et
1977 470 2127 506 aliorum
2153 471 2309 506 omnium
2333 472 2396 507 ad-

1317 516 1484 560 scribere,
1509 515 1706 551 secundum
1731 515 1825 559 quod
1849 525 1871 550 a
1894 515 1996 550 nobis
2015 516 2085 550 iam
2103 517 2305 552 ordinatum
2330 520 2395 551 est.

1315 562 1337 597 1
1383 562 1465 597 Non
1489 561 1675 606 permittas
1699 560 1820 613 itaque
1845 563 1909 596 aut
1939 561 2134 597 curialibus
2159 564 2222 597 aut
2247 572 2395 598 censua-

1315 606 1427 650 libus,
1459 606 1543 642 dum
1567 606 1708 642 vendita
1737 609 1807 641 slnt
1831 606 1977 651 praedia
2001 616 2123 642 eorum
2155 611 2216 642 aut
2247 607 2283 642 in
2308 608 2396 643 alias

166 654 312 700 πράσεις
347 658 513 701 γίνονται
548 658 694 699 χωρίων
730 651 752 697 ἢ
786 651 900 688 ἄλλως
935 651 1156 697 διανεμήσεις
1187 656 1247 687 καὶ
1263 656 1302 687 10
1315 662 1488 696 personas
1523 655 1683 688 mutatur
1717 652 1915 697 possessio,
1961 652 2308 696 tergiversationibus
2345 653 2397 688 uti

165 701 212 733 εἰς
236 701 341 746 ἔτερα
364 698 539 746 πρόςωπα
562 699 809 753 μεθίστανται
833 696 987 741 κτήσεις,
1014 696 1247 750 διαστροφαῖς

146 745 326 791 ,χρῆσθαί
345 756 435 786 τισι,
467 748 526 778 καὶ
555 759 604 788 μη
625 745 866 789 μετατιθέναι
891 742 990 789 παρὰ
1020 756 1098 777 των
1126 743 1244 786 πωλη-

164 788 310 824 σάντων
335 790 382 823 εἰς
412 788 493 824 τούς
523 787 722 836 ἀγοραστὰς
750 788 795 823 τοὶ
823 792 954 834 χωρία,
984 785 1064 822 ἀλλ’
1092 785 1242 835 ἀναγκά-

164 847 235 869 σεις
266 831 394 869 αὐτοὺς
426 837 465 869 ἐκ
496 834 631 882 τρόπον
662 833 797 870 παντὸς
827 833 1015 868 ποιεῖσθαι
1045 831 1106 868 τὰς
1136 847 1242 877 μετα-

1316 698 1527 742 quibusdam
1548 701 1583 733 et
1602 708 1674 733 non
1696 697 1891 733 transferre
1912 707 1934 732 a
1947 697 2187 733 venditoribus
2202 699 2248 733 ad
2261 703 2395 743 empto-

1314 753 1370 778 res
1395 743 1560 787 praedia,
1586 743 1649 779 sed
1675 753 1778 787 coges
1803 753 1864 778 eos
1889 743 1984 779 omni
2008 743 2112 778 modo
2136 744 2256 779 facere
2280 747 2392 778 muta-

1313 788 1427 824 tiones
1451 789 1528 824 sine
1553 786 1692 824 damno.
1749 788 1785 823 Si
1809 798 1891 825 vero
1917 788 2071 824 dixerint
2101 789 2218 824 minus
2250 789 2395 824 idoneos

1313 843 1392 868 esse
1413 836 1590 878 emptores
1612 838 1647 870 et
1667 836 1859 879 propterea
1872 845 1943 869 non
1961 834 2038 870 fieri
2053 834 2308 878 migrationem,
2328 835 2396 869 hoc

166 881 283 934 θέσεις
313 882 446 935 ζημίας,
467 885 583 927 χωρίς.
631 881 661 914 εἰ
698 878 737 914 δὲ
772 879 923 932 φήσαιεν
959 876 1114 925 ἀπόρους
1151 878 1431 922 eivat15ipsum
1455 880 1675 915 examinabis
1707 880 1782 915 sine
1815 880 1974 924 quolibet
1998 880 2137 915 damno.
2186 880 2236 914 Et
2264 880 2294 914 si
2319 880 2395 924 qui-

164 937 243 960 τους
266 924 475 973 ἀγοραστας,
500 929 558 959 καὶ
583 924 642 959 διὰ
665 926 770 959 τοῦτο
790 938 840 968 μη
863 927 981 958 ποιεῖν
1001 923 1069 966 τὴν
1087 923 1241 968 μετάθε-

163 983 232 1012 σιν,
265 970 352 1006 aizo
374 972 480 1006 τοῦτο
512 969 685 1011 ἐξετάσεις
711 972 818 1016 χωρὶς
849 971 910 1013 τῆς
934 969 1082 1003 οἱασοῦν
1107 971 1241 1014 ζημίας.

162 1019 221 1050 καὶ
246 1018 277 1050 εἰ
305 1019 372 1061 μὲν
404 1012 587 1063 εὐποροῖεν
616 1015 652 1049 οἱ
679 1013 893 1062 ἀγορασταί,
925 1012 1134 1061 ἀναγκάσεις
1164 1013 1243 1049 τοὺς

162 1063 239 1095 τῶν
272 1060 455 1106 δημοσίων
487 1061 716 1108 προεστῶτας
746 1060 835 1094 πᾶσι
871 1058 1016 1108 τρόποις
1047 1063 1107 1094 καὶ
1136 1063 1243 1109 χωρὶς

1313 923 1392 958 dem
1415 924 1534 960 idonei
1557 925 1689 961 fuerint
1711 928 1898 971 emptores,
1926 936 2030 970 coges
2051 925 2225 961 fiscalium
2244 935 2394 970 praesu-

1311 969 1362 1004 les
1389 970 1553 1005 omnibus
1577 971 1690 1006 modis
1717 974 1752 1006 et
1775 971 1852 1006 sine
1876 970 2032 1016 quolibet
2063 971 2190 1006 damno
2215 970 2395 1006 celebrare

1312 1015 1644 1060 transpositionem3
1677 1017 1707 1051 si
1740 1027 1822 1052 vero
1856 1027 1922 1062 pro
1947 1018 2097 1052 veritate
2127 1026 2188 1052 eos
2219 1016 2395 1052 inveneris

1311 1070 1383 1094 non
1408 1060 1496 1095 satis
1519 1060 1686 1104 idoneos,
1718 1073 1821 1106 coges
1854 1062 2054 1098 venditores
2079 1062 2147 1097 hoc
2170 1061 2287 1107 ipsum
2311 1073 2394 1106 pro-

161 1109 221 1150 τῆς
245 1107 392 1142 οἱασοῦν
418 1109 541 1150 ζημίας
564 1103 792 1160 πριήσασθαι
815 1104 883 1149 τὴν
906 1105 1126 1149 μετάθεσιν·
1149 1106 1179 1139 εἰ
1204 1104 1243 1140 δὲ
1256 1104 1402 1140 20fiteri
1428 1105 1473 1140 ad
1496 1109 1614 1150 gesta,
1651 1107 1733 1151 quia
1756 1107 1916 1151 periculo
1942 1118 2062 1143 eorum
2092 1106 2324 1152 transpositio
2355 1107 2396 1142 fit

162 1155 238 1186 ταῖς
274 1150 461 1196 ἀληθείαις
496 1150 623 1185 αὐτους
658 1162 771 1197 ευροις
806 1149 846 1185 οὗ
883 1149 1025 1197 σφόδρα
1062 1148 1242 1197 εὐπόρους,

161 1195 370 1245 ἀναγκάσεις
398 1196 479 1231 τοὺς
509 1196 647 1244 πράτας
683 1195 769 1231 αὐτὸ
805 1197 913 1230 τοῦτο
950 1193 1166 1243 ὁμολογῆσαι
1202 1197 1242 1229 ἐν

160 1239 423 1287 ὑπομνήμασιν,
453 1238 509 1276 ὅτι
539 1240 694 1285 κινδύνῳ
729 1238 857 1276 αὐτῶν
882 1239 903 1284 ἡ
926 1240 1121 1286 μετάθεσις
1150 1245 1240 1288 γίνε-

160 1300 221 1322 ται
244 1289 322 1322 τῶν
345 1286 530 1340 δημοσίων
550 1286 676 1334 φόρων
700 1288 748 1321 εἰς
771 1286 853 1321 τοὺς
872 1285 962 1334 παρ’
985 1286 1108 1322 αὐτῶν
1132 1289 1240 1330 ἐωνη-

1310 1150 1487 1185 fiscalium
1519 1151 1732 1187 tributorum
1765 1153 1802 1187 in
1834 1163 1914 1197 eos,
1948 1153 2008 1198 qui
2038 1154 2084 1188 ab
2116 1153 2203 1197 ipsis
2228 1152 2392 1196 emerint3

1310 1196 1380 1230 hoc
1413 1195 1507 1240 quod
1537 1197 1643 1231 etiam
1678 1198 1714 1231 in
1739 1198 1884 1233 Oriente
1908 1198 2067 1234 novimus
2099 1198 2135 1232 in
2166 1198 2286 1233 multis
2317 1198 2394 1233 fieri

1309 1241 1484 1285 gentibus.
1535 1241 1592 1276 Sic
1618 1242 1709 1277 enim
1735 1253 1848 1287 neque
1872 1243 1981 1278 fiscus
2011 1244 2197 1279 nocebitur
2226 1245 2263 1278 et
2286 1243 2391 1279 fisca-

1310 1287 1358 1321 lia
1381 1287 1516 1322 tributa
1540 1296 1562 1322 a
1585 1289 1854 1332 possessoribus
1879 1288 2097 1332 inferuntur,
2123 1292 2162 1323 ut
2186 1293 2304 1324 autem
2329 1289 2389 1324 alii

158 1336 301 1377 μένους·
334 1334 442 1367 τοῦτο
473 1345 562 1380 οπερ
593 1335 653 1368 ἐπὶ
676 1334 737 1386 τῆς
760 1330 871 1376 Ἑῴας
894 1333 998 1377 ἴσμεν
1027 1334 1067 1366 έν
1098 1331 1241 1367 πολλοῖς
1255 1335 1294 1366 25
1311 1332 1452 1375 quidem
1472 1332 1542 1367 sint
1565 1343 1804 1377 possessores,
1830 1334 1889 1368 alii
1908 1344 1990 1369 vero
2009 1335 2209 1369 collatores.
2243 1334 2394 1378 Oportet

157 1375 348 1424 γινόμενον
371 1378 533 1413 ἔθ’νεσιν.
580 1391 675 1412 ουτω
692 1392 760 1426 γαρ
784 1377 866 1412 οὔτε
890 1376 931 1412 τὸ
956 1376 1130 1423 δημόσιον
1154 1377 1239 1422 βλα-

158 1421 307 1467 βήσεται
330 1427 390 1457 καὶ
413 1423 449 1458 οἱ
477 1421 641 1468 δημόσιοι
671 1423 774 1471 φόροι
807 1422 905 1470 παρὰ
929 1424 1006 1458 τῶν
1032 1427 1241 1468 νεμομένων

157 1467 509 1513 εἰςκομισθήσονται,
540 1465 641 1504 ὅπως
665 1468 710 1503 ἂν
733 1468 782 1513 μὴ
806 1471 920 1514 ἕτεροι
943 1471 1010 1513 μὲν
1034 1469 1105 1503 εἶεν
1129 1469 1166 1503 οἱ
1186 1482 1239 1503 νε-

156 1511 323 1569 μόμενοι,
349 1516 463 1561 ἕτεροι
488 1513 527 1548 δὲ
549 1514 585 1548 οἱ
607 1513 868 1549 συντελοῦντες.
917 1512 973 1548 δεῖ
990 1515 1058 1561 γὰρ
1082 1512 1241 1559 μάλιστα

158 1573 249 1594 κατα
272 1573 349 1594 των
376 1563 585 1604 νεμομένων
610 1560 789 1607 φέρεσθαι
812 1559 874 1594 τὰς
906 1558 1125 1602 συντελείας,
1157 1557 1236 1594 ἀλλ’
1255 1561 1296 1594 30

157 1601 234 1646 οὐχὶ
263 1604 355 1640 κατὰ
387 1607 464 1640 τῶν
493 1606 542 1650 μὴ
575 1604 802 1648 κατεχόντων
833 1603 924 1650 μηδὲ
955 1608 1166 1650 νεμομένων
1197 1603 1242 1639 τὰ

156 1647 273 1696 γήδια.

1311 1378 1402 1412 enim
1441 1378 1592 1412 maxime
1628 1383 1753 1414 contra
1795 1389 2019 1423 possessores
2056 1379 2132 1414 fieri
2172 1379 2391 1423 collationes,

1309 1423 1372 1504 {ed
1407 1434 1479 1458 non
1516 1427 1641 1459 contra
1676 1435 1748 1460 non
1785 1425 1983 1460 detinentes
2020 1435 2134 1470 neque
2168 1424 2390 1470 possidentes

1327 1478 1436 1505 erras.

1151 1717 1308 1753 CAPUT
1335 1717 1397 1753 IX.

203 1777 247 1819 ff
286 1782 420 1820 Ἐκεῖνο
443 1788 567 1831 μέντοι
591 1798 631 1820 σε
654 1782 866 1831 βουλόμεθα
887 1784 1080 1833 γινώσκειν
1104 1784 1162 1827 ὥς,
1191 1786 1236 1819 εἴ-

155 1843 246 1867 ποτε
269 1830 529 1886 προςτάξαιμεν
552 1831 599 1865 εἰς
627 1831 863 1886 ἑτε’ρας,ἰ’()”ω’ς
893 1831 1168 1878 παραγενέσθαι
1197 1843 1236 1865 σε

1350 1786 1444 1820 Illud
1479 1787 1598 1822 tamen
1635 1789 1671 1824 te
1713 1790 1874 1825 volumus
1909 1800 2015 1826 nosse
2051 1791 2149 1836 qnia,
2188 1792 2218 1827 si
2250 1792 2390 1836 quando

1306 1833 1594 1877 praeceperimus
1619 1835 1665 1870 ad
1689 1834 1778 1870 alias
1804 1836 1895 1870 forte
1915 1836 2097 1880 proficisci
2117 1841 2152 1872 te
2176 1838 2387 1883 provincias,

155 1874 289 1924 χώρας,
321 1878 496 1922 προςῆκον
526 1878 626 1911 ἐστιν
658 1890 880 1930 αρκουμενον
911 1888 952 1910 σε
981 1880 1053 1912 τοῖς
1077 1875 1149 1911 ἀπὸ
1173 1877 1236 1910 τοῦ
1251 1879 1291 1912 35
1306 1881 1511 1922 competens
1536 1882 1591 1914 est
1623 1882 1829 1915 contentum
1855 1884 1890 1916 te
1920 1881 1975 1917 his
2008 1892 2100 1926 quae
2129 1883 2173 1918 de
2198 1883 2287 1919 fisco
2318 1884 2389 1919 lar-

157 1921 326 1966 δημοσίου
348 1921 617 1968 φιλοτιμηθεῖσι
636 1936 685 1967 μη
705 1925 837 1968 προῖκα
859 1920 1032 1965 δαπανᾶν
1045 1920 1136 1966 μηδὲ
1155 1921 1236 1956 τούς

156 1964 340 2014 ἡμετέρους
370 1965 545 2011 ὑπηκόους
572 1969 784 2013 ἐπιτρίβειν,
815 1964 894 2001 ἀλλ’
931 1968 970 2008 ἐξ
1004 1967 1056 2002 ὡν
1085 1970 1145 2003 ἐπὶ
1176 1969 1237 2010 τῆς

156 2015 325 2060 ἐπαρχίας
349 2008 403 2046 (ὃν
426 2010 617 2054 ἑδαπάνας,
643 2013 681 2053 ἐξ
701 2009 825 2047 αὐτῶν
844 2015 901 2046 καὶ
926 2014 974 2046 εἰς
998 2013 1119 2061 ἑτέρας
1140 2011 1235 2060 γινό-

155 2071 265 2102 μενον
287 2057 405 2104 χώρας
428 2058 618 2092 ποιεῖσθαι
639 2057 701 2092 τὰς
720 2055 899 2113 δαπάνας·
923 2056 1014 2113 μηδὲ
1034 2055 1237 2112 ἀγγαρείαις

1305 1923 1450 1975 giuntur
1483 1934 1555 1959 non
1591 1925 1701 1968 gratis
1738 1926 1939 1971 expendere
1975 1937 2091 1973 neque
2125 1932 2267 1965 nostros
2303 1930 2387 1965 sub-

1305 1970 1417 2004 iectos
1448 1970 1620 2013 atterere,
1659 1970 1721 2006 sed
1753 1981 1796 2006 ex
1828 1972 1958 2015 quibus
1989 1973 2027 2007 in
2058 1974 2240 2018 provincia
2271 1975 2388 2010 consi-

1306 2017 1404 2066 stens
1426 2015 1667 2059 expendebas,
1690 2027 1733 2051 ex
1749 2017 1804 2051 his
1822 2017 1908 2062 ipsis
1929 2020 1965 2053 et
1981 2018 2027 2053 ad
2047 2019 2136 2054 alias
2157 2020 2387 2064 proficiscens

1307 2069 1468 2103 regiones
1493 2060 1613 2095 facere
1638 2071 1834 2106 expensas,
1867 2073 1983 2107 neque
2015 2064 2168 2109 angariis
2200 2066 2388 2102 collatores

155 2104 236 2138 τοὺς
258 2101 488 2138 συντελεστάς
512 2105 748 2150 ἐπιτρίβοντα
776 2117 865 2148 μητε
897 2106 936 2138 σε
959 2117 1047 2149 μήτε
1070 2117 1138 2147 την
1161 2115 1235 2138 πει·
1249 2107 1292 2139 40
1307 2104 1548 2148 adfligentem,
1574 2116 1688 2151 neque
1712 2111 1748 2143 te
1772 2118 1886 2153 neque
1911 2109 2103 2145 oboediens
2127 2111 2191 2146 tibi
2219 2110 2386 2155 officium,

200 2207 271 2238 cap.
297 2195 359 2228 IX
384 2196 587 2229 summarium
612 2202 698 2229 extat
722 2195 774 2229 ΒΓ
796 2198 827 2238 6,
853 2203 880 2237 3,
906 2203 949 2229 15.

156 2307 308 2349 tributis,
329 2318 422 2353 quae
437 2307 632 2342 secundum
652 2306 943 2342 consuetudinem
967 2307 1113 2348 dantur,
1139 2307 1279 2352 inteqre
1295 2307 1419 2349 illatis,
1445 2308 1622 2353 quidquid
1645 2310 1689 2344 de
1712 2311 1757 2345 iis
1781 2323 1875 2356 quae
1892 2316 2126 2349 controversa
2145 2318 2231 2350 sunt
2246 2316 2383 2361 qlorio-

154 2352 287 2387 sissimi
307 2352 424 2387 nostri
439 2351 628 2403 praefecti
653 2351 904 2393 iudicaverint,
929 2351 967 2386 id
989 2351 1033 2386 de
1055 2351 1163 2386 rebus
1186 2362 1280 2398 quae
1304 2351 1553 2398 disceptantur
1577 2354 1754 2390 obtineat:
1786 2360 1828 2391 ut
1850 2360 2043 2392 exactores
2066 2369 2209 2395 necesse
2231 2361 2279 2396 sit
2301 2364 2386 2407 post

155 2397 339 2432 veritatem
367 2397 478 2442 inus
501 2407 594 2441 quae
618 2395 885 2441 quaerebantur
909 2396 1091 2442 coqnitam
1123 2395 1166 2431 de
1197 2396 1272 2431 illis
1327 2407 1447 2448 uoque
1475 2397 1513 2431 in
1535 2403 1727 2443 posterum
1751 2401 1989 2446 quantitatem
2013 2404 2172 2449 capitum
2197 2417 2290 2450 quae
2320 2418 2384 2442 ex-

154 2443 175 2476 1
222 2445 297 2477 tent
314 2443 348 2477 et
366 2441 588 2486 reliquorum
609 2440 774 2482 omnium,
799 2441 994 2476 secundum
1018 2441 1057 2475 id
1080 2440 1180 2486 quod
1202 2452 1225 2476 a
1248 2452 1296 2476 no
1322 2442 1352 2476 is
1370 2452 1442 2476 iam
1463 2444 1696 2479 constitutum
1718 2449 1781 2487 est,
1806 2447 2060 2482 securitatibus
2076 2447 2243 2485 inserere.
2308 2450 2385 2487 Nec

155 2497 239 2522 vero
267 2487 451 2532 permittes
474 2486 547 2521 sive
570 2485 768 2521 curialibus
789 2485 862 2522 sive
895 2486 1139 2527 censualibus,
1172 2497 1251 2521 cum
1280 2486 1504 2522 venditiones
1522 2489 1761 2533 praediorum
1794 2495 1859 2526 aut
1890 2491 1986 2527 alius
2016 2495 2161 2538 qeneris
2190 2495 2385 2532 divisiones

151 2532 248 2576 siunt
269 2535 305 2567 et
328 2531 366 2566 in
393 2531 486 2566 alias
507 2541 687 2577 personas
711 2532 963 2577 possessiones
989 2531 1274 2611 transferuntur,
1306 2535 1347 2566 ut
1370 2531 1598 2568 deverticulis
1618 2538 1768 2570 utantur
1792 2535 2004 2581 quibusdam
2029 2549 2074 2573 ne
2101 2550 2144 2574 ue
2166 2544 2209 2575 ut
2222 2542 2383 2587 praedia

155 2588 177 2611 a
201 2576 444 2612 venditoribus
472 2577 522 2611 ad
543 2579 723 2622 emptores
754 2578 1000 2622 transferant,
1036 2588 1074 2612 se
1131 2587 1238 2622 coqes
1267 2587 1328 2612 eos
1359 2578 1455 2612 omni
1478 2578 1584 2613 modo
1609 2579 1686 2615 sine
1718 2580 1930 2617 detrimento
1965 2588 2066 2618 trans
2081 2585 2223 2621 ationes
2243 2587 2381 2632 facere.

154 2621 291 2663 Quodsi
314 2621 476 2657 diaeerint
499 2626 678 2668 emptores
705 2631 782 2657 esse
805 2622 933 2668 inopes
958 2626 994 2657 et
1011 2625 1214 2668 propterea
1238 2632 1277 2657 se
1299 2622 1572 2658 translationem
1600 2635 1673 2659 non
1696 2627 1841 2671 facere,
1874 2627 1914 2661 id
1936 2628 2053 2673 ipsum
2071 2630 2149 2665 sinc
2172 2631 2247 2667 ullo
2272 2632 2382 2668 detri-

153 2670 270 2702 mento
295 2666 541 2703 examinabis:
563 2670 600 2702 et
618 2666 794 2712 siquidem
818 2666 1015 2713 locupletes
1038 2667 1112 2702 sint
1133 2670 1323 2712 emptores,
1349 2678 1458 2713 coqes
1481 2679 1555 2711 608,
1580 2670 1642 2715 qui
1658 2671 1819 2716 publicis
1843 2672 1986 2707 tributis
2006 2680 2194 2719 praesunt,
2220 2677 2383 2713 omnibus

152 2711 268 2747 modis
290 2716 325 2748 et
351 2713 429 2748 sine
452 2712 526 2747 ullo
551 2711 762 2747 detrimento
785 2712 912 2757 facere
938 2712 1236 2754 translationem;
1266 2712 1323 2747 sin
1354 2723 1394 2748 re
1421 2724 1506 2749 vera
1534 2725 1597 2749 eos
1625 2726 1699 2750 non
1727 2716 1919 2752 admodum
1944 2718 2142 2765 locupletes
2164 2725 2382 2768 reppereris,

153 2767 261 2803 coqes
292 2757 496 2793 venditores
527 2757 566 2792 in
597 2757 690 2792 actis
720 2757 759 2791 id
788 2757 908 2803 ipsum
934 2758 1116 2803 confiteri,
1144 2768 1210 2792 suo
1241 2758 1407 2803 periculo
1427 2758 1579 2804 publica
1607 2760 1740 2797 tributa
1770 2763 1970 2808 transferri
1990 2764 2028 2798 in
2052 2776 2113 2800 eos
2136 2767 2199 2812 qui
2224 2767 2268 2802 ab
2292 2769 2383 2814 ipsis

152 2802 320 2837 emerint:
353 2803 391 2838 id
413 2802 513 2848 quod
542 2803 580 2836 in
609 2802 753 2838 Oriente
782 2803 913 2837 scimus
943 2803 1066 2838 multis
1096 2803 1134 2838 in
1190 2803 1362 2838 revinciis
1384 2803 1480 2854 fieri.
1528 2804 1624 2839 Nam
1653 2807 1706 2841 sic
1737 2818 1802 2842 nec
1829 2809 1942 2852 fiscus
1973 2809 2105 2846 damno
2138 2812 2325 2857 afficietur
2347 2818 2383 2850 et

150 2846 297 2892 publica
323 2848 456 2883 tributa
481 2859 503 2882 a
520 2847 793 2894 possidentibus
816 2848 1034 2893 inferentur,
1066 2859 1110 2884 ne
1139 2848 1207 2883 aii
1226 2848 1301 2883 sint
1327 2859 1388 2894 qui
1400 2849 1643 2928 (possideant,
1675 2851 1740 2887 alii
1764 2853 1827 2898 qui
1858 2854 2063 2900 conferant.
2114 2855 2264 2903 Oportet
2289 2860 2381 2894 enim

152 2893 310 2928 maxime
337 2893 386 2928 ad
400 2903 635 2939 possessores
656 2893 870 2939 pertineant
894 2893 1105 2929 collationes
1128 2904 1242 2939 neque
1266 2904 1350 2929 vero
1375 2905 1397 2928 a
1446 2904 1509 2929 eos
1557 2895 1595 2929 ui
1621 2897 1775 2942 praedia
1799 2909 1870 2933 non
1896 2899 2056 2936 detinent
2085 2913 2150 2937 nec
2179 2904 2379 2949 possident.

285 2938 348 2972 IX.
405 2937 505 2973 Illud
535 2949 619 2973 vero
654 2945 689 2973 te
719 2948 825 2973 nosse
857 2938 1039 2980 volumus,
1076 2939 1108 2974 si
1137 2938 1283 2984 quando
1314 2939 1417 2983 forte
1445 2939 1482 2974 in
1514 2940 1609 2975 aias
1637 2943 1848 2988 provincias
1879 2948 1911 2980 te
1937 2946 2128 2991 proficisci
2159 2948 2379 2991 iusserimus,

152 2982 276 3018 decere
302 2988 334 3018 te
352 2983 397 3018 iis
422 2995 514 3029 quae
533 2995 556 3018 a
561 2983 661 3062 {isco
685 2982 918 3029 suppeditata
936 2988 1021 3018 sunt
1042 2987 1246 3019 contentum
1269 2994 1343 3018 non
1365 2984 1527 3030 qratuito
1551 2996 1732 3032 expensas
1747 2988 1878 3033 facere
1913 3001 2029 3036 neque
2048 2989 2196 3028 nostros
2214 2993 2378 3030 subditos

152 3031 317 3070 atterere,
340 3028 403 3063 sed
425 3039 474 3064 ex
497 3029 559 3073 qui
584 3039 637 3070 us,
662 3038 741 3063 cum
765 3028 803 3062 in
820 3029 1016 3074 provincia
1036 3040 1142 3070 esses,
1166 3039 1348 3075 expensas
1369 3029 1546 3074 faciebaS,
1571 3041 1621 3066 ex
1643 3031 1769 3068 iisdem
1790 3034 1897 3069 etiam
1921 3046 2001 3070 eum
2025 3036 2063 3072 in
2091 3037 2165 3073 alia
2187 3039 2379 3085 provincia

151 3072 219 3114 sis,
242 3077 407 3119 sumptus
436 3073 661 3119 impendere‚·
693 3084 758 3108 nec
781 3073 898 3118 maqis
922 3074 1086 3119 anqariis
1109 3073 1303 3109 collatores
1327 3078 1481 3109 atterere
1508 3085 1624 3120 neque
1649 3081 1682 3113 te
1704 3089 1818 3123 neque
1841 3080 1941 3125 quod
1964 3080 2029 3116 tibi
2038 3087 2193 3128 praesto
2218 3088 2272 3120 est
2295 3085 2379 3130 offi-

200 3190 214 3221 1
242 3186 533 3231 εἰσκομιζομένην
557 3188 604 3220 L¹
630 3186 642 3231 ΙΙ
666 3189 685 3221 2
711 3188 861 3233 ἔπαρχοι
885 3188 916 3220 L
948 3182 1102 3233 ὕπαρχοι
1124 3189 1199 3221 MB
1219 3187 1232 3233 Η

152 3236 170 3267 3
207 3235 366 3278 κρίναιεν
395 3233 426 3265 L
457 3232 468 3277 ΙΙ
497 3233 557 3266 ἐπὶ
582 3235 654 3265 τοῖς
684 3233 848 3273 στασιαζ.
881 3235 987 3266 nescio
1020 3247 1062 3266 an
1094 3234 1231 3267 delenda

151 3280 215 3312 sint
236 3280 247 3321 Η
273 3280 449 3311 κρατείτω
475 3278 510 3310 Β
533 3277 707 3322 κρατῆσαι
732 3279 763 3310 L
782 3277 830 3321 114
860 3276 1140 3323 πρακτοκτόρων
1164 3280 1195 3311 L
1218 3279 1230 3320 ΙΙ

153 3325 272 3376 8Ιταῖς
297 3320 522 3388 αποδείξεσιν
546 3320 742 3375 ἐνξάττειν]
777 3322 960 3376 adscribere
985 3335 1004 3359 ς
1022 3323 1069 3367 119
1095 3334 1228 3369 συγχω-

152 3369 329 3446 3Ζῖἔῆἶοιξ
341 3367 385 3446 a}
396 3365 609 3458 „bittit
620 3370 1050 3455 Ἥκῖἒμέἕὲῗςᾜῖἶῗιέ
1057 3368 1137 3457 fil*
1153 3382 1228 3447 ἔῖἔῖ

152 3458 305 3504 στροφῆς
329 3458 376 3491 L¹
405 3458 417 3502 ΙΙ
451 3461 489 3492 17
515 3458 576 3500 τῆς
599 3467 656 3491 mn.
682 3458 717 3490 Β
741 3457 752 3501 ΙΙ
781 3460 821 3491 27
847 3455 913 3490 τὸν
936 3459 983 3491 L¹
1007 3457 1019 3502 ΙΙ
1046 3461 1084 3493 31
1113 3456 1228 3502 *μήτε

154 3505 230 3537 libri
254 3503 267 3548 ss
298 3505 340 3538 34
364 3502 636 3550 παραγίνεσθαι
660 3503 695 3535 Β
723 3502 735 3546 ΙΙ
766 3505 808 3536 40
833 3499 950 3546 *μηδὲ
975 3503 1014 3535 σὲ
1035 3500 1126 3547 μηδὲ
1154 3506 1230 3538 libri

199 3597 215 3629 1
240 3595 453 3638 inculpaliter
477 3592 675 3626 inferrendis
693 3593 722 3625 R
741 3593 751 3634 Π
768 3593 856 3635 quod
871 3596 981 3626 autem
993 3594 1106 3637 RVO,
1131 3596 1226 3637 quid-

153 3640 233 3680 quid
257 3641 340 3684 vuly.
359 3640 407 3683 113
430 3641 510 3672 haec
529 3637 605 3682 1221!
624 3641 642 3671 5
667 3637 703 3669 in
728 3638 808 3679 illis]
837 3638 934 3671 ullis
957 3639 1005 3672 R¹
1022 3639 1034 3684 ΙΙ
1053 3641 1073 3674 6
1101 3640 1226 3682 zigoce-

155 3679 294 3717 falci-um
324 3686 358 3719 V
388 3683 697 3727 etygocephalorum
722 3684 749 3716 Ο
776 3683 788 3725 11
818 3685 850 3716 et
880 3684 1022 3726 aliorum
1056 3698 1112 3718 om.
1139 3686 1182 3719 0¹
1214 3685 1226 3729 ΙΙ

157 3730 304 3763 omnium
337 3743 393 3763 om.
415 3730 450 3763 V
469 3730 481 3773 ss
513 3732 531 3764 8
566 3728 735 3770 permittat
766 3729 863 3762 ΙίὊι
898 3729 1067 3771 permittes
1098 3731 1182 3773 vulq.
1214 3732 1227 3773 Η

1301 3192 1320 3223 9
1347 3190 1424 3221 sunt
1445 3190 1530 3233 vuly.
1559 3189 1572 3234 ΙΙ
1605 3193 1643 3224 10
1665 3192 1727 3233 uti]
1755 3205 1792 3223 m
1819 3194 1869 3226 R²
1899 3194 1911 3239 ΙΙ
1943 3197 1981 3229 12
2008 3197 2098 3229 omni
2118 3197 2215 3230 modo
2239 3198 2377 3241 RV20]

1300 3235 1434 3267 omnino
1448 3235 1543 3286 modo
1566 3236 1614 3268 V¹
1636 3238 1771 3270 omnino
1785 3240 1869 3283 vulq.
1889 3238 1901 3283 ΙΙ
1921 3242 1960 3274 16
1986 3244 2145 3284 emptores
2160 3245 2192 3275 et
2204 3245 2378 3286 propterea

1299 3290 1365 3312 non
1389 3279 1463 3312 fieri
1486 3281 1718 3322 mlgrationem
1736 3294 1831 3325 coges
1843 3285 1891 3316 R¹
1911 3285 1978 3328 {121
2007 3287 2236 3329 emerintRO]
2264 3292 2377 3322 emunt

1307 3326 1339 3357 V
1357 3326 1442 3368 vulp.
1467 3324 1480 3368 ΙΙ
1505 3326 1545 3358 23
1571 3326 1666 3359 fiscus
1689 3329 1828 3370 RV¹O]
1858 3330 1934 3363 fisco
1955 3331 2005 3364 V³
2028 3333 2113 3374 vulq.
2131 3331 2143 3376 ΙΙ
2164 3335 2205 3366 24
2230 3333 2375 3367 inferen-

1299 3372 1354 3402 tur
1371 3371 1455 3413 vuly.
1473 3368 1485 3413 ΙΙ
1504 3372 1613 3403 autem
1626 3373 1776 3415 RVOT]
1803 3385 1868 3406 non
1883 3376 1984 3419 vulq.;
2013 3377 2071 3420 leq.
2086 3377 2193 3410 haut?
2209 3376 2221 3422 ss
2241 3380 2282 3413 25
2307 3379 2373 3412 col-

1297 3415 1429 3455 latores]
1461 3415 1533 3447 fieri
1557 3427 1624 3448 non
1651 3420 1758 3460 potest
1783 3421 1858 3452 add.
1882 3420 1931 3452 V³
1956 3422 1968 3462 ΙΙ
1999 3422 2039 3454 27
2074 3432 2141 3454 non
2160 3431 2238 3466 post
2259 3427 2375 3457 contra

1298 3473 1355 3493 om.
1380 3460 1471 3492 R¹V
1489 3459 1501 3504 Η
1526 3471 1633 3502 neque
1657 3473 1723 3495 non
1747 3475 1838 3506 posse
1862 3465 1912 3497 132
1936 3464 1947 3508 ss
1974 3467 2015 3499 33
2040 3468 2170 3500 tantum
2191 3469 2267 3502 V0¹
2290 3469 2302 3513 ΙΙ
2327 3470 2377 3503 ter

1296 3506 1344 3537 Β*
1364 3504 1375 3548 Η
1392 3506 1535 3546 quando]
1561 3517 1658 3548 quam
1681 3509 1727 3541 V¹
1751 3509 1763 3553 ΙΙ
1789 3512 1831 3543 34
1854 3511 2096 3552 perceperimus
2117 3514 2167 3546 Β*
2190 3512 2203 3557 ΙΙ
2221 3514 2306 3547 forte
2329 3534 2374 3539 —

1299 3552 1372 3591 124,
1388 3552 1406 3583 3
1431 3561 1498 3582 non
1524 3551 1612 3585 ultra
1633 3553 1690 3596 ter}
1717 3567 1777 3587 scr.
1792 3554 1842 3587 R²
1863 3557 1895 3588 in
1915 3568 1981 3589 ras.
1995 3559 2014 3589 5
2040 3570 2182 3592 versuum
2200 3558 2212 3602 ΙΙ
2229 3561 2270 3593 35
2295 3570 2372 3593 con-

1297 3597 1456 3637 temptum
1480 3597 1512 3628 te
1528 3597 1561 3629 V
1578 3599 1610 3629 te
1634 3600 1825 3631 contentum
1849 3601 1881 3632 R
1900 3599 1911 3643 ΙΙ
1928 3602 1969 3635 38
2001 3603 2032 3634 et
2056 3603 2096 3635 ad
2117 3603 2210 3645 alias]
2235 3604 2277 3636 ad
2297 3605 2372 3638 illas

1296 3641 1328 3672 R
1351 3639 1362 3684 ΙΙ
1385 3640 1643 3682 proficiscentem
1666 3645 1753 3687 vuly.
1776 3643 1788 3690 u
1819 3646 1860 3678 39
1886 3645 2043 3679 collatooes
2063 3648 2107 3680 V¹
2131 3649 2142 3691 ΙΙ
2167 3651 2209 3683 40
2234 3650 2370 3692 affigen—

1296 3687 1360 3717 tem
1384 3688 1422 3726 (ε.
1438 3698 1466 3719 υ.
1491 3688 1506 3719 i
1529 3687 1674 3730 affigere)
1692 3689 1725 3721 R
1743 3688 1755 3731 ΙΙ
1771 3683 1877 3731 neque
1902 3692 1934 3723 te
1954 3704 2011 3725 om.
2031 3693 2063 3726 R.
2082 3692 2094 3737 ΙΙ
2111 3704 2218 3736 neque
2242 3695 2369 3736 oboed]

1297 3740 1402 3771 neque
1423 3743 1479 3763 om.
1502 3732 1548 3764 V¹
1852 3746 1854 3749 ·

2031 3793 2099 3828 16*
