2618 4010
124 801 147 837 2
172 796 439 833 ecclesiasticas
464 796 630 831 alienare.
680 795 726 830 Se

108 179 111 181 v
171 143 232 175 DE
251 141 552 175 ALIENA'I'IONE
571 141 726 174 RERUM
745 141 989 174 ECCLESIAE
1006 143 1183 193 MYSIA?

1230 286 1339 322 LXV.

1262 125 1350 177 339
1392 188 1494 193 ,-

2166 127 2275 172 Nov.
2299 127 2414 171 LXV

2135 285 2244 320 Auth.
2264 284 2410 320 LXVII.

200 358 253 409 R
293 358 386 407 DE
422 355 889 407 ALIENATIONE
936 343 1173 406 RERUM
1219 354 1595 406 ECCLESIAE
1639 353 1897 404 MYSIAE
1933 353 2376 406 RELIOTARUM

206 424 337 476 PRO
372 423 816 475 CAPTIVORUM
854 423 1353 476 REDEMPTIONE
1392 424 1483 472 ET
1520 422 1895 472 PAUPERUM
1924 421 2297 471 ALIMENTIS
2324 421 2389 470 R

852 501 949 538 Idem
972 502 1064 546 Aug.
1091 501 1288 537 Iustiniano
1312 512 1344 537 v.
1373 509 1402 536 c.
1427 499 1558 536 rectori
1581 499 1730 545 Mysiae.

322 568 604 616 (Praefatio.)

663 569 802 605 Scimus
834 572 941 605 antea
970 569 1082 614 legem
1114 569 1377 614 promulgasse,
1410 578 1473 613 per
1505 577 1612 613 quam
1643 576 1765 602 omnes
1797 566 2030 602 alienationes
2063 566 2324 602 ecclesiasticas
2354 565 2409 601 in·
2456 574 2476 607 5

172 615 363 651 hibuimus.
412 615 482 650 Sed
506 617 634 659 postea
657 614 728 649 alia
752 615 828 659 lege
851 616 1116 660 perspeximus,
1148 618 1324 659 quatenus
1348 614 1453 649 liceat
1482 624 1547 658 pro
1580 612 1698 648 soluto
1729 621 1787 647 res
1817 611 2082 647 ecclesiasticas
2111 612 2166 647 vel
2196 612 2284 647 alias
2317 620 2410 656 quae

126 667 147 702 1
172 661 240 706 piis
265 660 428 696 domibus
452 659 645 704 deputatae
669 663 755 694 sunt
786 659 996 704 persolvere.

1059 659 1129 695 Sed
1154 660 1260 694 etiam
1292 660 1361 695 hoc
1392 659 1429 694 in
1453 661 1613 694 nostram
1644 657 1740 693 venit
1773 656 1997 699 memoriam,
2031 656 2127 701 quod
2152 656 2310 692 Martino
2333 657 2409 692 viro

172 706 399 742 sanctissimo
423 705 594 750 episcopo
620 704 847 740 Odissitanae
871 704 1024 740 civitatis
1048 704 1200 740 formam
1233 707 1269 740 et
1295 708 1379 739 ante
1403 704 1515 748 legem
1540 706 1700 739 nostram
1733 701 1894 737 dedimus
1917 701 2166 746 prohibentem
2189 711 2270 737 eum
2293 702 2410 737 eccle-

173 751 336 787 siasticas
366 760 423 786 res
447 750 618 793 vendere,
653 760 698 785 ne
728 750 791 830 gui
823 759 867 784 ex
896 749 1160 794 potentioribus
1193 750 1225 785 ei
1250 749 1500 785 necessitatem
1523 749 1711 794 imponant
1743 747 1941 783 secundum
1974 757 2078 782 suum
2101 747 2328 801 propositum
2351 756 2410 782 res

775 795 882 830 etiam
906 795 943 830 in
968 798 1130 830 nostram
1152 794 1250 830 venit
1273 795 1479 830 memoriam
1504 794 1574 829 alia
1598 803 1655 829 res
1679 802 1783 838 quam
1807 802 1873 838 pro
1895 791 2022 828 divinis
2042 792 2192 828 fecimus
2213 792 2318 836 vasis,
2343 802 2410 837 pro
2436 801 2478 834 10

172 841 302 887 quibus
327 841 492 877 omnibus
517 840 776 882 abdicavimus,
811 850 857 875 ne
881 839 939 876 cui
961 840 1070 876 liceat
1093 842 1328 876 sacrosancta
1352 849 1438 875 vasa
1462 840 1516 875 vel
1539 839 1754 875 venumdare
1777 838 1832 874 vel
1856 837 2032 882 obligare,
2065 838 2134 873 nisi
2163 837 2410 874 tantummodo

172 887 209 923 in
232 886 511 932 redemptionem
535 886 767 931 captivorum,
794 885 878 930 quia
901 885 1040 921 animae
1063 884 1261 931 redemptio
1286 885 1367 921 aliis
1392 885 1556 921 omnibus
1581 885 1688 920 rebus
1712 883 1902 930 pretiosior
1925 886 1992 920 est.

1186 998 1345 1035 CAPUT
1370 998 1397 1033 Ι.

309 1067 379 1103 Sed
402 1067 492 1103 haec
516 1066 659 1112 quidem
690 1067 797 1102 antea
822 1066 1016 1102 subsecuta
1039 1069 1140 1102 sunt:
1179 1076 1271 1111 quae
1296 1066 1455 1101 narratio
1487 1066 1690 1101 necessaria
1721 1065 1824 1101 nobis
1848 1064 1918 1100 fuit
1949 1064 1995 1100 ad
2019 1064 2220 1109 praesentis
2246 1063 2412 1110 specialis
2472 1096 2473 1099 ,

172 1113 258 1157 legis
282 1113 496 1148 memoriam.
544 1111 653 1147 Venit
676 1112 806 1147 etenim
829 1113 867 1146 in
889 1112 1070 1156 praesenti
1093 1115 1310 1147 memoratus
1334 1110 1582 1146 sanctissimus
1613 1111 1666 1146 vir
1689 1111 1726 1145 in
1750 1111 1846 1146 hanc
1869 1109 2151 1146 sacratissimam
2172 1109 2350 1145 civitatem
2374 1112 2412 1144 et

174 1158 317 1194 edocuit
340 1168 423 1201 nos,
454 1157 585 1193 multos
608 1160 722 1192 terras
747 1157 825 1192 sine
849 1160 948 1193 certo
972 1157 1091 1192 reditu
1122 1157 1177 1192 vel
1201 1156 1438 1192 domunculas
1470 1155 1525 1191 vel
1549 1155 1670 1191 vineas
1695 1156 1896 1200 relinquere
1924 1155 1968 1191 ad
1993 1154 2272 1201 redemptionem
2298 1155 2411 1200 capti·
2437 1164 2478 1198 15

172 1213 298 1239 vorum
330 1203 386 1239 vel
418 1212 614 1255 pauperum
646 1201 844 1245 alimonias,
877 1204 914 1237 et
945 1202 1162 1238 alienatione
1192 1202 1376 1247 prohibIta
1406 1204 1620 1236 memoratos
1645 1204 1749 1236 actus
1780 1201 1864 1236 licet
1895 1200 2044 1245 piissimi
2076 1201 2149 1236 sint
2172 1202 2333 1236 attamen
2356 1200 2410 1235 in-

127 1256 147 1290 1
173 1248 306 1284 hiberi:
342 1249 413 1284 iam
436 1247 560 1293 petivit
583 1246 652 1283 sibi
675 1247 831 1292 permitti
861 1257 925 1292 per
948 1247 1062 1292 legem
1095 1247 1288 1293 specialem
1320 1247 1390 1282 hoc
1422 1246 1554 1281 facere.
1604 1245 1791 1281 Sancimus
1823 1246 1962 1291 itaque,
1996 1245 2026 1281 si
2056 1246 2134 1290 quis
2158 1245 2342 1290 reliquerit
2365 1245 2412 1280 ad

171 1293 449 1338 redemptionem
474 1292 694 1338 captivorum
718 1293 773 1328 vel
797 1293 1092 1328 sustentationem
1116 1302 1315 1338 pauperum
1338 1301 1398 1327 res
1421 1291 1631 1334 immobiles,
1663 1291 1694 1326 si
1717 1290 1859 1336 quidem
1892 1293 2011 1326 certus
2036 1290 2172 1326 reditus
2198 1293 2254 1326 est
2285 1300 2330 1326 ex
2354 1300 2410 1326 re-

172 1338 267 1374 lictis
291 1339 399 1375 rebus
424 1337 662 1383 colligendus,
695 1347 840 1373 manere
864 1338 1019 1382 legatum
1050 1338 1107 1374 vel
1130 1338 1364 1374 hereditatem
1389 1337 1444 1373 vel
1469 1337 1698 1372 donationem
1727 1336 1827 1371 nulla
1847 1336 2064 1371 alienatione
2087 1335 2295 1379 mutilanda,
2330 1345 2412 1371 cum

124 1391 148 1426 2
198 1384 287 1420 ossit
309 1394 353 1420 ex
376 1383 550 1419 reditibus
574 1383 768 1428 redemptio
794 1383 848 1419 vel
873 1383 1086 1419 sustentatio
1111 1383 1201 1420 fieri.
1250 1383 1312 1418 Sin
1335 1384 1457 1418 autem
1489 1382 1543 1417 vel
1569 1385 1688 1417 certus
1713 1381 1849 1417 reditus
1874 1391 1946 1416 non
1970 1385 2035 1424 est,
2067 1382 2123 1416 vel
2147 1381 2272 1417 domus
2295 1390 2412 1426 paene
2436 1390 2479 1423 20

172 1395 291 1465 girata
314 1433 350 1464 et
372 1429 477 1473 longe
500 1429 546 1464 ab
571 1428 722 1464 ecclesia
745 1429 879 1474 posita,
913 1429 967 1464 vel
992 1429 1114 1465 vineae
1139 1438 1288 1474 quarum
1312 1428 1455 1463 fructus
1487 1437 1559 1462 non
1584 1436 1724 1472 semper
1755 1426 1889 1462 similes
1920 1426 1984 1462 sed
2008 1426 2098 1462 varii
2127 1426 2345 1470 colliguntur
2376 1430 2413 1461 et

172 1473 438 1510 incursionibus
474 1473 627 1510 forsitan
663 1474 860 1509 barbaricis
897 1473 1027 1510 dediti:
1066 1474 1103 1510 in
1140 1475 1195 1510 his
1230 1473 1476 1509 tantummodo
1514 1472 1704 1517 speciebus
1737 1471 1974 1517 permittimus
2007 1474 2044 1507 et
2073 1471 2310 1507 venditionem
2342 1472 2412 1506 hac

174 1519 322 1564 speciali
345 1519 421 1564 lege
445 1519 484 1555 in
506 1522 703 1555 memorata
724 1519 911 1564 provincia
934 1519 1022 1560 fieri,
1048 1520 1079 1555 si
1102 1521 1222 1555 tamen
1247 1519 1372 1554 domus
1397 1519 1494 1553 intra
1517 1518 1606 1553 fines
1627 1517 1802 1553 ecclesiae
1824 1518 1880 1553 vel
1904 1517 2028 1553 vineae
2051 1516 2153 1552 iuxta
2177 1527 2298 1552 muros
2324 1517 2413 1552 civi-

173 1565 258 1600 tatis
283 1564 425 1600 minime
470 1565 582 1600 ositae
603 1565 694 1609 sint3
719 1565 771 1599 ita
791 1567 832 1599 ut
854 1564 891 1599 in
915 1565 1130 1600 venditionis
1150 1564 1386 1600 instrumento
1411 1564 1492 1609 ipsa
1515 1564 1625 1598 verba
1648 1562 1832 1599 testatoris
1853 1562 2111 1607 exprimantur,
2137 1562 2199 1598 ubi
2222 1562 2256 1598 ei
2276 1561 2414 1607 placuit

127 1617 151 1653 3
176 1610 411 1646 venditionem

461 1610 512 1645 eri
536 1614 572 1645 et
595 1610 875 1654 redemptionem
899 1619 943 1645 ex
962 1610 1017 1645 his
1043 1610 1266 1655 captivorum
1290 1610 1345 1645 vel
1363 1608 1550 1644 alimonias
1574 1618 1774 1654 pauperum
1798 1607 1983 1643 celebrari.
2031 1607 2082 1642 Et
2105 1607 2135 1642 si
2159 1607 2229 1643 hoc
2252 1608 2305 1642 ita
2325 1607 2412 1643 sub·
2437 1615 2480 1649 25

175 1658 338 1691 secutum
362 1655 488 1698 fuerit,
519 1655 652 1690 habeat
675 1654 829 1690 venditio
854 1654 1059 1691 firmitatem
1091 1659 1127 1691 et
1151 1655 1259 1691 liceat
1289 1655 1366 1690 sine
1390 1658 1487 1690 metu
1515 1654 1663 1689 alterius
1689 1654 1775 1698 legis
1808 1656 1844 1688 et
1867 1652 2072 1689 oeconomis
2098 1652 2354 1688 ecclesiasticis
2377 1656 2413 1688 et
2436 1668 2439 1669 ⁷

125 1709 150 1743 4
174 1700 247 1736 viro
284 1701 510 1737 sanctissimo
545 1700 714 1746 episcopo
749 1700 903 1736 vendere
939 1703 975 1736 et
1009 1701 1230 1745 emptoribus
1265 1700 1398 1735 habere
1435 1699 1577 1735 easdem
1612 1709 1670 1735 res
1706 1699 1808 1734 firmo
1840 1698 1928 1734 iure.
1975 1698 2173 1733 Habebunt
2205 1701 2323 1733 autem
2355 1698 2413 1733 dei

173 1746 426 1791 omnipotentis
457 1746 589 1782 crimen
618 1746 803 1782 oeconomi
833 1746 1022 1788 ecclesiae,
1059 1746 1089 1782 si
1112 1747 1230 1792 pretia
1261 1755 1352 1790 quae
1377 1745 1583 1790 acceperint
1613 1744 1651 1780 in
1675 1744 1782 1779 aliam
1813 1753 1961 1780 causam
1985 1743 2291 1788 consumpserint,
2328 1743 2414 1779 licet

173 1791 334 1836 piissima
358 1792 424 1836 sit,
456 1795 492 1827 et
516 1802 590 1826 non
612 1791 650 1826 in
672 1791 878 1836 praedictas
903 1791 993 1827 duas
1018 1791 1265 1827 tantummodo
1291 1801 1439 1834 causas,
1471 1790 1516 1825 ad
1541 1789 1777 1825 imitationem
1801 1790 1888 1834 legis
1920 1798 2013 1833 quae
2038 1798 2146 1834 super
2170 1789 2413 1824 sacrosanctis

126 1844 150 1880 ε,
173 1837 267 1873 vasis
291 1836 490 1872 alienandis
515 1838 590 1872 lata
614 1840 679 1872 est.
728 1836 786 1872 Sic
810 1837 941 1872 etenim
965 1840 1002 1872 et
1022 1837 1177 1873 venditio
1202 1836 1409 1872 necessaria
1431 1835 1607 1881 procedat
1634 1838 1671 1871 et
1694 1838 1798 1871 actus
1822 1834 1972 1880 piissimi
1995 1844 2068 1871 non
2093 1833 2352 1869 defraudentur
2377 1836 2414 1870 et
2437 1842 2480 1874 30

172 1882 313 1918 animae
335 1882 518 1918 hominum
542 1892 614 1918 non
638 1882 850 1927 depereant,
885 1892 966 1918 cum
990 1884 1026 1917 et
1049 1886 1226 1918 terrarum
1249 1881 1431 1927 possessio
1461 1884 1498 1916 et
1525 1890 1644 1916 rerum
1668 1880 1852 1916 mobilium
1884 1889 1956 1916 non
1988 1880 2096 1916 talem
2126 1879 2259 1915 habeat
2291 1889 2413 1914 curam

173 1936 240 1963 nec
263 1928 315 1963 ita
337 1927 409 1963 sint
432 1927 656 1963 necessariae
687 1929 727 1962 ut
751 1928 973 1973 captivorum
996 1927 1192 1973 redemptio
1225 1931 1262 1963 et
1292 1928 1366 1963 vita
1390 1926 1586 1972 egentium,
1622 1935 1714 1971 quae
1746 1927 1783 1961 et
1806 1924 1945 1961 animas
1971 1925 2111 1961 salvant
2141 1928 2177 1960 et
2209 1924 2276 1961 deo
2301 1924 2413 1960 omni-

173 1973 311 2018 potenti
359 1973 529 2008 lacabiles
553 1974 648 2008 sunt.

319 2020 336 2065 <
378 2018 594 2071 pilogus.)
641 2017 807 2054 Gravitas
830 2017 952 2072 itaque
982 2021 1046 2054 tua
1077 2027 1168 2063 quae
1199 2027 1264 2063 per
1293 2017 1388 2055 hanc
1421 2017 1613 2062 specialem
1637 2016 1749 2061 legem
1782 2019 1908 2052 nostra
1938 2014 2097 2051 decrevit
2121 2014 2316 2051 aeternitas
2341 2018 2414 2050 tam

174 2062 318 2100 effectui
339 2073 546 2109 manc1pare
560 2073 675 2144 ullum
699 2063 882 2099 observari
905 2066 1085 2109 procuret.

174 2109 334 2146 Iohanne
356 2120 389 2145 v.
414 2119 446 2145 c.
472 2118 558 2144 cons
599 2118 630 2144 e.

1157 2063 1241 2099 Dat.
1255 2073 1293 2099 x.
1314 2063 1386 2098 kal.
1408 2062 1521 2108 April.
1543 2062 1613 2098 ΟΡ.
1634 2061 1720 2107 imp.
1741 2061 1800 2097 dn.
1820 2061 2011 2098 Iustiniani
2034 2071 2097 2106 pp.
2121 2061 2212 2106 Aug.
2238 2070 2334 2096 anno
2349 2060 2412 2096 XI.
2438 2068 2480 2101 35

2271 2109 2317 2149 [a.
2336 2108 2415 2148 538]

228 2199 312 2234 Nov.
328 2200 402 2234 LX
410 2200 658 2233 V=Authent.
673 2199 828 2232 LXVII
849 2200 968 2232 Latine
990 2206 1110 2233 tantum
1131 2206 1218 2232 extat
1241 2195 1365 2243 (νεαρὰ
1383 2195 1506 2237 ξε’;-
1531 2199 1590 2230 καὶ
1613 2194 1703 2240 αὕτη
1727 2194 1791 2239 οὐχ
1810 2196 1962 2242 εὑρέθη·
1998 2199 2082 2242 περὶ
2105 2194 2169 2230 ’τοῦ
2192 2194 2238 2230 ’τὰ
2261 2193 2368 2242 γήὸια
2393 2191 2416 2239 ἢ

176 2244 289 2278 οἴκους
318 2239 341 2286 ἢ
370 2241 547 2288 ἀμπέλους
574 2244 620 2286 τῆ
643 2241 826 2290 ἁγιωτάτῃ
852 2241 1019 2285 ἐκκλησία
1042 2246 1170 2286 μυσίας
1193 2243 1242 2276 εἰς
1262 2240 1458 2288 ἀνάρρυσιν
1482 2240 1726 2285 αἰχμαλώτων
1749 2240 1771 2284 ἢ
1794 2242 1842 2275 εἰς
1865 2239 2079 2287 ἀποτροφὴν
2114 2242 2276 2283 πτωχῶν
2306 2253 2413 2275 κατα-

177 2287 428 2333 λιμπανόμενα
451 2286 638 2322 δύνασθαι
661 2287 891 2322 ἑκποιεῖσθαι
915 2286 1007 2321 κατὰ
1030 2287 1097 2322 τὸν
1120 2286 1376 2334 περιεχόμενον
1399 2287 1445 2329 τῆ
1467 2284 1629 2326 διατάξει
1653 2283 1931 2332 προςὸιορισμόν
1946 2287 2015 2329 Μ).
2040 2306 2085 2311 -—
2109 2287 2200 2330 Epir.
2225 2287 2346 2321 Theod.
2371 2287 2413 2321 65

178 2336 265 2376 (inde
278 2335 333 2376 L),
358 2335 479 2368 Athan-
494 2334 572 2375 2,10
595 2335 683 2376 (inde
701 2334 780 2368 Coll.
795 2340 892 2367 const.
908 2334 982 2366 eccl.
996 2334 1066 2376 III,
1081 2341 1108 2375 2,
1123 2336 1180 2375 10).
1229 2333 1350 2367 Iulian.
1367 2339 1465 2366 const.
1481 2333 1576 2365 LIX
1581 2344 1588 2368 ;
1618 2334 1824 2365 summarium
1845 2339 1892 2365 est
1911 2333 2007 2365 etiam
2029 2333 2062 2365 in
2088 2333 2268 2375 appendice
2289 2332 2417 2366 Iuliani

176 2378 415 2423 (lul.⁶f.152v
438 2381 522 2413 unde
546 2380 649 2413 edidit
675 2379 828 2413 Cuiacius
851 2380 885 2412 in
910 2380 1108 2422 expositione
1131 2378 1294 2419 novellae,
1323 2378 1367 2411 al.
1391 2378 1458 2412 vid.
1485 2389 1539 2420 ap.
1565 2377 1705 2410 Haenel.
1732 2378 1778 2410 ad
1799 2377 1928 2410 Iuliani
1950 2389 1977 2410 e.
1992 2378 2081 2419 203).

226 2496 241 2528 1
270 2492 440 2526 Nouellum
464 2505 523 2525 om.
544 2492 588 2532 R,
614 2493 709 2524 habet
732 2505 750 2524 r
772 2493 797 2530 fi
811 2494 871 2525 90¹¹
888 2499 962 2533 post
984 2503 1054 2523 nov.
1070 2490 1261 2523 LX1V=
1293 2486 1297 2493 '

178 2538 276 2572 Aum.
288 2536 424 2580 LXV]
445 2536 571 2582 1³4sp
587 2537 740 2580 22(pr0
756 2528 833 2577 ΞΖ)
846 2535 982 2569 van
1000 2535 1031 2568 V
1043 2534 1056 2579 u
1075 2536 1094 2568 2
1107 2537 1196 2568 rubr.
1212 2535 1260 2567 De

179 2583 277 2615 terris
308 2581 359 2615 vel
383 2581 536 2615 domibus
567 2581 619 2614 vel
644 2582 750 2614 vineis
782 2591 866 2624 quae
890 2580 1026 2613 relictae
1052 2582 1131 2613 sunt
1156 2579 1259 2613 eccle·

179 2629 247 2661 siae
271 2627 397 2671 Mysiae
424 2627 461 2659 in
483 2626 746 2669 redemptionem
776 2626 985 2670 captivorum
1010 2627 1069 2658 aut
1089 2625 1126 2657 in
1150 2625 1259 2657 nutri-

179 2674 303 2706 tionem
326 2682 511 2715 pauperum
535 2682 629 2714 posse
647 2671 755 2705 veniri
775 2671 889 2714 (vendi
909 2671 1074 2713 Cuiacius)
1096 2681 1164 2703 non
1183 2670 1259 2702 sim-

178 2718 312 2761 pliciter
332 2717 388 2750 sed
406 2717 588 2750 secundum
606 2716 855 2750 distinctionem
871 2717 974 2749 huius
990 2715 1074 2758 legis
1093 2728 1170 2759 app.
1184 2715 1260 2756 lul„

179 2765 247 2797 sim.
263 2763 309 2796 M
316 2763 401 2804 (vide
413 2763 527 2806 supra)
543 2763 678 2801 eeAth.;
703 2762 755 2795 Do
775 2762 873 2795 rebus
893 2760 1122 2794 immobilibus
1145 2760 1187 2793 ad
1209 2771 1259 2793 ec-

179 2808 312 2842 clesiam
325 2807 451 2851 Mysiae
463 2807 710 2851 pertinentibus
724 2808 807 2845 Iul.;
834 2809 924 2852 Περὶ
940 2806 1018 2840 τῶν
1034 2803 1260 2848 καταλελειμ-

178 2855 301 2897 μένων
332 2854 377 2899 τῇ
408 2851 576 2895 ἐκκλησίᾳ
607 2855 747 2886 Μυσίας
773 2853 893 2886 Theod.
915 2853 973 2895 (L)
1012 2851 1024 2896 ΙΙ
1060 2851 1156 2884 misie
1190 2851 1259 2888 Vr;

175 2906 327 2942 praestat
338 2898 482 2931 Moesiae
499 2898 512 2942 ΙΙ
529 2898 728 2931 relectarum
750 2898 783 2931 V
795 2898 807 2941 ΙΙ
823 2899 845 2931 4
864 2899 960 2931 inser.
975 2910 1034 2931 om.
1049 2910 1065 2929 r
1083 2896 1096 2941 ΙΙ
1113 2897 1214 2939 misye
1234 2895 1268 2929 V

180 2945 235 2987 (cs.
251 2945 297 2977 ad
307 2956 335 2977 v.
346 2945 381 2986 2)
400 2942 412 2988 ΙΙ
429 2946 448 2978 5
462 2945 505 2977 in.
520 2943 649 2976 Scimus
661 2945 758 2976 antea
771 2943 878 2984 legem
892 2944 944 2976 cit.
955 2943 998 2984 L,
1023 2943 1153 2975 Scimus
1165 2943 1263 2973 antea

180 2988 407 3031 promulgasse
421 2989 496 3021 Am.
513 2989 525 3031 ΙΙ
543 2988 663 3030 legem]
681 3001 750 3021 nov.
770 2988 842 3021 VII
856 2986 869 3032 ss
886 2988 906 3021 6
919 2987 1004 3030 lege]
1019 3000 1089 3021 nov.
1101 2987 1173 3020 XL
1183 2986 1236 3020 VI
1251 2986 1262 3029 Η

180 3034 408 3075 prospeximus
431 3034 517 3077 vuly.
537 3031 550 3077 ΙΙ
576 3033 735 3075 quatinus
756 3033 807 3066 Vr
831 3032 844 3076 ΙΙ
867 3043 928 3075 pro
952 3033 1135 3066 solutiones
1159 3030 1261 3064 eccle-

181 3079 245 3110 sias
269 3091 286 3110 r
315 3077 328 3122 1]
356 3080 374 3111 7
399 3078 555 3120 deputate
579 3079 607 3118 r]
645 3079 684 3110 de
707 3079 870 3120 potestate
903 3078 937 3110 V
959 3076 972 3121 ΙΙ
999 3078 1064 3110 1100
1089 3079 1127 3109 ut
1150 3078 1263 3109 nostra

182 3123 277 3155 uenit
293 3123 451 3155 memoria
466 3136 482 3155 r
499 3122 512 3165 11
530 3124 548 3156 8
565 3122 583 3143 *
593 3123 800 3155 Odissitanae
813 3123 847 3164 (i.
860 3135 885 3155 e.
901 3122 1137 3163 Odessitanae)]
1157 3121 1263 3154 011881-

182 3170 259 3200 nate
278 3167 313 3200 V
330 3167 453 3199 clinate
472 3181 489 3200 r
507 3169 518 3210 ΙΙ
535 3168 640 3200 forma
660 3168 694 3201 V
704 3167 716 3210 11
735 3169 755 3201 9
773 3177 814 3200 110
831 3168 890 3208 qui
912 3168 955 3208 V]
976 3177 1083 3208 neque
1104 3180 1119 3199 r
1139 3166 1151 3210 ΙΙ
1170 3168 1210 3200 10
1228 3166 1263 3200 111

182 3214 296 3245 nostra
316 3213 411 3245 uenit
433 3213 592 3245 memoria
615 3225 633 3246 r
650 3211 663 3256 ΙΙ
691 3214 729 3247 11
750 3212 986 3253 abdicavimus]
1015 3213 1092 3246 Ood.
1109 3214 1140 3253 1,
1162 3220 1189 3253 2,
1204 3219 1236 3246 ‘21
1253 3210 1264 3256 ΙΙ

186 3259 227 3291 12
251 3257 477 3301 redemptione
501 3270 518 3290 r
539 3257 551 3300 ΙΙ
575 3257 758 3299 redemptio
783 3270 842 3291 om.
867 3259 900 3291 in
927 3258 1044 3290 lacuna
1072 3258 1112 3291 12
1132 3258 1190 3290 lite.
1213 3257 1264 3299 Vl}

187 3304 227 3338 13
251 3304 349 3335 antea
372 3302 547 3335 subsecuta
571 3304 600 3342 r]
624 3304 702 3335 ante
721 3303 811 3343 (ause
834 3302 900 3343 Vfl)
925 3302 1079 3335 abseouta
1101 3301 1157 3346 Vl}
1181 3312 1265 3343 quae

184 3348 333 3380 narratio
351 3348 398 3388 V]
418 3357 580 3389 quaenam
597 3347 726 3380 ratione
741 3361 757 3380 r
774 3347 787 3390 n
805 3349 848 3381 14
861 3346 943 3389 legis
956 3347 1050 3380 uenit
1062 3347 1262 3379 memoriam.

185 3404 307 3437 etenim
331 3417 349 3436 r
375 3403 387 3447 ΙΙ
417 3403 656 3436 sacratissimus
679 3416 697 3436 r
724 3402 737 3447 1]
765 3403 828 3445 vir]
849 3389 871 3436 11
890 3403 924 3445 (i.
935 3415 960 3436 e.
975 3402 1046 3445 ubi)
1069 3402 1133 3447 Vn
1157 3412 1263 3436 sacra-

185 3449 345 3481 tissimam
362 3448 426 3490 Vr]
446 3448 685 3494 sanctissimam
697 3449 782 3492 vuly.
801 3449 813 3492 ΙΙ
834 3450 874 3482 15
888 3447 1010 3480 multas
1023 3462 1039 3481 r
1058 3449 1069 3490 ΙΙ
1088 3450 1128 3483 16
1141 3459 1262 3492 paupe-

186 3504 314 3526 11101-
330 3495 370 3528 18
384 3494 591 3536 captivorum
616 3493 668 3526 vel
693 3506 751 3526 om.
774 3494 808 3526 V
826 3492 839 3538 ΙΙ
865 3495 1063 3525 memoratus
1087 3507 1104 3526 r
1112 3506 1166 3537 pr.
1190 3493 1202 3537 ss
1227 3504 1265 3526 ac

186 3541 295 3573 tamen
309 3553 326 3572 r
343 3539 355 3583 ΙΙ
376 3541 415 3573 17
431 3538 521 3571 *iam
535 3538 667 3581 petivit]
689 3539 884 3580 competiuit
898 3552 914 3571 r
927 3539 1127 3581 (competens
1141 3539 1242 3583 vulq.)
1254 3538 1266 3583 Η

189 3585 229 3618 18
249 3592 326 3628 post
348 3584 559 3627 captiuorum
581 3583 637 3616 uel
667 3586 766 3617 verba
795 3594 979 3626 pauperum
1003 3603 1047 3608 —
1070 3587 1266 3617 memoratos

1329 2490 1386 2528 (16
1398 2493 1459 2531 sq.)
1474 2501 1582 2522 errore
1596 2490 1710 2531 repetit
1725 2502 1742 2522 r
1750 2502 1804 2532 pr.
1820 2490 1889 2530 (em.
1903 2501 1941 2523 m.
1958 2490 1984 2530 1)
2003 2487 2016 2533 ΙΙ
2038 2489 2312 2522 sustentationem
2332 2500 2415 2533 pau-

1328 2535 1458 2575 perum]
1487 2533 1790 2567 substentationem
1816 2533 2027 2576 captiuorum
2060 2534 2115 2567 uel
2139 2536 2415 2568 sustentationem

1330 2589 1513 2621 pauperum
1537 2592 1554 2612 r
1571 2578 1584 2623 ΙΙ
1611 2580 1651 2613 19
1673 2579 1854 2612 donatione
1875 2593 1891 2613 r
1908 2579 1920 2623 Ι]
1947 2580 1989 2613 20
2008 2579 2059 2612 8111
2079 2582 2202 2622 autem]
2226 2581 2256 2613 si
2282 2579 2340 2613 aiit
2363 2594 2381 2614 r

1331 2626 1370 2658 21
1399 2626 1479 2666 non]
1512 2634 1545 2657 se
1570 2634 1638 2657 non
1668 2624 1718 2658 V¹
1748 2623 1761 2668 ΙΙ
1788 2624 2010 2666 colliguntur]
2043 2624 2079 2657 in
2104 2624 2312 2666 colliguntur
2345 2626 2379 2659 V

1331 2669 1375 2702 22
1398 2669 1548 2702 forsitam
1573 2682 1590 2702 r
1605 2668 1618 2713 ΙΙ
1637 2669 1743 2702 dediti
1766 2669 1815 2711 in]
1841 2670 1990 2703 deditum
2012 2670 2044 2703 V
2062 2669 2183 2704 deditis
2203 2671 2240 2702 in
2264 2685 2281 2704 r
2299 2669 2312 2715 ss
2332 2681 2414 2704 uen-

1330 2713 1458 2747 ditione
1482 2714 1516 2747 V
1535 2713 1547 2759 ΙΙ
1572 2715 1614 2749 23
1639 2714 1753 2747 (1011108
1775 2715 1831 2748 Vr
1849 2715 1861 2758 ΙΙ
1886 2716 1930 2749 24
1953 2716 2176 2748 instrumenta
2197 2715 2260 2760 Vn
2286 2715 2344 2748 ubi
2367 2716 2413 2758 V]

1329 2761 1369 2791 ut
1388 2772 1406 2792 r
1424 2758 1437 2803 ΙΙ
1453 2760 1496 2793 26
1515 2759 1654 2792 fuerunt
1672 2773 1688 2793 r
1704 2759 1716 2800 ΙΙ
1734 2759 1892 2793 firmitate
1914 2759 1971 2805 Vn
1995 2762 2029 2793 et
2049 2760 2094 2803 V]
2120 2773 2179 2794 om.
2194 2774 2212 2794 r
2228 2760 2241 2805 ΙΙ
2265 2760 2337 2803 legi
2356 2761 2389 2794 V
2404 2761 2416 2806 ΙΙ

1331 2805 1372 2838 27
1394 2806 1518 2846 autem]
1539 2806 1598 2837 aut
1621 2818 1639 2838 r
1669 2804 1682 2849 ΙΙ
1710 2805 1753 2840 29
1778 2815 1870 2838 sacro
1890 2807 1969 2838 sunt
1992 2806 2115 2839 sanctis
2139 2818 2156 2839 r
2174 2805 2186 2849 ΙΙ
2211 2808 2254 2841 30
2279 2809 2312 2839 et
2336 2816 2415 2839 ven-

1330 2849 1427 2891 ditio]
1449 2851 1481 2882 et
1500 2862 1558 2883 om.
1576 2863 1592 2883 r
1609 2849 1621 2893 ΙΙ
1639 2860 1707 2883 11011
1726 2850 1979 2893 defraudentur]
2004 2853 2038 2884 et
2056 2851 2135 2884 inde
2156 2851 2354 2884 fraudentur
2371 2866 2387 2885 r
2403 2851 2415 2896 ΙΙ

1331 2895 1372 2928 31
1395 2904 1462 2927 11011
1487 2894 1677 2937 depereant]
1702 2895 1780 2928 inde
1802 2898 1942 2939 pereant
1966 2894 2032 2975 rl'L
2052 2896 2276 2929 immobilium
2300 2897 2340 2930 P.
2357 2897 2416 2930 Pi-

1333 2940 1441 2973 thoeus
1458 2938 1471 2983 ΙΙ
1494 2949 1575 2972 cura
1595 2938 1650 2985 VH
1669 2941 1712 2974 32
1736 2940 1781 2973 sit
1800 2941 1981 2974 necessaria
2032 2942 2154 2975 itlzoeue
2169 2942 2182 2986 ΙΙ
2209 2942 2254 2976 34
2269 2942 2415 2975 Alterum

1332 3002 1431 3039 caput
1451 2996 1524 3028 huic
1545 2997 1689 3030 novellae
1709 2997 1789 3030 miro
1812 3009 1920 3030 errore
1942 2998 2093 3041 adiunqit
2115 2998 2303 3031 Theodorus
2329 2999 2355 3031 Β
2379 2995 2416 3031 Ὁ

1331 3037 1652 3119 Ξίἰέἑὲνὲἐῗὲιῑνος
1665 3042 1708 3118 ἐ.)
1734 3041 1765 3118 εξ
1784 3038 1998 3119 ἑπολειφᾷῇ
2023 3040 2330 3127 καταδικὲζέσθω
2356 3041 2415 3100 ὃηῖ

1332 3099 1479 3179 „ineas
1502 3098 1663 3173 νομιμῖἷέζ
1685 3098 1744 3163 ,ἵζε
1768 3098 2346 3176 μέαέἴιαῖῖἓέἶιῖῗκῖἶέρῖῗὲἷὲἷι
2355 3101 2417 3166 '‘12'‘AE

1334 3189 1403 3210 nov.
1419 3176 1552 3208 LXIX
1571 3187 1597 3208 c.
1615 3177 1634 3209 3
1653 3176 1665 3219 ΙΙ
1683 3177 1723 3210 35
1737 3176 1923 3218 mantipare
1946 3177 1979 3209 V
1990 3176 2002 3220 ss
2018 3177 2195 3210 obseruare
2211 3190 2229 3210 r
2245 3177 2251 3221 Ι
2275 3179 2415 3212 subscri-

1330 3222 1471 3265 ptionem
1495 3221 1639 3254 dedimus
1664 3233 1703 3254 ex
1725 3221 1759 3253 V
1772 3228 1801 3253 et
1822 3233 1898 3264 app.
1912 3221 1976 3255 Iul.
1996 3222 2008 3264 ΙΙ
2024 3232 2060 3254 x.
2078 3222 2144 3254 kal.
2162 3222 2246 3265 Apri
2263 3246 2270 3254 .
2294 3223 2413 3266 Vapp.

1333 3267 1409 3308 lut]
1435 3262 1629 3298 καλανδῶν
1644 3260 1863 3311 Ἀπριλλίων
1876 3266 1953 3299 Aeh.
1976 3269 2063 3308 μηνὶ
2084 3264 2240 3312 ἀπριλίῳ
2262 3268 2382 3301 Theod.
2402 3267 2415 3313 ss

1335 3311 1588 3353 Constantinop.
1612 3310 1708 3353 impr.
1727 3310 1804 3344 ᾱὸἶι.
1822 3311 1906 3343 Iust.
1925 3321 1981 3354 pp.
2003 3321 2078 3353 aug.
2101 3323 2189 3345 anno
2202 3311 2257 3344 XI
2284 3313 2320 3354 V,
2345 3313 2413 3346 GP.

1334 3359 1413 3400 imp.
1435 3356 1490 3388 dn.
1506 3356 1587 3388 Iust.
1608 3366 1663 3398 pp.
1680 3365 1755 3397 aug.
1770 3357 1872 3398 (anno
1885 3355 1969 3388 XIV
1983 3357 2060 3390 add.
2076 3359 2145 3390 cod.
2162 3358 2335 3400 Utinensis,
2355 3371 2415 3393 om.

1335 3401 1482 3442 codd.⁶w)
1508 3413 1584 3443 app.
1606 3401 1668 3434 Iul.
1704 3398 1890 3443 βασιλείας
1911 3397 2167 3435 ’[ουστινιανοῦ
2196 3401 2239 3435 τὸ
2264 3400 2314 3436 ια’
2337 3403 2414 3438 Am.

1334 3446 1398 3480 τοῦ
1410 3444 1463 3479 ια’
1479 3443 1543 3487 (ιδ’
1560 3446 1603 3487 L)
1630 3446 1729 3479 ἔτους
1751 3447 1812 3487 τῆς
1836 3443 2019 3488 βασιλείας
2040 3447 2159 3481 Theod.
2176 3447 2189 3492 ss
2208 3447 2251 3481 36
2268 3448 2416 3482 Iohanni

1336 3493 1410 3525 uiro
1428 3490 1609 3524 clarissimo
1629 3491 1763 3524 consule
1786 3492 1822 3531 V,
1845 3492 1916 3523 Ioh.
1934 3502 1984 3524 uc.
2001 3492 2127 3525 consul.
2144 3505 2220 3536 app.
2233 3493 2298 3527 Iul.
2323 3490 2414 3528 ’ὑπα-

1334 3539 1414 3579 τείᾳ
1433 3533 1602 3569 Ἰωάννου
1627 3537 1747 3570 Theod.
1773 3533 1946 3569 ὑπατείας
1966 3533 2142 3571 Ἀπίωνος
2161 3539 2238 3572 ΑτΙι.
2278 3541 2415 3580 (subscr.

1336 3583 1402 3615 (lat.
1428 3592 1515 3614 cons.
1542 3582 1701 3614 Iohannis
1727 3581 1826 3615 lump
1863 3582 1929 3614 dat.
1954 3582 2080 3616 consul.
2106 3583 2206 3625 Iul.¹0)

2152 3775 2216 3810 43*
