2580 4022
160 153 222 185 DE
251 151 634 184 ARGENTARIORUM
664 151 999 184 com-marmus
1217 138 1302 186 765
1998 173 2011 186 .
2079 138 2157 182 Ed.
2171 138 2248 183 v11
2277 140 2384 180 2-5

161 247 227 285 οὐκ
252 249 429 285 ἐλάττονα
455 251 532 284 τῶν
557 247 742 297 ἀγοραίων
765 250 998 296 συμβολαίων
1022 253 1150 295 ἔχοντα
1174 253 1337 297 δύναμιν,
1362 250 1422 286 οἷα
1444 248 1508 286 οὐκ
1529 249 1577 287 ἆσ
1607 250 1726 286 αλείας
1750 247 1868 286 αὐτοῖς
1892 247 2046 295 δεούσης,
2070 247 2160 285 ἀλλὰ
2183 247 2299 295 μόνου
2322 251 2388 285 τοῦ

161 293 227 338 σχὴ
259 306 350 330 ατος.
397 291 542 330 οἶδενὸς
572 299 646 330 τοῖς
675 295 869 332 ἱκετεύουσι
899 300 1088 343 γινομένου
1115 301 1356 344 προκρίματος
1386 298 1426 330 ἐκ
1456 298 1519 331 τοῦ
1548 311 1598 343 μη
1630 296 1818 344 ἐγκεῖσθαι
1851 294 2043 342 ’ὑποθήκας
2063 294 2086 340 ἢ
2108 292 2341 342 κληρονόμων
2364 292 2387 340 ἢ

162 338 222 374 δια
248 340 346 384 όχων
369 337 485 386 ὄνομα
509 343 581 376 τοῖς
605 341 704 388 παρὰ
728 343 806 378 τῶν
829 340 1134 384 συναλλαξάντων
1157 344 1205 377 εἰς
1229 340 1356 377 αὐτούς
1380 343 1567 388 ἐγγράφοις
1589 344 1802 389 γενομένοις.

1146 453 1302 490 CAPUT
1330 454 1394 490 111.

288 515 431 560 ‘'Eg-‘ovet
464 518 503 554 δὲ
535 520 571 555 οἱ
599 522 638 555 ἐκ
668 522 733 555 τοῦ
766 518 876 555 αὑτοῦ
900 522 979 555 τῶν
1002 518 1290 569 ἆργυροπρατῶν
1312 525 1525 566 σωματείου,
1547 520 1585 561 ἐξ
1607 520 1685 555 ἴσου
1711 519 1752 555 δὲ
1773 523 1832 555 καὶ
1855 520 1893 556 οἱ
1913 520 2158 556 συναλλάκται
2179 521 2243 556 τὰς
2265 519 2389 564 ὁμοίας

159 562 237 599 κατ’
264 564 387 599 αὐτῶν
408 561 551 612 ἀγωγὰς
569 566 747 600 κινοῦντες
770 563 908 608 ἄδειαν,
933 566 1032 611 εἴπερ
1055 568 1148 601 τινὲς
1171 567 1248 600 τῶν
1267 565 1575 610 τετελευτηκότων
1599 563 1644 599 δι’
1672 562 1829 611 ἀπορίαν
1852 565 2091 612 κληρονόμους
2106 567 2174 610 μὲν
2189 563 2254 600 οὐκ
2269 569 2386 609 ἔσχον,
2412 569 2432 601 5

159 607 340 664 χρεώστας
372 608 411 644 δὲ
440 610 645 654 κατέλιπον,
680 608 703 654 ἢ
730 613 790 643 καὶ
821 609 1018 664 πράγματά
1049 624 1134 645 τινα
1162 612 1307 645 ἐκείνοις
1331 609 1562 658 διενεγκόντα
1600 612 1640 644 ἐν
1669 609 1869 658 παραθήκῃ
1902 610 1926 654 ἢ
1956 609 2128 657 ὑποθήκῃ
2159 608 2258 656 παρά
2288 623 2387 645 τισιν

159 658 371 699 ευρίσκεται,
403 658 515 690 κινεῖν
547 655 623 690 κατ’
651 657 800 689 ἐκείνων
828 666 892 689 τας
921 653 1146 701 ἁρμοζούσας
1179 653 1298 690 αὐτοῖς
1330 653 1474 703 ἀγωγὰς
1496 658 1556 689 καὶ
1580 655 1622 689 τὸ
1647 654 1776 690 ἱκανὸν
1800 656 1839 696 ἐξ
1863 653 1987 690 αὐτῶν
2012 657 2149 690 ἑαυτοῖς
2172 658 2385 701 περιποιεῖν.

159 699 205 733 τὰ
236 695 345 743 ὅμοια
377 697 416 734 δὲ
447 699 567 736 αὐτοῖς
599 699 873 746 φυλαχθήσεται
896 704 956 734 καὶ
980 702 1040 735 ἐπὶ
1066 703 1165 743 [ταῖς]
1190 702 1267 736 τῶν
1292 701 1446 743 ζώντων
1469 699 1728 735 συναλλακτῶν
1751 703 1811 734 καὶ
1834 699 2119 755 χρεωστούντων
2142 698 2273 742 αὐτοῖς,
2298 697 2387 735 ὥςτε

161 744 293 785 ἐξεῖναι
323 747 396 779 τοῖς
428 745 618 791 ἐνάγουσιν
647 744 671 789 ἢ
701 748 761 779 καὶ
793 746 1019 791 ἐναγομένοις
1041 745 1280 790 βουλομένοις,
1312 744 1379 780 κᾶν
1401 745 1451 791 μὴ
1474 748 1547 780 τοῖς
1571 743 1801 790 συμβολαίοις
1823 743 2014 788 υποθήκης
2038 747 2230 791 ἐμφέρεται
2251 746 2388 790 μνήμη,

158 787 411 835 ὑποθηκαρίας
443 787 542 834 ὅμως
573 794 686 826 κινεῖν
718 787 868 836 ἀγωγάς,
900 790 949 825 οἷς
978 790 1082 834 φύσει
1112 794 1186 825 τοῖς
1217 792 1294 826 τῶν
1319 790 1604 840 ἇργυροπρατῶν
1628 793 1687 824 καὶ
1707 791 1785 825 τῶν
1809 789 2098 835 συμβαλλόντων
2122 786 2241 824 αὐτοῖς
2259 789 2388 824 συναλ-
2415 794 2456 826 10

159 834 340 881 λάγμασιν
370 836 563 879 ἑπομένας,
594 839 655 870 καὶ
685 837 780 877 ἔχειν
810 835 904 869 κατὰ
935 836 1012 869 τῶν
1043 833 1207 870 ύστέοων
1237 838 1291 879 τῷ
1321 835 1442 883 χρόνῳ
1470 833 1640 879 δηλονότι
1664 833 1869 870 δανειστῶν
1892 835 1961 878 τὴν
1985 837 2215 880 προτιῖῖησιν.
2263 833 2391 869 ἄδικον

159 880 229 927 γὰρ
259 878 428 927 τυγχάνει
457 884 517 914 καὶ
547 882 609 924 τῆς
637 881 714 915 τῶν
742 880 927 927 ἡμετέρων
957 879 1101 926 χρόνων
1131 867 1360 923 δικαιοσύνης
1390 877 1592 925 ἀλλότριον,
1624 879 1706 915 τοὺς
1727 882 1795 925 μὲν
1819 877 2004 927 εὐεργέτας
2026 881 2104 915 τῶν
2128 878 2236 915 ἰδίων
2260 882 2390 925 στερεῖ-

159 926 253 960 σθαι
273 923 509 972 πραγμάτων,
532 926 614 960 τοὺς
637 924 677 960 δὲ
697 927 968 970 χρεωστοῦντας
991 928 1063 961 τοῖς
1086 924 1285 971 ἀλλοτρίοις
1307 928 1496 972 ἐντρυφᾶν.

1154 1037 1311 1074 CAPUT
1338 1037 1399 1073 lv.

296 1102 448 1139 Κάκεῖνο
481 1102 520 1138 δὲ
549 1106 594 1151 τῇ
625 1102 781 1159 ἡμετέρᾳ
811 1108 893 1150 περὶ
924 1103 1052 1140 αὐτοὺς
1084 1107 1272 1150 ἐπικουρίᾳ
1296 1104 1546 1150 προςτίθεμεν.
1595 1102 1719 1147 ἐπειδὴ
1741 1102 1813 1151 γὰρ
1833 1107 1906 1140 τοῖς
1929 1102 2014 1152 παρ’
2040 1103 2165 1140 αὐτῶν
2187 1107 2392 1152 γενομένοις

160 1148 431 1195 συναλλάγμασι
463 1147 604 1194 σφόδρα
633 1163 652 1183 ο
683 1151 810 1196 νεαρὸς
837 1148 943 1194 ἡμῶν
975 1150 1081 1193 νόμος
1108 1148 1345 1193 ἀνθίσταται,
1370 1149 1389 1184 ὁ
1416 1148 1741 1195 παρακελευόμενος
1765 1149 1848 1184 τοὺς
1867 1148 2052 1197 εὐεργέτας
2074 1149 2122 1194 μὴ
2146 1154 2276 1196 χωρεῖν
2299 1150 2393 1184 κατὰ
2417 1154 2458 1187 15

159 1197 237 1230 τῶν
268 1197 481 1239 πριαμένων
511 1194 595 1228 τινὰ
620 1194 719 1240 παρὰ
744 1196 821 1229 τῶν
844 1195 1141 1242 χρεωστούντων,
1171 1198 1259 1240 πρὶν
1279 1193 1326 1230 ἂν
1349 1194 1385 1229 οἱ
1407 1194 1645 1241 πρωτότυποι
1667 1195 1846 1240 χρεῶσται
1865 1194 1997 1241 ἄποροι
2021 1193 2083 1230 διὰ
2106 1197 2169 1238 τῆς
2193 1192 2392 1230 ἐκστάσεως

160 1237 435 1282 ἀποδειχθῶσιν
470 1235 574 1285 (ὅπερ
608 1237 724 1274 αὐτοῖς
760 1238 857 1274 πάνυ
892 1240 1094 1283 καθέστηκε
1129 1240 1320 1286 φορτικόν,
1357 1238 1418 1274 διὰ
1454 1238 1497 1274 τὸ
1533 1238 1613 1274 τοὺς
1643 1237 1884 1285 ἀγοράζοντας
1916 1239 1964 1274 ὠς
1995 1242 2035 1275 ἔκ
2065 1252 2163 1275 τινος
2192 1241 2302 1274 ἔθους
2331 1243 2392 1275 καὶ

159 1285 366 1330 βεβαιωτὰς
398 1286 519 1327 ζητεῖν
551 1288 610 1318 καὶ
640 1285 708 1328 τὴν
740 1284 853 1328 ἄλλην
883 1285 1019 1320 ἑαυτοῖς
1049 1282 1251 1331 ἀσφάλειαν
1283 1285 1574 1330 περιποιεῖσθαι,
1607 1281 1725 1318 αὐτοῖς
1757 1283 1798 1318 δὲ
1828 1286 1935 1319 τοῦτο
1966 1285 2058 1330 μήτε
2088 1286 2176 1320 ἔθος
2207 1285 2299 1329 μήτε
2322 1283 2392 1328 τὴν

159 1333 307 1373 ταχεῖαν
331 1330 410 1364 τῶν
440 1327 598 1363 συναλλα
621 1328 749 1373 μάτων
788 1331 940 1374 ἔκβασιν
964 1333 1188 1377 συγχωρεῖν),
1223 1330 1448 1375 θεσπίζομεν
1477 1327 1537 1363 διὰ
1568 1330 1633 1363 τοῦ
1666 1329 1844 1375 παρόντος
1875 1330 1980 1364 θείου
2005 1332 2257 1377 πραγματικοῦ
2276 1329 2392 1365 τύπου

160 1372 238 1410 κατ>
263 1372 382 1418 ἰδικὴν
406 1371 526 1409 αὐτοῖς
554 1372 588 1408 δι
614 1378 741 1419 ομένου
767 1374 977 1420 φιλοτιμίαν
1007 1376 1056 1420 μὴ
1090 1374 1294 1420 δυναμένην
1317 1375 1426 1419 ἑτέρῳ
1452 1374 1632 1421 προςιόπῳ
1657 1370 1680 1417 ἢ
1703 1373 1869 1419 μεθοδίῳ
1894 1372 1916 1431 ἢ
1940 1380 2134 1419 σωματείῳ
2158 1373 2182 1419 ἢ
2205 1374 2391 1418 έπιτηδεύ-
2417 1379 2460 1412 20

160 1433 248 1465 ματι
272 1419 461 1455 παντελῶς
484 1417 664 1464 ἁρμόζειν,
689 1419 856 1464 τοιαύτης
880 1417 1008 1454 αὐτούς
1031 1434 1070 1455 τε
1093 1423 1153 1455 καὶ
1176 1420 1259 1454 τοὺς
1284 1417 1404 1454 αὐτῶν
1429 1418 1682 1462 συναλλάκτας,
1706 1417 1814 1461 ἡνίκα
1837 1434 1905 1454 κατ
1941 1417 2064 1455 αὐτῶν
2081 1417 2222 1467 ἀγωγὰς
2240 1421 2392 1462 κινοῦσι,

161 1468 358 1511 προνομίας
388 1463 587 1500 ἀπολαύειν
618 1467 658 1499 ἐν
689 1467 743 1509 τῷ
769 1467 951 1509 ἐπιζητεῖν
975 1479 1015 1500 τε
1036 1468 1096 1499 καὶ
1123 1463 1269 1500 διώκειν
1292 1465 1339 1500 τὰ
1364 1465 1571 1520 πράγματα,
1601 1461 1655 1510 ἐφ’
1682 1464 1733 1499 οἷς
1757 1464 1878 1500 αὐτοῖς
1901 1462 1921 1500 ὁ
1946 1465 2074 1511 χρόνος
2097 1468 2244 1511 παρέχει
2268 1469 2392 1510 προτί-

160 1523 290 1556 μησιν,
326 1508 461 1545 ὁποίαν
486 1509 556 1556 πρὸ
583 1512 646 1554 τῆς
679 1508 851 1556 ἡμετέρας
885 1513 993 1553 ἔσχον
1028 1511 1265 1556 νομοθεσίας,
1301 1507 1390 1545 ῶςτε
1425 1509 1552 1544 αυτούς
1582 1510 1631 1554 μὴ
1662 1512 1901 1555 βαρουμένους
1929 1512 1976 1558 τῇ
2009 1508 2192 1551 ἀποδείξει
2221 1511 2284 1554 τῆς
2314 1511 2394 1544 τῶν

161 1554 446 1601 χρεωστούντων
471 1554 681 1597 ἐκστάσεως,
706 1556 806 1602 εἴπερ
829 1555 879 1600 μὴ
902 1553 1093 1598 δυνηθῶσι
1117 1569 1167 1590 πα
1194 1557 1216 1589 ἀ
1241 1557 1304 1590 τοῦ
1330 1555 1572 1601 πρωτοτύπου
1601 1553 1644 1589 τὸ
1669 1554 1795 1590 ἱκανὸν
1819 1553 2022 1600 ὑπομεῖναι,
2045 1559 2176 1601 χωρεῖν
2200 1555 2293 1589 κατὰ
2314 1556 2394 1590 τῶν

162 1600 439 1644 ἐκποιηθέντων
470 1597 528 1635 ὑπ’
562 1602 712 1635 ἐκείνων
740 1600 965 1647 πραγμάτων
990 1604 1051 1635 καὶ
1082 1601 1121 1642 ἐξ
1151 1602 1163 1634 ἰ
1189 1602 1262 1644 ικῆς
1283 1598 1306 1645 ἢ
1328 1602 1467 1647 γενικῆς
1489 1597 1678 1643 ὑποθήκης
1703 1599 1820 1634 αὐτοῖς
1841 1598 2100 1645 ὑποκειμένων,
2120 1598 2173 1646 ἐφ’
2201 1591 2263 1643 ὧν,
2290 1600 2392 1634 καθὰ
2418 1604 2460 1637 25

161 1648 310 1692 εἴρηται,
335 1648 597 1692 προγενέστερα
626 1647 704 1680 τῶν
735 1644 857 1680 ἄλλων
882 1644 1086 1681 δανειστῶν
1109 1647 1227 1689 έχουσι
1248 1643 1379 1680 δίκαια.
1427 1644 1582 1690 οἰόμεθα
1604 1644 1675 1691 γὰρ
1697 1645 1744 1679 τὰ
1768 1647 1821 1688 τῷ
1846 1649 2093 1690 προειρημένῳ
2115 1649 2308 1690 σωματείῳ
2335 1649 2396 1679 καὶ

161 1695 234 1726 τοῖς
259 1691 380 1725 αὐτῶν
400 1690 659 1726 συναλλάκταις
681 1689 911 1738 παρεχόμενα
935 1691 983 1725 εἰς
1004 1691 1073 1733 τὴν
1097 1691 1222 1734 κοινὴν
1245 1695 1444 1725 συντείνειν
1467 1688 1684 1736 εὐεργεσίαν,
1708 1689 1767 1724 οἶα
1793 1687 1916 1725 αὐτῶν
1938 1691 2002 1725 οὑκ
2019 1688 2152 1737 ὀλίγοις
2167 1694 2278 1734 τισίν,
2302 1686 2395 1724 ἀλλὰ

161 1740 234 1771 τοῖς
255 1738 295 1771 ἐν
318 1735 418 1783 πάσῃ
442 1734 572 1779 σχεδὸν
596 1738 641 1783 τῇ
665 1735 832 1779 πολιτείᾳ
853 1738 1053 1782 γινομένοις
1077 1733 1372 1782 συναλλάγμασιν
1395 1734 1692 1781 ὑπουργούντων.

1165 1847 1322 1883 CAPUT
1348 1848 1391 1885 V.

296 1919 372 1951 Καὶ
400 1916 509 1951 τοῦτο
537 1914 577 1951 δὲ
605 1913 725 1951 αὐτοῖς
755 1918 956 1961 παρασχεῖν
988 1915 1131 1950 αἰτοῦσι
1162 1912 1384 1959 συνείδομεν,
1413 1911 1503 1950 ὥςτε
1535 1914 1642 1958 ἡνίκα
1667 1913 1716 1950 ἄν
1739 1925 1838 1949 τισιν
1862 1914 2027 1963 ἐπάγωσι
2052 1913 2153 1950 δίκας
2175 1918 2235 1950 καὶ
2259 1916 2307 1950 εἰς
2326 1914 2396 1959 τὴν

160 1963 222 2006 τῆς
246 1960 518 2007 δεκατημοιρίας
541 1959 738 2008 ὁμολογίαν
760 1960 1068 2004 συνελαύνωνται,
1090 1959 1141 2006 μὴ
1166 1956 1409 1996 ἀπαιτεῖσθαι
1432 1958 1568 2007 ἐγγύας,
1593 1958 1684 1995 ἀλλὰ
1707 1957 1829 2006 ἀρκεῖν
1852 1960 1922 2003 τὴν
1946 1958 2070 1996 αὐτῶν
2085 1963 2146 1996 ἐπὶ
2164 1960 2285 2005 τούτῳ
2300 1974 2395 2006 γινο-
2420 1966 2463 1998 30

161 2155 237 2190 sint
267 2163 333 2187 nec
362 2150 537 2186 minorem
568 2161 676 2196 quam
703 2148 853 2197 publica
885 2150 1123 2186 instrumenta
1154 2150 1224 2185 vim
1254 2147 1427 2191 habeant,
1459 2159 1539 2184 cum
1563 2159 1638 2184 non
1660 2150 1839 2184 securitas
1860 2149 1907 2184 iis
1930 2149 2039 2192 desit,
2069 2149 2136 2185 sed
2156 2149 2237 2186 sola
2257 2150 2397 2196 forma.

163 2200 239 2235 Nec
270 2197 383 2233 ullum
405 2195 693 2242 supplicantibus
715 2194 980 2241 praeiudicium
1000 2194 1084 2230 inde
1101 2195 1182 2240 fiat,
1207 2193 1308 2240 quod
1329 2204 1403 2229 non
1425 2193 1550 2230 insunt
1573 2193 1799 2241 hypothecae
1822 2198 1887 2230 aut
1910 2193 2081 2231 heredum
2104 2205 2396 2232 successorumve

166 2254 297 2280 nomen
321 2243 359 2277 in
382 2241 529 2287 scriptis
553 2252 576 2276 a
599 2238 893 2276 contrahentibus
916 2251 996 2276 cum
1019 2240 1109 2286 ipsis
1132 2238 1348 2286 compositis.

299 2287 364 2322 111.
412 2285 606 2321 Habebunt
638 2290 756 2320 autem
787 2284 851 2330 qui
881 2296 931 2321 ex
953 2284 1078 2321 eodem
1097 2289 1183 2320 sunt
1205 2283 1499 2330 arqentariorum
1524 2294 1692 2330 corpore,
1716 2294 1831 2330 aeque
1853 2288 1972 2320 autem
1995 2284 2104 2320 etiam
2127 2284 2395 2328 contrahentes,

164 2332 311 2381 quando
342 2332 477 2367 similes
508 2330 682 2366 adversus
712 2329 795 2365 illos
825 2330 987 2366 actiones
1010 2333 1162 2372 movent,
1190 2328 1422 2374 facultatem,
1455 2329 1487 2364 si
1510 2329 1573 2375 qui
1597 2328 1854 2375 defunctorum
1877 2328 2029 2365 heredes
2051 2334 2210 2376 propter
2231 2330 2294 2366 ino
2323 2332 2394 2367 iam

164 2390 237 2415 non
261 2377 462 2418 habuerint,
488 2375 666 2412 debitores
689 2385 772 2422 vero
789 2375 1013 2420 reliquerint,
1037 2378 1102 2410 aut
1116 2384 1174 2410 res
1190 2374 1335 2420 aliquae
1335 2384 1446 2454 fuae
1462 2373 1511 2409 ad
1525 2373 1608 2409 illos
1624 2373 1880 2420 pertinuerant
1895 2373 2083 2420 depositae
2099 2374 2156 2410 vel
2168 2374 2217 2421 hy
2246 2379 2285 2410 ot
2309 2386 2394 2412 ecae

164 2424 308 2460 nomine
342 2421 526 2466 obliqatae
557 2420 659 2467 apud
680 2420 826 2465 aliquos
848 2420 1087 2463 inveniantur,
1118 2419 1283 2455 movendi
1310 2430 1333 2454 a
1361 2429 1484 2454 versus
1514 2418 1598 2454 illos
1621 2422 1860 2465 competentes
1883 2420 2047 2455 actiones
2068 2422 2104 2454 et
2125 2429 2176 2455 ex
2194 2423 2205 2455 i
2221 2420 2267 2455 tis
2288 2421 2395 2456 satis-

162 2468 364 2516 factionem
388 2466 458 2502 sibi
476 2464 648 2512 parandi.
697 2463 840 2500 Similia
863 2471 982 2500 autem
1005 2465 1057 2500 eis
1079 2464 1318 2501 servabuntur
1341 2464 1447 2499 etiam
1466 2463 1504 2498 in
1528 2462 1781 2499 contrahentes
1804 2465 1960 2500 viventes
1983 2475 2179 2510 eorumque
2201 2464 2395 2508 debitores,

165 2519 206 2549 ut
238 2513 343 2548 liceat
375 2511 557 2546 actoribus
587 2513 653 2546 aut
676 2510 783 2545 etiam
806 2510 889 2554 reis,
920 2510 954 2545 si
975 2509 1095 2551 velint,
1122 2509 1263 2545 etiamsi
1286 2509 1324 2543 in
1349 2509 1596 2544 instrumentis
1619 2507 1845 2555 hypothecae
1868 2509 1972 2544 nulla
1995 2510 2128 2545 mentio
2152 2509 2249 2553 insit,
2273 2509 2394 2557 hypo-

167 2558 349 2596 thecarias
381 2559 499 2591 tamen
530 2555 691 2591 actiones
714 2565 863 2597 movere,
896 2555 1033 2601 quippe
1057 2565 1151 2600 quae
1173 2557 1306 2589 natura
1331 2554 1624 2599 arqentariorum
1648 2564 1846 2599 eorumque
1869 2555 1935 2599 qui
1956 2564 2035 2589 cum
2059 2553 2151 2600 ipsis
2173 2555 2396 2591 contrahunt

165 2607 375 2640 contractus
405 2604 616 2646 sequantur,
647 2604 682 2635 et
705 2598 836 2635 habere
859 2600 896 2634 in
914 2599 1140 2646 posteriores
1164 2603 1232 2634 tem
1261 2609 1324 2635 ore
1347 2598 1546 2634 creditores
1564 2601 1873 2645 praeroqativam.
1920 2597 2099 2634 Iniustum
2123 2599 2216 2635 enim
2240 2605 2295 2636 est
2318 2605 2353 2636 et
2371 2612 2395 2636 a

165 2654 371 2685 nostrorum
396 2650 597 2691 temporum
620 2644 758 2680 iustitia
782 2644 939 2680 alienum
963 2644 1158 2680 creditores
1180 2655 1218 2678 re
1244 2653 1286 2679 us
1303 2644 1378 2679 suis
1430 2643 1554 2686 rivari,
1578 2642 1756 2679 debitores
1779 2643 1908 2680 alienis
1929 2643 2125 2679 luxuriari.

300 2692 360 2728 IV.
408 2690 484 2726 Sed
510 2690 618 2736 etiam
648 2689 742 2725 illud
770 2694 897 2724 nostro
927 2690 965 2724 in
995 2699 1058 2724 eos
1086 2689 1296 2735 patrocinio
1329 2688 1378 2723 ad
1404 2689 1507 2724 imus.
1557 2686 1732 2731 Quoniam
1763 2689 1856 2724 enim
1879 2688 1995 2733 factis
2018 2688 2062 2724 ab
2087 2689 2102 2723 i
2129 2689 2180 2724 sis
2196 2690 2393 2726 contracti-

165 2740 231 2776 bus
255 2737 477 2774 vehementer
499 2734 641 2771 novella
664 2739 789 2769 nostra
811 2734 872 2770 lex
894 2737 1087 2780 repuqnat,
1111 2743 1206 2779 quae
1228 2736 1324 2769 vetat
1348 2733 1543 2768 creditores
1566 2732 1740 2768 adversus
1762 2743 1836 2776 eos,
1868 2734 1934 2779 qui
1961 2733 2076 2779 aliqui
2125 2745 2148 2769 a
2173 2734 2394 2771 debitoribus

165 2784 327 2825 emerint,
341 2781 452 2827 prius
475 2791 498 2815 a
525 2790 595 2822 ere,
616 2790 725 2825 quam
745 2779 970 2826 principales
993 2778 1171 2814 debitores
1191 2788 1260 2824 per
1283 2778 1479 2813 cessionem
1503 2777 1677 2813 bonorum
1699 2778 1830 2824 inopes
1853 2789 1929 2814 esse
1952 2782 2089 2814 constet
2111 2779 2226 2824 (quod
2246 2780 2293 2815 iis
2306 2790 2395 2816 sane

165 2829 351 2865 molestum
375 2830 440 2868 est,
464 2826 478 2860 i
504 2836 546 2860 eo
570 2824 670 2870 quod
692 2828 846 2860 ementes
867 2835 918 2859 ex
941 2822 1099 2869 quadam
1123 2823 1380 2858 consuetudine
1403 2826 1438 2858 et
1457 2822 1690 2867 fideiussores
1704 2827 1887 2869 quaerunt
1903 2826 1938 2858 et
1954 2823 2064 2858 aliam
2080 2824 2150 2859 sibi
2163 2825 2393 2861 securitatem

162 2877 312 2920 parant,
345 2871 435 2918 ipsis
466 2881 550 2906 vero
579 2870 619 2904 id
648 2879 764 2914 neque
795 2869 1015 2904 consuetudo
1046 2878 1161 2914 neque
1192 2867 1496 2912 conficiendorum
1527 2872 1776 2903 contractuum
1800 2868 1967 2905 celeritas
1984 2868 2187 2914 permittit),
2210 2871 2394 2905 sancimus

163 2930 234 2965 per
261 2920 489 2964 praesentem
519 2924 662 2950 sacram
687 2914 956 2960 praqmaticam
983 2913 1143 2958 formam
1172 2912 1324 2959 speciali
1355 2913 1445 2958 ipsis
1475 2911 1599 2948 datam
1632 2913 1822 2957 beneficio,
1858 2924 1952 2959 quae
1986 2913 2095 2948 alteri
2126 2924 2308 2960 personae
2338 2915 2397 2951 vel

167 2962 320 3007 colleqio
352 2959 410 2996 vel
438 2959 588 3006 corpori
618 2958 674 2993 vel
697 2958 902 2993 condicioni
931 2957 1032 2993 nullo
1065 2957 1170 2992 modo
1201 2961 1401 3003 competere
1425 2960 1570 3003 potest,
1602 2960 1636 2992 et
1655 2958 1766 3036 ἔρεθε
1796 2962 1832 2993 et
1855 2958 1919 3004 qui
1942 2968 2022 2993 cum
2045 2958 2136 3004 ipsis
2159 2959 2393 3002 contrahunt,

167 3006 314 3054 quando
336 3004 510 3040 adversus
533 3003 634 3049 ipsos
658 3003 818 3038 actiones
841 3002 1043 3045 instituant,
1069 3002 1133 3038 tali
1153 3002 1346 3049 privileqio
1363 3002 1420 3037 uti
1433 3002 1470 3037 in
1486 3001 1651 3047 inquirere
1681 3003 1713 3037 is
1726 3003 2054 3048 persequendisque
2069 3003 2186 3045 rebus,
2211 3004 2249 3038 in
2265 3004 2394 3049 quibus

165 3052 216 3088 eis
241 3055 379 3096 tempus
394 3047 694 3095 praeroqalivam
716 3046 876 3093 praebet,
901 3046 1008 3093 quale
1031 3051 1115 3082 ante
1135 3052 1295 3082 nostram
1321 3045 1584 3091 leqislationem
1604 3045 1816 3089 habuerunt,
1844 3052 1885 3083 ut
1911 3058 1985 3083 non
2007 3049 2153 3093 qravati
2169 3048 2394 3094 probatione

168 3097 344 3133 bonorum
375 3093 546 3129 cessionis
569 3104 592 3127 a
624 3091 844 3127 debitoribus
862 3092 1002 3143 sactae,
1034 3092 1107 3127 nisi
1127 3103 1150 3127 a
1196 3090 1433 3137 rincipalibus
1455 3091 1743 3136 satisfactionem
1764 3092 1935 3137 consequi
1956 3092 2154 3138 potuerint,
2179 3093 2396 3129 conveniant

167 3153 226 3178 res
257 3141 302 3176 ab
334 3139 407 3174 illis
437 3138 616 3173 alienatas
639 3141 675 3172 et
698 3147 748 3172 ex
769 3137 922 3182 spectati
943 3137 1000 3172 vel
1022 3102 1194 3182 qeneralie
1208 3134 1413 3183 hypotheca
1436 3136 1525 3182 ipsis
1548 3135 1741 3177 obnoxias,
1766 3138 1803 3171 in
1827 3137 1967 3182 quibus,
1992 3141 2031 3171 ut
2054 3136 2188 3172 dictum
2211 3141 2275 3180 est,
2299 3138 2392 3174 anti-

167 3187 276 3233 quius
298 3184 425 3221 ceteris
448 3181 686 3218 creditoribus
709 3182 765 3217 ius
789 3181 928 3218 habent.
977 3177 1240 3217 Emistimamus
1262 3181 1354 3216 enim
1378 3191 1434 3223 ea,
1470 3191 1564 3226 quae
1596 3180 1692 3215 dicto
1718 3182 2010 3227 arqentariorum
2034 3181 2182 3228 corpori
2205 3185 2240 3218 et
2262 3182 2308 3217 iis
2331 3183 2395 3228 qui

169 3242 246 3266 eum
271 3230 324 3265 eis
354 3226 576 3264 contrahunt
598 3226 858 3268 conceduntur,
889 3225 940 3261 ad
962 3237 1180 3273 communem
1203 3226 1355 3261 salutem
1379 3225 1562 3270 conferre,
1593 3224 1674 3260 ideo
1698 3225 1798 3271 quod
1820 3226 1874 3262 itti
1897 3226 2141 3262 contractibus
2167 3237 2241 3262 non
2261 3227 2394 3273 paucis

170 3274 396 3322 quibusdam,
420 3272 485 3308 sed
507 3273 545 3307 in
570 3271 738 3307 universa
758 3272 842 3318 fere
865 3271 1051 3317 republica
1074 3271 1188 3316 factis
1210 3270 1382 3305 serviunt.

302 3319 347 3355 V.
394 3318 513 3363 Atque
543 3317 650 3352 etiam
681 3315 751 3352 hoc
782 3317 828 3351 iis
852 3316 1061 3362 petentibus
1084 3315 1278 3351 concedere
1301 3314 1561 3357 constituimus,
1585 3317 1625 3350 ut
1656 3316 1803 3361 quando
1827 3315 1956 3362 quibus
1979 3315 2075 3351 litem
2097 3315 2264 3362 inserant
2285 3319 2322 3352 et
2343 3316 2394 3352 ad

164 3365 441 3413 promissionem
465 3361 624 3398 decimae
645 3361 766 3408 partis
783 3364 975 3407 coqantur,
999 3371 1071 3396 non
1095 3360 1294 3407 exiqantur
1317 3359 1362 3395 ab
1386 3359 1432 3395 iis
1450 3358 1710 3404 fideiussiones,
1734 3361 1799 3396 sed
1820 3360 1987 3407 sufficiat
2009 3361 2171 3407 ipsorum
2194 3360 2240 3397 de
2261 3360 2331 3398 hac
2352 3371 2395 3398 re

220 3554 238 3590 'l
272 3552 334 3598 οὐχ
358 3553 533 3588 ἐλάττονα
555 3553 599 3586 Μ
612 3552 624 3596 ΙΙ
642 3548 788 3594 δεούσης
811 3551 1010 3591 Zachariae]
1038 3545 1184 3592 ἐνούσης
1209 3550 1250 3582 Μ
1315 3549 1339 3583 I
1345 3549 1413 3583 Vc.
1426 3550 1447 3583 2
1465 3547 1478 3592 ΙΙ
1497 3550 1537 3583 19
1560 3546 1677 3584 τύπου
1694 3548 1767 3591 Mb]
1792 3549 1905 3594 νόμου
1930 3552 1994 3586 M⁶
2011 3552 2024 3596 ΙΙ
2041 3555 2083 3588 23
2105 3550 2238 3588 ὁποίαν
2262 3556 2394 3590 ΖσοῘια-

170 3602 184 3646 u
202 3603 222 3636 3
239 3600 322 3644 παρ’
351 3597 475 3633 αὐτῶν
492 3611 560 3631 cum
578 3599 761 3640 Scrimqero
776 3599 864 3640 vulq.
880 3595 893 3640 {l
913 3597 931 3630 8
949 3597 1026 3629 ταῖς
1043 3595 1104 3628 del.
1118 3595 1248 3628 Zacha-
1316 3596 1398 3635 riae]
1427 3589 1536 3627 ὁποῖα
1567 3595 1610 3628 Μ
1636 3594 1649 3639 ΙΙ
1683 3596 1724 3629 28
1757 3595 1849 3630 πᾶσι
1868 3597 1916 3630 Μ
1940 3597 1952 3640 ΙΙ
1987 3600 2030 3632 30
2062 3595 2331 3645 δεκατομοιρίας
2353 3601 2397 3634 Μ

171 3648 241 3679 riae
259 3646 271 3689 ΙΙ
290 3646 433 3687 ζόντων
458 3644 504 3678 Μ
521 3643 533 3687 ΙΙ
561 3645 599 3678 11
626 3638 778 3687 ὕστερον
807 3642 852 3683 Μ,
877 3653 960 3674 corr.
986 3641 1149 3683 Scrimqer
1164 3639 1177 3684 ΙΙ
1207 3640 1248 3673 14
1316 3640 1412 3682 (idem
1436 3640 1511 3680 766,
1527 3647 1554 3674 3.
1570 3642 1608 3682 6).

173 3691 396 3737 προτίθεμεν
409 3690 460 3731 ΑΙ,
484 3702 568 3724 corr.
582 3689 746 3732 Scrimyer
764 3686 776 3731 ΙΙ
795 3688 835 3722 15
860 3681 1151 3730 νεαρὸς-νόμος]
1177 3697 1247 3718 που.
