<?xml version="1.0" encoding="UTF-8"?>
<!DOCTYPE html PUBLIC "-//W3C//DTD XHTML 1.0 Transitional//EN"
    "http://www.w3.org/TR/xhtml1/DTD/xhtml1-transitional.dtd">
<html xmlns="http://www.w3.org/1999/xhtml" xml:lang="en" lang="en">
 <head>
  <title>
</title>
<meta http-equiv="Content-Type" content="text/html;charset=utf-8" />
  <meta name='ocr-system' content='tesseract 3.04.00' />
  <meta name='ocr-capabilities' content='ocr_page ocr_carea ocr_par ocr_line ocrx_word'/>
</head>
<body>
  <div class='ocr_page' id='page_1' title='image "./corpusiuriscivil03krueuoft_0140.png"; bbox 0 0 2618 4010; ppageno 0'>
   <div class='ocr_carea' id='block_1_1' title="bbox 262 137 622 195">
    <p class='ocr_par' dir='ltr' id='par_1_1' title="bbox 262 137 622 195">
     <span class='ocr_line' id='line_1_1' title="bbox 262 137 622 195; baseline 0.003 -15"><span class='ocrx_word' id='word_1_1' title='bbox 262 137 368 181; x_wconf 90' lang='lat' dir='ltr'><strong>Nov.</strong></span> <span class='ocrx_word' id='word_1_2' title='bbox 400 138 479 181; x_wconf 90' lang='lat' dir='ltr'><strong>XV</strong></span> <span class='ocrx_word' id='word_1_3' title='bbox 509 153 569 195; x_wconf 87' lang='lat' dir='ltr'><strong>pr.</strong></span> <span class='ocrx_word' id='word_1_4' title='bbox 604 141 622 181; x_wconf 91' lang='lat'>1</span> 
     </span>
    </p>
   </div>
   <div class='ocr_carea' id='block_1_2' title="bbox 260 248 1342 611">
    <p class='ocr_par' dir='ltr' id='par_1_2' title="bbox 260 248 1342 611">
     <span class='ocr_line' id='line_1_2' title="bbox 262 248 1342 292; baseline 0.002 -8"><span class='ocrx_word' id='word_1_5' title='bbox 262 250 458 292; x_wconf 77' lang='grc' dir='ltr'><strong><em>ποιοῦντες,</em></strong></span> <span class='ocrx_word' id='word_1_6' title='bbox 485 253 543 284; x_wconf 80' lang='grc' dir='ltr'><strong>καὶ</strong></span> <span class='ocrx_word' id='word_1_7' title='bbox 563 250 671 284; x_wconf 80' lang='grc' dir='ltr'><strong><em>τοῦτο</em></strong></span> <span class='ocrx_word' id='word_1_8' title='bbox 694 250 757 284; x_wconf 83' lang='grc' dir='ltr'><em>τοῦ</em></span> <span class='ocrx_word' id='word_1_9' title='bbox 780 251 880 286; x_wconf 71' lang='grc' dir='ltr'><strong><em>ἔτους</em></strong></span> <span class='ocrx_word' id='word_1_10' title='bbox 902 249 1069 287; x_wconf 63' lang='grc' dir='ltr'><strong><em>πολλάκις</em></strong></span> <span class='ocrx_word' id='word_1_11' title='bbox 1094 252 1154 285; x_wconf 82' lang='grc' dir='ltr'><strong><em>ἐπὶ</em></strong></span> <span class='ocrx_word' id='word_1_12' title='bbox 1178 248 1342 286; x_wconf 74' lang='grc' dir='ltr'><strong><em>πλείοσιν</em></strong></span> 
     </span>
     <span class='ocr_line' id='line_1_3' title="bbox 261 292 1342 339; baseline 0.003 -12"><span class='ocrx_word' id='word_1_13' title='bbox 261 292 475 339; x_wconf 77' lang='grc' dir='ltr'><strong><em>ἀνθρώποις</em></strong></span> <span class='ocrx_word' id='word_1_14' title='bbox 506 292 743 339; x_wconf 79' lang='grc' dir='ltr'><strong><em>πράττοντες·</em></strong></span> <span class='ocrx_word' id='word_1_15' title='bbox 781 293 869 331; x_wconf 67' lang='grc' dir='ltr'><strong><em>ἆίςτε</em></strong></span> <span class='ocrx_word' id='word_1_16' title='bbox 901 299 962 330; x_wconf 79' lang='grc' dir='ltr'><strong>καὶ</strong></span> <span class='ocrx_word' id='word_1_17' title='bbox 996 296 1033 330; x_wconf 87' lang='grc' dir='ltr'><strong>οἱ</strong></span> <span class='ocrx_word' id='word_1_18' title='bbox 1066 296 1247 335; x_wconf 77' lang='grc' dir='ltr'><strong><em>ταξεῶται</em></strong></span> <span class='ocrx_word' id='word_1_19' title='bbox 1282 299 1342 330; x_wconf 74' lang='grc' dir='ltr'><strong>καὶ</strong></span> 
     </span>
     <span class='ocr_line' id='line_1_4' title="bbox 261 338 1342 385; baseline 0.003 -13"><span class='ocrx_word' id='word_1_20' title='bbox 261 339 299 373; x_wconf 82' lang='grc' dir='ltr'><strong>οἱ</strong></span> <span class='ocrx_word' id='word_1_21' title='bbox 323 341 401 373; x_wconf 82' lang='grc' dir='ltr'><strong>τῶν</strong></span> <span class='ocrx_word' id='word_1_22' title='bbox 424 339 567 374; x_wconf 83' lang='grc' dir='ltr'><strong><em>πόλεων</em></strong></span> <span class='ocrx_word' id='word_1_23' title='bbox 598 338 765 385; x_wconf 75' lang='grc' dir='ltr'><strong><em>ἄρχοντες</em></strong></span> <span class='ocrx_word' id='word_1_24' title='bbox 786 345 847 376; x_wconf 77' lang='grc' dir='ltr'><strong>καὶ</strong></span> <span class='ocrx_word' id='word_1_25' title='bbox 875 341 912 375; x_wconf 82' lang='grc' dir='ltr'><strong>οἱ</strong></span> <span class='ocrx_word' id='word_1_26' title='bbox 939 340 1071 375; x_wconf 72' lang='grc' dir='ltr'><strong><em>ταύτας</em></strong></span> <span class='ocrx_word' id='word_1_27' title='bbox 1102 341 1280 375; x_wconf 73' lang='grc' dir='ltr'><strong><em>οἰκοῦντες</em></strong></span> <span class='ocrx_word' id='word_1_28' title='bbox 1301 342 1342 376; x_wconf 69' lang='grc' dir='ltr'><strong>ἐν</strong></span> 
     </span>
     <span class='ocr_line' id='line_1_5' title="bbox 262 382 1342 431; baseline 0.002 -13"><span class='ocrx_word' id='word_1_29' title='bbox 262 383 391 431; x_wconf 76' lang='grc' dir='ltr'><strong><em>ἐσχάτῃ</em></strong></span> <span class='ocrx_word' id='word_1_30' title='bbox 414 382 679 431; x_wconf 77' lang='grc' dir='ltr'><strong><em>καταφρονήσει</em></strong></span> <span class='ocrx_word' id='word_1_31' title='bbox 701 384 768 420; x_wconf 83' lang='grc' dir='ltr'><strong>τὸν</strong></span> <span class='ocrx_word' id='word_1_32' title='bbox 797 383 941 421; x_wconf 75' lang='grc' dir='ltr'><strong><em>ἔκδικον</em></strong></span> <span class='ocrx_word' id='word_1_33' title='bbox 971 388 1098 428; x_wconf 81' lang='grc' dir='ltr'><strong><em>ἔχουσι.</em></strong></span> <span class='ocrx_word' id='word_1_34' title='bbox 1152 383 1201 419; x_wconf 83' lang='grc' dir='ltr'><strong>Τὰ</strong></span> <span class='ocrx_word' id='word_1_35' title='bbox 1234 383 1274 419; x_wconf 78' lang='grc' dir='ltr'><strong>δὲ</strong></span> <span class='ocrx_word' id='word_1_36' title='bbox 1297 384 1342 429; x_wconf 78' lang='grc' dir='ltr'><strong>δὴ</strong></span> 
     </span>
     <span class='ocr_line' id='line_1_6' title="bbox 262 426 607 474; baseline 0 -11"><span class='ocrx_word' id='word_1_37' title='bbox 262 426 495 474; x_wconf 82' lang='grc' dir='ltr'><strong><em>πραττόμενα</em></strong></span> <span class='ocrx_word' id='word_1_38' title='bbox 515 442 568 464; x_wconf 85' lang='grc' dir='ltr'><strong>πα</strong></span> <span class='ocrx_word' id='word_1_39' title='bbox 596 430 607 443; x_wconf 80' lang='grc'><em>’</em></span> 
     </span>
     <span class='ocr_line' id='line_1_7' title="bbox 261 472 1338 522; baseline 0.001 -14"><span class='ocrx_word' id='word_1_40' title='bbox 261 476 292 508; x_wconf 87' lang='grc' dir='ltr'><strong>εί</strong></span> <span class='ocrx_word' id='word_1_41' title='bbox 314 473 382 521; x_wconf 77' lang='grc' dir='ltr'><strong>γὰρ</strong></span> <span class='ocrx_word' id='word_1_42' title='bbox 401 474 451 518; x_wconf 89' lang='grc' dir='ltr'><strong>μὴ</strong></span> <span class='ocrx_word' id='word_1_43' title='bbox 467 473 575 509; x_wconf 78' lang='grc' dir='ltr'><strong><em>ἐπιτά</em></strong></span> <span class='ocrx_word' id='word_1_44' title='bbox 598 489 678 509; x_wconf 81' lang='grc' dir='ltr'><strong><em>αιεν</em></strong></span> <span class='ocrx_word' id='word_1_45' title='bbox 699 475 736 510; x_wconf 86' lang='grc' dir='ltr'><strong>οἱ</strong></span> <span class='ocrx_word' id='word_1_46' title='bbox 756 477 835 510; x_wconf 84' lang='grc' dir='ltr'><strong>τῶν</strong></span> <span class='ocrx_word' id='word_1_47' title='bbox 857 477 1040 522; x_wconf 75' lang='grc' dir='ltr'><strong><em>ἐπαρχιῶν</em></strong></span> <span class='ocrx_word' id='word_1_48' title='bbox 1058 486 1236 521; x_wconf 84' lang='grc' dir='ltr'><strong><em>αρχοντες,</em></strong></span> <span class='ocrx_word' id='word_1_49' title='bbox 1260 473 1325 509; x_wconf 82' lang='grc' dir='ltr'><strong>οὐδ</strong></span> <span class='ocrx_word' id='word_1_50' title='bbox 1331 472 1338 485; x_wconf 79' lang='lat'>²</span> 
     </span>
     <span class='ocr_line' id='line_1_8' title="bbox 260 517 1339 568; baseline 0.002 -16"><span class='ocrx_word' id='word_1_51' title='bbox 260 517 306 552; x_wconf 78' lang='grc' dir='ltr'><strong>ιῗν</strong></span> <span class='ocrx_word' id='word_1_52' title='bbox 334 517 553 564; x_wconf 81' lang='grc' dir='ltr'><strong><em>τολμήσαιέν</em></strong></span> <span class='ocrx_word' id='word_1_53' title='bbox 585 534 669 555; x_wconf 88' lang='grc' dir='ltr'><strong><em>τινα</em></strong></span> <span class='ocrx_word' id='word_1_54' title='bbox 705 521 838 568; x_wconf 76' lang='grc' dir='ltr'><strong><em>πρᾶξιν</em></strong></span> <span class='ocrx_word' id='word_1_55' title='bbox 866 518 1137 563; x_wconf 78' lang='grc' dir='ltr'><strong><em>ὑπομνημάτων</em></strong></span> <span class='ocrx_word' id='word_1_56' title='bbox 1166 518 1339 563; x_wconf 81' lang='grc' dir='ltr'><strong><em>συστήσα-</em></strong></span> 
     </span>
     <span class='ocr_line' id='line_1_9' title="bbox 261 562 1339 611; baseline 0.002 -14"><span class='ocrx_word' id='word_1_57' title='bbox 261 564 354 598; x_wconf 88' lang='grc' dir='ltr'><strong><em>σθαι</em></strong></span> <span class='ocrx_word' id='word_1_58' title='bbox 376 563 469 611; x_wconf 77' lang='grc' dir='ltr'><strong><em>παρ’</em></strong></span> <span class='ocrx_word' id='word_1_59' title='bbox 496 565 632 600; x_wconf 77' lang='grc' dir='ltr'><strong><em>ἑαυτοῖς</em></strong></span> <span class='ocrx_word' id='word_1_60' title='bbox 655 565 691 600; x_wconf 84' lang='grc' dir='ltr'><strong>οἱ</strong></span> <span class='ocrx_word' id='word_1_61' title='bbox 713 564 834 602; x_wconf 77' lang='grc' dir='ltr'><strong><em>πάντα</em></strong></span> <span class='ocrx_word' id='word_1_62' title='bbox 859 562 1083 599; x_wconf 73' lang='grc' dir='ltr'><strong><em>δουλεύοντες</em></strong></span> <span class='ocrx_word' id='word_1_63' title='bbox 1107 562 1226 600; x_wconf 78' lang='grc' dir='ltr'><strong><em>αὐτοῖς</em></strong></span> <span class='ocrx_word' id='word_1_64' title='bbox 1248 563 1339 599; x_wconf 77' lang='grc' dir='ltr'><strong><em>ἔκδι-</em></strong></span> 
     </span>
    </p>
   </div>
   <div class='ocr_carea' id='block_1_3' title="bbox 261 608 1342 656">
    <p class='ocr_par' dir='ltr' id='par_1_3' title="bbox 261 608 1342 656">
     <span class='ocr_line' id='line_1_10' title="bbox 261 608 1342 656; baseline 0.002 -14"><span class='ocrx_word' id='word_1_65' title='bbox 261 622 332 651; x_wconf 87' lang='grc' dir='ltr'><strong><em>κοι,</em></strong></span> <span class='ocrx_word' id='word_1_66' title='bbox 363 613 437 645; x_wconf 81' lang='grc' dir='ltr'><strong><em>τοῖς</em></strong></span> <span class='ocrx_word' id='word_1_67' title='bbox 464 612 614 645; x_wconf 78' lang='grc' dir='ltr'><strong><em>ἐκείνων</em></strong></span> <span class='ocrx_word' id='word_1_68' title='bbox 636 609 786 655; x_wconf 82' lang='grc' dir='ltr'><strong><em>νεύμασι</em></strong></span> <span class='ocrx_word' id='word_1_69' title='bbox 813 614 1039 656; x_wconf 85' lang='grc' dir='ltr'><strong><em>προςέχοντες</em></strong></span> <span class='ocrx_word' id='word_1_70' title='bbox 1067 609 1201 654; x_wconf 84' lang='grc' dir='ltr'><strong><em>μόνοις.</em></strong></span> <span class='ocrx_word' id='word_1_71' title='bbox 1247 611 1279 644; x_wconf 80' lang='grc' dir='ltr'><strong>εἰ</strong></span> <span class='ocrx_word' id='word_1_72' title='bbox 1302 608 1342 644; x_wconf 78' lang='grc' dir='ltr'><strong>δὲ</strong></span> 
     </span>
    </p>
   </div>
   <div class='ocr_carea' id='block_1_4' title="bbox 1332 136 1406 185">
    <p class='ocr_par' dir='ltr' id='par_1_4' title="bbox 1332 136 1406 185">
     <span class='ocr_line' id='line_1_11' title="bbox 1332 136 1406 185; baseline 0 -1"><span class='ocrx_word' id='word_1_73' title='bbox 1332 136 1406 185; x_wconf 91' lang='grc'><strong>110</strong></span> 
     </span>
    </p>
   </div>
   <div class='ocr_carea' id='block_1_5' title="bbox 2064 157 2484 191">
    <p class='ocr_par' dir='ltr' id='par_1_5' title="bbox 2064 157 2484 191">
     <span class='ocr_line' id='line_1_12' title="bbox 2064 157 2484 191; baseline 0.01 -4"><span class='ocrx_word' id='word_1_74' title='bbox 2064 157 2124 188; x_wconf 85' lang='lat' dir='ltr'><strong>DE</strong></span> <span class='ocrx_word' id='word_1_75' title='bbox 2151 157 2484 191; x_wconf 73' lang='lat' dir='ltr'>DEFENSORIBUS</span> 
     </span>
    </p>
   </div>
   <div class='ocr_carea' id='block_1_6' title="bbox 1408 251 2485 431">
    <p class='ocr_par' dir='ltr' id='par_1_6' title="bbox 1408 251 2485 431">
     <span class='ocr_line' id='line_1_13' title="bbox 1408 251 2484 305; baseline 0.007 -18"><span class='ocrx_word' id='word_1_76' title='bbox 1408 251 1613 304; x_wconf 76' lang='lat' dir='ltr'><strong>frequenter</strong></span> <span class='ocrx_word' id='word_1_77' title='bbox 1623 251 1672 305; x_wconf 41' lang='lat' dir='ltr'><strong>‚in</strong></span> <span class='ocrx_word' id='word_1_78' title='bbox 1696 252 1859 297; x_wconf 84' lang='lat' dir='ltr'><strong>pluribus</strong></span> <span class='ocrx_word' id='word_1_79' title='bbox 1882 253 2084 292; x_wconf 87' lang='lat' dir='ltr'><strong>hominibus</strong></span> <span class='ocrx_word' id='word_1_80' title='bbox 2107 259 2265 301; x_wconf 76' lang='lat' dir='ltr'><strong>agentes,</strong></span> <span class='ocrx_word' id='word_1_81' title='bbox 2288 259 2330 293; x_wconf 89' lang='grc' dir='ltr'><strong>ιιι</strong></span> <span class='ocrx_word' id='word_1_82' title='bbox 2348 259 2385 293; x_wconf 89' lang='lat' dir='ltr'><strong>et</strong></span> <span class='ocrx_word' id='word_1_83' title='bbox 2403 257 2484 293; x_wconf 80' lang='lat' dir='ltr'><strong>offl-</strong></span> 
     </span>
     <span class='ocr_line' id='line_1_14' title="bbox 1410 297 2485 339; baseline 0.007 -8"><span class='ocrx_word' id='word_1_84' title='bbox 1410 297 1518 331; x_wconf 81' lang='lat' dir='ltr'><strong>ciales</strong></span> <span class='ocrx_word' id='word_1_85' title='bbox 1542 302 1578 332; x_wconf 86' lang='lat' dir='ltr'><strong>et</strong></span> <span class='ocrx_word' id='word_1_86' title='bbox 1601 300 1780 332; x_wconf 86' lang='lat' dir='ltr'><strong>c1v1tatum</strong></span> <span class='ocrx_word' id='word_1_87' title='bbox 1808 298 1944 336; x_wconf 88' lang='lat' dir='ltr'><strong>iudices</strong></span> <span class='ocrx_word' id='word_1_88' title='bbox 1972 303 2009 336; x_wconf 91' lang='lat' dir='ltr'><strong>et</strong></span> <span class='ocrx_word' id='word_1_89' title='bbox 2038 301 2166 337; x_wconf 88' lang='lat' dir='ltr'><strong>harum</strong></span> <span class='ocrx_word' id='word_1_90' title='bbox 2196 302 2418 339; x_wconf 74' lang='lat' dir='ltr'><strong>habitatores</strong></span> <span class='ocrx_word' id='word_1_91' title='bbox 2446 303 2485 339; x_wconf 91' lang='lat' dir='ltr'><strong>in</strong></span> 
     </span>
     <span class='ocr_line' id='line_1_15' title="bbox 1409 341 2484 395; baseline 0.007 -19"><span class='ocrx_word' id='word_1_92' title='bbox 1409 341 1599 377; x_wconf 89' lang='lat' dir='ltr'><strong>novissimo</strong></span> <span class='ocrx_word' id='word_1_93' title='bbox 1622 345 1833 395; x_wconf 46' lang='lat' dir='ltr'><strong>contemptu·</strong></span> <span class='ocrx_word' id='word_1_94' title='bbox 1847 343 2067 382; x_wconf 78' lang='lat' dir='ltr'><strong>defensorem</strong></span> <span class='ocrx_word' id='word_1_95' title='bbox 2086 346 2253 383; x_wconf 87' lang='lat' dir='ltr'><strong>habeant.</strong></span> <span class='ocrx_word' id='word_1_96' title='bbox 2290 347 2388 391; x_wconf 79' lang='lat' dir='ltr'><strong>Quae</strong></span> <span class='ocrx_word' id='word_1_97' title='bbox 2400 358 2484 384; x_wconf 86' lang='lat' dir='ltr'><strong>vero</strong></span> 
     </span>
     <span class='ocr_line' id='line_1_16' title="bbox 1409 386 2485 431; baseline 0.007 -11"><span class='ocrx_word' id='word_1_98' title='bbox 1409 389 1564 431; x_wconf 84' lang='lat' dir='ltr'><strong>aguntur</strong></span> <span class='ocrx_word' id='word_1_99' title='bbox 1591 386 1638 422; x_wconf 84' lang='lat' dir='ltr'><strong>ab</strong></span> <span class='ocrx_word' id='word_1_100' title='bbox 1662 387 1714 422; x_wconf 89' lang='lat' dir='ltr'><strong>eis</strong></span> <span class='ocrx_word' id='word_1_101' title='bbox 1745 387 1792 422; x_wconf 88' lang='lat' dir='ltr'><strong>ad</strong></span> <span class='ocrx_word' id='word_1_102' title='bbox 1823 391 1938 425; x_wconf 81' lang='lat' dir='ltr'><strong>instar</strong></span> <span class='ocrx_word' id='word_1_103' title='bbox 1966 400 2041 426; x_wconf 88' lang='lat' dir='ltr'><strong>non</strong></span> <span class='ocrx_word' id='word_1_104' title='bbox 2070 395 2232 428; x_wconf 84' lang='lat' dir='ltr'><strong>actorum</strong></span> <span class='ocrx_word' id='word_1_105' title='bbox 2262 396 2358 428; x_wconf 90' lang='lat' dir='ltr'><strong>sunt.</strong></span> <span class='ocrx_word' id='word_1_106' title='bbox 2405 393 2485 428; x_wconf 81' lang='lat' dir='ltr'><strong>Nisi</strong></span> 
     </span>
    </p>
   </div>
   <div class='ocr_carea' id='block_1_7' title="bbox 630 428 2485 484">
    <p class='ocr_par' dir='ltr' id='par_1_7' title="bbox 630 428 2485 484">
     <span class='ocr_line' id='line_1_17' title="bbox 630 428 2485 484; baseline 0.005 -20"><span class='ocrx_word' id='word_1_107' title='bbox 630 429 750 465; x_wconf 77' lang='grc' dir='ltr'><strong><em>αὐτοῖς</em></strong></span> <span class='ocrx_word' id='word_1_108' title='bbox 769 432 809 465; x_wconf 74' lang='grc' dir='ltr'><strong>ἐν</strong></span> <span class='ocrx_word' id='word_1_109' title='bbox 833 431 901 475; x_wconf 82' lang='grc' dir='ltr'><strong><em>ἴσῳ</em></strong></span> <span class='ocrx_word' id='word_1_110' title='bbox 921 434 994 465; x_wconf 79' lang='grc' dir='ltr'><strong><em>τοῖς</em></strong></span> <span class='ocrx_word' id='word_1_111' title='bbox 1013 428 1207 484; x_wconf 69' lang='grc' dir='ltr'><strong><em>ἀπράκτοις</em></strong></span> <span class='ocrx_word' id='word_1_112' title='bbox 1230 431 1340 465; x_wconf 76' lang='grc' dir='ltr'><strong><em>ἐστίν.</em></strong></span> <span class='ocrx_word' id='word_1_113' title='bbox 1377 435 1397 466; x_wconf 84' lang='lat'>5</span> <span class='ocrx_word' id='word_1_114' title='bbox 1410 431 1502 466; x_wconf 85' lang='lat' dir='ltr'><strong>enim</strong></span> <span class='ocrx_word' id='word_1_115' title='bbox 1525 430 1777 476; x_wconf 75' lang='lat' dir='ltr'>imperaverint</span> <span class='ocrx_word' id='word_1_116' title='bbox 1799 433 2060 477; x_wconf 84' lang='lat' dir='ltr'><strong>provinciarum</strong></span> <span class='ocrx_word' id='word_1_117' title='bbox 2082 436 2237 479; x_wconf 89' lang='lat' dir='ltr'><strong>iudices,</strong></span> <span class='ocrx_word' id='word_1_118' title='bbox 2261 447 2354 482; x_wconf 82' lang='lat' dir='ltr'><strong>nequ</strong></span> <span class='ocrx_word' id='word_1_119' title='bbox 2402 448 2485 473; x_wconf 86' lang='lat' dir='ltr'><strong>uam</strong></span> 
     </span>
    </p>
   </div>
   <div class='ocr_carea' id='block_1_8' title="bbox 1410 477 2485 659">
    <p class='ocr_par' dir='ltr' id='par_1_8' title="bbox 1410 477 2485 659">
     <span class='ocr_line' id='line_1_18' title="bbox 1410 477 2485 522; baseline 0.008 -13"><span class='ocrx_word' id='word_1_120' title='bbox 1410 481 1644 521; x_wconf 87' lang='lat' dir='ltr'><strong>praesumunt</strong></span> <span class='ocrx_word' id='word_1_121' title='bbox 1666 477 1838 521; x_wconf 81' lang='lat' dir='ltr'><strong>quaedam</strong></span> <span class='ocrx_word' id='word_1_122' title='bbox 1857 481 1958 522; x_wconf 81' lang='lat' dir='ltr'><strong>gesta</strong></span> <span class='ocrx_word' id='word_1_123' title='bbox 1979 486 2284 517; x_wconf 82' lang='lat' dir='ltr'><strong>monumentorum</strong></span> <span class='ocrx_word' id='word_1_124' title='bbox 2309 492 2377 517; x_wconf 88' lang='lat' dir='ltr'><strong>con</strong></span> <span class='ocrx_word' id='word_1_125' title='bbox 2405 493 2485 518; x_wconf 88' lang='lat' dir='ltr'><strong>cere</strong></span> 
     </span>
     <span class='ocr_line' id='line_1_19' title="bbox 1410 520 2484 567; baseline 0.007 -12"><span class='ocrx_word' id='word_1_126' title='bbox 1410 520 1506 565; x_wconf 86' lang='lat' dir='ltr'><strong>apud</strong></span> <span class='ocrx_word' id='word_1_127' title='bbox 1530 522 1738 566; x_wconf 88' lang='lat' dir='ltr'><strong>semetipsos</strong></span> <span class='ocrx_word' id='word_1_128' title='bbox 1761 532 1825 567; x_wconf 87' lang='lat' dir='ltr'><strong>per</strong></span> <span class='ocrx_word' id='word_1_129' title='bbox 1847 524 1965 559; x_wconf 88' lang='lat' dir='ltr'><strong>omnia</strong></span> <span class='ocrx_word' id='word_1_130' title='bbox 1988 525 2179 562; x_wconf 80' lang='lat' dir='ltr'><strong>servientes</strong></span> <span class='ocrx_word' id='word_1_131' title='bbox 2205 527 2255 562; x_wconf 88' lang='lat' dir='ltr'><strong>eis</strong></span> <span class='ocrx_word' id='word_1_132' title='bbox 2280 526 2484 563; x_wconf 83' lang='lat' dir='ltr'><strong>defensores</strong></span> 
     </span>
     <span class='ocr_line' id='line_1_20' title="bbox 1410 565 2484 617; baseline 0.007 -17"><span class='ocrx_word' id='word_1_133' title='bbox 1410 570 1446 601; x_wconf 92' lang='lat' dir='ltr'><strong>et</strong></span> <span class='ocrx_word' id='word_1_134' title='bbox 1468 565 1609 601; x_wconf 91' lang='lat' dir='ltr'><strong>illorum</strong></span> <span class='ocrx_word' id='word_1_135' title='bbox 1634 566 1781 603; x_wconf 86' lang='lat' dir='ltr'><strong>nutibus</strong></span> <span class='ocrx_word' id='word_1_136' title='bbox 1810 567 2034 605; x_wconf 84' lang='lat' dir='ltr'><strong>intendentes</strong></span> <span class='ocrx_word' id='word_1_137' title='bbox 2057 571 2153 607; x_wconf 88' lang='lat' dir='ltr'><strong>solis.</strong></span> <span class='ocrx_word' id='word_1_138' title='bbox 2200 571 2239 607; x_wconf 87' lang='lat' dir='ltr'><strong>Si</strong></span> <span class='ocrx_word' id='word_1_139' title='bbox 2267 583 2351 608; x_wconf 83' lang='lat' dir='ltr'><strong>vero</strong></span> <span class='ocrx_word' id='word_1_140' title='bbox 2376 582 2484 617; x_wconf 85' lang='lat' dir='ltr'><strong>quae-</strong></span> 
     </span>
     <span class='ocr_line' id='line_1_21' title="bbox 1410 610 2483 659; baseline 0.007 -14"><span class='ocrx_word' id='word_1_141' title='bbox 1410 610 1492 646; x_wconf 87' lang='lat' dir='ltr'><strong>dam</strong></span> <span class='ocrx_word' id='word_1_142' title='bbox 1521 611 1776 655; x_wconf 86' lang='lat' dir='ltr'><strong>conficiantur,</strong></span> <span class='ocrx_word' id='word_1_143' title='bbox 1815 612 1967 657; x_wconf 89' lang='lat' dir='ltr'><strong>primum</strong></span> <span class='ocrx_word' id='word_1_144' title='bbox 1997 614 2136 659; x_wconf 89' lang='lat' dir='ltr'><strong>quidem</strong></span> <span class='ocrx_word' id='word_1_145' title='bbox 2164 617 2271 652; x_wconf 84' lang='lat' dir='ltr'><strong>etiam</strong></span> <span class='ocrx_word' id='word_1_146' title='bbox 2301 617 2391 652; x_wconf 81' lang='lat' dir='ltr'><strong>haec</strong></span> <span class='ocrx_word' id='word_1_147' title='bbox 2425 628 2483 653; x_wconf 88' lang='lat' dir='ltr'><strong>ve-</strong></span> 
     </span>
    </p>
   </div>
   <div class='ocr_carea' id='block_1_9' title="bbox 262 652 2485 709">
    <p class='ocr_par' dir='ltr' id='par_1_9' title="bbox 262 652 2485 709">
     <span class='ocr_line' id='line_1_22' title="bbox 262 652 2485 709; baseline 0.005 -22"><span class='ocrx_word' id='word_1_148' title='bbox 262 652 305 698; x_wconf 80' lang='grc' dir='ltr'><strong>δὴ</strong></span> <span class='ocrx_word' id='word_1_149' title='bbox 324 658 388 690; x_wconf 78' lang='grc' dir='ltr'><strong>καί</strong></span> <span class='ocrx_word' id='word_1_150' title='bbox 407 669 493 690; x_wconf 89' lang='grc' dir='ltr'><strong><em>τινα</em></strong></span> <span class='ocrx_word' id='word_1_151' title='bbox 516 657 709 702; x_wconf 86' lang='grc' dir='ltr'><strong><em>πραχθείη,</em></strong></span> <span class='ocrx_word' id='word_1_152' title='bbox 730 669 879 709; x_wconf 67' lang='grc' dir='ltr'><strong><em>πρωτον</em></strong></span> <span class='ocrx_word' id='word_1_153' title='bbox 897 657 966 709; x_wconf 47' lang='grc' dir='ltr'><strong><em>μεῖν</em></strong></span> <span class='ocrx_word' id='word_1_154' title='bbox 988 657 1048 688; x_wconf 73' lang='grc' dir='ltr'><strong>καὶ</strong></span> <span class='ocrx_word' id='word_1_155' title='bbox 1070 656 1188 689; x_wconf 81' lang='grc' dir='ltr'><strong><em>ταῦτα</em></strong></span> <span class='ocrx_word' id='word_1_156' title='bbox 1208 654 1339 708; x_wconf 51' lang='grc' dir='ltr'><strong><em>πιπράς</em></strong></span> <span class='ocrx_word' id='word_1_157' title='bbox 1357 659 1396 690; x_wconf 90' lang='grc'>10</span> <span class='ocrx_word' id='word_1_158' title='bbox 1410 655 1598 700; x_wconf 74' lang='lat' dir='ltr'><strong>numiam,</strong></span> <span class='ocrx_word' id='word_1_159' title='bbox 1623 657 1766 701; x_wconf 84' lang='lat' dir='ltr'><strong>deinde,</strong></span> <span class='ocrx_word' id='word_1_160' title='bbox 1791 667 1871 693; x_wconf 87' lang='lat' dir='ltr'><strong>cum</strong></span> <span class='ocrx_word' id='word_1_161' title='bbox 1894 658 2032 694; x_wconf 88' lang='lat' dir='ltr'><strong>nullum</strong></span> <span class='ocrx_word' id='word_1_162' title='bbox 2054 660 2209 696; x_wconf 76' lang='lat' dir='ltr'><strong>habeant</strong></span> <span class='ocrx_word' id='word_1_163' title='bbox 2231 662 2424 704; x_wconf 73' lang='lat' dir='ltr'><strong>archivum,</strong></span> <span class='ocrx_word' id='word_1_164' title='bbox 2447 663 2485 698; x_wconf 84' lang='lat' dir='ltr'><strong>in</strong></span> 
     </span>
    </p>
   </div>
   <div class='ocr_carea' id='block_1_10' title="bbox 261 697 1341 891">
    <p class='ocr_par' dir='ltr' id='par_1_10' title="bbox 261 697 1341 891">
     <span class='ocr_line' id='line_1_23' title="bbox 261 697 1341 744; baseline 0.001 -11"><span class='ocrx_word' id='word_1_165' title='bbox 261 712 424 742; x_wconf 83' lang='grc' dir='ltr'><strong><em>σκουσιν,</em></strong></span> <span class='ocrx_word' id='word_1_166' title='bbox 456 703 582 735; x_wconf 72' lang='grc' dir='ltr'><strong><em>ἔπειτα</em></strong></span> <span class='ocrx_word' id='word_1_167' title='bbox 617 698 759 735; x_wconf 80' lang='grc' dir='ltr'><strong><em>οὐδενος</em></strong></span> <span class='ocrx_word' id='word_1_168' title='bbox 790 711 892 734; x_wconf 86' lang='grc' dir='ltr'><strong><em>οντος</em></strong></span> <span class='ocrx_word' id='word_1_169' title='bbox 923 703 1080 744; x_wconf 86' lang='grc' dir='ltr'><strong><em>αρχείου,</em></strong></span> <span class='ocrx_word' id='word_1_170' title='bbox 1115 697 1208 734; x_wconf 81' lang='grc' dir='ltr'><strong><em>καθ’</em></strong></span> <span class='ocrx_word' id='word_1_171' title='bbox 1237 697 1257 734; x_wconf 71' lang='grc' dir='ltr'>ὃ</span> <span class='ocrx_word' id='word_1_172' title='bbox 1296 714 1341 734; x_wconf 88' lang='grc' dir='ltr'><strong>τα</strong></span> 
     </span>
     <span class='ocr_line' id='line_1_24' title="bbox 261 742 1340 791; baseline 0 -12"><span class='ocrx_word' id='word_1_173' title='bbox 261 743 493 791; x_wconf 79' lang='grc' dir='ltr'><strong><em>πραττόμενα</em></strong></span> <span class='ocrx_word' id='word_1_174' title='bbox 516 744 607 791; x_wconf 76' lang='grc' dir='ltr'><strong><em>παρ’</em></strong></span> <span class='ocrx_word' id='word_1_175' title='bbox 635 747 771 780; x_wconf 71' lang='grc' dir='ltr'><strong><em>ἑαυτοῖς</em></strong></span> <span class='ocrx_word' id='word_1_176' title='bbox 793 742 1031 786; x_wconf 74' lang='grc' dir='ltr'><strong><em>ἀποτίθεται,</em></strong></span> <span class='ocrx_word' id='word_1_177' title='bbox 1063 743 1340 791; x_wconf 80' lang='grc' dir='ltr'><strong><em>παραπόλλυται</em></strong></span> 
     </span>
     <span class='ocr_line' id='line_1_25' title="bbox 261 786 1340 846; baseline 0 -22"><span class='ocrx_word' id='word_1_178' title='bbox 261 789 302 825; x_wconf 86' lang='grc' dir='ltr'><strong>τὸ</strong></span> <span class='ocrx_word' id='word_1_179' title='bbox 326 788 589 846; x_wconf 42' lang='grc' dir='ltr'><strong><em>πραττόμενον,</em></strong></span> <span class='ocrx_word' id='word_1_180' title='bbox 620 794 679 825; x_wconf 82' lang='grc' dir='ltr'><strong>καὶ</strong></span> <span class='ocrx_word' id='word_1_181' title='bbox 703 789 766 824; x_wconf 78' lang='grc' dir='ltr'><strong>οὐκ</strong></span> <span class='ocrx_word' id='word_1_182' title='bbox 790 787 836 823; x_wconf 74' lang='grc' dir='ltr'><strong>ἃν</strong></span> <span class='ocrx_word' id='word_1_183' title='bbox 859 786 898 823; x_wconf 72' lang='grc' dir='ltr'><strong>εὕ</strong></span> <span class='ocrx_word' id='word_1_184' title='bbox 922 801 972 823; x_wconf 92' lang='grc' dir='ltr'><strong>οις</strong></span> <span class='ocrx_word' id='word_1_185' title='bbox 995 787 1087 835; x_wconf 83' lang='grc' dir='ltr'><strong><em>παρ’</em></strong></span> <span class='ocrx_word' id='word_1_186' title='bbox 1115 788 1233 825; x_wconf 77' lang='grc' dir='ltr'><strong><em>αὐτοῖς</em></strong></span> <span class='ocrx_word' id='word_1_187' title='bbox 1258 789 1340 846; x_wconf 58' lang='grc' dir='ltr'><strong><em>χρό-</em></strong></span> 
     </span>
     <span class='ocr_line' id='line_1_26' title="bbox 262 834 1341 891; baseline 0.001 -22"><span class='ocrx_word' id='word_1_188' title='bbox 262 849 338 869; x_wconf 86' lang='grc' dir='ltr'><strong>νων</strong></span> <span class='ocrx_word' id='word_1_189' title='bbox 361 834 542 871; x_wconf 83' lang='grc' dir='ltr'><strong><em>πλειόνων</em></strong></span> <span class='ocrx_word' id='word_1_190' title='bbox 564 836 759 891; x_wconf 68' lang='grc' dir='ltr'><strong><em>υπρμνημα</em></strong></span> <span class='ocrx_word' id='word_1_191' title='bbox 786 847 902 869; x_wconf 87' lang='grc' dir='ltr'><strong><em>παντε</em></strong></span> <span class='ocrx_word' id='word_1_192' title='bbox 926 835 973 869; x_wconf 82' lang='grc' dir='ltr'><strong><em>ῶς</em></strong></span> <span class='ocrx_word' id='word_1_193' title='bbox 996 834 1079 869; x_wconf 75' lang='grc' dir='ltr'><strong><em>οὐδὲ</em></strong></span> <span class='ocrx_word' id='word_1_194' title='bbox 1102 837 1154 877; x_wconf 75' lang='grc' dir='ltr'><strong>ἕν,</strong></span> <span class='ocrx_word' id='word_1_195' title='bbox 1185 834 1251 870; x_wconf 85' lang='grc' dir='ltr'><strong>ἀλλ</strong></span> <span class='ocrx_word' id='word_1_196' title='bbox 1293 836 1341 870; x_wconf 81' lang='grc' dir='ltr'><strong>εἰς</strong></span> 
     </span>
    </p>
   </div>
   <div class='ocr_carea' id='block_1_11' title="bbox 260 878 1833 936">
    <p class='ocr_par' dir='ltr' id='par_1_11' title="bbox 260 878 1833 936">
     <span class='ocr_line' id='line_1_27' title="bbox 260 878 1833 936; baseline 0.003 -22"><span class='ocrx_word' id='word_1_197' title='bbox 260 879 495 936; x_wconf 72' lang='grc' dir='ltr'><strong><em>κληρονόμους</em></strong></span> <span class='ocrx_word' id='word_1_198' title='bbox 518 894 557 915; x_wconf 77' lang='grc' dir='ltr'><strong>τε</strong></span> <span class='ocrx_word' id='word_1_199' title='bbox 582 895 704 914; x_wconf 65' lang='lat' dir='ltr'><strong>avua-v</strong></span> <span class='ocrx_word' id='word_1_200' title='bbox 723 883 781 914; x_wconf 73' lang='grc' dir='ltr'><strong>καὶ</strong></span> <span class='ocrx_word' id='word_1_201' title='bbox 806 878 868 913; x_wconf 79' lang='grc' dir='ltr'><strong>τὰς</strong></span> <span class='ocrx_word' id='word_1_202' title='bbox 887 878 994 914; x_wconf 78' lang='grc' dir='ltr'><strong><em>ἄλλας</em></strong></span> <span class='ocrx_word' id='word_1_203' title='bbox 1018 878 1183 923; x_wconf 81' lang='grc' dir='ltr'><strong><em>διαδοχὰς</em></strong></span> <span class='ocrx_word' id='word_1_204' title='bbox 1204 880 1240 915; x_wconf 90' lang='grc' dir='ltr'><strong>οἱ</strong></span> <span class='ocrx_word' id='word_1_205' title='bbox 1261 880 1339 915; x_wconf 78' lang='grc' dir='ltr'><strong><em>τού·</em></strong></span> <span class='ocrx_word' id='word_1_206' title='bbox 1356 884 1395 916; x_wconf 87' lang='grc'><strong>15</strong></span> <span class='ocrx_word' id='word_1_207' title='bbox 1408 882 1535 917; x_wconf 87' lang='lat' dir='ltr'><strong>mentis</strong></span> <span class='ocrx_word' id='word_1_208' title='bbox 1560 885 1702 926; x_wconf 81' lang='lat' dir='ltr'><strong>egentes</strong></span> <span class='ocrx_word' id='word_1_209' title='bbox 1733 887 1833 927; x_wconf 85' lang='lat' dir='ltr'><strong>gesta</strong></span> 
     </span>
    </p>
   </div>
   <div class='ocr_carea' id='block_1_12' title="bbox 259 923 1341 1116">
    <p class='ocr_par' dir='ltr' id='par_1_12' title="bbox 259 923 1341 1116">
     <span class='ocr_line' id='line_1_28' title="bbox 260 923 1341 972; baseline 0 -12"><span class='ocrx_word' id='word_1_210' title='bbox 260 939 338 960; x_wconf 85' lang='grc' dir='ltr'><strong>των</strong></span> <span class='ocrx_word' id='word_1_211' title='bbox 360 924 522 970; x_wconf 85' lang='grc' dir='ltr'><strong><em>δεομενοι</em></strong></span> <span class='ocrx_word' id='word_1_212' title='bbox 544 927 687 969; x_wconf 71' lang='grc' dir='ltr'><strong><em>ζητοῦσι</em></strong></span> <span class='ocrx_word' id='word_1_213' title='bbox 711 925 754 959; x_wconf 77' lang='grc' dir='ltr'><strong>τὰ</strong></span> <span class='ocrx_word' id='word_1_214' title='bbox 777 927 1023 972; x_wconf 77' lang='grc' dir='ltr'><strong><em>πεπραγμένα,</em></strong></span> <span class='ocrx_word' id='word_1_215' title='bbox 1047 928 1107 959; x_wconf 82' lang='grc' dir='ltr'><strong>καὶ</strong></span> <span class='ocrx_word' id='word_1_216' title='bbox 1130 923 1272 960; x_wconf 82' lang='grc' dir='ltr'><strong><em>τούτων</em></strong></span> <span class='ocrx_word' id='word_1_217' title='bbox 1295 924 1341 960; x_wconf 79' lang='grc' dir='ltr'><strong>τὰ</strong></span> 
     </span>
     <span class='ocr_line' id='line_1_29' title="bbox 259 968 1341 1016; baseline 0.001 -13"><span class='ocrx_word' id='word_1_218' title='bbox 259 973 327 1015; x_wconf 80' lang='grc' dir='ltr'><strong>μὲν</strong></span> <span class='ocrx_word' id='word_1_219' title='bbox 350 968 572 1016; x_wconf 75' lang='grc' dir='ltr'><strong><em>εὑρίσκουσιν</em></strong></span> <span class='ocrx_word' id='word_1_220' title='bbox 602 969 764 1014; x_wconf 76' lang='grc' dir='ltr'><strong><em>οὐδεμιᾶς</em></strong></span> <span class='ocrx_word' id='word_1_221' title='bbox 787 969 871 1010; x_wconf 76' lang='grc' dir='ltr'><strong><em>ἄξια</em></strong></span> <span class='ocrx_word' id='word_1_222' title='bbox 900 974 1055 1005; x_wconf 81' lang='grc' dir='ltr'><strong><em>πίστεως</em></strong></span> <span class='ocrx_word' id='word_1_223' title='bbox 1086 970 1195 1013; x_wconf 84' lang='grc' dir='ltr'><strong><em>ὄντα,</em></strong></span> <span class='ocrx_word' id='word_1_224' title='bbox 1226 970 1271 1005; x_wconf 80' lang='grc' dir='ltr'><strong>τὰ</strong></span> <span class='ocrx_word' id='word_1_225' title='bbox 1302 969 1341 1006; x_wconf 78' lang='grc' dir='ltr'><strong>δὲ</strong></span> 
     </span>
     <span class='ocr_line' id='line_1_30' title="bbox 261 1013 1339 1060; baseline 0.002 -11"><span class='ocrx_word' id='word_1_226' title='bbox 261 1020 320 1049; x_wconf 86' lang='grc' dir='ltr'><strong>καὶ</strong></span> <span class='ocrx_word' id='word_1_227' title='bbox 345 1015 597 1057; x_wconf 78' lang='grc' dir='ltr'><strong><em>ἐξαπόλλυται,</em></strong></span> <span class='ocrx_word' id='word_1_228' title='bbox 630 1018 688 1049; x_wconf 85' lang='grc' dir='ltr'><strong>καὶ</strong></span> <span class='ocrx_word' id='word_1_229' title='bbox 713 1014 902 1049; x_wconf 81' lang='grc' dir='ltr'><strong><em>διαπίπτει</em></strong></span> <span class='ocrx_word' id='word_1_230' title='bbox 924 1017 1100 1050; x_wconf 80' lang='grc' dir='ltr'><strong><em>τοσοῦτον</em></strong></span> <span class='ocrx_word' id='word_1_231' title='bbox 1131 1013 1179 1051; x_wconf 77' lang='grc' dir='ltr'><strong>οὖς</strong></span> <span class='ocrx_word' id='word_1_232' title='bbox 1208 1018 1248 1051; x_wconf 79' lang='grc' dir='ltr'><strong>ἐν</strong></span> <span class='ocrx_word' id='word_1_233' title='bbox 1270 1016 1339 1060; x_wconf 74' lang='grc' dir='ltr'><strong><em>ἰ’σῳ</em></strong></span> 
     </span>
     <span class='ocr_line' id='line_1_31' title="bbox 260 1055 1340 1116; baseline 0.002 -22"><span class='ocrx_word' id='word_1_234' title='bbox 260 1063 332 1095; x_wconf 88' lang='grc' dir='ltr'><strong><em>τοῖς</em></strong></span> <span class='ocrx_word' id='word_1_235' title='bbox 354 1060 445 1116; x_wconf 53' lang='lat' dir='ltr'><strong>pincis:</strong></span> <span class='ocrx_word' id='word_1_236' title='bbox 470 1065 672 1108; x_wconf 48' lang='grc' dir='ltr'><strong><em>γενομένοις</em></strong></span> <span class='ocrx_word' id='word_1_237' title='bbox 696 1060 798 1094; x_wconf 86' lang='grc' dir='ltr'><strong><em>εἶναι.</em></strong></span> <span class='ocrx_word' id='word_1_238' title='bbox 845 1055 959 1103; x_wconf 78' lang='grc' dir='ltr'><strong><em>Ἡμεῖς</em></strong></span> <span class='ocrx_word' id='word_1_239' title='bbox 982 1064 1117 1103; x_wconf 82' lang='grc' dir='ltr'><strong><em>τοίνυν,</em></strong></span> <span class='ocrx_word' id='word_1_240' title='bbox 1141 1060 1266 1105; x_wconf 80' lang='grc' dir='ltr'><strong><em>ἐπειδὴ</em></strong></span> <span class='ocrx_word' id='word_1_241' title='bbox 1295 1061 1340 1096; x_wconf 82' lang='grc' dir='ltr'><strong>τὰ</strong></span> 
     </span>
    </p>
   </div>
   <div class='ocr_carea' id='block_1_13' title="bbox 1408 702 2484 1111">
    <p class='ocr_par' dir='ltr' id='par_1_13' title="bbox 1408 702 2484 870">
     <span class='ocr_line' id='line_1_32' title="bbox 1410 702 2483 751; baseline 0.007 -15"><span class='ocrx_word' id='word_1_242' title='bbox 1410 711 1479 746; x_wconf 92' lang='lat' dir='ltr'><strong>quo</strong></span> <span class='ocrx_word' id='word_1_243' title='bbox 1502 704 1604 746; x_wconf 83' lang='lat' dir='ltr'><strong>gesta</strong></span> <span class='ocrx_word' id='word_1_244' title='bbox 1628 702 1724 747; x_wconf 88' lang='lat' dir='ltr'><strong>apud</strong></span> <span class='ocrx_word' id='word_1_245' title='bbox 1749 712 1787 738; x_wconf 90' lang='lat' dir='ltr'><strong>se</strong></span> <span class='ocrx_word' id='word_1_246' title='bbox 1810 706 1995 747; x_wconf 81' lang='lat' dir='ltr'><strong>reponant,</strong></span> <span class='ocrx_word' id='word_1_247' title='bbox 2019 703 2155 750; x_wconf 87' lang='lat' dir='ltr'><strong>deperit</strong></span> <span class='ocrx_word' id='word_1_248' title='bbox 2173 707 2267 751; x_wconf 89' lang='lat' dir='ltr'><strong>quod</strong></span> <span class='ocrx_word' id='word_1_249' title='bbox 2287 707 2483 750; x_wconf 86' lang='lat' dir='ltr'><strong>conficitur,</strong></span> 
     </span>
     <span class='ocr_line' id='line_1_33' title="bbox 1410 747 2484 795; baseline 0.007 -14"><span class='ocrx_word' id='word_1_250' title='bbox 1410 751 1446 780; x_wconf 82' lang='lat' dir='ltr'><strong>et</strong></span> <span class='ocrx_word' id='word_1_251' title='bbox 1475 756 1698 792; x_wconf 80' lang='lat' dir='ltr'><strong>nequaquam</strong></span> <span class='ocrx_word' id='word_1_252' title='bbox 1728 747 1883 783; x_wconf 88' lang='lat' dir='ltr'><strong>invenies</strong></span> <span class='ocrx_word' id='word_1_253' title='bbox 1914 748 2011 793; x_wconf 86' lang='lat' dir='ltr'><strong>apud</strong></span> <span class='ocrx_word' id='word_1_254' title='bbox 2040 759 2102 785; x_wconf 85' lang='lat' dir='ltr'><strong>eos</strong></span> <span class='ocrx_word' id='word_1_255' title='bbox 2132 751 2365 795; x_wconf 89' lang='lat' dir='ltr'><strong>plurimorum</strong></span> <span class='ocrx_word' id='word_1_256' title='bbox 2396 757 2484 788; x_wconf 85' lang='lat' dir='ltr'><strong>tem-</strong></span> 
     </span>
     <span class='ocr_line' id='line_1_34' title="bbox 1408 793 2484 870; baseline 0.007 -44"><span class='ocrx_word' id='word_1_257' title='bbox 1408 802 1533 870; x_wconf 54' lang='lat' dir='ltr'><strong>porum</strong></span> <span class='ocrx_word' id='word_1_258' title='bbox 1577 793 1660 837; x_wconf 89' lang='lat' dir='ltr'><strong>poni</strong></span> <span class='ocrx_word' id='word_1_259' title='bbox 1695 795 1960 828; x_wconf 88' lang='lat' dir='ltr'><strong>monumentum</strong></span> <span class='ocrx_word' id='word_1_260' title='bbox 1995 793 2105 829; x_wconf 86' lang='lat' dir='ltr'><strong>ullum</strong></span> <span class='ocrx_word' id='word_1_261' title='bbox 2139 796 2300 840; x_wconf 86' lang='lat' dir='ltr'><strong>penitus,</strong></span> <span class='ocrx_word' id='word_1_262' title='bbox 2342 797 2405 832; x_wconf 88' lang='lat' dir='ltr'><strong>sed</strong></span> <span class='ocrx_word' id='word_1_263' title='bbox 2439 798 2484 832; x_wconf 83' lang='lat' dir='ltr'><strong>ad</strong></span> 
     </span>
    </p>

    <p class='ocr_par' dir='ltr' id='par_1_14' title="bbox 1408 837 2484 1111">
     <span class='ocr_line' id='line_1_35' title="bbox 1435 837 2483 877; baseline 0.007 -6"><span class='ocrx_word' id='word_1_264' title='bbox 1435 837 1555 873; x_wconf 88' lang='lat' dir='ltr'><strong>eredes</strong></span> <span class='ocrx_word' id='word_1_265' title='bbox 1592 847 1714 873; x_wconf 90' lang='lat' dir='ltr'><strong>eorum</strong></span> <span class='ocrx_word' id='word_1_266' title='bbox 1748 842 1812 872; x_wconf 90' lang='lat' dir='ltr'><strong>aut</strong></span> <span class='ocrx_word' id='word_1_267' title='bbox 1850 838 1940 874; x_wconf 86' lang='lat' dir='ltr'><strong>alias</strong></span> <span class='ocrx_word' id='word_1_268' title='bbox 1984 839 2227 876; x_wconf 79' lang='lat' dir='ltr'><strong>successiones</strong></span> <span class='ocrx_word' id='word_1_269' title='bbox 2267 842 2323 877; x_wconf 92' lang='lat' dir='ltr'><strong>his</strong></span> <span class='ocrx_word' id='word_1_270' title='bbox 2358 853 2483 877; x_wconf 88' lang='lat' dir='ltr'><strong>monu-</strong></span> 
     </span>
     <span class='ocr_line' id='line_1_36' title="bbox 1851 885 2482 963; baseline 0.008 -45"><span class='ocrx_word' id='word_1_271' title='bbox 1851 887 2050 963; x_wconf 60' lang='lat' dir='ltr'><strong>fquaerunt,</strong></span> <span class='ocrx_word' id='word_1_272' title='bbox 2083 887 2120 920; x_wconf 90' lang='lat' dir='ltr'><strong>et</strong></span> <span class='ocrx_word' id='word_1_273' title='bbox 2141 885 2269 921; x_wconf 91' lang='lat' dir='ltr'><strong>horum</strong></span> <span class='ocrx_word' id='word_1_274' title='bbox 2293 897 2383 932; x_wconf 87' lang='lat' dir='ltr'><strong>quae</strong></span> <span class='ocrx_word' id='word_1_275' title='bbox 2407 887 2482 939; x_wconf 84' lang='lat' dir='ltr'><strong>qui-</strong></span> 
     </span>
     <span class='ocr_line' id='line_1_37' title="bbox 1409 928 2483 972; baseline 0.005 -10"><span class='ocrx_word' id='word_1_276' title='bbox 1409 928 1487 962; x_wconf 91' lang='lat' dir='ltr'><strong>dem</strong></span> <span class='ocrx_word' id='word_1_277' title='bbox 1510 928 1705 969; x_wconf 85' lang='lat' dir='ltr'><strong>inveniunt,</strong></span> <span class='ocrx_word' id='word_1_278' title='bbox 1729 928 1828 963; x_wconf 89' lang='lat' dir='ltr'><strong>nulla</strong></span> <span class='ocrx_word' id='word_1_279' title='bbox 1877 928 1920 963; x_wconf 89' lang='lat' dir='ltr'><strong>de</strong></span> <span class='ocrx_word' id='word_1_280' title='bbox 1940 933 2023 963; x_wconf 83' lang='lat' dir='ltr'><strong>sunt</strong></span> <span class='ocrx_word' id='word_1_281' title='bbox 2039 928 2155 972; x_wconf 84' lang='lat' dir='ltr'><strong>digna,</strong></span> <span class='ocrx_word' id='word_1_282' title='bbox 2180 931 2249 965; x_wconf 83' lang='lat' dir='ltr'><strong>alia</strong></span> <span class='ocrx_word' id='word_1_283' title='bbox 2271 943 2354 967; x_wconf 85' lang='lat' dir='ltr'><strong>vero</strong></span> <span class='ocrx_word' id='word_1_284' title='bbox 2379 936 2483 967; x_wconf 83' lang='lat' dir='ltr'><strong>etiam</strong></span> 
     </span>
     <span class='ocr_line' id='line_1_38' title="bbox 1408 973 2484 1017; baseline 0.006 -10"><span class='ocrx_word' id='word_1_285' title='bbox 1408 976 1560 1017; x_wconf 88' lang='lat' dir='ltr'><strong>pereunt</strong></span> <span class='ocrx_word' id='word_1_286' title='bbox 1582 977 1618 1008; x_wconf 89' lang='lat' dir='ltr'><strong>et</strong></span> <span class='ocrx_word' id='word_1_287' title='bbox 1641 973 1678 1008; x_wconf 89' lang='lat' dir='ltr'><strong>in</strong></span> <span class='ocrx_word' id='word_1_288' title='bbox 1702 977 1840 1008; x_wconf 87' lang='lat' dir='ltr'><strong>tantum</strong></span> <span class='ocrx_word' id='word_1_289' title='bbox 1866 973 2016 1016; x_wconf 87' lang='lat' dir='ltr'><strong>cadunt,</strong></span> <span class='ocrx_word' id='word_1_290' title='bbox 2040 978 2081 1008; x_wconf 92' lang='lat' dir='ltr'><strong>ut</strong></span> <span class='ocrx_word' id='word_1_291' title='bbox 2103 975 2139 1009; x_wconf 90' lang='lat' dir='ltr'><strong>in</strong></span> <span class='ocrx_word' id='word_1_292' title='bbox 2163 975 2388 1013; x_wconf 88' lang='lat' dir='ltr'><strong>similitudine</strong></span> <span class='ocrx_word' id='word_1_293' title='bbox 2413 988 2484 1012; x_wconf 91' lang='lat' dir='ltr'><strong>non</strong></span> 
     </span>
     <span class='ocr_line' id='line_1_39' title="bbox 1409 1018 2484 1063; baseline 0.006 -11"><span class='ocrx_word' id='word_1_294' title='bbox 1409 1022 1570 1053; x_wconf 84' lang='lat' dir='ltr'><strong>actorum</strong></span> <span class='ocrx_word' id='word_1_295' title='bbox 1595 1018 1677 1053; x_wconf 88' lang='lat' dir='ltr'><strong>sint.</strong></span> <span class='ocrx_word' id='word_1_296' title='bbox 1714 1018 1789 1054; x_wconf 90' lang='lat' dir='ltr'><strong>Nos</strong></span> <span class='ocrx_word' id='word_1_297' title='bbox 1812 1019 1921 1063; x_wconf 87' lang='lat' dir='ltr'><strong>igitur</strong></span> <span class='ocrx_word' id='word_1_298' title='bbox 1943 1019 2107 1063; x_wconf 84' lang='lat' dir='ltr'><strong>quoniam</strong></span> <span class='ocrx_word' id='word_1_299' title='bbox 2128 1019 2171 1054; x_wconf 90' lang='lat' dir='ltr'><strong>de</strong></span> <span class='ocrx_word' id='word_1_300' title='bbox 2194 1021 2371 1058; x_wconf 91' lang='lat' dir='ltr'><strong>iudicibus</strong></span> <span class='ocrx_word' id='word_1_301' title='bbox 2394 1022 2484 1058; x_wconf 89' lang='lat' dir='ltr'><strong>bene</strong></span> 
     </span>
     <span class='ocr_line' id='line_1_40' title="bbox 1409 1062 2483 1111; baseline 0.004 -13"><span class='ocrx_word' id='word_1_302' title='bbox 1409 1062 1647 1108; x_wconf 84' lang='lat' dir='ltr'><strong>disposuimus</strong></span> <span class='ocrx_word' id='word_1_303' title='bbox 1671 1065 1708 1098; x_wconf 88' lang='lat' dir='ltr'><strong>et</strong></span> <span class='ocrx_word' id='word_1_304' title='bbox 1739 1064 1890 1099; x_wconf 85' lang='lat' dir='ltr'><strong>maiores</strong></span> <span class='ocrx_word' id='word_1_305' title='bbox 1922 1067 2119 1109; x_wconf 85' lang='lat' dir='ltr'><strong>potestates</strong></span> <span class='ocrx_word' id='word_1_306' title='bbox 2152 1075 2272 1100; x_wconf 88' lang='lat' dir='ltr'><strong>eorum</strong></span> <span class='ocrx_word' id='word_1_307' title='bbox 2305 1067 2342 1102; x_wconf 91' lang='lat' dir='ltr'><strong>in</strong></span> <span class='ocrx_word' id='word_1_308' title='bbox 2370 1067 2483 1111; x_wconf 56' lang='lat' dir='ltr'><strong>genti*</strong></span> 
     </span>
    </p>
   </div>
   <div class='ocr_carea' id='block_1_14' title="bbox 259 1103 2484 1155">
    <p class='ocr_par' dir='ltr' id='par_1_15' title="bbox 259 1103 2484 1155">
     <span class='ocr_line' id='line_1_41' title="bbox 259 1103 2484 1155; baseline 0.003 -15"><span class='ocrx_word' id='word_1_309' title='bbox 259 1108 337 1140; x_wconf 79' lang='grc' dir='ltr'><strong>τῶν</strong></span> <span class='ocrx_word' id='word_1_310' title='bbox 359 1119 547 1151; x_wconf 75' lang='grc' dir='ltr'><strong><em>αρχοντων</em></strong></span> <span class='ocrx_word' id='word_1_311' title='bbox 567 1108 605 1139; x_wconf 83' lang='grc' dir='ltr'><strong>εὐ</strong></span> <span class='ocrx_word' id='word_1_312' title='bbox 630 1103 852 1149; x_wconf 73' lang='grc' dir='ltr'><strong><em>διεθήκαμεν</em></strong></span> <span class='ocrx_word' id='word_1_313' title='bbox 871 1108 931 1139; x_wconf 84' lang='grc' dir='ltr'><strong>καὶ</strong></span> <span class='ocrx_word' id='word_1_314' title='bbox 953 1108 1093 1150; x_wconf 73' lang='grc' dir='ltr'><strong><em>μειζους</em></strong></span> <span class='ocrx_word' id='word_1_315' title='bbox 1116 1120 1156 1141; x_wconf 83' lang='grc' dir='ltr'><strong>τε</strong></span> <span class='ocrx_word' id='word_1_316' title='bbox 1178 1105 1241 1141; x_wconf 79' lang='grc' dir='ltr'><strong>τὰς</strong></span> <span class='ocrx_word' id='word_1_317' title='bbox 1264 1108 1338 1141; x_wconf 80' lang='grc' dir='ltr'><strong><em>ἐπι·</em></strong></span> <span class='ocrx_word' id='word_1_318' title='bbox 1353 1109 1394 1141; x_wconf 85' lang='grc'><strong>20</strong></span> <span class='ocrx_word' id='word_1_319' title='bbox 1409 1108 1475 1143; x_wconf 87' lang='lat' dir='ltr'><strong>bus</strong></span> <span class='ocrx_word' id='word_1_320' title='bbox 1498 1109 1664 1151; x_wconf 85' lang='lat' dir='ltr'><strong>fecimus,</strong></span> <span class='ocrx_word' id='word_1_321' title='bbox 1699 1114 1734 1143; x_wconf 84' lang='lat' dir='ltr'><strong>et</strong></span> <span class='ocrx_word' id='word_1_322' title='bbox 1764 1109 1891 1154; x_wconf 90' lang='lat' dir='ltr'><strong>procul</strong></span> <span class='ocrx_word' id='word_1_323' title='bbox 1925 1109 1970 1144; x_wconf 88' lang='lat' dir='ltr'><strong>ab</strong></span> <span class='ocrx_word' id='word_1_324' title='bbox 2003 1109 2054 1144; x_wconf 90' lang='lat' dir='ltr'><strong>eis</strong></span> <span class='ocrx_word' id='word_1_325' title='bbox 2079 1112 2134 1144; x_wconf 84' lang='lat' dir='ltr'><strong>est</strong></span> <span class='ocrx_word' id='word_1_326' title='bbox 2163 1111 2338 1155; x_wconf 87' lang='lat' dir='ltr'><strong>inspectio</strong></span> <span class='ocrx_word' id='word_1_327' title='bbox 2362 1112 2484 1147; x_wconf 82' lang='lat' dir='ltr'><strong>civita-</strong></span> 
     </span>
    </p>
   </div>
   <div class='ocr_carea' id='block_1_15' title="bbox 258 1149 1337 1340">
    <p class='ocr_par' dir='ltr' id='par_1_16' title="bbox 258 1149 1337 1340">
     <span class='ocr_line' id='line_1_42' title="bbox 260 1149 1337 1198; baseline 0.003 -15"><span class='ocrx_word' id='word_1_328' title='bbox 260 1156 424 1197; x_wconf 81' lang='grc' dir='ltr'><strong><em>κρατείας</em></strong></span> <span class='ocrx_word' id='word_1_329' title='bbox 447 1149 571 1185; x_wconf 74' lang='grc' dir='ltr'><strong><em>αὐτῶν</em></strong></span> <span class='ocrx_word' id='word_1_330' title='bbox 593 1153 634 1184; x_wconf 80' lang='grc' dir='ltr'><strong>ἐν</strong></span> <span class='ocrx_word' id='word_1_331' title='bbox 652 1154 725 1184; x_wconf 86' lang='grc' dir='ltr'><strong><em>τοῖς</em></strong></span> <span class='ocrx_word' id='word_1_332' title='bbox 746 1150 899 1184; x_wconf 81' lang='grc' dir='ltr'><strong><em>ἔθνεσιν</em></strong></span> <span class='ocrx_word' id='word_1_333' title='bbox 919 1151 1069 1193; x_wconf 75' lang='grc' dir='ltr'><strong><em>ἐποιήσα</em></strong></span> <span class='ocrx_word' id='word_1_334' title='bbox 1098 1165 1148 1194; x_wconf 88' lang='grc' dir='ltr'><strong>εν,</strong></span> <span class='ocrx_word' id='word_1_335' title='bbox 1172 1155 1232 1186; x_wconf 83' lang='grc' dir='ltr'><strong>καὶ</strong></span> <span class='ocrx_word' id='word_1_336' title='bbox 1252 1165 1337 1198; x_wconf 85' lang='grc' dir='ltr'><strong><em>πορ-</em></strong></span> 
     </span>
     <span class='ocr_line' id='line_1_43' title="bbox 260 1193 1337 1243; baseline 0.002 -14"><span class='ocrx_word' id='word_1_337' title='bbox 260 1199 406 1242; x_wconf 81' lang='grc' dir='ltr'><strong><em>ρωτέρω</em></strong></span> <span class='ocrx_word' id='word_1_338' title='bbox 429 1209 470 1243; x_wconf 81' lang='grc' dir='ltr'><strong>γε</strong></span> <span class='ocrx_word' id='word_1_339' title='bbox 493 1193 612 1230; x_wconf 77' lang='grc' dir='ltr'><strong><em>αὐτοῖς</em></strong></span> <span class='ocrx_word' id='word_1_340' title='bbox 636 1198 712 1229; x_wconf 79' lang='grc' dir='ltr'><strong><em>ἐστι</em></strong></span> <span class='ocrx_word' id='word_1_341' title='bbox 741 1194 787 1229; x_wconf 88' lang='grc' dir='ltr'><strong>τὰ</strong></span> <span class='ocrx_word' id='word_1_342' title='bbox 816 1198 877 1238; x_wconf 84' lang='grc' dir='ltr'><strong>τῆς</strong></span> <span class='ocrx_word' id='word_1_343' title='bbox 899 1197 978 1230; x_wconf 78' lang='grc' dir='ltr'><strong>τῶν</strong></span> <span class='ocrx_word' id='word_1_344' title='bbox 1007 1196 1055 1231; x_wconf 87' lang='grc' dir='ltr'><strong>πό</strong></span> <span class='ocrx_word' id='word_1_345' title='bbox 1098 1211 1151 1231; x_wconf 91' lang='grc' dir='ltr'><strong>ων</strong></span> <span class='ocrx_word' id='word_1_346' title='bbox 1175 1199 1337 1242; x_wconf 77' lang='grc' dir='ltr'><strong><em>έποψίας,</em></strong></span> 
     </span>
     <span class='ocr_line' id='line_1_44' title="bbox 259 1239 1337 1287; baseline 0.001 -12"><span class='ocrx_word' id='word_1_347' title='bbox 259 1241 318 1275; x_wconf 81' lang='grc' dir='ltr'><strong>διὰ</strong></span> <span class='ocrx_word' id='word_1_348' title='bbox 341 1243 448 1276; x_wconf 79' lang='grc' dir='ltr'><strong><em>τοῦτο</em></strong></span> <span class='ocrx_word' id='word_1_349' title='bbox 481 1240 656 1286; x_wconf 77' lang='grc' dir='ltr'><strong><em>ᾠήθημεν</em></strong></span> <span class='ocrx_word' id='word_1_350' title='bbox 686 1241 814 1287; x_wconf 83' lang='grc' dir='ltr'><strong><em>χρῆναι</em></strong></span> <span class='ocrx_word' id='word_1_351' title='bbox 837 1243 896 1274; x_wconf 85' lang='grc' dir='ltr'><strong>καὶ</strong></span> <span class='ocrx_word' id='word_1_352' title='bbox 927 1239 970 1275; x_wconf 81' lang='grc' dir='ltr'><strong>τὸ</strong></span> <span class='ocrx_word' id='word_1_353' title='bbox 999 1243 1077 1276; x_wconf 83' lang='grc' dir='ltr'><strong>τῶν</strong></span> <span class='ocrx_word' id='word_1_354' title='bbox 1100 1240 1254 1276; x_wconf 77' lang='grc' dir='ltr'><strong><em>έκδίκων</em></strong></span> <span class='ocrx_word' id='word_1_355' title='bbox 1277 1256 1337 1275; x_wconf 85' lang='grc' dir='ltr'><strong>κα-</strong></span> 
     </span>
     <span class='ocr_line' id='line_1_45' title="bbox 258 1282 1336 1340; baseline 0 -19"><span class='ocrx_word' id='word_1_356' title='bbox 258 1286 527 1340; x_wconf 73' lang='grc' dir='ltr'><strong><em>ταστήσασθαι.</em></strong></span> <span class='ocrx_word' id='word_1_357' title='bbox 562 1290 702 1334; x_wconf 75' lang='grc' dir='ltr'><strong><em>γένοιτο</em></strong></span> <span class='ocrx_word' id='word_1_358' title='bbox 722 1284 790 1339; x_wconf 58' lang='lat' dir='ltr'><strong>yae</strong></span> <span class='ocrx_word' id='word_1_359' title='bbox 814 1282 861 1319; x_wconf 76' lang='grc' dir='ltr'><strong>(ἲν</strong></span> <span class='ocrx_word' id='word_1_360' title='bbox 884 1282 980 1320; x_wconf 73' lang='grc' dir='ltr'><strong><em>οὕτω</em></strong></span> <span class='ocrx_word' id='word_1_361' title='bbox 1004 1298 1057 1321; x_wconf 85' lang='grc' dir='ltr'><strong>τις</strong></span> <span class='ocrx_word' id='word_1_362' title='bbox 1080 1284 1234 1332; x_wconf 75' lang='grc' dir='ltr'><strong><em>ἁρμονία</em></strong></span> <span class='ocrx_word' id='word_1_363' title='bbox 1257 1300 1336 1332; x_wconf 84' lang='grc' dir='ltr'><strong><em>χρη-</em></strong></span> 
     </span>
    </p>
   </div>
   <div class='ocr_carea' id='block_1_16' title="bbox 1406 1154 2485 1337">
    <p class='ocr_par' dir='ltr' id='par_1_17' title="bbox 1406 1154 2485 1337">
     <span class='ocr_line' id='line_1_46' title="bbox 1407 1154 2483 1199; baseline 0.005 -12"><span class='ocrx_word' id='word_1_364' title='bbox 1407 1157 1504 1195; x_wconf 88' lang='lat' dir='ltr'><strong>tum,</strong></span> <span class='ocrx_word' id='word_1_365' title='bbox 1528 1157 1720 1198; x_wconf 88' lang='lat' dir='ltr'><strong>propterea</strong></span> <span class='ocrx_word' id='word_1_366' title='bbox 1744 1154 1954 1189; x_wconf 87' lang='lat' dir='ltr'><strong>credidimus</strong></span> <span class='ocrx_word' id='word_1_367' title='bbox 1978 1158 2144 1199; x_wconf 89' lang='lat' dir='ltr'><strong>oportere</strong></span> <span class='ocrx_word' id='word_1_368' title='bbox 2166 1155 2272 1190; x_wconf 88' lang='lat' dir='ltr'><strong>etiam</strong></span> <span class='ocrx_word' id='word_1_369' title='bbox 2296 1156 2341 1191; x_wconf 89' lang='lat' dir='ltr'><strong>de</strong></span> <span class='ocrx_word' id='word_1_370' title='bbox 2364 1156 2483 1192; x_wconf 78' lang='lat' dir='ltr'><strong>defen-</strong></span> 
     </span>
     <span class='ocr_line' id='line_1_47' title="bbox 1408 1199 2483 1244; baseline 0.004 -11"><span class='ocrx_word' id='word_1_371' title='bbox 1408 1199 1547 1233; x_wconf 86' lang='lat' dir='ltr'><strong>soribus</strong></span> <span class='ocrx_word' id='word_1_372' title='bbox 1574 1199 1799 1234; x_wconf 89' lang='lat' dir='ltr'><strong>constituere.</strong></span> <span class='ocrx_word' id='word_1_373' title='bbox 1848 1199 1909 1234; x_wconf 90' lang='lat' dir='ltr'><strong>Fit</strong></span> <span class='ocrx_word' id='word_1_374' title='bbox 1932 1200 2024 1234; x_wconf 89' lang='lat' dir='ltr'><strong>enim</strong></span> <span class='ocrx_word' id='word_1_375' title='bbox 2048 1200 2100 1235; x_wconf 87' lang='lat' dir='ltr'><strong>sic</strong></span> <span class='ocrx_word' id='word_1_376' title='bbox 2125 1201 2357 1243; x_wconf 84' lang='lat' dir='ltr'><strong>congruentia</strong></span> <span class='ocrx_word' id='word_1_377' title='bbox 2376 1202 2483 1244; x_wconf 87' lang='lat' dir='ltr'><strong>utilis,</strong></span> 
     </span>
     <span class='ocr_line' id='line_1_48' title="bbox 1407 1243 2485 1292; baseline 0.002 -14"><span class='ocrx_word' id='word_1_378' title='bbox 1407 1243 1437 1278; x_wconf 93' lang='lat' dir='ltr'><strong>si</strong></span> <span class='ocrx_word' id='word_1_379' title='bbox 1460 1243 1618 1279; x_wconf 91' lang='lat' dir='ltr'><strong>iudicum</strong></span> <span class='ocrx_word' id='word_1_380' title='bbox 1642 1248 1785 1279; x_wconf 85' lang='lat' dir='ltr'><strong>sumant</strong></span> <span class='ocrx_word' id='word_1_381' title='bbox 1808 1245 1964 1279; x_wconf 85' lang='lat' dir='ltr'><strong>officium</strong></span> <span class='ocrx_word' id='word_1_382' title='bbox 1989 1244 2169 1280; x_wconf 84' lang='lat' dir='ltr'><strong>civitatum</strong></span> <span class='ocrx_word' id='word_1_383' title='bbox 2195 1246 2419 1292; x_wconf 86' lang='lat' dir='ltr'><strong>defensores,</strong></span> <span class='ocrx_word' id='word_1_384' title='bbox 2450 1250 2485 1281; x_wconf 86' lang='lat' dir='ltr'><strong>et</strong></span> 
     </span>
     <span class='ocr_line' id='line_1_49' title="bbox 1406 1288 2484 1337; baseline 0.004 -14"><span class='ocrx_word' id='word_1_385' title='bbox 1406 1288 1611 1332; x_wconf 84' lang='lat' dir='ltr'><strong>provinciae</strong></span> <span class='ocrx_word' id='word_1_386' title='bbox 1633 1299 1778 1334; x_wconf 85' lang='lat' dir='ltr'><strong>praeses</strong></span> <span class='ocrx_word' id='word_1_387' title='bbox 1802 1289 1978 1324; x_wconf 85' lang='lat' dir='ltr'><strong>videbitur</strong></span> <span class='ocrx_word' id='word_1_388' title='bbox 2002 1290 2144 1334; x_wconf 88' lang='lat' dir='ltr'><strong>quidam</strong></span> <span class='ocrx_word' id='word_1_389' title='bbox 2175 1290 2281 1326; x_wconf 90' lang='lat' dir='ltr'><strong>iudex</strong></span> <span class='ocrx_word' id='word_1_390' title='bbox 2310 1301 2390 1327; x_wconf 88' lang='lat' dir='ltr'><strong>esse</strong></span> <span class='ocrx_word' id='word_1_391' title='bbox 2420 1302 2484 1337; x_wconf 89' lang='lat' dir='ltr'><strong>po·</strong></span> 
     </span>
    </p>
   </div>
   <div class='ocr_carea' id='block_1_17' title="bbox 258 1329 2483 1385">
    <p class='ocr_par' dir='ltr' id='par_1_18' title="bbox 258 1329 2483 1385">
     <span class='ocr_line' id='line_1_50' title="bbox 258 1329 2483 1385; baseline 0.002 -19"><span class='ocrx_word' id='word_1_392' title='bbox 258 1344 343 1375; x_wconf 83' lang='grc' dir='ltr'><strong><em>στη,</em></strong></span> <span class='ocrx_word' id='word_1_393' title='bbox 377 1334 476 1378; x_wconf 75' lang='grc' dir='ltr'><strong><em>εἰπερ</em></strong></span> <span class='ocrx_word' id='word_1_394' title='bbox 505 1329 692 1385; x_wconf 68' lang='grc' dir='ltr'><strong><em>ἀρχόντων</em></strong></span> <span class='ocrx_word' id='word_1_395' title='bbox 723 1330 865 1374; x_wconf 83' lang='grc' dir='ltr'><strong><em>λαβοιεν</em></strong></span> <span class='ocrx_word' id='word_1_396' title='bbox 896 1331 999 1385; x_wconf 69' lang='grc' dir='ltr'><strong><em>τᾴξιν</em></strong></span> <span class='ocrx_word' id='word_1_397' title='bbox 1023 1331 1059 1365; x_wconf 82' lang='grc' dir='ltr'><strong>οἱ</strong></span> <span class='ocrx_word' id='word_1_398' title='bbox 1087 1334 1165 1366; x_wconf 81' lang='grc' dir='ltr'><strong>τῶν</strong></span> <span class='ocrx_word' id='word_1_399' title='bbox 1195 1331 1338 1368; x_wconf 86' lang='grc' dir='ltr'><strong><em>πόλεων</em></strong></span> <span class='ocrx_word' id='word_1_400' title='bbox 1351 1335 1392 1367; x_wconf 80' lang='lat'><strong>25</strong></span> <span class='ocrx_word' id='word_1_401' title='bbox 1406 1334 1477 1368; x_wconf 79' lang='lat' dir='ltr'><strong>tius</strong></span> <span class='ocrx_word' id='word_1_402' title='bbox 1516 1334 1671 1369; x_wconf 86' lang='lat' dir='ltr'><strong>iudicum</strong></span> <span class='ocrx_word' id='word_1_403' title='bbox 1715 1338 1752 1369; x_wconf 84' lang='lat' dir='ltr'><strong>et</strong></span> <span class='ocrx_word' id='word_1_404' title='bbox 1786 1344 1830 1370; x_wconf 87' lang='lat' dir='ltr'><strong>ex</strong></span> <span class='ocrx_word' id='word_1_405' title='bbox 1874 1336 1942 1370; x_wconf 80' lang='lat' dir='ltr'><strong>hoc</strong></span> <span class='ocrx_word' id='word_1_406' title='bbox 1976 1335 2159 1370; x_wconf 77' lang='lat' dir='ltr'><strong>honestior</strong></span> <span class='ocrx_word' id='word_1_407' title='bbox 2197 1337 2483 1380; x_wconf 76' lang='lat' dir='ltr'><strong>praecedentium</strong></span> 
     </span>
    </p>
   </div>
   <div class='ocr_carea' id='block_1_18' title="bbox 257 1373 1341 1560">
    <p class='ocr_par' dir='ltr' id='par_1_19' title="bbox 257 1373 1341 1560">
     <span class='ocr_line' id='line_1_51' title="bbox 258 1373 1337 1423; baseline 0.001 -12"><span class='ocrx_word' id='word_1_408' title='bbox 258 1376 407 1418; x_wconf 81' lang='grc' dir='ltr'><strong><em>ἔκδικοι,</em></strong></span> <span class='ocrx_word' id='word_1_409' title='bbox 433 1380 493 1410; x_wconf 83' lang='grc' dir='ltr'><strong>καὶ</strong></span> <span class='ocrx_word' id='word_1_410' title='bbox 516 1391 535 1410; x_wconf 86' lang='lat' dir='ltr'><strong>o</strong></span> <span class='ocrx_word' id='word_1_411' title='bbox 565 1388 624 1420; x_wconf 82' lang='grc' dir='ltr'><strong>της</strong></span> <span class='ocrx_word' id='word_1_412' title='bbox 651 1379 822 1423; x_wconf 77' lang='grc' dir='ltr'><strong><em>ἐπαρχίας</em></strong></span> <span class='ocrx_word' id='word_1_413' title='bbox 845 1373 1034 1423; x_wconf 76' lang='grc' dir='ltr'><strong><em>ἡγουμενος</em></strong></span> <span class='ocrx_word' id='word_1_414' title='bbox 1058 1375 1179 1420; x_wconf 84' lang='grc' dir='ltr'><strong><em>δοκοίη</em></strong></span> <span class='ocrx_word' id='word_1_415' title='bbox 1202 1389 1256 1412; x_wconf 88' lang='grc' dir='ltr'><strong>τις</strong></span> <span class='ocrx_word' id='word_1_416' title='bbox 1278 1377 1337 1423; x_wconf 79' lang='grc' dir='ltr'><strong>ἆρ-</strong></span> 
     </span>
     <span class='ocr_line' id='line_1_52' title="bbox 257 1420 1339 1469; baseline 0.001 -13"><span class='ocrx_word' id='word_1_417' title='bbox 257 1436 334 1465; x_wconf 86' lang='grc' dir='ltr'><strong>χων</strong></span> <span class='ocrx_word' id='word_1_418' title='bbox 352 1422 445 1456; x_wconf 83' lang='grc' dir='ltr'><strong><em>εἶναι</em></strong></span> <span class='ocrx_word' id='word_1_419' title='bbox 465 1421 600 1466; x_wconf 76' lang='grc' dir='ltr'><strong><em>μᾶλλον</em></strong></span> <span class='ocrx_word' id='word_1_420' title='bbox 620 1420 808 1468; x_wconf 74' lang='grc' dir='ltr'><strong><em>ἀρχόντων</em></strong></span> <span class='ocrx_word' id='word_1_421' title='bbox 819 1425 879 1455; x_wconf 80' lang='grc' dir='ltr'><strong>καὶ</strong></span> <span class='ocrx_word' id='word_1_422' title='bbox 898 1420 1015 1469; x_wconf 83' lang='grc' dir='ltr'><strong><em>ταύτῃ</em></strong></span> <span class='ocrx_word' id='word_1_423' title='bbox 1035 1421 1245 1469; x_wconf 83' lang='grc' dir='ltr'><strong><em>σεμνότερος</em></strong></span> <span class='ocrx_word' id='word_1_424' title='bbox 1260 1424 1339 1457; x_wconf 80' lang='grc' dir='ltr'><strong>τῶν</strong></span> 
     </span>
     <span class='ocr_line' id='line_1_53' title="bbox 257 1464 1341 1514; baseline 0.001 -13"><span class='ocrx_word' id='word_1_425' title='bbox 257 1468 470 1513; x_wconf 77' lang='grc' dir='ltr'><strong><em>ἔμπροσθεν</em></strong></span> <span class='ocrx_word' id='word_1_426' title='bbox 489 1467 700 1513; x_wconf 82' lang='grc' dir='ltr'><strong><em>φαίνεσθαι.</em></strong></span> <span class='ocrx_word' id='word_1_427' title='bbox 735 1464 811 1509; x_wconf 82' lang='grc' dir='ltr'><strong><em>ὅσῳ</em></strong></span> <span class='ocrx_word' id='word_1_428' title='bbox 834 1466 903 1513; x_wconf 79' lang='grc' dir='ltr'><strong>γὰρ</strong></span> <span class='ocrx_word' id='word_1_429' title='bbox 926 1465 972 1500; x_wconf 82' lang='grc' dir='ltr'><strong>ἄν</strong></span> <span class='ocrx_word' id='word_1_430' title='bbox 993 1478 1048 1501; x_wconf 87' lang='grc' dir='ltr'><strong>τις</strong></span> <span class='ocrx_word' id='word_1_431' title='bbox 1066 1466 1167 1514; x_wconf 78' lang='grc' dir='ltr'><strong><em>ἄρχοι</em></strong></span> <span class='ocrx_word' id='word_1_432' title='bbox 1185 1467 1341 1514; x_wconf 80' lang='grc' dir='ltr'><strong><em>κρειττό-</em></strong></span> 
     </span>
     <span class='ocr_line' id='line_1_54' title="bbox 259 1509 1249 1560; baseline 0.001 -13"><span class='ocrx_word' id='word_1_433' title='bbox 259 1526 346 1555; x_wconf 86' lang='grc' dir='ltr'><strong><em>νων,</em></strong></span> <span class='ocrx_word' id='word_1_434' title='bbox 369 1512 531 1556; x_wconf 78' lang='grc' dir='ltr'><strong><em>τοσούτῳ</em></strong></span> <span class='ocrx_word' id='word_1_435' title='bbox 555 1515 692 1556; x_wconf 76' lang='grc' dir='ltr'><strong><em>μείζων</em></strong></span> <span class='ocrx_word' id='word_1_436' title='bbox 717 1509 821 1546; x_wconf 79' lang='grc' dir='ltr'><strong><em>αὐτὸς</em></strong></span> <span class='ocrx_word' id='word_1_437' title='bbox 845 1515 903 1545; x_wconf 82' lang='grc' dir='ltr'><strong>καὶ</strong></span> <span class='ocrx_word' id='word_1_438' title='bbox 928 1511 1139 1560; x_wconf 77' lang='grc' dir='ltr'><strong><em>σεμνότερός</em></strong></span> <span class='ocrx_word' id='word_1_439' title='bbox 1161 1515 1249 1548; x_wconf 78' lang='grc' dir='ltr'><strong><em>ἐστι.</em></strong></span> 
     </span>
    </p>
   </div>
   <div class='ocr_carea' id='block_1_19' title="bbox 1407 1379 2483 1469">
    <p class='ocr_par' dir='ltr' id='par_1_20' title="bbox 1407 1379 2483 1469">
     <span class='ocr_line' id='line_1_55' title="bbox 1408 1379 2483 1425; baseline 0.004 -12"><span class='ocrx_word' id='word_1_440' title='bbox 1408 1388 1599 1423; x_wconf 77' lang='lat' dir='ltr'><strong>apparere3</strong></span> <span class='ocrx_word' id='word_1_441' title='bbox 1633 1383 1765 1424; x_wconf 86' lang='lat' dir='ltr'><strong>quanto</strong></span> <span class='ocrx_word' id='word_1_442' title='bbox 1799 1379 1892 1414; x_wconf 89' lang='lat' dir='ltr'><strong>enim</strong></span> <span class='ocrx_word' id='word_1_443' title='bbox 1924 1380 2072 1424; x_wconf 87' lang='lat' dir='ltr'><strong>quilibet</strong></span> <span class='ocrx_word' id='word_1_444' title='bbox 2101 1386 2243 1425; x_wconf 86' lang='lat' dir='ltr'><strong>praeest</strong></span> <span class='ocrx_word' id='word_1_445' title='bbox 2265 1382 2483 1424; x_wconf 89' lang='lat' dir='ltr'><strong>melioribus,</strong></span> 
     </span>
     <span class='ocr_line' id='line_1_56' title="bbox 1407 1425 2093 1469; baseline 0.003 -12"><span class='ocrx_word' id='word_1_446' title='bbox 1407 1428 1508 1459; x_wconf 89' lang='lat' dir='ltr'><strong>tanto</strong></span> <span class='ocrx_word' id='word_1_447' title='bbox 1532 1425 1645 1460; x_wconf 82' lang='lat' dir='ltr'><strong>maior</strong></span> <span class='ocrx_word' id='word_1_448' title='bbox 1667 1425 1743 1469; x_wconf 88' lang='lat' dir='ltr'><strong>ipse</strong></span> <span class='ocrx_word' id='word_1_449' title='bbox 1766 1427 1802 1460; x_wconf 88' lang='lat' dir='ltr'><strong>et</strong></span> <span class='ocrx_word' id='word_1_450' title='bbox 1824 1425 2006 1461; x_wconf 86' lang='lat' dir='ltr'><strong>honestior</strong></span> <span class='ocrx_word' id='word_1_451' title='bbox 2029 1429 2093 1460; x_wconf 89' lang='lat' dir='ltr'><strong>est.</strong></span> 
     </span>
    </p>
   </div>
   <div class='ocr_carea' id='block_1_20' title="bbox 309 1604 2484 1726">
    <p class='ocr_par' dir='ltr' id='par_1_21' title="bbox 309 1604 2484 1726">
     <span class='ocr_line' id='line_1_57' title="bbox 1270 1604 1475 1640; baseline -0.005 0"><span class='ocrx_word' id='word_1_452' title='bbox 1270 1604 1426 1640; x_wconf 88' lang='lat' dir='ltr'><strong>CAPUT</strong></span> <span class='ocrx_word' id='word_1_453' title='bbox 1446 1604 1475 1640; x_wconf 91' lang='lat'><strong>1.</strong></span> 
     </span>
     <span class='ocr_line' id='line_1_58' title="bbox 309 1665 2484 1726; baseline 0.001 -20"><span class='ocrx_word' id='word_1_454' title='bbox 309 1675 400 1706; x_wconf 77' lang='grc' dir='ltr'><strong><em>Τέως</em></strong></span> <span class='ocrx_word' id='word_1_455' title='bbox 428 1665 493 1706; x_wconf 71' lang='grc' dir='ltr'><strong>οὖν</strong></span> <span class='ocrx_word' id='word_1_456' title='bbox 522 1674 635 1705; x_wconf 74' lang='grc' dir='ltr'><strong><em>έκεῖνο</em></strong></span> <span class='ocrx_word' id='word_1_457' title='bbox 666 1672 815 1718; x_wconf 80' lang='grc' dir='ltr'><strong><em>πρῶτον</em></strong></span> <span class='ocrx_word' id='word_1_458' title='bbox 845 1672 1124 1726; x_wconf 62' lang='grc' dir='ltr'><strong><em>νομοθετητεον,</em></strong></span> <span class='ocrx_word' id='word_1_459' title='bbox 1159 1668 1246 1707; x_wconf 76' lang='grc' dir='ltr'><strong><em>ὥςτε</em></strong></span> <span class='ocrx_word' id='word_1_460' title='bbox 1274 1687 1338 1717; x_wconf 83' lang='grc' dir='ltr'><strong>μη-</strong></span> <span class='ocrx_word' id='word_1_461' title='bbox 1352 1676 1394 1706; x_wconf 79' lang='grc'><strong>30</strong></span> <span class='ocrx_word' id='word_1_462' title='bbox 1451 1673 1595 1707; x_wconf 81' lang='lat' dir='ltr'><strong>Interim</strong></span> <span class='ocrx_word' id='word_1_463' title='bbox 1613 1672 1700 1707; x_wconf 87' lang='lat' dir='ltr'><strong>illud</strong></span> <span class='ocrx_word' id='word_1_464' title='bbox 1718 1673 1817 1717; x_wconf 88' lang='lat' dir='ltr'><strong>prius</strong></span> <span class='ocrx_word' id='word_1_465' title='bbox 1835 1674 2065 1709; x_wconf 85' lang='lat' dir='ltr'><strong>sanciendum</strong></span> <span class='ocrx_word' id='word_1_466' title='bbox 2081 1678 2146 1718; x_wconf 88' lang='lat' dir='ltr'><strong>est,</strong></span> <span class='ocrx_word' id='word_1_467' title='bbox 2165 1677 2205 1709; x_wconf 89' lang='lat' dir='ltr'><strong>ut</strong></span> <span class='ocrx_word' id='word_1_468' title='bbox 2221 1675 2310 1710; x_wconf 88' lang='lat' dir='ltr'><strong>nulli</strong></span> <span class='ocrx_word' id='word_1_469' title='bbox 2329 1674 2484 1710; x_wconf 90' lang='lat' dir='ltr'><strong>omnium</strong></span> 
     </span>
    </p>
   </div>
   <div class='ocr_carea' id='block_1_21' title="bbox 256 1716 1338 1906">
    <p class='ocr_par' dir='ltr' id='par_1_22' title="bbox 256 1716 1338 1906">
     <span class='ocr_line' id='line_1_59' title="bbox 258 1716 1338 1763; baseline -0.001 -11"><span class='ocrx_word' id='word_1_470' title='bbox 258 1716 335 1752; x_wconf 79' lang='grc' dir='ltr'><strong>δενὶ</strong></span> <span class='ocrx_word' id='word_1_471' title='bbox 358 1719 436 1752; x_wconf 82' lang='grc' dir='ltr'><strong>τῶν</strong></span> <span class='ocrx_word' id='word_1_472' title='bbox 458 1716 612 1753; x_wconf 82' lang='grc' dir='ltr'><strong><em>πάντων</em></strong></span> <span class='ocrx_word' id='word_1_473' title='bbox 645 1717 738 1750; x_wconf 84' lang='grc' dir='ltr'><strong><em>εἶναι</em></strong></span> <span class='ocrx_word' id='word_1_474' title='bbox 771 1722 975 1763; x_wconf 82' lang='grc' dir='ltr'><strong><em>παρρησίαν</em></strong></span> <span class='ocrx_word' id='word_1_475' title='bbox 1005 1731 1073 1761; x_wconf 90' lang='grc' dir='ltr'><strong>την</strong></span> <span class='ocrx_word' id='word_1_476' title='bbox 1103 1719 1167 1752; x_wconf 85' lang='grc' dir='ltr'><strong>τοῦ</strong></span> <span class='ocrx_word' id='word_1_477' title='bbox 1199 1716 1338 1752; x_wconf 84' lang='grc' dir='ltr'><strong><em>ἐκδίκου</em></strong></span> 
     </span>
     <span class='ocr_line' id='line_1_60' title="bbox 256 1759 1338 1809; baseline 0 -12"><span class='ocrx_word' id='word_1_478' title='bbox 256 1767 481 1809; x_wconf 82' lang='grc' dir='ltr'><strong><em>χειροτονίαν</em></strong></span> <span class='ocrx_word' id='word_1_479' title='bbox 514 1760 775 1803; x_wconf 79' lang='grc' dir='ltr'><strong><em>ἀπωθεῖσθαι,</em></strong></span> <span class='ocrx_word' id='word_1_480' title='bbox 811 1761 900 1795; x_wconf 79' lang='grc' dir='ltr'><strong><em>ἀλλὰ</em></strong></span> <span class='ocrx_word' id='word_1_481' title='bbox 933 1761 1137 1806; x_wconf 81' lang='grc' dir='ltr'><strong><em>ἀμοιβαδὸν</em></strong></span> <span class='ocrx_word' id='word_1_482' title='bbox 1173 1759 1338 1797; x_wconf 64' lang='grc' dir='ltr'><strong><em>ἅπαντας</em></strong></span> 
     </span>
     <span class='ocr_line' id='line_1_61' title="bbox 256 1806 1336 1854; baseline -0.001 -12"><span class='ocrx_word' id='word_1_483' title='bbox 256 1808 337 1842; x_wconf 82' lang='grc' dir='ltr'><strong><em>τοὺς</em></strong></span> <span class='ocrx_word' id='word_1_484' title='bbox 360 1810 591 1854; x_wconf 81' lang='grc' dir='ltr'><strong><em>σεμνοτέρους</em></strong></span> <span class='ocrx_word' id='word_1_485' title='bbox 622 1808 701 1842; x_wconf 86' lang='grc' dir='ltr'><strong>τῶν</strong></span> <span class='ocrx_word' id='word_1_486' title='bbox 730 1806 874 1841; x_wconf 82' lang='grc' dir='ltr'><strong><em>πόλεων</em></strong></span> <span class='ocrx_word' id='word_1_487' title='bbox 903 1806 1088 1853; x_wconf 82' lang='grc' dir='ltr'><strong><em>οἰκήτορας</em></strong></span> <span class='ocrx_word' id='word_1_488' title='bbox 1115 1807 1253 1851; x_wconf 83' lang='grc' dir='ltr'><strong><em>ταύτην</em></strong></span> <span class='ocrx_word' id='word_1_489' title='bbox 1277 1806 1336 1841; x_wconf 80' lang='grc' dir='ltr'><strong>αὔ-</strong></span> 
     </span>
     <span class='ocr_line' id='line_1_62' title="bbox 256 1850 1338 1906; baseline 0.001 -20"><span class='ocrx_word' id='word_1_490' title='bbox 256 1857 334 1887; x_wconf 85' lang='grc' dir='ltr'><strong><em>ταῖς</em></strong></span> <span class='ocrx_word' id='word_1_491' title='bbox 364 1853 431 1896; x_wconf 85' lang='grc' dir='ltr'><strong>τὴν</strong></span> <span class='ocrx_word' id='word_1_492' title='bbox 459 1852 682 1906; x_wconf 71' lang='grc' dir='ltr'><strong><em>λειτουργίαν</em></strong></span> <span class='ocrx_word' id='word_1_493' title='bbox 713 1852 922 1897; x_wconf 80' lang='grc' dir='ltr'><strong><em>ἐκπληροῦν.</em></strong></span> <span class='ocrx_word' id='word_1_494' title='bbox 967 1855 1075 1886; x_wconf 77' lang='grc' dir='ltr'><strong><em>τοῦτο</em></strong></span> <span class='ocrx_word' id='word_1_495' title='bbox 1097 1852 1165 1900; x_wconf 80' lang='grc' dir='ltr'><strong>γὰρ</strong></span> <span class='ocrx_word' id='word_1_496' title='bbox 1197 1851 1241 1896; x_wconf 89' lang='grc' dir='ltr'><strong>δὴ</strong></span> <span class='ocrx_word' id='word_1_497' title='bbox 1269 1850 1338 1887; x_wconf 80' lang='grc' dir='ltr'><strong>κάν</strong></span> 
     </span>
    </p>
   </div>
   <div class='ocr_carea' id='block_1_22' title="bbox 1406 1718 2484 1900">
    <p class='ocr_par' dir='ltr' id='par_1_23' title="bbox 1406 1718 2484 1900">
     <span class='ocr_line' id='line_1_63' title="bbox 1408 1718 2484 1762; baseline 0.001 -9"><span class='ocrx_word' id='word_1_498' title='bbox 1408 1718 1455 1753; x_wconf 87' lang='lat' dir='ltr'><strong>sit</strong></span> <span class='ocrx_word' id='word_1_499' title='bbox 1477 1719 1622 1753; x_wconf 83' lang='lat' dir='ltr'><strong>licentia</strong></span> <span class='ocrx_word' id='word_1_500' title='bbox 1642 1718 1838 1754; x_wconf 76' lang='lat' dir='ltr'><strong>defensoriS</strong></span> <span class='ocrx_word' id='word_1_501' title='bbox 1858 1719 2114 1755; x_wconf 81' lang='lat' dir='ltr'><strong>ordinationem</strong></span> <span class='ocrx_word' id='word_1_502' title='bbox 2132 1720 2319 1762; x_wconf 89' lang='lat' dir='ltr'><strong>declinare,</strong></span> <span class='ocrx_word' id='word_1_503' title='bbox 2343 1721 2407 1755; x_wconf 89' lang='lat' dir='ltr'><strong>sed</strong></span> <span class='ocrx_word' id='word_1_504' title='bbox 2429 1720 2484 1755; x_wconf 92' lang='lat' dir='ltr'><strong>in-</strong></span> 
     </span>
     <span class='ocr_line' id='line_1_64' title="bbox 1406 1764 2484 1800; baseline 0.002 -2"><span class='ocrx_word' id='word_1_505' title='bbox 1406 1764 1517 1798; x_wconf 89' lang='lat' dir='ltr'><strong>vicem</strong></span> <span class='ocrx_word' id='word_1_506' title='bbox 1547 1764 1701 1798; x_wconf 87' lang='lat' dir='ltr'><strong>universi</strong></span> <span class='ocrx_word' id='word_1_507' title='bbox 1731 1764 1922 1799; x_wconf 89' lang='lat' dir='ltr'><strong>nobiliores</strong></span> <span class='ocrx_word' id='word_1_508' title='bbox 1955 1765 2137 1800; x_wconf 85' lang='lat' dir='ltr'><strong>civitatum</strong></span> <span class='ocrx_word' id='word_1_509' title='bbox 2166 1765 2385 1800; x_wconf 81' lang='lat' dir='ltr'><strong>habitatores</strong></span> <span class='ocrx_word' id='word_1_510' title='bbox 2416 1765 2484 1800; x_wconf 92' lang='lat' dir='ltr'><strong>hoc</strong></span> 
     </span>
     <span class='ocr_line' id='line_1_65' title="bbox 1406 1808 2484 1855; baseline 0.002 -12"><span class='ocrx_word' id='word_1_511' title='bbox 1406 1809 1639 1844; x_wconf 87' lang='lat' dir='ltr'><strong>ministerium</strong></span> <span class='ocrx_word' id='word_1_512' title='bbox 1671 1808 1723 1843; x_wconf 90' lang='lat' dir='ltr'><strong>eis</strong></span> <span class='ocrx_word' id='word_1_513' title='bbox 1754 1809 1988 1854; x_wconf 83' lang='lat' dir='ltr'><strong>adimpleant3</strong></span> <span class='ocrx_word' id='word_1_514' title='bbox 2024 1810 2094 1845; x_wconf 91' lang='lat' dir='ltr'><strong>hoc</strong></span> <span class='ocrx_word' id='word_1_515' title='bbox 2123 1811 2216 1845; x_wconf 91' lang='lat' dir='ltr'><strong>enim</strong></span> <span class='ocrx_word' id='word_1_516' title='bbox 2240 1813 2276 1845; x_wconf 86' lang='lat' dir='ltr'><strong>et</strong></span> <span class='ocrx_word' id='word_1_517' title='bbox 2304 1811 2484 1855; x_wconf 88' lang='lat' dir='ltr'><strong>prioribus</strong></span> 
     </span>
     <span class='ocr_line' id='line_1_66' title="bbox 1406 1854 2484 1900; baseline 0.003 -13"><span class='ocrx_word' id='word_1_518' title='bbox 1406 1854 1626 1898; x_wconf 85' lang='lat' dir='ltr'><strong>temporibus</strong></span> <span class='ocrx_word' id='word_1_519' title='bbox 1655 1854 1810 1889; x_wconf 88' lang='lat' dir='ltr'><strong>valuisse</strong></span> <span class='ocrx_word' id='word_1_520' title='bbox 1842 1857 1878 1889; x_wconf 91' lang='lat' dir='ltr'><strong>et</strong></span> <span class='ocrx_word' id='word_1_521' title='bbox 1907 1856 1944 1889; x_wconf 88' lang='lat' dir='ltr'><strong>in</strong></span> <span class='ocrx_word' id='word_1_522' title='bbox 1973 1856 2157 1900; x_wconf 81' lang='lat' dir='ltr'><strong>republica</strong></span> <span class='ocrx_word' id='word_1_523' title='bbox 2190 1859 2327 1900; x_wconf 85' lang='lat' dir='ltr'><strong>gestum</strong></span> <span class='ocrx_word' id='word_1_524' title='bbox 2359 1855 2484 1890; x_wconf 88' lang='lat' dir='ltr'><strong>didici·</strong></span> 
     </span>
    </p>
   </div>
   <div class='ocr_carea' id='block_1_23' title="bbox 257 1896 2484 1945">
    <p class='ocr_par' dir='ltr' id='par_1_24' title="bbox 257 1896 2484 1945">
     <span class='ocr_line' id='line_1_67' title="bbox 257 1896 2484 1945; baseline 0.001 -13"><span class='ocrx_word' id='word_1_525' title='bbox 257 1902 329 1932; x_wconf 86' lang='grc' dir='ltr'><strong><em>τοῖς</em></strong></span> <span class='ocrx_word' id='word_1_526' title='bbox 352 1898 565 1945; x_wconf 63' lang='grc' dir='ltr'><strong><em>ἔμπροσθεν</em></strong></span> <span class='ocrx_word' id='word_1_527' title='bbox 586 1909 725 1943; x_wconf 79' lang='grc' dir='ltr'><strong><em>χρόνοις</em></strong></span> <span class='ocrx_word' id='word_1_528' title='bbox 749 1911 893 1942; x_wconf 87' lang='grc' dir='ltr'><strong><em>κρατειν</em></strong></span> <span class='ocrx_word' id='word_1_529' title='bbox 924 1911 964 1931; x_wconf 83' lang='grc' dir='ltr'><strong>τε</strong></span> <span class='ocrx_word' id='word_1_530' title='bbox 993 1901 1053 1931; x_wconf 86' lang='grc' dir='ltr'><strong>καὶ</strong></span> <span class='ocrx_word' id='word_1_531' title='bbox 1077 1896 1337 1932; x_wconf 82' lang='grc' dir='ltr'><strong><em>πολιτεύεσθαι</em></strong></span> <span class='ocrx_word' id='word_1_532' title='bbox 1351 1901 1391 1933; x_wconf 88' lang='grc'><strong>35</strong></span> <span class='ocrx_word' id='word_1_533' title='bbox 1405 1909 1496 1933; x_wconf 86' lang='lat' dir='ltr'><strong>mus.</strong></span> <span class='ocrx_word' id='word_1_534' title='bbox 1544 1898 1661 1940; x_wconf 87' lang='lat' dir='ltr'><strong>Nulli,</strong></span> <span class='ocrx_word' id='word_1_535' title='bbox 1687 1909 1751 1933; x_wconf 85' lang='lat' dir='ltr'><strong>nec</strong></span> <span class='ocrx_word' id='word_1_536' title='bbox 1776 1899 1807 1934; x_wconf 85' lang='lat' dir='ltr'><strong>si</strong></span> <span class='ocrx_word' id='word_1_537' title='bbox 1829 1900 2025 1935; x_wconf 81' lang='lat' dir='ltr'><strong>honoratus</strong></span> <span class='ocrx_word' id='word_1_538' title='bbox 2050 1900 2097 1935; x_wconf 84' lang='lat' dir='ltr'><strong>sit</strong></span> <span class='ocrx_word' id='word_1_539' title='bbox 2120 1900 2484 1945; x_wconf 76' lang='lat' dir='ltr'><strong>magnificentissimo-</strong></span> 
     </span>
    </p>
   </div>
   <div class='ocr_carea' id='block_1_24' title="bbox 255 1939 1339 2131">
    <p class='ocr_par' dir='ltr' id='par_1_25' title="bbox 255 1939 1339 2131">
     <span class='ocr_line' id='line_1_68' title="bbox 255 1939 1337 1988; baseline -0.001 -11"><span class='ocrx_word' id='word_1_540' title='bbox 255 1943 529 1988; x_wconf 78' lang='grc' dir='ltr'><strong><em>μεμαθήκαμεν.</em></strong></span> <span class='ocrx_word' id='word_1_541' title='bbox 575 1939 750 1983; x_wconf 75' lang='grc' dir='ltr'><strong><em>οὐδενός,,</em></strong></span> <span class='ocrx_word' id='word_1_542' title='bbox 767 1940 848 1975; x_wconf 74' lang='grc' dir='ltr'><strong><em>οὐδ’</em></strong></span> <span class='ocrx_word' id='word_1_543' title='bbox 882 1940 928 1976; x_wconf 73' lang='grc' dir='ltr'><strong>(ἲν</strong></span> <span class='ocrx_word' id='word_1_544' title='bbox 964 1944 995 1976; x_wconf 85' lang='grc' dir='ltr'><strong>εἰ</strong></span> <span class='ocrx_word' id='word_1_545' title='bbox 1023 1946 1253 1987; x_wconf 84' lang='grc' dir='ltr'><strong><em>τετιμημένος</em></strong></span> <span class='ocrx_word' id='word_1_546' title='bbox 1284 1944 1337 1986; x_wconf 87' lang='grc' dir='ltr'><strong>εἴη</strong></span> 
     </span>
     <span class='ocr_line' id='line_1_69' title="bbox 257 1985 1336 2035; baseline -0.002 -12"><span class='ocrx_word' id='word_1_547' title='bbox 257 1990 301 2033; x_wconf 86' lang='grc' dir='ltr'><strong>τῆ</strong></span> <span class='ocrx_word' id='word_1_548' title='bbox 327 1989 405 2022; x_wconf 86' lang='grc' dir='ltr'><strong>τῶν</strong></span> <span class='ocrx_word' id='word_1_549' title='bbox 427 1986 824 2035; x_wconf 78' lang='grc' dir='ltr'><strong><em>μεγαλοπρεπεστάτων</em></strong></span> <span class='ocrx_word' id='word_1_550' title='bbox 847 1986 1083 2033; x_wconf 84' lang='grc' dir='ltr'><strong><em>ἶλλουστρίων</em></strong></span> <span class='ocrx_word' id='word_1_551' title='bbox 1105 1985 1208 2031; x_wconf 74' lang='grc' dir='ltr'><strong><em>ἀξίᾳ,</em></strong></span> <span class='ocrx_word' id='word_1_552' title='bbox 1228 1989 1336 2022; x_wconf 74' lang='grc' dir='ltr'><strong><em>τοῦτο</em></strong></span> 
     </span>
     <span class='ocr_line' id='line_1_70' title="bbox 257 2026 1336 2087; baseline -0.001 -19"><span class='ocrx_word' id='word_1_553' title='bbox 257 2026 484 2068; x_wconf 68' lang='grc' dir='ltr'><strong><em>διωθεῖσθαι</em></strong></span> <span class='ocrx_word' id='word_1_554' title='bbox 507 2036 808 2087; x_wconf 56' lang='grc' dir='ltr'><strong><em>συγχωρουμένου,</em></strong></span> <span class='ocrx_word' id='word_1_555' title='bbox 832 2029 910 2066; x_wconf 77' lang='grc' dir='ltr'><strong><em>οὐδ’</em></strong></span> <span class='ocrx_word' id='word_1_556' title='bbox 930 2030 977 2066; x_wconf 74' lang='grc' dir='ltr'><strong>ἂν</strong></span> <span class='ocrx_word' id='word_1_557' title='bbox 998 2034 1031 2066; x_wconf 83' lang='grc' dir='ltr'><strong>εἰ</strong></span> <span class='ocrx_word' id='word_1_558' title='bbox 1049 2037 1243 2079; x_wconf 90' lang='grc' dir='ltr'><strong><em>στρατείαν</em></strong></span> <span class='ocrx_word' id='word_1_559' title='bbox 1262 2035 1336 2075; x_wconf 79' lang='grc' dir='ltr'><strong><em>ἔχοι</em></strong></span> 
     </span>
     <span class='ocr_line' id='line_1_71' title="bbox 256 2075 1339 2131; baseline -0.001 -18"><span class='ocrx_word' id='word_1_560' title='bbox 256 2078 400 2123; x_wconf 81' lang='grc' dir='ltr'><strong><em>σεμνήν,</em></strong></span> <span class='ocrx_word' id='word_1_561' title='bbox 424 2075 504 2113; x_wconf 79' lang='grc' dir='ltr'><strong><em>οὐδ’</em></strong></span> <span class='ocrx_word' id='word_1_562' title='bbox 530 2079 635 2131; x_wconf 42' lang='lat' dir='ltr'><strong>avaei</strong></span> <span class='ocrx_word' id='word_1_563' title='bbox 650 2091 687 2112; x_wconf 91' lang='grc' dir='ltr'><strong>τι</strong></span> <span class='ocrx_word' id='word_1_564' title='bbox 708 2077 915 2123; x_wconf 86' lang='grc' dir='ltr'><strong><em>προΐσχοιτο</em></strong></span> <span class='ocrx_word' id='word_1_565' title='bbox 935 2076 1135 2123; x_wconf 88' lang='grc' dir='ltr'><strong><em>προνόμιον</em></strong></span> <span class='ocrx_word' id='word_1_566' title='bbox 1158 2079 1197 2112; x_wconf 82' lang='grc' dir='ltr'><strong>ἐκ</strong></span> <span class='ocrx_word' id='word_1_567' title='bbox 1220 2078 1339 2112; x_wconf 83' lang='grc' dir='ltr'><strong><em>θείων</em></strong></span> 
     </span>
    </p>
   </div>
   <div class='ocr_carea' id='block_1_25' title="bbox 1404 1944 2486 2081">
    <p class='ocr_par' dir='ltr' id='par_1_26' title="bbox 1404 1944 2486 2081">
     <span class='ocr_line' id='line_1_72' title="bbox 1409 1944 2484 1987; baseline 0.002 -9"><span class='ocrx_word' id='word_1_568' title='bbox 1409 1954 1488 1978; x_wconf 91' lang='lat' dir='ltr'><strong>rum</strong></span> <span class='ocrx_word' id='word_1_569' title='bbox 1511 1944 1702 1978; x_wconf 88' lang='lat' dir='ltr'><strong>illustrium</strong></span> <span class='ocrx_word' id='word_1_570' title='bbox 1727 1944 1914 1987; x_wconf 84' lang='lat' dir='ltr'><strong>dignitate,</strong></span> <span class='ocrx_word' id='word_1_571' title='bbox 1945 1945 2014 1980; x_wconf 91' lang='lat' dir='ltr'><strong>hoc</strong></span> <span class='ocrx_word' id='word_1_572' title='bbox 2038 1945 2217 1981; x_wconf 87' lang='lat' dir='ltr'><strong>declinare</strong></span> <span class='ocrx_word' id='word_1_573' title='bbox 2247 1945 2484 1986; x_wconf 86' lang='lat' dir='ltr'><strong>concedimus,</strong></span> 
     </span>
     <span class='ocr_line' id='line_1_73' title="bbox 1404 1988 2486 2036; baseline 0.002 -13"><span class='ocrx_word' id='word_1_574' title='bbox 1404 1998 1470 2024; x_wconf 91' lang='lat' dir='ltr'><strong>nec</strong></span> <span class='ocrx_word' id='word_1_575' title='bbox 1498 1989 1529 2023; x_wconf 91' lang='lat' dir='ltr'><strong>si</strong></span> <span class='ocrx_word' id='word_1_576' title='bbox 1559 1988 1718 2023; x_wconf 86' lang='lat' dir='ltr'><strong>militiam</strong></span> <span class='ocrx_word' id='word_1_577' title='bbox 1751 1989 1884 2024; x_wconf 84' lang='lat' dir='ltr'><strong>habeat</strong></span> <span class='ocrx_word' id='word_1_578' title='bbox 1914 1990 2100 2025; x_wconf 82' lang='lat' dir='ltr'><strong>honestam</strong></span> <span class='ocrx_word' id='word_1_579' title='bbox 2132 2000 2246 2035; x_wconf 90' lang='lat' dir='ltr'><strong>neque</strong></span> <span class='ocrx_word' id='word_1_580' title='bbox 2270 1990 2301 2026; x_wconf 89' lang='lat' dir='ltr'><strong>si</strong></span> <span class='ocrx_word' id='word_1_581' title='bbox 2323 1990 2486 2036; x_wconf 85' lang='lat' dir='ltr'><strong>proferat</strong></span> 
     </span>
     <span class='ocr_line' id='line_1_74' title="bbox 1404 2033 2483 2081; baseline 0.003 -13"><span class='ocrx_word' id='word_1_582' title='bbox 1404 2033 1623 2078; x_wconf 86' lang='lat' dir='ltr'><strong>privilegium</strong></span> <span class='ocrx_word' id='word_1_583' title='bbox 1646 2044 1750 2069; x_wconf 88' lang='lat' dir='ltr'><strong>suum</strong></span> <span class='ocrx_word' id='word_1_584' title='bbox 1774 2044 1818 2069; x_wconf 89' lang='lat' dir='ltr'><strong>ex</strong></span> <span class='ocrx_word' id='word_1_585' title='bbox 1841 2034 1968 2070; x_wconf 88' lang='lat' dir='ltr'><strong>divinis</strong></span> <span class='ocrx_word' id='word_1_586' title='bbox 1999 2035 2144 2078; x_wconf 87' lang='lat' dir='ltr'><strong>formis,</strong></span> <span class='ocrx_word' id='word_1_587' title='bbox 2177 2036 2231 2071; x_wconf 90' lang='lat' dir='ltr'><strong>vel</strong></span> <span class='ocrx_word' id='word_1_588' title='bbox 2265 2035 2295 2071; x_wconf 92' lang='lat' dir='ltr'><strong>si</strong></span> <span class='ocrx_word' id='word_1_589' title='bbox 2318 2046 2483 2081; x_wconf 79' lang='lat' dir='ltr'><strong>pragma-</strong></span> 
     </span>
    </p>
   </div>
   <div class='ocr_carea' id='block_1_26' title="bbox 257 2120 1393 2170">
    <p class='ocr_par' dir='ltr' id='par_1_27' title="bbox 257 2120 1393 2170">
     <span class='ocr_line' id='line_1_75' title="bbox 257 2120 1393 2170; baseline 0 -12"><span class='ocrx_word' id='word_1_590' title='bbox 257 2125 356 2168; x_wconf 79' lang='grc' dir='ltr'><strong><em>αὖτῳ</em></strong></span> <span class='ocrx_word' id='word_1_591' title='bbox 381 2137 520 2166; x_wconf 84' lang='grc' dir='ltr'><strong><em>τυπων,</em></strong></span> <span class='ocrx_word' id='word_1_592' title='bbox 550 2137 618 2157; x_wconf 86' lang='grc' dir='ltr'><strong>καν</strong></span> <span class='ocrx_word' id='word_1_593' title='bbox 641 2124 673 2156; x_wconf 82' lang='grc' dir='ltr'><strong>εἰ</strong></span> <span class='ocrx_word' id='word_1_594' title='bbox 700 2126 941 2170; x_wconf 77' lang='grc' dir='ltr'><strong><em>πραγματικοὶ</em></strong></span> <span class='ocrx_word' id='word_1_595' title='bbox 971 2120 1244 2166; x_wconf 79' lang='grc' dir='ltr'><strong><em>καθεστήκοιεν,</em></strong></span> <span class='ocrx_word' id='word_1_596' title='bbox 1276 2137 1335 2158; x_wconf 82' lang='grc' dir='ltr'><strong>πε·</strong></span> <span class='ocrx_word' id='word_1_597' title='bbox 1349 2127 1393 2158; x_wconf 84' lang='grc'><strong>40</strong></span> 
     </span>
    </p>
   </div>
   <div class='ocr_carea' id='block_1_27' title="bbox 250 2212 2485 3028">
    <p class='ocr_par' dir='ltr' id='par_1_28' title="bbox 256 2212 2485 2306">
     <span class='ocr_line' id='line_1_76' title="bbox 256 2212 2485 2261; baseline 0 -11"><span class='ocrx_word' id='word_1_598' title='bbox 256 2214 459 2250; x_wconf 78' lang='lat' dir='ltr'><strong>bominibus</strong></span> <span class='ocrx_word' id='word_1_599' title='bbox 476 2213 643 2259; x_wconf 83' lang='lat' dir='ltr'><strong>faciant;</strong></span> <span class='ocrx_word' id='word_1_600' title='bbox 665 2212 758 2248; x_wconf 88' lang='lat' dir='ltr'><strong>adeo</strong></span> <span class='ocrx_word' id='word_1_601' title='bbox 782 2218 823 2248; x_wconf 88' lang='lat' dir='ltr'><strong>ut</strong></span> <span class='ocrx_word' id='word_1_602' title='bbox 845 2218 881 2249; x_wconf 92' lang='lat' dir='ltr'><strong>et</strong></span> <span class='ocrx_word' id='word_1_603' title='bbox 903 2213 1110 2249; x_wconf 78' lang='lat' dir='ltr'><strong>cohortales</strong></span> <span class='ocrx_word' id='word_1_604' title='bbox 1133 2218 1168 2248; x_wconf 91' lang='lat' dir='ltr'><strong>et</strong></span> <span class='ocrx_word' id='word_1_605' title='bbox 1191 2213 1376 2248; x_wconf 85' lang='lat' dir='ltr'><strong>civitatum</strong></span> <span class='ocrx_word' id='word_1_606' title='bbox 1399 2214 1636 2259; x_wconf 74' lang='lat' dir='ltr'><strong>maqistratus</strong></span> <span class='ocrx_word' id='word_1_607' title='bbox 1659 2219 1693 2248; x_wconf 87' lang='lat' dir='ltr'><strong>et</strong></span> <span class='ocrx_word' id='word_1_608' title='bbox 1717 2212 1910 2248; x_wconf 85' lang='lat' dir='ltr'><strong>earundem</strong></span> <span class='ocrx_word' id='word_1_609' title='bbox 1935 2213 2078 2248; x_wconf 79' lang='lat' dir='ltr'><strong>incolae</strong></span> <span class='ocrx_word' id='word_1_610' title='bbox 2099 2225 2237 2249; x_wconf 86' lang='lat' dir='ltr'><strong>summo</strong></span> <span class='ocrx_word' id='word_1_611' title='bbox 2263 2216 2485 2261; x_wconf 85' lang='lat' dir='ltr'><strong>contemptui</strong></span> 
     </span>
     <span class='ocr_line' id='line_1_77' title="bbox 256 2256 2484 2306; baseline -0 -10"><span class='ocrx_word' id='word_1_612' title='bbox 256 2260 484 2306; x_wconf 78' lang='lat' dir='ltr'><strong>defensorem</strong></span> <span class='ocrx_word' id='word_1_613' title='bbox 509 2258 674 2293; x_wconf 76' lang='lat' dir='ltr'><strong>habeant.</strong></span> <span class='ocrx_word' id='word_1_614' title='bbox 721 2256 821 2300; x_wconf 80' lang='lat' dir='ltr'><strong>Quae</strong></span> <span class='ocrx_word' id='word_1_615' title='bbox 846 2269 930 2294; x_wconf 85' lang='lat' dir='ltr'><strong>vero</strong></span> <span class='ocrx_word' id='word_1_616' title='bbox 955 2270 977 2293; x_wconf 87' lang='lat' dir='ltr'><strong>a</strong></span> <span class='ocrx_word' id='word_1_617' title='bbox 1006 2258 1056 2292; x_wconf 84' lang='lat' dir='ltr'><strong>ud</strong></span> <span class='ocrx_word' id='word_1_618' title='bbox 1078 2268 1141 2293; x_wconf 88' lang='lat' dir='ltr'><strong>eos</strong></span> <span class='ocrx_word' id='word_1_619' title='bbox 1165 2263 1337 2303; x_wconf 69' lang='lat' dir='ltr'><strong>ayuntur,</strong></span> <span class='ocrx_word' id='word_1_620' title='bbox 1366 2258 1457 2303; x_wconf 87' lang='lat' dir='ltr'><strong>pari</strong></span> <span class='ocrx_word' id='word_1_621' title='bbox 1481 2257 1561 2292; x_wconf 89' lang='lat' dir='ltr'><strong>loco</strong></span> <span class='ocrx_word' id='word_1_622' title='bbox 1585 2263 1695 2303; x_wconf 82' lang='lat' dir='ltr'><strong>atque</strong></span> <span class='ocrx_word' id='word_1_623' title='bbox 1718 2269 1792 2292; x_wconf 89' lang='lat' dir='ltr'><strong>non</strong></span> <span class='ocrx_word' id='word_1_624' title='bbox 1815 2262 1899 2293; x_wconf 88' lang='lat' dir='ltr'><strong>acta</strong></span> <span class='ocrx_word' id='word_1_625' title='bbox 1929 2262 2033 2293; x_wconf 86' lang='lat' dir='ltr'><strong>sunt:</strong></span> <span class='ocrx_word' id='word_1_626' title='bbox 2069 2258 2140 2293; x_wconf 84' lang='lat' dir='ltr'><strong>nisi</strong></span> <span class='ocrx_word' id='word_1_627' title='bbox 2170 2259 2264 2295; x_wconf 87' lang='lat' dir='ltr'><strong>enim</strong></span> <span class='ocrx_word' id='word_1_628' title='bbox 2290 2260 2484 2306; x_wconf 79' lang='lat' dir='ltr'><strong>praesides</strong></span> 
     </span>
    </p>

    <p class='ocr_par' dir='ltr' id='par_1_29' title="bbox 250 2301 2484 2804">
     <span class='ocr_line' id='line_1_78' title="bbox 282 2301 2481 2349; baseline -0 -9"><span class='ocrx_word' id='word_1_629' title='bbox 282 2305 526 2341; x_wconf 89' lang='lat' dir='ltr'><strong>rovinciarum</strong></span> <span class='ocrx_word' id='word_1_630' title='bbox 550 2303 819 2349; x_wconf 80' lang='lat' dir='ltr'><strong>imperaverint,</strong></span> <span class='ocrx_word' id='word_1_631' title='bbox 843 2314 888 2338; x_wconf 88' lang='lat' dir='ltr'><strong>ne</strong></span> <span class='ocrx_word' id='word_1_632' title='bbox 911 2314 959 2338; x_wconf 91' lang='lat' dir='ltr'><strong>au</strong></span> <span class='ocrx_word' id='word_1_633' title='bbox 985 2303 1094 2338; x_wconf 88' lang='lat' dir='ltr'><strong>ebunt</strong></span> <span class='ocrx_word' id='word_1_634' title='bbox 1116 2302 1259 2349; x_wconf 82' lang='lat' dir='ltr'><strong>quidem</strong></span> <span class='ocrx_word' id='word_1_635' title='bbox 1283 2307 1367 2338; x_wconf 89' lang='lat' dir='ltr'><strong>acta</strong></span> <span class='ocrx_word' id='word_1_636' title='bbox 1384 2302 1680 2338; x_wconf 79' lang='lat' dir='ltr'><strong>documentorum</strong></span> <span class='ocrx_word' id='word_1_637' title='bbox 1705 2301 1806 2349; x_wconf 85' lang='lat' dir='ltr'><strong>apud</strong></span> <span class='ocrx_word' id='word_1_638' title='bbox 1826 2313 1866 2338; x_wconf 90' lang='lat' dir='ltr'><strong>se</strong></span> <span class='ocrx_word' id='word_1_639' title='bbox 1888 2303 2064 2348; x_wconf 83' lang='lat' dir='ltr'><strong>conficere</strong></span> <span class='ocrx_word' id='word_1_640' title='bbox 2078 2302 2292 2348; x_wconf 86' lang='lat' dir='ltr'><strong>defensores</strong></span> <span class='ocrx_word' id='word_1_641' title='bbox 2313 2304 2352 2339; x_wconf 87' lang='lat' dir='ltr'><strong>in</strong></span> <span class='ocrx_word' id='word_1_642' title='bbox 2371 2305 2481 2340; x_wconf 85' lang='lat' dir='ltr'><strong>omni-</strong></span> 
     </span>
     <span class='ocr_line' id='line_1_79' title="bbox 250 2317 2482 2395; baseline -0.001 -9"><span class='ocrx_word' id='word_1_643' title='bbox 250 2317 321 2386; x_wconf 56' lang='lat' dir='ltr'><strong>bus</strong></span> <span class='ocrx_word' id='word_1_644' title='bbox 343 2350 390 2385; x_wconf 87' lang='lat' dir='ltr'><strong>iis</strong></span> <span class='ocrx_word' id='word_1_645' title='bbox 411 2350 622 2390; x_wconf 84' lang='lat' dir='ltr'><strong>servientes,</strong></span> <span class='ocrx_word' id='word_1_646' title='bbox 655 2358 734 2382; x_wconf 88' lang='lat' dir='ltr'><strong>cum</strong></span> <span class='ocrx_word' id='word_1_647' title='bbox 758 2348 808 2383; x_wconf 88' lang='lat' dir='ltr'><strong>ad</strong></span> <span class='ocrx_word' id='word_1_648' title='bbox 833 2348 980 2382; x_wconf 86' lang='lat' dir='ltr'><strong>illorum</strong></span> <span class='ocrx_word' id='word_1_649' title='bbox 1009 2351 1120 2383; x_wconf 88' lang='lat' dir='ltr'><strong>nutus</strong></span> <span class='ocrx_word' id='word_1_650' title='bbox 1144 2347 1244 2382; x_wconf 88' lang='lat' dir='ltr'><strong>solos</strong></span> <span class='ocrx_word' id='word_1_651' title='bbox 1261 2346 1460 2383; x_wconf 86' lang='lat' dir='ltr'><strong>attendant.</strong></span> <span class='ocrx_word' id='word_1_652' title='bbox 1511 2345 1650 2390; x_wconf 81' lang='lat' dir='ltr'><strong>Quodsi</strong></span> <span class='ocrx_word' id='word_1_653' title='bbox 1669 2358 1764 2393; x_wconf 84' lang='lat' dir='ltr'><strong>quae</strong></span> <span class='ocrx_word' id='word_1_654' title='bbox 1790 2348 1899 2382; x_wconf 89' lang='lat' dir='ltr'><strong>etiam</strong></span> <span class='ocrx_word' id='word_1_655' title='bbox 1920 2353 2004 2383; x_wconf 89' lang='lat' dir='ltr'><strong>acta</strong></span> <span class='ocrx_word' id='word_1_656' title='bbox 2027 2347 2117 2389; x_wconf 87' lang='lat' dir='ltr'><strong>sint,</strong></span> <span class='ocrx_word' id='word_1_657' title='bbox 2146 2349 2303 2394; x_wconf 85' lang='lat' dir='ltr'><strong>primum</strong></span> <span class='ocrx_word' id='word_1_658' title='bbox 2327 2360 2371 2384; x_wconf 88' lang='lat' dir='ltr'><strong>ea</strong></span> <span class='ocrx_word' id='word_1_659' title='bbox 2394 2360 2482 2395; x_wconf 84' lang='lat' dir='ltr'><strong>quo·</strong></span> 
     </span>
     <span class='ocr_line' id='line_1_80' title="bbox 255 2391 2484 2442; baseline -0.001 -11"><span class='ocrx_word' id='word_1_660' title='bbox 255 2407 325 2442; x_wconf 86' lang='lat' dir='ltr'><strong>que</strong></span> <span class='ocrx_word' id='word_1_661' title='bbox 348 2395 516 2436; x_wconf 86' lang='lat' dir='ltr'><strong>vendunt,</strong></span> <span class='ocrx_word' id='word_1_662' title='bbox 540 2393 678 2434; x_wconf 79' lang='lat' dir='ltr'><strong>deinde,</strong></span> <span class='ocrx_word' id='word_1_663' title='bbox 703 2404 781 2427; x_wconf 90' lang='lat' dir='ltr'><strong>cum</strong></span> <span class='ocrx_word' id='word_1_664' title='bbox 805 2392 942 2428; x_wconf 86' lang='lat' dir='ltr'><strong>nullum</strong></span> <span class='ocrx_word' id='word_1_665' title='bbox 966 2393 1015 2428; x_wconf 87' lang='lat' dir='ltr'><strong>sit</strong></span> <span class='ocrx_word' id='word_1_666' title='bbox 1037 2391 1200 2428; x_wconf 72' lang='lat' dir='ltr'><strong>archium</strong></span> <span class='ocrx_word' id='word_1_667' title='bbox 1224 2393 1263 2427; x_wconf 88' lang='lat' dir='ltr'><strong>in</strong></span> <span class='ocrx_word' id='word_1_668' title='bbox 1283 2403 1356 2439; x_wconf 87' lang='lat' dir='ltr'><strong>quo</strong></span> <span class='ocrx_word' id='word_1_669' title='bbox 1380 2403 1474 2438; x_wconf 82' lang='lat' dir='ltr'><strong>quae</strong></span> <span class='ocrx_word' id='word_1_670' title='bbox 1492 2392 1594 2438; x_wconf 80' lang='lat' dir='ltr'><strong>apud</strong></span> <span class='ocrx_word' id='word_1_671' title='bbox 1612 2392 1712 2438; x_wconf 88' lang='lat' dir='ltr'><strong>ipsos</strong></span> <span class='ocrx_word' id='word_1_672' title='bbox 1735 2398 1819 2427; x_wconf 85' lang='lat' dir='ltr'><strong>acta</strong></span> <span class='ocrx_word' id='word_1_673' title='bbox 1838 2397 1924 2427; x_wconf 84' lang='lat' dir='ltr'><strong>sunt</strong></span> <span class='ocrx_word' id='word_1_674' title='bbox 1945 2397 2184 2439; x_wconf 82' lang='lat' dir='ltr'><strong>reponantur,</strong></span> <span class='ocrx_word' id='word_1_675' title='bbox 2206 2394 2306 2439; x_wconf 86' lang='lat' dir='ltr'><strong>perit</strong></span> <span class='ocrx_word' id='word_1_676' title='bbox 2327 2393 2367 2428; x_wconf 85' lang='lat' dir='ltr'><strong>id</strong></span> <span class='ocrx_word' id='word_1_677' title='bbox 2383 2394 2484 2440; x_wconf 84' lang='lat' dir='ltr'><strong>quod</strong></span> 
     </span>
     <span class='ocr_line' id='line_1_81' title="bbox 256 2437 2483 2485; baseline -0.001 -9"><span class='ocrx_word' id='word_1_678' title='bbox 256 2446 374 2476; x_wconf 86' lang='lat' dir='ltr'><strong>actum</strong></span> <span class='ocrx_word' id='word_1_679' title='bbox 395 2444 460 2482; x_wconf 88' lang='lat' dir='ltr'><strong>est,</strong></span> <span class='ocrx_word' id='word_1_680' title='bbox 484 2449 550 2474; x_wconf 87' lang='lat' dir='ltr'><strong>nec</strong></span> <span class='ocrx_word' id='word_1_681' title='bbox 565 2438 666 2485; x_wconf 84' lang='lat' dir='ltr'><strong>apud</strong></span> <span class='ocrx_word' id='word_1_682' title='bbox 685 2449 748 2473; x_wconf 88' lang='lat' dir='ltr'><strong>eos</strong></span> <span class='ocrx_word' id='word_1_683' title='bbox 769 2439 934 2485; x_wconf 81' lang='lat' dir='ltr'><strong>reperias</strong></span> <span class='ocrx_word' id='word_1_684' title='bbox 951 2438 1063 2473; x_wconf 86' lang='lat' dir='ltr'><strong>ullum</strong></span> <span class='ocrx_word' id='word_1_685' title='bbox 1080 2438 1227 2473; x_wconf 86' lang='lat' dir='ltr'><strong>omnino</strong></span> <span class='ocrx_word' id='word_1_686' title='bbox 1250 2437 1485 2473; x_wconf 83' lang='lat' dir='ltr'><strong>remotiorum</strong></span> <span class='ocrx_word' id='word_1_687' title='bbox 1504 2443 1705 2484; x_wconf 86' lang='lat' dir='ltr'><strong>temporum</strong></span> <span class='ocrx_word' id='word_1_688' title='bbox 1722 2437 1994 2478; x_wconf 87' lang='lat' dir='ltr'><strong>documentum,·</strong></span> <span class='ocrx_word' id='word_1_689' title='bbox 2015 2437 2080 2473; x_wconf 86' lang='lat' dir='ltr'><strong>sed</strong></span> <span class='ocrx_word' id='word_1_690' title='bbox 2099 2438 2163 2483; x_wconf 87' lang='lat' dir='ltr'><strong>qui</strong></span> <span class='ocrx_word' id='word_1_691' title='bbox 2183 2437 2240 2473; x_wconf 78' lang='lat' dir='ltr'><strong>bis</strong></span> <span class='ocrx_word' id='word_1_692' title='bbox 2258 2442 2364 2484; x_wconf 74' lang='lat' dir='ltr'><strong>eqent</strong></span> <span class='ocrx_word' id='word_1_693' title='bbox 2383 2439 2483 2485; x_wconf 83' lang='lat' dir='ltr'><strong>apud</strong></span> 
     </span>
     <span class='ocr_line' id='line_1_82' title="bbox 256 2481 2483 2529; baseline -0.001 -8"><span class='ocrx_word' id='word_1_694' title='bbox 256 2485 403 2522; x_wconf 73' lang='lat' dir='ltr'><strong>heredes</strong></span> <span class='ocrx_word' id='word_1_695' title='bbox 422 2495 547 2520; x_wconf 88' lang='lat' dir='ltr'><strong>eorum</strong></span> <span class='ocrx_word' id='word_1_696' title='bbox 563 2489 600 2519; x_wconf 88' lang='lat' dir='ltr'><strong>et</strong></span> <span class='ocrx_word' id='word_1_697' title='bbox 621 2483 783 2529; x_wconf 87' lang='lat' dir='ltr'><strong>reliquos</strong></span> <span class='ocrx_word' id='word_1_698' title='bbox 798 2494 1025 2519; x_wconf 86' lang='lat' dir='ltr'><strong>successores</strong></span> <span class='ocrx_word' id='word_1_699' title='bbox 1041 2487 1124 2518; x_wconf 91' lang='lat' dir='ltr'><strong>acta</strong></span> <span class='ocrx_word' id='word_1_700' title='bbox 1142 2482 1374 2528; x_wconf 87' lang='lat' dir='ltr'><strong>conquirunt,</strong></span> <span class='ocrx_word' id='word_1_701' title='bbox 1397 2487 1433 2518; x_wconf 90' lang='lat' dir='ltr'><strong>et</strong></span> <span class='ocrx_word' id='word_1_702' title='bbox 1455 2493 1580 2518; x_wconf 87' lang='lat' dir='ltr'><strong>eorum</strong></span> <span class='ocrx_word' id='word_1_703' title='bbox 1605 2482 1680 2517; x_wconf 87' lang='lat' dir='ltr'><strong>alia</strong></span> <span class='ocrx_word' id='word_1_704' title='bbox 1703 2483 1893 2529; x_wconf 88' lang='lat' dir='ltr'><strong>reperiunt</strong></span> <span class='ocrx_word' id='word_1_705' title='bbox 1914 2482 2016 2517; x_wconf 87' lang='lat' dir='ltr'><strong>nulla</strong></span> <span class='ocrx_word' id='word_1_706' title='bbox 2036 2481 2111 2527; x_wconf 81' lang='lat' dir='ltr'><strong>fide</strong></span> <span class='ocrx_word' id='word_1_707' title='bbox 2133 2482 2258 2529; x_wconf 78' lang='lat' dir='ltr'><strong>diqna,</strong></span> <span class='ocrx_word' id='word_1_708' title='bbox 2279 2483 2354 2518; x_wconf 89' lang='lat' dir='ltr'><strong>alia</strong></span> <span class='ocrx_word' id='word_1_709' title='bbox 2377 2484 2483 2519; x_wconf 82' lang='lat' dir='ltr'><strong>etiam</strong></span> 
     </span>
     <span class='ocr_line' id='line_1_83' title="bbox 256 2527 2483 2578; baseline -0.002 -11"><span class='ocrx_word' id='word_1_710' title='bbox 256 2531 487 2578; x_wconf 65' lang='lat' dir='ltr'><strong>deperierunt</strong></span> <span class='ocrx_word' id='word_1_711' title='bbox 516 2534 553 2565; x_wconf 87' lang='lat' dir='ltr'><strong>et</strong></span> <span class='ocrx_word' id='word_1_712' title='bbox 576 2529 629 2564; x_wconf 91' lang='lat' dir='ltr'><strong>ita</strong></span> <span class='ocrx_word' id='word_1_713' title='bbox 654 2528 934 2571; x_wconf 86' lang='lat' dir='ltr'><strong>interciderunt,</strong></span> <span class='ocrx_word' id='word_1_714' title='bbox 965 2533 1006 2564; x_wconf 88' lang='lat' dir='ltr'><strong>ut</strong></span> <span class='ocrx_word' id='word_1_715' title='bbox 1035 2527 1159 2563; x_wconf 90' lang='lat' dir='ltr'><strong>eodem</strong></span> <span class='ocrx_word' id='word_1_716' title='bbox 1190 2527 1271 2563; x_wconf 88' lang='lat' dir='ltr'><strong>loco</strong></span> <span class='ocrx_word' id='word_1_717' title='bbox 1295 2528 1369 2563; x_wconf 88' lang='lat' dir='ltr'><strong>sint</strong></span> <span class='ocrx_word' id='word_1_718' title='bbox 1392 2531 1501 2573; x_wconf 86' lang='lat' dir='ltr'><strong>atque</strong></span> <span class='ocrx_word' id='word_1_719' title='bbox 1530 2538 1605 2562; x_wconf 90' lang='lat' dir='ltr'><strong>non</strong></span> <span class='ocrx_word' id='word_1_720' title='bbox 1629 2530 1723 2562; x_wconf 87' lang='lat' dir='ltr'><strong>acta.</strong></span> <span class='ocrx_word' id='word_1_721' title='bbox 1772 2527 1851 2562; x_wconf 85' lang='lat' dir='ltr'><strong>Nos</strong></span> <span class='ocrx_word' id='word_1_722' title='bbox 1874 2527 1989 2573; x_wconf 78' lang='lat' dir='ltr'><strong>iqitur</strong></span> <span class='ocrx_word' id='word_1_723' title='bbox 2012 2527 2183 2578; x_wconf 79' lang='lat' dir='ltr'><strong>quoniam</strong></span> <span class='ocrx_word' id='word_1_724' title='bbox 2207 2529 2483 2574; x_wconf 78' lang='lat' dir='ltr'><strong>maqistratuum</strong></span> 
     </span>
     <span class='ocr_line' id='line_1_84' title="bbox 255 2571 2484 2620; baseline -0.001 -9"><span class='ocrx_word' id='word_1_725' title='bbox 255 2577 417 2612; x_wconf 86' lang='lat' dir='ltr'><strong>rationes</strong></span> <span class='ocrx_word' id='word_1_726' title='bbox 445 2575 532 2610; x_wconf 89' lang='lat' dir='ltr'><strong>bene</strong></span> <span class='ocrx_word' id='word_1_727' title='bbox 560 2575 821 2620; x_wconf 74' lang='lat' dir='ltr'><strong>disposuimus,</strong></span> <span class='ocrx_word' id='word_1_728' title='bbox 852 2578 888 2609; x_wconf 88' lang='lat' dir='ltr'><strong>et</strong></span> <span class='ocrx_word' id='word_1_729' title='bbox 909 2574 1068 2608; x_wconf 89' lang='lat' dir='ltr'><strong>maiores</strong></span> <span class='ocrx_word' id='word_1_730' title='bbox 1098 2583 1223 2608; x_wconf 88' lang='lat' dir='ltr'><strong>eorum</strong></span> <span class='ocrx_word' id='word_1_731' title='bbox 1245 2576 1451 2619; x_wconf 84' lang='lat' dir='ltr'><strong>potestates</strong></span> <span class='ocrx_word' id='word_1_732' title='bbox 1480 2572 1519 2607; x_wconf 88' lang='lat' dir='ltr'><strong>in</strong></span> <span class='ocrx_word' id='word_1_733' title='bbox 1543 2572 1749 2618; x_wconf 84' lang='lat' dir='ltr'><strong>provinciis</strong></span> <span class='ocrx_word' id='word_1_734' title='bbox 1777 2571 1980 2617; x_wconf 85' lang='lat' dir='ltr'><strong>effecimus,</strong></span> <span class='ocrx_word' id='word_1_735' title='bbox 2012 2576 2054 2607; x_wconf 85' lang='lat' dir='ltr'><strong>ut</strong></span> <span class='ocrx_word' id='word_1_736' title='bbox 2082 2583 2155 2607; x_wconf 81' lang='lat' dir='ltr'><strong>iam</strong></span> <span class='ocrx_word' id='word_1_737' title='bbox 2187 2572 2334 2618; x_wconf 76' lang='lat' dir='ltr'><strong>lonqius</strong></span> <span class='ocrx_word' id='word_1_738' title='bbox 2361 2572 2407 2608; x_wconf 87' lang='lat' dir='ltr'><strong>ab</strong></span> <span class='ocrx_word' id='word_1_739' title='bbox 2431 2574 2484 2608; x_wconf 89' lang='lat' dir='ltr'><strong>eis</strong></span> 
     </span>
     <span class='ocr_line' id='line_1_85' title="bbox 255 2617 2483 2668; baseline -0.001 -12"><span class='ocrx_word' id='word_1_740' title='bbox 255 2622 487 2667; x_wconf 78' lang='lat' dir='ltr'><strong>disiunqatur</strong></span> <span class='ocrx_word' id='word_1_741' title='bbox 516 2620 701 2655; x_wconf 84' lang='lat' dir='ltr'><strong>civitatum</strong></span> <span class='ocrx_word' id='word_1_742' title='bbox 732 2619 929 2665; x_wconf 86' lang='lat' dir='ltr'><strong>inspectio:</strong></span> <span class='ocrx_word' id='word_1_743' title='bbox 952 2622 1157 2665; x_wconf 86' lang='lat' dir='ltr'><strong>propterea</strong></span> <span class='ocrx_word' id='word_1_744' title='bbox 1185 2618 1293 2652; x_wconf 90' lang='lat' dir='ltr'><strong>etiam</strong></span> <span class='ocrx_word' id='word_1_745' title='bbox 1321 2617 1554 2663; x_wconf 88' lang='lat' dir='ltr'><strong>defensorum</strong></span> <span class='ocrx_word' id='word_1_746' title='bbox 1585 2628 1645 2652; x_wconf 89' lang='lat' dir='ltr'><strong>res</strong></span> <span class='ocrx_word' id='word_1_747' title='bbox 1673 2617 1945 2668; x_wconf 78' lang='lat' dir='ltr'><strong>constituendas</strong></span> <span class='ocrx_word' id='word_1_748' title='bbox 1975 2627 2052 2652; x_wconf 89' lang='lat' dir='ltr'><strong>esse</strong></span> <span class='ocrx_word' id='word_1_749' title='bbox 2079 2617 2372 2653; x_wconf 76' lang='lat' dir='ltr'><strong>existimavimus.</strong></span> <span class='ocrx_word' id='word_1_750' title='bbox 2420 2617 2483 2653; x_wconf 89' lang='lat' dir='ltr'><strong>Sic</strong></span> 
     </span>
     <span class='ocr_line' id='line_1_86' title="bbox 255 2661 2481 2713; baseline -0.001 -12"><span class='ocrx_word' id='word_1_751' title='bbox 255 2667 348 2702; x_wconf 89' lang='lat' dir='ltr'><strong>enim</strong></span> <span class='ocrx_word' id='word_1_752' title='bbox 372 2669 601 2713; x_wconf 87' lang='lat' dir='ltr'><strong>opportunus</strong></span> <span class='ocrx_word' id='word_1_753' title='bbox 621 2665 691 2710; x_wconf 84' lang='lat' dir='ltr'><strong>siat</strong></span> <span class='ocrx_word' id='word_1_754' title='bbox 713 2667 925 2706; x_wconf 84' lang='lat' dir='ltr'><strong>concentus,</strong></span> <span class='ocrx_word' id='word_1_755' title='bbox 954 2664 987 2698; x_wconf 87' lang='lat' dir='ltr'><strong>si</strong></span> <span class='ocrx_word' id='word_1_756' title='bbox 1010 2663 1288 2709; x_wconf 77' lang='lat' dir='ltr'><strong>maqistratuum</strong></span> <span class='ocrx_word' id='word_1_757' title='bbox 1312 2662 1474 2697; x_wconf 82' lang='lat' dir='ltr'><strong>ordinem</strong></span> <span class='ocrx_word' id='word_1_758' title='bbox 1497 2662 1680 2708; x_wconf 83' lang='lat' dir='ltr'><strong>accipiant</strong></span> <span class='ocrx_word' id='word_1_759' title='bbox 1703 2662 1886 2696; x_wconf 81' lang='lat' dir='ltr'><strong>civitatum</strong></span> <span class='ocrx_word' id='word_1_760' title='bbox 1910 2661 2141 2707; x_wconf 84' lang='lat' dir='ltr'><strong>defensores,</strong></span> <span class='ocrx_word' id='word_1_761' title='bbox 2166 2667 2202 2697; x_wconf 91' lang='lat' dir='ltr'><strong>et</strong></span> <span class='ocrx_word' id='word_1_762' title='bbox 2217 2673 2373 2708; x_wconf 85' lang='lat' dir='ltr'><strong>praeses</strong></span> <span class='ocrx_word' id='word_1_763' title='bbox 2388 2674 2481 2710; x_wconf 86' lang='lat' dir='ltr'><strong>pro·</strong></span> 
     </span>
     <span class='ocr_line' id='line_1_87' title="bbox 256 2706 2480 2755; baseline -0.002 -8"><span class='ocrx_word' id='word_1_764' title='bbox 256 2712 394 2748; x_wconf 85' lang='lat' dir='ltr'><strong>vinciae</strong></span> <span class='ocrx_word' id='word_1_765' title='bbox 419 2711 583 2747; x_wconf 84' lang='lat' dir='ltr'><strong>videatur</strong></span> <span class='ocrx_word' id='word_1_766' title='bbox 605 2709 884 2755; x_wconf 76' lang='lat' dir='ltr'><strong>maqistratuum</strong></span> <span class='ocrx_word' id='word_1_767' title='bbox 911 2708 1040 2755; x_wconf 87' lang='lat' dir='ltr'><strong>potius</strong></span> <span class='ocrx_word' id='word_1_768' title='bbox 1062 2708 1298 2754; x_wconf 77' lang='lat' dir='ltr'><strong>maqistratus</strong></span> <span class='ocrx_word' id='word_1_769' title='bbox 1321 2718 1397 2743; x_wconf 89' lang='lat' dir='ltr'><strong>esse</strong></span> <span class='ocrx_word' id='word_1_770' title='bbox 1419 2711 1529 2753; x_wconf 84' lang='lat' dir='ltr'><strong>atque</strong></span> <span class='ocrx_word' id='word_1_771' title='bbox 1551 2718 1595 2743; x_wconf 90' lang='lat' dir='ltr'><strong>eo</strong></span> <span class='ocrx_word' id='word_1_772' title='bbox 1628 2706 1846 2742; x_wconf 75' lang='lat' dir='ltr'><strong>honoratior</strong></span> <span class='ocrx_word' id='word_1_773' title='bbox 1862 2706 2076 2753; x_wconf 85' lang='lat' dir='ltr'><strong>prioribus,·</strong></span> <span class='ocrx_word' id='word_1_774' title='bbox 2106 2712 2243 2752; x_wconf 85' lang='lat' dir='ltr'><strong>quanto</strong></span> <span class='ocrx_word' id='word_1_775' title='bbox 2269 2707 2363 2742; x_wconf 83' lang='lat' dir='ltr'><strong>enim</strong></span> <span class='ocrx_word' id='word_1_776' title='bbox 2384 2707 2480 2754; x_wconf 82' lang='lat' dir='ltr'><strong>quis-</strong></span> 
     </span>
     <span class='ocr_line' id='line_1_88' title="bbox 256 2752 1524 2804; baseline -0.004 -12"><span class='ocrx_word' id='word_1_777' title='bbox 256 2768 326 2804; x_wconf 86' lang='lat' dir='ltr'><strong>que</strong></span> <span class='ocrx_word' id='word_1_778' title='bbox 348 2768 404 2792; x_wconf 87' lang='lat' dir='ltr'><strong>am</strong></span> <span class='ocrx_word' id='word_1_779' title='bbox 434 2755 583 2790; x_wconf 86' lang='lat' dir='ltr'><strong>lioribus</strong></span> <span class='ocrx_word' id='word_1_780' title='bbox 606 2755 778 2800; x_wconf 85' lang='lat' dir='ltr'><strong>imperat,</strong></span> <span class='ocrx_word' id='word_1_781' title='bbox 804 2757 905 2789; x_wconf 91' lang='lat' dir='ltr'><strong>tanto</strong></span> <span class='ocrx_word' id='word_1_782' title='bbox 929 2753 1048 2788; x_wconf 86' lang='lat' dir='ltr'><strong>maior</strong></span> <span class='ocrx_word' id='word_1_783' title='bbox 1069 2753 1147 2799; x_wconf 87' lang='lat' dir='ltr'><strong>ipse</strong></span> <span class='ocrx_word' id='word_1_784' title='bbox 1166 2757 1203 2788; x_wconf 88' lang='lat' dir='ltr'><strong>et</strong></span> <span class='ocrx_word' id='word_1_785' title='bbox 1225 2752 1442 2788; x_wconf 72' lang='lat' dir='ltr'><strong>honoratior</strong></span> <span class='ocrx_word' id='word_1_786' title='bbox 1463 2756 1524 2787; x_wconf 86' lang='lat' dir='ltr'><strong>est.</strong></span> 
     </span>
    </p>

    <p class='ocr_par' dir='ltr' id='par_1_30' title="bbox 254 2768 2481 3028">
     <span class='ocr_line' id='line_1_89' title="bbox 389 2768 2481 2845; baseline -0.002 -9"><span class='ocrx_word' id='word_1_787' title='bbox 389 2768 430 2836; x_wconf 46' lang='grc'>11)</span> <span class='ocrx_word' id='word_1_788' title='bbox 465 2799 616 2835; x_wconf 87' lang='lat' dir='ltr'><strong>Interim</strong></span> <span class='ocrx_word' id='word_1_789' title='bbox 640 2800 754 2844; x_wconf 74' lang='lat' dir='ltr'><strong>iqitur</strong></span> <span class='ocrx_word' id='word_1_790' title='bbox 776 2798 869 2833; x_wconf 88' lang='lat' dir='ltr'><strong>illud</strong></span> <span class='ocrx_word' id='word_1_791' title='bbox 892 2799 1053 2845; x_wconf 88' lang='lat' dir='ltr'><strong>primum</strong></span> <span class='ocrx_word' id='word_1_792' title='bbox 1075 2798 1309 2833; x_wconf 88' lang='lat' dir='ltr'><strong>sanciendum</strong></span> <span class='ocrx_word' id='word_1_793' title='bbox 1332 2801 1404 2840; x_wconf 90' lang='lat' dir='ltr'><strong>est,</strong></span> <span class='ocrx_word' id='word_1_794' title='bbox 1435 2802 1477 2833; x_wconf 87' lang='lat' dir='ltr'><strong>ut</strong></span> <span class='ocrx_word' id='word_1_795' title='bbox 1499 2796 1632 2831; x_wconf 87' lang='lat' dir='ltr'><strong>nemini</strong></span> <span class='ocrx_word' id='word_1_796' title='bbox 1654 2807 1704 2832; x_wconf 79' lang='lat' dir='ltr'><strong>cx</strong></span> <span class='ocrx_word' id='word_1_797' title='bbox 1728 2795 1891 2831; x_wconf 87' lang='lat' dir='ltr'><strong>omnibus</strong></span> <span class='ocrx_word' id='word_1_798' title='bbox 1914 2796 2119 2842; x_wconf 81' lang='lat' dir='ltr'><strong>defensoris</strong></span> <span class='ocrx_word' id='word_1_799' title='bbox 2142 2795 2350 2833; x_wconf 84' lang='lat' dir='ltr'><strong>electionem</strong></span> <span class='ocrx_word' id='word_1_800' title='bbox 2380 2808 2481 2833; x_wconf 88' lang='lat' dir='ltr'><strong>recu-</strong></span> 
     </span>
     <span class='ocr_line' id='line_1_90' title="bbox 255 2840 2481 2888; baseline -0.003 -5"><span class='ocrx_word' id='word_1_801' title='bbox 255 2858 339 2883; x_wconf 88' lang='lat' dir='ltr'><strong>sare</strong></span> <span class='ocrx_word' id='word_1_802' title='bbox 360 2847 478 2888; x_wconf 86' lang='lat' dir='ltr'><strong>liceat,</strong></span> <span class='ocrx_word' id='word_1_803' title='bbox 501 2845 567 2881; x_wconf 84' lang='lat' dir='ltr'><strong>sed</strong></span> <span class='ocrx_word' id='word_1_804' title='bbox 588 2844 740 2880; x_wconf 86' lang='lat' dir='ltr'><strong>alternis</strong></span> <span class='ocrx_word' id='word_1_805' title='bbox 763 2843 898 2879; x_wconf 86' lang='lat' dir='ltr'><strong>vicibus</strong></span> <span class='ocrx_word' id='word_1_806' title='bbox 916 2854 1039 2879; x_wconf 89' lang='lat' dir='ltr'><strong>omnes</strong></span> <span class='ocrx_word' id='word_1_807' title='bbox 1061 2843 1202 2878; x_wconf 88' lang='lat' dir='ltr'><strong>urbium</strong></span> <span class='ocrx_word' id='word_1_808' title='bbox 1225 2842 1368 2878; x_wconf 88' lang='lat' dir='ltr'><strong>incolae</strong></span> <span class='ocrx_word' id='word_1_809' title='bbox 1392 2841 1617 2878; x_wconf 79' lang='lat' dir='ltr'><strong>honestiores</strong></span> <span class='ocrx_word' id='word_1_810' title='bbox 1641 2840 1710 2876; x_wconf 80' lang='lat' dir='ltr'><strong>boc</strong></span> <span class='ocrx_word' id='word_1_811' title='bbox 1734 2841 1808 2876; x_wconf 84' lang='lat' dir='ltr'><strong>illis</strong></span> <span class='ocrx_word' id='word_1_812' title='bbox 1831 2841 2068 2877; x_wconf 88' lang='lat' dir='ltr'><strong>ministerium</strong></span> <span class='ocrx_word' id='word_1_813' title='bbox 2088 2846 2288 2887; x_wconf 82' lang='lat' dir='ltr'><strong>praestent.</strong></span> <span class='ocrx_word' id='word_1_814' title='bbox 2323 2841 2372 2877; x_wconf 87' lang='lat' dir='ltr'><strong>Id</strong></span> <span class='ocrx_word' id='word_1_815' title='bbox 2389 2842 2481 2878; x_wconf 84' lang='lat' dir='ltr'><strong>enim</strong></span> 
     </span>
     <span class='ocr_line' id='line_1_91' title="bbox 254 2885 2481 2942; baseline -0.002 -15"><span class='ocrx_word' id='word_1_816' title='bbox 254 2892 437 2940; x_wconf 83' lang='lat' dir='ltr'><strong>prioribus</strong></span> <span class='ocrx_word' id='word_1_817' title='bbox 472 2901 618 2942; x_wconf 78' lang='lat' dir='ltr'><strong>quoque</strong></span> <span class='ocrx_word' id='word_1_818' title='bbox 654 2888 872 2941; x_wconf 86' lang='lat' dir='ltr'><strong>temporibus</strong></span> <span class='ocrx_word' id='word_1_819' title='bbox 906 2889 1063 2924; x_wconf 86' lang='lat' dir='ltr'><strong>valuisse</strong></span> <span class='ocrx_word' id='word_1_820' title='bbox 1096 2893 1132 2924; x_wconf 88' lang='lat' dir='ltr'><strong>et</strong></span> <span class='ocrx_word' id='word_1_821' title='bbox 1165 2889 1203 2922; x_wconf 86' lang='lat' dir='ltr'><strong>in</strong></span> <span class='ocrx_word' id='word_1_822' title='bbox 1232 2899 1300 2923; x_wconf 90' lang='lat' dir='ltr'><strong>usu</strong></span> <span class='ocrx_word' id='word_1_823' title='bbox 1332 2887 1451 2933; x_wconf 83' lang='lat' dir='ltr'><strong>fuisse</strong></span> <span class='ocrx_word' id='word_1_824' title='bbox 1484 2886 1731 2933; x_wconf 85' lang='lat' dir='ltr'><strong>comperimus.</strong></span> <span class='ocrx_word' id='word_1_825' title='bbox 1794 2885 1870 2921; x_wconf 88' lang='lat' dir='ltr'><strong>Nec</strong></span> <span class='ocrx_word' id='word_1_826' title='bbox 1904 2887 2090 2932; x_wconf 84' lang='lat' dir='ltr'><strong>cuiquam,</strong></span> <span class='ocrx_word' id='word_1_827' title='bbox 2132 2898 2178 2922; x_wconf 89' lang='lat' dir='ltr'><strong>ne</strong></span> <span class='ocrx_word' id='word_1_828' title='bbox 2215 2887 2249 2922; x_wconf 91' lang='lat' dir='ltr'><strong>si</strong></span> <span class='ocrx_word' id='word_1_829' title='bbox 2286 2886 2481 2938; x_wconf 68' lang='lat' dir='ltr'><strong>illustrium</strong></span> 
     </span>
     <span class='ocr_line' id='line_1_92' title="bbox 255 2931 2481 2985; baseline -0.003 -12"><span class='ocrx_word' id='word_1_830' title='bbox 255 2937 397 2985; x_wconf 81' lang='lat' dir='ltr'><strong>quidem</strong></span> <span class='ocrx_word' id='word_1_831' title='bbox 428 2935 863 2982; x_wconf 71' lang='lat' dir='ltr'><strong>maqmficentisszmorum</strong></span> <span class='ocrx_word' id='word_1_832' title='bbox 891 2933 1095 2969; x_wconf 76' lang='lat' dir='ltr'><strong>honoratus</strong></span> <span class='ocrx_word' id='word_1_833' title='bbox 1123 2933 1173 2969; x_wconf 88' lang='lat' dir='ltr'><strong>sit</strong></span> <span class='ocrx_word' id='word_1_834' title='bbox 1205 2932 1402 2979; x_wconf 74' lang='lat' dir='ltr'><strong>diqnitate,</strong></span> <span class='ocrx_word' id='word_1_835' title='bbox 1437 2931 1478 2967; x_wconf 86' lang='lat' dir='ltr'><strong>id</strong></span> <span class='ocrx_word' id='word_1_836' title='bbox 1512 2932 1708 2978; x_wconf 81' lang='lat' dir='ltr'><strong>repudiare</strong></span> <span class='ocrx_word' id='word_1_837' title='bbox 1735 2931 1984 2982; x_wconf 81' lang='lat' dir='ltr'><strong>permittatur,</strong></span> <span class='ocrx_word' id='word_1_838' title='bbox 2020 2942 2086 2967; x_wconf 90' lang='lat' dir='ltr'><strong>nec</strong></span> <span class='ocrx_word' id='word_1_839' title='bbox 2122 2943 2239 2978; x_wconf 70' lang='lat' dir='ltr'><strong>magns</strong></span> <span class='ocrx_word' id='word_1_840' title='bbox 2269 2942 2310 2983; x_wconf 46' lang='lat' dir='ltr'><strong>si.</strong></span> <span class='ocrx_word' id='word_1_841' title='bbox 2330 2931 2481 2983; x_wconf 72' lang='lat' dir='ltr'><strong>honesta</strong></span> 
     </span>
     <span class='ocr_line' id='line_1_93' title="bbox 256 2976 2480 3028; baseline -0.003 -10"><span class='ocrx_word' id='word_1_842' title='bbox 256 2983 384 3018; x_wconf 87' lang='lat' dir='ltr'><strong>militia</strong></span> <span class='ocrx_word' id='word_1_843' title='bbox 406 2983 589 3028; x_wconf 74' lang='lat' dir='ltr'><strong>funqatur</strong></span> <span class='ocrx_word' id='word_1_844' title='bbox 611 2991 727 3026; x_wconf 85' lang='lat' dir='ltr'><strong>neque</strong></span> <span class='ocrx_word' id='word_1_845' title='bbox 746 2980 779 3014; x_wconf 89' lang='lat' dir='ltr'><strong>si</strong></span> <span class='ocrx_word' id='word_1_846' title='bbox 802 2979 902 3025; x_wconf 82' lang='lat' dir='ltr'><strong>quod</strong></span> <span class='ocrx_word' id='word_1_847' title='bbox 917 2979 1151 3026; x_wconf 78' lang='lat' dir='ltr'><strong>privileqium</strong></span> <span class='ocrx_word' id='word_1_848' title='bbox 1175 2977 1393 3024; x_wconf 85' lang='lat' dir='ltr'><strong>praetendat</strong></span> <span class='ocrx_word' id='word_1_849' title='bbox 1415 2988 1464 3013; x_wconf 81' lang='lat' dir='ltr'><strong>ex</strong></span> <span class='ocrx_word' id='word_1_850' title='bbox 1486 2978 1603 3013; x_wconf 86' lang='lat' dir='ltr'><strong>sacris</strong></span> <span class='ocrx_word' id='word_1_851' title='bbox 1625 2977 1699 3024; x_wconf 86' lang='lat' dir='ltr'><strong>ipsi</strong></span> <span class='ocrx_word' id='word_1_852' title='bbox 1719 2976 1983 3019; x_wconf 75' lang='lat' dir='ltr'><strong>sanctionibus,</strong></span> <span class='ocrx_word' id='word_1_853' title='bbox 2017 2977 2105 3018; x_wconf 44' lang='lat' dir='ltr'><strong>licet,</strong></span> <span class='ocrx_word' id='word_1_854' title='bbox 2118 2981 2375 3023; x_wconf 77' lang='lat' dir='ltr'><strong>praqmaticae</strong></span> <span class='ocrx_word' id='word_1_855' title='bbox 2396 2982 2480 3018; x_wconf 74' lang='lat' dir='ltr'><strong>sint,</strong></span> 
     </span>
    </p>
   </div>
   <div class='ocr_carea' id='block_1_28' title="bbox 255 3088 1335 3498">
    <p class='ocr_par' dir='ltr' id='par_1_31' title="bbox 255 3088 1335 3498">
     <span class='ocr_line' id='line_1_94' title="bbox 301 3088 1334 3137; baseline -0.004 -8"><span class='ocrx_word' id='word_1_856' title='bbox 301 3098 321 3129; x_wconf 82' lang='lat'><strong>3</strong></span> <span class='ocrx_word' id='word_1_857' title='bbox 333 3094 369 3129; x_wconf 84' lang='grc' dir='ltr'><strong>οἷ</strong></span> <span class='ocrx_word' id='word_1_858' title='bbox 379 3096 469 3135; x_wconf 80' lang='grc' dir='ltr'><strong><em>τῶν]</em></strong></span> <span class='ocrx_word' id='word_1_859' title='bbox 482 3092 519 3127; x_wconf 83' lang='grc' dir='ltr'><strong>οἱ</strong></span> <span class='ocrx_word' id='word_1_860' title='bbox 530 3107 589 3127; x_wconf 82' lang='grc' dir='ltr'><strong><em>οηι.</em></strong></span> <span class='ocrx_word' id='word_1_861' title='bbox 603 3094 660 3127; x_wconf 64' lang='grc' dir='ltr'><strong>ΛΡ*</strong></span> <span class='ocrx_word' id='word_1_862' title='bbox 676 3093 688 3137; x_wconf 93' lang='grc'><strong>11</strong></span> <span class='ocrx_word' id='word_1_863' title='bbox 707 3096 726 3126; x_wconf 88' lang='grc'>5</span> <span class='ocrx_word' id='word_1_864' title='bbox 742 3095 826 3133; x_wconf 84' lang='grc' dir='ltr'><strong><em>τοῖς]</em></strong></span> <span class='ocrx_word' id='word_1_865' title='bbox 840 3090 907 3134; x_wconf 87' lang='grc' dir='ltr'><strong>τὴν</strong></span> <span class='ocrx_word' id='word_1_866' title='bbox 919 3093 970 3125; x_wconf 65' lang='lat' dir='ltr'><em>La</em></span> <span class='ocrx_word' id='word_1_867' title='bbox 985 3091 997 3135; x_wconf 92' lang='grc'><strong>11</strong></span> <span class='ocrx_word' id='word_1_868' title='bbox 1017 3094 1035 3125; x_wconf 81' lang='grc' dir='ltr'><strong><em>Ἰ</em></strong></span> <span class='ocrx_word' id='word_1_869' title='bbox 1058 3088 1267 3134; x_wconf 78' lang='grc' dir='ltr'><strong><em>τολμήσειεν</em></strong></span> <span class='ocrx_word' id='word_1_870' title='bbox 1280 3092 1311 3125; x_wconf 90' lang='lat' dir='ltr'><em>L</em></span> <span class='ocrx_word' id='word_1_871' title='bbox 1322 3090 1334 3135; x_wconf 92' lang='grc'><strong>11</strong></span> 
     </span>
     <span class='ocr_line' id='line_1_95' title="bbox 255 3137 1335 3186; baseline -0.006 -11"><span class='ocrx_word' id='word_1_872' title='bbox 255 3138 524 3186; x_wconf 69' lang='grc' dir='ltr'><strong><em>ὑπομνημάτων</em></strong></span> <span class='ocrx_word' id='word_1_873' title='bbox 546 3158 591 3163; x_wconf 91' lang='grc'>-</span> <span class='ocrx_word' id='word_1_874' title='bbox 618 3141 659 3172; x_wconf 92' lang='grc'>10</span> <span class='ocrx_word' id='word_1_875' title='bbox 683 3138 863 3183; x_wconf 86' lang='grc' dir='ltr'><strong><em>πραχθείη</em></strong></span> <span class='ocrx_word' id='word_1_876' title='bbox 884 3150 943 3170; x_wconf 90' lang='lat' dir='ltr'><strong>om.</strong></span> <span class='ocrx_word' id='word_1_877' title='bbox 966 3138 996 3170; x_wconf 90' lang='lat' dir='ltr'><strong><em>L</em></strong></span> <span class='ocrx_word' id='word_1_878' title='bbox 1026 3137 1038 3178; x_wconf 92' lang='grc'><strong>11</strong></span> <span class='ocrx_word' id='word_1_879' title='bbox 1071 3139 1108 3171; x_wconf 84' lang='grc'><strong>12</strong></span> <span class='ocrx_word' id='word_1_880' title='bbox 1141 3138 1335 3181; x_wconf 85' lang='grc' dir='ltr'><strong><em>παραυτοῖς</em></strong></span> 
     </span>
     <span class='ocr_line' id='line_1_96' title="bbox 258 3180 1300 3231; baseline -0.007 -9"><span class='ocrx_word' id='word_1_881' title='bbox 258 3189 288 3222; x_wconf 97' lang='lat' dir='ltr'><em>L</em></span> <span class='ocrx_word' id='word_1_882' title='bbox 306 3188 318 3231; x_wconf 95' lang='grc'><strong>11</strong></span> <span class='ocrx_word' id='word_1_883' title='bbox 338 3189 376 3220; x_wconf 86' lang='grc'><strong>13</strong></span> <span class='ocrx_word' id='word_1_884' title='bbox 400 3182 532 3230; x_wconf 82' lang='grc' dir='ltr'><strong><em>χρόνον</em></strong></span> <span class='ocrx_word' id='word_1_885' title='bbox 551 3185 582 3217; x_wconf 91' lang='lat' dir='ltr'><em>L</em></span> <span class='ocrx_word' id='word_1_886' title='bbox 598 3183 611 3228; x_wconf 92' lang='grc'><strong>11</strong></span> <span class='ocrx_word' id='word_1_887' title='bbox 634 3187 671 3218; x_wconf 88' lang='grc'><strong>15</strong></span> <span class='ocrx_word' id='word_1_888' title='bbox 696 3184 826 3216; x_wconf 72' lang='grc' dir='ltr'><strong><em>τοῦτον</em></strong></span> <span class='ocrx_word' id='word_1_889' title='bbox 846 3183 892 3216; x_wconf 88' lang='lat' dir='ltr'><em>L¹</em></span> <span class='ocrx_word' id='word_1_890' title='bbox 911 3183 923 3224; x_wconf 92' lang='grc'><strong>11</strong></span> <span class='ocrx_word' id='word_1_891' title='bbox 941 3184 981 3216; x_wconf 89' lang='grc'><strong>16</strong></span> <span class='ocrx_word' id='word_1_892' title='bbox 1005 3180 1051 3214; x_wconf 76' lang='grc' dir='ltr'><strong>τὰ</strong></span> <span class='ocrx_word' id='word_1_893' title='bbox 1072 3183 1167 3226; x_wconf 81' lang='lat' dir='ltr'><strong>prius</strong></span> <span class='ocrx_word' id='word_1_894' title='bbox 1190 3194 1249 3215; x_wconf 86' lang='lat' dir='ltr'><strong>om.</strong></span> <span class='ocrx_word' id='word_1_895' title='bbox 1269 3182 1300 3215; x_wconf 88' lang='lat' dir='ltr'><em>L</em></span> 
     </span>
     <span class='ocr_line' id='line_1_97' title="bbox 259 3227 1301 3272; baseline -0.007 -5"><span class='ocrx_word' id='word_1_896' title='bbox 259 3235 299 3267; x_wconf 87' lang='grc'><strong>18</strong></span> <span class='ocrx_word' id='word_1_897' title='bbox 323 3228 584 3271; x_wconf 78' lang='grc' dir='ltr'><strong><em>ἐξαπόλλυνται</em></strong></span> <span class='ocrx_word' id='word_1_898' title='bbox 609 3230 639 3262; x_wconf 89' lang='lat' dir='ltr'><em>L</em></span> <span class='ocrx_word' id='word_1_899' title='bbox 658 3229 728 3272; x_wconf 83' lang='grc'>1123</span> <span class='ocrx_word' id='word_1_900' title='bbox 753 3227 807 3269; x_wconf 84' lang='grc' dir='ltr'><strong>τὸ]</strong></span> <span class='ocrx_word' id='word_1_901' title='bbox 831 3228 886 3261; x_wconf 79' lang='grc' dir='ltr'><strong>τῶ</strong></span> <span class='ocrx_word' id='word_1_902' title='bbox 910 3228 941 3261; x_wconf 98' lang='lat' dir='ltr'><em>L</em></span> <span class='ocrx_word' id='word_1_903' title='bbox 963 3227 975 3271; x_wconf 87' lang='grc'><strong>11</strong></span> <span class='ocrx_word' id='word_1_904' title='bbox 994 3229 1034 3261; x_wconf 82' lang='grc'><strong>27</strong></span> <span class='ocrx_word' id='word_1_905' title='bbox 1061 3227 1150 3267; x_wconf 83' lang='grc' dir='ltr'><strong><em>τῶν]</em></strong></span> <span class='ocrx_word' id='word_1_906' title='bbox 1174 3228 1247 3260; x_wconf 84' lang='grc' dir='ltr'><strong><em>τοῖς</em></strong></span> <span class='ocrx_word' id='word_1_907' title='bbox 1269 3227 1301 3260; x_wconf 91' lang='lat' dir='ltr'><em>L</em></span> 
     </span>
     <span class='ocr_line' id='line_1_98' title="bbox 257 3269 1333 3319; baseline -0.007 -8"><span class='ocrx_word' id='word_1_908' title='bbox 257 3281 299 3311; x_wconf 71' lang='lat'>⁴2⁴.)</span> <span class='ocrx_word' id='word_1_909' title='bbox 320 3277 495 3311; x_wconf 79' lang='grc' dir='ltr'><strong><em>τοσοῦτον</em></strong></span> <span class='ocrx_word' id='word_1_910' title='bbox 508 3274 640 3319; x_wconf 64' lang='grc' dir='ltr'><strong><em>,μεῖζον</em></strong></span> <span class='ocrx_word' id='word_1_911' title='bbox 653 3274 684 3307; x_wconf 92' lang='lat' dir='ltr'><em>L</em></span> <span class='ocrx_word' id='word_1_912' title='bbox 702 3273 714 3317; x_wconf 94' lang='grc'><strong>11</strong></span> <span class='ocrx_word' id='word_1_913' title='bbox 731 3276 772 3306; x_wconf 79' lang='lat'><strong>32</strong></span> <span class='ocrx_word' id='word_1_914' title='bbox 797 3269 996 3315; x_wconf 74' lang='grc' dir='ltr'><strong><em>ἀμειβαδόν</em></strong></span> <span class='ocrx_word' id='word_1_915' title='bbox 1011 3272 1068 3305; x_wconf 68' lang='lat' dir='ltr'><em>W</em></span> <span class='ocrx_word' id='word_1_916' title='bbox 1082 3271 1096 3316; x_wconf 92' lang='grc'><strong>11</strong></span> <span class='ocrx_word' id='word_1_917' title='bbox 1115 3274 1247 3306; x_wconf 84' lang='lat'><strong>36-39</strong></span> <span class='ocrx_word' id='word_1_918' title='bbox 1273 3273 1333 3314; x_wconf 75' lang='lat' dir='ltr'><strong>leq.</strong></span> 
     </span>
     <span class='ocr_line' id='line_1_99' title="bbox 258 3315 1335 3361; baseline -0.006 -6"><span class='ocrx_word' id='word_1_919' title='bbox 258 3319 336 3355; x_wconf 74' lang='grc' dir='ltr'><strong><em>οὔτ’</em></strong></span> <span class='ocrx_word' id='word_1_920' title='bbox 362 3318 409 3355; x_wconf 72' lang='grc' dir='ltr'><strong>ἂν</strong></span> <span class='ocrx_word' id='word_1_921' title='bbox 433 3340 476 3346; x_wconf 87' lang='lat'><strong>—-</strong></span> <span class='ocrx_word' id='word_1_922' title='bbox 500 3316 581 3353; x_wconf 71' lang='grc' dir='ltr'><strong><em>οὔτ’</em></strong></span> <span class='ocrx_word' id='word_1_923' title='bbox 615 3315 660 3352; x_wconf 77' lang='grc' dir='ltr'><strong>ἂν</strong></span> <span class='ocrx_word' id='word_1_924' title='bbox 686 3338 727 3342; x_wconf 94' lang='lat'><strong>—-</strong></span> <span class='ocrx_word' id='word_1_925' title='bbox 752 3315 830 3351; x_wconf 78' lang='grc' dir='ltr'><strong><em>οὔτ’</em></strong></span> <span class='ocrx_word' id='word_1_926' title='bbox 857 3315 924 3350; x_wconf 63' lang='grc' dir='ltr'><strong>ἃνῖ</strong></span> <span class='ocrx_word' id='word_1_927' title='bbox 954 3317 966 3361; x_wconf 93' lang='grc'><strong>11</strong></span> <span class='ocrx_word' id='word_1_928' title='bbox 994 3319 1037 3352; x_wconf 82' lang='grc'><strong>38</strong></span> <span class='ocrx_word' id='word_1_929' title='bbox 1072 3317 1127 3350; x_wconf 86' lang='grc' dir='ltr'><strong>εἰσ</strong></span> <span class='ocrx_word' id='word_1_930' title='bbox 1157 3319 1335 3360; x_wconf 85' lang='grc' dir='ltr'><strong><em>στρατίαν</em></strong></span> 
     </span>
     <span class='ocr_line' id='line_1_100' title="bbox 258 3360 1334 3415; baseline -0.006 -15"><span class='ocrx_word' id='word_1_931' title='bbox 258 3368 328 3407; x_wconf 80' lang='grc' dir='ltr'><strong><em>ἔχει</em></strong></span> <span class='ocrx_word' id='word_1_932' title='bbox 352 3367 398 3400; x_wconf 86' lang='grc' dir='ltr'><strong><em>Μ</em></strong></span> <span class='ocrx_word' id='word_1_933' title='bbox 421 3366 455 3399; x_wconf 79' lang='grc' dir='ltr'><strong>οἷ</strong></span> <span class='ocrx_word' id='word_1_934' title='bbox 477 3367 673 3411; x_wconf 83' lang='grc' dir='ltr'><strong><em>στρατείαν</em></strong></span> <span class='ocrx_word' id='word_1_935' title='bbox 694 3364 766 3405; x_wconf 77' lang='grc' dir='ltr'><strong><em>ἔχει</em></strong></span> <span class='ocrx_word' id='word_1_936' title='bbox 790 3364 821 3396; x_wconf 88' lang='lat' dir='ltr'><em>L</em></span> <span class='ocrx_word' id='word_1_937' title='bbox 847 3362 860 3405; x_wconf 93' lang='grc'><strong>11</strong></span> <span class='ocrx_word' id='word_1_938' title='bbox 891 3365 932 3396; x_wconf 81' lang='grc'><strong>39</strong></span> <span class='ocrx_word' id='word_1_939' title='bbox 965 3363 1003 3395; x_wconf 74' lang='grc' dir='ltr'><strong>ἐκ</strong></span> <span class='ocrx_word' id='word_1_940' title='bbox 1026 3361 1105 3395; x_wconf 85' lang='grc' dir='ltr'><strong>τῶν</strong></span> <span class='ocrx_word' id='word_1_941' title='bbox 1129 3361 1248 3415; x_wconf 66' lang='grc' dir='ltr'><strong><em>θείων</em></strong></span> <span class='ocrx_word' id='word_1_942' title='bbox 1267 3362 1303 3395; x_wconf 86' lang='grc' dir='ltr'><strong><em>Β</em></strong></span> <span class='ocrx_word' id='word_1_943' title='bbox 1320 3360 1334 3415; x_wconf 76' lang='grc'><strong>11</strong></span> 
     </span>
     <span class='ocr_line' id='line_1_101' title="bbox 259 3404 1333 3454; baseline -0.005 -10"><span class='ocrx_word' id='word_1_944' title='bbox 259 3414 302 3444; x_wconf 82' lang='grc'><strong>40</strong></span> <span class='ocrx_word' id='word_1_945' title='bbox 324 3409 426 3444; x_wconf 78' lang='grc' dir='ltr'><strong><em>τύπω</em></strong></span> <span class='ocrx_word' id='word_1_946' title='bbox 443 3413 486 3444; x_wconf 71' lang='lat' dir='ltr'><strong>J)</strong></span> <span class='ocrx_word' id='word_1_947' title='bbox 503 3411 515 3454; x_wconf 93' lang='grc'><strong>11</strong></span> <span class='ocrx_word' id='word_1_948' title='bbox 534 3413 577 3444; x_wconf 81' lang='grc'><strong>40</strong></span> <span class='ocrx_word' id='word_1_949' title='bbox 591 3423 638 3454; x_wconf 77' lang='lat' dir='ltr'><strong>sq.</strong></span> <span class='ocrx_word' id='word_1_950' title='bbox 664 3406 995 3453; x_wconf 81' lang='grc' dir='ltr'><strong><em>πεφιλοτιμοιμένοι</em></strong></span> <span class='ocrx_word' id='word_1_951' title='bbox 1007 3406 1126 3447; x_wconf 83' lang='grc' dir='ltr'><strong><em>τύποι,</em></strong></span> <span class='ocrx_word' id='word_1_952' title='bbox 1142 3404 1231 3440; x_wconf 82' lang='grc' dir='ltr'><strong><em>αλλα</em></strong></span> <span class='ocrx_word' id='word_1_953' title='bbox 1243 3418 1333 3439; x_wconf 76' lang='grc' dir='ltr'><strong><em>κατα</em></strong></span> 
     </span>
     <span class='ocr_line' id='line_1_102' title="bbox 259 3454 571 3498; baseline -0.006 -11"><span class='ocrx_word' id='word_1_954' title='bbox 259 3454 374 3487; x_wconf 76' lang='grc' dir='ltr'><strong><em>κύκλοι</em></strong></span> <span class='ocrx_word' id='word_1_955' title='bbox 402 3458 429 3489; x_wconf 66' lang='grc' dir='ltr'><strong>Ι,</strong></span> <span class='ocrx_word' id='word_1_956' title='bbox 459 3457 513 3498; x_wconf 78' lang='lat' dir='ltr'><strong>(cs.</strong></span> <span class='ocrx_word' id='word_1_957' title='bbox 539 3457 571 3497; x_wconf 80' lang='grc' dir='ltr'><strong>ς)</strong></span> 
     </span>
    </p>
   </div>
   <div class='ocr_carea' id='block_1_29' title="bbox 260 3540 1334 3767">
    <p class='ocr_par' dir='ltr' id='par_1_32' title="bbox 260 3540 1334 3767">
     <span class='ocr_line' id='line_1_103' title="bbox 310 3540 1331 3586; baseline -0.004 -9"><span class='ocrx_word' id='word_1_958' title='bbox 310 3546 320 3577; x_wconf 89' lang='grc'><strong>1</strong></span> <span class='ocrx_word' id='word_1_959' title='bbox 357 3546 407 3583; x_wconf 84' lang='grc' dir='ltr'><strong><em>ιιι]</em></strong></span> <span class='ocrx_word' id='word_1_960' title='bbox 439 3548 498 3576; x_wconf 83' lang='lat' dir='ltr'><strong>nut</strong></span> <span class='ocrx_word' id='word_1_961' title='bbox 519 3545 567 3578; x_wconf 75' lang='grc' dir='ltr'><strong>Β*</strong></span> <span class='ocrx_word' id='word_1_962' title='bbox 598 3544 611 3586; x_wconf 91' lang='grc'><strong>11</strong></span> <span class='ocrx_word' id='word_1_963' title='bbox 638 3546 671 3577; x_wconf 89' lang='lat' dir='ltr'><strong>et</strong></span> <span class='ocrx_word' id='word_1_964' title='bbox 695 3556 754 3576; x_wconf 80' lang='lat' dir='ltr'><strong>om.</strong></span> <span class='ocrx_word' id='word_1_965' title='bbox 778 3541 870 3576; x_wconf 79' lang='lat' dir='ltr'><strong>RV¹</strong></span> <span class='ocrx_word' id='word_1_966' title='bbox 894 3552 932 3574; x_wconf 88' lang='lat' dir='ltr'><strong>eo</strong></span> <span class='ocrx_word' id='word_1_967' title='bbox 954 3542 1004 3574; x_wconf 80' lang='lat' dir='ltr'><strong>V³</strong></span> <span class='ocrx_word' id='word_1_968' title='bbox 1029 3540 1042 3585; x_wconf 92' lang='grc'><strong>11</strong></span> <span class='ocrx_word' id='word_1_969' title='bbox 1072 3544 1092 3576; x_wconf 89' lang='grc'>3</span> <span class='ocrx_word' id='word_1_970' title='bbox 1128 3542 1331 3584; x_wconf 81' lang='lat' dir='ltr'><strong>contemptu]</strong></span> 
     </span>
     <span class='ocr_line' id='line_1_104' title="bbox 260 3586 1332 3632; baseline -0.001 -11"><span class='ocrx_word' id='word_1_971' title='bbox 260 3591 425 3631; x_wconf 88' lang='lat' dir='ltr'><strong>comptum</strong></span> <span class='ocrx_word' id='word_1_972' title='bbox 438 3589 485 3620; x_wconf 83' lang='lat' dir='ltr'><strong>R·</strong></span> <span class='ocrx_word' id='word_1_973' title='bbox 502 3588 514 3632; x_wconf 91' lang='grc'><strong>11</strong></span> <span class='ocrx_word' id='word_1_974' title='bbox 532 3593 553 3623; x_wconf 82' lang='lat'>4</span> <span class='ocrx_word' id='word_1_975' title='bbox 577 3590 739 3622; x_wconf 81' lang='lat' dir='ltr'><strong>factorum</strong></span> <span class='ocrx_word' id='word_1_976' title='bbox 759 3586 814 3632; x_wconf 77' lang='grc'>1711</span> <span class='ocrx_word' id='word_1_977' title='bbox 831 3586 935 3620; x_wconf 78' lang='lat' dir='ltr'><strong>*Nisi</strong></span> <span class='ocrx_word' id='word_1_978' title='bbox 957 3587 1057 3627; x_wconf 85' lang='lat' dir='ltr'><strong>enim]</strong></span> <span class='ocrx_word' id='word_1_979' title='bbox 1079 3587 1115 3620; x_wconf 90' lang='lat' dir='ltr'><strong>Si</strong></span> <span class='ocrx_word' id='word_1_980' title='bbox 1138 3586 1226 3619; x_wconf 90' lang='lat' dir='ltr'><strong>enim</strong></span> <span class='ocrx_word' id='word_1_981' title='bbox 1245 3588 1332 3628; x_wconf 75' lang='lat' dir='ltr'><strong>libri,</strong></span> 
     </span>
     <span class='ocr_line' id='line_1_105' title="bbox 260 3631 1333 3676; baseline -0.002 -9"><span class='ocrx_word' id='word_1_982' title='bbox 260 3634 296 3667; x_wconf 88' lang='lat' dir='ltr'><strong>Si</strong></span> <span class='ocrx_word' id='word_1_983' title='bbox 318 3633 404 3666; x_wconf 84' lang='lat' dir='ltr'><strong>enim</strong></span> <span class='ocrx_word' id='word_1_984' title='bbox 429 3643 495 3665; x_wconf 92' lang='lat' dir='ltr'><strong>non</strong></span> <span class='ocrx_word' id='word_1_985' title='bbox 517 3635 686 3676; x_wconf 66' lang='lat' dir='ltr'><strong>Beck-ius!</strong></span> <span class='ocrx_word' id='word_1_986' title='bbox 706 3636 726 3666; x_wconf 83' lang='lat'><strong>6</strong></span> <span class='ocrx_word' id='word_1_987' title='bbox 749 3633 961 3676; x_wconf 79' lang='lat' dir='ltr'><strong>praesument</strong></span> <span class='ocrx_word' id='word_1_988' title='bbox 983 3632 1030 3664; x_wconf 80' lang='lat' dir='ltr'><strong>R²</strong></span> <span class='ocrx_word' id='word_1_989' title='bbox 1044 3631 1057 3675; x_wconf 94' lang='grc'><strong>11</strong></span> <span class='ocrx_word' id='word_1_990' title='bbox 1075 3631 1217 3673; x_wconf 82' lang='lat' dir='ltr'><strong>quadam</strong></span> <span class='ocrx_word' id='word_1_991' title='bbox 1241 3632 1333 3671; x_wconf 79' lang='lat' dir='ltr'><strong>(alte-</strong></span> 
     </span>
     <span class='ocr_line' id='line_1_106' title="bbox 260 3673 1334 3753; baseline -0.002 -42"><span class='ocrx_word' id='word_1_992' title='bbox 260 3690 328 3711; x_wconf 80' lang='lat' dir='ltr'><strong>rum</strong></span> <span class='ocrx_word' id='word_1_993' title='bbox 351 3687 372 3710; x_wconf 88' lang='lat' dir='ltr'><strong>a</strong></span> <span class='ocrx_word' id='word_1_994' title='bbox 394 3679 427 3711; x_wconf 83' lang='lat' dir='ltr'><strong>in</strong></span> <span class='ocrx_word' id='word_1_995' title='bbox 450 3678 530 3718; x_wconf 75' lang='lat' dir='ltr'><strong>ras.)</strong></span> <span class='ocrx_word' id='word_1_996' title='bbox 557 3678 587 3710; x_wconf 88' lang='lat' dir='ltr'><em>R</em></span> <span class='ocrx_word' id='word_1_997' title='bbox 604 3679 617 3720; x_wconf 92' lang='grc'><strong>11</strong></span> <span class='ocrx_word' id='word_1_998' title='bbox 631 3680 734 3720; x_wconf 87' lang='lat' dir='ltr'><strong>gesta]</strong></span> <span class='ocrx_word' id='word_1_999' title='bbox 759 3678 883 3720; x_wconf 80' lang='lat' dir='ltr'><strong>iegeste</strong></span> <span class='ocrx_word' id='word_1_1000' title='bbox 904 3674 984 3753; x_wconf 62' lang='grc' dir='ltr'><strong>ΒἿΙ</strong></span> <span class='ocrx_word' id='word_1_1001' title='bbox 1003 3678 1022 3709; x_wconf 86' lang='grc'>8</span> <span class='ocrx_word' id='word_1_1002' title='bbox 1046 3676 1135 3717; x_wconf 87' lang='lat' dir='ltr'><strong>solis]</strong></span> <span class='ocrx_word' id='word_1_1003' title='bbox 1160 3676 1244 3709; x_wconf 87' lang='lat' dir='ltr'><strong>solet</strong></span> <span class='ocrx_word' id='word_1_1004' title='bbox 1266 3676 1300 3709; x_wconf 98' lang='grc' dir='ltr'><strong><em>Β</em></strong></span> <span class='ocrx_word' id='word_1_1005' title='bbox 1319 3673 1334 3720; x_wconf 92' lang='grc'><strong>11</strong></span> 
     </span>
     <span class='ocr_line' id='line_1_107' title="bbox 260 3719 1329 3767; baseline -0.004 -11"><span class='ocrx_word' id='word_1_1006' title='bbox 260 3725 280 3756; x_wconf 71' lang='lat' dir='ltr'><strong>i)</strong></span> <span class='ocrx_word' id='word_1_1007' title='bbox 301 3723 381 3756; x_wconf 83' lang='lat' dir='ltr'><strong>haee</strong></span> <span class='ocrx_word' id='word_1_1008' title='bbox 405 3722 501 3755; x_wconf 83' lang='lat' dir='ltr'><strong>etiam</strong></span> <span class='ocrx_word' id='word_1_1009' title='bbox 525 3722 557 3755; x_wconf 75' lang='lat' dir='ltr'><strong><em>V</em></strong></span> <span class='ocrx_word' id='word_1_1010' title='bbox 579 3723 592 3764; x_wconf 88' lang='grc'><strong>11</strong></span> <span class='ocrx_word' id='word_1_1011' title='bbox 618 3725 654 3756; x_wconf 92' lang='grc'><strong>11</strong></span> <span class='ocrx_word' id='word_1_1012' title='bbox 678 3723 759 3756; x_wconf 83' lang='lat' dir='ltr'><strong>iesta</strong></span> <span class='ocrx_word' id='word_1_1013' title='bbox 777 3723 812 3755; x_wconf 87' lang='grc' dir='ltr'><strong><em>Β</em></strong></span> <span class='ocrx_word' id='word_1_1014' title='bbox 836 3721 849 3767; x_wconf 93' lang='grc'><strong>11</strong></span> <span class='ocrx_word' id='word_1_1015' title='bbox 882 3723 923 3756; x_wconf 88' lang='grc'><strong>12</strong></span> <span class='ocrx_word' id='word_1_1016' title='bbox 945 3731 967 3764; x_wconf 86' lang='lat' dir='ltr'><strong>p</strong></span> <span class='ocrx_word' id='word_1_1017' title='bbox 983 3721 1165 3755; x_wconf 86' lang='lat' dir='ltr'><strong>urimorum</strong></span> <span class='ocrx_word' id='word_1_1018' title='bbox 1187 3721 1231 3763; x_wconf 88' lang='lat' dir='ltr'><strong>V]</strong></span> <span class='ocrx_word' id='word_1_1019' title='bbox 1254 3719 1329 3763; x_wconf 84' lang='lat' dir='ltr'><strong>pln-</strong></span> 
     </span>
    </p>
   </div>
   <div class='ocr_carea' id='block_1_30' title="bbox 1397 3087 2479 3763">
    <p class='ocr_par' dir='ltr' id='par_1_33' title="bbox 1397 3087 2479 3763">
     <span class='ocr_line' id='line_1_108' title="bbox 1402 3087 2478 3133; baseline -0.001 -10"><span class='ocrx_word' id='word_1_1020' title='bbox 1402 3091 1522 3123; x_wconf 88' lang='lat' dir='ltr'><strong>rimum</strong></span> <span class='ocrx_word' id='word_1_1021' title='bbox 1546 3091 1616 3124; x_wconf 82' lang='grc' dir='ltr'><strong>ΒΤ</strong></span> <span class='ocrx_word' id='word_1_1022' title='bbox 1632 3089 1781 3133; x_wconf 87' lang='lat' dir='ltr'><strong>plurium</strong></span> <span class='ocrx_word' id='word_1_1023' title='bbox 1803 3089 1890 3131; x_wconf 80' lang='lat' dir='ltr'><strong>vulq.</strong></span> <span class='ocrx_word' id='word_1_1024' title='bbox 1914 3087 1927 3133; x_wconf 94' lang='grc'><strong>11</strong></span> <span class='ocrx_word' id='word_1_1025' title='bbox 1952 3090 1991 3122; x_wconf 91' lang='grc'><strong>13</strong></span> <span class='ocrx_word' id='word_1_1026' title='bbox 2012 3089 2131 3130; x_wconf 89' lang='lat' dir='ltr'><strong>ullum]</strong></span> <span class='ocrx_word' id='word_1_1027' title='bbox 2152 3088 2249 3122; x_wconf 90' lang='lat' dir='ltr'><strong>illum</strong></span> <span class='ocrx_word' id='word_1_1028' title='bbox 2274 3089 2325 3123; x_wconf 83' lang='grc' dir='ltr'><strong>Β*</strong></span> <span class='ocrx_word' id='word_1_1029' title='bbox 2348 3088 2478 3122; x_wconf 90' lang='lat' dir='ltr'><strong>nullum</strong></span> 
     </span>
     <span class='ocr_line' id='line_1_109' title="bbox 1403 3126 2479 3179; baseline -0.002 -10"><span class='ocrx_word' id='word_1_1030' title='bbox 1403 3135 1452 3168; x_wconf 61' lang='grc' dir='ltr'><strong>Β*</strong></span> <span class='ocrx_word' id='word_1_1031' title='bbox 1467 3136 1479 3179; x_wconf 93' lang='grc'><strong>11</strong></span> <span class='ocrx_word' id='word_1_1032' title='bbox 1502 3137 1541 3169; x_wconf 84' lang='grc'><strong>14</strong></span> <span class='ocrx_word' id='word_1_1033' title='bbox 1565 3137 1625 3168; x_wconf 79' lang='lat' dir='ltr'><strong>aut</strong></span> <span class='ocrx_word' id='word_1_1034' title='bbox 1647 3135 1689 3168; x_wconf 86' lang='lat' dir='ltr'><strong>ad</strong></span> <span class='ocrx_word' id='word_1_1035' title='bbox 1712 3134 1794 3168; x_wconf 83' lang='lat' dir='ltr'><strong>alias</strong></span> <span class='ocrx_word' id='word_1_1036' title='bbox 1813 3126 1865 3168; x_wconf 62' lang='grc' dir='ltr'><strong>ΒΞ</strong></span> <span class='ocrx_word' id='word_1_1037' title='bbox 1890 3135 1924 3167; x_wconf 79' lang='lat' dir='ltr'><strong>in</strong></span> <span class='ocrx_word' id='word_1_1038' title='bbox 1948 3147 2014 3167; x_wconf 75' lang='lat' dir='ltr'><strong>ras.</strong></span> <span class='ocrx_word' id='word_1_1039' title='bbox 2030 3136 2042 3178; x_wconf 91' lang='grc'><strong>11</strong></span> <span class='ocrx_word' id='word_1_1040' title='bbox 2065 3137 2104 3169; x_wconf 83' lang='grc'><strong>15</strong></span> <span class='ocrx_word' id='word_1_1041' title='bbox 2127 3137 2261 3175; x_wconf 80' lang='lat' dir='ltr'><strong>agentes</strong></span> <span class='ocrx_word' id='word_1_1042' title='bbox 2283 3133 2362 3179; x_wconf 60' lang='lat'>12¹1!</span> <span class='ocrx_word' id='word_1_1043' title='bbox 2380 3144 2479 3175; x_wconf 84' lang='lat' dir='ltr'><strong>quae-</strong></span> 
     </span>
     <span class='ocr_line' id='line_1_110' title="bbox 1402 3179 2477 3223; baseline -0.002 -9"><span class='ocrx_word' id='word_1_1044' title='bbox 1402 3183 1482 3214; x_wconf 86' lang='lat' dir='ltr'><strong>runt</strong></span> <span class='ocrx_word' id='word_1_1045' title='bbox 1506 3184 1539 3214; x_wconf 85' lang='lat' dir='ltr'><strong>et</strong></span> <span class='ocrx_word' id='word_1_1046' title='bbox 1569 3181 1700 3221; x_wconf 89' lang='lat' dir='ltr'><strong>horum]</strong></span> <span class='ocrx_word' id='word_1_1047' title='bbox 1738 3182 1801 3212; x_wconf 90' lang='lat' dir='ltr'><strong>unt</strong></span> <span class='ocrx_word' id='word_1_1048' title='bbox 1828 3181 1862 3212; x_wconf 88' lang='lat' dir='ltr'><strong>et</strong></span> <span class='ocrx_word' id='word_1_1049' title='bbox 1891 3180 2009 3211; x_wconf 89' lang='lat' dir='ltr'><strong>horum</strong></span> <span class='ocrx_word' id='word_1_1050' title='bbox 2033 3191 2097 3214; x_wconf 85' lang='lat' dir='ltr'><strong>scr.</strong></span> <span class='ocrx_word' id='word_1_1051' title='bbox 2119 3179 2170 3213; x_wconf 85' lang='lat' dir='ltr'><strong>V²</strong></span> <span class='ocrx_word' id='word_1_1052' title='bbox 2193 3181 2227 3213; x_wconf 85' lang='lat' dir='ltr'><strong>in</strong></span> <span class='ocrx_word' id='word_1_1053' title='bbox 2251 3192 2317 3213; x_wconf 80' lang='lat' dir='ltr'><strong>ras.</strong></span> <span class='ocrx_word' id='word_1_1054' title='bbox 2339 3187 2370 3212; x_wconf 82' lang='lat' dir='ltr'><strong>et</strong></span> <span class='ocrx_word' id='word_1_1055' title='bbox 2394 3186 2477 3223; x_wconf 80' lang='lat' dir='ltr'><strong>spat.</strong></span> 
     </span>
     <span class='ocr_line' id='line_1_111' title="bbox 1402 3223 2478 3269; baseline -0.004 -10"><span class='ocrx_word' id='word_1_1056' title='bbox 1402 3238 1472 3259; x_wconf 82' lang='lat' dir='ltr'><strong>vac.</strong></span> <span class='ocrx_word' id='word_1_1057' title='bbox 1498 3225 1511 3269; x_wconf 93' lang='grc'><strong>11</strong></span> <span class='ocrx_word' id='word_1_1058' title='bbox 1534 3225 1667 3267; x_wconf 90' lang='lat' dir='ltr'><strong>quidem</strong></span> <span class='ocrx_word' id='word_1_1059' title='bbox 1688 3235 1772 3267; x_wconf 87' lang='lat' dir='ltr'><strong>quae</strong></span> <span class='ocrx_word' id='word_1_1060' title='bbox 1793 3223 1855 3269; x_wconf 78' lang='grc'>17.11</span> <span class='ocrx_word' id='word_1_1061' title='bbox 1876 3226 1914 3257; x_wconf 85' lang='grc'><strong>17</strong></span> <span class='ocrx_word' id='word_1_1062' title='bbox 1940 3227 1978 3256; x_wconf 80' lang='grc' dir='ltr'><strong>ιιι</strong></span> <span class='ocrx_word' id='word_1_1063' title='bbox 2000 3234 2061 3257; x_wconf 87' lang='lat' dir='ltr'><strong>neo</strong></span> <span class='ocrx_word' id='word_1_1064' title='bbox 2084 3224 2120 3257; x_wconf 91' lang='lat' dir='ltr'><strong>in</strong></span> <span class='ocrx_word' id='word_1_1065' title='bbox 2144 3225 2215 3257; x_wconf 90' lang='lat' dir='ltr'><strong>sim.</strong></span> <span class='ocrx_word' id='word_1_1066' title='bbox 2239 3227 2388 3256; x_wconf 86' lang='lat' dir='ltr'><strong>aetorum</strong></span> <span class='ocrx_word' id='word_1_1067' title='bbox 2410 3223 2478 3255; x_wconf 84' lang='lat' dir='ltr'><strong>sint</strong></span> 
     </span>
     <span class='ocr_line' id='line_1_112' title="bbox 1412 3266 2477 3314; baseline -0.006 -9"><span class='ocrx_word' id='word_1_1068' title='bbox 1412 3271 1530 3314; x_wconf 69' lang='grc'>71121</span> <span class='ocrx_word' id='word_1_1069' title='bbox 1557 3270 1721 3303; x_wconf 82' lang='lat' dir='ltr'><strong>credimus</strong></span> <span class='ocrx_word' id='word_1_1070' title='bbox 1741 3270 1871 3313; x_wconf 76' lang='lat' dir='ltr'><strong>Vvuly.</strong></span> <span class='ocrx_word' id='word_1_1071' title='bbox 1896 3267 1908 3312; x_wconf 97' lang='grc'><strong>11</strong></span> <span class='ocrx_word' id='word_1_1072' title='bbox 1933 3269 1972 3302; x_wconf 89' lang='lat' dir='ltr'><strong>de</strong></span> <span class='ocrx_word' id='word_1_1073' title='bbox 1997 3282 2054 3302; x_wconf 89' lang='lat' dir='ltr'><strong>om.</strong></span> <span class='ocrx_word' id='word_1_1074' title='bbox 2079 3269 2202 3303; x_wconf 79' lang='lat' dir='ltr'><em>R¹VT</em></span> <span class='ocrx_word' id='word_1_1075' title='bbox 2217 3268 2230 3313; x_wconf 91' lang='grc'><strong>11</strong></span> <span class='ocrx_word' id='word_1_1076' title='bbox 2248 3266 2477 3302; x_wconf 64' lang='lat' dir='ltr'><strong>defensoribus</strong></span> 
     </span>
     <span class='ocr_line' id='line_1_113' title="bbox 1402 3312 2476 3358; baseline -0.005 -10"><span class='ocrx_word' id='word_1_1077' title='bbox 1402 3316 1454 3348; x_wconf 70' lang='lat' dir='ltr'><strong>R‘⁸</strong></span> <span class='ocrx_word' id='word_1_1078' title='bbox 1488 3315 1667 3349; x_wconf 82' lang='lat' dir='ltr'><strong>defensoris</strong></span> <span class='ocrx_word' id='word_1_1079' title='bbox 1688 3315 1735 3348; x_wconf 80' lang='lat'><strong>17¹</strong></span> <span class='ocrx_word' id='word_1_1080' title='bbox 1768 3314 1952 3347; x_wconf 78' lang='lat' dir='ltr'><strong>defensores</strong></span> <span class='ocrx_word' id='word_1_1081' title='bbox 1974 3314 2025 3347; x_wconf 84' lang='lat' dir='ltr'><strong>V²</strong></span> <span class='ocrx_word' id='word_1_1082' title='bbox 2054 3313 2066 3358; x_wconf 94' lang='grc'><strong>11</strong></span> <span class='ocrx_word' id='word_1_1083' title='bbox 2093 3315 2135 3348; x_wconf 82' lang='grc'><strong>22</strong></span> <span class='ocrx_word' id='word_1_1084' title='bbox 2170 3314 2208 3346; x_wconf 82' lang='lat' dir='ltr'><strong>fit</strong></span> <span class='ocrx_word' id='word_1_1085' title='bbox 2235 3312 2286 3347; x_wconf 81' lang='lat'><strong>1⁷⁸</strong></span> <span class='ocrx_word' id='word_1_1086' title='bbox 2314 3313 2347 3346; x_wconf 82' lang='lat' dir='ltr'><strong>in</strong></span> <span class='ocrx_word' id='word_1_1087' title='bbox 2371 3323 2436 3344; x_wconf 82' lang='lat' dir='ltr'><strong>ras.</strong></span> <span class='ocrx_word' id='word_1_1088' title='bbox 2464 3312 2476 3353; x_wconf 92' lang='grc'><strong>11</strong></span> 
     </span>
     <span class='ocr_line' id='line_1_114' title="bbox 1403 3357 2475 3406; baseline -0.005 -13"><span class='ocrx_word' id='word_1_1089' title='bbox 1403 3363 1445 3395; x_wconf 87' lang='grc'><strong>23</strong></span> <span class='ocrx_word' id='word_1_1090' title='bbox 1469 3361 1509 3401; x_wconf 90' lang='lat' dir='ltr'><strong>si]</strong></span> <span class='ocrx_word' id='word_1_1091' title='bbox 1535 3360 1650 3392; x_wconf 83' lang='lat' dir='ltr'><strong>iuditii</strong></span> <span class='ocrx_word' id='word_1_1092' title='bbox 1669 3360 1718 3393; x_wconf 79' lang='grc' dir='ltr'><strong>Β*</strong></span> <span class='ocrx_word' id='word_1_1093' title='bbox 1744 3358 1757 3404; x_wconf 97' lang='grc'><strong>11</strong></span> <span class='ocrx_word' id='word_1_1094' title='bbox 1777 3361 1885 3392; x_wconf 79' lang='lat' dir='ltr'><strong>sumat</strong></span> <span class='ocrx_word' id='word_1_1095' title='bbox 1906 3359 1955 3391; x_wconf 84' lang='grc' dir='ltr'><strong>Β*</strong></span> <span class='ocrx_word' id='word_1_1096' title='bbox 1971 3357 1984 3403; x_wconf 93' lang='grc'><strong>11</strong></span> <span class='ocrx_word' id='word_1_1097' title='bbox 2003 3359 2187 3392; x_wconf 78' lang='lat' dir='ltr'><strong>defensores</strong></span> <span class='ocrx_word' id='word_1_1098' title='bbox 2209 3358 2279 3398; x_wconf 64' lang='lat' dir='ltr'><strong>ecc]</strong></span> <span class='ocrx_word' id='word_1_1099' title='bbox 2303 3365 2354 3389; x_wconf 84' lang='lat' dir='ltr'><strong>res</strong></span> <span class='ocrx_word' id='word_1_1100' title='bbox 2376 3358 2410 3406; x_wconf 63' lang='lat' dir='ltr'><strong>et</strong></span> <span class='ocrx_word' id='word_1_1101' title='bbox 2431 3373 2475 3380; x_wconf 93' lang='lat'><strong>—-</strong></span> 
     </span>
     <span class='ocr_line' id='line_1_115' title="bbox 1403 3399 2474 3450; baseline -0.007 -11"><span class='ocrx_word' id='word_1_1102' title='bbox 1403 3403 1545 3450; x_wconf 74' lang='lat' dir='ltr'><strong>defenso}</strong></span> <span class='ocrx_word' id='word_1_1103' title='bbox 1575 3418 1605 3437; x_wconf 80' lang='grc' dir='ltr'><strong>υ.</strong></span> <span class='ocrx_word' id='word_1_1104' title='bbox 1631 3406 1670 3439; x_wconf 90' lang='grc'>31</span> <span class='ocrx_word' id='word_1_1105' title='bbox 1697 3417 1760 3438; x_wconf 79' lang='lat' dir='ltr'><strong>scr.</strong></span> <span class='ocrx_word' id='word_1_1106' title='bbox 1783 3403 1835 3438; x_wconf 67' lang='grc' dir='ltr'><strong>Β*</strong></span> <span class='ocrx_word' id='word_1_1107' title='bbox 1865 3405 1897 3438; x_wconf 83' lang='lat' dir='ltr'><strong>in</strong></span> <span class='ocrx_word' id='word_1_1108' title='bbox 1926 3416 1991 3438; x_wconf 78' lang='lat' dir='ltr'><strong>ras.</strong></span> <span class='ocrx_word' id='word_1_1109' title='bbox 2012 3406 2032 3437; x_wconf 83' lang='lat'><strong>3</strong></span> <span class='ocrx_word' id='word_1_1110' title='bbox 2058 3414 2201 3437; x_wconf 80' lang='lat' dir='ltr'><strong>versuum</strong></span> <span class='ocrx_word' id='word_1_1111' title='bbox 2230 3400 2244 3445; x_wconf 92' lang='grc'><strong>11</strong></span> <span class='ocrx_word' id='word_1_1112' title='bbox 2269 3402 2312 3435; x_wconf 79' lang='lat'><strong>24</strong></span> <span class='ocrx_word' id='word_1_1113' title='bbox 2343 3399 2474 3442; x_wconf 78' lang='lat' dir='ltr'><strong>quidem</strong></span> 
     </span>
     <span class='ocr_line' id='line_1_116' title="bbox 1411 3443 2473 3494; baseline -0.007 -10"><span class='ocrx_word' id='word_1_1114' title='bbox 1411 3449 1543 3491; x_wconf 78' lang='lat' dir='ltr'><em>V²R(²)</em></span> <span class='ocrx_word' id='word_1_1115' title='bbox 1559 3449 1572 3492; x_wconf 82' lang='grc'><strong>11</strong></span> <span class='ocrx_word' id='word_1_1116' title='bbox 1589 3450 1677 3492; x_wconf 85' lang='lat' dir='ltr'><strong>potis</strong></span> <span class='ocrx_word' id='word_1_1117' title='bbox 1702 3449 1751 3484; x_wconf 76' lang='lat' dir='ltr'><strong>V*</strong></span> <span class='ocrx_word' id='word_1_1118' title='bbox 1769 3447 1841 3494; x_wconf 83' lang='grc'>1126</span> <span class='ocrx_word' id='word_1_1119' title='bbox 1863 3448 2021 3490; x_wconf 84' lang='lat' dir='ltr'><strong>quislibet</strong></span> <span class='ocrx_word' id='word_1_1120' title='bbox 2042 3447 2103 3489; x_wconf 64' lang='lat' dir='ltr'><strong>Ru</strong></span> <span class='ocrx_word' id='word_1_1121' title='bbox 2121 3448 2163 3480; x_wconf 89' lang='grc'><strong>30</strong></span> <span class='ocrx_word' id='word_1_1122' title='bbox 2186 3445 2324 3487; x_wconf 84' lang='lat' dir='ltr'><strong>Iterum,</strong></span> <span class='ocrx_word' id='word_1_1123' title='bbox 2347 3457 2373 3478; x_wconf 75' lang='lat' dir='ltr'><strong>s.</strong></span> <span class='ocrx_word' id='word_1_1124' title='bbox 2398 3457 2427 3477; x_wconf 86' lang='lat' dir='ltr'><strong>v.</strong></span> <span class='ocrx_word' id='word_1_1125' title='bbox 2454 3443 2473 3477; x_wconf 79' lang='lat' dir='ltr'><strong>l.</strong></span> 
     </span>
     <span class='ocr_line' id='line_1_117' title="bbox 1401 3489 2475 3541; baseline -0.007 -13"><span class='ocrx_word' id='word_1_1126' title='bbox 1401 3494 1536 3528; x_wconf 86' lang='lat' dir='ltr'><strong>interim</strong></span> <span class='ocrx_word' id='word_1_1127' title='bbox 1560 3494 1643 3536; x_wconf 82' lang='lat' dir='ltr'><em>R(²)</em></span> <span class='ocrx_word' id='word_1_1128' title='bbox 1671 3493 1684 3538; x_wconf 97' lang='grc'><strong>11</strong></span> <span class='ocrx_word' id='word_1_1129' title='bbox 1712 3493 1924 3527; x_wconf 83' lang='lat' dir='ltr'><strong>sanciendum</strong></span> <span class='ocrx_word' id='word_1_1130' title='bbox 1946 3492 2135 3532; x_wconf 74' lang='lat' dir='ltr'><strong>Heimbach]</strong></span> <span class='ocrx_word' id='word_1_1131' title='bbox 2171 3490 2341 3541; x_wconf 66' lang='lat' dir='ltr'><strong>soipndum</strong></span> <span class='ocrx_word' id='word_1_1132' title='bbox 2365 3489 2443 3522; x_wconf 80' lang='lat' dir='ltr'><strong>libri</strong></span> <span class='ocrx_word' id='word_1_1133' title='bbox 2462 3489 2475 3533; x_wconf 92' lang='grc'><strong>11</strong></span> 
     </span>
     <span class='ocr_line' id='line_1_118' title="bbox 1401 3534 2473 3585; baseline -0.007 -12"><span class='ocrx_word' id='word_1_1134' title='bbox 1401 3539 1488 3573; x_wconf 89' lang='lat' dir='ltr'><strong>nulli</strong></span> <span class='ocrx_word' id='word_1_1135' title='bbox 1518 3540 1646 3572; x_wconf 90' lang='lat' dir='ltr'><strong>homini</strong></span> <span class='ocrx_word' id='word_1_1136' title='bbox 1673 3539 1717 3572; x_wconf 89' lang='lat' dir='ltr'><strong>sit</strong></span> <span class='ocrx_word' id='word_1_1137' title='bbox 1745 3538 1815 3579; x_wconf 84' lang='lat' dir='ltr'><strong>(silt</strong></span> <span class='ocrx_word' id='word_1_1138' title='bbox 1837 3541 1904 3583; x_wconf 69' lang='lat' dir='ltr'><strong>pr.)</strong></span> <span class='ocrx_word' id='word_1_1139' title='bbox 1934 3538 2067 3571; x_wconf 82' lang='lat' dir='ltr'><strong>silentia</strong></span> <span class='ocrx_word' id='word_1_1140' title='bbox 2094 3534 2248 3584; x_wconf 73' lang='lat' dir='ltr'><strong>(licencia</strong></span> <span class='ocrx_word' id='word_1_1141' title='bbox 2267 3534 2318 3585; x_wconf 57' lang='lat' dir='ltr'><strong>R}</strong></span> <span class='ocrx_word' id='word_1_1142' title='bbox 2341 3534 2373 3567; x_wconf 84' lang='lat' dir='ltr'><strong>in</strong></span> <span class='ocrx_word' id='word_1_1143' title='bbox 2398 3538 2473 3576; x_wconf 61' lang='grc' dir='ltr'><strong><em>ηιμ.)</em></strong></span> 
     </span>
     <span class='ocr_line' id='line_1_119' title="bbox 1401 3578 2471 3628; baseline -0.009 -9"><span class='ocrx_word' id='word_1_1144' title='bbox 1401 3585 1435 3619; x_wconf 89' lang='grc' dir='ltr'><strong><em>Β</em></strong></span> <span class='ocrx_word' id='word_1_1145' title='bbox 1464 3583 1476 3628; x_wconf 94' lang='grc'><strong>11</strong></span> <span class='ocrx_word' id='word_1_1146' title='bbox 1505 3587 1546 3619; x_wconf 81' lang='lat'><strong>32</strong></span> <span class='ocrx_word' id='word_1_1147' title='bbox 1581 3584 1748 3617; x_wconf 85' lang='lat' dir='ltr'><strong>uniuersis</strong></span> <span class='ocrx_word' id='word_1_1148' title='bbox 1777 3582 1998 3616; x_wconf 82' lang='lat' dir='ltr'><strong>nobilioribus</strong></span> <span class='ocrx_word' id='word_1_1149' title='bbox 2020 3579 2111 3615; x_wconf 75' lang='lat' dir='ltr'><strong>RV·</strong></span> <span class='ocrx_word' id='word_1_1150' title='bbox 2134 3578 2148 3624; x_wconf 91' lang='grc'><strong>11</strong></span> <span class='ocrx_word' id='word_1_1151' title='bbox 2174 3578 2395 3611; x_wconf 78' lang='lat' dir='ltr'><strong>habitationes</strong></span> <span class='ocrx_word' id='word_1_1152' title='bbox 2426 3579 2471 3611; x_wconf 57' lang='grc' dir='ltr'><strong>ΙΝ</strong></span> 
     </span>
     <span class='ocr_line' id='line_1_120' title="bbox 1399 3623 2473 3675; baseline -0.007 -13"><span class='ocrx_word' id='word_1_1153' title='bbox 1399 3629 1643 3662; x_wconf 82' lang='lat' dir='ltr'><strong>habitatoribus</strong></span> <span class='ocrx_word' id='word_1_1154' title='bbox 1666 3627 1783 3672; x_wconf 84' lang='grc' dir='ltr'>Τ1133</span> <span class='ocrx_word' id='word_1_1155' title='bbox 1807 3628 1978 3662; x_wconf 80' lang='lat' dir='ltr'><strong>mistarum</strong></span> <span class='ocrx_word' id='word_1_1156' title='bbox 2001 3624 2050 3660; x_wconf 80' lang='grc' dir='ltr'><strong>Β*</strong></span> <span class='ocrx_word' id='word_1_1157' title='bbox 2077 3623 2092 3667; x_wconf 77' lang='grc' dir='ltr'>Ι</span> <span class='ocrx_word' id='word_1_1158' title='bbox 2113 3625 2183 3657; x_wconf 85' lang='lat' dir='ltr'><strong>eins</strong></span> <span class='ocrx_word' id='word_1_1159' title='bbox 2210 3623 2290 3675; x_wconf 56' lang='lat' dir='ltr'><strong>VJK</strong></span> <span class='ocrx_word' id='word_1_1160' title='bbox 2311 3625 2353 3658; x_wconf 80' lang='lat'><strong>37</strong></span> <span class='ocrx_word' id='word_1_1161' title='bbox 2378 3623 2473 3675; x_wconf 71' lang='lat' dir='ltr'><strong>milia</strong></span> 
     </span>
     <span class='ocr_line' id='line_1_121' title="bbox 1399 3668 2470 3718; baseline -0.007 -10"><span class='ocrx_word' id='word_1_1162' title='bbox 1399 3674 1448 3708; x_wconf 84' lang='grc' dir='ltr'><strong>Β*</strong></span> <span class='ocrx_word' id='word_1_1163' title='bbox 1471 3673 1484 3718; x_wconf 94' lang='grc'><strong>11</strong></span> <span class='ocrx_word' id='word_1_1164' title='bbox 1509 3674 1610 3707; x_wconf 85' lang='lat' dir='ltr'><strong>habet</strong></span> <span class='ocrx_word' id='word_1_1165' title='bbox 1629 3673 1686 3717; x_wconf 72' lang='grc'>1711</span> <span class='ocrx_word' id='word_1_1166' title='bbox 1700 3682 1761 3706; x_wconf 77' lang='lat' dir='ltr'><strong>neo</strong></span> <span class='ocrx_word' id='word_1_1167' title='bbox 1783 3671 1897 3718; x_wconf 74' lang='grc'>171138</span> <span class='ocrx_word' id='word_1_1168' title='bbox 1911 3684 1962 3716; x_wconf 75' lang='lat' dir='ltr'><strong>sq.</strong></span> <span class='ocrx_word' id='word_1_1169' title='bbox 1981 3669 2095 3704; x_wconf 71' lang='lat' dir='ltr'><strong>formis</strong></span> <span class='ocrx_word' id='word_1_1170' title='bbox 2117 3669 2186 3709; x_wconf 75' lang='lat' dir='ltr'><strong>oct-1</strong></span> <span class='ocrx_word' id='word_1_1171' title='bbox 2209 3678 2273 3701; x_wconf 73' lang='lat' dir='ltr'><strong>mu</strong></span> <span class='ocrx_word' id='word_1_1172' title='bbox 2292 3686 2335 3693; x_wconf 77' lang='lat'><strong>-—</strong></span> <span class='ocrx_word' id='word_1_1173' title='bbox 2356 3668 2470 3702; x_wconf 80' lang='lat' dir='ltr'><strong>collati</strong></span> 
     </span>
     <span class='ocr_line' id='line_1_122' title="bbox 1397 3718 2016 3763; baseline 0 -11"><span class='ocrx_word' id='word_1_1174' title='bbox 1397 3719 1505 3763; x_wconf 78' lang='lat' dir='ltr'><strong>suppl.</strong></span> <span class='ocrx_word' id='word_1_1175' title='bbox 1528 3718 1576 3753; x_wconf 74' lang='lat'><strong>1⁷²</strong></span> <span class='ocrx_word' id='word_1_1176' title='bbox 1600 3720 1633 3753; x_wconf 77' lang='lat' dir='ltr'><strong>in</strong></span> <span class='ocrx_word' id='word_1_1177' title='bbox 1653 3724 1738 3762; x_wconf 76' lang='lat' dir='ltr'><strong>spat.</strong></span> <span class='ocrx_word' id='word_1_1178' title='bbox 1762 3729 1832 3753; x_wconf 80' lang='lat' dir='ltr'><strong>vac.</strong></span> <span class='ocrx_word' id='word_1_1179' title='bbox 1976 3735 1987 3744; x_wconf 56' lang='grc' dir='ltr'><strong><em>ν</em></strong></span> <span class='ocrx_word' id='word_1_1180' title='bbox 2014 3737 2016 3742; x_wconf 52' lang='lat'><em>2</em></span> 
     </span>
    </p>
   </div>
  </div>
 </body>
</html>
