2618 4010
256 145 365 190 Nov.
395 143 537 188 XXVI
567 148 592 188 3
1314 142 1397 191 206
2150 161 2209 191 nn
2237 158 2469 192 rasarone

258 255 347 292 ὥςτε
372 254 501 291 στάσιν
524 252 674 291 ἅπασαν
702 252 826 292 αὐτῶν
855 255 1124 299 ἐξελαύνεσθαι.
1170 259 1230 291 καὶ
1252 254 1333 292 τοὺς
1401 255 1587 292 universus
1611 265 1734 292 eorum
1749 257 1984 304 propellatur3
2009 260 2046 295 et
2067 258 2197 295 milites
2222 258 2362 303 quidem
2381 268 2471 296 m·

254 303 324 347 μὲν
346 298 574 347 στρατιώτας
602 295 658 334 ἆοὶ
679 303 759 336 ταῖς
781 300 870 337 πολε
911 304 986 336 nate
1008 304 1220 348 γυμνασίαις
1242 298 1332 337 ἄπο·
1402 310 1467 347 per
1496 300 1535 336 in
1557 300 1695 336 bellicis
1725 302 2038 340 exercitationibus
2069 304 2212 340 efficere
2242 303 2405 340 meliores
2428 314 2472 341 fic

256 344 372 381 τελεῖν
408 343 572 380 καλλίους
605 358 645 379 τε
678 348 739 380 καὶ
776 360 802 382 π
899 349 1083 392 μοτέρους,
1118 344 1199 380 τοὺς
1234 344 1332 381 ἰδιώ-
1402 345 1598 391 proniores‚
1633 345 1794 390 privatos
1825 350 1944 386 autem
1977 353 2144 395 coaptare
2175 349 2261 393 lege,
2293 348 2406 385 iustos
2437 353 2474 384 et

255 402 319 425 τας
347 388 389 425 δὲ
411 389 604 436 ῥυθμίζειν
632 391 685 435 τῷ
709 390 811 436 νόμῳ
843 389 998 427 δικαίους
1028 404 1069 425 τε
1098 394 1158 424 καὶ
1187 404 1332 437 κακουρ-
1401 389 1622 435 malignitate
1645 390 1811 426 universa
1832 391 1975 435 liberos,
2000 397 2036 429 et
2051 394 2223 439 perficere
2246 393 2312 428 hos
2332 392 2473 439 quidem

255 439 335 482 γίας
358 431 498 479 ἁπάσης
521 433 731 481 ἐλευθέρους
752 434 951 477 ἀποτελεῖν,
985 432 1070 470 ὥςτε
1093 434 1175 470 τούς
1196 438 1264 480 μὲν
1285 437 1333 470 εἰς
1368 440 1388 472 5
1402 435 1449 471 ad
1472 434 1658 478 iustitiam,
1681 434 1761 470 illos
1784 437 1904 472 autem
1925 437 1972 473 ad
1993 437 2238 474 fortitudinem
2262 448 2408 483 auger03
2438 441 2475 474 et

257 477 500 523 δικαιοσύνην,
528 480 611 515 τούς
633 478 674 515 δὲ
704 482 752 516 εἰς
781 479 953 526 ἀνδρείαν
982 479 1171 520 αὔξεσθαι.
1219 484 1280 515 καὶ
1302 480 1338 515 εἴ
1402 479 1433 515 si
1465 489 1537 524 qua
1569 489 1658 525 opus
1690 479 1800 514 fuerit
1831 480 1914 517 belli
1946 492 2056 519 causa
2086 483 2272 527 discursio,
2307 493 2374 528 pro
2405 482 2475 518 hac

256 536 311 559 τις
337 527 485 580 Ϊένοιτο
516 523 671 570 πολέμου
704 522 809 571 χάριν
843 524 1010 581 ἐκδρομή,
1045 524 1182 569 ταύτην
1216 526 1332 572 ῥᾷστα
1401 524 1507 560 facile
1532 524 1731 560 celebrare:
1764 524 1883 560 officio
1906 528 2056 573 utroque
2105 532 2279 570 minente,
2303 528 2373 564 alio
2397 528 2474 573 qui·

256 569 466 605 ποιεισθαι·
487 569 622 612 τάξεώς
644 584 684 605 τε
704 570 883 618 παρούσης
906 572 1011 604 εκατέ
1033 581 1084 613 ας,
1106 573 1166 604 καὶ
1186 571 1247 613 τῆς
1266 572 1334 614 μὲν
1403 569 1482 605 dem
1506 569 1729 604 ministrante
1759 579 2000 615 quaecumque
2025 573 2090 608 civi
2104 583 2124 609 e
2155 573 2313 610 officium
2337 573 2475 615 decent,

255 613 543 662 ὑπηρετουμένης
576 613 695 651 ὁπόσα
731 614 924 651 πολιτικοῖς
960 583 1158 656 vagacitate
1194 618 1333 671 πρέπει,
1403 614 1562 649 exercitu
1586 623 1667 650 vero
1691 614 1981 651 inexcusabiliter
2010 618 2219 662 prohibente
2249 618 2397 654 hostiles
2420 617 2474 653 in-

256 661 335 695 τῶν
358 657 548 705 δυνάμεων
570 658 612 694 δὲ
628 656 908 707 ἀπροφασίστως
931 658 992 694 τὰς
1011 658 1202 704 πολεμικὰς
1219 673 1333 706 ανειρ·
1350 663 1389 695 10
1403 658 1578 694 vasiones.

256 707 277 742 1
322 702 468 752 γὸντων
498 703 653 751 ἐφόδους.
705 707 769 739 Δεῖ
797 703 837 739 δὲ
869 703 980 739 αὐτὸν
1010 707 1070 738 καὶ
1101 706 1179 739 τῶν
1209 703 1333 746 δικῶν,
1403 705 1423 740 1
1470 704 1621 748 Oportet
1640 707 1758 740 autem
1777 714 1857 740 eum
1876 704 1985 740 etiam
2003 705 2085 742 lites
2111 707 2183 743 sive
2206 707 2287 754 (ad)
2303 706 2475 753 pecunias

258 750 329 784 εἴτε
352 749 400 785 εἰς
422 749 585 797 χρήματα
609 750 778 795 βλέποιεν
805 750 875 784 εἴτε
898 750 945 783 εἰς
969 748 1171 796 ἐγκλήματα
1194 751 1265 785 εἴτε
1288 750 1335 784 εἰς
1403 759 1462 786 res
1487 749 1634 784 icientes
1660 759 1723 785 sou
1747 749 1794 784 ad
1818 749 1965 785 crimina
1996 750 2070 787 sivo
2099 752 2145 787 ad
2168 753 2349 797 quodlibet
2379 751 2477 787 aliud

257 792 453 830 ὁποιονοῦν
481 794 577 837 ἄλλο,
609 793 821 830 κατακούειν
851 797 910 828 καὶ
935 792 1092 836 δικάζειν
1122 792 1246 841 ὀρθῶς
1275 798 1335 828 καὶ
1404 805 1452 830 au
1477 794 1528 829 ire
1553 796 1588 829 et
1610 794 1771 830 iudicare
1801 798 1902 830 recte
1933 798 1969 830 et
1992 796 2186 832 secundum
2216 801 2357 833 nostras
2381 797 2476 840 leges

258 839 346 887 πρὸς
369 838 450 874 τοὺς
473 840 658 885 ἡμετέρους
682 840 809 883 νόμους
838 843 897 873 καὶ
928 838 1068 874 πάθους
1098 842 1217 875 ἕνεκεν
1238 837 1335 875 οὐδε·
1405 842 1441 875 et
1464 840 1531 875 sub
1556 839 1653 874 nulla
1683 839 1859 884 passionis
1893 849 2021 882 causa,
2053 844 2094 875 ut
2116 842 2234 878 nullus
2265 843 2346 877 inde
2369 841 2475 877 diffu-

257 884 334 927 νός,
367 881 455 920 «ficu
477 884 526 929 μὴ
549 897 650 920 τινας
674 885 816 918 ἐκεῖθεν
849 887 1077 940 ἐκτρέχοντας
1098 884 1140 919 τὸ
1165 882 1335 933 ἡμέτερον
1352 889 1390 920 15
1404 885 1504 928 giens
1529 888 1687 919 nostram
1708 884 1882 928 inquietet
1903 884 2203 930 tranquillitatem.
2240 887 2364 932 Neque
2383 886 2476 922 enim

259 929 418 973 ἐνοχλεῖν
437 929 572 977 κράτος.
621 927 703 964 οὐδὲ
725 929 792 976 γὰρ
816 928 1026 974 βουλομεθα
1047 928 1130 965 τοὺς
1149 928 1336 974 ἡμετέρους
1403 930 1565 965 volumus
1598 932 1739 965 nostros
1772 930 1961 965 collatores
1992 931 2230 975 relinquentes
2261 932 2476 978 provinciam

257 974 440 1011 ὑποτελεῖς
463 973 802 1019 καταλιμπάνοντας
825 973 892 1017 τὴν
915 973 1039 1021 χώραν
1062 976 1239 1010 ἐνταυθοῖ
1260 978 1335 1022 τρέ-
1404 975 1475 1009 huc
1513 985 1655 1010 currere
1689 985 1712 1010 a
1746 975 2023 1019 provincialibus
2064 975 2248 1021 despectos
2288 977 2475 1013 iudicibus.

258 1034 335 1063 χειν
357 1017 429 1055 ὑπὸ
461 1022 538 1054 τῶν
569 1018 660 1054 κατὰ
684 1017 807 1064 χώραν
835 1022 1118 1066 περιορωμένους
1145 1018 1156 1031 '
1182 1021 1335 1064 χόντων.
1404 1019 1496 1054 Nam
1519 1024 1556 1055 et
1578 1019 1609 1055 si
1631 1024 1758 1065 postea
1781 1019 1951 1055 fuerimus
1984 1020 2030 1055 ab
2062 1020 2117 1056 his
2172 1022 2207 1056 ui
2237 1021 2364 1058 exinde
2393 1032 2475 1056 ven-

259 1067 290 1100 εἰ
312 1064 380 1112 γὰρ
413 1067 472 1099 καὶ
495 1061 645 1112 ὕστερον
669 1063 858 1108 μέλλοιμεν
889 1067 927 1099 ἐκ
960 1065 1038 1099 τῶν
1067 1063 1155 1100 αὐτό
1189 1080 1229 1101 εν
1257 1078 1335 1111 φοι·
1405 1064 1476 1099 turi
1501 1069 1584 1100 sunt
1607 1065 1810 1109 inquietati,
1842 1065 2055 1110 requirimus
2086 1076 2142 1101 mo
2171 1066 2198 1101 's
2230 1066 2393 1102 omnibus
2419 1076 2476 1101 ve-

258 1108 414 1146 τώντων
432 1108 671 1152 ἐνοχλεῖσθαι,
697 1106 908 1153 πευσόμεθα
929 1108 1075 1144 πάντως
1098 1112 1175 1145 τῶν
1197 1108 1336 1145 ἀδικου-
1351 1114 1391 1146 20
1405 1111 1552 1154 mentes,
1577 1109 1608 1145 si
1629 1110 1717 1145 haec
1737 1110 2035 1146 denuntiaverunt
2053 1111 2393 1147 administrationem
2413 1111 2477 1146 ha-

257 1158 392 1200 pte'vam,
423 1155 454 1190 εἰ
472 1155 589 1189 ταῦτα
613 1153 928 1202 προςαγγείλαντες
956 1157 1083 1210 ἔτυχον
1112 1157 1165 1199 τῷ
1187 1155 1254 1199 τὴν
1277 1153 1335 1202 ἀρ·-
1405 1155 1519 1190 beuti:
1563 1159 1599 1190 et
1635 1155 1665 1190 si
1699 1155 1837 1200 quidem
1874 1156 2140 1200 cognoverimus
2180 1166 2243 1192 eos
2284 1157 2373 1191 haec
2405 1166 2479 1191 non

258 1199 325 1244 χὴν
346 1202 478 1243 ἔχοντι.
524 1202 584 1234 καὶ
615 1200 646 1234 εἰ
675 1202 741 1244 μὲν
771 1197 956 1244 μάθοιμεν
987 1199 1112 1234 αυτούς
1143 1202 1259 1235 ταῦτα
1287 1200 1336 1244 μὴ
1405 1200 1646 1243 denuntiasse,
1680 1211 1760 1235 cum
1785 1201 1879 1235 omni
1904 1200 2122 1236 correctione
2146 1201 2325 1245 dirigimus
2349 1210 2410 1236 eos
2432 1200 2480 1235 ad

260 1243 519 1293 προσαγγεῖλαι,
549 1243 615 1279 σὺν
639 1244 841 1289 ἐπιτιμήσει
872 1243 970 1292 πάσῃ
993 1244 1185 1289 στελοῦμεν
1209 1244 1336 1280 αὐτοὺς
1404 1245 1637 1290 provinciam3
1671 1245 1702 1280 si
1725 1255 1807 1280 vero
1832 1245 1883 1280 illi
1908 1246 2047 1289 quidem
2074 1246 2388 1291 interpellaverint,
2419 1245 2480 1290 qui

259 1289 350 1326 κατὰ
374 1288 507 1336 χώραν,
532 1291 564 1325 εἰ
587 1288 628 1324 δὲ
649 1289 685 1324 οἱ
705 1292 774 1335 μὲν
797 1289 1062 1337 προςήγγειλαν,
1086 1287 1105 1324 ὁ
1126 1288 1166 1324 δὲ
1189 1291 1257 1334 τὴν
1275 1288 1299 1324 ἀ
1403 1301 1486 1325 vero
1519 1290 1861 1325 administrationem
1897 1291 2004 1326 habet
2037 1295 2101 1326 aut
2132 1292 2287 1336 neglexit
2321 1295 2385 1326 aut
2415 1300 2480 1335 per

259 1334 326 1378 χὴν
354 1337 451 1379 ἔχων
481 1333 504 1378 ἢ
529 1333 782 1381 ἐρραθύμησεν
813 1332 835 1378 ἢ
866 1331 949 1369 κατ’
981 1334 1093 1378 ἄλλην
1121 1336 1242 1370 αἰτίαν
1272 1349 1335 1370 ουκ
1349 1339 1390 1372 25
1404 1335 1511 1370 aliam
1536 1345 1682 1370 causam
1713 1346 1785 1370 non
1815 1335 1982 1371 decoram
2013 1337 2108 1379 leges
2136 1336 2300 1381 neglexit,
2332 1339 2418 1371 tunc
2441 1335 2480 1370 in

259 1378 418 1427 εὐπρεπῆ
436 1381 515 1415 τῶν
533 1378 659 1425 νόμων
679 1378 839 1434 ἢμέλῃσε,
863 1377 946 1415 τότε
967 1377 1029 1414 ἐπ’
1052 1378 1162 1414 αὐτὸν
1182 1380 1249 1424 τὴν
1270 1382 1335 1415 πᾶ-
1404 1390 1487 1415 eum
1511 1390 1649 1415 omnem
1674 1380 1909 1416 convertimus
1933 1384 2079 1416 motum.
2128 1381 2228 1416 Sicut
2250 1381 2343 1417 enim
2368 1381 2400 1415 ei
2418 1380 2478 1415 de-

260 1437 330 1460 σαν
352 1429 533 1472 τρέψομεν
555 1429 706 1468 κίνησιν.
756 1423 871 1471 ω’ςπερ
903 1424 971 1471 γὰρ
1001 1422 1100 1468 αὐτῷ
1127 1424 1336 1470 δεδώκαμεν
1405 1424 1520 1460 dimus
1544 1434 1705 1460 annonas
1736 1425 1925 1469 ampliores
1957 1425 2121 1467 (dicimus
2153 1429 2272 1461 autem
2296 1425 2480 1470 utriusque

259 1473 430 1520 χορηγίαν
456 1469 605 1505 πλείονα
629 1472 761 1516 (φαμὲν
785 1468 825 1504 δὲ
848 1469 914 1512 τὴν
939 1471 1104 1515 ἑκατέρας
1127 1467 1244 1516 ἀρχῆς)
1275 1473 1335 1504 καὶ
1406 1469 1549 1514 cinguli)
1579 1475 1615 1504 et
1638 1480 1747 1513 super
1774 1470 1933 1505 homines
1964 1481 2045 1506 eum
2079 1471 2326 1506 constituimus
2348 1474 2479 1512 tantos,

260 1515 479 1571 ανθρώπων
514 1512 626 1550 αὐτὸν
661 1513 948 1560 προύβαλόμεθα
978 1514 1176 1557 τοσούτων,
1212 1512 1334 1557 οὕτως,
1403 1514 1456 1549 ita
1483 1515 1514 1550 si
1535 1514 1762 1550 didicerimus
1791 1525 1869 1550 eum
1890 1514 2032 1559 indigne
2054 1515 2150 1551 circa
2168 1516 2346 1559 cingulum
2364 1524 2480 1559 agere.

261 1562 292 1595 εἰ
312 1561 496 1606 μαθοιμεν
517 1558 628 1595 αὐτὸν
659 1559 815 1601 ἀναξίως
845 1563 927 1605 περὶ
958 1558 1026 1603 τὴν
1056 1557 1166 1607 ἀρχὴν
1190 1559 1334 1606 φερόμε-
1350 1563 1391 1595 30
1404 1570 1519 1604 neque
1552 1560 1691 1595 veniam
1722 1560 1883 1595 dabimus
1922 1571 2037 1606 neque
2073 1560 2111 1595 in
2142 1560 2378 1596 mediocribus
2408 1564 2479 1595 sta-

259 1619 336 1649 νον,
359 1605 442 1640 οὔτε
465 1603 673 1650 ἐνδώσομεν
696 1603 776 1639 οὗτε
800 1607 860 1639 ἐπὶ
883 1609 1038 1660 μετρίοις
1065 1604 1244 1649 στήσομεν
1267 1605 1335 1648 τὴν
1404 1605 1535 1640 tuimus
1567 1615 1728 1650 poenam,
1761 1605 1823 1640 sed
1847 1609 2019 1650 quantum
2051 1616 2130 1641 eum
2159 1605 2206 1641 ad
2239 1604 2481 1641 celsitudinem

260 1650 402 1693 ποινήν,
420 1648 500 1685 ἀλλ’
516 1649 604 1686 ὅσον
623 1648 735 1685 αὐτὸν
750 1651 797 1684 εἰς
815 1647 904 1695 ὕψος
922 1652 1069 1696 αἱρομεν
1082 1647 1335 1694 εὖκοσμοῦντα,
1405 1650 1582 1685 elevamus
1607 1654 1787 1691 ornatum,
1822 1654 1960 1685 tantum
1993 1651 2025 1686 ei
2058 1651 2149 1686 citra
2180 1655 2322 1686 nostras
2346 1649 2482 1694 aliquid

261 1697 434 1731 τοσοῦτον
457 1692 557 1740 αὐτῷ
582 1694 681 1740 παρὰ
703 1694 783 1729 τοὺς
800 1693 987 1741 ἡμετέρους
1005 1709 1041 1729 τι
1061 1693 1259 1743 πράττοντι
1278 1696 1335 1730 νό-
1405 1696 1523 1739 agenti
1545 1695 1641 1739 leges
1665 1695 1942 1739 increpabimus.
1999 1695 2151 1741 Oportet
2182 1700 2300 1732 autem
2330 1705 2411 1731 eum
2435 1694 2482 1730 ad

259 1752 345 1787 μους
367 1740 635 1786 ίπιτιμὴσομεν.
683 1742 747 1775 Δεῖ
769 1739 808 1774 δὲ
832 1738 943 1775 αὐτὸν
974 1741 1062 1786 πρὸς
1085 1739 1223 1785 μηδένα
1247 1754 1336 1776 παν·
1405 1740 1522 1775 nullos
1546 1741 1689 1784 penitus
1713 1740 1895 1783 inclinari,
1927 1751 1993 1776 nec
2024 1741 2055 1777 si
2086 1741 2130 1776 de
2162 1741 2370 1777 sublimibus
2397 1739 2480 1782 sint,

261 1785 372 1821 τελῶς
394 1783 762 1825 ὑποκατακλίνεσθαι,
785 1783 874 1829 μηδ’
898 1782 945 1819 ἂν
969 1786 1004 1820 εἴ
1022 1797 1076 1820 τις
1097 1786 1149 1829 εἴη
1168 1786 1246 1819 τῶν
1262 1788 1336 1821 ἐπι·
1351 1789 1392 1822 35
1405 1795 1473 1820 nec
1497 1786 1527 1821 si
1546 1785 1646 1821 valde
1671 1785 1718 1820 sit
1740 1786 1911 1831 locuples.
1959 1786 2111 1831 Propter
2133 1787 2202 1822 hoc
2226 1786 2355 1821 etenim
2375 1784 2482 1820 etiam

261 1831 388 1877 σὴμων
415 1827 502 1875 μηδ’
529 1827 575 1865 ἃν
602 1831 634 1865 εἰ
656 1828 798 1877 σφόδρα
827 1829 1008 1874 πλουτοίη.
1057 1828 1117 1865 διὰ
1139 1832 1247 1865 τοῦτο
1270 1830 1337 1878 γὰρ
1406 1830 1641 1866 nobilioribus
1672 1830 1844 1866 tradimus
1877 1830 2081 1867 huiusmodi
2111 1831 2308 1877 cingulum,
2340 1833 2382 1865 ut
2409 1840 2481 1866 non

263 1875 308 1919 δὴ
329 1879 390 1911 καὶ
413 1879 639 1922 σεμνοτέροις
669 1873 918 1920 παραδίδομεν
947 1875 1009 1910 τὰς
1032 1873 1200 1910 τοιαύτας
1222 1873 1338 1922 ἀρχάς,
1406 1875 1514 1910 facile
1539 1876 1668 1910 cedant
1691 1876 1747 1911 his
1771 1876 1833 1921 qui
1856 1886 1921 1921 per
1944 1876 2085 1912 divitias
2108 1877 2231 1913 volunt
2253 1885 2393 1912 nocere.

262 1923 322 1955 ἵνα
344 1920 394 1966 μὴ
422 1919 557 1969 ῥᾳδίως
586 1918 762 1955 ἐνδιδοῖεν
791 1924 864 1955 τοῖς
895 1923 933 1954 ἐκ
963 1923 1026 1956 τοῦ
1059 1920 1227 1955 πλουτεῖν
1258 1924 1337 1965 βου-

263 1966 422 2011 λομένοις
444 1965 592 2002 ἀδικεῖν.

261 2130 303 2160 ut
326 2135 463 2161 omnem
486 2122 695 2160 seditionem
726 2121 771 2158 ab
796 2122 841 2157 iis
856 2121 1054 2169 propellat.
1110 2120 1308 2158 Praeterea
1330 2125 1371 2157 ut
1392 2121 1522 2158 milites
1551 2120 1694 2168 quidem
1723 2120 1907 2158 exercitiis
1937 2121 2153 2157 militaribus
2174 2122 2340 2159 meliores
2368 2133 2482 2169 usque

262 2175 299 2206 ct
320 2169 522 2206 alacriores
542 2167 688 2210 reddat,
713 2167 880 2214 privatos
902 2171 1021 2202 autem
1052 2165 1102 2202 ad
1129 2166 1243 2212 leqem
1273 2166 1518 2203 accommodet
1548 2171 1657 2212 atque
1685 2166 1803 2202 iustos
1832 2170 1866 2201 et
1893 2165 1938 2202 ab
1970 2167 2067 2202 omni
2097 2166 2327 2220 improbitate
2349 2167 2482 2204 liberos

252 2219 432 2263 praestet,
462 2224 535 2257 quo
569 2212 610 2248 ln·
636 2212 676 2247 in
699 2212 850 2255 iustitia,
885 2211 941 2247 illi
963 2211 1002 2246 in
1021 2210 1243 2258 fortitudine
1265 2211 1478 2259 proficiant.
1533 2210 1638 2247 Etsi
1667 2222 1741 2257 qua
1772 2210 1854 2246 belli
1885 2221 1996 2247 causa
2019 2211 2204 2258 expeditio
2223 2212 2310 2258 fiat,
2339 2217 2381 2248 ut
2402 2223 2481 2248 eam

251 2267 426 2310 prompte
447 2262 580 2309 faciat,
611 2272 691 2297 cum
713 2265 907 2306 utrumque
930 2260 1094 2306 officium
1111 2264 1265 2307 praesto
1288 2260 1338 2294 sit
1359 2264 1395 2295 et
1418 2259 1572 2296 alterum
1596 2259 1740 2305 quidem
1756 2269 2003 2341 {uaecumque
2034 2259 2156 2295 civiles
2178 2260 2358 2305 officiales
2379 2259 2481 2297 decet

258 2315 280 2347 1
336 2311 589 2350 subministret,
621 2308 795 2343 militares
818 2311 937 2343 autem
968 2307 1095 2353 copiae
1123 2307 1200 2342 sine
1223 2318 1326 2342 mora
1356 2307 1561 2343 invasiones
1584 2310 1733 2342 arceant
1782 2306 1921 2342 ostium.
2002 2306 2101 2343 Lites
2123 2317 2208 2344 vero
2232 2311 2378 2354 oportet
2397 2318 2478 2344 eum

258 2357 332 2392 sive
355 2354 404 2391 ad
419 2353 615 2402 pecuniam
644 2353 719 2390 sive
742 2352 791 2389 ad
814 2353 966 2388 crimina
996 2352 1071 2388 sive
1093 2351 1144 2387 ad
1190 2352 1423 2398 ualecumque
1446 2351 1548 2387 aliud
1567 2355 1737 2398 spectant
1757 2350 1884 2387 audire
1914 2354 1951 2387 et
1971 2355 2068 2388 recte
2099 2362 2143 2387 ac
2164 2351 2358 2388 secundum
2382 2351 2479 2399 leqes

258 2405 406 2437 nostras
436 2411 481 2435 ne
507 2411 552 2435 ue
583 2398 730 2445 affectu
764 2397 840 2434 ullo
875 2401 1090 2434 commotum
1120 2396 1159 2432 iu
1185 2397 1303 2433 icare:
1343 2408 1388 2433 ne
1420 2396 1484 2443 qui
1521 2396 1621 2433 illinc
1647 2396 1811 2444 profecti
1845 2399 1993 2432 nostrae
2020 2397 2212 2444 potentiae
2241 2396 2390 2450 neqotia
2417 2396 2478 2442 fa-

260 2449 412 2482 cessant.
508 2444 649 2480 olumus
678 2444 772 2480 enim
802 2442 966 2479 subditos
1001 2446 1147 2478 nostros
1181 2442 1310 2478 relicta
1333 2442 1532 2489 provincia
1566 2441 1635 2477 huc
1671 2452 1863 2477 accurrere
1893 2452 1916 2476 a
1943 2442 2155 2487 provinciae
2188 2441 2366 2478 iudicibus
2395 2451 2479 2477 com

261 2496 423 2538 temptos.
482 2488 620 2533 Quodsi
650 2488 759 2525 etiam
782 2487 944 2535 posthac
980 2487 1026 2524 ab
1061 2487 1108 2523 iis
1141 2487 1205 2534 qui
1237 2486 1321 2523 inde
1356 2486 1552 2523 adveniant
1578 2486 1742 2523 molestia
1775 2485 1879 2522 nobis
1913 2485 2141 2530 eaeltibeatur,
2177 2485 2480 2534 interroqabimus

261 2536 407 2573 omnino
439 2546 501 2571 eos
523 2534 587 2582 qui
616 2533 753 2570 iniuria
784 2533 910 2579 affecti
931 2537 1033 2575 sunt,
1063 2543 1149 2568 num
1173 2531 1263 2568 haec
1291 2532 1342 2568 ad
1371 2543 1451 2568 eum
1474 2532 1539 2579 qui
1561 2532 1815 2578 maqistratum
1845 2531 1943 2577 yet-it
1971 2530 2187 2574 detulerint,-
2223 2536 2260 2568 et
2280 2532 2313 2567 si
2336 2530 2480 2578 quidem

259 2581 524 2628 comperiamus
541 2590 604 2615 eos
624 2578 712 2615 haec
732 2590 806 2614 non
826 2578 1006 2621 detulisse,
1030 2587 1111 2613 cum
1132 2578 1228 2613 omni
1246 2576 1527 2624 reprehensione
1542 2577 1581 2612 in
1593 2576 1825 2624 provinciam
1845 2586 1908 2611 eos
1926 2576 2156 2619 remittemus,
2179 2576 2237 2612 sin
2259 2576 2314 2612 illi
2336 2575 2479 2623 quidem

260 2625 465 2668 detulerint,
489 2626 522 2660 is
543 2635 626 2661 vero
650 2624 714 2671 qui
738 2624 991 2671 maqistratum
1015 2623 1110 2669 qerit
1131 2627 1198 2659 aut
1221 2633 1348 2659 socors
1369 2622 1486 2669 fuerit
1509 2626 1575 2658 aut
1594 2626 1749 2669 propter
1772 2620 1883 2656 aliam
1904 2631 2050 2656 causam
2072 2632 2148 2657 non
2172 2620 2359 2657 honestam
2383 2620 2480 2673 leqes

259 2671 481 2719 despexerit,
505 2674 589 2706 tunc
609 2670 647 2705 in
666 2680 747 2705 eum
765 2679 904 2704 omnem
923 2672 1100 2705 vertemus
1118 2667 1196 2703 indi
1222 2668 1414 2704 nationem.
1461 2666 1764 2711 Quemadmodum
1784 2665 1877 2701 enim
1900 2665 1934 2701 ei
1957 2666 2114 2713 amplius
2134 2665 2323 2709 salarium,
2346 2670 2480 2702 umus-

260 2728 331 2764 que
352 2716 521 2751 nimirum
541 2715 787 2761 maqistratus,
812 2713 974 2749 dedimus
993 2718 1102 2759 atque
1126 2717 1179 2749 tot
1194 2679 1396 2749 {ominibus
1414 2723 1493 2749 eum
1515 2711 1773 2759 praefecimus,
1796 2710 1850 2746 ita
1872 2710 1906 2756 si
1927 2721 2006 2746 eum
2030 2711 2069 2746 in
2091 2711 2309 2759 maqistratu
2332 2710 2480 2763 indique

260 2762 400 2799 versari
423 2760 721 2807 compererimus,
753 2770 870 2805 neque
899 2757 1184 2795 condonabimus
1213 2758 1406 2810 quicquam
1437 2768 1553 2804 neque
1580 2757 1690 2793 levem
1719 2759 1918 2791 statuemus
1946 2766 2115 2802 poenam,
2145 2755 2210 2792 sed
2236 2760 2411 2803 quantum
2440 2767 2479 2791 in

258 2807 355 2854 fasti
387 2807 453 2842 'um
476 2816 557 2841 eum
576 2803 787 2841 eaetollimus
816 2808 914 2840 recte
936 2808 973 2840 et
996 2802 1122 2839 ordine
1140 2803 1352 2849 facientem,
1385 2807 1524 2839 tantum
1547 2805 1677 2838 contra
1699 2804 1847 2852 nostras
1878 2800 1975 2846 leqes
2005 2800 2147 2848 aliquid
2174 2805 2339 2848 aqentem
2358 2811 2479 2848 repre-

412 2862 463 2886 us.
525 2848 679 2897 Oportet
700 2854 819 2885 autem
841 2860 920 2885 eum
943 2848 1035 2884 nulli
1058 2848 1205 2884 omnino
1234 2859 1312 2884 sese
1333 2846 1553 2890 submittere,
1583 2857 1699 2898 neque
1727 2845 1761 2882 si
1784 2855 1866 2898 quis
1889 2846 2107 2896 auctoritate
2133 2846 2337 2893 praecellat
2366 2856 2481 2892 neque

260 2898 293 2933 si
316 2895 421 2934 valde
443 2895 541 2932 dives
562 2896 620 2930 sit.
676 2893 841 2940 Namque
856 2899 1016 2941 propter
1044 2893 1085 2929 id
1106 2893 1224 2945 ipsum
1293 2892 1477 2930 avioribus
1506 2892 1594 2929 viris
1617 2890 1790 2928 eiusmodi
1815 2895 2052 2937 maqtstratus
2082 2891 2269 2934 tradimus,
2301 2902 2346 2927 ne
2367 2890 2481 2935 facile

260 2941 475 2989 indulqeant
497 2941 544 2975 iis
566 2940 630 2987 qui
651 2938 786 2975 divitiis
809 2939 909 2975 abuti
932 2939 982 2974 ad
1002 2939 1173 2974 iniuriam
1198 2949 1241 2974 vo
1257 2944 1331 2974 unt.

311 3104 325 3136 1
351 3097 482 3135 στάσιν
494 3100 540 3134 M
540 3100 591 3140 ί’ς·]
609 3097 738 3133 στάσιν
751 3111 792 3133 τε
806 3097 933 3132 wLB
948 3100 1022 3138 (καὶ
1034 3094 1178 3132 ἀδικίαν
1214 3104 1263 3131 ost
1278 3092 1338 3129 αὗ·
1405 3097 1490 3141 vulq.
1509 3095 1522 3139 11
1539 3098 1558 3130 5
1579 3105 1700 3138 augere
1714 3095 1746 3129 T
1756 3106 1836 3129 aure
1852 3095 1890 3129 V.
1917 3095 1998 3139 Ley.
2009 3094 2148 3137 augeri?
2167 3094 2179 3138 11
2195 3096 2216 3129 6
2234 3104 2296 3138 pro
2307 3095 2381 3137 hae]
2394 3095 2479 3128 hano

262 3147 341 3181 τῶν
356 3147 439 3180 addi
455 3146 523 3179 vult
539 3144 738 3185 Zachariae)
785 3139 1068 3184 ἀπελαύνεσθαι,
1082 3157 1105 3176 s.
1117 3156 1144 3176 v.
1159 3109 1337 3183 eghwe—
1405 3143 1462 3175 vul
1484 3154 1502 3174 ο
1515 3143 1632 3174 rectius
1648 3140 1661 3184 11
1678 3141 1698 3175 8
1712 3140 1824 3174 dicent
1843 3139 1898 3184 Vss
1916 3142 1937 3174 9
1949 3140 2056 3173 hostie
2076 3140 2134 3183 Vll
2153 3141 2189 3174 11
2208 3150 2283 3173 eum
2295 3140 2394 3173 etiam
2403 3138 2478 3172 lites

263 3192 357 3226 σθαι
380 3192 423 3225 Μ
438 3190 451 3233 11
467 3191 488 3225 2
509 3186 564 3223 ἀεὶ
588 3202 646 3223 om.
658 3191 687 3223 L
700 3188 719 3245 11
734 3191 756 3224 4
779 3191 941 3236 κουργίας
957 3189 1006 3223 L·
1022 3191 1153 3230 (πανου
1199 3190 1254 3221 las
1267 3187 1338 3220 Ha·
1411 3186 1454 3228 T]
1480 3187 1541 3219 ites
1553 3186 1653 3219 etiam
1670 3184 1725 3230 Vll
1742 3185 1785 3218 ad
1798 3186 1875 3219 add.
1885 3186 1971 3228 vulq.
1989 3186 2001 3228 11
2022 3186 2062 3219 13
2080 3187 2168 3218 recte
2180 3187 2214 3218 et
2225 3197 2283 3218 om.
2298 3183 2356 3228 V}
2373 3185 2414 3218 u
2425 3183 2475 3222 ut]

265 3237 412 3278 leander)
425 3234 438 3281 11
453 3239 473 3270 5
486 3230 674 3269 ἀποτελεῖν
686 3236 793 3276 ωστε]
808 3237 840 3268 et
851 3234 1008 3278 perficere
1020 3246 1040 3270 ς
1057 3232 1069 3274 11
1086 3236 1106 3267 6
1119 3229 1164 3266 ἄν
1187 3232 1340 3275 ρίανΒ11
1405 3234 1465 3264 aut
1496 3231 1549 3264 V·
1574 3230 1587 3275 11
1618 3230 1795 3272 diffugiens
1829 3230 1902 3272 VT]
1931 3231 2091 3272 effugiens
2114 3230 2276 3281 Neobwq.
2408 3226 2417 3235 ⁸
2449 3270 2455 3277 Ι

265 3284 283 3314 7
309 3281 425 3315 ταῦτα
442 3281 489 3314 B⁶
504 3292 566 3314 sec.
583 3280 780 3324 Homberyk.
799 3280 811 3322 11
828 3282 847 3311 8
871 3280 944 3312 τοῖς
962 3279 1030 3322 μὲν
1046 3275 1223 3323 ὑπηρετου
1289 3286 1340 3310 occ
1406 3277 1492 3320 vuly.
1510 3275 1523 3320 11
1543 3277 1583 3310 16
1602 3274 1739 3308 collatos
1753 3276 1786 3309 T
1796 3274 1809 3320 11
1825 3275 1997 3318 prouintia
2017 3275 2071 3318 Vn
2093 3276 2131 3309 17
2152 3273 2330 3315 iudicibus]
2347 3281 2370 3304 a
2386 3269 2474 3303 iudi-

266 3328 296 3360 L
315 3327 327 3370 11
347 3329 386 3359 10
409 3322 592 3359 πολιτικὰς
617 3325 667 3358 B⁶
689 3324 707 3381 11
730 3326 766 3358 11
794 3321 918 3357 αὐτῶν
941 3324 988 3357 L¹
1012 3323 1024 3368 11
1054 3326 1094 3358 15
1140 3320 1161 3365 ἡ
1180 3331 1280 3356 τινας
1301 3321 1342 3354 Μ
1406 3322 1501 3354 cibus
1522 3320 1575 3365 Vll
1597 3322 1638 3354 19
1655 3321 1861 3363 requiremus
1875 3322 1958 3372 vulp.
1978 3319 2049 3364 1120
2068 3317 2337 3372 denuntiaverint
2351 3313 2476 3392 magn.

266 3374 321 3413 (cs.
331 3373 375 3412 ς)]
388 3367 479 3414 μηδὲ
490 3370 559 3404 BL
573 3368 595 3449 R
610 3371 649 3404 16
668 3381 709 3403 ου
721 3367 828 3415 γὰρΕ
847 3368 860 3412 11
877 3371 917 3403 20
933 3336 1146 3412 πευσόμειᾷδι
1156 3368 1220 3410 Le]
1235 3378 1338 3402 σπου·
1408 3368 1447 3401 21
1475 3376 1542 3399 non
1567 3378 1625 3398 om.
1647 3365 1702 3410 Vn
1728 3367 1772 3400 22
1796 3368 1999 3398 correctione
2022 3365 2068 3406 V]
2093 3365 2297 3407 correptione
2320 3358 2377 3403 T}
2460 3377 2474 3384 ·

266 3413 411 3458 σόμεθα
427 3416 504 3449 ΜΒ
522 3415 534 3459 fl
549 3411 571 3448 ἀ
596 3416 794 3458 ικουμένων
810 3414 898 3454 ΜΒ]
920 3410 1194 3458 ἀφικνουμένων
1206 3413 1259 3449 Le
1281 3413 1339 3454 (qs.
1407 3421 1521 3454 gemus
1542 3411 1630 3455 vulq.
1660 3409 1674 3455 Ι
1705 3412 1747 3445 23
1772 3411 1862 3452 vero]
1894 3421 1962 3443 non
1990 3410 2023 3444 V
2043 3409 2057 3454 Ι
2085 3410 2128 3443 26
2149 3406 2288 3447 omnem]
2313 3414 2373 3438 neo
2401 3402 2435 3437 V
2461 3401 2475 3446 Ι

267 3472 337 3492 nov.
353 3461 479 3501 XXX,
493 3462 510 3493 5
534 3465 550 3498 §
567 3467 592 3499 ι)
613 3460 625 3503 ΙΙ
646 3461 687 3494 27
713 3455 825 3492 αὐτὸν
843 3458 895 3502 L}
927 3460 969 3493 29
991 3455 1115 3492 αὐτῶν
1137 3456 1210 3501 011
1234 3468 1339 3503 πρου-
1407 3458 1639 3489 convertemus
1661 3456 1748 3500 vulq.
1767 3455 1780 3500 fl
1797 3455 1827 3488 ei
1851 3468 1910 3489 om.
1933 3454 1987 3499 Vll
2006 3456 2048 3490 29
2073 3452 2246 3494 indignum
2270 3448 2395 3500 21130·
2408 3451 2473 3480 sta-

267 3501 478 3547 βαλλὸμεθα
504 3504 551 3538 Μ
578 3500 863 3549 προβαλλόμεθα
948 3502 960 3548 11
992 3499 1106 3537 οὕτως
1137 3504 1197 3536 καὶ
1228 3501 1259 3535 εἰ
1291 3502 1341 3536 Be
1409 3505 1539 3534 tuemus
1562 3502 1646 3544 vulq.
1674 3499 1688 3545 Ι
1716 3503 1756 3535 31
1790 3510 1877 3544 pena
1906 3501 1936 3534 V
1961 3499 1975 3545 Ι
2000 3500 2160 3549 quantum
2183 3493 2224 3528 ud
2246 3492 2473 3526 celsitudinem

268 3560 330 3581 rec.
356 3549 550 3592 Hombequ.
580 3551 592 3593 fl
620 3552 662 3584 30
685 3547 858 3594 μάθημεν
880 3548 926 3581 L¹
956 3549 968 3592 11
1000 3549 1043 3582 32
1068 3545 1238 3594 αἱροῦμεν
1261 3546 1297 3580 Β
1330 3544 1343 3592 11
1409 3557 1483 3579 eum
1509 3545 1675 3579 eleuamus
1700 3546 1734 3579 T
1764 3547 1926 3587 quantum
1956 3554 2031 3577 eum
2058 3538 2286 3576 celsitudinem
2309 3536 2475 3570 eleuamus

270 3594 312 3626 35
324 3605 373 3635 ⁸⁹·
399 3594 458 3636 leq.
483 3590 569 3635 μήτ’
596 3591 642 3627 ἂν
662 3614 706 3619 -
724 3589 812 3638 μήτ’
835 3588 907 3627 ἃνῖ
1417 3590 1477 3635 V}
1504 3592 1546 3626 33
1570 3590 1816 3633 increpsuimus
1839 3591 1917 3624 libri
1939 3588 1952 3633 Ι
1975 3597 2055 3621 eum·
2070 3597 2129 3638 op·
2158 3581 2251 3626 VT}
2277 3581 2474 3634 κακῶσαι

1411 3636 1537 3681 Tvulq.
1554 3636 1567 3681 11
1583 3635 1759 3669 sublimius
1782 3635 1816 3669 V
1831 3633 1982 3669 sublimis
1996 3632 2030 3666 T
2072 3630 2141 3663 ant
2160 3627 2254 3669 Vae]
2285 3626 2351 3660 fuit
2373 3627 2406 3661 T
2433 3631 2476 3659 sit

1409 3682 1492 3726 vuly.
1564 3682 1606 3716 35
1630 3679 1783 3723 locuplex
1807 3679 1884 3714 libri
1907 3677 1921 3722 Ι
1950 3677 1993 3711 88
2076 3685 2135 3708 on.
2154 3672 2208 3707 V·

327 3728 346 3761 2
375 3725 412 3759 in
436 3725 575 3768 bellicis]
598 3728 763 3762 inbecillis
787 3730 865 3764 libri
890 3728 904 3774 Ι
931 3731 950 3764 3
981 3739 1148 3771 promotes
1180 3729 1213 3762 V
1234 3726 1249 3773 Ι
1274 3726 1342 3770 legi
1372 3738 1379 3764 1
