2618 4010
263 106 370 150 Nov.
384 93 536 162 'XLIV
568 107 598 146 1.
622 106 646 145 2

261 227 351 251 σεως
382 217 599 262 συμμέτρους
630 211 720 261 αὐτῇ
752 216 812 248 καὶ
843 211 925 248 τοὺς
953 210 1083 258 νόμους
1111 210 1194 248 τοὺς
1215 210 1335 258 ἡμετέ-

262 272 342 306 ρους
364 259 528 304 τίθεμεν.
574 257 634 295 διὰ
652 257 721 306 γὰρ
743 256 805 293 τὰς
824 257 992 294 τοιαύτας
1015 255 1140 292 αὐτῶν
1160 257 1246 292 ἴσως
1269 254 1334 303 ἀμ·

262 304 493 351 φισβητήσεις
522 301 669 349 δίδομεν
700 300 818 338 αὐτοῖς
847 300 974 338 ἄδειαν
1005 300 1144 346 ἑκάστῳ
1177 304 1244 337 ἕνα
1274 305 1336 338 ἐπὶ

262 347 380 393 τούτῳ
412 345 688 395 προβάλλεσθαι
715 350 756 383 έν
783 345 1014 393 ὑπομνήμασι
1042 347 1142 394 παρὰ
1170 348 1226 392 τῷ
1250 346 1336 392 λαμ-

262 393 434 441 προτάτῳ
456 398 645 442 μαγίστρῳ
669 394 747 429 τῶν
770 391 914 437 κήνσων
937 393 998 435 τῆς
1021 389 1230 437 εὐδαίμονος
1251 390 1335 427 ταύ-

261 450 324 481 της
343 436 483 474 πόλεως
501 437 594 475 κατὰ
612 438 655 474 τὸ
671 438 827 482 σύνηθες
846 439 1114 484 πραττομένοις,
1135 440 1195 471 καὶ
1211 435 1337 472 ἄδειαν

262 482 364 526 αὐτῷ
389 481 530 519 διδόναι
549 483 814 520 ἐπιτάττεσθαι
837 481 934 529 παρὰ
954 483 1032 516 τῶν
1052 480 1337 526 συμβαλλόντων

262 530 303 562 ἐν
325 529 371 576 τῇ
401 526 486 564 ιισιτ>
513 525 624 564 abtim
653 532 817 563 στατίονι
847 526 892 561 τὰ
923 525 1126 572 συμβόλαια
1156 529 1216 561 καὶ
1246 523 1336 561 ἀπο-

264 572 447 619 λυομένων
466 570 591 610 αὐτῶν
610 572 899 622 παραγίνεσθαι·
923 574 983 606 καὶ
1002 569 1129 617 μηδενὶ
1150 571 1337 608 παντελῶς

1326 99 1409 148 276

2033 115 2093 146 ΒΕ
2121 100 2471 147 TABELmoN'mus

1404 212 1438 249 ei
1460 212 1566 248 etiam
1588 212 1682 256 leges
1705 215 1846 250 nostras
1868 214 2041 260 ponimus.
2088 213 2240 258 Propter
2264 212 2354 248 tales
2377 212 2469 249 enim

1404 268 1526 294 eorum
1548 257 1642 292 forte
1664 256 1901 296 dubitationes
1924 259 2046 295 damus
2076 259 2128 294 eis
2151 258 2329 294 licentiam
2353 258 2469 302 singu-

1403 303 1447 338 lis
1469 313 1580 338 unum
1603 301 1650 337 ad
1665 301 1734 337 hoc
1754 303 1967 340 constituere
1989 303 2098 350 gestis
2121 303 2218 349 apud
2237 302 2469 338 clarissimum

1403 347 1612 391 magistrum
1648 355 1776 382 census
1807 345 2032 385 felicissimae
2068 348 2220 384 civitatis
2255 347 2471 383 sollemniter

1372 397 1391 428 5
1406 391 1603 435 celebratis,
1635 395 1672 427 et
1693 391 1871 428 licentiam
1901 393 1934 429 ei
1963 393 2048 429 dare
2078 397 2119 429 ut
2141 393 2344 438 delegentur
2367 392 2401 427 ei
2423 392 2469 427 ab

1405 437 1460 472 his
1485 436 1546 482 qui
1567 436 1713 472 veniunt
1734 435 1780 471 ad
1802 435 1879 473 eius
1902 438 2088 474 stationem
2113 438 2175 483 [et]
2200 438 2412 473 documenta
2435 440 2471 472 et

1405 481 1558 517 dimissis
1583 482 1634 517 eis
1657 481 1838 524 interesse,
1869 483 1906 517 et
1927 482 2015 518 nulli
2037 485 2179 519 omnino
2210 483 2312 518 alteri
2337 483 2374 517 in
2397 485 2469 517 sta-

1405 527 1502 562 tione
1531 526 1698 562 existenti
1727 525 1905 561 licentiam
1935 536 2012 563 esse
2041 531 2082 563 ut
2111 531 2174 562 aut
2204 528 2407 572 delegentur
2438 527 2471 562 ei

1405 571 1544 607 initium
1576 573 1639 607 aut
1671 581 1752 606 cum
1774 570 1999 607 dimittuntur
2016 571 2166 615 intersit,
2199 573 2266 608 nisi
2289 572 2471 607 tabellioni

261 619 372 674 ἑτέρας’)
403 619 482 654 τῶν
510 621 570 655 ἐπὶ
589 631 656 672 ιτης
686 622 874 671 στατίοᾈνοε
902 617 1024 652 ὄντων
1049 614 1175 652 ἄδειαν
1198 617 1291 652 εἶναι
1314 613 1391 659 ἢῙΟ
1405 617 1466 661 qui
1489 617 1735 653 auctoritatem
1757 615 1867 651 habet
1897 619 1960 651 aut
1982 616 2042 661 qui
2063 617 2107 652 ab
2131 627 2173 653 eo
2196 617 2242 653 ad
2265 617 2332 652 hoc
2356 619 2469 652 statu-

261 664 526 699 ἐπιταττεσθαι
558 678 625 709 την
657 661 768 710 ἀρχὴν
802 677 823 707 η
858 661 1111 707 ἆπολυομένοιε
1145 666 1335 710 παραγίνε-

260 709 370 750 σθαι,
401 708 496 753 πλὴν
526 706 548 753 ἢ
580 707 689 744 αὐτοῦ
720 710 783 743 τοῦ
809 705 1142 755 συμβολαιογράφου
1173 708 1237 742 τοῦ
1268 706 1336 750 τὴν

261 749 465 789 afflantur
488 755 629 797 ἔχοντος
651 751 674 797 ἢ
696 754 760 788 τοῦ
783 750 875 799 παρ’
899 751 1007 787 αὐτοῦ
1030 755 1090 788 ἐπὶ
1113 751 1231 796 τούτῳ
1250 764 1334 798 προ-

259 796 472 842 βληθέντος.
519 800 551 833 εἰ
574 797 617 834 δέ
635 813 671 834 τι
695 797 794 844 παρὰ
823 798 939 832 ταῦτα
967 800 1108 850 γένοιτο
1138 800 1197 831 καὶ
1217 799 1336 851 ζἕτερος

1404 666 1463 697 tus
1487 665 1551 697 est.
1599 661 1636 697 Si
1656 670 1739 697 vero
1762 663 1906 706 praeter
1927 660 2017 696 haec
2035 660 2098 696 fiat
2117 665 2152 698 et
2170 662 2261 698 alter
2281 663 2469 706 delegetur,

1404 711 1492 743 tunc
1514 706 1699 743 subiaceat
1721 716 1858 751 poenae
1881 705 2025 742 tabellio
2050 706 2109 751 qui
2133 707 2382 743 auctoritatem
2405 707 2469 741 ha-

1404 753 1465 788 bet
1481 762 1504 788 a.
1522 751 1625 788 nobis
1647 751 1780 786 dudum
1798 750 1989 794 definitam,
2008 750 2096 803 ipsis
2116 754 2233 788 tamen
2252 752 2470 789 documentis

1430 801 1551 842 ropter
1588 796 1777 832 utilitatem
1814 796 2098 832 contrahentmm
2134 806 2207 832 non
2238 797 2469 832 infirmandis.

261 844 489 899 ἐπιταχθείη,
513 845 709 899 τηνικαῦτα
731 843 969 878 ὑποπιπτέτω
997 856 1043 890 τῃ
1067 844 1175 890 ποινῇ
1208 856 1227 877 ο
1252 854 1335 887 συμ-
1353 845 1392 877 15
1440 843 1573 878 ovimus
1598 841 1690 877 enim
1714 841 1797 886 quia
1819 845 1916 877 metu
1938 840 2024 886 legis
2048 840 2091 875 de
2114 844 2230 877 cetero
2257 846 2294 877 et
2315 842 2384 887 ipsi
2408 853 2470 876 cu-

259 887 408 935 βολαιογ
431 901 518 935 αφος
549 903 568 923 ο
600 888 667 932 τὴν
698 883 900 922 αὗθέντίαν
923 889 1017 930 ἔχων
1048 889 1093 935 τῇ
1116 885 1205 934 παρ’
1231 885 1336 931 ἡμῶν

259 902 473 980 &paona-geu
507 932 742 981 διωρισμένη,
781 930 904 967 αὐτῶν
937 935 1061 977 μέντοι
1095 933 1173 968 τῶν
1207 936 1336 978 συμβο-

261 977 375 1012 λαίων
406 976 465 1013 διὰ
492 979 535 1014 τὸ
559 979 732 1026 χρήσιμον
761 978 839 1012 τῶν
863 976 1148 1023 συμβαλλόντων
1171 975 1234 1012 οὐκ
1257 975 1337 1012 ἀκυ-

262 1026 458 1070 ρουμένων.
503 1024 608 1080 ἴσμεν
639 1021 696 1065 δέ,
729 1020 777 1057 ὥς
808 1020 878 1057 δέει
907 1024 971 1058 τοῦ
1003 1021 1113 1076 νόμου
1144 1021 1186 1057 τὸ
1210 1022 1338 1058 λοιπὸν

1404 887 1558 924 stodient
1581 897 1682 968 {luae
1711 896 1733 922 a
1763 886 1865 923 nobis
1897 886 2041 922 decreta
2071 889 2165 930 sunt,
2197 889 2234 921 et
2259 887 2471 923 documenta

1404 933 1471 969 sub
1496 935 1580 968 caut
1615 942 1637 968 a
1659 932 1838 969 iacebunt.

260 1065 366 1103 αὐτοί
385 1082 426 1103 τε
449 1067 642 1115 φυλαξουσι
672 1066 718 1103 τὰ
741 1067 830 1114 παρ’
856 1065 969 1114 ἡμῶν,
1002 1082 1047 1102 τα
1075 1066 1274 1114 συμβόλαιά
1298 1081 1338 1102 τε
1351 1071 1394 1104 20

260 1114 300 1147 ἐν
323 1111 478 1160 ἀσφαλεῖ
497 1117 666 1149 κείσεται.

1252 1203 1407 1240 CAPUT
1438 1203 1484 1238 11.

302 1268 435 1307 Ἐὖιεῖνο
454 1275 578 1317 μέντοι
601 1273 655 1316 τῷ
675 1270 830 1318 παρόντι
851 1272 1094 1319 προςτίθεμεν
1112 1269 1224 1316 νόμῳ,
1249 1271 1337 1307 ὦςτε

259 1317 341 1371 τοὺς
364 1315 715 1373 συμβολαιογράφους
742 1316 791 1363 μὴ
822 1318 870 1352 εἰς
903 1319 1029 1373 s'veqovx
1054 1315 1190 1364 χάρτην
1219 1318 1336 1351 καθα-

1450 1270 1544 1307 Illud
1563 1280 1701 1315 quoque
1719 1270 1899 1315 praesenti
1917 1269 2090 1306 adicimus
2106 1270 2184 1315 leffl,
2208 1272 2248 1307 ut
2266 1269 2474 1307 tabelliones

1406 1327 1478 1352 non
1499 1317 1537 1351 in
1561 1316 1632 1351 alia
1657 1315 1781 1351 charta
1809 1325 1902 1361 pura
1924 1316 2084 1351 scribant
2113 1316 2326 1352 documenta
2347 1315 2415 1351 nisi
2438 1316 2475 1351 in

261 1376 326 1409 ρον
353 1375 505 1411 γραφειν
535 1361 766 1419 συμβόλαιον,
798 1361 894 1406 πλὴν
923 1375 954 1396 ει
985 1376 1034 1407 μη
1064 1363 1110 1396 εἰς
1141 1365 1276 1397 ἐκεῖνον
1299 1359 1336 1397 ὃς
1404 1361 1468 1396 illa
1491 1371 1582 1405 quae
1604 1360 1704 1396 initio
1729 1361 1838 1414 (quod
1860 1364 2009 1396 vocatur
2026 1361 2274 1405 protocollum)
2297 1371 2362 1406 per
2385 1364 2474 1395 tem-

261 1412 495 1455 προκείμενον
517 1421 560 1443 το
583 1406 803 1452 καλούμενον
831 1406 1084 1454 πρωτόκολλον
1108 1410 1193 1450 ἔχοι,

259 1452 328 1496 τὴν
342 1454 406 1488 τοῦ
424 1452 516 1487 κατὰ
535 1452 663 1500 καιρὸν
685 1451 920 1494 ἐνδοξοτάτου
945 1451 1095 1498 κόμητοε
1117 1454 1196 1487 τῶν
1248 1456 1336 1487 scam

261 1496 366 1554 ᾒμῶν
389 1495 629 1546 λαργιτιόνων
652 1501 888 1546 προςηγορίαν
912 1502 973 1532 καὶ
995 1497 1061 1532 τὸν
1084 1496 1215 1543 χρόνον
1237 1495 1332 1532 καθ’

260 1556 304 1578 ον
327 1540 347 1578 ὃ
366 1542 495 1590 χάρτης
511 1546 635 1591 γέγονε
654 1547 714 1577 καὶ
731 1542 850 1579 ὁπόσα
873 1544 933 1578 ἐπὶ
955 1544 1033 1578 τῶν
1049 1542 1227 1577 τοιούτων
1250 1556 1335 1591 προ-

259 1587 446 1668 χῖἑῗιεται,
477 1592 538 1622 καὶ
560 1590 667 1623 τοῦτο
689 1588 732 1624 τὸ
757 1586 1011 1636 πρωτόκολλον
1034 1589 1084 1633 μὴ
1108 1585 1337 1633 ἀποτέμνειν,

261 1648 284 1667 α

1255 1410 1336 1454 ἐρον
1350 1410 1390 1442 25
1404 1416 1495 1451 pora
1517 1405 1761 1450 gloriosissimi
1785 1405 1921 1441 comitis
1946 1415 2127 1441 sacrarum
2147 1410 2349 1442 nostrarum
2368 1405 2474 1450 largi-

1405 1451 1541 1487 tionum
1570 1450 1679 1486 habet
1706 1451 1979 1496 appellationem
2015 1454 2052 1485 et
2081 1455 2220 1496 tempus
2250 1462 2320 1496 quo
2351 1451 2476 1486 charta

1403 1496 1503 1532 facta
1521 1499 1575 1532 est
1598 1499 1634 1531 et
1657 1506 1900 1542 quaecumque
1922 1495 1960 1531 in
1978 1496 2111 1531 talibus
2131 1496 2344 1538 scribuntur,
2375 1499 2411 1531 et
2434 1499 2476 1531 ut

1429 1541 1641 1578 rotocollum
1671 1551 1743 1576 non
1772 1541 1942 1583 incidant,
1975 1540 2038 1576 sed
2062 1541 2232 1577 insertum
2262 1540 2474 1585 relinquant.

1440 1588 1574 1623 ovimus
1609 1586 1701 1621 enim
1731 1586 1863 1622 multas
1893 1585 2066 1621 falsitates
2101 1596 2146 1621 ex
2180 1586 2311 1623 talibus
2342 1586 2475 1623 chartis

370 1635 574 1690 ἐγκείμενον
597 1635 669 1668 ἐᾶν.
706 1634 813 1679 ἴσμεν
834 1632 902 1681 γὰρ
923 1632 1057 1668 πολλὰς
1079 1633 1338 1677 παραποιήσειε
1350 1635 1393 1669 30
1405 1635 1568 1668 ostensas
1599 1634 1637 1667 et
1658 1631 1759 1677 prius
1790 1633 1827 1667 et
1848 1641 1963 1666 nunc:
2000 1631 2150 1676 ideoque
2179 1631 2264 1667 licet
2286 1630 2406 1676 aliqua
2429 1631 2476 1666 sit

262 1681 300 1713 ἐκ
333 1680 412 1714 τῶν
442 1691 620 1714 τοιουτων
653 1681 799 1726 χαρτῶν
832 1677 1060 1726 ἐλεγχθείσας
1090 1676 1268 1726 πρότερόν
1298 1692 1338 1713 τε

260 1726 321 1758 καὶ
344 1725 422 1759 νῦν.
464 1721 552 1758 ὥετε
575 1720 643 1758 κᾶν
665 1724 701 1758 εἴ
720 1735 773 1759 τις
795 1724 848 1768 εἴη
872 1724 918 1767 χά
941 1735 1002 1768 της
1025 1727 1098 1767 (καὶ
1117 1722 1186 1771 γὰρ
1211 1722 1255 1767 δὴ
1277 1727 1338 1758 καὶ

260 1769 367 1804 τοῦτο
390 1767 543 1813 εἴδομεν)
567 1772 662 1812 ἔχων
683 1769 726 1804 τὸ
747 1768 915 1817 πρωτόκο
937 1768 1001 1804 λον
1022 1766 1086 1812 οὐχ
1109 1765 1206 1803 οὕτω
1230 1782 1336 1804 κατα-

260 1818 517 1863 γεγραμμένον,
552 1811 634 1848 ἆλλ’
673 1813 784 1858 ἄλλην
818 1814 901 1849 τινὰ
958 1813 1077 1861 ραφὴν
1112 1815 1211 1857 ἕχον,
1247 1813 1338 1859 μηδὲ

261 1862 397 1894 ἐκεῖνον
425 1860 703 1904 προςιέσθωσαν
735 1857 782 1894 ὠς
814 1857 918 1904 κίβδη
942 1857 985 1894 όν
1013 1872 1053 1894 τε
1083 1862 1143 1893 καὶ
1168 1858 1262 1913 ’πρὸς
1290 1859 1336 1893 τὰ
1349 1861 1390 1894 35
1405 1858 1544 1903 qualem
1574 1858 1707 1894 dudum

260 1905 412 1940 τοιαῦτα
442 1903 506 1939 οὐκ
529 1902 742 1948 ἐπιτήδειον,
770 1902 860 1939 ἀλλὰ
881 1902 983 1949 μόνῳ
1007 1905 1061 1948 τῷ
1080 1917 1233 1948 τοιουτῳ
1253 1902 1334 1951 χάρ-

261 1963 306 1997 τῃ
330 1949 456 1985 ὁποῖον
478 1949 690 1995 ἑμπροσθεν
713 1949 902 1995 εἰρήκαμεν
923 1948 970 1984 τὰ
988 1946 1189 1994 συμβόλαια
1212 1951 1334 1997 ἐγγρα-

262 1997 442 2040 φέταισαν.
484 1996 603 2030 Ταῦτα
627 1992 667 2029 δὲ
689 1993 734 2030 τὰ
757 1998 839 2043 περὶ
861 1996 923 2039 τῆς
945 1992 1134 2038 ποιότητος
1153 1995 1231 2029 τῶν
1252 2007 1336 2041 χαρ-

306 2076 378 2108 cap.
394 2064 439 2097 ΙΙ
459 2065 502 2098 in.
527 2065 607 2098 citat
629 2064 679 2097 Β*
698 2077 733 2108 p.
747 2065 812 2098 603
824 2064 926 2098 Zach.

262 2142 370 2178 etiam
390 2141 496 2193 ‘leqes
522 2145 670 2192 nostras
697 2141 861 2187 ferimus.

261 2186 416 2267 33⁰ng
444 2197 555 2222 unum
586 2185 742 2231 aliquem
773 2185 823 2221 ad
852 2184 920 2221 hoc

1406 1678 1532 1713 charta
1555 1680 1651 1719 (nam
1671 1679 1707 1713 et
1730 1677 1799 1712 hoc
1819 1677 1962 1718 scimus)
1986 1675 2122 1712 habens
2146 1676 2381 1721 protocollum
2403 1686 2476 1712 non

1405 1724 1458 1759 ita
1481 1723 1733 1776 conscriptum,
1767 1721 1829 1758 sed
1853 1721 1957 1775 aliam
1981 1721 2157 1765 quandam
2179 1721 2394 1802 scripturam
2415 1731 2475 1765 ge-

1406 1779 1500 1812 rens,
1533 1777 1647 1822 neque
1669 1767 1767 1802 illam
1790 1769 1990 1812 susclpiant
2019 1768 2198 1820 tamquam
2222 1776 2243 1802 a
2270 1767 2477 1847 ulterassneg

1404 1813 1451 1849 ad
1479 1813 1567 1849 taha
1594 1823 1668 1849 non
1697 1823 1743 1857 op
1764 1812 2134 1909 'oitmltlilgndocffieffa
2151 1812 2331 1892 eggaibgailz.
2351 1822 2476 1909 cHaec

1403 1904 1523 1949 itaque
1547 1913 1641 1950 quae
1671 1903 1716 1939 de
1746 1903 1915 1948 qualitate
1943 1902 2067 1939 talium
2099 1902 2302 1938 chartarum
2329 1911 2352 1937 a
2374 1901 2476 1938 nobis

915 2141 1010 2176 Nam
1031 2144 1191 2187 propter
1222 2139 1312 2176 tales
1342 2150 1468 2175 eorum
1498 2138 1530 2173 si
1557 2149 1653 2184 quae
1682 2142 1768 2174 sunt
1797 2138 2052 2175 excusationes
2074 2139 2202 2174 damus
2231 2139 2277 2174 iis
2297 2138 2476 2175 licentiam

977 2185 1181 2232 roponendi
1205 2196 1278 2231 per
1310 2189 1394 2220 acta
1425 2183 1526 2230 apud
1554 2183 1792 2220 clarissimum
1821 2184 2033 2230 maqistrum
2063 2194 2191 2219 census
2218 2183 2340 2229 felicis
2369 2182 2476 2220 huius

339 2233 347 2240 '
385 2242 486 2268 more
506 2230 614 2266 solito
637 2231 818 2276 confecta,
848 2230 919 2266 dan
946 2242 1029 2276 ique
1057 2234 1272 2277 potestatem
1299 2230 1350 2272 ei,
1381 2233 1423 2265 ut
1451 2240 1474 2264 a
1504 2227 1798 2264 contrahentibus
1827 2229 1865 2263 in
1893 2239 1961 2264 sua
1983 2228 2139 2264 statione
2160 2229 2397 2264 instrumenta
2414 2229 2475 2275 fa-

262 2276 391 2312 cienda
412 2276 568 2328 recipiat
588 2279 625 2311 et
647 2285 728 2311 cum
751 2275 983 2327 absolvuntur
1005 2286 1048 2311 ea
1072 2276 1231 2311 intersit:
1262 2285 1347 2311 neve
1370 2274 1435 2310 ulli
1459 2274 1604 2325 omnino
1629 2273 1736 2309 alteri
1757 2284 1882 2325 eorum
1907 2273 1970 2319 qui
1992 2273 2031 2308 in
2053 2272 2209 2325 statione
2227 2277 2311 2325 sunt
2333 2273 2478 2325 licentia

261 2322 311 2358 sit
331 2322 388 2358 vel
408 2321 454 2358 ab
476 2321 580 2356 mitio
604 2320 815 2357 mandatum
838 2320 1040 2367 recipiendi
1068 2320 1124 2357 vel
1146 2331 1225 2356 cum
1249 2319 1482 2360 absolvuntur
1511 2317 1769 2356 interveniendi
1800 2329 1890 2355 exce
1917 2323 1953 2354 to
1985 2322 2050 2354 aut
2077 2329 2158 2365 ipso
2192 2317 2380 2355 tabellione
2414 2329 2476 2365 qui

262 2367 514 2403 auctoritatem
537 2365 644 2403 habet
663 2370 729 2402 aut
750 2377 792 2402 eo

841 2366 878 2401 ui
904 2366 949 2403 ab
972 2366 1053 2413 ipso
1078 2365 1128 2401 ad
1149 2365 1219 2401 hoc
1236 2364 1455 2412 propositus
1476 2365 1533 2400 sit.

1579 2362 1717 2407 Quodsi
1739 2364 1829 2409 quid
1849 2374 1872 2399 a
1899 2374 2023 2400 versus
2045 2363 2134 2400 haec
2153 2363 2223 2409 fiat
2245 2366 2353 2410 atque
2371 2363 2479 2415 alteri

261 2411 471 2448 mandatum
503 2411 570 2454 sit,
612 2415 686 2447 tum
721 2376 863 2447 tabellio
899 2410 963 2463 qui
997 2410 1248 2447 auctoritatem
1283 2409 1402 2462 habet·
1421 2409 1566 2462 poenae
1600 2421 1624 2445 a
1659 2409 1763 2446 nobis
1795 2420 1910 2461 supra
1944 2408 2113 2454 definitae
2143 2407 2370 2451 subiciatur‚.
2394 2419 2477 2461 ipsa

263 2462 381 2494 tamen
404 2458 642 2493 instrumenta
668 2459 824 2503 propter
854 2457 1046 2492 utilitatem
1069 2455 1358 2493 contrahentium
1389 2459 1497 2491 irrita
1527 2466 1573 2490 ne
1592 2455 1696 2500 fiant.
1754 2453 1897 2491 Scimus
1919 2458 2037 2490 autem
2057 2456 2211 2501 propter
2233 2457 2364 2490 metum
2387 2453 2477 2501 laqus

262 2503 301 2538 in
317 2506 508 2549 posterum
530 2505 567 2538 et
572 2502 690 2582 ἄφευε
713 2512 808 2548 quae
831 2512 854 2536 a
877 2500 982 2538 nobis
1000 2505 1200 2553 praecepta
1222 2504 1308 2536 sunt
1331 2500 1585 2537 observaturos
1607 2510 1683 2536 esse
1706 2503 1743 2536 et
1764 2499 2002 2535 instrumenta
2023 2499 2062 2534 in
2085 2503 2161 2535 tuto
2179 2498 2342 2550 positum
2363 2498 2421 2535 iri.

402 2547 449 2582 11.
497 2545 570 2582 Illu

619 2550 737 2582 tamen
753 2547 943 2593 praesenti
966 2546 999 2582 le
1025 2557 1036 2581 z
1061 2546 1247 2589 adicimus,
1278 2557 1324 2582 ne
1349 2545 1559 2582 tabelliones
1581 2545 1620 2580 in
1643 2545 1719 2580 alia
1741 2543 1871 2581 charta
1886 2555 1989 2597 pura
2018 2544 2179 2580 scribant
2206 2547 2477 2580 instrumentum

263 2593 335 2629 nisi
356 2593 396 2628 in
419 2592 486 2628 illa
509 2603 604 2638 quae
625 2593 664 2627 in
685 2592 814 2638 fronte
831 2596 990 2638 protoco
1006 2592 1078 2627 lum
1101 2591 1200 2637 quod
1221 2595 1373 2627 vocatur
1392 2590 1533 2633 habeat,
1557 2590 1658 2637 quod
1676 2590 1779 2636 ferat
1795 2589 2047 2637 gloriosissimi
2062 2599 2137 2636 pro
2162 2592 2321 2635 tempore
2335 2589 2477 2625 comitis

261 2648 451 2674 sacrarum
473 2642 679 2673 nostrarum
704 2637 938 2684 larqitionum
968 2647 1098 2672 nomen
1129 2640 1164 2673 et
1188 2640 1327 2683 tempus
1356 2647 1428 2682 quo
1453 2635 1581 2672 charta
1601 2635 1710 2681 facta
1740 2639 1795 2671 est
1821 2638 1858 2670 et
1879 2644 2123 2681 quaecumque
2154 2633 2193 2669 in
2218 2633 2349 2670 talibus
2395 2645 2475 2670 rae-

262 2683 491 2726 scribuntum
512 2693 599 2719 neve
622 2682 691 2718 hoc
711 2682 956 2729 protocollum
980 2681 1205 2724 abscindant,
1228 2681 1293 2718 sed
1314 2681 1487 2718 insertum
1509 2680 1726 2726 relinquant.
1774 2678 1915 2715 Scimus
1932 2679 2024 2716 enim
2043 2678 2175 2714 multas
2198 2677 2336 2715 litteras
2378 2678 2477 2715 alsas

262 2740 312 2765 ex
334 2727 510 2764 eiusmodi
531 2726 668 2764 chartis
691 2732 726 2763 et
748 2731 856 2763 antea
879 2731 915 2764 et
937 2738 1032 2763 nunc
1054 2737 1131 2764 esse
1150 2727 1340 2763 convictas.
1395 2725 1492 2763 Unde
1509 2725 1543 2761 si
1561 2736 1634 2771 qua
1662 2724 1790 2761 charta
1812 2725 1862 2761 sit
1885 2725 2024 2768 (etenim
2050 2724 2118 2760 hoc
2146 2734 2289 2770 quoque
2312 2724 2475 2767 vidimus)

263 2785 357 2821 quae
377 2773 624 2820 protocollum
646 2783 720 2809 non
743 2773 796 2808 ita
819 2773 1064 2825 conscriptum
1087 2772 1228 2815 habeat,
1251 2771 1316 2808 sed
1339 2771 1449 2807 aliam
1472 2770 1655 2818 quandam
1677 2770 1910 2816 scripturam,
1933 2780 1978 2806 ne
1999 2769 2099 2805 illam
2123 2768 2264 2822 quidem
2287 2767 2477 2806 admittant

264 2825 447 2865 tamquam
470 2817 672 2854 adulteram
694 2829 809 2864 neque
832 2818 882 2853 ad
905 2818 995 2854 talia
1018 2817 1202 2861 idoneam,
1230 2816 1296 2853 sed
1317 2817 1356 2852 in
1377 2816 1459 2852 sola
1490 2815 1618 2851 charta
1650 2815 1715 2851 tali
1749 2815 1890 2861 qualem
1920 2825 2034 2862 supra
2058 2814 2219 2851 diximus
2240 2815 2476 2853 instrumenta

263 2863 471 2900 inscribant.
532 2862 633 2899 Haec
664 2874 748 2899 vero
779 2874 874 2909 quae
903 2863 947 2899 de
975 2862 1182 2899 chartarum
1212 2861 1387 2908 qualitate
1415 2861 1531 2907 deque
1563 2860 1783 2897 abscissione
1806 2860 2098 2907 protocollorum
2131 2870 2225 2906 quae
2254 2865 2430 2899 vocantur
2452 2871 2476 2895 a

312 2959 327 2991 1
353 2952 471 2990 abfore
483 2956 519 2990 Β
536 2955 549 2999 ΙΙ
575 2958 594 2989 5
606 2951 736 2996 ταύτης
748 2968 806 2989 om.
821 2966 841 2991 ς
858 2953 871 2999 ΙΙ
894 2957 912 2989 7
925 2967 974 2998 sq.
990 2952 1089 2999 παρὰ
1101 2954 1178 2989 τῶν
1191 2973 1231 2978 -—
1247 2965 1334 2987 στα-

264 3001 372 3054 τίονι]
397 3002 438 3035 ab
462 3001 514 3034 his
538 3001 597 3042 qui
620 3000 760 3033 veniunt
783 3000 824 3033 ad
847 3001 917 3033 eius
935 3001 1110 3052 stationem
1133 3012 1151 3036 ς
1169 2999 1181 3043 ΙΙ
1210 3000 1229 3033 8
1249 2995 1333 3054 agar:

265 3043 388 3083 αὐτων
412 3047 448 3081 Β
473 3046 487 3090 u
514 3048 552 3080 11
577 3043 819 3100 ἇπολυομένηξ
842 3046 878 3079 Β
901 3044 913 3090 ΙΙ
947 3046 986 3079 12
1010 3044 1045 3089 η]
1070 3044 1101 3078 εἰ
1124 3045 1161 3078 Β
1185 3043 1197 3089 ΙΙ
1226 3055 1335 3097 etv-‘rou

263 3092 489 3147 ’,σήν-(Ψ
502 3089 1337 3176 ²²⁹‘”⁰‘“'”1“}¹-5,2⁷‘5‘fassrzizzffrsffffzfflefl

265 3138 792 3225 azoellli‘gutibtrsmpiogffiitgslsit)
819 3179 832 3226 fl
865 3161 912 3215 13⁹
931 3149 1140 3222 αὗτοῦἵποῦ
1166 3180 1242 3214 add.
1267 3179 1303 3212 B
1325 3177 1338 3223 ΙΙ

265 3229 326 3263 ἐπὶ
344 3226 463 3271 τούτῳ
477 3227 561 3268 ML]
587 3227 647 3260 ἐπὶ
660 3226 766 3261 τοῦτο
779 3226 816 3260 Β
830 3226 1025 3260 Haloander
1047 3226 1088 3259 ad
1101 3227 1163 3258 hoc
1180 3236 1200 3262 ς
1216 3224 1230 3269 ΙΙ
1249 3225 1287 3258 14
1301 3235 1337 3276 τι

266 3286 324 3307 om.
335 3285 355 3309 ς
370 3273 500 3325 ss‘lfisq.
513 3272 682 3305 definitam
695 3273 731 3314 (i.
742 3285 767 3306 e.
780 3267 975 3314 τὴν-δια)
999 3272 1162 3315 ισμένην)
1176 3282 1194 3307 ς
1214 3268 1219 3314 Ι
1236 3270 1279 3304 20
1292 3280 1338 3302 τα

267 3315 358 3365 παρ’
378 3317 483 3370 ημῶν
496 3317 581 3359 ML]
594 3315 852 3351 θεσπισθέντα
868 3317 945 3370 add.
998 3317 1179 3358 aloander(
1219 3316 1230 3355 )
1254 3324 1337 3356 quae

267 3374 287 3396 a
308 3363 405 3397 nobis
427 3363 558 3396 decreta
580 3364 658 3395 sunt
678 3373 697 3398 ς
715 3361 728 3406 ΙΙ
752 3362 795 3396 22
819 3362 937 3394 &newa
960 3360 1021 3406 Lu
1051 3362 1094 3395 24
1117 3356 1338 3405 συμβόλαιον

269 3405 421 3462 (συμβόλ
435 3419 480 3461 L)
501 3419 594 3460 libri]
618 3414 819 3462 συμβόλαια
839 3417 1033 3451 Haloander
1051 3429 1090 3450 ex
1110 3428 1129 3452 ς
1150 3416 1163 3460 ΙΙ
1192 3417 1234 3450 25
1255 3426 1338 3461 προ·

270 3465 441 3505 κείμενον]
465 3463 565 3497 initio
589 3475 608 3501 ς
630 3462 643 3509 ΙΙ
667 3464 741 3505 ε’χοι
758 3462 816 3503 Μ]
839 3461 910 3503 ἔχει
935 3463 982 3503 Β,
996 3474 1054 3495 om.
1068 3461 1100 3495 L
1124 3463 1181 3504 (cs.
1196 3461 1282 3494 adv.
1296 3461 1337 3493 27

272 3515 301 3540 el
313 3509 372 3550 ε’)ΙΙ
397 3511 438 3542 27
460 3504 563 3553 ἡμῶν
579 3506 622 3542 λα
668 3503 817 3542 ιτιόνων
833 3507 918 3548 ML]
939 3504 1121 3552 ἡμετέρων
1139 3504 1339 3550 θησαυρῶν

274 3550 308 3583 Β
332 3553 387 3591 (cs.
411 3554 486 3587 Ath-
510 3561 539 3589 et
561 3555 636 3587 ucho
652 3578 659 3586 .
686 3547 942 3587 ‘’Astwwtov'
962 3565 998 3596 p.
1019 3553 1082 3586 513
1104 3551 1293 3592 Heimoach)
1328 3547 1342 3593 ΙΙ

273 3593 364 3627 καθ’
379 3591 421 3629 ὃν
435 3598 523 3638 ΜΒ]
536 3594 626 3633 καθ’
643 3595 687 3633 ὃν
699 3599 770 3640 ἔχει
782 3597 814 3631 L
830 3596 843 3641 ΙΙ
860 3599 903 3632 28
917 3595 1173 3643 προγράφεται]
1188 3592 1338 3641 προγρά-

274 3650 380 3717 ςεται
400 3637 536 3682 δέχεται
550 3644 580 3676 L
595 3643 610 3686 Ι
635 3645 677 3678 29
689 3643 795 3677 τοῦτο
814 3655 872 3678 om.
886 3653 906 3678 ς
963 3643 1004 3676 31
1018 3653 1059 3675 τε
1077 3654 1134 3676 om.
1148 3641 1185 3675 B
1199 3639 1212 3684 ΙΙ
1238 3641 1281 3674 33
1295 3638 1339 3672 εἴ·

297 3696 384 3727 ομεν
407 3685 490 3725 ML]
516 3683 662 3729 οἴδαμεν
683 3688 719 3721 Β
742 3687 861 3721 ιοίωἱιε
885 3698 904 3723 ς
961 3688 1003 3722 34
1026 3683 1167 3733 γραφὴν
1186 3685 1280 3726 ἔχων
1306 3683 1339 3717 Β

1402 2954 1484 2994 ἔχον
1506 2950 1648 2998 γραφὴν
1672 2953 1703 2986 L
1733 2951 1746 2997 ΙΙ
1782 2954 1824 2987 35
1850 2952 1985 2986 ἐκεῖνον
2009 2953 2134 2993 (ἐκεῖνο
2154 2952 2219 2994 La)
2250 2953 2366 2985 ποιεῖν
2387 2963 2475 2996 προ·

1404 2997 1591 3079 ἷὲἶὲηιρσςαν
1607 2999 1639 3031 L
1658 2997 1671 3042 [Ι
1687 2999 1729 3033 38
1749 2995 1794 3031 τὰ
1811 3011 1868 3032 om.
1884 2998 1916 3031 L
1940 2998 1953 3042 [Ι
1973 2998 2051 3031 τῶν
2066 2996 2223 3043 χαρτῶν]
2247 2996 2364 3029 talium
2379 2997 2474 3029 obar-

1450 3190 1469 3223 2
1495 3188 1525 3222 ei
1550 3189 1582 3222 Β
1603 3188 1616 3233 Β
1645 3191 1664 3224 3
1689 3199 1790 3223 unam
1815 3189 1892 3223 libri
1916 3188 1922 3232 Ι
1957 3190 1979 3222 4
2002 3188 2158 3230 civitatis]
2181 3185 2329 3231 ‘quidam
2350 3185 2472 3220 habent

1405 3234 1441 3266 in
1456 3236 1550 3268 textu
1566 3231 1703 3267 huius'
1718 3235 1763 3279 91.
1777 3235 1908 3268 Accurs.
1965 3236 1984 3279 5
2009 3232 2214 3267 celebrabitis
2236 3233 2270 3267 R
2332 3232 2381 3268 eil.
2393 3230 2471 3263 dare

1413 3279 1476 3312 VT
1494 3278 1507 3323 ΙΙ
1536 3278 1583 3313 eis
1599 3278 1640 3312 ab
1662 3280 1714 3313 V⁰
1737 3278 1751 3323 u
1774 3281 1795 3313 6
1813 3279 1846 3312 et
1866 3279 1927 3312 del.
1941 3277 2036 3312 Beck
2059 3277 2072 3322 fl
2095 3282 2113 3312 7
2131 3278 2275 3321 demissis
2336 3275 2350 3319 Ι
2372 3277 2405 3308 et
2418 3275 2468 3315 V]

1405 3325 1444 3356 ut
1459 3323 1528 3357 ΒΤ
1548 3324 1561 3368 ΙΙ
1587 3324 1761 3358 stationem
1781 3323 1814 3356 Β
1838 3323 1844 3364 Ι
1874 3324 1894 3358 8
1913 3334 1979 3356 esse
2003 3335 2060 3357 om.
2082 3322 2140 3368 Vll
2163 3322 2288 3364 10,qui]
2312 3319 2436 3362 quiaR
2459 3319 2472 3362 ΙΙ

1406 3368 1529 3402 habent
1550 3370 1581 3402 V
1601 3368 1614 3411 ΙΙ
1640 3371 1744 3402 status
1763 3369 1814 3402 V¹
1834 3367 1840 3412 Ι
1879 3370 1919 3402 12
1939 3368 2119 3403 subin-n·
2149 3367 2198 3401 V¹
2219 3363 2402 3400 subiacebit
2420 3364 2471 3397 17³

1407 3413 1554 3447 subiacet
1579 3414 1612 3448 T
1633 3414 1645 3459 ΙΙ
1678 3415 1718 3448 13
1742 3413 1895 3447 definitae
1918 3415 2003 3458 vuly.
2033 3413 2046 3457 ΙΙ
2077 3415 2116 3447 15
2140 3411 2226 3446 enim
2244 3422 2302 3444 om.
2318 3407 2364 3441 Β*
2388 3407 2401 3452 ΙΙ
2430 3410 2470 3442 de

1407 3458 1527 3503 cetero]
1543 3459 1674 3492 decreto
1695 3457 1750 3503 VR
1779 3459 1816 3493 17
1831 3457 2024 3499 *iacebunt1
2041 3457 2167 3491 faciunt
2182 3455 2259 3490 libri
2271 3453 2284 3497 ΙΙ
2312 3453 2354 3487 22
2367 3453 2469 3486 adici-

1406 3514 1479 3536 mus
1497 3504 1542 3545 V]
1556 3503 1739 3537 addicimus
1755 3503 1787 3537 T
1798 3503 1948 3536 addimus
1959 3502 2020 3546 Rss
2044 3502 2141 3545 232q.
2154 3500 2190 3533 in
2203 3498 2274 3539 illa]
2291 3498 2328 3531 in
2345 3511 2402 3532 om.
2420 3498 2471 3543 Vfl

1408 3550 1450 3582 24
1467 3549 1565 3582 initio
1579 3549 1667 3590 RV]
1691 3547 1732 3581 ab
1748 3548 1846 3581 initio
1866 3547 1924 3591 Tss
1951 3546 2049 3588 quod]
2073 3555 2136 3587 que
2156 3543 2206 3578 V⁶
2221 3542 2234 3587 fl
2258 3545 2299 3577 27
2313 3553 2469 3584 quocum-

1408 3603 1471 3635 que
1494 3594 1556 3636 Vu
1579 3595 1620 3628 29
1634 3592 1757 3626 chartis
1780 3593 1898 3626 onaR'
1923 3591 1936 3635 Ι1
1961 3591 2002 3626 32
2016 3589 2174 3632 scriptum
2189 3587 2239 3621 R¹
2259 3588 2271 3631 ΙΙ
2302 3590 2342 3622 33
2367 3589 2469 3622 susci—

1407 3638 1500 3680 pient
1532 3639 1566 3672 V
1589 3639 1603 3682 [Ι
1633 3639 1675 3672 34
1697 3639 1861 3714 oportuna
1888 3636 1936 3669 V·
1960 3635 1974 3679 Ι
2000 3636 2042 3668 35
2065 3633 2184 3667 scribat
2207 3632 2255 3665 R·
2282 3633 2295 3677 ΙΙ
2322 3635 2364 3668 36
2387 3644 2470 3676 quae

1409 3683 1513 3717 om.R
1535 3682 1549 3728 u
1575 3683 1615 3716 de
1639 3692 1723 3724 equa
1737 3682 1817 3714 itate
1841 3678 1942 3714 RVT
