2586 3990
212 127 321 174 Nov.
341 125 521 171 CXXIII
551 126 716 168 17-19
1273 118 1357 169 608

212 240 234 275 1
287 236 374 271 Τοὺς
394 233 435 269 δὲ
457 232 726 280 ἐναπογρᾶφους
749 233 790 269 ὃν
812 234 937 269 αυταῖς
957 229 1087 277 μόναις
1107 233 1187 268 ταῖς
1204 231 1289 276 κτή-
1354 234 1379 270 1
1420 231 1680 278 Adscripticios
1709 234 1830 269 autem
1858 232 1897 270 in
1918 233 2007 280 ipsis
2036 233 2322 281 possessionibus
2345 242 2433 279 qus*-

212 292 324 321 σςσιν,
354 280 394 313 ἐν
417 277 471 313 αἶς
492 279 584 313 εἰσιν
606 276 872 326 έναπόγραφοι,
895 276 1084 322 κληρικοὺσ
1105 279 1167 312 καὶ
1190 275 1290 323 παρὰ
1358 287 1438 314 rum
1460 281 1544 313 sunt
1565 275 1777 330 inscriptiofl
1807 276 1957 316 clericos
1985 282 2023 316 et
2045 282 2188 326 praeter
2216 278 2435 315 voluntatem

210 322 360 372 γνώμην
391 324 468 357 τῶν
490 320 680 358 δεσποτῶν
709 323 882 370 γίνεσθαι
902 322 1166 368 συγχωροῦμεν,
1197 319 1294 357 οὕτω
1363 322 1584 358 dominorum
1615 321 1694 357 fieri
1749 321 1976 367 emittimus,
2009 324 2062 361 its
2086 326 2207 360 tamen
2241 325 2284 359 ut
2314 322 2436 359 clerici

209 371 374 414 μέντοιγε
400 363 490 402 ὥστε
510 365 695 412 κληριιιοὺσ
725 363 856 402 αὐτοὺς
885 369 1092 414 γινομόνονσ
1120 367 1188 412 τὴν
1217 367 1295 402 ἔπι-
1361 366 1452 404 facti
1472 365 1674 412 impositam
1752 365 1765 402 i
1787 366 2039 412 agriculhlmm
2059 368 2287 416 adimpleant.

210 415 376 457 κειμένην
399 408 519 446 αὐτοῖς
541 415 721 459 γεωργίαν
743 410 915 458 πληροῦν.
1327 413 1348 447 5

2046 137 2108 169 DE
2135 130 2436 170 SAuc'rtssnns'

1169 521 1327 560 CAPUT
1346 521 1480 559 XVIII.

278 590 333 625 Εἴ
350 601 404 625 τις
426 586 614 636 ιῦκτῆριον
642 589 742 626 οἷκον
770 587 1055 644 κατασκευάσαι.
1075 591 1137 623 καὶ
1163 587 1290 634 βουλη·
1425 589 1464 626 SI
1487 588 1565 635 quis
1589 588 1784 625 oratoriam
1806 589 1951 626 domum
1975 589 2203 627 fabricaverit
2225 594 2261 628 et
2284 590 2436 628 voluerit

211 636 297 679 θείη
328 636 368 670 ἐν
393 630 495 678 αὐτῷ
525 634 709 684 κληρικοὺς
731 647 761 670 π
803 632 1010 679 βάλλεσθαι
1031 647 1054 678 η
1079 631 1188 669 αὐτὸς
1209 633 1234 678 ἢ
1255 633 1292 669 οἷ
1356 635 1394 671 in
1418 644 1462 671 ea
1486 634 1634 670 clericos
1659 634 1824 670 ordinare
1846 637 1910 670 aut
1931 635 2010 681 ipse
2033 638 2096 672 sut
2122 636 2198 672 eius
2221 636 2379 680 heredes,
2403 637 2436 672 si

210 679 336 715 τούτου
359 678 591 724 κληρονόμοι,
615 681 647 714 εἰ
668 679 733 715 τὰς
781 679 921 715 απάνας
944 675 1050 714 αὐτοὶ
1079 682 1153 713 τοῖς
1175 677 1291 725 κληρι-
1359 689 1536 726 expensas
1566 679 1636 724 ipsi
1668 679 1806 715 clericis
1840 680 2043 716 ministrant
2072 684 2108 716 ct
2130 680 2255 726 dignos
2278 681 2433 718 denomi-

209 727 281 759 κοῖς
310 726 498 771 χορηγοῦσι
533 728 592 759 καὶ
624 722 743 767 ἀξίους
773 724 1013 769 ὄνομάσουσι,
1048 723 1130 758 τοὺς
1159 720 1290 767 ὄνομα·
1361 728 1465 768 nant,
1490 724 1736 761 denominatos
1760 724 1928 760 ordinari.
1976 724 2015 760 Si
2036 734 2120 761 vero
2144 726 2206 769 qui
2228 726 2275 762 ab
2300 727 2349 762 eis
2371 726 2435 761 eli-

209 770 370 804 σθέντας
391 769 690 816 χειροτονεῖσθαι.
737 770 769 804 εἰ
792 767 832 804 δὲ
855 769 936 804 τοὺς
958 765 1050 812 παρ’
1070 765 1191 803 αὐτῶν
1215 770 1290 804 tm-
1308 772 1348 805 10
1360 773 1491 815 guntur
1522 772 1702 814 tamquam
1731 769 1894 814 indignos
1925 769 2117 815 prohibent
2146 779 2271 807 sacrae
2293 771 2437 815 regulae

210 812 376 861 λεγέντας
411 811 460 849 ὠς
494 811 662 855 ἀναξίους
695 813 918 849 κωλύσουσιν
951 813 988 848 οἱ
1015 813 1113 848 θεῖοι
1143 814 1293 849 κανόνες
1361 814 1529 857 ordinari,
1552 814 1696 850 tandem
1717 815 1959 850 sanctissimus
1984 814 2173 860 episcopus
2196 824 2437 861 quoscumque

209 858 528 904 χειροτονηθῆναι,
559 860 758 902 τηνικαῦτα
788 858 807 893 ὁ
833 860 910 893 τῶν
933 858 1063 894 τόπων
1093 856 1293 893 ὁσιώτατος
1360 860 1538 906 putaverit
1559 859 1723 894 meliores
1749 858 1904 895 ordinari
1927 863 2104 904 procuret.

210 906 405 939 ἐπίσκοπος
415 901 476 938 οὓς
489 902 536 938 ἂν
549 906 678 951 νομίσῃ
694 902 881 938 καλλίονας
897 902 1169 948 προβάλλεσθαι
1185 915 1293 950 φρον-
2299 922 2302 924 -

209 951 233 985 1
277 951 418 992 τιζότω.
468 950 694 993 Θεσπίςομεν
712 947 752 982 δὲ
770 949 853 983 τοὺς
875 945 1157 993 εὐλαβεστάτους
1176 947 1292 994 κληρι-
1361 951 1383 985 1
1428 948 1614 984 Ssncimus
1638 950 1757 984 autem
1779 948 2081 984 reverentissimos
2111 948 2258 984 clericos
2282 948 2356 984 suis
2378 957 2437 984 ec-

209 992 292 1028 κοὺς
324 996 403 1028 ταῖς
438 991 545 1029 ἰδίαις
581 993 780 1037 ἐκκλησίαις
814 996 1036 1039 παραμένειν
1073 995 1134 1027 καὶ
1167 994 1293 1027 πᾶσαν
1306 996 1348 1028 15
1362 993 1479 1029 clesiis
1504 994 1694 1028 observare
1725 995 1762 1027 et
1783 1002 1887 1029 omne
1918 994 1968 1029 eis
1993 997 2198 1039 competens
2221 993 2438 1036 ecclesiasti-

212 1035 332 1072 αὐτοῖς
345 1037 577 1083 ἁρμόζουσαν
592 1037 888 1082 ἐκκλησιαστικὴν
908 1035 1106 1083 ὑπηρεσίαν
1120 1036 1292 1082 πληροῦν,
1362 1048 1443 1074 cum
1473 1037 1707 1073 ministerium
1736 1037 1948 1083 adimplere,
1983 1038 2052 1074 hcc
2082 1039 2285 1083 requirente
2315 1039 2438 1074 unius-

209 1084 318 1117 τοῦτο
341 1084 628 1126 καταζητοῦντος
659 1084 722 1118 τοῦ
747 1082 897 1126 ἑκάστης
919 1080 1059 1118 πόλεως
1088 1080 1292 1118 ὁσιωτάτου
1361 1084 1535 1128 cuiusque
1557 1082 1711 1118 civitatis
1742 1083 1966 1119 sanctissimo
1991 1084 2177 1129 episcopo,
2209 1087 2247 1118 et
2269 1082 2437 1119 uniuscu-

211 1125 410 1162 ἐπισκόπου
433 1131 493 1162 καὶ
516 1128 593 1163 τῶν
619 1129 659 1162 ἐν
682 1126 822 1172 ἑκάστῳ
845 1128 986 1173 βαθμῷ
1012 1126 1093 1161 ἑκκλ
1117 1128 1291 1171 σιαστικῷ
1359 1128 1486 1173 iusque
1509 1127 1643 1163 ordinis
1667 1127 1900 1164 ecclesiastici
1930 1129 2141 1174 primatibus
2173 1138 2233 1164 eos
2265 1128 2327 1174 qui
2349 1128 2439 1165 haec

210 1170 490 1218 πρωτευόντων,
522 1177 582 1207 καὶ
613 1173 695 1208 τοὺς
724 1174 841 1207 ταῦτα
869 1172 919 1218 μὴ
943 1141 1293 1219 παραφυλάττοντας
1360 1183 1435 1210 non
1459 1172 1694 1209 custodierint
1718 1172 1874 1217 regulari
1897 1174 2030 1209 multae
2055 1173 2302 1210 subdentibus.

209 1217 389 1261 κανονικῷ
413 1218 587 1263 ἐπιτιμίῳ
611 1214 907 1263 ὑποβαλλόντων.
1305 1220 1348 1254 20

1187 1328 1344 1366 CAPUT
1367 1329 1466 1367 XIX.

284 1397 371 1432 Τοὺς
393 1395 434 1432 δὲ
456 1397 716 1443 πρεσβυτέρως
746 1399 806 1430 καὶ
838 1394 1025 1432 διακόνους
1055 1400 1115 1431 καὶ
1143 1395 1293 1432 ὑποδια-
1430 1395 1664 1442 Presbyteros
1688 1397 1808 1431 autem
1831 1398 1868 1432 et
1891 1395 2059 1433 diaconos
2085 1399 2122 1432 et
2144 1395 2380 1434 subdiaconos
2404 1399 2441 1433 et

210 1442 336 1477 κόνους
356 1445 418 1477 καὶ
441 1439 680 1489 ἀναγνώστας
702 1443 762 1475 καὶ
784 1438 943 1487 ψάλτας,
967 1439 1028 1477 οὓς
1051 1442 1190 1479 πάντας
1212 1441 1294 1486 κλη-
1361 1441 1512 1477 lectores
1533 1444 1569 1476 et
1586 1444 1760 1484 cantores,
1785 1451 1874 1486 quos
1894 1451 2015 1478 omnes
2036 1441 2184 1478 elericos
2208 1443 2438 1487 appellamus,

211 1487 328 1533 ρικοὺο
360 1486 550 1541 καλοῦμεν,
585 1485 633 1521 τὰ
665 1485 862 1533 πράγματα
895 1486 942 1521 τοὶ
979 1483 1048 1533 ἀφ’
1081 1485 1295 1530 οἱουδήποτε
1361 1495 1419 1522 res
1455 1486 1614 1531 quolibet
1648 1486 1753 1522 modo
1794 1486 1839 1522 ad
1874 1495 1995 1523 eorum
2034 1486 2227 1522 dominiUm
2262 1487 2440 1523 venientes

210 1531 349 1577 τρόπον
372 1533 419 1566 εἰς
442 1546 511 1576 την
536 1528 661 1566 αὐτῶν
683 1529 897 1566 δεσποτείαν
930 1531 1177 1578 περιελθόντα
1201 1533 1295 1574 ἔχειν
1361 1531 1494 1567 habere
1527 1531 1596 1566 sub
1627 1541 1692 1567 sua
1723 1534 1901 1576 potestate
1929 1532 2166 1577 praecipimus
2201 1530 2247 1567 ad
2279 1532 2439 1567 similitu·

211 1575 282 1613 ὑπὸ
298 1577 367 1622 τὴν
384 1575 483 1612 ἰδίαν
502 1577 668 1618 ἐξουσίαν
692 1576 961 1622 προς-τάττομεν
981 1574 1073 1612 καθ’
1093 1576 1293 1623 ὁμοιότητα
1307 1578 1349 1612 25
1363 1575 1479 1611 dinem
1504 1576 1738 1612 castrensium
1761 1577 1998 1621 peculiorum,
2031 1581 2067 1612 et
2090 1577 2223 1613 donare
2246 1577 2440 1613 secundnm

211 1623 289 1656 τῶν
309 1622 540 1658 castrensimv
562 1620 749 1667 peculiam,
782 1624 843 1655 καὶ
865 1619 1068 1668 δωρεῖσθαι
1095 1620 1188 1657 κατὰ
1211 1621 1295 1656 τοὺς
1362 1622 1457 1666 leges
1481 1624 1518 1657 et
1539 1621 1577 1656 in
1601 1621 1657 1657 his
1682 1622 1823 1665 testari,
1847 1622 1930 1658 licet
1952 1622 2020 1658 sub
2043 1625 2230 1667 parentum
2252 1622 2324 1659 sint
2341 1625 2441 1668 pote·

211 1666 343 1712 νόμους
372 1670 432 1701 καὶ
462 1663 525 1702 ἐπ’
553 1665 674 1701 αὐτοῖς
696 1664 955 1710 διατίθεσθαι,
986 1668 1018 1701 εἰ
1040 1670 1101 1702 καὶ
1130 1663 1203 1702 ὑπὸ
1227 1666 1295 1710 τὴν

279 1770 307 1792 c.
319 1758 458 1792 XVIII
478 1768 533 1791 om.
549 1757 586 1790 S.
633 1757 714 1790 Post
737 1769 763 1790 c.
777 1757 916 1790 XVIII
934 1756 1005 1790 BL
1029 1758 1174 1791 inserunt
1196 1770 1266 1790 nov.
1288 1757 1340 1790 VI
1359 1769 1386 1790 c.
1400 1758 1420 1791 8
1444 1758 1516 1797 (ubi
1535 1757 1626 1798 υἱώ).

277 1814 305 1836 c.
319 1803 417 1837 XIX
437 1803 532 1836 habet
553 1802 759 1846 Epanayoqe
783 1804 816 1843 9,
833 1809 866 1841 8;
891 1812 930 1835 esc
949 1801 979 1835 S
1000 1803 1116 1845 repetit
1138 1802 1271 1836 Nomoc.
1286 1802 1318 1835 L
1336 1802 1382 1835 tit.
1395 1802 1416 1835 3
1430 1814 1464 1845 p.
1480 1802 1544 1835 607
1567 1801 1679 1843 Voell.‚
1702 1812 1740 1835 ex
1756 1801 1793 1834 B
1809 1801 1987 1836 Nomadu-
2000 1802 2061 1835 XI
2066 1802 2151 1835 Vtit.
2164 1802 2233 1843 1,31
2248 1802 2381 1843 et1o,5.
2395 1818 2441 1826 -

212 1848 375 1882 Summam
394 1854 545 1891 praestat
568 1847 699 1880 Nomoc.
715 1847 778 1880 XI
783 1847 870 1880 Vtir.
887 1848 969 1888 10,⁵
991 1847 1049 1890 (cf.
1077 1849 1107 1889 1,
1127 1848 1183 1888 31),
1207 1847 1285 1880 Ath.
1308 1859 1460 1880 summam
1483 1848 1599 1890 repetit
1622 1846 1753 1880 Nomoc.
1778 1847 1810 1879 L
1836 1849 1882 1880 tit.
1906 1849 1945 1882 10
1966 1859 2001 1890 p.
2027 1848 2094 1881 614
2117 1847 2218 1880 Voell.
2242 1864 2286 1871 —
2308 1847 2438 1880 Initium

213 1893 313 1970 Ξιίίιιο
335 1905 458 1971 υενςᾶιηι
480 1891 706 1970 (ξῖῗῗγῢθῐοε
728 1911 773 1916 -
796 1891 1016 1934 appellamus)
1045 1904 1085 1926 esc
1107 1892 1166 1925 LI
1187 1893 1330 1935 capitulo
1359 1892 1592 1925 constitutionis
1615 1893 1694 1925 citat
1724 1891 1903 1936 Greyorius
1926 1892 2071 1936 Maynus
2094 1892 2128 1926 in
2153 1891 2290 1935 epistula
2315 1893 2354 1925 de
2375 1903 2441 1935 qua

238 1950 351 1971 wtmffl
373 1950 396 1971 α
443 1951 470 1971 C·
581 1964 591 1973 ι

212 2029 234 2063 1
280 2025 543 2072 Adscripticios
565 2029 683 2060 autem
706 2025 744 2060 in
768 2024 858 2070 ipsis
879 2024 996 2060 solum
1014 2024 1319 2075 possessionibus,
1347 2024 1385 2058 in
1408 2023 1537 2069 quibus
1560 2027 1645 2059 sunt
1668 2023 1910 2075 adscripticii,
1941 2024 2049 2060 etiam
2072 2027 2201 2060 eontra
2224 2024 2442 2060 voluntatem

212 2071 437 2107 dominorum
458 2070 609 2106 clericos
628 2069 715 2114 fieri
730 2069 983 2115 permittimus,
1007 2073 1060 2104 ita
1084 2072 1201 2103 tamen
1225 2073 1266 2104 ut
1285 2069 1407 2104 clerici
1428 2068 1526 2114 facti
1547 2069 1750 2115 impositam
1775 2070 1822 2104 tis
1845 2069 2107 2115 aqriculturam
2131 2072 2337 2105 exerceant.

345 2114 478 2151 XVIII.
525 2113 568 2150 Si
590 2115 673 2160 quis
695 2114 896 2149 oratoriam
919 2113 1061 2149 domum
1087 2113 1349 2158 aedificaverit,
1381 2113 1419 2148 in
1443 2124 1558 2159 eoque
1589 2114 1741 2149 clericos
1771 2114 1991 2150 constituere
2023 2114 2177 2150 voluerit
2208 2114 2265 2150 vel
2286 2114 2366 2161 ipse
2387 2114 2444 2151 vel

213 2160 360 2197 heredes
382 2160 471 2202 eius,
502 2159 536 2195 si
557 2170 635 2195 sum
664 2162 721 2195 tus
753 2159 825 2205 ipsi
855 2158 996 2194 clericis
1019 2159 1227 2194 ministrant
1257 2162 1366 2204 atque
1389 2157 1520 2204 diqnos
1551 2159 1833 2200 nominaverint,
1866 2159 1932 2204 qui
1953 2159 2130 2195 nominati
2156 2162 2243 2195 sunt
2264 2163 2440 2195 creentur.

212 2205 255 2242 Si
277 2216 362 2242 vero
387 2205 449 2251 qui
471 2203 517 2240 ab
541 2204 587 2239 iis
609 2215 629 2239 e
644 2203 713 2240 eeti
731 2207 818 2239 sunt
839 2206 1022 2250 tamquam
1044 2202 1215 2250 indiqnos
1237 2204 1336 2238 sacri
1358 2214 1515 2239 canones
1545 2203 1665 2240 creari
1684 2202 1958 2249 prohibuerint,
1991 2209 2076 2240 tunc
2098 2204 2176 2239 eius
2198 2203 2273 2239 loci
2291 2204 2443 2240 sanctis-

213 2254 235 2288 1
280 2251 391 2286 simus
414 2249 607 2296 episcopus
631 2259 722 2295 quos
743 2248 909 2284 meliores
926 2248 1114 2294 putaverit
1135 2248 1406 2284 constituendos
1426 2251 1538 2284 curet.
1616 2247 1807 2284 Sancimus
1826 2251 1956 2292 autem,
1979 2252 2020 2284 ut
2038 2248 2305 2295 reliqiosissimi
2322 2249 2444 2285 clerici

213 2297 250 2331 in
272 2294 430 2332 ecclesiis
459 2294 537 2330 suis
567 2297 738 2330 maneant
766 2298 803 2329 et
833 2304 937 2329 omne
967 2293 1244 2329 ecclesiasticum
1276 2293 1531 2335 ministerium,
1566 2293 1668 2340 quod
1697 2293 1768 2329 sibi
1797 2297 1987 2340 competat,
2019 2293 2210 2340 impleant:
2244 2299 2286 2329 ut
2316 2294 2355 2329 in
2375 2293 2444 2330 Ιιοο

211 2340 459 2376 sanctissimus
481 2339 655 2385 cuiusque
678 2338 834 2374 civitatis
856 2339 1048 2386 episeopus
1071 2342 1105 2373 et
1150 2338 1188 2373 ui
1211 2339 1249 2373 in
1269 2348 1413 2390 quoque
1435 2338 1679 2374 ecclesiastico
1703 2338 1824 2384 qradu
1840 2340 2020 2385 primates
2039 2342 2126 2374 sunt
2143 2338 2342 2384 inquirant,
2365 2349 2443 2375 eos-

213 2397 282 2432 que
305 2385 369 2431 qui
392 2383 482 2420 haec
504 2394 577 2420 non
600 2383 810 2419 custodiant
832 2384 1028 2419 canonicae
1052 2349 1185 2418 muliae
1206 2383 1394 2419 subiciant.

346 2429 444 2466 XIX.
492 2427 731 2475 Ptesbyteros
761 2432 881 2464 autem
911 2432 948 2464 et
978 2428 1154 2464 diaconos
1183 2431 1219 2464 et
1249 2427 1490 2463 subdiaconos
1521 2431 1557 2463 et
1579 2427 1731 2464 lectores
1761 2430 1797 2463 et
1821 2431 2007 2472 cantores,
2035 2438 2127 2474 quos
2150 2438 2273 2464 omnes
2295 2426 2445 2464 clericos

212 2486 393 2516 vocamus,
423 2484 483 2510 res
506 2484 601 2520 quae
623 2484 848 2519 quocumque
871 2472 977 2508 modo
1001 2473 1040 2507 in
1062 2483 1187 2509 eorum
1210 2472 1406 2508 dominium
1427 2474 1658 2520 pervenerint
1688 2473 1727 2508 in
1745 2476 1929 2519 potestate
1959 2484 2027 2509 sua
2051 2472 2183 2509 habere
2206 2472 2366 2508 iubemus
2394 2471 2445 2508 ad

212 2519 479 2555 similitudinem
510 2519 746 2554 castrensium
769 2517 1020 2565 peculiorum,
1050 2522 1087 2554 et
1109 2517 1249 2554 donare
1278 2528 1341 2554 eas
1363 2517 1558 2553 secundum
1589 2518 1687 2564 leqes
1716 2517 1831 2564 deque
1863 2518 1909 2553 iis
1941 2518 2084 2560 testari,
2120 2518 2261 2554 etiamsi
2283 2517 2322 2552 in
2339 2521 2442 2564 pote-

262 2613 277 2644 1
302 2608 396 2651 τοὺς]
420 2609 452 2642 εἰ
475 2610 504 2643 S
518 2609 532 2653 ΙΙ
546 2607 677 2653 μόναις
701 2621 756 2643 om.
771 2608 818 2652 ςΙΙ
836 2606 1003 2651 κτήνεσιν
1015 2608 1163 2642 Νοιηος.α
1179 2608 1191 2653 ΙΙ
1210 2610 1230 2643 2
1254 2609 1294 2642 ἐν

214 2654 279 2696 αἶς]
303 2646 358 2689 ὧν
382 2655 410 2688 S
418 2667 437 2690 ς
451 2654 464 2699 ΙΙ
492 2656 511 2688 3
558 2653 709 2706 εξέσθαι
735 2654 790 2697 811
807 2653 1071 2699 συγχωροῦμὲν]
1096 2649 1138 2687 οὗ
1159 2664 1293 2699 συγχω-

214 2700 346 2745 ροῦμεν
358 2700 515 2734 Nomoc.m
560 2699 893 2741 ουτω8(ι;ίῖς[ιι1.)]
915 2694 975 2743 ἐφ’
999 2699 1028 2741 ῴ
1044 2699 1194 2741 MLBS,
1232 2699 1296 2732 uod

212 2747 245 2778 si
258 2746 353 2778 malis
369 2746 515 2784 retinere,
535 2745 702 2778 delendum
722 2741 817 2777 ὥστε
839 2743 852 2787 ΙΙ
878 2746 900 2778 4
920 2745 1047 2788 μέντοι
1071 2743 1124 2777 ΒΓ
1145 2743 1158 2788 ΙΙ
1186 2712 1294 2785 affare]

213 2786 308 2824 ὥστε
330 2791 391 2823 καὶ
414 2788 590 2823 Nomocfln·
601 2789 666 2823 Iul.
694 2789 707 2832 11
734 2789 943 2834 γενομένους
967 2788 996 2822 S
1011 2801 1104 2832 unus,
1129 2799 1198 2823 cum
1221 2790 1262 2822 H
1282 2809 1295 2815 -

215 2836 352 2869 loanclro
370 2835 456 2879 ναῖς.
475 2834 489 2878 Ι]
512 2836 532 2868 5
557 2831 760 2879 ἱερουργίαν
783 2832 943 2879 πληροῦν
964 2834 1121 2868 Nomoc.m
1138 2834 1151 2878 ΙΙ
1168 2835 1294 2868 clausu-

215 2880 279 2914 lam
303 2881 408 2913 nescio
433 2892 528 2922 quam
552 2880 592 2912 de
609 2880 804 2922 capitatione
825 2882 858 2912 in
882 2886 1027 2913 contextu
1050 2880 1196 2913 novellae
1221 2880 1294 2912 olim

216 2926 363 2959 additam
388 2926 422 2958 in
445 2924 599 2958 Basilica
624 2937 686 2958 non
711 2936 779 2958 esse
801 2931 960 2968 receptam
979 2924 1139 2958 Bal-samo
1165 2925 1211 2957 ad
1225 2924 1295 2958 No·

214 2980 289 3003 moe.
298 2970 357 3003 XI
365 2970 451 3003 Vtit.
464 2971 536 3011 1,34
547 2981 580 3012 p.
591 2969 656 3003 856
672 2969 771 3003 Voell.
786 2982 825 3002 ez·
842 2971 921 3012 ipsis
935 2969 1176 3003 Nomocanonis
1189 2970 1296 3002 verbis

214 3015 298 3048 male
321 3015 490 3048 intellectis
504 3015 610 3058 finyit
638 3014 651 3057 fl
677 3015 698 3048 6
721 3011 890 3057 βουληθῆ
913 3013 964 3047 B⁶
989 3013 1002 3056 ΙΙ
1030 3016 1048 3047 7
1075 3009 1194 3047 αὐτοῖς
1219 3014 1260 3046 Μ
1285 3012 1297 3058 ΙΙ

214 3057 470 3104 προβαλέσθαι
491 3060 541 3092 13⁶
559 3060 570 3102 ΙΙ
587 3060 607 3092 9
627 3060 817 3113 ζορηγοῦσι
835 3048 936 3099 MB‘]
960 3059 1138 3104 χορηγῶσι
1162 3059 1214 3092 B!
1239 3070 1295 3101 χο-

215 3103 407 3149 ρηγήσουσι
432 3105 561 3148 Lvuly.
588 3103 601 3147 ss
625 3102 835 3146 ονομάσωσι
862 3103 913 3137 B!
932 3103 944 3147 ΙΙ
973 3106 1011 3137 10
1035 3102 1118 3137 τοὺς
1141 3115 1197 3137 cm.
1212 3105 1262 3138 L¹²
1285 3102 1297 3148 ΙΙ

218 3151 259 3182 12
282 3149 361 3182 τῶν
391 3148 519 3182 τόπων
554 3160 610 3182 om.
635 3161 654 3185 ς
683 3150 696 3192 ΙΙ
722 3144 923 3182 ὁσιώτατος
952 3149 1142 3182 Zachariae
1171 3150 1228 3192 (cjl
1251 3151 1296 3190 ς)]

216 3190 408 3227 θειότατος
425 3194 469 3226 M
469 3194 536 3227 ΕΒ
554 3198 567 3238 ΙΙ
585 3195 626 3227 13
640 3195 769 3239 νομίσῃ
786 3194 830 3234 Β]
850 3195 992 3237 νομίσοι
1010 3194 1082 3227 ML
1097 3194 1110 3238 ΙΙ
1130 3195 1171 3228 17
1188 3205 1297 3227 κατα·

217 3238 406 3280 ζητοῦντος
425 3239 608 3280 Les-lua]
632 3238 779 3272 πάντως
803 3238 995 3282 ζητοῦντος
1014 3239 1061 3271 M
1075 3240 1086 3280 ΙΙ
1115 3240 1156 3273 18
1165 3251 1214 3282 sq.
1237 3239 1298 3271 καὶ

1362 2608 1544 2643 τίθεσθαι
1567 2606 1628 2643 ἐπ’
1656 2607 1774 2643 αὐτοῖς
1803 2609 1978 2644 Nummum
2006 2611 2057 2651 10,
2075 2618 2092 2643 5
2119 2608 2132 2654 ΙΙ
2162 2607 2193 2641 εἰ
2216 2610 2288 2650 καὶ]
2323 2604 2393 2642 κᾶν
2415 2609 2444 2644 S

1361 2655 1484 2698 Epan„
1508 2654 1540 2687 εἰ
1564 2665 1619 2687 om.
1636 2653 1784 2688 Nomocfi
1801 2657 1830 2696 1,
1843 2662 1874 2688 31

1408 2747 1424 2779 1
1438 2746 1527 2778 rubr.
1547 2743 1583 2776 Si
1600 2743 1812 2785 ascripticius
1827 2742 1968 2776 clericus
1984 2742 2043 2775 fiat
2069 2743 2102 2776 Τ
2110 2744 2142 2776 in
2155 2755 2257 2795 marg.
2275 2743 2325 2784 (ecc
2337 2743 2415 2785 Iul.)
2431 2743 2443 2788 ΙΙ

1361 2788 1648 2832 Anseriptationes
1667 2789 1699 2821 T
1705 2788 1717 2808 ¹
1749 2787 1983 2830 Inscriptionis
2004 2787 2055 2821 V¹
2078 2787 2278 2831 Inscriptios
2293 2787 2326 2820 R
2343 2787 2356 2831 fl
2372 2787 2443 2821 illis

1365 2835 1397 2868 T
1410 2833 1423 2878 ΙΙ
1440 2836 1460 2868 2
1476 2833 1632 2876 inscripti
1648 2833 1680 2865 R
1691 2833 1774 2866 VT³
1791 2832 1803 2877 ss
1819 2834 1862 2873 et]
1887 2832 1987 2865 etiam
2005 2832 2057 2866 Τ2
2075 2832 2087 2875 ΙΙ
2110 2834 2130 2866 6
2141 2835 2228 2865 rubr.
2246 2833 2295 2865 De
2311 2831 2441 2865 clericis

1363 2878 1525 2921 eligendis
1540 2878 1582 2911 ab
1598 2877 1844 2911 edificatoribus
1860 2877 2101 2911 uenerabilium
2117 2877 2265 2910 locorum
2281 2876 2335 2910 uel
2348 2877 2442 2910 here-

1362 2924 1459 2956 dibus
1478 2934 1590 2957 eorum
1606 2924 1638 2956 T
1647 2925 1679 2957 in
1692 2936 1794 2966 mary.
1807 2923 1858 2964 (ex
1870 2923 1946 2964 Iul.)
1962 2922 1975 2966 ΙΙ
1992 2922 2171 2955 oratoriam
2189 2922 2323 2955 domum
2336 2922 2442 2964 Beck]

1362 2969 1546 3002 oratorium
1559 2969 1691 3002 domum
1708 2967 1929 3002 Voratorium
1939 2967 2159 3009 RT(0ratorii
2173 2967 2306 3000 domum
2318 2966 2443 3012 vuly.)fl

1363 3014 1604 3047 fabricauerint
1620 3013 1652 3046 R
1669 3013 1682 3057 ΙΙ
1699 3015 1717 3047 7
1732 3024 1770 3047 eo
1790 3013 1822 3046 T
1832 3012 1845 3057 ΙΙ
1863 3012 2069 3046 ordinauerit
2093 3013 2141 3045 T·
2160 3011 2172 3055 ΙΙ
2188 3012 2253 3054 ipsi
2275 3010 2326 3044 T¹
2343 3011 2356 3055 ss
2373 3011 2444 3044 eius

1363 3059 1498 3092 heredes
1518 3059 1568 3093 V’
1582 3060 1614 3092 in
1628 3071 1708 3100 ras„
1719 3059 1818 3100 vnio]
1843 3057 1978 3091 heredes
1995 3057 2066 3090 eius
2083 3057 2132 3090 R’
2144 3057 2183 3098 T,
2206 3057 2277 3089 eius
2294 3067 2349 3089 om.
2364 3055 2412 3088 Β*
2432 3057 2444 3099 n

1365 3105 1384 3138 8
1402 3103 1467 3147 ipsi
1483 3103 1544 3145 13¹]
1570 3103 1652 3147 ipsis
1669 3102 1718 3136 12²
1728 3103 1795 3136 VT
1802 3104 1885 3146 vuly.
1907 3103 1918 3144 ΙΙ
1933 3101 2175 3135 ministrauerit
2187 3101 2256 3134 RT
2268 3101 2281 3144 11
2297 3100 2442 3133 denomi-

1363 3151 1422 3181 nat
1436 3149 1509 3181 RV
1520 3148 1533 3192 ΙΙ
1553 3150 1591 3183 11
1609 3147 1743 3181 tandem
1766 3148 1810 3188 V]
1832 3147 1964 3180 udecet
1980 3146 2028 3180 R¹
2053 3149 2134 3179 tunc
2150 3145 2199 3179 R²
2210 3147 2310 3189 vuly„
2325 3156 2379 3178 σοι.
2394 3143 2444 3190 Tu

1368 3195 1411 3229 12,
1424 3193 1570 3226 melioris
1585 3192 1735 3226 ordinari
1751 3193 1800 3226 12¹
1824 3191 1974 3226 ordinari
1989 3191 2139 3224 meliores
2159 3190 2215 3234 Vl!
2235 3192 2277 3224 14
2285 3192 2372 3224 rubr.
2393 3189 2442 3222 De

1364 3238 1494 3271 clericis
1518 3237 1738 3271 ministerium
1762 3237 1815 3270 dei
1837 3247 1905 3270 non
1928 3236 2146 3279 implentibus
2170 3236 2202 3269 Τ
2215 3237 2247 3269 in
2269 3247 2371 3278 mar-9.
2393 3234 2443 3275 (ew

217 3300 261 3307 —
285 3280 553 3326 πρωτευόντων
577 3294 632 3317 om.
655 3283 705 3316 B!
725 3283 738 3326 ΙΙ
770 3285 809 3318 19
834 3285 894 3316 καὶ
918 3294 973 3316 om.
989 3294 1009 3319 ς
1032 3282 1045 3327 ΙΙ
1070 3284 1113 3317 20
1137 3280 1296 3327 ὑποβάλ-

217 3324 340 3360 tomos·
365 3327 415 3361 B!
439 3328 452 3367 ΙΙ
481 3329 518 3361 21
547 3331 608 3361 καὶ
630 3324 890 3362 ὑποδιακόνους
915 3338 971 3362 om.
998 3329 1124 3372 Epan.‚
1148 3327 1297 3363 Nemee!

222 3373 291 3412 1,31
319 3371 332 3414 ΙΙ
357 3373 400 3406 22
423 3369 492 3413 οὓς]
516 3371 599 3406 τοὺς
622 3374 650 3406 S
711 3374 752 3406 23
777 3372 836 3413 τὰ]
861 3375 921 3406 καὶ
943 3371 990 3406 τὰ
1015 3374 1053 3413 S,
1078 3384 1133 3406 om.
1152 3374 1262 3417 Epan.
1285 3371 1299 3418 [Ι

219 3414 265 3447 τὰ
286 3416 366 3457 MS]
392 3429 447 3450 om.
464 3417 649 3460 LBEpan.
680 3418 685 3461 Ι
712 3413 778 3463 ἀφ’
796 3414 1006 3460 οἱουδήποτε
1029 3414 1214 3472 (οἱδιξποτε
1231 3417 1298 3452 No·

219 3464 338 3499 moc.''⁸)
364 3459 501 3503 τρόπον
526 3462 598 3495 ML
611 3462 769 3503 Nomocfl,
795 3463 949 3497 Nomoc.''¹
971 3465 1011 3496 10
1037 3464 1066 3503 5]
1098 3460 1167 3508 αφ’
1191 3461 1297 3496 οἴων·

221 3500 352 3580 Ἠὶῖτῇτε
373 3502 524 3571 τρέπων
548 3506 598 3560 B?
633 3503 699 3559 «ἐφ’
726 3503 801 3552 (ἐφ’
820 3507 892 3561 ,ΒΟ
923 3505 1001 3540 οἱον
1026 3506 1136 3550 ήποτε
1159 3504 1298 3552 τρόπον

222 3560 406 3632 ..wis
430 3548 1298 3640 &2252‘4’3222‘222‘53532251’32'imiza

221 3633 420 3688 ,ζεκουλίῳν
438 3638 592 3692 LEpan3
617 3640 892 3684 στρατιωτικῶν
916 3639 1116 3675 nonaullam
1134 3641 1198 3685 ΒΙΙ
1221 3642 1294 3683 καὶ]

221 3688 317 3713 marc
340 3676 525 3714 δυνασθαι
549 3681 677 3716 averoim
699 3686 759 3717 καὶ
783 3684 849 3727 Bfl
872 3684 954 3718 τοὺσ
977 3696 1032 3719 om.
1051 3685 1100 3718 B!
1113 3685 1126 3728 η
1150 3687 1192 3720 27
1217 3683 1295 3720 δια-

1364 3283 1440 3325 Iul.)
1458 3282 1470 3328 ss
1489 3285 1529 3318 15
1553 3293 1682 3316 omnem
1707 3282 1757 3315 R¹
1773 3282 1786 3326 fl
1803 3282 1874 3315 eius
1898 3282 1930 3315 R
1947 3282 1960 3325 ΙΙ
1977 3283 2196 3325 competentes
2216 3279 2324 3314 R¹V¹
2355 3287 2440 3311 com·

1363 3331 1515 3370 petentcr
1538 3328 1587 3362 V⁸
1604 3328 1616 3371 ΙΙ
1636 3329 1676 3363 16
1699 3326 1884 3360 misterium
1906 3326 1960 3369 Vn
1986 3328 2026 3361 17
2051 3324 2274 3359 sanctissimos
2298 3321 2440 3372 TqJS

1364 3372 1492 3405 ordinis
1515 3372 1745 3406 ecclesiasticis
1765 3372 1800 3405 V
1823 3370 2053 3404 ecclesiasticis
2076 3370 2203 3404 ordinis
2225 3368 2259 3402 R
2289 3363 2439 3418 quolenu-

1365 3417 1442 3450 stici
1461 3417 1587 3450 ordinis
1607 3418 1640 3451 T
1652 3417 1666 3460 ΙΙ
1685 3418 1725 3451 19
1743 3415 1972 3457 custodierint]
1998 3425 2080 3458 quos
2095 3422 2207 3448 omncs
2229 3410 2364 3444 eloneo·
2379 3418 2437 3451 sp-

1363 3462 1524 3505 pellamus
1548 3464 1625 3496 add.
1639 3462 1690 3495 ΕΒ
1702 3463 1756 3514 (cs
1772 3463 1818 3494 ad
1829 3462 1885 3503 22)
1901 3461 1914 3504 u
1930 3459 2041 3502 gulari
2061 3460 2094 3494 Τ
2100 3459 2112 3481 ¹
2128 3459 2142 3503 Ι
2155 3459 2199 3510 ’21
2211 3456 2299 3507 rut-br.
2317 3454 2366 3486 De
2381 3464 2438 3505 pe-

1364 3506 1453 3539 culio
1470 3506 1564 3548 qunsi
1579 3508 1738 3540 castrensi
1754 3505 1949 3539 clericorum
1971 3507 2004 3538 ct
2022 3504 2063 3538 dc
2078 3500 2319 3545 significatione
2341 3497 2439 3530 clen-

1364 3554 1457 3584 catus
1474 3552 1504 3585 '1‘
1513 3553 1544 3585 in
1559 3564 1660 3595 marq.
1674 3553 1725 3591 (ex
1738 3551 1814 3592 Iul.)
1831 3550 1844 3594 u
1861 3553 1894 3583 et
1915 3548 2132 3582 subdiacono·
2152 3556 2211 3579 οιιι.
2227 3543 2314 3594 Τῑ]
2340 3543 2382 3576 22
2406 3543 2440 3576 et

1363 3598 1513 3629 cantores
1528 3609 1587 3629 om.
1603 3597 1633 3629 R
1680 3598 1773 3638 qnos]
1798 3605 1853 3628 cos
1868 3593 1927 3636 qui
1942 3594 2023 3626 hacc
2038 3601 2105 3625 non
2120 3587 2338 3638 custodie-rint
2355 3596 2438 3628 quos

1364 3640 1414 3674 Β*
1432 3642 1487 3684 (ς]ἶ
1503 3642 1549 3674 ad
1563 3642 1618 3682 19)
1640 3595 1661 3685 ΙΙΙ
1680 3642 1725 3674 24
1747 3638 1969 3682 similitudine·
1986 3635 2034 3670 V·
2057 3634 2073 3680 Ι
2098 3635 2140 3669 25
2163 3631 2369 3677 peculiorum
2393 3632 2438 3673 ct]

1364 3686 1397 3718 et
1420 3685 1648 3729 pecculiorum
1674 3683 1726 3718 T¹
1746 3683 1818 3728 {126
1841 3684 1875 3716 et
1896 3693 1956 3716 οιιι.
1970 3679 2024 3714 T⁸
