2618 4010
151 138 352 170 PROPTER.
380 136 570 169 NUPTIAS
598 137 868 170 DONATIONIS

150 241 216 283 μὲν
242 237 280 272 δὲ
303 238 345 272 τὸ
369 240 452 283 περὶ
473 238 535 279 τῆς
559 237 794 281 ἐπαυξήσεως.
840 236 963 282 ἐπειδὴ
985 237 1055 286 γὰρ
1080 240 1140 271 καὶ
1155 242 1228 273 τοῖς

151 283 222 329 πρὸ
253 281 357 326 ἡμῶν
385 282 602 326 νομοθέταις
632 287 692 316 καὶ
716 281 803 327 ἡμῖν
828 280 947 318 αὐτοῖς
974 283 1020 317 τὰ
1046 286 1127 328 περὶ
1151 285 1227 318 τῶν

152 327 384 372 ἐπαυξήσεων
414 327 567 382 εἴρηται,
597 327 713 362 πολλὰ
739 327 778 362 δὲ
801 327 890 375 παρ’
917 326 1022 373 ἡμῶν
1046 332 1127 374 περὶ
1150 330 1227 363 τῶν

150 373 327 408 τοιούτων
357 376 416 407 καὶ
447 370 532 406 ουδὲ
564 370 823 418 ἀριθμηθῆναι
855 372 965 422 ῥᾴδια
999 371 1066 408 κάν
1086 374 1228 409 τούτοις

151 419 239 464 πρὸς
274 419 315 453 τὸ
350 417 508 453 παλαιὸν
540 418 843 465 πεφιλοσόφηται,
879 420 943 454 τὰς
974 422 1228 464 ε’πινοουμένας

150 463 247 509 παρά
266 477 380 498 τινων
403 465 625 510 περιγραφάς
649 462 880 509 ἀναιροῦντες
897 469 955 499 καὶ
972 465 1145 510 καθαρὰν
1160 465 1227 509 τὴν

150 507 380 552 δικαιοσύνην
405 508 657 554 φυλάττεσθαι
681 508 893 557 βουλόμενοι
913 509 1054 545 κάκεῖνο
1076 513 1227 557 ἐπανορ-

150 555 298 598 θοῦμεν.
343 554 543 601 προνόμιον
559 555 627 601 γὰρ
645 553 852 600 δεδώκαμεν
868 560 945 590 ταῖς
961 556 1115 602 προιξίν,
1140 553 1227 590 ὥςτε

149 599 240 633 κατὰ
270 600 346 633 τῶν
378 604 633 645 πρεσβυτέρων
666 599 869 645 ὑποθηκῶν
904 603 996 644 ἔχειν
1033 601 1228 646 τιμιώτερα

1222 122 1303 171 471
1453 185 1458 187 Α

2024 125 2064 168 N
2065 139 2131 168 ov,
2162 124 2317 168 XCVII
2347 127 2372 166 2

1296 241 1496 282 augmento.
1545 238 1635 282 Quia
1660 237 1754 272 enim
1785 238 1821 272 et
1850 237 1930 282 (ab)
1961 239 2046 272 ante
2069 247 2136 272 nos
2159 236 2371 281 legislatori-

1296 283 1363 319 bus
1380 287 1415 318 et
1429 294 1452 319 a
1469 283 1573 319 nobis
1594 283 1682 328 ipsis
1703 282 1747 318 de
1763 282 1962 326 augmentis
1983 283 2115 318 dictum
2132 284 2197 324 est,
2221 281 2373 327 plurima

1295 331 1414 364 autem
1446 339 1468 364 a
1497 329 1601 365 nobis
1635 331 1671 364 et
1701 338 1773 364 non
1803 327 1911 363 facile
1942 328 2162 363 numeranda
2196 328 2303 362 etiam
2335 328 2373 362 in

1295 374 1351 409 his
1370 385 1478 419 super
1498 373 1744 419 antiquitatem
1769 373 2022 418 philosophata
2044 375 2138 416 sunt,
2162 373 2371 408 adinventas

1263 422 1282 454 5
1297 421 1343 456 ab
1368 420 1547 465 aliquibus
1573 419 1919 463 circumscriptiones
1947 420 2161 463 perimentes
2187 421 2223 453 et
2245 429 2372 463 puram

1294 465 1466 501 iustitiam
1490 465 1624 501 servari
1647 465 1806 500 volentes
1830 466 1866 499 et
1889 464 1977 499 illud
1998 463 2216 507 corrigimus.
2260 464 2372 498 Privi-

1296 511 1427 555 legium
1451 511 1543 546 enim
1568 509 1725 545 dedimus
1751 509 1913 551 dotibus,
1946 512 1988 544 ut
2006 514 2132 544 contra
2156 509 2373 554 antiquiores

1296 557 1516 602 hypothecas
1542 556 1698 591 habeant
1726 555 1990 590 honorabiliora
2012 554 2108 597 iura,
2141 556 2265 599 utpote
2290 555 2373 590 dum

1298 603 1547 637 contrahentes
1573 611 1653 636 cum
1673 600 1756 636 viris
1780 610 1903 635 eorum
1928 599 2076 634 credant
2101 599 2308 634 substantiis
2337 603 2374 633 et

150 643 287 687 δίκαια,
311 643 369 678 οἶα
392 646 469 678 τῶν
490 645 777 689 συμβαλλόντων
800 650 872 681 τοῖς
893 643 1046 700 ἀνδράσι
1070 650 1146 680 ταῖς·
1166 644 1226 679 αὐ-
1243 649 1282 681 10
1295 657 1367 681 non
1396 647 1585 682 mulierum
1617 648 1653 680 et
1684 655 1775 690 quae
1805 645 1899 680 forte
1931 647 2017 679 tunc
2047 654 2162 688 neque
2193 646 2372 688 compete-

148 690 225 723 τῶν
250 691 525 724 πιστευσάντων
549 695 780 736 περιουσίαις,
805 689 886 725 ἀλλ’
902 705 943 725 ου
968 695 1045 725 ταῖς
1068 693 1145 725 τῶν
1167 705 1224 737 γυ-

149 736 287 769 ναικῶν
311 737 387 769 τῶν
410 749 450 781 γε
474 736 558 770 ἴσως
585 733 669 771 τότε
691 736 782 781 μηδὲ
804 734 1039 782 ἡρμοσμένων
1070 740 1143 770 τοῖς
1167 738 1226 780 ἔμ-

149 781 315 825 προσθεν
339 778 614 825 συμβάλλουσιν.
663 781 870 826 δεδώκαμεν
894 780 933 816 δὲ
956 780 1084 815 ἄδειαν
1105 783 1226 823 (τοῦτο

150 824 192 879 δὴ
211 826 252 859 τὸ
272 825 440 868 παλαιόν)
465 830 524 860 καὶ
548 825 757 882 ἐπαυξὴσεις
780 830 897 862 ποιεῖν
921 830 1062 873 ἐφέντες
1090 830 1148 860 καὶ
1172 827 1224 868 τῷ

1295 692 1383 727 bant
1414 692 1469 726 his
1502 692 1562 736 qui
1593 691 1693 735 prius
1731 693 1996 725 contraxerunt.
2047 689 2218 724 Dedimus
2254 693 2374 723 autem

1294 736 1475 772 licentiam
1499 737 1580 779 (hoc
1599 735 1762 771 videlicet
1783 735 1878 779 quod
1897 734 2106 778 antiquitus)
2130 737 2166 769 et
2185 738 2375 778 augmenta

1295 782 1413 816 facere
1436 781 1680 827 permittentes
1704 783 1740 814 et
1760 780 1832 814 viro
1856 783 1890 813 et
1913 779 2061 822 mulieri,
2087 780 2159 815 sive
2183 781 2288 816 ambo
2314 790 2373 813 vo-

1296 827 1426 862 luerint
1461 827 1534 862 sive
1565 826 1671 861 etiam
1706 825 1833 860 horum
1868 824 1958 859 alter
1991 825 2171 860 celebrare
2207 835 2373 868 augmen-

150 869 255 917 ανδρὶ
280 875 339 904 καὶ
363 873 406 918 τῇ
428 877 580 917 γυναικί,
604 874 674 906 εὶτε
700 874 897 926 αμφότρροι
920 871 1134 917 βουληθεῖεν
1158 871 1227 905 εἴτε
1243 874 1382 907 15tum.
1427 872 1586 907 Primum
1611 870 1752 915 quidem
1775 869 1864 904 illud
1888 870 2078 909 sancimus,
2103 880 2146 904 ne
2170 870 2290 915 aliqua
2310 869 2374 904 fiat

150 919 208 950 καὶ
232 917 375 962 τούτων
399 916 554 962 θάτερος
578 919 765 952 ποιεῖσθαι
789 931 857 960 την
874 915 1083 960 ἐπαύξησιν.
1121 918 1226 961 Πρῶ-

149 975 214 995 τον
237 964 304 1006 μὲν
327 965 391 996 οὐν
416 965 527 996 έκεῖνο
553 963 777 1007 θεσπίζομεν
801 961 861 996 διὰ
885 963 927 997 τὸ
953 962 1002 1007 μή
1027 975 1111 996 τινα
1134 966 1227 1009 γίνε-

151 1007 243 1040 σθαι
273 1009 509 1053 περιγραφήν,
545 1008 644 1053 εἴπερ
679 1008 878 1051 ἐπαυξῆσαι
912 1007 1127 1052 βουληθεῖεν
1159 1007 1228 1050 τὴν

151 1056 281 1097 προῖκα
304 1051 325 1095 ἢ
348 1052 416 1095 τὴν
442 1050 501 1086 διὰ
523 1054 590 1087 τὸν
613 1051 731 1099 γάμον
756 1051 904 1097 δωρεάν,
936 1054 985 1097 μὴ
1012 1053 1143 1093 ἐξεῖναι
1173 1053 1225 1094 τῷ

1297 917 1590 962 circumscriptio,
1613 916 1684 951 sive
1700 925 1831 959 augere
1847 915 1997 950 voluerit
2014 915 2132 950 dotem
2150 919 2214 950 aut
2228 919 2375 959 propter

1296 963 1441 1007 nuptias
1474 962 1719 1001 donationem,
1752 971 1824 995 non
1857 960 1963 996 licere
1995 960 2065 995 alio
2091 960 2232 1005 quidem
2257 960 2375 995 facere

1295 1008 1366 1043 alio
1391 1011 1511 1042 autem
1535 1008 1572 1042 in
1596 1006 1774 1051 prioribus
1799 1016 1951 1048 manere,
1982 1007 2046 1041 sed
2070 1010 2258 1051 utrumque
2283 1006 2373 1040 cele-

1295 1054 1400 1088 brare
1425 1053 1566 1088 omnino
1591 1055 1829 1095 augmentum,
1854 1055 1889 1086 et
1913 1062 1985 1086 non
2008 1051 2045 1085 in
2069 1051 2243 1086 electione
2267 1051 2375 1086 sicuti

149 1100 216 1142 μὲν
248 1099 354 1132 τοῦτο
388 1101 504 1133 ποιεῖν
535 1100 586 1141 τῷ
615 1097 653 1132 δὲ
684 1101 743 1133 ἐπὶ
768 1112 844 1132 τιον
876 1102 1065 1152 προτέρων
1095 1101 1228 1141 μένειν,
1241 1101 1283 1133 20
1294 1098 1393 1143 prius
1426 1098 1487 1132 sed
1518 1098 1555 1132 in
1580 1097 1793 1132 necessitate
1825 1106 1969 1132 causam
1994 1097 2199 1139 consistere,
2232 1097 2374 1131 omnino

151 1140 231 1176 ἀλλ)
259 1142 426 1188 ἑκάτερον
451 1144 639 1177 ποιεῖσθαι
664 1143 811 1178 πάντως
835 1144 903 1187 τὴν
928 1143 1136 1186 ε’παυξησιν,
1169 1146 1229 1176 καὶ

150 1189 198 1232 μὴ
235 1190 274 1222 έν
311 1188 441 1235 αἱρέσει
475 1189 576 1222 καθὰ
612 1188 789 1233 πρότερον
825 1186 906 1223 ἀλλ’
941 1191 986 1223 ἐν’
1013 1186 1148 1236 ἀνάγκῃ
1184 1188 1226 1221 τὸ

151 1234 300 1280 πρᾶγμα
321 1233 566 1276 καθεστάναι,
592 1232 742 1268 πάντως
764 1238 888 1278 μέντοι
912 1235 1111 1277 ποσότητος
1142 1234 1228 1275 ἴσης,

151 1281 258 1313 τοῦτο
282 1275 373 1325 ὅπερ
393 1283 452 1313 καὶ
473 1278 494 1322 ἡ
511 1281 575 1313 τοῦ
592 1276 762 1326 ἡμετέρου
786 1279 877 1325 λέγει
902 1280 1037 1324 πατρὸς
1057 1277 1226 1319 διάταξις.

151 1329 210 1358 καὶ
235 1326 294 1358 ἴνα
317 1326 365 1368 μὴ
389 1328 544 1369 συμβαίη
570 1325 637 1367 τὴν
661 1325 860 1368 ἐπαύξησιν
891 1322 954 1358 οὐκ
988 1322 1111 1358 αὐταῖς

151 1371 244 1403 σθάι
260 1373 336 1403 ταῖς
352 1367 539 1413 ἀληθείαις
558 1367 636 1403 οἷλλ7
656 1372 974 1415 ἐσχηματισμένην,
994 1374 1054 1403 καὶ
1069 1371 1118 1414 μά
1145 1382 1228 1403 ιστα

153 1418 211 1450 ἐπὶ
243 1417 306 1449 τοῦ
338 1419 462 1460 μέρους
491 1417 552 1458 τῆς
582 1416 765 1461 γυναικός,
801 1417 861 1449 ἵνα
892 1416 973 1450 τοὺς
1004 1417 1067 1449 τοῦ
1097 1413 1229 1462 ἀνδρὸς

152 1459 337 1494 δανειστὰς
361 1459 592 1507 περιγράψειε
616 1463 668 1503 τῷ
695 1465 880 1505 προνομίῳ
903 1464 1077 1507 χρωμένη,
1109 1462 1139 1494 εἰ
1162 1463 1228 1503 μὲν

152 1508 263 1548 ἔχοιεν
282 1507 513 1551 ἑκατέρωθεν
532 1504 682 1549 ἀκίνητα
703 1506 909 1560 πράγματα,
934 1506 1080 1540 κάλλιον
1097 1509 1137 1540 έν
1156 1509 1229 1540 τοῖς

1294 1148 1414 1178 tamen
1449 1143 1648 1187 quantitate
1684 1142 1842 1187 aequali,
1885 1142 1953 1177 hoc
1990 1142 2083 1186 quod
2121 1142 2227 1177 etiam
2262 1141 2376 1177 nostri

1295 1189 1406 1233 patris
1432 1188 1519 1223 dicit
1545 1188 1762 1224 constitutio.
1798 1187 1848 1222 Et
1871 1197 1916 1222 ne
1941 1188 2123 1231 contingat
2146 1189 2374 1231 augmentum

1296 1245 1368 1269 non
1398 1234 1478 1279 ipsa
1500 1234 1578 1268 fieri
1601 1234 1748 1268 veritate
1780 1232 1842 1268 sed
1866 1233 2132 1276 schematicum,
2166 1235 2202 1268 et
2225 1233 2375 1267 maxime

1296 1280 1332 1315 in
1364 1281 1466 1324 parte
1498 1279 1673 1321 mulieris,
1710 1283 1746 1314 et
1777 1278 1841 1313 viri
1878 1278 2070 1314 creditores
2108 1278 2376 1314 circumscribat

1160 1329 1227 1358 ι’νε-
1243 1328 1284 1359 25
1297 1325 1478 1370 privilegio
1511 1327 1632 1367 utens,
1666 1324 1697 1359 si
1729 1324 1867 1369 quidem
1899 1324 2089 1359 habuerint
2113 1325 2290 1368 utrimque
2321 1324 2374 1358 in-

1297 1371 1445 1406 mobiles
1470 1381 1544 1412 res,
1578 1370 1703 1405 melius
1726 1373 1781 1405 est
1804 1370 1840 1404 in
1864 1370 2089 1404 inmobilibus
2123 1370 2197 1404 fieri
2223 1369 2374 1404 oblatio-

1297 1427 1395 1459 nem,
1428 1418 1604 1459 quatenus
1631 1415 1677 1450 sit
1700 1416 1818 1460 palam
1843 1419 1879 1449 et
1902 1415 2158 1458 indubitatum,
2191 1415 2275 1460 quid
2299 1415 2375 1459 qui-

1297 1462 1377 1496 dem
1402 1462 1446 1496 ab
1470 1461 1571 1496 initio
1596 1461 1683 1502 fuit,
1719 1461 1802 1504 quid
1826 1464 1945 1495 autem
1970 1465 2095 1504 postea
2127 1461 2285 1495 additum
2311 1464 2376 1496 est.

1297 1508 1333 1543 Si
1357 1511 1477 1542 autem
1500 1517 1573 1542 non
1597 1507 1774 1551 utrimque
1796 1506 1981 1541 inmobiles
2006 1517 2062 1541 res
2087 1506 2230 1548 fuerint,
2251 1507 2374 1540 mulie-

151 1549 331 1605 ἀκινήτοις
354 1551 525 1598 γίνεσθαι
549 1565 616 1595 την
640 1550 817 1594 ἐπίδοσιν,
849 1564 949 1586 οπως
973 1550 1018 1585 ἂν
1041 1552 1092 1595 εἴη
1119 1550 1229 1594 δῆλόν
1243 1555 1284 1586 30
1296 1563 1372 1587 rem
1396 1552 1538 1588 omnino
1562 1562 1626 1597 per
1645 1551 1830 1586 inmobiles
1855 1561 1912 1586 res
1932 1552 2113 1586 celebrare
2137 1555 2375 1596 augmentum,

149 1611 187 1630 τε
212 1599 271 1629 καὶ
295 1597 622 1642 αναμφιςβήτητον,
648 1601 686 1630 τί
699 1600 765 1641 μὲν
788 1596 830 1631 τὸ
857 1597 895 1637 ἐξ
919 1595 1026 1642 ἀρχῆς
1049 1592 1105 1640 ἧν,
1130 1601 1168 1631 τί
1191 1595 1230 1630 δὲ

150 1639 299 1686 ὕστερον
323 1646 564 1688 προςγέγονεν,
614 1643 643 1675 εἰ
668 1641 706 1675 δὲ
730 1642 793 1684 οὖχ
823 1643 1054 1688 ἑκατέρωθεν
1078 1640 1229 1685 ἀκίνητα

150 1688 345 1732 πράγματα
362 1688 425 1730 εἴη,
449 1688 515 1730 τὴν
534 1690 601 1731 μὲν
616 1691 766 1734 γυναῖκα
793 1687 940 1722 πάντως
964 1686 1024 1721 διὰ
1048 1685 1229 1730 ἀκινήτων

150 1734 374 1786 πραγμάτων
398 1733 585 1767 ποιεῖσθαι
608 1733 677 1776 τὴν
693 1731 900 1775 ἐπαύξησιν,
926 1734 986 1767 ἵνα
1004 1736 1062 1766 καὶ
1082 1731 1103 1776 ἡ
1123 1732 1229 1777 προὶξ

1298 1602 1338 1633 ut
1368 1601 1404 1634 et
1436 1598 1500 1633 dos
1531 1600 1567 1633 et
1595 1601 1821 1641 augmentum
1853 1597 2014 1631 similiter
2047 1597 2179 1632 habeat
2209 1597 2376 1632 adversus

1298 1643 1518 1688 antiquiores
1543 1643 1735 1678 creditores
1759 1642 1977 1687 privilegium
2003 1642 2158 1687 undique
2174 1642 2375 1677 indubitato

1299 1692 1488 1733 augmento
1522 1689 1710 1732 existente,
1744 1689 1796 1723 vir
1820 1691 1937 1722 autem
1969 1688 2074 1723 etiam
2103 1689 2140 1723 in
2171 1690 2278 1724 rebus
2303 1698 2376 1722 mo-

149 1781 208 1811 καὶ
233 1792 253 1821 η
279 1777 470 1831 ἐπαύξησις
493 1776 627 1833 ὁμοίως
656 1781 729 1820 ἔχοι
754 1779 846 1812 κατὰ
873 1780 949 1812 τῶν
974 1782 1229 1823 πρεσβυτέρων
1243 1782 1285 1815 35

151 1821 352 1857 δανειστῶν
372 1837 414 1856 το
434 1836 634 1868 προνόμιον
659 1821 898 1866 πανταχόθεν
915 1822 1231 1869 (Ξναμφιςβητήτου

149 1869 211 1911 τῆς
235 1868 436 1913 προςθήκης
461 1868 576 1912 οὔσης,
602 1867 620 1902 ὁ
646 1867 686 1903 δὲ
709 1867 801 1915 ἀνὴρ
826 1873 885 1903 καὶ
909 1871 948 1903 ἐν
972 1873 1127 1912 κινητοῖς
1152 1882 1230 1904 ποι-

220 1961 259 1993 16
283 1960 439 2004 Πρῶτον
461 1962 528 2004 μὲν
552 1954 618 1994 οὖν
643 1987 672 1993 ..

689 1987 716 1993 ..
744 1963 867 2001 472,18
891 1963 1096 2006 γινομένων
1120 1975 1159 1995 ex
1183 1962 1219 1995 B
1244 1963 1339 1995 habet
1363 1962 1412 1995 Βε
1443 1965 1482 1995 Π
1503 1964 1557 2003 30,
1577 1971 1593 1996 2
1617 1976 1650 2006 p.
1666 1965 1731 1996 574
1756 1963 1860 1995 Zach.

151 2038 283 2074 vimus:
314 2037 357 2073 de
381 2042 573 2083 auqmento
599 2038 758 2072 dicimus.
807 2037 983 2080 Quoniam
1008 2040 1101 2073 enim
1125 2042 1160 2073 et
1183 2039 1227 2073 ab
1252 2039 1298 2073 iis
1318 2040 1382 2084 qui
1404 2044 1488 2074 ante
1511 2050 1579 2074 nos
1599 2040 1753 2084 suerunt
1776 2039 2043 2084 leqislatoribus
2066 2044 2101 2074 et
2120 2051 2143 2075 a
2161 2039 2265 2075 nobis
2289 2040 2379 2085 ipsis

151 2083 194 2119 cle
210 2083 411 2128 auqmentis
431 2083 565 2118 dictum
581 2087 644 2124 est,
670 2083 783 2118 multa
800 2094 883 2118 vero
902 2095 925 2118 a
942 2083 1045 2118 nobis
1068 2084 1106 2118 in
1130 2095 1172 2119 eo
1190 2095 1321 2129 qenere
1345 2095 1508 2129 quaeque
1533 2085 1720 2119 numerari
1742 2083 1840 2119 haud
1860 2084 1975 2131 facile
1992 2085 2139 2130 possint
2163 2085 2199 2119 in
2218 2085 2273 2119 leis
2289 2096 2376 2130 quo-

152 2139 220 2173 que
246 2131 396 2174 praeter
420 2129 572 2173 antiqua
603 2128 666 2162 illa
697 2128 912 2173 investiqata
935 2133 1039 2170 sunt,
1070 2128 1225 2172 fraudes
1249 2140 1271 2163 a
1296 2128 1509 2174 quibusdam
1533 2129 1766 2174 excoqitatas
1788 2129 1969 2164 sublaturi
1992 2135 2026 2164 et
2047 2141 2180 2175 puram
2204 2130 2378 2165 iustitiam

152 2173 327 2208 custodiri
358 2173 516 2208 volentes
546 2172 639 2207 illud
668 2183 810 2217 quoque
839 2173 1078 2208 emendamus.
1127 2172 1361 2218 Privileqium
1393 2174 1486 2208 enim
1519 2174 1662 2209 dotibus
1686 2174 1859 2215 dedimus,
1892 2178 1931 2209 ut
1956 2174 2128 2210 adversus
2152 2176 2379 2220 antiquiores

153 2217 374 2263 hypothecas
424 2218 542 2252 otiora
561 2218 642 2253 iura
663 2217 828 2259 habeant,
853 2218 988 2263 quippe
1009 2228 1087 2252 cum
1104 2218 1130 2252 ii
1148 2218 1211 2263 qui
1227 2229 1306 2252 cum
1323 2219 1410 2253 viris
1433 2218 1652 2253 contrahunt
1674 2219 1885 2254 substantiis
1909 2220 2072 2264 ipsorum
2093 2220 2201 2265 sidem
2223 2221 2378 2256 habeant

154 2274 217 2298 nec
240 2274 324 2298 vero
348 2229 557 2297 subjstantiis
581 2262 787 2303 mulierum,
819 2273 913 2307 quae
934 2264 1036 2306 sorte
1061 2266 1134 2297 tum
1158 2274 1203 2297 ne
1225 2263 1439 2298 coniunctae
1463 2263 1605 2308 quidem
1635 2263 1778 2308 fuerint
1809 2264 1853 2298 iis
1885 2265 1947 2309 qui
1971 2269 2078 2300 antea
2102 2270 2376 2300 contraxerunt.

158 2307 323 2343 Dedimus
347 2312 465 2343 autem
489 2307 668 2342 licentiam
693 2307 743 2349 (id
765 2307 865 2352 quod
886 2308 1087 2352 antiquitus
1110 2307 1234 2349 valuit)
1267 2308 1372 2342 etiam
1396 2313 1590 2353 auqmenta
1618 2310 1746 2353 facere
1778 2313 1813 2343 et
1836 2310 1913 2343 viro
1946 2313 1982 2344 et
2005 2310 2147 2344 mulieri
2169 2311 2376 2355 permitten-

154 2358 215 2395 tes,
240 2354 312 2389 sive
337 2358 486 2398 uterquc
511 2353 583 2387 sive
606 2352 781 2387 alteruter
804 2351 930 2386 horum
954 2356 1182 2397 auqmentum
1204 2353 1332 2397 facere
1355 2353 1447 2388 velit.
1494 2352 1657 2387 Primum
1678 2353 1800 2398 iqitur,
1825 2365 1870 2388 ne
1888 2365 1981 2399 quae
1994 2355 2064 2398 liat
2082 2356 2378 2401 circumscriptio,

153 2398 244 2433 illud
273 2398 470 2439 sancimus,
502 2398 533 2432 si
557 2397 639 2442 quis
662 2407 796 2442 auqere
820 2397 972 2432 voluerit
995 2397 1114 2432 dotem
1139 2397 1194 2432 vel
1217 2397 1448 2433 donationem
1466 2402 1625 2444 propter
1648 2398 1808 2443 nuptias,
1835 2409 1909 2433 non
1933 2399 2039 2434 licere
2063 2399 2169 2434 alteri
2194 2400 2231 2434 id
2251 2402 2379 2445 facere

154 2443 261 2479 alteri
290 2443 328 2477 in
352 2442 542 2489 prioribus
572 2453 734 2484 manere,
765 2442 828 2477 sed
858 2446 1049 2487 utrumque
1082 2443 1227 2477 omnino
1261 2447 1488 2488 ctuqmentum
1511 2443 1648 2488 facere,
1680 2453 1795 2488 neque
1827 2444 1864 2478 in
1897 2444 2048 2479 arbitrio
2081 2445 2378 2490 quemadmodum

152 2489 267 2535 prius,
291 2488 354 2523 sed
377 2489 413 2523 in
437 2488 646 2523 necessitate
670 2498 744 2522 rem
769 2487 926 2522 versari:
962 2493 1002 2522 ut
1026 2491 1143 2522 tamen
1168 2488 1291 2533 utique
1315 2488 1501 2533 quantitas
1524 2488 1687 2533 aequalis
1710 2490 1777 2529 sit,
1809 2488 1848 2523 id
1871 2489 1968 2533 quod
1990 2490 2097 2524 etiam
2115 2491 2238 2536 patris
2262 2491 2379 2525 nostri

154 2534 362 2569 constitutio
387 2533 483 2567 dicit.
531 2533 583 2567 Ac
607 2543 652 2567 ne
676 2536 905 2577 auqmentum
930 2532 1119 2576 continqat
1149 2543 1222 2568 non
1245 2544 1285 2567 re
1319 2543 1403 2568 vera
1424 2533 1507 2577 sieri
1530 2533 1595 2568 sed
1616 2533 1834 2575 simulatum,
1867 2539 1899 2568 et
1924 2535 2082 2569 maxime
2105 2547 2154 2570 ex
2171 2541 2282 2581 parte
2302 2547 2378 2571 mu-

154 2579 263 2621 lieris,
299 2584 339 2614 ut
363 2577 559 2613 creditores
583 2577 650 2613 viri
675 2577 944 2612 circumscribat
960 2577 1159 2622 privileqio
1184 2582 1297 2620 utens,
1330 2578 1506 2623 siquidem
1532 2578 1576 2612 ab
1600 2583 1757 2623 utraque
1778 2583 1885 2624 parte
1908 2590 1967 2614 res
1990 2580 2187 2616 immobiles
2211 2581 2378 2622 habeant,

147 2627 315 2670 praestat
338 2623 376 2658 in
400 2622 637 2659 immobilibus
666 2623 749 2667 fieri
772 2622 1022 2664 donationem,
1055 2634 1128 2668 quo
1153 2623 1386 2667 manifestum
1411 2627 1446 2658 et
1468 2623 1709 2658 indubitatum
1733 2624 1790 2664 sit,
1823 2624 1912 2669 quid
1935 2624 1978 2658 ab
2004 2624 2108 2660 initio
2133 2626 2258 2671 suerit,
2292 2626 2381 2672 quid

151 2674 281 2716 postea
310 2668 509 2704 accesserit.
559 2667 624 2703 Sin
655 2671 774 2703 autem
805 2678 878 2702 non
909 2667 952 2701 ab
986 2672 1140 2713 utraque
1168 2672 1274 2712 parte
1305 2679 1363 2703 res
1383 2668 1580 2703 immobiles
1602 2669 1690 2710 sint,
1729 2668 1857 2704 mulier
1880 2669 2023 2715 quidem
2055 2671 2199 2706 omnino
2230 2683 2298 2717 per
2321 2683 2380 2707 res

154 2714 348 2750 immobiles
371 2717 599 2759 auqmentum
622 2713 760 2758 faciat,
793 2716 834 2747 ut
862 2717 897 2748 et
927 2712 992 2747 dos
1022 2717 1056 2748 et
1081 2717 1310 2759 auqmentum
1329 2713 1495 2748 similiter
1518 2718 1649 2748 contra
1674 2714 1900 2759 antiquiores
1931 2715 2129 2751 creditores
2150 2717 2378 2763 privileqium

154 2760 292 2802 habeat,
325 2770 403 2794 cum
427 2758 580 2794 adiectio
605 2757 649 2793 ab
676 2758 773 2793 omni
790 2762 903 2804 parte
924 2757 1128 2793 indubitata
1152 2759 1221 2799 sit,·
1257 2758 1409 2792 maritus
1440 2768 1524 2793 vero
1557 2759 1664 2793 etiam
1697 2759 1735 2793 in
1759 2759 1947 2795 mobilibus
1978 2766 2208 2806 auqmentum
2239 2763 2378 2807 factat.-

212 2851 227 2882 1
256 2844 435 2889 αὐξήσεως
455 2846 602 2889 1:131112
623 2845 842 2889 νομοθεεαις
866 2859 923 2878 0111.
940 2846 969 2878 L
985 2845 997 2890 H
1018 2848 1036 2878 3
1054 2848 1135 2889 περὶ
1155 2846 1232 2878 τῶν
1266 2852 1269 2884 ÷
1303 2859 1359 2878 om.
1375 2847 1439 2878 Ma
1455 2846 1467 2889 11
1487 2847 1528 2879 35
1543 2846 1604 2891 ἔχῃ
1620 2847 1679 2888 Rs]
1705 2847 1774 2888 εχει
1789 2848 1952 2894 MLBrzu
1969 2826 2223 2895 πρεσβῖζξέρων
2236 2827 2379 2893 {treet-1

153 2891 330 2927 τοιούτων
354 2906 411 2925 om.
428 2904 447 2928 ς
462 2893 474 2935 ΙΙ
501 2894 520 2925 6
545 2891 645 2935 παρά
668 2901 765 2924 τινος
789 2892 820 2924 L
838 2891 850 2934 ΙΙ
876 2893 895 2925 8
920 2887 1076 2924 δέδωκεν
1101 2891 1141 2924 L.
1179 2891 1232 2934 Cf.

159 2941 235 2972 cod.
263 2940 292 2979 8,
318 2946 359 2976 17,
388 2945 417 2970 12
446 2938 458 2980 ΙΙ
487 2939 506 2970 9
533 2936 625 2969 κατὰ
650 2938 761 2977 MLg]
793 2938 853 2968 καὶ
881 2936 924 2968 Bl
953 2938 1012 2968 καὶ
1037 2934 1128 2969 κατὰ
1154 2936 1203 2969 Bf
1223 2935 1234 2980 Η

158 2987 196 3018 10
222 2980 486 3026 συμβαλόντων
500 2983 531 3014 L
549 2982 560 3025 ΙΙ
582 2984 621 3015 12
644 2983 721 3014 τῶν
744 2993 783 3026 γε
807 3000 850 3004 -
873 2977 962 3024 μηδὲ
985 2978 1232 3024 ἡρμοσμένων]

155 3033 189 3061 et
214 3039 297 3070 quae
322 3047 363 3051 —
388 3038 495 3068 neque
517 3027 745 3070 competebant
770 3038 789 3062 ς
804 3025 816 3070 ΙΙ
838 3028 877 3060 13
903 3025 1147 3069 συμβάλουσιν
1162 3027 1203 3059 Μ
1223 3026 1235 3071 ΙΙ

161 3076 199 3107 14
223 3076 281 3106 καὶ
306 3072 523 3113 ὲπαυξήσεις]
560 3071 651 3110 Quae
674 3079 849 3114 sequuntur
872 3073 1006 3113 (471,14
1026 3090 1071 3096 —-
1095 3073 1170 3112 475,
1186 3074 1234 3114 22)

157 3122 189 3152 in
215 3120 259 3151 M
270 3120 368 3161 soliis
393 3119 562 3160 archetypi
585 3119 720 3150 turbatis
745 3118 803 3149 hoc
827 3118 939 3149 ordine
962 3128 1031 3150 sese
1055 3119 1233 3159 exczpiunt:

156 3163 329 3210 γίνεσθαι
348 3158 437 3205 παρ’
459 3159 581 3194 αὐτῶν
598 3181 640 3185 -
657 3157 699 3194 οὗ
719 3159 836 3203 μόνον
852 3163 975 3202 472,13
991 3181 1031 3185 —
1048 3163 1168 3202 473,15
1189 3163 1235 3203 (2)

157 3211 273 3242 ποιεῖν
286 3209 429 3252 ἐφέντες
445 3227 478 3230 -
490 3205 536 3239 τοὶ
551 3207 628 3239 τῶν
642 3205 872 3248 ἐπαυξησεων
882 3207 999 3247 471,14
1010 3225 1047 3229 —
1058 3209 1176 3247 472,13
1190 3208 1235 3249 (1)

156 3255 218 3296 τῆς
243 3250 371 3287 παιδὸς
390 3272 428 3275 --
446 3250 495 3295 μὴ
520 3249 644 3285 πλεῖον
669 3254 745 3292 474,
761 3260 791 3285 '21
808 3270 850 3274 --
866 3253 943 3292 475,
958 3258 992 3284 22
1007 3252 1052 3293 (4)
1083 3248 1167 3284 οὐδὲ
1189 3250 1236 3285 εἰς

156 3302 292 3345 γίνεται
316 3317 359 3322 —
384 3294 642 3341 ἇφικνουμένης
664 3295 797 3342 γάμους
824 3298 946 3338 473,16
972 3316 1015 3320 -
1039 3299 1116 3339 474,
1131 3305 1162 3331 21
1179 3299 1234 3340 (3).

157 3346 316 3379 Nimirum
342 3345 374 3377 in
400 3343 576 3385 exemplari
606 3355 643 3375 ex
673 3355 734 3385 quo
760 3343 805 3375 M
824 3343 1003 3384 descriptus
1027 3349 1073 3375 est
1097 3344 1234 3376 binionis

148 3391 308 3433 soliorum
328 3390 430 3432 paria
454 3388 587 3421 interius
612 3395 642 3421 et
665 3389 802 3420 eoeterius
827 3387 926 3420 locum
952 3394 1170 3430 mutaverant,
1203 3395 1236 3421 ut

149 3436 239 3479 solia
255 3435 444 3477 complicata
465 3433 573 3488 Qll
591 3434 636 3465 ita
655 3433 834 3476 liyarentur
846 3432 954 3489 Q>
972 3433 1081 3472 (aliter
1100 3446 1163 3466 rem
1181 3446 1237 3467 nec

158 3505 231 3525 vero
256 3499 338 3525 recte
362 3492 502 3534 explicat
525 3490 724 3529 Zachariae)
758 3487 771 3533 Ι]
800 3489 941 3533 ἐφέντες
966 3489 1049 3529 ML]
1080 3489 1236 3533 ἐφιέντες

162 3537 206 3569 Bl
233 3533 394 3581 (ἀφέντες
418 3536 590 3579 Scrimqer,
614 3534 679 3575 ΒΓ)
703 3534 715 3577 ΙΙ
741 3536 781 3567 16
803 3537 862 3566 καὶ
886 3535 987 3574 ΕΒς]
1013 3534 1051 3566 ἐκ
1074 3535 1113 3567 Μ
1128 3534 1140 3578 ΙΙ
1166 3533 1235 3568 θ’ά-

158 3592 256 3625 τερος
279 3582 361 3622 LB]
385 3583 501 3626 ἕτερος
526 3582 566 3613 Μ
589 3579 600 3623 ΙΙ
630 3581 669 3613 18
695 3578 805 3622 εἴπερ]
831 3580 898 3612 sive
922 3581 955 3620 (i.
975 3592 999 3612 e.
1018 3578 1087 3612 εἴτε
1096 3579 1124 3620 ‘?)
1149 3592 1169 3616 ς
1193 3579 1240 3621 (εἴ

159 3637 212 3659 τις
235 3629 315 3660 coni.
339 3628 530 3667 Heimbaeh)
548 3626 559 3669 ΙΙ
584 3622 798 3668 βουληθεῖεν
816 3625 1014 3664 Zachariae]
1039 3622 1233 3667 βουληθείη

162 3683 238 3715 libri
253 3682 266 3725 ss
288 3684 329 3716 23
353 3672 497 3716 ποσοττ’
515 3678 702 3724 (ποσότητι
720 3681 780 3723 L2)
803 3679 888 3714 ἴσως
909 3682 939 3714 L
954 3679 967 3724 ΙΙ
994 3682 1037 3714 24
1061 3677 1232 3722 διάταξις]

166 3728 242 3760 Cod.
258 3730 288 3769 5,
302 3736 329 3769 3,
345 3736 376 3761 19
406 3728 418 3771 ΙΙ
445 3729 486 3761 29
512 3724 705 3772 πράγματα
728 3722 878 3769 ἀκίνητα
903 3726 951 3759 Β8
966 3739 996 3758 υ.
1012 3727 1031 3759 l.
1062 3726 1074 3770 ΙΙ
1105 3729 1146 3760 34
1173 3726 1233 3760 ἴνα

1300 2893 1489 2935 προτέρων
1513 2904 1580 2925 cum
1605 2892 1788 2935 Scrimqero
1812 2895 1898 2938 vulq.
1928 2895 1940 2938 ΙΙ
1969 2896 2009 2928 37
2037 2899 2186 2929 ποιείτω
2212 2898 2260 2929 Bs
2278 2910 2306 2930 υ.
2318 2899 2337 2930 l.

1371 2993 1385 3023 1
1417 2989 1456 3022 ab
1480 2992 1557 3022 ante
1581 3001 1640 3023 nos
1664 2993 1762 3035 vulq]
1799 2995 1875 3025 ante
1906 3005 1966 3026 nos
1994 2994 2140 3028 R1VT¹
2177 2999 2254 3028 ante
2278 3008 2337 3029 nos
2361 3008 2380 3030 a

1302 3035 1399 3069 R²T²
1412 3034 1423 3079 ΙΙ
1436 3037 1454 3069 3
1469 3036 1671 3069 numeranda
1685 3038 1755 3079 Tat
1769 3039 1879 3079 etiam]
1895 3041 1927 3071 et
1943 3038 2026 3083 V114
2040 3040 2090 3072 his
2102 3051 2186 3082 quae
2201 3053 2299 3084 super
2311 3042 2380 3086 1⁷²1}

1301 3081 1463 3114 filosofata
1485 3081 1516 3112 V
1533 3081 1732 3124 filosophata
1756 3083 1787 3115 T
1806 3083 2047 3126 phylosophata
2060 3086 2093 3117 R
2111 3086 2123 3128 ΙΙ
2141 3089 2159 3120 5
2183 3087 2225 3119 ab
2251 3100 2308 3119 om.
2323 3087 2357 3119 R
2369 3091 2380 3129 Η

1302 3126 1612 3167 circumspectiones
1633 3126 1690 3168 Vn
1709 3129 1725 3160 7
1747 3130 1795 3168 ut]
1822 3131 1853 3160 et
1878 3128 1969 3170 R¹T‚
1993 3143 2049 3162 om.
2073 3131 2120 3163 V¹
2137 3130 2149 3174 ΙΙ
2169 3133 2187 3165 8
2213 3132 2380 3164 habebant

1302 3170 1511 3204 honorabilia
1526 3172 1567 3203 Τ1
1587 3171 1598 3214 ΙΙ
1616 3171 1690 3204 iura
1714 3185 1771 3205 om.
1786 3173 1862 3217 3¹1¹
1884 3176 1923 3207 10
1950 3178 1981 3206 et
2005 3177 2100 3216 quae]
2126 3179 2158 3207 et
2182 3177 2242 3209 del.
2262 3177 2352 3209 Beclc
2367 3176 2379 3221 ΙΙ

1305 3219 1341 3252 11
1359 3218 1480 3256 autem]
1506 3219 1615 3248 autem
1639 3218 1700 3249 hoc
1722 3217 1755 3250 R
1772 3217 1783 3260 ΙΙ
1804 3219 1844 3252 13
1868 3219 2079 3261 permittente
2108 3220 2151 3252 ΕΙ
2168 3220 2180 3263 ΙΙ
2201 3224 2241 3255 14
2267 3233 2379 3254 corum

1306 3262 1361 3305 ΤΙΙ
1382 3265 1421 3312 Ῑᾷ
1446 3261 1570 3302 aliqua]
1596 3261 1662 3326 alizlz
1683 3261 1733 3295 V¹
1749 3261 1760 3305 ΙΙ
1780 3262 1847 3303 fiat]
1873 3264 1916 3295 sit
1941 3264 2006 3328 ΤΖΙΙ
2027 3265 2179 3329 21625ἰνε]
2204 3267 2231 3298 si
2257 3268 2350 3300 Beck
2370 3272 2380 3310 ΙΙ

1303 3307 1587 3385 ῗὲίὲῗῖζοξοῗιξθῖἐ
1605 3306 1685 3392 11Ιί241
1703 3309 1844 3392 gngeteltS
1852 3308 1918 3396 211¹}
1931 3309 2382 3399 {egesssilt'atzgcnlqilllulglnqg

1304 3398 1352 3431 R¹
1368 3401 1380 3441 Π
1399 3398 1497 3430 etiam
1519 3409 1576 3429 om.
1599 3396 1654 3440 Vll
1672 3398 1793 3430 nostris
1806 3398 1896 3431 RTa
1917 3399 1929 3442 ΙΙ
1950 3401 1990 3432 24
2005 3403 2037 3431 et
2050 3400 2125 3441 viri]
2144 3402 2203 3443 leq.
2217 3405 2254 3433 ut
2267 3402 2356 3434 viri?
2369 3401 2381 3447 ΙΙ

1305 3445 1346 3477 25
1364 3443 1531 3483 utrimque
1553 3442 1693 3485 Vvulq]
1711 3442 1845 3484 utrique
1863 3444 1937 3484 RT,
1953 3457 1978 3477 ε.
1992 3458 2022 3478 υ,
2042 3445 2090 3478 V³
2105 3446 2116 3488 ΙΙ
2137 3447 2179 3478 26
2196 3446 2314 3479 melius
2331 3450 2380 3480 est

1302 3489 1337 3520 in
1358 3501 1416 3521 om.
1431 3487 1489 3527 R¹‚
1514 3490 1562 3519 est
1578 3487 1613 3518 in
1639 3500 1697 3520 om.
1718 3488 1753 3528 V,
1778 3488 1814 3520 in
1839 3502 1898 3521 om.
1919 3490 1963 3521 Τι
1984 3489 1995 3533 ΙΙ
2013 3491 2053 3523 27
2072 3490 2152 3531 quid
2169 3492 2300 3533 quidem
2316 3493 2380 3534 T¹]

1303 3534 1390 3575 quod
1407 3533 1539 3574 quidem
1563 3533 1690 3575 Vvulq.
1718 3534 1850 3574 quidem
1867 3535 1955 3575 quod
1979 3535 2095 3579 RT211
2120 3537 2161 3570 28
2187 3537 2268 3578 quid
2289 3538 2380 3581 VT¹1

1303 3579 1390 3620 quod
1406 3577 1491 3610 RT2
1505 3578 1591 3621 vulq.
1612 3577 1623 3622 ΙΙ
1641 3577 1770 3610 aditum
1787 3579 1819 3611 R
1837 3579 1848 3622 ΙΙ
1873 3582 1914 3613 29
1932 3583 2039 3612 autem
2058 3591 2124 3613 non
2141 3584 2221 3624 (non
2242 3586 2382 3625 erasum)

1301 3639 1326 3657 s.
1340 3638 1367 3657 v.
1382 3623 1442 3664 R2,
1464 3636 1520 3655 om.
1535 3623 1583 3655 R¹
1603 3627 1614 3664 ῃ
1633 3623 1766 3665 utrique
1787 3624 1838 3657 V³
1854 3626 1864 3667 ΙΙ
1884 3636 1934 3658 res
1958 3636 2025 3658 non
2051 3626 2178 3659 fuerint
2196 3627 2228 3660 R
2244 3627 2256 3672 ΙΙ
2276 3630 2314 3662 31
2343 3632 2382 3662 ut

1302 3673 1334 3702 et
1358 3669 1415 3701 dos
1440 3671 1472 3700 et
1497 3671 1711 3710 augmentum
1737 3683 1795 3702 om.
1812 3670 1855 3703 T¹
1875 3670 1887 3714 Η
1914 3671 2057 3704 habeant
2077 3672 2110 3705 V
2127 3675 2237 3705 autem
2262 3674 2383 3708 habeat

1266 3762 1268 3768 ,
1304 3726 1351 3759 T¹
1374 3725 1386 3769 ῃ
1413 3726 1455 3759 33
1480 3725 1542 3766 vir]
1570 3713 1592 3755 ἃ
1619 3725 1773 3766 (i.e.ubi)
1799 3726 1888 3759 RV*
1913 3726 1926 3771 H
1961 3727 2071 3769 etiam]
2097 3729 2224 3762 etiamsi
2244 3730 2295 3764 1⁷³
