2586 3990
169 128 228 159 UT
256 127 405 166 NEQUE
434 127 567 159 MILES

168 225 281 272 ψήφῳ
315 224 337 270 ἢ
371 226 492 283 φιλικῇ
525 227 698 271 συμβάσει
731 230 839 274 πέρας
870 226 1016 273 ἔλαβον.
1071 225 1092 271 ἡ
1125 231 1249 262 τοίνυν

168 273 212 316 σὴ
238 269 392 318 ὑπεροχη
416 272 484 316 τὴν
507 274 697 318 παροῦσαν
729 270 833 316 ἡμῶν
856 274 1001 320 γενικὴν
1026 273 1250 317 νομοθεσίαν

168 318 463 364 προγραμμάτων
485 319 552 361 μὲν
575 318 668 352 κατὰ
692 319 830 362 ταύτην
854 319 921 363 τὴν
944 318 1116 363 βασιλίδα
1141 317 1249 353 πόλιν

168 363 261 397 κατὰ
285 361 327 397 τὸ
353 363 509 406 σύνηθες
532 363 824 408 προτιθεμένων,
849 364 1076 411 προςτάξεων
1101 362 1140 398 δὲ
1161 362 1250 408 πρὸς

168 408 248 442 τοὺς
281 410 358 442 τῶν
389 408 574 455 ἐπαρχιῶν
611 408 787 455 ἄρχοντας
823 409 1071 454 στελλομένων
1106 410 1153 443 εἰς
1181 408 1250 452 τὴν

168 451 348 488 ἁπάντων
369 454 509 500 γνῶσιν
531 452 657 488 ἐλθεῖν
681 455 1004 500 παρασκευασάτω.

236 499 318 534 Dat.
353 499 389 534 k.
415 499 523 534 Febr.
550 499 618 534 ΟΡ.
652 500 736 545 imp.
770 500 828 536 dn.
853 500 1040 535 Iustiniani
1071 510 1131 545 pp.
1157 499 1247 542 Aug.

168 554 262 579 anno
286 543 364 579 XV.
390 546 473 589 post
497 555 596 581 cons.
621 545 745 581 Basilii
769 557 800 582 v.
816 557 846 581 c.
872 546 945 581 ind.
971 545 1014 581 V.

1234 110 1319 159 549

1112 549 1159 588 [a.
1175 546 1253 586 542]

1983 113 2090 157 Nov.
2122 113 2257 157 CXVI
2284 126 2346 170 pr.
2381 115 2394 154 1

1317 226 1457 261 amicali
1482 225 1715 261 conventione
1735 224 1875 269 sopitae
1894 229 1988 270 sunt,
2013 228 2116 270 pater
2133 225 2324 262 karissime
2347 227 2401 261 at-

1319 282 1387 317 que
1419 271 1673 307 amantissime.
1723 270 1902 306 Celsitudo
1933 271 2054 315 itaque
2084 274 2148 306 tua
2178 276 2402 316 praesentem

1319 317 1434 353 nostri
1457 317 1610 353 numinis
1634 316 1833 361 generalem
1860 317 2147 352 constitutionem
2174 316 2299 352 edictis
2324 316 2401 362 qui-

1320 363 1397 398 dem
1432 363 1469 398 in
1506 363 1574 397 hac
1609 362 1706 406 regia
1742 361 1831 397 urbe
1867 371 1966 396 more
2002 362 2106 397 solito
2147 361 2400 406 proponendis,

1286 411 1305 443 5
1319 408 1630 453 praeceptionibus
1651 410 1769 442 autem
1794 405 1840 440 ad
1856 406 2118 450 provinciarum
2142 410 2300 442 rectores
2317 406 2400 442 diri-

1318 453 1442 497 gendis
1467 454 1512 489 ad
1537 453 1692 489 omnium
1717 451 1880 488 notitiam
1903 452 2015 487 faciat
2037 452 2232 498 pervenire.

363 771 543 824 ΠΕΡΙ
575 704 1052 823 ΣΤΙΙΪῘᾹΤΙῼΊῺΝ.

210 1048 248 1084 Ὁ
272 1046 380 1084 αὐτὸς
404 1047 569 1094 βασιλεὺς
593 1047 759 1092 Θεοδότῳ
785 1049 931 1094 ἐπάρχῳ
955 1052 1202 1095 πραιτωρίων.

222 1117 528 1171 <Προρίμιον >
575 1116 678 1152 Μετὰ
702 1115 770 1160 τὴν
786 1118 850 1150 τοῦ
873 1115 1052 1171 δεσπότου
1077 1116 1167 1150 θεοῦ
1193 1113 1246 1150 εὖ·
1264 1121 1303 1154 15

165 1165 312 1205 με’νειαν
329 1162 508 1208 ασφάλεια
523 1163 600 1196 τῶν
617 1161 802 1207 ἡμετέρων
819 1160 994 1205 ὑπηκόων
1009 1177 1030 1205 η
1047 1164 1123 1196 τῶν
1140 1175 1247 1209 στρα-

165 1208 349 1241 τιωτικῶν
380 1221 454 1252 πρα
476 1204 607 1252 μάτων
639 1206 727 1252 ἀρχὴ
752 1211 812 1241 καὶ
835 1206 1072 1242 κατάστασις·
1106 1208 1248 1242 τούτων

164 1252 234 1298 γὰρ
257 1256 412 1299 προνοίᾳ
440 1272 449 1285 τ
472 1254 531 1287 εοῦ
555 1256 831 1297 συνισταμένων
862 1251 882 1296 ἡ
912 1255 980 1297 μὲν
1009 1254 1087 1287 τῶν
1110 1250 1247 1298 βαρβά-

166 1311 242 1342 ρων
266 1301 462 1343 προπέτεια
485 1297 715 1345 χαλτνοῦτιιι,
739 1299 783 1332 τὰ
805 1297 845 1332 δὲ
866 1299 927 1341 τῆς
946 1298 1128 1334 πολιτείας
1148 1299 1246 1339 αὔξει

1264 783 1307 816 10

1677 700 1802 736 CXVI.
1827 700 1938 736 Auth.
1954 700 2080 736 CVIII.
2106 701 2194 736 Coll.
2207 701 2290 737 VIII
2311 701 2365 736 tit.
2380 703 2400 736 9

1505 771 1557 820 R
1595 770 1690 820 UT
1727 770 1962 830 NEQUE
1997 770 2204 820 MILES

1319 838 1562 897 NEQUE
1615 837 2092 888 FOEDERATUS
2149 837 2400 888 OBSER-

1320 907 1458 956 VET
1530 905 1763 955 DOMUI
1834 906 2188 956 PRIVATAE
2257 905 2400 955 AUT

1409 973 1854 1024 POSSESSIONI
1898 973 2220 1024 ALIOUIUS
2261 974 2312 1022 R

1594 1052 1691 1086 Idem
1722 1052 1814 1096 Aug.
1847 1051 2033 1087 Theodoto
2064 1063 2126 1097 pp.

1372 1118 1663 1164 (Praefatio.)
1716 1118 1805 1154 Cum
1838 1119 1970 1154 domini
2003 1119 2058 1155 dei
2086 1118 2324 1154 benivolentia
2355 1119 2401 1154 ad

1317 1164 1513 1199 custodiam
1545 1168 1748 1200 nostrorum
1781 1164 2023 1200 subiectorum
2051 1165 2256 1199 militarium
2281 1174 2400 1199 rerum

1315 1209 1442 1253 incipit
1466 1209 1661 1245 ordinatio:
1695 1210 1749 1244 his
1773 1210 1867 1244 enim
1891 1210 2112 1255 providentia
2136 1210 2194 1246 dei
2217 1209 2400 1254 dispositis

1318 1255 1550 1289 barbarorum
1592 1255 1732 1300 quidem
1771 1255 2033 1290 incontinentia
2072 1255 2291 1297 refrenatur,
2331 1255 2400 1290 rei-

1316 1300 1481 1344 publicae
1505 1310 1587 1335 vero
1612 1310 1668 1335 res
1693 1303 1877 1343 augentur.
1926 1301 1976 1335 Et
2000 1301 2166 1345 quoniam
2190 1299 2298 1344 aliqui
2316 1310 2398 1344 pro-

166 1342 369 1399 πράγματα.
418 1345 495 1378 ἐπεὶ
518 1347 584 1378 οὐν
607 1355 700 1378 τινες
723 1345 785 1387 τῆς
806 1345 946 1378 ἑαυτῶν
971 1348 1148 1389 σωτηρίας
1167 1341 1246 1378 οὐδ·
1263 1348 1304 1380 20
1317 1345 1417 1390 priae
1442 1345 1567 1380 salutis
1591 1356 1656 1390 pro
1681 1345 1792 1380 nihilo
1817 1345 1989 1381 facientes
2015 1346 2187 1381 rationem
2212 1346 2342 1381 milites
2365 1348 2402 1380 et

166 1402 229 1422 ενα
261 1388 472 1433 ποιούμενοι
503 1387 612 1444 λόχον
641 1389 723 1424 τοὺς
746 1389 972 1436 στρατιώτας
998 1393 1058 1423 καὶ
1083 1388 1247 1435 φοιδερά-

165 1445 261 1477 τους,
294 1431 504 1480 ὀφείλοντας
528 1437 619 1480 υπὲρ
650 1436 712 1478 τῆς
742 1434 946 1480 ἐλευθερίας
977 1436 1039 1478 τῆς
1068 1434 1249 1470 πολιτείας

165 1479 257 1513 κατὰ
280 1481 358 1513 τῶν
382 1480 528 1525 ἐχθρῶν
553 1477 820 1526 ἀγωνίζεσθαι,
846 1479 1029 1524 τολμῶσιν
1051 1478 1249 1526 ’ὑποσύρειν

165 1527 224 1557 καὶ
258 1525 305 1558 εἰς
330 1522 514 1559 ἰδιωτικὰς
543 1523 762 1580 ἀπασχολεῖν
785 1530 917 1571 χρείας,
950 1524 1160 1571 συνείὸομεν
1191 1524 1248 1560 διὰ

1317 1391 1532 1433 foederatos,
1550 1392 1610 1435 qui
1627 1391 1758 1426 debent
1774 1401 1839 1435 pro
1858 1392 2021 1426 libertate
2038 1391 2256 1436 reipublicae
2275 1392 2400 1426 contra

1317 1436 1476 1472 inimicos
1510 1440 1667 1479 certare,
1698 1438 1934 1481 praesumunt
1964 1437 2175 1472 subtrahere
2207 1436 2301 1471 etin
2327 1436 2399 1480 pri-

1318 1485 1417 1516 vatas
1443 1491 1526 1517 suas
1544 1492 1722 1527 occupare
1747 1482 1930 1525 utilitates,
1953 1482 2191 1526 praevidimus
2216 1492 2281 1525 per
2297 1491 2400 1526 prae-

1318 1530 1454 1562 sentem
1475 1531 1634 1563 nostram
1650 1528 1762 1571 legem
1780 1527 1943 1563 omnibus
1964 1528 2186 1570 interdicere,
2207 1531 2247 1562 ut
2263 1528 2401 1562 nullum

164 1571 228 1603 τοῦ
253 1570 435 1616 παρόντος
459 1568 563 1613 ἡμῶν
586 1584 700 1615 νομου
730 1583 821 1605 πασι
846 1573 1128 1625 προαῖορεῦσαι,
1162 1568 1249 1606 dicre
1264 1575 1305 1607 25
1319 1573 1362 1607 de
1393 1577 1511 1608 cetero
1543 1578 1776 1618 praesumant
1805 1573 1952 1608 militem
1986 1573 2023 1608 in
2056 1583 2277 1617 quocumque
2308 1572 2400 1607 rela-

165 1616 228 1648 τοῦ
261 1613 387 1649 λοιποῦ
419 1615 557 1659 μηδένα
589 1616 764 1660 τολμῆσαι
798 1628 1027 1661 στρατιωτην
1058 1619 1097 1651 ἐν
1121 1615 1249 1661 οίῳδή-

164 1672 253 1694 ποτε
278 1656 552 1706 ἀναφερόμενον
585 1658 735 1706 ἀριθμῷ
767 1660 789 1704 ἢ
813 1660 1029 1707 φοιὸεράτον
1054 1660 1250 1708 ὑποσύρειν

164 1703 186 1748 ἢ
202 1706 251 1739 εἰς
266 1705 334 1739 τὸν
351 1705 478 1740 ἑαυτοῦ
504 1709 597 1749 ἔχειν
620 1707 720 1740 οἷκον
743 1705 766 1750 ἢ
786 1707 833 1740 εἰς
855 1707 919 1741 τὰς
940 1705 1031 1742 ἰδίας
1052 1710 1145 1749 ἔχειν
1166 1707 1247 1751 κτή-

165 1761 252 1784 σεις·
289 1754 371 1796 περὶ
395 1748 454 1786 οὓς
474 1749 571 1796 ἡμεῖς
592 1751 743 1786 πολλοὺς
775 1750 1012 1806 ἐφιστάμεθα
1033 1753 1166 1787 πόνους
1191 1767 1248 1798 yv-

1319 1622 1393 1653 tum
1417 1628 1565 1654 numero
1590 1622 1653 1653 aut
1667 1618 1890 1655 foederatum
1915 1618 2126 1654 subtrahere
2149 1619 2186 1653 in
2206 1628 2272 1653 sua
2296 1617 2400 1652 domo

1319 1667 1382 1698 aut
1405 1664 1442 1698 in
1459 1664 1624 1708 proprias
1650 1665 1782 1699 habere
1805 1664 2068 1709 possessiones:
2094 1674 2160 1709 pro
2181 1663 2310 1708 quibus
2335 1672 2401 1698 nos

1318 1709 1448 1745 multos
1474 1709 1689 1745 sustinemus
1713 1710 1873 1753 labores3
1900 1714 2112 1744 exercentur
2136 1710 2228 1744 enim
2253 1712 2289 1744 et
2311 1707 2401 1742 mili-

1317 1757 1407 1798 tant,
1433 1756 1474 1790 ut
1497 1755 1743 1791 communibus
1768 1755 1873 1791 utiles
1898 1755 1970 1790 sint
1992 1755 2111 1791 rebus,

103 1823 106 1824 γ
163 1794 360 1850 μνάζοντες
384 1800 443 1830 καὶ
467 1796 736 1842 στρατεύοντες,
762 1809 850 1832 ωςτε
872 1801 945 1832 τοῖς
968 1803 1098 1833 κοινοῖς
1122 1796 1249 1833 αὐτοὺς
1262 1801 1304 1834 30

164 1853 389 1885 χρησιμευειν
409 1840 628 1889 πράγμασιν.

1166 1934 1326 1970 CAPUT
1351 1935 1378 1972 I.

227 1986 418 2022 ”Eowoav
441 1992 563 2022 τοίνυν
593 1987 727 2024 πάντες
756 1988 888 2023 εἰδότες
919 1987 999 2023 ὅσοι
1024 1988 1249 2034 στρατιώτας

165 2029 188 2076 ἢ
213 2031 444 2078 φοιὸεράτους
477 2034 579 2068 τινας
611 2036 649 2068 ἐν
680 2038 753 2068 τοῖς
776 2036 919 2069 ἑαυτῶν
952 2037 1045 2077 ἔχειν
1070 2037 1251 2070 ἔσπευσαν

1379 1992 1457 2026 Sint
1480 1992 1589 2035 igitur
1619 2000 1739 2026 omnes
1765 1991 1916 2026 scientes
1951 1990 2011 2035 qui
2034 1989 2164 2026 milites
2195 1995 2258 2026 aut
2283 1990 2402 2026 foede-

1317 2041 1415 2072 ratos
1439 2038 1578 2081 aliquos
1602 2037 1638 2071 in
1662 2036 1737 2072 suis
1761 2036 1897 2071 habent
1922 2036 2084 2072 domibus
2117 2040 2180 2071 aut
2206 2036 2402 2081 possessio-

234 2103 318 2135 Νου.
344 2102 466 2136 CXVI
483 2104 644 2143 (Audierit.
665 2103 789 2137 CVIII
805 2121 849 2133 =
873 2104 952 2137 Coll.
977 2104 1067 2137 VIII
1085 2106 1129 2137 tit.
1145 2106 1180 2138 9:
1202 2105 1315 2148 yloss.)
1344 2105 1469 2139 Graece
1494 2113 1580 2138 extat
1604 2106 1636 2138 in
1662 2106 1735 2137 ML
1761 2106 1843 2147 (fuit
1867 2105 1902 2137 B
1925 2106 1979 2146 57,
1995 2112 2011 2139 8
2036 2106 2207 2138 secundum
2230 2106 2351 2138 indices
2375 2112 2404 2138 et

167 2148 214 2180 ΒΞς
242 2148 279 2179 Σ
299 2150 331 2190 4,
349 2155 384 2181 22
402 2161 437 2190 p.
452 2150 515 2182 601
535 2149 663 2187 Zach.).
690 2168 732 2172 —
757 2150 846 2191 Epz't.
865 2149 984 2182 Theod.
1001 2150 1074 2186 116,
1101 2151 1220 2182 Athon.
1236 2150 1289 2190 20,
1303 2157 1330 2191 3,
1356 2151 1504 2193 Epitome
1524 2151 1575 2191 15,
1593 2157 1638 2183 23.

165 2226 343 2261 sententia
367 2225 424 2261 vel
446 2226 589 2261 amicali
614 2226 874 2272 compositione
895 2226 1000 2270 finem
1029 2230 1240 2261 consecutae
1263 2231 1357 2262 sunt.
1408 2227 1484 2262 Tua
1508 2227 1621 2273 iqitur
1643 2226 1843 2261 sublimitas
1867 2226 2007 2271 efficiat
2039 2231 2079 2260 ut
2096 2237 2274 2277 praesens
2297 2238 2403 2273 qene-

165 2271 256 2306 ralis
281 2271 343 2306 lea·
366 2275 494 2306 nostra
522 2282 600 2306 cum
627 2271 752 2307 edictis
779 2281 848 2317 per
873 2269 966 2304 lianc
989 2271 1127 2315 reqiam
1151 2271 1330 2307 civitatem
1362 2283 1460 2307 more
1485 2272 1593 2307 solito
1612 2272 1820 2317 propositis
1852 2277 1925 2306 tum
1941 2275 2154 2317 praeceptis
2186 2272 2235 2306 ad
2251 2273 2402 2318 provin-

167 2317 304 2351 ciarum
327 2315 516 2361 praesides
540 2316 656 2351 missis
682 2316 730 2350 acl
754 2315 910 2350 omnium
935 2316 1101 2350 notitiam
1118 2318 1321 2361 perveniat.

1023 2517 1124 2567 DE
1158 2447 1555 2568 MZVJITJBUS.

302 2595 571 2641 Praefatio.
620 2596 710 2631 Post
734 2596 870 2631 domini
894 2596 951 2632 dci
974 2596 1254 2631 benevolentiam
1277 2595 1518 2631 subiectorum
1543 2599 1751 2631 nostrorum
1782 2596 1959 2631 securitas
1987 2595 2024 2629 in
2048 2595 2257 2641 militarium
2282 2606 2403 2630 rerum

167 2642 319 2689 imperio
345 2647 380 2676 et
403 2642 627 2677 institutione
643 2643 772 2687 posita
796 2646 868 2677 est:
892 2641 948 2676 liis
971 2643 1064 2676 enim
1088 2641 1144 2676 dei
1159 2641 1392 2687 providentia
1416 2641 1621 2676 constitutis
1644 2645 1680 2677 et
1703 2641 1941 2676 barbarorum
1957 2640 2166 2686 petulantia
2191 2641 2405 2686 refrenatur

167 2693 200 2723 et
225 2687 278 2722 rei
300 2686 466 2733 publicae
490 2697 576 2732 opes
599 2690 773 2734 crescunt.
820 2685 901 2721 Iam
925 2688 1096 2733 quoniam
1121 2686 1288 2721 nonnulli
1311 2686 1441 2721 salutis
1471 2697 1558 2721 suae
1581 2686 1684 2721 nulla
1708 2687 1851 2722 ratione
1875 2685 1999 2721 habita
2022 2685 2152 2721 milites
2174 2690 2211 2721 et
2231 2686 2404 2738 foedera-

169 2737 235 2774 tos,
268 2732 331 2777 qui
352 2742 423 2776 pro
450 2731 613 2767 libertate
636 2732 856 2777 reipublicae
887 2737 1015 2767 contra
1040 2731 1159 2767 hostes
1176 2742 1347 2778 puqnare
1371 2729 1533 2772 debeant,
1565 2730 1762 2767 subducere
1793 2736 1829 2766 et
1860 2732 1898 2766 in
1925 2730 2081 2776 privatis
2111 2731 2268 2777 neqotzis
2299 2741 2403 2766 occu-

164 2782 273 2824 patos
296 2777 454 2812 detinere
479 2777 630 2818 audent,
656 2777 801 2822 placuit
832 2777 934 2812 nobis
958 2788 1031 2823 per
1058 2782 1285 2822 praesentem
1317 2776 1430 2821 leqem
1453 2780 1614 2811 nostram
1640 2776 1803 2811 omnibus
1826 2776 2051 2818 interdicere,
2082 2786 2128 2811 ne
2176 2776 2342 2821 uisquam
2366 2776 2404 2809 in

163 2826 350 2869 posterum
375 2822 521 2857 militem
544 2823 583 2856 in
608 2822 901 2868 qualemcumque
925 2833 1110 2857 numerum
1142 2822 1294 2858 relatum
1327 2824 1390 2855 aut
1411 2820 1644 2865 foederatum
1667 2821 1865 2856 subducere
1895 2822 1950 2857 vel
1979 2821 2016 2855 in
2048 2831 2117 2855 sua
2165 2822 2272 2856 abere
2296 2821 2403 2855 domo

166 2868 222 2903 vel
244 2868 281 2902 in
298 2867 469 2948 guropriis
489 2867 779 2913 possessionibus
803 2867 934 2902 habere
959 2867 1109 2902 audeat:
1142 2867 1185 2901 cle
1206 2867 1335 2912 quibus
1367 2876 1434 2900 nos
1457 2866 1590 2901 multos
1622 2866 1765 2902 labores
1787 2868 2004 2902 sustinemus
2026 2866 2211 2901 exercitiis
2233 2871 2270 2901 et
2294 2876 2403 2911 expe-

167 2912 297 2948 ditioni
321 2923 364 2947 us

415 2913 541 2954 aratis,
566 2915 605 2946 ut
629 2912 872 2947 communibus
895 2912 1003 2947 rebus
1027 2912 1132 2947 utiles
1154 2923 1193 2947 se
1215 2914 1411 2957 praestent.

301 2957 330 2992 I.
409 2957 507 2991 ciant
530 2957 644 3001 iqitm·
669 2968 791 2992 omnes
815 2958 1028 3002 quicumque
1050 2957 1180 2991 milites
1210 2957 1266 2991 vel
1287 2955 1499 3001 foederatos
1523 2955 1668 3001 aliquos
1691 2956 1728 2990 in
1751 2956 1916 2992 domibus
1940 2956 2018 2991 suis
2040 2956 2097 2991 vel
2113 2955 2405 3001 possessionibus

216 3040 230 3069 1
258 3035 474 3079 συμβιβάσει
494 3037 524 3068 L
543 3037 555 3079 ΙΙ
578 3038 687 3081 πέρας
711 3033 861 3079 ἔλαβον]
885 3038 980 3078 pater
1003 3036 1176 3068 karissime
1200 3040 1249 3067 at-

169 3092 232 3123 que
255 3082 477 3112 amantissime
502 3082 579 3113 add.
605 3093 624 3117 ς
655 3081 666 3125 ΙΙ
697 3083 717 3115 2
741 3078 856 3123 ἡμῶν]
894 3081 1001 3113 nostri
1024 3081 1173 3113 numinis
1198 3092 1217 3116 ς
1240 3080 1251 3123 ΙΙ

169 3128 187 3159 3
211 3127 278 3169 μὲν
301 3125 393 3158 κατὰ
419 3124 567 3168 ταύτην]
605 3121 689 3159 κατ’
718 3122 830 3168 αὐτὴν
853 3127 919 3170 μὲν
943 3126 975 3159 A
1004 3125 1016 3169 ΙΙ
1044 3128 1067 3160 4
1090 3124 1182 3159 κατὰ
1206 3124 1249 3159 τὸ

169 3170 336 3212 σύνηθες]
355 3168 525 3212 συνήθως
541 3172 572 3203 A
591 3170 603 3215 ΙΙ
620 3172 640 3204 6
657 3169 782 3203 ἐλθεῖν
799 3166 1124 3215 παρασκευασάτω]
1143 3170 1253 3210 ὀξέως

169 3215 295 3250 ἐλθεῖν
318 3215 632 3259 παρασκευασάτω
655 3215 804 3249 πάντως
817 3219 847 3249 A
864 3219 874 3255 ΙΙ
896 3219 912 3250 7
931 3218 1051 3249 subscr.
1069 3229 1125 3248 om.
1139 3227 1168 3258 ς,
1194 3218 1251 3248 Iza-

171 3266 243 3295 bent
261 3260 366 3294 Iulstw
389 3261 469 3301 (dat.
495 3271 629 3303 procon.
656 3261 805 3294 belisarii
826 3262 921 3304 Iule)
938 3260 950 3306 ΙΙ
968 3261 1001 3294 k.
1021 3260 1102 3293 febr.
1122 3259 1252 3294 ΜΙτιί.ὸ

169 3309 241 3349 (om.
255 3307 357 3348 Iulw)
381 3307 467 3344 Ath„
491 3308 577 3349 μηνὶ
602 3308 830 3358 φεβρουαρίῳ
854 3307 974 3339 Theod.
996 3305 1008 3349 11
1025 3305 1252 3339 constantino-

168 3352 241 3396 poli
263 3352 341 3394 imp.
369 3351 469 3383 donn.
495 3351 679 3383 iustiniano
703 3362 779 3392 aug.
795 3351 869 3384 XV.
891 3349 973 3384 Iul.b
1005 3361 1055 3394 cp.
1080 3351 1134 3383 dn.
1157 3350 1252 3384 iusti-

170 3397 271 3430 niano
295 3407 348 3439 po.
371 3407 402 3428 n.
418 3395 495 3429 XV.
516 3397 603 3429 Iul.¹⁰
632 3406 681 3438 cp.
704 3396 758 3428 dn.
779 3396 857 3428 iust.
878 3406 934 3438 pp.
959 3406 1034 3438 aug.
1052 3397 1093 3428 M
1113 3396 1185 3429 ἔτει
1206 3394 1253 3430 ιε’

170 3443 233 3484 τῆς
262 3439 447 3485 βασιλείας
482 3442 600 3475 Τήεοά.
636 3438 820 3484 βασιλείας
847 3436 1103 3474 ’Ῑουστινιανοῦ
1133 3442 1207 3474 ΑιῘι.
1243 3440 1255 3486 11

172 3489 191 3520 8
216 3490 291 3529 post
321 3497 409 3519 cons.
437 3486 555 3518 Basilii
586 3497 635 3519 vo.
660 3486 729 3518 ind.
753 3487 803 3527 v.]
842 3486 907 3529 pcl.
932 3485 1015 3518 barl.
1042 3487 1142 3519 usisse
1170 3486 1254 3519 indu

174 3533 260 3565 lum
297 3534 371 3574 post
401 3542 488 3564 cons.
521 3530 682 3563 consulat.
716 3530 853 3563 uelisari
883 3542 933 3564 uc.
958 3530 1041 3564 Iul!
1075 3531 1170 3565 basil.
1201 3542 1253 3565 uc.

173 3587 277 3609 conss.
292 3578 338 3610 M
361 3572 602 3610 ὑπατεύοντος
618 3573 807 3608 Βασιλείου
828 3577 948 3609 Theod.
986 3573 1209 3610 ἰνὸικτιῶνος
1228 3575 1254 3610 ε’

174 3623 250 3654 Atta.
269 3622 282 3664 ΙΙ
299 3623 340 3655 10
354 3624 442 3654 rubr.
467 3623 556 3664 Περὶ
580 3621 820 3665 στρατιωτῶν
834 3621 905 3654 ML
921 3622 1053 3662 Themi]
1078 3624 1165 3666 Περὶ
1189 3622 1255 3656 τοῦ

175 3663 222 3709 μὴ
248 3669 471 3710 παραμένειν
502 3668 598 3699 τισὶν
623 3665 848 3710 στρατιώτας
877 3663 902 3709 ἢ
924 3663 1155 3712 φοιδεράτους
1179 3668 1255 3701 Am.

174 3713 230 3758 (cs.
245 3713 277 3754 ς)
296 3711 309 3755 ΙΙ
328 3713 369 3746 14
389 3714 483 3745 inser.
510 3713 628 3745 addidi
651 3725 689 3744 ex
705 3714 780 3745 Am.
797 3723 829 3749 ς;
856 3723 917 3745 om.
932 3712 1005 3745 ML
1020 3716 1032 3756 fl
1050 3710 1256 3755 θεωδωσίφ

1320 3037 1393 3066 Atlz.
1408 3036 1476 3066 cod.
1495 3034 1506 3077 ΙΙ
1527 3037 1567 3068 17
1583 3030 1672 3078 ἀρχὴ
1690 3036 1751 3066 καὶ
1766 3033 1997 3075 κατάστασις]
2023 3035 2145 3076 incipit
2163 3034 2331 3067 ordinatio
2351 3045 2370 3069 ς
2392 3033 2398 3076 Ι

1323 3082 1362 3113 lb
1378 3079 1445 3123 μὲν
1459 3080 1522 3120 [ις]
1548 3093 1605 3112 om.
1622 3080 1691 3122 111Ιί
1709 3081 1749 3112 25
1769 3080 2057 3124 προσαγορεῦσαι
2074 3080 2106 3112 L
2125 3080 2136 3121 11
2161 3081 2202 3113 28
2227 3074 2250 3121 ἢ
2276 3091 2334 3111 om.
2352 3090 2372 3115 ς
2393 3077 2398 3120 Ι

1319 3128 1414 3166 ἔχειν
1437 3123 1536 3157 οἶκον
1551 3125 1608 3165 M]
1634 3125 1704 3166 ἔχει
1729 3123 1826 3156 οἷκον
1840 3125 1888 3165 L,
1914 3125 2007 3165 ἔχειν
2032 3138 2088 3157 om.
2106 3135 2125 3159 ς
2148 3131 2232 3157 recte
2257 3125 2371 3166 opinor
2394 3121 2406 3165 ss

1322 3172 1363 3204 29
1388 3167 1630 3214 γυμνάζοντες
1659 3171 1719 3201 καὶ
1743 3165 2011 3213 στρατεύοντες]
2044 3171 2240 3201 exercentur
2264 3169 2352 3200 enim
2374 3170 2406 3200 et

1321 3215 1469 3247 militant
1494 3226 1512 3250 ς
1536 3213 1548 3258 ΙΙ
1579 3215 1622 3247 32
1648 3215 1812 3256 legendum
1837 3216 1965 3247 videtur
1984 3212 2162 3246 Ἴστωσαν
2186 3221 2214 3246 et
2239 3214 2405 3246 delendum

1321 3258 1454 3293 εἰδότες
1471 3259 1482 3303 ss
1502 3261 1544 3293 33
1569 3259 1663 3300 ἔχειν
1683 3259 1864 3292 ἔσπευσαν
1879 3259 1936 3299 Μ]
1962 3261 2056 3300 ἔχειν
2074 3259 2105 3291 L
2130 3257 2254 3290 habent
2270 3268 2300 3299 ς,
2321 3259 2406 3291 unde

1323 3307 1437 3347 ἐξίοιεν
1463 3306 1658 3337 Haloana'er

1371 3397 1389 3427 3
1408 3394 1553 3427 nominis
1566 3394 1599 3426 R
1610 3393 1678 3434 VT,
1693 3405 1775 3427 corr.
1789 3394 1876 3437 vuly.
1895 3392 1908 3436 ΙΙ
1925 3395 1947 3427 4
1962 3395 2064 3435 more]
2081 3403 2171 3426 rome
2193 3393 2225 3426 V
2238 3392 2249 3435 ΙΙ
2267 3393 2286 3425 5
2300 3394 2406 3425 recto-

1322 3452 1390 3474 rem
1408 3439 1462 3484 ΤΙΙ
1489 3441 1508 3473 ’7
1527 3440 1761 3482 subscriptione
1782 3445 1895 3471 carent
1920 3439 1995 3471 libri
2011 3437 2023 3481 ΙΙ
2049 3441 2085 3472 11
2111 3438 2260 3470 observet
2281 3438 2331 3470 ed.
2340 3438 2407 3480 pru]

1323 3487 1519 3519 obser-uetur
1541 3485 1572 3517 R
1585 3484 1646 3518 VT
1653 3484 1740 3525 vulq.
1757 3482 1769 3526 ΙΙ
1796 3484 1838 3516 14
1854 3483 1988 3515 theodio
2010 3484 2042 3516 T
2061 3483 2072 3527 ΙΙ
2098 3485 2137 3517 18
2161 3482 2408 3515 incontinentia

1324 3533 1393 3571 cet]
1418 3530 1562 3563 tinentia
1587 3549 1625 3552 —
1647 3530 1688 3562 25
1707 3531 1919 3571 praesumant
1936 3526 1991 3572 mil
2017 3541 2079 3562 scr.
2098 3528 2146 3560 R2
2158 3530 2191 3561 in
2207 3540 2273 3561 ras.
2288 3529 2311 3562 4
2323 3539 2371 3560 vv.
2397 3526 2409 3571 ss

1327 3579 1367 3610 19
1384 3575 1512 3617 aliquid
1529 3575 1598 3608 ΒΤ
1613 3573 1625 3618 ΙΙ
1648 3575 1690 3607 22
1716 3574 1836 3606 certari
1858 3574 1906 3606 V¹
1928 3572 1939 3616 ΙΙ
1964 3575 2006 3606 23
2028 3583 2164 3615 operare
2187 3572 2239 3605 ΕΦ*
2261 3572 2274 3616 ss
2297 3572 2409 3615 provi-

1325 3622 1433 3654 dimus
1456 3622 1543 3663 vulq.
1560 3618 1572 3664 ΙΙ
1592 3621 1633 3653 27
1647 3632 1663 3652 s
1688 3644 1694 3650 .
1719 3618 1843 3651 multos
1860 3629 1920 3650 nos
1938 3618 1969 3650 R
1987 3618 1999 3662 ΙΙ
2017 3620 2059 3652 28
2081 3618 2272 3650 militantur
2288 3617 2382 3651 R¹V
2397 3615 2410 3681 [1

1326 3669 1368 3701 29
1393 3667 1462 3699 sint
1484 3665 1584 3698 utiles
1610 3665 1643 3698 T
1676 3663 1682 3708 Ι
1709 3665 1752 3699 32
1777 3663 1872 3696 Scint
1892 3662 1941 3697 V¹
1972 3663 1984 3708 ΙΙ
2015 3665 2056 3697 33
2081 3664 2117 3696 in
2141 3662 2211 3696 suis
2233 3662 2334 3696 habet
2358 3663 2392 3695 R

1327 3712 1450 3745 habent
1474 3712 1510 3743 in
1533 3711 1601 3743 suis
1627 3710 1659 3742 T
