2618 4010
296 153 402 197 Nov.
423 152 456 194 G
484 165 545 208 pr.
579 154 598 193 1

295 359 473 414 ΠΕΡΙ
513 360 656 413 TOY
699 293 998 414 XPgNOY
1040 357 1187 415 ΤΗΣ
1229 357 1366 410 Em

363 426 498 479 ΤΗΙ
527 426 792 480 ΠΡΟΙΚΙ
823 424 1306 480 ΑΝΑΡΓῩΡΙΑΣ.

292 503 332 540 Ὁ
353 502 460 540 αὐτὸς
482 503 649 549 βασιλεὺς
669 501 819 553 Ἰωάννῃ
843 504 989 550 ἐπάρχῳ
1010 507 1246 549 πραιτωρίων
1263 502 1305 538 τὸ
1323 502 1370 547 β’,

436 549 510 585 ἀπὸ
535 547 689 585 ὑπάτων
713 546 934 596 όρδιναρίων
955 552 1015 583 καὶ
1038 552 1227 593 πατρικίῳ.

343 617 642 663 (Προοίμιον.)
695 620 768 650 Καὶ
799 617 864 651 τὰς
896 613 1111 671 ἇναργυρίας
1140 615 1205 650 τὰς
1234 611 1371 650 ἀντιτι-

295 663 451 706 θεμένας
485 664 549 696 ἐπί
579 675 695 696 τινων
727 662 905 706 θεμάτων
941 675 1006 695 ουκ
1044 658 1300 701 ἀνεξετάστως
1338 659 1374 694 οἱ

294 708 455 752 ἡμέτεροι
478 706 758 741 καταλελοίπασι
781 706 897 749 νόμοι,
918 705 1009 740 ἀλλὰ
1029 706 1072 740 τὸ
1093 705 1234 750 μακρὸν
1250 701 1371 739 αὐτῶν

1366 142 1452 191 484

1867 161 1928 191 DE
1955 159 2161 191 TEMPORE
2188 158 2279 190 NON
2307 156 2507 191 somrrm

1813 290 1853 327 G.
1899 291 2010 328 Auth.
2022 292 2185 328 XCVIII.
2211 291 2296 327 coll.
2312 291 2381 327 VII
2395 291 2449 327 tit.
2464 295 2505 327 10

1433 358 1484 407 R
1525 358 1617 405 DE
1653 357 1973 410 TEMPORE
2014 361 2153 411 NON
2193 360 2504 411 SOLUTAE

1500 422 1837 474 PECUNIAE
1874 424 2090 478 SUPER
2123 428 2363 478 DOTEM
2390 427 2444 476 R

1495 499 1591 536 Idem
1614 501 1705 544 Aug·
1729 500 1879 536 Iohanni
1902 511 1926 546 P
1954 528 1963 538 ·
1985 513 2049 550 per
2071 505 2251 542 Orientem
2274 503 2441 547 secundo,

1646 554 1691 580 ex
1714 546 1858 581 consule
1881 556 1922 581 or
1948 545 1956 553 '
1983 548 2058 585 ario
2080 555 2116 586 et
2137 550 2299 596 patricio.

1504 612 1799 667 (Praefatio.)
1841 613 1971 665 Omnes
1998 616 2171 659 pecuniae
2199 627 2272 653 non
2302 619 2507 652 numeratae

1439 658 1689 703 replicationes
1721 658 1900 693 subiectas
1928 669 1965 694 ιιι
1996 659 2172 705 aliquibus
2195 662 2337 698 casibus
2359 672 2431 697 non
2454 662 2506 696 in-

1439 703 1658 739 examinatas
1694 706 1839 738 nostrae
1872 703 2092 748 reliquerunt
2121 705 2235 750 leges,
2270 707 2334 742 sed
2362 706 2506 752 prolixi-

295 755 356 785 καὶ
387 753 619 794 ἐκκεχυμένον
649 751 940 795 συνεστείλαμεν,
973 752 1034 785 ἵνα
1064 750 1113 794 μὴ
1146 751 1208 793 τῆς
1232 750 1371 784 ἑαυτῶν
1440 751 1549 784 tabem
1580 758 1702 783 earum
1732 751 1769 783 et
1797 747 2006 784 effusionem
2037 749 2332 794 adbreviavimus,
2367 762 2412 787 ne
2442 762 2508 787 Sua

296 796 513 841 ῥᾳθυμίαςῆ
527 801 737 851 κακουργίας
750 797 836 830 ἴσως
849 794 1140 850 έμπορικώτερον
1153 792 1371 830 ἀπολαύοιεν
1386 797 1426 828 10
1440 793 1658 839 neglegentia
1681 795 1746 828 aut
1770 792 1966 828 calliditate
1988 793 2111 830 forsan
2142 796 2321 840 negotiose
2342 796 2508 831 fruantur

296 841 495 887 ἅνθρωποι
525 845 585 875 καὶ
616 855 812 889 πραγματα
835 844 1024 887 παρέχοιεν
1048 844 1187 886 ετέροις.
1234 837 1277 875 οὗ
1325 841 1371 885 ὰρ

296 889 336 921 ἐν
358 887 426 930 ἴσῳ
451 884 510 920 διὰ
534 887 671 922 παντὸς
694 887 739 921 τὰ
761 888 839 921 τῶν
863 883 1086 926 ἀποδείξεών
1109 888 1186 919 ἐστι
1202 889 1275 920 τοῖς
1313 887 1371 919 οὗ·

295 945 356 967 ναι
386 931 521 966 ταύτας
550 930 793 978 βουλομένοις,
823 930 956 966 πολλὰς
986 929 1026 965 δὲ
1048 929 1067 964 ὁ
1093 930 1219 977 χρόνος
1242 943 1371 977 παραι-

295 980 419 1011 τεῖται.
467 973 515 1010 δι’
549 973 643 1022 οἵπερ
666 979 706 1010 εὐ
730 978 915 1011 ποιοῦντες
939 975 1216 1019 συνεστείλαμεν
1239 977 1303 1010 έπί
1320 989 1372 1009 τι-

1440 839 1598 881 homines
1630 842 1668 873 et
1699 847 1826 873 causas
1858 838 2052 883 praebeant
2079 839 2168 875 aliis.
2215 840 2296 876 Non
2325 841 2417 876 enim
2441 842 2507 876 sub

1440 883 1653 929 aequalitate
1688 893 1827 928 semper
1859 883 2088 928 probationes
2118 890 2224 920 erunt
2253 895 2314 921 eas
2342 886 2508 922 exhibere

1440 929 1658 969 volentibus,
1691 928 1802 963 multa
1833 938 1972 973 quoque
1995 931 2133 974 tempus
2156 929 2301 966 refutat.
2347 930 2507 976 Quapro-

1440 978 1521 1019 pter
1544 974 1633 1008 bene
1649 973 1821 1008 facientes
1844 973 2123 1009 adbreviavimus
2138 975 2174 1010 in
2190 975 2399 1018 quibusdam
2419 976 2507 1011 casi-

295 1035 374 1055 νων
406 1022 583 1065 θεμάτων
617 1033 679 1056 τας
713 1020 803 1067 ὑπὲρ
838 1023 927 1077 ‘ragat‘
951 1018 1179 1074 ἀναργυριῶν
1212 1023 1371 1066 μέμψεις,
1390 1022 1428 1054 15
1444 1022 1510 1054 bus
1534 1018 1707 1063 pecuniae
1730 1029 1801 1054 non
1824 1023 2029 1054 numeratae
2049 1021 2223 1064 querelas,
2246 1030 2336 1063 quas
2360 1020 2443 1055 licet
2465 1030 2509 1055 ex

296 1063 390 1111 ἅπερ
409 1066 550 1107 ἔξεστιν
565 1069 603 1100 ἐκ
622 1068 700 1101 τῶν
719 1065 787 1110 ἤδη
803 1080 878 1112 παρ
906 1080 1011 1110 ημων
1027 1066 1371 1111 νενομοθετημένων

297 1110 432 1156 λαβεῖν.
479 1108 607 1146 ὁποῖον
638 1110 683 1155 δὴ
713 1125 750 1147 τι
773 1112 864 1146 κατὰ
893 1111 937 1146 τὸ
971 1110 1092 1156 παρὸν
1131 1114 1190 1145 καὶ
1221 1113 1282 1146 ἐπὶ
1310 1112 1373 1153 τῆς

296 1157 442 1202 προικὸς
461 1156 679 1202 πράττομεν.
728 1155 853 1200 ἐπειδὴ
885 1157 955 1203 γὰρ
986 1153 1083 1192 ἅπας
1110 1154 1130 1190 ὁ
1160 1155 1285 1201 χρόνος
1306 1157 1372 1190 τοῦ

296 1205 515 1236 συνοικεσίου
547 1199 690 1236 ἐδέδοτο
720 1204 793 1236 τοῖς
814 1197 885 1236 «ivai
908 1201 993 1236 α’σιν
1025 1203 1091 1235 ἕως
1114 1199 1134 1236 ὁ
1160 1201 1268 1247 γάμος
1290 1214 1371 1235 συν-

297 1250 421 1280 ίστατο
461 1247 671 1293 μέμφεσθαι
709 1247 765 1290 τῷ
801 1247 851 1291 μὴ

296 1291 510 1346 παρενθήκη
542 1290 582 1326 δὲ
612 1294 755 1346 μείζων,
777 1293 915 1338 ἐγένετο
946 1305 988 1326 το
1021 1295 1081 1325 καὶ
1108 1305 1201 1336 μετα
1225 1291 1295 1335 τὴν
1317 1304 1372 1325 τε·

1442 1065 1496 1099 his
1527 1074 1617 1108 quae
1639 1063 1710 1098 iam
1733 1073 1756 1098 a
1777 1063 1881 1099 nobis
1918 1064 2056 1099 sancita
2079 1070 2163 1100 sunt
2189 1079 2375 1100 000000000
2422 1064 2511 1109 Quia

1441 1109 1534 1144 enim
1564 1119 1667 1144 omne
1689 1111 1830 1153 tempus
1853 1108 2067 1144 matrimonii
2091 1109 2242 1146 dabatur
2265 1110 2366 1152 viris,
2399 1109 2510 1145 donec

1441 1154 1703 1189 matrimonium
1741 1158 1939 1197 constaret,
1978 1155 2077 1199 queri
2116 1155 2160 1190 de
2194 1165 2265 1190 non
2299 1155 2384 1190 data
2417 1154 2510 1195 dote,

1441 1199 1661 1244 interpositio
1694 1208 1834 1243 quoque
1864 1199 1978 1234 maior
2006 1199 2106 1235 facta
2134 1202 2207 1243 est,
2238 1204 2279 1235 ut
2300 1201 2407 1236 etiam
2429 1204 2512 1245 post

915 1244 1086 1299 εδιοκέναι
1124 1246 1195 1301 τὴν
1231 1249 1371 1293 προῖκα,
1385 1247 1427 1279 20
1441 1250 1589 1279 mortem
1612 1244 1787 1287 virorum,
1811 1246 1851 1279 ut
1874 1248 1910 1279 et
1932 1248 2014 1289 post
2036 1246 2237 1290 repudium,
2262 1246 2359 1280 intra
2381 1256 2511 1280 annum

1442 1290 1587 1325 daretur
1611 1290 1766 1334 querela,
1789 1288 1939 1334 ideoque
1956 1290 2217 1326 aestimavimus
2241 1290 2336 1326 brevi
2360 1296 2395 1326 et
2418 1300 2510 1325 com-

297 1335 426 1380 λευτην
448 1338 527 1371 τῶν
543 1334 700 1383 ἀνδρῶν,
725 1348 841 1382 meme
865 1340 925 1371 καὶ
943 1337 1035 1381 μετὰ
1060 1335 1263 1385 ῥεπούδιον,
1287 1337 1373 1370 εἴσω
1442 1335 1614 1379 pendiosa
1637 1334 1713 1378 lege
1736 1334 1890 1369 velocem
1909 1334 2029 1370 facere
2052 1339 2087 1370 et
2106 1335 2280 1387 pecuniae
2298 1346 2369 1371 non
2390 1344 2511 1370 nume·

252 1388 253 1391 ’
295 1383 462 1416 ἐνιαυτοῦ
498 1380 626 1416 δοῦναι
659 1382 728 1426 τὴν
759 1385 908 1428 μέμψιν,
951 1380 1011 1416 διὰ
1050 1383 1158 1416 τοῦτο
1198 1379 1374 1425 ᾠήθημεν
1442 1383 1541 1415 ratae
1564 1390 1672 1425 super
1695 1380 1813 1415 dotem
1836 1380 2015 1424 querelam
2038 1383 2075 1415 et
2097 1381 2248 1416 hberare
2265 1391 2288 1416 a
2303 1381 2512 1426 probatione

295 1430 423 1482 βραχεῖ
442 1430 502 1461 καὶ
525 1427 695 1472 συντόμῳ
719 1427 823 1483 νόμιρ
844 1430 1042 1472 ταχυτέραν
1062 1426 1292 1470 ποιήσασθαι
1314 1429 1374 1459 καὶ
1443 1425 1606 1460 mulieres
1629 1425 1668 1460 in
1690 1425 1823 1460 taHbus
1847 1434 1893 1459 ox
1914 1425 2019 1470 longo
2042 1429 2212 1471 tempore.

295 1485 365 1514 την
389 1474 449 1507 ἐπὶ
469 1473 514 1519 τῇ
538 1473 602 1516 τῆς
625 1472 774 1519 προικὸς
797 1477 997 1520 αναργυρίᾳ
1018 1475 1157 1517 μέμψιν
1177 1475 1237 1506 καὶ
1260 1469 1374 1506 ἀπαλ-
1389 1472 1430 1505 25

298 1516 402 1557 λάξαι
431 1517 496 1551 τὰς
525 1521 694 1564 γυναῖκας
724 1519 787 1561 τῆς
817 1519 880 1552 ἐπὶ
900 1521 974 1552 τοῖς
996 1518 1171 1551 τοιούτοις
1193 1517 1284 1561 μετὰ
1307 1529 1375 1560 μα-

296 1562 399 1606 κροὺς
421 1563 570 1610 χρόνους
593 1559 818 1603 ἀποδείξεως.

1295 1672 1451 1709 CAPUT
1474 1673 1504 1709 Ι.

354 1741 401 1776 Εἰ
427 1741 496 1786 μὲν
526 1734 591 1775 οὖν
624 1742 808 1776 ἐνιαυτοὺς
839 1740 903 1776 δύο
926 1742 1058 1786 μόνους
1081 1741 1303 1783 συνοικήσει-ιε’
1321 1752 1374 1775 τις
1509 1740 1548 1776 Si
1571 1750 1653 1785 ergo
1687 1741 1790 1777 annis
1814 1742 1953 1778 duobus
1983 1741 2201 1778 solummodo
2223 1741 2355 1777 habeat
2384 1741 2511 1786 aliquis

297 1786 342 1834 τῇ
371 1788 508 1834 γαμετῇ
540 1785 563 1829 ἢ
593 1790 653 1820 καὶ
684 1787 827 1822 τούτων
849 1788 927 1821 τῶν
956 1787 1102 1832 χρόνων
1126 1785 1284 1828 ἐλάττω,
1315 1789 1375 1819 καὶ
1442 1796 1588 1821 uxorem
1611 1791 1675 1822 aut
1698 1787 1803 1821 etiam
1827 1787 1882 1822 his
1902 1787 2120 1832 temporibus
2143 1787 2269 1830 minus,
2299 1791 2335 1822 et
2358 1797 2429 1822 non
2452 1796 2510 1821 ac-

365 1877 450 1911 Nov.
469 1878 499 1911 C
517 1878 679 1920 (Authent.
692 1878 914 1912 XCVIII=
932 1878 1010 1911 Coll.
1032 1877 1104 1911 VII
1125 1879 1171 1911 tit.
1188 1879 1244 1911 10:
1268 1877 1381 1920 qloss.)
1409 1876 1533 1910 Graece
1557 1884 1644 1910 extat
1667 1878 1699 1910 in
1726 1878 1816 1918 ML,
1846 1891 1871 1911 c.
1888 1879 1916 1911 1.
1938 1879 1958 1911 2
1979 1880 2012 1911 in
2033 1878 2069 1911 B
2088 1879 2141 1919 29,
2155 1886 2220 1918 3,1‚
2245 1879 2301 1911 ubi
2319 1878 2513 1921 prooemium

298 1919 543 2002 ἳὲἱιὶαπΒξοηῐ
567 1923 804 2002 ΞρᾶἳΙῖΙιεοά.
831 1924 895 1957 100
918 1923 1006 1964 (inde
1031 1918 1116 1964 ΒΣ),
1139 1923 1259 1955 Athan-
1276 1924 1328 1963 10,
1342 1929 1370 1963 8,
1395 1917 1455 1954 ΒΣ
1477 1922 1532 1963 23,
1551 1929 1576 1964 1,
1594 1928 1628 1955 76
1654 1922 1710 1963 (ΙΙ
1723 1934 1758 1965 p.
1772 1923 1837 1956 665
1854 1923 2007 1965 Heimb.)‚
2030 1924 2235 1967 Epanaqoqc
2253 1923 2305 1964 18,
2318 1930 2354 1956 26
2374 1923 2473 1956 schol.
2490 1923 2511 1956 i.

528 2156 630 2207 DE
660 2156 998 2207 TEMPORE
1031 2155 1182 2207 NON
1209 2087 1645 2206 NUMAEQATAE
1675 2155 2031 2208 PECIJNIAE
2061 2156 2285 2209 DOTJS.

479 2234 580 2271 Idem
611 2238 796 2282 Auqustus
827 2235 985 2271 Iohanni
1011 2235 1204 2281 praefecto
1231 2235 1420 2280 praetorio
1451 2234 1597 2276 iterum,
1634 2245 1684 2269 ex
1711 2235 1859 2270 consule
1890 2235 2077 2271 ordinario
2107 2241 2143 2271 et
2161 2236 2335 2282 patricio.

433 2302 682 2348 Praefatio.
731 2303 815 2338 Non
839 2306 1049 2338 numeratae
1081 2302 1259 2348 pecuniae
1293 2302 1526 2348 exceptiones
1561 2311 1654 2347 quae
1688 2302 1726 2336 in
1761 2302 1946 2338 nonnullis
1978 2303 2119 2339 casibus
2154 2308 2387 2350 opponuntur
2421 2306 2516 2352 leqes

299 2353 445 2384 nostrae
477 2358 553 2383 non
587 2348 842 2395 inexploratas
870 2347 1113 2393 reliquerunt,
1148 2358 1269 2382 verum
1305 2346 1604 2392 lonqinquitatem
1636 2357 1760 2381 earum
1791 2347 1943 2394 effusam
1975 2350 2246 2392 contraximus,
2282 2361 2327 2385 ne
2358 2349 2517 2387 homines

299 2394 525 2440 neqleqentia
555 2404 623 2428 sua
653 2393 709 2429 vel
737 2393 874 2439 fraude
900 2394 1003 2438 forte
1031 2393 1299 2438 neqotiatorum
1327 2391 1433 2427 modo
1462 2392 1642 2437 fruantur
1673 2391 1825 2438 aliisque
1855 2403 1900 2428 ne
1927 2394 2003 2428 otia
2031 2394 2228 2439 facessant.
2277 2394 2402 2441 Neque
2425 2397 2517 2432 enim

292 2439 438 2485 pariter
487 2448 527 2473 er
546 2438 667 2474 omnia
683 2438 926 2486 probationes
947 2442 1095 2484 praesto
1118 2442 1204 2473 sunt
1225 2437 1272 2472 iis
1294 2437 1358 2483 qui
1381 2448 1444 2472 eas
1459 2440 1656 2482 praestare
1678 2436 1815 2480 volunt,
1839 2448 1897 2473 mu
1913 2441 1969 2473 tas
1991 2443 2111 2474 autem
2135 2443 2274 2484 tempus
2297 2451 2439 2487 quoque
2460 2452 2515 2477 re-

298 2485 407 2531 spuit.
488 2487 688 2530 uapropter
717 2484 842 2519 merito
877 2483 916 2517 in
947 2482 1160 2528 quibusdam
1194 2482 1337 2518 casibus
1371 2481 1539 2534 querelas
1572 2492 1646 2516 non
1676 2487 1885 2518 numeratae
1915 2485 2091 2529 pecuniae
2121 2485 2388 2528 contraximus,
2421 2486 2518 2522 siout

299 2540 349 2565 ex
379 2529 426 2564 iis
456 2539 549 2575 quae
580 2529 652 2564 iam
682 2539 707 2563 a
735 2527 839 2564 nobis
868 2528 1010 2563 sancita
1040 2533 1128 2563 sunt
1158 2527 1328 2573 colligere
1360 2527 1453 2562 licet.
1512 2525 1719 2562 Cuiusmodi
1747 2527 1889 2572 aliquid
1917 2529 1954 2563 in
1982 2529 2195 2582 praesentia
2229 2529 2336 2565 etiam
2367 2530 2406 2565 in
2434 2530 2518 2567 dote

298 2574 466 2620 facimus.

512 2572 691 2616 Quoniam
713 2574 806 2609 enim
830 2577 943 2608 totum
966 2573 1074 2608 coniu
1100 2573 1127 2607 ii
1156 2576 1297 2619 tempus
1327 2572 1451 2607 datum
1482 2575 1562 2607 erat
1584 2571 1671 2606 viris
1694 2571 1865 2617 quamdiu
1888 2576 2154 2609 matrimonium
2177 2579 2375 2617 constaret,
2410 2581 2451 2611 ut
2473 2577 2518 2612 de

300 2630 375 2654 non
392 2617 481 2654 data
500 2618 584 2654 dote
607 2623 856 2664 quererentur,
881 2622 990 2664 atque
1013 2618 1063 2653 ad
1087 2618 1294 2653 itamentum
1316 2618 1433 2653 maius
1456 2621 1537 2652 erat
1580 2620 1708 2658 aetum,
1732 2621 1774 2652 ut
1796 2617 1903 2652 etiam
1921 2622 2010 2664 post
2032 2624 2181 2655 mortem
2205 2619 2374 2664 virorum,
2397 2632 2515 2673 quem-

300 2663 492 2699 admodum
515 2663 622 2699 eliam
640 2668 727 2710 post
748 2663 956 2710 repudium,
980 2663 1078 2698 intra
1102 2674 1236 2698 arcuum
1260 2662 1409 2708 querela
1432 2672 1540 2697 conce

1606 2666 1697 2703 etur,
1722 2667 1923 2708 propterea
1947 2663 2059 2699 visum
2082 2668 2137 2699 est
2158 2663 2255 2700 brevi
2277 2669 2313 2700 et
2334 2671 2516 2702 succincta

302 2708 380 2755 leqe
408 2708 591 2754 querelam
621 2719 696 2743 non
727 2713 936 2744 numeratae
964 2708 1139 2754 pecuniae
1170 2707 1265 2743 dotis
1298 2708 1505 2743 celeriorem
1534 2706 1681 2751 efficere
1718 2711 1754 2742 et
1783 2707 1951 2742 mulieres
1982 2719 2005 2743 a
2031 2708 2315 2755 probationibus
2344 2710 2517 2746 eiusmodi

300 2764 421 2789 rerum
434 2757 529 2833 fost
552 2753 696 2805 lonqum
722 2758 860 2800 tempus
878 2753 1114 2800 praestandis
1137 2752 1299 2788 liberare.

508 2797 625 2844 Aeque
646 2799 823 2844 siquidem
845 2799 927 2844 quis
943 2809 1016 2844 per
1038 2798 1131 2833 duos
1153 2809 1270 2833 annos
1291 2797 1391 2833 solos
1414 2796 1469 2833 vel
1491 2796 1598 2832 etiam
1614 2807 1686 2843 per
1709 2796 1849 2832 brevius
1872 2796 1928 2832 llis
1952 2801 2090 2843 tempus
2112 2808 2232 2833 uxore
2254 2809 2340 2834 usus
2362 2800 2420 2842 sit,
2452 2811 2516 2836 nec

348 2915 369 2946 2
381 2917 466 2946 rubr.
481 2915 570 2955 Περὶ
585 2909 800 2957 ἀναργυρίας
816 2911 962 2955 προικός
976 2913 1095 2945 Tkeod.
1108 2911 1120 2956 ΙΙ
1133 2915 1152 2945 4
1165 2910 1307 2956 ἐπάρχῳ
1322 2912 1376 2952 Μ]

301 2980 355 3014 τῶ
376 2977 603 3019 ένδοξοτάτω
627 2974 780 3023 ὑπάρχω
794 2980 911 3021 (sic)L
936 2978 949 3022 ΙΙ
974 2981 993 3012 5
1017 2975 1238 3024 ὄρδιναρίων
1262 2980 1380 3012 addidi

303 3039 341 3059 ex
356 3037 376 3061 ς
398 3021 608 3069 (ὀρδιναρίῳ
621 3024 820 3066 Zachariae)
843 3027 856 3068 ΙΙ
882 3026 902 3058 6
927 3025 1001 3057 Καὶ
1023 3023 1099 3065 τὰς]
1125 3026 1198 3056 Καὶ
1220 3024 1281 3066 τῆς
1305 3020 1378 3057 ΒΣῑ

303 3073 422 3104 Omnes
445 3072 479 3111 (i.
499 3083 525 3103 e.
549 3067 709 3111 Πάντας)
733 3069 780 3111 ςΙῙ
807 3071 827 3104 8
848 3067 956 3112 μόνοι
981 3066 1054 3102 ΒΣῑ
1069 3069 1082 3112 ΙΙ
1099 3071 1119 3104 9
1171 3068 1192 3111 ὴ
1215 3068 1289 3111 τῆς]
1311 3067 1376 3111 μή·

302 3125 355 3148 τις
374 3112 447 3149 ΒΣΙ
464 3114 477 3159 ΙΙ
504 3117 543 3149 10
562 3113 649 3147 ἴσως
672 3127 728 3148 om.
745 3111 804 3147 ΒΣ
826 3115 838 3156 ΙΙ
865 3110 1086 3157 ἀπολάβοιεν
1100 3116 1133 3147 Β
1161 3115 1171 3139 1
1189 3114 1201 3155 ΙΙ
1226 3116 1267 3148 12
1288 3114 1377 3154 ἐστι]

302 3161 363 3194 ἐπὶ
388 3157 461 3194 ΒΣῙ
494 3165 592 3192 erunt
622 3161 656 3201 (ι’.
682 3173 707 3193 e.
738 3159 852 3200 ἔσται)
876 3171 896 3196 ς
922 3159 935 3203 ΙΙ
973 3161 1013 3194 13
1046 3159 1267 3203 παραιτῆται
1291 3158 1333 3192 Μ
1365 3158 1378 3200 11

305 3206 346 3239 16
371 3200 488 3250 ἅσπερ
512 3201 614 3241 ΒΣῑς
637 3204 651 3248 ΙΙ
674 3202 742 3246 ἤδη
766 3204 805 3237 ἐκ
827 3204 905 3237 τῶν
929 3205 959 3237 L
976 3204 989 3248 ΙΙ
1018 3203 1377 3247 νενομοθετημένων]

308 3251 384 3284 Cod.
398 3252 431 3292 4,
444 3258 492 3291 30,
506 3258 547 3284 14.
563 3258 605 3283 15.
631 3251 663 3290 5,
677 3258 719 3290 15,
732 3257 748 3283 3
772 3251 833 3291 (βι.
851 3247 905 3282 κδ’
921 3252 967 3282 τί.
983 3247 1015 3295 y'
1033 3246 1101 3295 διγ.
1127 3247 1183 3293 νβ’
1200 3251 1260 3282 καὶ
1277 3250 1326 3292 βι.
1344 3244 1376 3281 δ’

302 3295 367 3328 τοῦ
388 3291 536 3328 κώδικος
558 3297 603 3328 τί.
628 3291 658 3327 λ’
683 3291 844 3334 διάταξις
868 3291 924 3327 λὸ’
950 3298 1047 3335 (corr.
1071 3291 1137 3335 ιδ’)
1161 3295 1258 3328 schol.
1285 3294 1343 3335 Μ)
1366 3292 1371 3334 Ι

305 3342 346 3374 19
370 3343 583 3373 συνίσταται
607 3339 638 3373 L
661 3339 674 3382 ΙΙ
705 3340 746 3374 20
770 3338 813 3372 τὸ
839 3341 869 3372 L
894 3341 995 3382 (quod
1010 3342 1129 3382 recepit
1145 3339 1344 3380 Zachariae)
1365 3336 1370 3382 Ι
1411 3359 1413 3372 ι

304 3386 343 3419 21
371 3385 506 3430 ἐγένετο
531 3381 633 3428 ΒΣῑΙΙ
656 3383 698 3417 τὸ
724 3397 781 3417 om.
799 3384 831 3417 L
853 3384 867 3428 ΙΙ
891 3383 960 3426 τὴν
984 3397 1041 3417 om.
1055 3384 1131 3418 B21
1147 3383 1160 3428 ss
1183 3385 1226 3418 22
1250 3380 1377 3428 ῥεπού-

304 3426 394 3471 διον]
417 3427 600 3475 διαζὺγιον
624 3426 758 3472 L321u
781 3431 824 3463 24
848 3431 1052 3474 παχυτέραν
1076 3430 1127 3462 L⁰
1145 3434 1157 3473 ΙΙ
1182 3431 1223 3462 25
1248 3429 1293 3471 τῆ
1318 3441 1376 3462 om.

305 3474 407 3508 Mol,
434 3477 445 3516 ιι
476 3476 518 3509 26
541 3472 616 3514 τὰς]
651 3472 698 3507 τὰ
723 3472 908 3517 ζητήματα
931 3475 982 3508 La
1011 3475 1024 3512 ιι
1049 3474 1123 3516 τῆς]
1157 3476 1230 3507 τοῖς
1259 3463 1332 3507 1321
1366 3473 1378 3514 ιι

306 3519 348 3551 28
373 3519 655 3572 θεσπίζομενσεί
682 3520 750 3562 μὲν
774 3518 956 3552 ἐνιαυτοὺς
986 3516 1051 3552 δύο
1079 3518 1195 3561 μόνον
1217 3521 1279 3552 inc.
1298 3518 1334 3552 Β
1366 3517 1379 3560 ΙΙ

306 3563 349 3595 29
379 3562 520 3596 τοτ’·των
549 3576 681 3608 χρονον
702 3562 838 3597 ἐλάττω
870 3565 960 3597 malie
983 3565 1170 3598 Zachariae
1199 3564 1211 3607 ΙΙ
1236 3561 1379 3608 χρόνων
1411 3574 1414 3604 ι
1444 3584 1579 3617 breuem

306 3618 364 3638 οηι.
392 3607 440 3640 B!

352 3715 523 3757 2solutae]
541 3718 688 3751 consulte
709 3719 756 3752 V·
774 3719 787 3763 ΙΙ
803 3722 823 3754 3
843 3730 939 3764 super
956 3720 1063 3753 dotem
1080 3733 1136 3753 om.
1154 3719 1200 3753 T¹
1219 3719 1234 3766 η
1257 3721 1276 3752 5
1290 3722 1377 3752 exis.
1412 3743 1413 3746 ι

1411 2916 1413 2937 ³
1445 2913 1526 2952 (exc.
1542 2911 1588 2951 T)
1606 2910 1676 2944 ord.
1691 2911 1761 2943 ΒΤ
1773 2910 1945 2944 exconsuli
1963 2911 2108 2944 ordinar.
2126 2911 2160 2944 V
2171 2910 2184 2955 ΙΙ
2198 2908 2255 2954 pat
2270 2913 2301 2945 T
2313 2911 2326 2958 ΙΙ
2348 2915 2366 2946 ’7
2381 2923 2448 2946 non
2462 2925 2515 2947 ex-

1412 2977 1413 2980 *
1445 2956 1606 2988 eminatas
1629 2956 1809 2995 (examinas
1822 2956 1884 2998 R1)
1909 2957 1999 2995 libri,
2017 2969 2099 2990 corr.
2118 2957 2248 2990 contiuo
2263 2957 2276 3001 ΙΙ
2294 2958 2313 2992 8
2325 2958 2516 3000 prolixitate

1444 3011 1592 3033 mearum
1612 3001 1660 3034 V²
1688 3000 1882 3043 prolixitate
1906 3012 2018 3035 eorum
2041 3001 2091 3034 1³¹
2118 3001 2131 3045 ΙΙ
2159 3003 2180 3036 9
2203 3001 2469 3037 adbreuiabimus
2490 3005 2523 3036 V

1444 3046 1691 3078 abreuianimus
1704 3046 1737 3078 R
1757 3045 1965 3079 abreuiamus
1980 3047 2013 3080 T
2022 3046 2035 3090 ΙΙ
2055 3048 2097 3080 10
2111 3045 2279 3080 caliditate
2294 3048 2326 3081 T
2332 3048 2343 3068 ²
2358 3047 2372 3088 ΙΙ
2389 3050 2515 3091 *nego-

1445 3091 1528 3123 tiose
1541 3091 1606 3131 (vel
1616 3091 1829 3133 negotiative,
1843 3093 1884 3135 qs.
1894 3092 2045 3126 XCVII
2055 3093 2098 3133 1)]
2114 3092 2256 3133 negotiis
2269 3093 2347 3126 libri
2356 3091 2369 3138 ΙΙ
2384 3095 2423 3127 12
2436 3095 2515 3127 scri—

1444 3136 1521 3168 bere
1547 3136 1580 3168 T
1586 3136 1597 3156 ¹
1614 3135 1627 3179 ΙΙ
1646 3137 1688 3170 14
1710 3136 2003 3168 benefaciant-n·
2028 3137 2077 3170 V²
2095 3136 2389 3180 uadbreniabimus
2409 3139 2443 3172 V
2458 3138 2515 3171 ad—

1444 3181 1634 3213 breuiamus
1652 3181 1684 3214 T
1703 3181 1913 3214 abreuiamus
1934 3183 1965 3215 R
1983 3181 1996 3224 ίΙ
2021 3182 2063 3215 16
2078 3182 2195 3215 hiatum
2212 3195 2273 3215 non
2291 3191 2404 3217 notant
2423 3183 2499 3217 libri
2505 3195 2513 3220 ς

1445 3226 1601 3268 colligere
1620 3233 1697 3269 post
1719 3225 1799 3258 licet
1820 3228 1931 3259 inserit
1951 3226 2011 3268 ΤΒ,
2034 3234 2109 3270 post
2127 3226 2253 3260 sancita
2270 3230 2349 3260 aunt
2369 3227 2420 3261 V⁸
2429 3228 2512 3278 vulq.

1447 3271 1667 3314 Supplendum
1679 3272 1756 3314 fere
1778 3271 1904 3304 sancita
1920 3273 1999 3304 sunt
2021 3271 2038 3314 (
2084 3271 2219 3315 τείρει-ε.
2256 3271 2362 3309 Quale
2380 3271 2461 3314 quid
2478 3282 2513 3304 1n

1446 3315 1610 3358 praesenti
1633 3316 1732 3348 etiam
1755 3316 1791 3348 in
1808 3315 1883 3349 dote
1905 3317 2043 3358 agimus.
2085 3316 2098 3360 ΙΙ
2121 3317 2208 3354 Quia
2225 3317 2312 3350 enim
2324 3335 2367 3342 -
2382 3317 2422 3351 18
2435 3326 2511 3349 oon-

1444 3364 1546 3393 staret
1577 3374 1635 3394 «cr.
1669 3360 1719 3394 V'
1749 3362 1783 3394 in
1805 3374 1872 3394 ras.
1899 3363 1940 3406 14
1963 3374 2009 3394 vs.
2038 3361 2052 3405 Ι
2083 3364 2121 3395 17
2147 3362 2391 3395 matrimonium
2416 3360 2467 3394 T¹
2502 3362 2514 3404 ΙΙ

1448 3408 1487 3439 18
1513 3405 1761 3439 matrimonium
1783 3409 1950 3439 constaret
1974 3408 2006 3439 in
2030 3419 2096 3440 ras.
2123 3407 2174 3440 1⁷³
2193 3407 2206 3448 ΙΙ
2231 3405 2346 3448 quaeri
2367 3404 2436 3438 ΒΤ
2454 3406 2514 3446 (ita

1446 3452 1535 3492 infra
1543 3454 1619 3492 sere
1631 3458 1813 3484 constanter
1823 3453 1975 3485 scribitur
1987 3452 2020 3485 in
2033 3451 2066 3484 R
2078 3459 2108 3485 et
2128 3452 2173 3491 V)
2184 3460 2268 3492 quoe
2283 3449 2339 3492 V.
2357 3451 2397 3483 19
2410 3450 2512 3483 inter·

1445 3496 1553 3537 posito
1575 3496 1606 3527 V
1635 3496 1723 3528 inter
1747 3496 1830 3528 osita
1850 3496 1898 3528 12¹
1928 3495 1940 3538 ΙΙ
1968 3498 2007 3529 ut
2029 3495 2127 3528 etiam
2149 3496 2193 3536 V]
2216 3497 2249 3527 et
2271 3494 2380 3527 R¹T¹
2415 3496 2510 3527 etiam

1446 3539 1624 3574 R²T2vul
1645 3540 1691 3583 ,Π
1741 3543 1759 3575 0
1784 3544 1823 3573 ut
1846 3554 1904 3574 om.
1926 3540 1990 3584 V.
2013 3541 2101 3574 inter
2125 3539 2175 3574 T¹
2199 3539 2212 3579 Ι
2234 3537 2369 3572 21idco
2392 3541 2478 3584 vulq.
2503 3544 2514 3583 ΙΙ

1639 3585 1701 3618 ¹R²
1717 3586 1730 3629 ΙΙ
1748 3586 2008 3629 compendiosam
2032 3585 2137 3627 legem
2155 3583 2242 3617 RT¹
2260 3583 2272 3622 Ι
2288 3584 2330 3617 22
2355 3586 2512 3627 peccunie

1439 3630 1653 3663 ‚innumerata
1678 3640 1802 3673 nuper
1824 3630 1857 3664 T
1863 3631 1873 3651 ¹
1889 3629 1901 3674 ΙΙ
1920 3631 1961 3664 23
1976 3630 2084 3663 dotem
2104 3626 2194 3669 VT¹J
2217 3626 2292 3659 dote
2306 3628 2391 3661 ΕΤ2
2403 3631 2513 3674 ψάφη

1445 3677 1478 3706 et
1502 3687 1560 3707 om.
1574 3674 1623 3707 R¹
1641 3674 1895 3719 nprobationem
1911 3675 1958 3707 R*
1974 3675 1988 3717 ΙΙ
2013 3675 2056 3708 28
2079 3672 2169 3714 orgo]
2192 3671 2297 3713 igitur
2315 3673 2347 3705 R
2364 3673 2377 3717 Ι]
2401 3674 2513 3708 hereat

1454 3718 1510 3762 Vn
1527 3719 1570 3753 29
1591 3719 1687 3754 uxori
1707 3719 1764 3762 Vfl
1781 3719 1832 3752 bin
1854 3718 1963 3752 onuss
