<?xml version="1.0" encoding="UTF-8"?>
<!DOCTYPE html PUBLIC "-//W3C//DTD XHTML 1.0 Transitional//EN"
    "http://www.w3.org/TR/xhtml1/DTD/xhtml1-transitional.dtd">
<html xmlns="http://www.w3.org/1999/xhtml" xml:lang="en" lang="en">
 <head>
  <title>
</title>
<meta http-equiv="Content-Type" content="text/html;charset=utf-8" />
  <meta name='ocr-system' content='tesseract 3.04.00' />
  <meta name='ocr-capabilities' content='ocr_page ocr_carea ocr_par ocr_line ocrx_word'/>
</head>
<body>
  <div class='ocr_page' id='page_1' title='image "./corpusiuriscivil03krueuoft_0767.png"; bbox 0 0 2580 4022; ppageno 0'>
   <div class='ocr_carea' id='block_1_1' title="bbox 130 148 489 181">
    <p class='ocr_par' dir='ltr' id='par_1_1' title="bbox 130 148 489 181">
     <span class='ocr_line' id='line_1_1' title="bbox 130 148 489 181; baseline 0 -1"><span class='ocrx_word' id='word_1_1' title='bbox 130 150 252 180; x_wconf 82' lang='lat' dir='ltr'><strong>FIDEI</strong></span> <span class='ocrx_word' id='word_1_2' title='bbox 281 148 489 181; x_wconf 78' lang='lat' dir='ltr'>COMMISSI</span> 
     </span>
    </p>
   </div>
   <div class='ocr_carea' id='block_1_2' title="bbox 1045 197 1209 201">
    <p class='ocr_par' dir='ltr' id='par_1_2' title="bbox 1045 197 1209 201">
     <span class='ocr_line' id='line_1_2' title="bbox 1045 197 1209 201; baseline 0 0"><span class='ocrx_word' id='word_1_3' title='bbox 1045 197 1209 201; x_wconf 95' lang='lat' dir='ltr'><strong> </strong></span> 
     </span>
    </p>
   </div>
   <div class='ocr_carea' id='block_1_3' title="bbox 128 245 1211 439">
    <p class='ocr_par' dir='ltr' id='par_1_3' title="bbox 128 245 1211 439">
     <span class='ocr_line' id='line_1_3' title="bbox 129 245 1211 294; baseline 0.002 -13"><span class='ocrx_word' id='word_1_4' title='bbox 129 246 180 291; x_wconf 79' lang='grc' dir='ltr'><strong>μὴ</strong></span> <span class='ocrx_word' id='word_1_5' title='bbox 211 247 305 282; x_wconf 81' lang='grc' dir='ltr'><strong><em>κατὰ</em></strong></span> <span class='ocrx_word' id='word_1_6' title='bbox 331 245 563 294; x_wconf 80' lang='grc' dir='ltr'><strong><em>ἀνταλλαγὴν</em></strong></span> <span class='ocrx_word' id='word_1_7' title='bbox 597 247 646 292; x_wconf 88' lang='grc' dir='ltr'><strong>μὴ</strong></span> <span class='ocrx_word' id='word_1_8' title='bbox 680 246 795 283; x_wconf 74' lang='grc' dir='ltr'><strong><em>ὅλλως</em></strong></span> <span class='ocrx_word' id='word_1_9' title='bbox 829 246 1085 291; x_wconf 74' lang='grc' dir='ltr'><strong><em>ὁπωςδήποτε,</em></strong></span> <span class='ocrx_word' id='word_1_10' title='bbox 1120 247 1211 294; x_wconf 70' lang='grc' dir='ltr'><strong><em>μηδὲ</em></strong></span> 
     </span>
     <span class='ocr_line' id='line_1_4' title="bbox 131 290 1210 338; baseline 0.003 -13"><span class='ocrx_word' id='word_1_11' title='bbox 131 292 296 336; x_wconf 75' lang='grc' dir='ltr'><strong><em>ἐκβαλεῖν</em></strong></span> <span class='ocrx_word' id='word_1_12' title='bbox 326 291 350 336; x_wconf 86' lang='grc' dir='ltr'><em>ἢ</em></span> <span class='ocrx_word' id='word_1_13' title='bbox 381 290 622 337; x_wconf 76' lang='grc' dir='ltr'><strong><em>ἀλλοτριῶσαι</em></strong></span> <span class='ocrx_word' id='word_1_14' title='bbox 654 292 719 327; x_wconf 83' lang='grc' dir='ltr'><strong><em>τὰς</em></strong></span> <span class='ocrx_word' id='word_1_15' title='bbox 742 291 851 328; x_wconf 76' lang='grc' dir='ltr'><strong><em>αὐτὰς</em></strong></span> <span class='ocrx_word' id='word_1_16' title='bbox 874 294 986 328; x_wconf 82' lang='grc' dir='ltr'><strong><em>οἰκίας</em></strong></span> <span class='ocrx_word' id='word_1_17' title='bbox 1009 290 1030 338; x_wconf 84' lang='grc' dir='ltr'>ἢ</span> <span class='ocrx_word' id='word_1_18' title='bbox 1053 293 1099 329; x_wconf 82' lang='grc' dir='ltr'><strong><em>τὰ</em></strong></span> <span class='ocrx_word' id='word_1_19' title='bbox 1124 307 1210 338; x_wconf 73' lang='grc' dir='ltr'><strong><em>προ-</em></strong></span> 
     </span>
     <span class='ocr_line' id='line_1_5' title="bbox 128 338 1210 394; baseline 0.002 -24"><span class='ocrx_word' id='word_1_20' title='bbox 128 340 497 384; x_wconf 75' lang='grc' dir='ltr'><strong><em>γεγραμμένα,πέντε</em></strong></span> <span class='ocrx_word' id='word_1_21' title='bbox 527 338 727 384; x_wconf 77' lang='grc' dir='ltr'><strong><em>προάστεια</em></strong></span> <span class='ocrx_word' id='word_1_22' title='bbox 750 340 815 373; x_wconf 78' lang='grc' dir='ltr'><strong>τοῦ</strong></span> <span class='ocrx_word' id='word_1_23' title='bbox 839 340 925 394; x_wconf 53' lang='grc' dir='ltr'><strong><em>ἐμοῦ</em></strong></span> <span class='ocrx_word' id='word_1_24' title='bbox 947 338 1127 384; x_wconf 73' lang='grc' dir='ltr'><strong><em>ὀνόματος</em></strong></span> <span class='ocrx_word' id='word_1_25' title='bbox 1150 342 1210 373; x_wconf 82' lang='grc' dir='ltr'><strong>καὶ</strong></span> 
     </span>
     <span class='ocr_line' id='line_1_6' title="bbox 129 379 1209 439; baseline 0.003 -23"><span class='ocrx_word' id='word_1_26' title='bbox 129 384 192 425; x_wconf 79' lang='grc' dir='ltr'><strong><em>τῆς</em></strong></span> <span class='ocrx_word' id='word_1_27' title='bbox 222 384 318 438; x_wconf 46' lang='grc' dir='ltr'><strong><em>ἐμῆς,</em></strong></span> <span class='ocrx_word' id='word_1_28' title='bbox 337 381 518 427; x_wconf 83' lang='grc' dir='ltr'><strong><em>φαμιλίας.</em></strong></span> <span class='ocrx_word' id='word_1_29' title='bbox 566 379 640 416; x_wconf 78' lang='grc' dir='ltr'><strong><em>ἀλλ’</em></strong></span> <span class='ocrx_word' id='word_1_30' title='bbox 669 383 699 416; x_wconf 87' lang='grc' dir='ltr'><strong>εἰ</strong></span> <span class='ocrx_word' id='word_1_31' title='bbox 728 386 797 428; x_wconf 75' lang='grc' dir='ltr'><strong>μὲν</strong></span> <span class='ocrx_word' id='word_1_32' title='bbox 827 390 934 439; x_wconf 60' lang='grc' dir='ltr'><strong><em>(οπερ</em></strong></span> <span class='ocrx_word' id='word_1_33' title='bbox 965 383 1126 439; x_wconf 78' lang='grc' dir='ltr'><strong><em>εὔχομαι)</em></strong></span> <span class='ocrx_word' id='word_1_34' title='bbox 1154 387 1209 431; x_wconf 81' lang='grc' dir='ltr'><strong><em>γε’-</em></strong></span> 
     </span>
    </p>
   </div>
   <div class='ocr_carea' id='block_1_4' title="bbox 1207 134 1295 200">
    <p class='ocr_par' dir='ltr' id='par_1_4' title="bbox 1207 134 1295 200">
     <span class='ocr_line' id='line_1_7' title="bbox 1207 134 1295 200; baseline -0.011 -17"><span class='ocrx_word' id='word_1_35' title='bbox 1207 134 1295 200; x_wconf 62' lang='lat'><strong>337</strong></span> 
     </span>
    </p>
   </div>
   <div class='ocr_carea' id='block_1_5' title="bbox 2007 140 2361 195">
    <p class='ocr_par' dir='ltr' id='par_1_5' title="bbox 2007 140 2361 195">
     <span class='ocr_line' id='line_1_8' title="bbox 2007 140 2361 195; baseline 0.008 -12"><span class='ocrx_word' id='word_1_36' title='bbox 2007 140 2115 184; x_wconf 85' lang='lat' dir='ltr'><strong>Nov.</strong></span> <span class='ocrx_word' id='word_1_37' title='bbox 2138 140 2271 184; x_wconf 89' lang='lat' dir='ltr'>CLIX</span> <span class='ocrx_word' id='word_1_38' title='bbox 2300 154 2361 195; x_wconf 85' lang='lat' dir='ltr'><strong>pr.</strong></span> 
     </span>
    </p>
   </div>
   <div class='ocr_carea' id='block_1_6' title="bbox 1279 250 2363 439">
    <p class='ocr_par' dir='ltr' id='par_1_6' title="bbox 1279 250 2363 439">
     <span class='ocr_line' id='line_1_9' title="bbox 1280 250 2362 296; baseline 0.004 -12"><span class='ocrx_word' id='word_1_39' title='bbox 1280 259 1345 294; x_wconf 87' lang='lat' dir='ltr'><strong>per</strong></span> <span class='ocrx_word' id='word_1_40' title='bbox 1363 250 1603 294; x_wconf 79' lang='lat' dir='ltr'>donationem,</span> <span class='ocrx_word' id='word_1_41' title='bbox 1627 260 1698 286; x_wconf 88' lang='lat' dir='ltr'><strong>non</strong></span> <span class='ocrx_word' id='word_1_42' title='bbox 1723 260 1787 296; x_wconf 89' lang='lat' dir='ltr'><strong>per</strong></span> <span class='ocrx_word' id='word_1_43' title='bbox 1811 251 2135 295; x_wconf 87' lang='lat' dir='ltr'><strong>commutationem,</strong></span> <span class='ocrx_word' id='word_1_44' title='bbox 2162 262 2235 288; x_wconf 91' lang='lat' dir='ltr'><strong>non</strong></span> <span class='ocrx_word' id='word_1_45' title='bbox 2258 252 2362 288; x_wconf 84' lang='lat' dir='ltr'><strong>aliter</strong></span> 
     </span>
     <span class='ocr_line' id='line_1_10' title="bbox 1280 294 2361 343; baseline 0.004 -14"><span class='ocrx_word' id='word_1_46' title='bbox 1280 294 1438 339; x_wconf 87' lang='lat' dir='ltr'><strong>quolibet</strong></span> <span class='ocrx_word' id='word_1_47' title='bbox 1459 296 1585 341; x_wconf 87' lang='lat' dir='ltr'><strong>modo,</strong></span> <span class='ocrx_word' id='word_1_48' title='bbox 1614 305 1729 341; x_wconf 90' lang='lat' dir='ltr'><strong>neque</strong></span> <span class='ocrx_word' id='word_1_49' title='bbox 1753 296 1820 331; x_wconf 88' lang='lat' dir='ltr'><strong>eici</strong></span> <span class='ocrx_word' id='word_1_50' title='bbox 1843 306 1957 342; x_wconf 86' lang='lat' dir='ltr'><strong>neque</strong></span> <span class='ocrx_word' id='word_1_51' title='bbox 1980 297 2137 332; x_wconf 80' lang='lat' dir='ltr'><strong>alienare</strong></span> <span class='ocrx_word' id='word_1_52' title='bbox 2160 297 2274 343; x_wconf 87' lang='lat' dir='ltr'><strong>ipsam</strong></span> <span class='ocrx_word' id='word_1_53' title='bbox 2298 298 2361 333; x_wconf 91' lang='lat' dir='ltr'><strong>do·</strong></span> 
     </span>
     <span class='ocr_line' id='line_1_11' title="bbox 1280 341 2363 387; baseline 0.004 -13"><span class='ocrx_word' id='word_1_54' title='bbox 1280 350 1374 374; x_wconf 89' lang='lat' dir='ltr'><strong>mum</strong></span> <span class='ocrx_word' id='word_1_55' title='bbox 1398 344 1462 375; x_wconf 86' lang='lat' dir='ltr'><strong>aut</strong></span> <span class='ocrx_word' id='word_1_56' title='bbox 1485 351 1527 376; x_wconf 89' lang='lat' dir='ltr'><strong>su</strong></span> <span class='ocrx_word' id='word_1_57' title='bbox 1554 341 1731 386; x_wconf 84' lang='lat' dir='ltr'><strong>rascripta</strong></span> <span class='ocrx_word' id='word_1_58' title='bbox 1754 342 1914 387; x_wconf 84' lang='lat' dir='ltr'><strong>proastia</strong></span> <span class='ocrx_word' id='word_1_59' title='bbox 1937 351 1959 377; x_wconf 89' lang='lat' dir='ltr'><strong>a</strong></span> <span class='ocrx_word' id='word_1_60' title='bbox 1978 352 2056 377; x_wconf 89' lang='lat' dir='ltr'><strong>meo</strong></span> <span class='ocrx_word' id='word_1_61' title='bbox 2071 343 2215 378; x_wconf 89' lang='lat' dir='ltr'><strong>nomine</strong></span> <span class='ocrx_word' id='word_1_62' title='bbox 2231 347 2267 378; x_wconf 89' lang='lat' dir='ltr'><strong>et</strong></span> <span class='ocrx_word' id='word_1_63' title='bbox 2283 353 2363 378; x_wconf 89' lang='lat' dir='ltr'><strong>mea</strong></span> 
     </span>
     <span class='ocr_line' id='line_1_12' title="bbox 1279 385 2360 439; baseline 0.004 -20"><span class='ocrx_word' id='word_1_64' title='bbox 1279 385 1424 421; x_wconf 83' lang='lat' dir='ltr'><strong>familia.</strong></span> <span class='ocrx_word' id='word_1_65' title='bbox 1474 386 1519 421; x_wconf 86' lang='lat' dir='ltr'><strong>Se</strong></span> <span class='ocrx_word' id='word_1_66' title='bbox 1575 386 1606 421; x_wconf 87' lang='lat' dir='ltr'><strong>si</strong></span> <span class='ocrx_word' id='word_1_67' title='bbox 1635 387 1795 439; x_wconf 77' lang='lat' dir='ltr'><strong>quidem,</strong></span> <span class='ocrx_word' id='word_1_68' title='bbox 1827 387 1957 432; x_wconf 78' lang='lat' dir='ltr'><strong>(quod)</strong></span> <span class='ocrx_word' id='word_1_69' title='bbox 1989 387 2163 422; x_wconf 86' lang='lat' dir='ltr'><strong>orandum</strong></span> <span class='ocrx_word' id='word_1_70' title='bbox 2187 392 2242 423; x_wconf 89' lang='lat' dir='ltr'><strong>est</strong></span> <span class='ocrx_word' id='word_1_71' title='bbox 2264 388 2360 430; x_wconf 86' lang='lat' dir='ltr'><strong>mihi,</strong></span> 
     </span>
    </p>
   </div>
   <div class='ocr_carea' id='block_1_7' title="bbox 130 426 2362 484">
    <p class='ocr_par' dir='ltr' id='par_1_7' title="bbox 130 426 2362 484">
     <span class='ocr_line' id='line_1_13' title="bbox 130 426 2362 484; baseline 0.004 -24"><span class='ocrx_word' id='word_1_72' title='bbox 130 439 252 462; x_wconf 85' lang='grc' dir='ltr'><strong><em>νοιντο</em></strong></span> <span class='ocrx_word' id='word_1_73' title='bbox 277 430 394 461; x_wconf 82' lang='grc' dir='ltr'><strong><em>αιτοῖς</em></strong></span> <span class='ocrx_word' id='word_1_74' title='bbox 417 426 552 470; x_wconf 79' lang='grc' dir='ltr'><strong><em>παῖδες,</em></strong></span> <span class='ocrx_word' id='word_1_75' title='bbox 575 431 634 461; x_wconf 81' lang='grc' dir='ltr'><strong>καὶ</strong></span> <span class='ocrx_word' id='word_1_76' title='bbox 660 429 720 462; x_wconf 81' lang='grc' dir='ltr'><strong>ἐπὶ</strong></span> <span class='ocrx_word' id='word_1_77' title='bbox 744 432 873 463; x_wconf 80' lang='grc' dir='ltr'><strong><em>παισὶν</em></strong></span> <span class='ocrx_word' id='word_1_78' title='bbox 896 443 917 469; x_wconf 85' lang='grc' dir='ltr'><strong><em>η</em></strong></span> <span class='ocrx_word' id='word_1_79' title='bbox 943 430 1104 476; x_wconf 75' lang='grc' dir='ltr'><strong><em>ἐγγονοις</em></strong></span> <span class='ocrx_word' id='word_1_80' title='bbox 1121 443 1208 484; x_wconf 84' lang='grc' dir='ltr'><strong><em>γνη-</em></strong></span> <span class='ocrx_word' id='word_1_81' title='bbox 1246 430 1369 466; x_wconf 73' lang='lat' dir='ltr'><strong>sfiant</strong></span> <span class='ocrx_word' id='word_1_82' title='bbox 1399 430 1451 465; x_wconf 83' lang='lat' dir='ltr'><strong>eis</strong></span> <span class='ocrx_word' id='word_1_83' title='bbox 1484 431 1564 474; x_wconf 87' lang='lat' dir='ltr'><strong>filii,</strong></span> <span class='ocrx_word' id='word_1_84' title='bbox 1595 434 1631 466; x_wconf 85' lang='lat' dir='ltr'><strong>et</strong></span> <span class='ocrx_word' id='word_1_85' title='bbox 1661 442 1699 466; x_wconf 79' lang='lat' dir='ltr'><strong>ln</strong></span> <span class='ocrx_word' id='word_1_86' title='bbox 1733 431 1814 467; x_wconf 80' lang='lat' dir='ltr'><strong>filiis</strong></span> <span class='ocrx_word' id='word_1_87' title='bbox 1838 437 1874 467; x_wconf 83' lang='lat' dir='ltr'><strong>et</strong></span> <span class='ocrx_word' id='word_1_88' title='bbox 1897 432 2087 477; x_wconf 83' lang='lat' dir='ltr'>nepotibus</span> <span class='ocrx_word' id='word_1_89' title='bbox 2111 432 2273 477; x_wconf 78' lang='lat' dir='ltr'>legitimis</span> <span class='ocrx_word' id='word_1_90' title='bbox 2298 438 2362 468; x_wconf 80' lang='lat' dir='ltr'><strong>aut</strong></span> 
     </span>
    </p>
   </div>
   <div class='ocr_carea' id='block_1_8' title="bbox 129 469 1210 656">
    <p class='ocr_par' dir='ltr' id='par_1_8' title="bbox 129 469 1210 656">
     <span class='ocr_line' id='line_1_14' title="bbox 130 469 1210 519; baseline 0.004 -14"><span class='ocrx_word' id='word_1_91' title='bbox 130 475 218 505; x_wconf 73' lang='grc' dir='ltr'><strong><em>σίοις</em></strong></span> <span class='ocrx_word' id='word_1_92' title='bbox 258 469 280 514; x_wconf 86' lang='grc' dir='ltr'><em>ἢ</em></span> <span class='ocrx_word' id='word_1_93' title='bbox 316 475 376 506; x_wconf 82' lang='grc' dir='ltr'><strong>καὶ</strong></span> <span class='ocrx_word' id='word_1_94' title='bbox 415 476 574 517; x_wconf 79' lang='grc' dir='ltr'><strong><em>φυσικοῖς</em></strong></span> <span class='ocrx_word' id='word_1_95' title='bbox 616 472 882 518; x_wconf 77' lang='grc' dir='ltr'><strong><em>τελευτήσαιεν,</em></strong></span> <span class='ocrx_word' id='word_1_96' title='bbox 925 473 1210 519; x_wconf 83' lang='grc' dir='ltr'><strong><em>καταλιμπανειν</em></strong></span> 
     </span>
     <span class='ocr_line' id='line_1_15' title="bbox 130 514 1210 564; baseline 0.003 -15"><span class='ocrx_word' id='word_1_97' title='bbox 130 518 283 550; x_wconf 78' lang='grc' dir='ltr'><strong><em>ἕκαστον</em></strong></span> <span class='ocrx_word' id='word_1_98' title='bbox 314 514 438 551; x_wconf 73' lang='grc' dir='ltr'><strong><em>αὐτῶν</em></strong></span> <span class='ocrx_word' id='word_1_99' title='bbox 468 518 511 551; x_wconf 84' lang='grc' dir='ltr'><strong><em>τὸ</em></strong></span> <span class='ocrx_word' id='word_1_100' title='bbox 543 515 750 564; x_wconf 70' lang='grc' dir='ltr'><strong><em>ἀφορισθέν</em></strong></span> <span class='ocrx_word' id='word_1_101' title='bbox 782 516 881 561; x_wconf 79' lang='grc' dir='ltr'><strong><em>αύτῷ</em></strong></span> <span class='ocrx_word' id='word_1_102' title='bbox 907 518 1127 564; x_wconf 80' lang='grc' dir='ltr'><strong><em>προάστειον</em></strong></span> <span class='ocrx_word' id='word_1_103' title='bbox 1149 522 1210 553; x_wconf 82' lang='grc' dir='ltr'><strong>καὶ</strong></span> 
     </span>
     <span class='ocr_line' id='line_1_16' title="bbox 129 561 1206 608; baseline 0.004 -14"><span class='ocrx_word' id='word_1_104' title='bbox 129 561 192 594; x_wconf 75' lang='grc' dir='ltr'><strong><em>τὰς</em></strong></span> <span class='ocrx_word' id='word_1_105' title='bbox 213 561 341 603; x_wconf 73' lang='grc' dir='ltr'><strong><em>οἰκίας,</em></strong></span> <span class='ocrx_word' id='word_1_106' title='bbox 365 561 435 605; x_wconf 81' lang='grc' dir='ltr'><strong>τήν</strong></span> <span class='ocrx_word' id='word_1_107' title='bbox 458 575 498 596; x_wconf 85' lang='grc' dir='ltr'><strong>τε</strong></span> <span class='ocrx_word' id='word_1_108' title='bbox 523 561 750 607; x_wconf 75' lang='grc' dir='ltr'><strong><em>διακειμένην</em></strong></span> <span class='ocrx_word' id='word_1_109' title='bbox 773 565 866 597; x_wconf 85' lang='grc' dir='ltr'><strong><em>κατὰ</em></strong></span> <span class='ocrx_word' id='word_1_110' title='bbox 891 564 1029 608; x_wconf 84' lang='grc' dir='ltr'><strong><em>ταύτην</em></strong></span> <span class='ocrx_word' id='word_1_111' title='bbox 1052 564 1121 607; x_wconf 85' lang='grc' dir='ltr'><strong>τὴν</strong></span> <span class='ocrx_word' id='word_1_112' title='bbox 1143 567 1206 608; x_wconf 81' lang='grc' dir='ltr'><strong>βα-</strong></span> 
     </span>
     <span class='ocr_line' id='line_1_17' title="bbox 130 604 1209 656; baseline 0.004 -17"><span class='ocrx_word' id='word_1_113' title='bbox 130 604 251 640; x_wconf 82' lang='grc' dir='ltr'><strong><em>σιλίδα</em></strong></span> <span class='ocrx_word' id='word_1_114' title='bbox 283 605 392 640; x_wconf 86' lang='grc' dir='ltr'><strong><em>πόλιν</em></strong></span> <span class='ocrx_word' id='word_1_115' title='bbox 423 610 482 640; x_wconf 84' lang='grc' dir='ltr'><strong>καὶ</strong></span> <span class='ocrx_word' id='word_1_116' title='bbox 502 607 570 650; x_wconf 72' lang='grc' dir='ltr'><strong>τὴν</strong></span> <span class='ocrx_word' id='word_1_117' title='bbox 600 609 640 642; x_wconf 78' lang='grc' dir='ltr'><strong>ἐν</strong></span> <span class='ocrx_word' id='word_1_118' title='bbox 661 605 870 651; x_wconf 79' lang='grc' dir='ltr'><strong><em>Ἀντιοχείᾳ,</em></strong></span> <span class='ocrx_word' id='word_1_119' title='bbox 899 613 1004 643; x_wconf 85' lang='grc' dir='ltr'><strong><em>παισὶ</em></strong></span> <span class='ocrx_word' id='word_1_120' title='bbox 1028 613 1087 643; x_wconf 80' lang='grc' dir='ltr'><strong>καὶ</strong></span> <span class='ocrx_word' id='word_1_121' title='bbox 1112 609 1209 656; x_wconf 80' lang='grc' dir='ltr'><strong><em>ἐγγό-</em></strong></span> 
     </span>
    </p>
   </div>
   <div class='ocr_carea' id='block_1_9' title="bbox 1278 475 2361 657">
    <p class='ocr_par' dir='ltr' id='par_1_9' title="bbox 1278 475 2361 657">
     <span class='ocr_line' id='line_1_18' title="bbox 1279 475 2361 523; baseline 0.005 -14"><span class='ocrx_word' id='word_1_122' title='bbox 1279 475 1501 511; x_wconf 85' lang='lat' dir='ltr'><strong>naturalibus</strong></span> <span class='ocrx_word' id='word_1_123' title='bbox 1531 475 1693 511; x_wconf 85' lang='lat' dir='ltr'><strong>defuncti</strong></span> <span class='ocrx_word' id='word_1_124' title='bbox 1723 476 2046 522; x_wconf 76' lang='lat' dir='ltr'><strong>sint‚,relinquere</strong></span> <span class='ocrx_word' id='word_1_125' title='bbox 2075 487 2361 523; x_wconf 89' lang='lat' dir='ltr'><strong>unumquemque</strong></span> 
     </span>
     <span class='ocr_line' id='line_1_19' title="bbox 1279 520 2361 567; baseline 0.004 -12"><span class='ocrx_word' id='word_1_126' title='bbox 1279 529 1401 555; x_wconf 87' lang='lat' dir='ltr'><strong>eorum</strong></span> <span class='ocrx_word' id='word_1_127' title='bbox 1426 520 1520 565; x_wconf 86' lang='lat' dir='ltr'><strong>quod</strong></span> <span class='ocrx_word' id='word_1_128' title='bbox 1540 521 1747 566; x_wconf 88' lang='lat' dir='ltr'><strong>deputatum</strong></span> <span class='ocrx_word' id='word_1_129' title='bbox 1771 525 1826 557; x_wconf 87' lang='lat' dir='ltr'><strong>est</strong></span> <span class='ocrx_word' id='word_1_130' title='bbox 1849 522 2047 567; x_wconf 79' lang='lat' dir='ltr'><strong>proastium</strong></span> <span class='ocrx_word' id='word_1_131' title='bbox 2071 526 2108 557; x_wconf 91' lang='lat' dir='ltr'><strong>et</strong></span> <span class='ocrx_word' id='word_1_132' title='bbox 2127 522 2263 567; x_wconf 88' lang='lat' dir='ltr'><strong>domus,</strong></span> <span class='ocrx_word' id='word_1_133' title='bbox 2289 529 2361 558; x_wconf 88' lang='lat' dir='ltr'><strong>tam</strong></span> 
     </span>
     <span class='ocr_line' id='line_1_20' title="bbox 1278 565 2360 612; baseline 0.004 -13"><span class='ocrx_word' id='word_1_134' title='bbox 1278 565 1315 600; x_wconf 91' lang='lat' dir='ltr'><strong>in</strong></span> <span class='ocrx_word' id='word_1_135' title='bbox 1346 565 1592 602; x_wconf 85' lang='lat' dir='ltr'><strong>adiacentibus</strong></span> <span class='ocrx_word' id='word_1_136' title='bbox 1624 566 1708 602; x_wconf 82' lang='lat' dir='ltr'><strong>huic</strong></span> <span class='ocrx_word' id='word_1_137' title='bbox 1739 567 1857 611; x_wconf 80' lang='lat' dir='ltr'>regiae</span> <span class='ocrx_word' id='word_1_138' title='bbox 1889 567 2023 602; x_wconf 87' lang='lat' dir='ltr'><strong>civitati</strong></span> <span class='ocrx_word' id='word_1_139' title='bbox 2053 577 2159 612; x_wconf 85' lang='lat' dir='ltr'><strong>quam</strong></span> <span class='ocrx_word' id='word_1_140' title='bbox 2190 569 2226 603; x_wconf 91' lang='lat' dir='ltr'><strong>in</strong></span> <span class='ocrx_word' id='word_1_141' title='bbox 2255 568 2360 603; x_wconf 88' lang='lat' dir='ltr'><strong>Anti·</strong></span> 
     </span>
     <span class='ocr_line' id='line_1_21' title="bbox 1278 610 2361 657; baseline 0.003 -12"><span class='ocrx_word' id='word_1_142' title='bbox 1278 611 1419 645; x_wconf 80' lang='lat' dir='ltr'><strong>ochiam</strong></span> <span class='ocrx_word' id='word_1_143' title='bbox 1449 610 1532 646; x_wconf 87' lang='lat' dir='ltr'><strong>filiis</strong></span> <span class='ocrx_word' id='word_1_144' title='bbox 1565 614 1601 646; x_wconf 90' lang='lat' dir='ltr'><strong>et</strong></span> <span class='ocrx_word' id='word_1_145' title='bbox 1631 612 1823 656; x_wconf 81' lang='lat' dir='ltr'><strong>nepotibus</strong></span> <span class='ocrx_word' id='word_1_146' title='bbox 1854 611 2072 656; x_wconf 86' lang='lat' dir='ltr'><strong>singulorum</strong></span> <span class='ocrx_word' id='word_1_147' title='bbox 2104 613 2267 657; x_wconf 78' lang='lat' dir='ltr'><strong>legitimis</strong></span> <span class='ocrx_word' id='word_1_148' title='bbox 2298 618 2361 649; x_wconf 83' lang='lat' dir='ltr'><strong>aut</strong></span> 
     </span>
    </p>
   </div>
   <div class='ocr_carea' id='block_1_10' title="bbox 129 650 2361 712">
    <p class='ocr_par' dir='ltr' id='par_1_10' title="bbox 129 650 2361 712">
     <span class='ocr_line' id='line_1_22' title="bbox 129 650 2361 712; baseline 0.005 -29"><span class='ocrx_word' id='word_1_149' title='bbox 129 662 204 684; x_wconf 86' lang='grc' dir='ltr'><strong><em>νοις</em></strong></span> <span class='ocrx_word' id='word_1_150' title='bbox 233 650 399 686; x_wconf 80' lang='grc' dir='ltr'><strong><em>ἑκάστων</em></strong></span> <span class='ocrx_word' id='word_1_151' title='bbox 429 656 503 686; x_wconf 79' lang='grc' dir='ltr'><strong><em>τοῖς</em></strong></span> <span class='ocrx_word' id='word_1_152' title='bbox 526 656 685 699; x_wconf 69' lang='grc' dir='ltr'><strong><em>γνησίοις</em></strong></span> <span class='ocrx_word' id='word_1_153' title='bbox 708 651 731 696; x_wconf 84' lang='grc' dir='ltr'><em>ἢ</em></span> <span class='ocrx_word' id='word_1_154' title='bbox 754 657 813 686; x_wconf 84' lang='grc' dir='ltr'><strong>καὶ</strong></span> <span class='ocrx_word' id='word_1_155' title='bbox 838 657 1012 699; x_wconf 81' lang='grc' dir='ltr'><strong><em>φυσικοῖς.</em></strong></span> <span class='ocrx_word' id='word_1_156' title='bbox 1049 652 1209 689; x_wconf 74' lang='grc' dir='ltr'><strong><em>πιστεύω</em></strong></span> <span class='ocrx_word' id='word_1_157' title='bbox 1226 659 1265 691; x_wconf 87' lang='lat'><strong>10</strong></span> <span class='ocrx_word' id='word_1_158' title='bbox 1278 655 1520 691; x_wconf 82' lang='lat' dir='ltr'><strong>naturalibus:</strong></span> <span class='ocrx_word' id='word_1_159' title='bbox 1554 655 1660 691; x_wconf 88' lang='lat' dir='ltr'><strong>credo</strong></span> <span class='ocrx_word' id='word_1_160' title='bbox 1692 657 1784 691; x_wconf 87' lang='lat' dir='ltr'><strong>enim</strong></span> <span class='ocrx_word' id='word_1_161' title='bbox 1814 658 1908 701; x_wconf 88' lang='lat' dir='ltr'><strong>quod</strong></span> <span class='ocrx_word' id='word_1_162' title='bbox 1941 667 2012 692; x_wconf 91' lang='lat' dir='ltr'><strong>non</strong></span> <span class='ocrx_word' id='word_1_163' title='bbox 2043 657 2223 702; x_wconf 79' lang='lat' dir='ltr'><strong>deponant</strong></span> <span class='ocrx_word' id='word_1_164' title='bbox 2246 668 2361 712; x_wconf 75' lang='lat' dir='ltr'><strong>neque</strong></span> 
     </span>
    </p>
   </div>
   <div class='ocr_carea' id='block_1_11' title="bbox 129 694 1211 888">
    <p class='ocr_par' dir='ltr' id='par_1_11' title="bbox 129 694 1211 888">
     <span class='ocr_line' id='line_1_23' title="bbox 129 694 1210 744; baseline 0.005 -16"><span class='ocrx_word' id='word_1_165' title='bbox 129 694 199 741; x_wconf 79' lang='grc' dir='ltr'><strong><em>γὰρ</em></strong></span> <span class='ocrx_word' id='word_1_166' title='bbox 229 694 276 729; x_wconf 70' lang='grc' dir='ltr'><strong><em>αἱς</em></strong></span> <span class='ocrx_word' id='word_1_167' title='bbox 305 695 370 730; x_wconf 84' lang='grc' dir='ltr'><strong>οὐκ</strong></span> <span class='ocrx_word' id='word_1_168' title='bbox 399 694 645 741; x_wconf 72' lang='grc' dir='ltr'><strong><em>ἀθετήσουσιν</em></strong></span> <span class='ocrx_word' id='word_1_169' title='bbox 677 695 760 732; x_wconf 71' lang='grc' dir='ltr'><strong><em>οὐδὲ</em></strong></span> <span class='ocrx_word' id='word_1_170' title='bbox 791 699 852 733; x_wconf 74' lang='grc' dir='ltr'><strong>ἐπὶ</strong></span> <span class='ocrx_word' id='word_1_171' title='bbox 876 700 1040 744; x_wconf 77' lang='grc' dir='ltr'><strong><em>φυσικῶν</em></strong></span> <span class='ocrx_word' id='word_1_172' title='bbox 1064 697 1210 734; x_wconf 89' lang='grc' dir='ltr'><strong><em>παίδων</em></strong></span> 
     </span>
     <span class='ocr_line' id='line_1_24' title="bbox 131 738 1211 788; baseline 0.005 -15"><span class='ocrx_word' id='word_1_173' title='bbox 131 738 151 783; x_wconf 82' lang='grc' dir='ltr'>ἢ</span> <span class='ocrx_word' id='word_1_174' title='bbox 189 742 206 772; x_wconf 81' lang='grc' dir='ltr'><strong><em>ἐ</em></strong></span> <span class='ocrx_word' id='word_1_175' title='bbox 227 739 352 786; x_wconf 90' lang='grc' dir='ltr'><strong><em>γόνων</em></strong></span> <span class='ocrx_word' id='word_1_176' title='bbox 384 741 453 785; x_wconf 84' lang='grc' dir='ltr'><strong>τὴν</strong></span> <span class='ocrx_word' id='word_1_177' title='bbox 482 741 571 788; x_wconf 62' lang='grc' dir='ltr'><strong><em>ἐμὶν</em></strong></span> <span class='ocrx_word' id='word_1_178' title='bbox 601 740 830 777; x_wconf 80' lang='grc' dir='ltr'><strong><em>διατύπωσιν</em></strong></span> <span class='ocrx_word' id='word_1_179' title='bbox 861 746 922 778; x_wconf 88' lang='grc' dir='ltr'><strong>καὶ</strong></span> <span class='ocrx_word' id='word_1_180' title='bbox 951 742 1133 788; x_wconf 82' lang='grc' dir='ltr'><strong><em>βούλησιν.</em></strong></span> <span class='ocrx_word' id='word_1_181' title='bbox 1180 745 1211 778; x_wconf 82' lang='grc' dir='ltr'><strong>εἰ</strong></span> 
     </span>
     <span class='ocr_line' id='line_1_25' title="bbox 131 785 1210 832; baseline 0.004 -14"><span class='ocrx_word' id='word_1_182' title='bbox 131 786 171 819; x_wconf 80' lang='grc' dir='ltr'><strong>δὲ</strong></span> <span class='ocrx_word' id='word_1_183' title='bbox 213 789 254 820; x_wconf 86' lang='grc' dir='ltr'><strong>πὶ</strong></span> <span class='ocrx_word' id='word_1_184' title='bbox 279 786 451 821; x_wconf 82' lang='grc' dir='ltr'><strong><em>παντελεῖ</em></strong></span> <span class='ocrx_word' id='word_1_185' title='bbox 470 785 629 830; x_wconf 79' lang='grc' dir='ltr'><strong><em>ἀπαιδίᾳ</em></strong></span> <span class='ocrx_word' id='word_1_186' title='bbox 655 789 785 823; x_wconf 75' lang='grc' dir='ltr'><strong><em>πάντες</em></strong></span> <span class='ocrx_word' id='word_1_187' title='bbox 809 786 831 831; x_wconf 87' lang='grc' dir='ltr'><em>ἢ</em></span> <span class='ocrx_word' id='word_1_188' title='bbox 855 799 950 822; x_wconf 77' lang='grc' dir='ltr'><strong><em>τινες</em></strong></span> <span class='ocrx_word' id='word_1_189' title='bbox 972 787 994 832; x_wconf 84' lang='grc' dir='ltr'><em>ἢ</em></span> <span class='ocrx_word' id='word_1_190' title='bbox 1018 788 1065 823; x_wconf 69' lang='grc' dir='ltr'><strong>εἷς</strong></span> <span class='ocrx_word' id='word_1_191' title='bbox 1087 789 1125 829; x_wconf 82' lang='grc' dir='ltr'><strong>ἐξ</strong></span> <span class='ocrx_word' id='word_1_192' title='bbox 1149 786 1210 822; x_wconf 82' lang='grc' dir='ltr'><strong>αύ-</strong></span> 
     </span>
     <span class='ocr_line' id='line_1_26' title="bbox 130 830 1209 888; baseline 0.002 -23"><span class='ocrx_word' id='word_1_193' title='bbox 130 832 208 865; x_wconf 85' lang='grc' dir='ltr'><strong>τῶν</strong></span> <span class='ocrx_word' id='word_1_194' title='bbox 238 830 415 876; x_wconf 79' lang='grc' dir='ltr'><strong><em>τελευτῴη</em></strong></span> <span class='ocrx_word' id='word_1_195' title='bbox 433 830 481 886; x_wconf 44' lang='grc' dir='ltr'><strong>,(ιῖ</strong></span> <span class='ocrx_word' id='word_1_196' title='bbox 502 835 756 888; x_wconf 45' lang='grc' dir='ltr'><strong>ὶμηηγιένοιτο),</strong></span> <span class='ocrx_word' id='word_1_197' title='bbox 787 831 962 878; x_wconf 81' lang='grc' dir='ltr'><strong><em>βούλομαι</em></strong></span> <span class='ocrx_word' id='word_1_198' title='bbox 993 837 1053 868; x_wconf 87' lang='grc' dir='ltr'><strong>καὶ</strong></span> <span class='ocrx_word' id='word_1_199' title='bbox 1079 831 1209 868; x_wconf 81' lang='grc' dir='ltr'><strong><em>κελεύω</em></strong></span> 
     </span>
    </p>
   </div>
   <div class='ocr_carea' id='block_1_12' title="bbox 1278 700 2361 880">
    <p class='ocr_par' dir='ltr' id='par_1_12' title="bbox 1278 700 2361 880">
     <span class='ocr_line' id='line_1_27' title="bbox 1279 700 2359 748; baseline 0.004 -13"><span class='ocrx_word' id='word_1_200' title='bbox 1279 709 1388 744; x_wconf 86' lang='lat' dir='ltr'><strong>super</strong></span> <span class='ocrx_word' id='word_1_201' title='bbox 1417 701 1641 736; x_wconf 84' lang='lat' dir='ltr'><strong>naturalibus</strong></span> <span class='ocrx_word' id='word_1_202' title='bbox 1666 700 1748 736; x_wconf 87' lang='lat' dir='ltr'><strong>filiis</strong></span> <span class='ocrx_word' id='word_1_203' title='bbox 1773 707 1835 736; x_wconf 88' lang='lat' dir='ltr'><strong>aut</strong></span> <span class='ocrx_word' id='word_1_204' title='bbox 1858 702 2048 746; x_wconf 83' lang='lat' dir='ltr'><strong>nepotibus</strong></span> <span class='ocrx_word' id='word_1_205' title='bbox 2068 712 2182 738; x_wconf 85' lang='lat' dir='ltr'><strong>meam</strong></span> <span class='ocrx_word' id='word_1_206' title='bbox 2205 703 2359 748; x_wconf 76' lang='lat' dir='ltr'><strong>disposi-</strong></span> 
     </span>
     <span class='ocr_line' id='line_1_28' title="bbox 1278 745 2360 783; baseline 0.003 -3"><span class='ocrx_word' id='word_1_207' title='bbox 1278 745 1412 780; x_wconf 88' lang='lat' dir='ltr'><strong>tionem</strong></span> <span class='ocrx_word' id='word_1_208' title='bbox 1447 750 1483 781; x_wconf 90' lang='lat' dir='ltr'><strong>et</strong></span> <span class='ocrx_word' id='word_1_209' title='bbox 1516 746 1749 781; x_wconf 82' lang='lat' dir='ltr'><strong>voluntatem.</strong></span> <span class='ocrx_word' id='word_1_210' title='bbox 1798 746 1837 781; x_wconf 90' lang='lat' dir='ltr'><strong>Si</strong></span> <span class='ocrx_word' id='word_1_211' title='bbox 1871 756 1954 782; x_wconf 90' lang='lat' dir='ltr'><strong>vero</strong></span> <span class='ocrx_word' id='word_1_212' title='bbox 1990 747 2133 783; x_wconf 89' lang='lat' dir='ltr'><strong>omnino</strong></span> <span class='ocrx_word' id='word_1_213' title='bbox 2169 748 2246 783; x_wconf 88' lang='lat' dir='ltr'><strong>sine</strong></span> <span class='ocrx_word' id='word_1_214' title='bbox 2278 748 2360 783; x_wconf 86' lang='lat' dir='ltr'><strong>filiis</strong></span> 
     </span>
     <span class='ocr_line' id='line_1_29' title="bbox 1279 790 2361 837; baseline 0.002 -11"><span class='ocrx_word' id='word_1_215' title='bbox 1279 799 1400 826; x_wconf 90' lang='lat' dir='ltr'><strong>omnes</strong></span> <span class='ocrx_word' id='word_1_216' title='bbox 1430 792 1495 826; x_wconf 85' lang='lat' dir='ltr'><strong>aut</strong></span> <span class='ocrx_word' id='word_1_217' title='bbox 1526 790 1669 836; x_wconf 87' lang='lat' dir='ltr'><strong>quidam</strong></span> <span class='ocrx_word' id='word_1_218' title='bbox 1697 793 1762 826; x_wconf 88' lang='lat' dir='ltr'><strong>aut</strong></span> <span class='ocrx_word' id='word_1_219' title='bbox 1792 802 1886 826; x_wconf 83' lang='lat' dir='ltr'><strong>unus</strong></span> <span class='ocrx_word' id='word_1_220' title='bbox 1910 802 1954 826; x_wconf 86' lang='lat' dir='ltr'><strong>ex</strong></span> <span class='ocrx_word' id='word_1_221' title='bbox 1978 792 2030 826; x_wconf 88' lang='lat' dir='ltr'><strong>eis</strong></span> <span class='ocrx_word' id='word_1_222' title='bbox 2054 792 2228 828; x_wconf 81' lang='lat' dir='ltr'><strong>moriatur</strong></span> <span class='ocrx_word' id='word_1_223' title='bbox 2249 793 2361 837; x_wconf 87' lang='lat' dir='ltr'><strong>(quod</strong></span> 
     </span>
     <span class='ocr_line' id='line_1_30' title="bbox 1279 835 2360 880; baseline 0.002 -10"><span class='ocrx_word' id='word_1_224' title='bbox 1279 835 1397 879; x_wconf 86' lang='lat' dir='ltr'><strong>absit),</strong></span> <span class='ocrx_word' id='word_1_225' title='bbox 1428 836 1508 871; x_wconf 86' lang='lat' dir='ltr'><strong>volo</strong></span> <span class='ocrx_word' id='word_1_226' title='bbox 1540 839 1577 870; x_wconf 91' lang='lat' dir='ltr'><strong>et</strong></span> <span class='ocrx_word' id='word_1_227' title='bbox 1600 836 1706 871; x_wconf 89' lang='lat' dir='ltr'><strong>iubeo</strong></span> <span class='ocrx_word' id='word_1_228' title='bbox 1729 845 1788 872; x_wconf 90' lang='lat' dir='ltr'><strong>eos</strong></span> <span class='ocrx_word' id='word_1_229' title='bbox 1813 836 1875 880; x_wconf 88' lang='lat' dir='ltr'><strong>qui</strong></span> <span class='ocrx_word' id='word_1_230' title='bbox 1898 836 1975 872; x_wconf 88' lang='lat' dir='ltr'><strong>sine</strong></span> <span class='ocrx_word' id='word_1_231' title='bbox 1997 836 2079 872; x_wconf 88' lang='lat' dir='ltr'><strong>filiis</strong></span> <span class='ocrx_word' id='word_1_232' title='bbox 2103 842 2168 872; x_wconf 90' lang='lat' dir='ltr'><strong>aut</strong></span> <span class='ocrx_word' id='word_1_233' title='bbox 2190 838 2266 873; x_wconf 88' lang='lat' dir='ltr'><strong>sine</strong></span> <span class='ocrx_word' id='word_1_234' title='bbox 2286 838 2360 872; x_wconf 90' lang='lat' dir='ltr'><strong>filio</strong></span> 
     </span>
    </p>
   </div>
   <div class='ocr_carea' id='block_1_13' title="bbox 130 874 2361 932">
    <p class='ocr_par' dir='ltr' id='par_1_13' title="bbox 130 874 2361 932">
     <span class='ocr_line' id='line_1_31' title="bbox 130 874 2361 932; baseline 0.004 -22"><span class='ocrx_word' id='word_1_235' title='bbox 130 874 213 910; x_wconf 79' lang='grc' dir='ltr'><strong><em>τοὺς</em></strong></span> <span class='ocrx_word' id='word_1_236' title='bbox 236 874 396 910; x_wconf 76' lang='grc' dir='ltr'><strong><em>ἄπαιδας</em></strong></span> <span class='ocrx_word' id='word_1_237' title='bbox 427 890 448 919; x_wconf 89' lang='grc' dir='ltr'><em>η</em></span> <span class='ocrx_word' id='word_1_238' title='bbox 471 891 540 911; x_wconf 80' lang='grc' dir='ltr'><strong>τον</strong></span> <span class='ocrx_word' id='word_1_239' title='bbox 562 876 703 912; x_wconf 82' lang='grc' dir='ltr'><strong><em>απαιὸα</em></strong></span> <span class='ocrx_word' id='word_1_240' title='bbox 725 877 904 932; x_wconf 48' lang='grc' dir='ltr'><strong><em>μέλλοντα</em></strong></span> <span class='ocrx_word' id='word_1_241' title='bbox 926 878 1099 913; x_wconf 82' lang='grc' dir='ltr'><strong><em>τελευτᾶν</em></strong></span> <span class='ocrx_word' id='word_1_242' title='bbox 1121 877 1209 914; x_wconf 77' lang='grc' dir='ltr'><strong><em>ἀπο·</em></strong></span> <span class='ocrx_word' id='word_1_243' title='bbox 1227 885 1265 916; x_wconf 86' lang='grc'>15</span> <span class='ocrx_word' id='word_1_244' title='bbox 1279 880 1390 915; x_wconf 81' lang='lat' dir='ltr'><strong>futuri</strong></span> <span class='ocrx_word' id='word_1_245' title='bbox 1429 884 1515 915; x_wconf 88' lang='lat' dir='ltr'><strong>sunt</strong></span> <span class='ocrx_word' id='word_1_246' title='bbox 1552 881 1735 924; x_wconf 89' lang='lat' dir='ltr'><strong>morituri,</strong></span> <span class='ocrx_word' id='word_1_247' title='bbox 1773 883 1961 916; x_wconf 80' lang='lat' dir='ltr'><strong>restituere</strong></span> <span class='ocrx_word' id='word_1_248' title='bbox 1998 883 2249 927; x_wconf 84' lang='lat' dir='ltr'><strong>superstitibus</strong></span> <span class='ocrx_word' id='word_1_249' title='bbox 2288 883 2361 918; x_wconf 86' lang='lat' dir='ltr'><strong>sive</strong></span> 
     </span>
    </p>
   </div>
   <div class='ocr_carea' id='block_1_14' title="bbox 131 921 1212 1100">
    <p class='ocr_par' dir='ltr' id='par_1_14' title="bbox 131 921 1212 1100">
     <span class='ocr_line' id='line_1_32' title="bbox 131 921 1210 969; baseline 0.003 -15"><span class='ocrx_word' id='word_1_250' title='bbox 131 922 357 964; x_wconf 82' lang='grc' dir='ltr'><strong><em>καταστῆσαι</em></strong></span> <span class='ocrx_word' id='word_1_251' title='bbox 392 925 464 956; x_wconf 79' lang='grc' dir='ltr'><strong><em>τοῖς</em></strong></span> <span class='ocrx_word' id='word_1_252' title='bbox 504 924 691 969; x_wconf 80' lang='grc' dir='ltr'><strong><em>περιοῦσιν</em></strong></span> <span class='ocrx_word' id='word_1_253' title='bbox 730 937 752 966; x_wconf 87' lang='grc' dir='ltr'><em>η</em></span> <span class='ocrx_word' id='word_1_254' title='bbox 791 924 845 966; x_wconf 78' lang='grc' dir='ltr'><strong><em>τῷ</em></strong></span> <span class='ocrx_word' id='word_1_255' title='bbox 885 924 1048 969; x_wconf 83' lang='grc' dir='ltr'><strong><em>περιόντι</em></strong></span> <span class='ocrx_word' id='word_1_256' title='bbox 1088 921 1210 958; x_wconf 69' lang='grc' dir='ltr'><strong><em>αὐτῶν</em></strong></span> 
     </span>
     <span class='ocr_line' id='line_1_33' title="bbox 132 964 1210 1015; baseline 0.004 -17"><span class='ocrx_word' id='word_1_257' title='bbox 132 964 278 1011; x_wconf 78' lang='grc' dir='ltr'><strong><em>ἀδελφῷ</em></strong></span> <span class='ocrx_word' id='word_1_258' title='bbox 306 966 371 1000; x_wconf 79' lang='grc' dir='ltr'><strong><em>τὰς</em></strong></span> <span class='ocrx_word' id='word_1_259' title='bbox 400 970 715 1015; x_wconf 81' lang='grc' dir='ltr'><strong><em>προγεγραμμένας</em></strong></span> <span class='ocrx_word' id='word_1_260' title='bbox 737 969 859 1011; x_wconf 83' lang='grc' dir='ltr'><strong><em>οἰκίας,</em></strong></span> <span class='ocrx_word' id='word_1_261' title='bbox 887 969 956 1011; x_wconf 85' lang='grc' dir='ltr'><strong>τήν</strong></span> <span class='ocrx_word' id='word_1_262' title='bbox 977 981 1017 1002; x_wconf 85' lang='grc' dir='ltr'><strong>τε</strong></span> <span class='ocrx_word' id='word_1_263' title='bbox 1041 969 1210 1004; x_wconf 71' lang='grc' dir='ltr'><strong><em>ἐνταῦθα</em></strong></span> 
     </span>
     <span class='ocr_line' id='line_1_34' title="bbox 131 1010 1210 1058; baseline 0.002 -14"><span class='ocrx_word' id='word_1_264' title='bbox 131 1013 191 1044; x_wconf 86' lang='grc' dir='ltr'><strong>καὶ</strong></span> <span class='ocrx_word' id='word_1_265' title='bbox 219 1011 288 1054; x_wconf 83' lang='grc' dir='ltr'><strong>τὴν</strong></span> <span class='ocrx_word' id='word_1_266' title='bbox 321 1013 360 1045; x_wconf 80' lang='grc' dir='ltr'><strong>ἐν</strong></span> <span class='ocrx_word' id='word_1_267' title='bbox 380 1010 592 1056; x_wconf 79' lang='grc' dir='ltr'><strong><em>Ἀντιοχείᾳ,</em></strong></span> <span class='ocrx_word' id='word_1_268' title='bbox 625 1016 685 1046; x_wconf 82' lang='grc' dir='ltr'><strong>καὶ</strong></span> <span class='ocrx_word' id='word_1_269' title='bbox 713 1013 759 1046; x_wconf 84' lang='grc' dir='ltr'><strong><em>τὰ</em></strong></span> <span class='ocrx_word' id='word_1_270' title='bbox 788 1011 1078 1058; x_wconf 72' lang='grc' dir='ltr'><strong><em>προδηλωθέντα</em></strong></span> <span class='ocrx_word' id='word_1_271' title='bbox 1102 1016 1210 1048; x_wconf 75' lang='grc' dir='ltr'><strong><em>πέντε</em></strong></span> 
     </span>
     <span class='ocr_line' id='line_1_35' title="bbox 132 1055 1212 1100; baseline 0.003 -11"><span class='ocrx_word' id='word_1_272' title='bbox 132 1056 333 1100; x_wconf 79' lang='grc' dir='ltr'><strong><em>προάστεια</em></strong></span> <span class='ocrx_word' id='word_1_273' title='bbox 356 1057 447 1100; x_wconf 84' lang='grc' dir='ltr'><strong><em>μετὰ</em></strong></span> <span class='ocrx_word' id='word_1_274' title='bbox 471 1058 627 1093; x_wconf 83' lang='grc' dir='ltr'><strong><em>πάντων</em></strong></span> <span class='ocrx_word' id='word_1_275' title='bbox 651 1055 776 1091; x_wconf 77' lang='grc' dir='ltr'><strong><em>αὐτῶν</em></strong></span> <span class='ocrx_word' id='word_1_276' title='bbox 799 1059 877 1092; x_wconf 73' lang='grc' dir='ltr'><strong>τῶν</strong></span> <span class='ocrx_word' id='word_1_277' title='bbox 897 1057 1050 1092; x_wconf 79' lang='grc' dir='ltr'><strong><em>δικαίων</em></strong></span> <span class='ocrx_word' id='word_1_278' title='bbox 1074 1060 1212 1100; x_wconf 81' lang='grc' dir='ltr'><strong><em>καὶτῆς</em></strong></span> 
     </span>
    </p>
   </div>
   <div class='ocr_carea' id='block_1_15' title="bbox 1279 925 2360 1102">
    <p class='ocr_par' dir='ltr' id='par_1_15' title="bbox 1279 925 2360 1102">
     <span class='ocr_line' id='line_1_36' title="bbox 1279 925 2359 971; baseline 0.002 -11"><span class='ocrx_word' id='word_1_279' title='bbox 1279 926 1464 970; x_wconf 86' lang='lat' dir='ltr'><strong>superstiti</strong></span> <span class='ocrx_word' id='word_1_280' title='bbox 1495 935 1618 961; x_wconf 88' lang='lat' dir='ltr'><strong>eorum</strong></span> <span class='ocrx_word' id='word_1_281' title='bbox 1636 925 1741 961; x_wconf 81' lang='lat' dir='ltr'><strong>fratri</strong></span> <span class='ocrx_word' id='word_1_282' title='bbox 1765 927 2031 971; x_wconf 85' lang='lat' dir='ltr'><strong>suprascriptas</strong></span> <span class='ocrx_word' id='word_1_283' title='bbox 2055 927 2178 963; x_wconf 90' lang='lat' dir='ltr'><strong>domos</strong></span> <span class='ocrx_word' id='word_1_284' title='bbox 2202 930 2275 962; x_wconf 88' lang='lat' dir='ltr'><strong>tam</strong></span> <span class='ocrx_word' id='word_1_285' title='bbox 2300 928 2359 963; x_wconf 90' lang='lat' dir='ltr'><strong>hic</strong></span> 
     </span>
     <span class='ocr_line' id='line_1_37' title="bbox 1279 970 2360 1018; baseline 0.004 -14"><span class='ocrx_word' id='word_1_286' title='bbox 1279 980 1385 1014; x_wconf 87' lang='lat' dir='ltr'><strong>quam</strong></span> <span class='ocrx_word' id='word_1_287' title='bbox 1403 971 1440 1005; x_wconf 90' lang='lat' dir='ltr'><strong>in</strong></span> <span class='ocrx_word' id='word_1_288' title='bbox 1455 970 1693 1014; x_wconf 83' lang='lat' dir='ltr'><strong>Antiochiam,</strong></span> <span class='ocrx_word' id='word_1_289' title='bbox 1714 975 1749 1006; x_wconf 91' lang='lat' dir='ltr'><strong>et</strong></span> <span class='ocrx_word' id='word_1_290' title='bbox 1769 971 2085 1016; x_wconf 82' lang='lat' dir='ltr'><strong>praemanifestata</strong></span> <span class='ocrx_word' id='word_1_291' title='bbox 2102 973 2258 1018; x_wconf 89' lang='lat' dir='ltr'><strong>quinque</strong></span> <span class='ocrx_word' id='word_1_292' title='bbox 2276 982 2360 1018; x_wconf 86' lang='lat' dir='ltr'><strong>pro-</strong></span> 
     </span>
     <span class='ocr_line' id='line_1_38' title="bbox 1280 1015 2359 1063; baseline 0.003 -14"><span class='ocrx_word' id='word_1_293' title='bbox 1280 1015 1373 1050; x_wconf 83' lang='lat' dir='ltr'><strong>astia</strong></span> <span class='ocrx_word' id='word_1_294' title='bbox 1403 1026 1483 1051; x_wconf 92' lang='lat' dir='ltr'><strong>cum</strong></span> <span class='ocrx_word' id='word_1_295' title='bbox 1513 1016 1608 1052; x_wconf 91' lang='lat' dir='ltr'><strong>omni</strong></span> <span class='ocrx_word' id='word_1_296' title='bbox 1630 1026 1754 1051; x_wconf 90' lang='lat' dir='ltr'><strong>eorum</strong></span> <span class='ocrx_word' id='word_1_297' title='bbox 1777 1017 1854 1052; x_wconf 91' lang='lat' dir='ltr'><strong>iure</strong></span> <span class='ocrx_word' id='word_1_298' title='bbox 1878 1020 1915 1051; x_wconf 85' lang='lat' dir='ltr'><strong>et</strong></span> <span class='ocrx_word' id='word_1_299' title='bbox 1937 1017 2102 1052; x_wconf 84' lang='lat' dir='ltr'><strong>omnibus</strong></span> <span class='ocrx_word' id='word_1_300' title='bbox 2127 1018 2359 1063; x_wconf 87' lang='lat' dir='ltr'><strong>competenti-</strong></span> 
     </span>
     <span class='ocr_line' id='line_1_39' title="bbox 1279 1060 2359 1102; baseline 0.003 -7"><span class='ocrx_word' id='word_1_301' title='bbox 1279 1060 1347 1096; x_wconf 91' lang='lat' dir='ltr'><strong>bus</strong></span> <span class='ocrx_word' id='word_1_302' title='bbox 1370 1060 1622 1102; x_wconf 85' lang='lat' dir='ltr'><strong>indesinenter,</strong></span> <span class='ocrx_word' id='word_1_303' title='bbox 1647 1065 1796 1097; x_wconf 85' lang='lat' dir='ltr'><strong>vacante</strong></span> <span class='ocrx_word' id='word_1_304' title='bbox 1817 1061 1980 1097; x_wconf 88' lang='lat' dir='ltr'><strong>videlicet</strong></span> <span class='ocrx_word' id='word_1_305' title='bbox 2002 1063 2095 1097; x_wconf 87' lang='lat' dir='ltr'><strong>inter</strong></span> <span class='ocrx_word' id='word_1_306' title='bbox 2118 1072 2179 1098; x_wconf 91' lang='lat' dir='ltr'><strong>eos</strong></span> <span class='ocrx_word' id='word_1_307' title='bbox 2200 1065 2245 1098; x_wconf 88' lang='lat' dir='ltr'><strong>de</strong></span> <span class='ocrx_word' id='word_1_308' title='bbox 2261 1063 2359 1098; x_wconf 86' lang='lat' dir='ltr'><strong>fidei-</strong></span> 
     </span>
    </p>
   </div>
   <div class='ocr_carea' id='block_1_16' title="bbox 131 1097 2362 1154">
    <p class='ocr_par' dir='ltr' id='par_1_16' title="bbox 131 1097 2362 1154">
     <span class='ocr_line' id='line_1_40' title="bbox 131 1097 2362 1154; baseline 0.004 -21"><span class='ocrx_word' id='word_1_309' title='bbox 131 1097 294 1134; x_wconf 74' lang='grc' dir='ltr'><strong><em>καθόλου</em></strong></span> <span class='ocrx_word' id='word_1_310' title='bbox 316 1103 480 1154; x_wconf 61' lang='grc' dir='ltr'><strong><em>περιοχῆς</em></strong></span> <span class='ocrx_word' id='word_1_311' title='bbox 494 1101 787 1146; x_wconf 79' lang='grc' dir='ltr'><strong><em>ἅπαραλείπτως,</em></strong></span> <span class='ocrx_word' id='word_1_312' title='bbox 812 1101 986 1148; x_wconf 77' lang='grc' dir='ltr'><strong><em>ἀργούσης</em></strong></span> <span class='ocrx_word' id='word_1_313' title='bbox 1002 1102 1137 1147; x_wconf 81' lang='grc' dir='ltr'><strong><em>δηλαδὴ</em></strong></span> <span class='ocrx_word' id='word_1_314' title='bbox 1153 1117 1209 1148; x_wconf 80' lang='grc' dir='ltr'><strong>με·</strong></span> <span class='ocrx_word' id='word_1_315' title='bbox 1226 1108 1267 1141; x_wconf 87' lang='grc' dir='ltr'><strong>2ο</strong></span> <span class='ocrx_word' id='word_1_316' title='bbox 1280 1106 1478 1142; x_wconf 85' lang='lat' dir='ltr'><strong>commissis</strong></span> <span class='ocrx_word' id='word_1_317' title='bbox 1516 1108 1581 1141; x_wconf 85' lang='lat' dir='ltr'><strong>aut</strong></span> <span class='ocrx_word' id='word_1_318' title='bbox 1617 1106 1741 1150; x_wconf 88' lang='lat' dir='ltr'><strong>legatis</strong></span> <span class='ocrx_word' id='word_1_319' title='bbox 1779 1107 2022 1143; x_wconf 80' lang='lat' dir='ltr'><strong>satisdatione.</strong></span> <span class='ocrx_word' id='word_1_320' title='bbox 2070 1107 2160 1144; x_wconf 89' lang='lat' dir='ltr'><strong>Volo</strong></span> <span class='ocrx_word' id='word_1_321' title='bbox 2196 1109 2291 1143; x_wconf 91' lang='lat' dir='ltr'><strong>enim</strong></span> <span class='ocrx_word' id='word_1_322' title='bbox 2326 1109 2362 1143; x_wconf 90' lang='lat' dir='ltr'><strong>et</strong></span> 
     </span>
    </p>
   </div>
   <div class='ocr_carea' id='block_1_17' title="bbox 131 1143 1212 1339">
    <p class='ocr_par' dir='ltr' id='par_1_17' title="bbox 131 1143 1212 1339">
     <span class='ocr_line' id='line_1_41' title="bbox 132 1143 1212 1196; baseline 0.004 -18"><span class='ocrx_word' id='word_1_323' title='bbox 132 1145 224 1185; x_wconf 80' lang='grc' dir='ltr'><strong><em>ταξὺ</em></strong></span> <span class='ocrx_word' id='word_1_324' title='bbox 258 1143 382 1180; x_wconf 77' lang='grc' dir='ltr'><strong><em>αὐτων</em></strong></span> <span class='ocrx_word' id='word_1_325' title='bbox 409 1149 470 1190; x_wconf 80' lang='grc' dir='ltr'><strong><em>τῆς</em></strong></span> <span class='ocrx_word' id='word_1_326' title='bbox 494 1149 553 1182; x_wconf 79' lang='grc' dir='ltr'><strong>ἐπὶ</strong></span> <span class='ocrx_word' id='word_1_327' title='bbox 578 1151 651 1182; x_wconf 81' lang='grc' dir='ltr'><strong><em>τοῖς</em></strong></span> <span class='ocrx_word' id='word_1_328' title='bbox 673 1147 978 1184; x_wconf 70' lang='grc' dir='ltr'><strong><em>Ηᾱείοοωῐυίεεοις</em></strong></span> <span class='ocrx_word' id='word_1_329' title='bbox 1000 1146 1024 1192; x_wconf 82' lang='grc' dir='ltr'><em>ἢ</em></span> <span class='ocrx_word' id='word_1_330' title='bbox 1048 1148 1212 1196; x_wconf 83' lang='grc' dir='ltr'><strong><em>ληγάτοις</em></strong></span> 
     </span>
     <span class='ocr_line' id='line_1_42' title="bbox 133 1188 1211 1271; baseline 0.004 -48"><span class='ocrx_word' id='word_1_331' title='bbox 133 1188 367 1225; x_wconf 79' lang='grc' dir='ltr'><strong><em>ἱκανοδοσίας.</em></strong></span> <span class='ocrx_word' id='word_1_332' title='bbox 396 1191 581 1271; x_wconf 54' lang='lat' dir='ltr'><strong>foul-optat</strong></span> <span class='ocrx_word' id='word_1_333' title='bbox 596 1191 663 1239; x_wconf 78' lang='grc' dir='ltr'><strong><em>γὰρ</em></strong></span> <span class='ocrx_word' id='word_1_334' title='bbox 681 1196 740 1226; x_wconf 82' lang='grc' dir='ltr'><strong>καὶ</strong></span> <span class='ocrx_word' id='word_1_335' title='bbox 757 1192 888 1227; x_wconf 82' lang='grc' dir='ltr'><strong><em>κελεύω</em></strong></span> <span class='ocrx_word' id='word_1_336' title='bbox 904 1193 954 1238; x_wconf 86' lang='grc' dir='ltr'><strong>μὴ</strong></span> <span class='ocrx_word' id='word_1_337' title='bbox 969 1191 1211 1228; x_wconf 74' lang='grc' dir='ltr'><strong><em>ἀπαιτεῖσθαι</em></strong></span> 
     </span>
     <span class='ocr_line' id='line_1_43' title="bbox 134 1232 1209 1282; baseline 0.004 -14"><span class='ocrx_word' id='word_1_338' title='bbox 134 1232 260 1269; x_wconf 75' lang='grc' dir='ltr'><strong><em>αὐτοὺς</em></strong></span> <span class='ocrx_word' id='word_1_339' title='bbox 273 1233 357 1280; x_wconf 83' lang='grc' dir='ltr'><strong><em>παρ’</em></strong></span> <span class='ocrx_word' id='word_1_340' title='bbox 368 1233 391 1269; x_wconf 84' lang='grc' dir='ltr'><strong><em>οἷ</em></strong></span> <span class='ocrx_word' id='word_1_341' title='bbox 416 1236 537 1280; x_wconf 82' lang='grc' dir='ltr'><strong><em>λήλων</em></strong></span> <span class='ocrx_word' id='word_1_342' title='bbox 549 1237 613 1272; x_wconf 82' lang='grc' dir='ltr'><strong><em>τὰς</em></strong></span> <span class='ocrx_word' id='word_1_343' title='bbox 625 1238 793 1272; x_wconf 81' lang='grc' dir='ltr'><strong><em>τοιαύτας</em></strong></span> <span class='ocrx_word' id='word_1_344' title='bbox 806 1237 1126 1282; x_wconf 80' lang='grc' dir='ltr'><strong><em>ἱκανοδοσιάς,τῶν</em></strong></span> <span class='ocrx_word' id='word_1_345' title='bbox 1135 1240 1209 1274; x_wconf 83' lang='grc' dir='ltr'><strong><em>ἐπι-</em></strong></span> 
     </span>
     <span class='ocr_line' id='line_1_44' title="bbox 131 1278 1212 1339; baseline 0.003 -25"><span class='ocrx_word' id='word_1_346' title='bbox 131 1278 352 1326; x_wconf 81' lang='grc' dir='ltr'><strong><em>χειρούντων</em></strong></span> <span class='ocrx_word' id='word_1_347' title='bbox 366 1281 447 1325; x_wconf 81' lang='grc' dir='ltr'><strong><em>ἤτοι</em></strong></span> <span class='ocrx_word' id='word_1_348' title='bbox 463 1284 722 1338; x_wconf 79' lang='grc' dir='ltr'><strong><em>ἐπιχειροῦντος</em></strong></span> <span class='ocrx_word' id='word_1_349' title='bbox 741 1283 840 1328; x_wconf 79' lang='grc' dir='ltr'><strong><em>παρὰ</em></strong></span> <span class='ocrx_word' id='word_1_350' title='bbox 858 1284 924 1318; x_wconf 86' lang='grc' dir='ltr'><strong>τὸν</strong></span> <span class='ocrx_word' id='word_1_351' title='bbox 936 1284 1023 1328; x_wconf 77' lang='grc' dir='ltr'><strong><em>ἐμὸν</em></strong></span> <span class='ocrx_word' id='word_1_352' title='bbox 1036 1284 1212 1339; x_wconf 75' lang='grc' dir='ltr'><strong><em>πατρικὸν</em></strong></span> 
     </span>
    </p>
   </div>
   <div class='ocr_carea' id='block_1_18' title="bbox 1280 1151 2362 1329">
    <p class='ocr_par' dir='ltr' id='par_1_18' title="bbox 1280 1151 2362 1329">
     <span class='ocr_line' id='line_1_45' title="bbox 1280 1151 2360 1195; baseline 0.003 -10"><span class='ocrx_word' id='word_1_353' title='bbox 1280 1151 1405 1193; x_wconf 91' lang='lat' dir='ltr'><strong>iubeo,</strong></span> <span class='ocrx_word' id='word_1_354' title='bbox 1436 1161 1509 1186; x_wconf 87' lang='lat' dir='ltr'><strong>non</strong></span> <span class='ocrx_word' id='word_1_355' title='bbox 1537 1151 1677 1195; x_wconf 84' lang='lat' dir='ltr'><strong>exigere</strong></span> <span class='ocrx_word' id='word_1_356' title='bbox 1702 1161 1763 1187; x_wconf 89' lang='lat' dir='ltr'><strong>eos</strong></span> <span class='ocrx_word' id='word_1_357' title='bbox 1787 1152 1832 1187; x_wconf 90' lang='lat' dir='ltr'><strong>ab</strong></span> <span class='ocrx_word' id='word_1_358' title='bbox 1856 1152 2007 1188; x_wconf 89' lang='lat' dir='ltr'><strong>invicem</strong></span> <span class='ocrx_word' id='word_1_359' title='bbox 2030 1152 2233 1189; x_wconf 89' lang='lat' dir='ltr'><strong>huiusmodi</strong></span> <span class='ocrx_word' id='word_1_360' title='bbox 2252 1153 2360 1188; x_wconf 82' lang='lat' dir='ltr'><strong>satis-</strong></span> 
     </span>
     <span class='ocr_line' id='line_1_46' title="bbox 1281 1196 2362 1242; baseline 0.003 -12"><span class='ocrx_word' id='word_1_361' title='bbox 1281 1196 1463 1241; x_wconf 76' lang='lat' dir='ltr'><strong>dationes3</strong></span> <span class='ocrx_word' id='word_1_362' title='bbox 1499 1199 1768 1240; x_wconf 78' lang='lat' dir='ltr'><strong>praesumentes</strong></span> <span class='ocrx_word' id='word_1_363' title='bbox 1801 1197 1874 1232; x_wconf 87' lang='lat' dir='ltr'><strong>sive</strong></span> <span class='ocrx_word' id='word_1_364' title='bbox 1904 1201 2188 1242; x_wconf 83' lang='lat' dir='ltr'><strong>praesumentem</strong></span> <span class='ocrx_word' id='word_1_365' title='bbox 2218 1204 2362 1242; x_wconf 82' lang='lat' dir='ltr'><strong>praeter</strong></span> 
     </span>
     <span class='ocr_line' id='line_1_47' title="bbox 1280 1242 2362 1286; baseline 0.003 -11"><span class='ocrx_word' id='word_1_366' title='bbox 1280 1250 1395 1276; x_wconf 86' lang='lat' dir='ltr'><strong>meam</strong></span> <span class='ocrx_word' id='word_1_367' title='bbox 1425 1244 1610 1286; x_wconf 81' lang='lat' dir='ltr'><strong>paternam</strong></span> <span class='ocrx_word' id='word_1_368' title='bbox 1641 1244 1678 1277; x_wconf 90' lang='lat' dir='ltr'><strong>et</strong></span> <span class='ocrx_word' id='word_1_369' title='bbox 1708 1242 1896 1277; x_wconf 80' lang='lat' dir='ltr'><strong>amabilem</strong></span> <span class='ocrx_word' id='word_1_370' title='bbox 1923 1243 2019 1278; x_wconf 84' lang='lat' dir='ltr'><strong>cirea</strong></span> <span class='ocrx_word' id='word_1_371' title='bbox 2043 1252 2104 1278; x_wconf 89' lang='lat' dir='ltr'><strong>eos</strong></span> <span class='ocrx_word' id='word_1_372' title='bbox 2127 1243 2362 1278; x_wconf 90' lang='lat' dir='ltr'><strong>intentionem</strong></span> 
     </span>
     <span class='ocr_line' id='line_1_48' title="bbox 1280 1286 2362 1329; baseline 0.003 -8"><span class='ocrx_word' id='word_1_373' title='bbox 1280 1286 1422 1329; x_wconf 86' lang='lat' dir='ltr'><strong>exigere</strong></span> <span class='ocrx_word' id='word_1_374' title='bbox 1455 1286 1587 1321; x_wconf 83' lang='lat' dir='ltr'><strong>fratres</strong></span> <span class='ocrx_word' id='word_1_375' title='bbox 1623 1297 1707 1322; x_wconf 90' lang='lat' dir='ltr'><strong>suos</strong></span> <span class='ocrx_word' id='word_1_376' title='bbox 1743 1289 1806 1322; x_wconf 85' lang='lat' dir='ltr'><strong>aut</strong></span> <span class='ocrx_word' id='word_1_377' title='bbox 1840 1287 1987 1322; x_wconf 86' lang='lat' dir='ltr'><strong>fratrem</strong></span> <span class='ocrx_word' id='word_1_378' title='bbox 2023 1288 2292 1324; x_wconf 86' lang='lat' dir='ltr'><strong>satisdationem</strong></span> <span class='ocrx_word' id='word_1_379' title='bbox 2324 1289 2362 1324; x_wconf 92' lang='lat' dir='ltr'><strong>in</strong></span> 
     </span>
    </p>
   </div>
   <div class='ocr_carea' id='block_1_19' title="bbox 132 1324 2360 1383">
    <p class='ocr_par' dir='ltr' id='par_1_19' title="bbox 132 1324 2360 1383">
     <span class='ocr_line' id='line_1_49' title="bbox 132 1324 2360 1383; baseline 0.005 -26"><span class='ocrx_word' id='word_1_380' title='bbox 132 1328 196 1378; x_wconf 47' lang='grc' dir='ltr'><strong>καὶἱ</strong></span> <span class='ocrx_word' id='word_1_381' title='bbox 205 1324 442 1382; x_wconf 69' lang='grc' dir='ltr'><strong><em>φιλόστοργον</em></strong></span> <span class='ocrx_word' id='word_1_382' title='bbox 452 1332 532 1383; x_wconf 69' lang='grc' dir='ltr'><strong><em>περὶ</em></strong></span> <span class='ocrx_word' id='word_1_383' title='bbox 547 1327 672 1362; x_wconf 76' lang='grc' dir='ltr'><strong><em>αυτούς</em></strong></span> <span class='ocrx_word' id='word_1_384' title='bbox 685 1329 823 1363; x_wconf 82' lang='grc' dir='ltr'><strong><em>σκοπὸν</em></strong></span> <span class='ocrx_word' id='word_1_385' title='bbox 835 1326 1005 1364; x_wconf 78' lang='grc' dir='ltr'><strong><em>ἀπαιτεῖν</em></strong></span> <span class='ocrx_word' id='word_1_386' title='bbox 1017 1340 1099 1363; x_wconf 77' lang='grc' dir='ltr'><strong><em>τους</em></strong></span> <span class='ocrx_word' id='word_1_387' title='bbox 1110 1327 1211 1362; x_wconf 60' lang='lat'>‹13⁸2-</span> <span class='ocrx_word' id='word_1_388' title='bbox 1227 1333 1268 1366; x_wconf 85' lang='lat'><strong>25</strong></span> <span class='ocrx_word' id='word_1_389' title='bbox 1282 1330 1473 1376; x_wconf 82' lang='lat' dir='ltr'><strong>prohibitis</strong></span> <span class='ocrx_word' id='word_1_390' title='bbox 1504 1331 1652 1366; x_wconf 81' lang='lat' dir='ltr'><strong>alienari</strong></span> <span class='ocrx_word' id='word_1_391' title='bbox 1674 1332 1782 1367; x_wconf 82' lang='lat' dir='ltr'><strong>rebus</strong></span> <span class='ocrx_word' id='word_1_392' title='bbox 1803 1333 1900 1368; x_wconf 88' lang='lat' dir='ltr'><strong>omni</strong></span> <span class='ocrx_word' id='word_1_393' title='bbox 1921 1342 1981 1368; x_wconf 87' lang='lat' dir='ltr'><strong>eos</strong></span> <span class='ocrx_word' id='word_1_394' title='bbox 1998 1332 2277 1369; x_wconf 80' lang='lat' dir='ltr'><strong>&#39;fideicommisso</strong></span> <span class='ocrx_word' id='word_1_395' title='bbox 2302 1343 2360 1368; x_wconf 75' lang='lat' dir='ltr'><strong>ca-</strong></span> 
     </span>
    </p>
   </div>
   <div class='ocr_carea' id='block_1_20' title="bbox 131 1370 1212 1564">
    <p class='ocr_par' dir='ltr' id='par_1_20' title="bbox 131 1370 1212 1564">
     <span class='ocr_line' id='line_1_50' title="bbox 133 1370 1212 1418; baseline 0.003 -15"><span class='ocrx_word' id='word_1_396' title='bbox 133 1382 220 1415; x_wconf 78' lang='grc' dir='ltr'><strong><em>φους</em></strong></span> <span class='ocrx_word' id='word_1_397' title='bbox 251 1384 374 1406; x_wconf 86' lang='grc' dir='ltr'><strong><em>αυτων</em></strong></span> <span class='ocrx_word' id='word_1_398' title='bbox 404 1386 426 1415; x_wconf 90' lang='grc' dir='ltr'><em>η</em></span> <span class='ocrx_word' id='word_1_399' title='bbox 456 1386 524 1407; x_wconf 87' lang='grc' dir='ltr'><strong>τον</strong></span> <span class='ocrx_word' id='word_1_400' title='bbox 552 1370 711 1418; x_wconf 54' lang='lat' dir='ltr'><strong>‹idaiam›</strong></span> <span class='ocrx_word' id='word_1_401' title='bbox 742 1371 867 1408; x_wconf 77' lang='grc' dir='ltr'><strong><em>αὐτῶν</em></strong></span> <span class='ocrx_word' id='word_1_402' title='bbox 898 1372 1129 1408; x_wconf 83' lang='grc' dir='ltr'><strong><em>ἱκανοδοσίαν</em></strong></span> <span class='ocrx_word' id='word_1_403' title='bbox 1152 1375 1212 1407; x_wconf 82' lang='grc' dir='ltr'><strong>ἐπὶ</strong></span> 
     </span>
     <span class='ocr_line' id='line_1_51' title="bbox 131 1414 1210 1465; baseline 0.005 -17"><span class='ocrx_word' id='word_1_404' title='bbox 131 1417 205 1449; x_wconf 85' lang='grc' dir='ltr'><strong><em>τοῖς</em></strong></span> <span class='ocrx_word' id='word_1_405' title='bbox 220 1414 438 1451; x_wconf 71' lang='grc' dir='ltr'><strong><em>κωλυθεῖσιν</em></strong></span> <span class='ocrx_word' id='word_1_406' title='bbox 454 1418 700 1461; x_wconf 77' lang='grc' dir='ltr'><strong><em>ἑκποιηθῆναι</em></strong></span> <span class='ocrx_word' id='word_1_407' title='bbox 715 1419 901 1465; x_wconf 81' lang='grc' dir='ltr'><strong><em>πράγμασι</em></strong></span> <span class='ocrx_word' id='word_1_408' title='bbox 917 1419 1076 1462; x_wconf 84' lang='grc' dir='ltr'><strong><em>παντελῆ</em></strong></span> <span class='ocrx_word' id='word_1_409' title='bbox 1101 1417 1210 1453; x_wconf 76' lang='grc' dir='ltr'><strong><em>αὐτοῦ</em></strong></span> 
     </span>
     <span class='ocr_line' id='line_1_52' title="bbox 132 1460 1194 1508; baseline 0.005 -15"><span class='ocrx_word' id='word_1_410' title='bbox 132 1462 196 1494; x_wconf 80' lang='grc' dir='ltr'><strong>τοῦ</strong></span> <span class='ocrx_word' id='word_1_411' title='bbox 224 1460 513 1498; x_wconf 80' lang='lat' dir='ltr'><strong>fideicommissov</strong></span> <span class='ocrx_word' id='word_1_412' title='bbox 543 1465 730 1498; x_wconf 76' lang='grc' dir='ltr'><strong><em>ἔκπτωσιν</em></strong></span> <span class='ocrx_word' id='word_1_413' title='bbox 757 1461 1000 1508; x_wconf 74' lang='grc' dir='ltr'><strong><em>ὑπομένοντος</em></strong></span> <span class='ocrx_word' id='word_1_414' title='bbox 1022 1463 1101 1507; x_wconf 80' lang='grc' dir='ltr'><strong><em>ἦτοι</em></strong></span> <span class='ocrx_word' id='word_1_415' title='bbox 1123 1462 1194 1499; x_wconf 75' lang='grc' dir='ltr'><strong>ὑπο</strong></span> 
     </span>
     <span class='ocr_line' id='line_1_53' title="bbox 131 1504 1210 1564; baseline 0.004 -25"><span class='ocrx_word' id='word_1_416' title='bbox 131 1504 357 1548; x_wconf 85' lang='grc' dir='ltr'><strong><em>μενόντων.“</em></strong></span> <span class='ocrx_word' id='word_1_417' title='bbox 403 1511 462 1541; x_wconf 79' lang='grc' dir='ltr'><strong>καὶ</strong></span> <span class='ocrx_word' id='word_1_418' title='bbox 486 1509 602 1542; x_wconf 76' lang='grc' dir='ltr'><strong><em>ταῦτα</em></strong></span> <span class='ocrx_word' id='word_1_419' title='bbox 623 1510 691 1553; x_wconf 80' lang='grc' dir='ltr'><strong>μὲν</strong></span> <span class='ocrx_word' id='word_1_420' title='bbox 716 1510 776 1543; x_wconf 80' lang='grc' dir='ltr'><strong>ἐπὶ</strong></span> <span class='ocrx_word' id='word_1_421' title='bbox 791 1511 862 1562; x_wconf 52' lang='grc' dir='ltr'><strong><em>’τῆς</em></strong></span> <span class='ocrx_word' id='word_1_422' title='bbox 885 1508 1070 1564; x_wconf 45' lang='grc' dir='ltr'><strong><em>διαθήκης,</em></strong></span> <span class='ocrx_word' id='word_1_423' title='bbox 1086 1510 1210 1551; x_wconf 84' lang='grc' dir='ltr'><strong><em>εἰπεῖν,</em></strong></span> 
     </span>
    </p>
   </div>
   <div class='ocr_carea' id='block_1_21' title="bbox 1280 1376 2363 1558">
    <p class='ocr_par' dir='ltr' id='par_1_21' title="bbox 1280 1376 2363 1558">
     <span class='ocr_line' id='line_1_54' title="bbox 1282 1376 2363 1421; baseline 0.003 -11"><span class='ocrx_word' id='word_1_424' title='bbox 1282 1376 1402 1411; x_wconf 88' lang='lat' dir='ltr'><strong>dere.“</strong></span> <span class='ocrx_word' id='word_1_425' title='bbox 1446 1376 1496 1411; x_wconf 87' lang='lat' dir='ltr'><strong>Et</strong></span> <span class='ocrx_word' id='word_1_426' title='bbox 1519 1376 1608 1411; x_wconf 88' lang='lat' dir='ltr'><strong>haec</strong></span> <span class='ocrx_word' id='word_1_427' title='bbox 1632 1377 1773 1421; x_wconf 90' lang='lat' dir='ltr'><strong>quidem</strong></span> <span class='ocrx_word' id='word_1_428' title='bbox 1796 1377 1834 1412; x_wconf 89' lang='lat' dir='ltr'><strong>in</strong></span> <span class='ocrx_word' id='word_1_429' title='bbox 1857 1379 2069 1413; x_wconf 84' lang='lat' dir='ltr'><strong>testamento</strong></span> <span class='ocrx_word' id='word_1_430' title='bbox 2094 1378 2194 1421; x_wconf 85' lang='lat' dir='ltr'><strong>dixit,</strong></span> <span class='ocrx_word' id='word_1_431' title='bbox 2219 1379 2288 1413; x_wconf 88' lang='lat' dir='ltr'><strong>scri</strong></span> <span class='ocrx_word' id='word_1_432' title='bbox 2316 1379 2363 1413; x_wconf 89' lang='lat' dir='ltr'><strong>sit</strong></span> 
     </span>
     <span class='ocr_line' id='line_1_55' title="bbox 1280 1422 2360 1468; baseline 0.002 -12"><span class='ocrx_word' id='word_1_433' title='bbox 1280 1423 1398 1456; x_wconf 88' lang='lat' dir='ltr'><strong>autem</strong></span> <span class='ocrx_word' id='word_1_434' title='bbox 1421 1425 1458 1456; x_wconf 90' lang='lat' dir='ltr'><strong>et</strong></span> <span class='ocrx_word' id='word_1_435' title='bbox 1481 1422 1661 1457; x_wconf 71' lang='lat' dir='ltr'><strong>codicillos</strong></span> <span class='ocrx_word' id='word_1_436' title='bbox 1686 1422 1888 1458; x_wconf 87' lang='lat' dir='ltr'><strong>huiusmodi</strong></span> <span class='ocrx_word' id='word_1_437' title='bbox 1905 1425 1940 1458; x_wconf 90' lang='lat' dir='ltr'><strong>et</strong></span> <span class='ocrx_word' id='word_1_438' title='bbox 1957 1423 1994 1458; x_wconf 93' lang='lat' dir='ltr'><strong>in</strong></span> <span class='ocrx_word' id='word_1_439' title='bbox 2011 1423 2100 1468; x_wconf 92' lang='lat' dir='ltr'><strong>ipsis</strong></span> <span class='ocrx_word' id='word_1_440' title='bbox 2118 1433 2205 1459; x_wconf 89' lang='lat' dir='ltr'><strong>usus</strong></span> <span class='ocrx_word' id='word_1_441' title='bbox 2223 1433 2284 1459; x_wconf 88' lang='lat' dir='ltr'><strong>ver</strong></span> <span class='ocrx_word' id='word_1_442' title='bbox 2310 1424 2360 1458; x_wconf 88' lang='lat' dir='ltr'><strong>is:</strong></span> 
     </span>
     <span class='ocr_line' id='line_1_56' title="bbox 1281 1466 2362 1513; baseline 0.002 -12"><span class='ocrx_word' id='word_1_443' title='bbox 1281 1467 1537 1509; x_wconf 85' lang='lat' dir='ltr'><strong>„Manifestum</strong></span> <span class='ocrx_word' id='word_1_444' title='bbox 1570 1466 1678 1511; x_wconf 84' lang='lat' dir='ltr'><strong>igitur</strong></span> <span class='ocrx_word' id='word_1_445' title='bbox 1711 1467 1823 1511; x_wconf 86' lang='lat' dir='ltr'><strong>facio,</strong></span> <span class='ocrx_word' id='word_1_446' title='bbox 1863 1468 1947 1512; x_wconf 90' lang='lat' dir='ltr'><strong>quia</strong></span> <span class='ocrx_word' id='word_1_447' title='bbox 1981 1469 2114 1503; x_wconf 88' lang='lat' dir='ltr'><strong>dudum</strong></span> <span class='ocrx_word' id='word_1_448' title='bbox 2149 1468 2290 1513; x_wconf 90' lang='lat' dir='ltr'><strong>quidem</strong></span> <span class='ocrx_word' id='word_1_449' title='bbox 2324 1468 2362 1503; x_wconf 90' lang='lat' dir='ltr'><strong>in</strong></span> 
     </span>
     <span class='ocr_line' id='line_1_57' title="bbox 1280 1511 2361 1558; baseline 0.001 -11"><span class='ocrx_word' id='word_1_450' title='bbox 1280 1512 1424 1557; x_wconf 86' lang='lat' dir='ltr'><strong>scriptis</strong></span> <span class='ocrx_word' id='word_1_451' title='bbox 1454 1511 1524 1547; x_wconf 88' lang='lat' dir='ltr'><strong>feci</strong></span> <span class='ocrx_word' id='word_1_452' title='bbox 1553 1514 1802 1547; x_wconf 85' lang='lat' dir='ltr'><strong>testamentum</strong></span> <span class='ocrx_word' id='word_1_453' title='bbox 1828 1516 1863 1548; x_wconf 89' lang='lat' dir='ltr'><strong>et</strong></span> <span class='ocrx_word' id='word_1_454' title='bbox 1887 1523 1979 1558; x_wconf 88' lang='lat' dir='ltr'><strong>quae</strong></span> <span class='ocrx_word' id='word_1_455' title='bbox 2001 1513 2038 1548; x_wconf 93' lang='lat' dir='ltr'><strong>in</strong></span> <span class='ocrx_word' id='word_1_456' title='bbox 2062 1523 2103 1548; x_wconf 91' lang='lat' dir='ltr'><strong>eo</strong></span> <span class='ocrx_word' id='word_1_457' title='bbox 2127 1517 2212 1548; x_wconf 88' lang='lat' dir='ltr'><strong>sunt</strong></span> <span class='ocrx_word' id='word_1_458' title='bbox 2234 1524 2361 1549; x_wconf 88' lang='lat' dir='ltr'><strong>secun-</strong></span> 
     </span>
    </p>
   </div>
   <div class='ocr_carea' id='block_1_22' title="bbox 131 1549 2360 1609">
    <p class='ocr_par' dir='ltr' id='par_1_22' title="bbox 131 1549 2360 1609">
     <span class='ocr_line' id='line_1_58' title="bbox 131 1549 2360 1609; baseline 0.005 -26"><span class='ocrx_word' id='word_1_459' title='bbox 131 1550 271 1605; x_wconf 72' lang='grc' dir='ltr'><strong><em>γράψαι</em></strong></span> <span class='ocrx_word' id='word_1_460' title='bbox 300 1549 340 1585; x_wconf 71' lang='grc' dir='ltr'><strong>δὲ</strong></span> <span class='ocrx_word' id='word_1_461' title='bbox 370 1556 429 1586; x_wconf 88' lang='grc' dir='ltr'><strong>καὶ</strong></span> <span class='ocrx_word' id='word_1_462' title='bbox 459 1551 672 1587; x_wconf 79' lang='grc' dir='ltr'><strong><em>κωδίκιλλον</em></strong></span> <span class='ocrx_word' id='word_1_463' title='bbox 702 1566 878 1589; x_wconf 81' lang='grc' dir='ltr'><strong><em>τοιουτοις</em></strong></span> <span class='ocrx_word' id='word_1_464' title='bbox 905 1558 964 1588; x_wconf 87' lang='grc' dir='ltr'><strong>καὶ</strong></span> <span class='ocrx_word' id='word_1_465' title='bbox 993 1568 1062 1588; x_wconf 87' lang='grc' dir='ltr'><strong>κατ</strong></span> <span class='ocrx_word' id='word_1_466' title='bbox 1098 1552 1210 1588; x_wconf 77' lang='grc' dir='ltr'><strong><em>αὐτὸν</em></strong></span> <span class='ocrx_word' id='word_1_467' title='bbox 1224 1559 1265 1591; x_wconf 90' lang='grc'><strong>30</strong></span> <span class='ocrx_word' id='word_1_468' title='bbox 1280 1557 1372 1609; x_wconf 46' lang='lat' dir='ltr'><strong>dum·</strong></span> <span class='ocrx_word' id='word_1_469' title='bbox 1386 1557 1555 1602; x_wconf 80' lang='lat' dir='ltr'><strong>placitum</strong></span> <span class='ocrx_word' id='word_1_470' title='bbox 1578 1557 1664 1591; x_wconf 86' lang='lat' dir='ltr'><strong>mihi</strong></span> <span class='ocrx_word' id='word_1_471' title='bbox 1688 1558 1830 1593; x_wconf 89' lang='lat' dir='ltr'><strong>modum</strong></span> <span class='ocrx_word' id='word_1_472' title='bbox 1855 1558 2025 1603; x_wconf 81' lang='lat' dir='ltr'><strong>disposui,</strong></span> <span class='ocrx_word' id='word_1_473' title='bbox 2052 1561 2088 1594; x_wconf 80' lang='lat' dir='ltr'><strong>et</strong></span> <span class='ocrx_word' id='word_1_474' title='bbox 2102 1558 2183 1595; x_wconf 82' lang='lat' dir='ltr'><strong>volo</strong></span> <span class='ocrx_word' id='word_1_475' title='bbox 2200 1562 2236 1594; x_wconf 73' lang='lat' dir='ltr'><strong>et</strong></span> <span class='ocrx_word' id='word_1_476' title='bbox 2253 1559 2360 1594; x_wconf 83' lang='lat' dir='ltr'><strong>iubeo</strong></span> 
     </span>
    </p>
   </div>
   <div class='ocr_carea' id='block_1_23' title="bbox 131 1596 1210 1789">
    <p class='ocr_par' dir='ltr' id='par_1_23' title="bbox 131 1596 1210 1789">
     <span class='ocr_line' id='line_1_59' title="bbox 131 1596 1210 1644; baseline 0.004 -15"><span class='ocrx_word' id='word_1_477' title='bbox 131 1608 356 1640; x_wconf 85' lang='grc' dir='ltr'><strong><em>χρησαμενον</em></strong></span> <span class='ocrx_word' id='word_1_478' title='bbox 380 1597 532 1642; x_wconf 85' lang='grc' dir='ltr'><strong><em>ῥήμασι·</em></strong></span> <span class='ocrx_word' id='word_1_479' title='bbox 553 1597 695 1642; x_wconf 84' lang='grc' dir='ltr'><strong><em>,,Δῆλον</em></strong></span> <span class='ocrx_word' id='word_1_480' title='bbox 717 1603 843 1634; x_wconf 84' lang='grc' dir='ltr'><strong><em>τοίνυν</em></strong></span> <span class='ocrx_word' id='word_1_481' title='bbox 866 1601 972 1642; x_wconf 79' lang='grc' dir='ltr'><strong><em>ποιῶ,</em></strong></span> <span class='ocrx_word' id='word_1_482' title='bbox 998 1596 1126 1644; x_wconf 79' lang='grc' dir='ltr'><strong><em>ὅτιπερ</em></strong></span> <span class='ocrx_word' id='word_1_483' title='bbox 1142 1598 1210 1643; x_wconf 82' lang='grc' dir='ltr'><strong>ἤδη</strong></span> 
     </span>
     <span class='ocr_line' id='line_1_60' title="bbox 131 1641 1208 1691; baseline 0.006 -19"><span class='ocrx_word' id='word_1_484' title='bbox 131 1642 199 1683; x_wconf 79' lang='grc' dir='ltr'><strong>μὲν</strong></span> <span class='ocrx_word' id='word_1_485' title='bbox 222 1641 407 1687; x_wconf 78' lang='grc' dir='ltr'><strong><em>ἐγγράφως</em></strong></span> <span class='ocrx_word' id='word_1_486' title='bbox 432 1644 569 1687; x_wconf 68' lang='grc' dir='ltr'><strong><em>ἐθέμην</em></strong></span> <span class='ocrx_word' id='word_1_487' title='bbox 593 1641 775 1687; x_wconf 73' lang='grc' dir='ltr'><strong><em>διαθήκην</em></strong></span> <span class='ocrx_word' id='word_1_488' title='bbox 795 1648 854 1678; x_wconf 86' lang='grc' dir='ltr'><strong>καὶ</strong></span> <span class='ocrx_word' id='word_1_489' title='bbox 877 1644 924 1679; x_wconf 83' lang='grc' dir='ltr'><strong><em>τὰ</em></strong></span> <span class='ocrx_word' id='word_1_490' title='bbox 949 1646 989 1679; x_wconf 83' lang='grc' dir='ltr'><strong>ἐν</strong></span> <span class='ocrx_word' id='word_1_491' title='bbox 1013 1643 1102 1691; x_wconf 76' lang='grc' dir='ltr'><strong><em>αὐτῇ</em></strong></span> <span class='ocrx_word' id='word_1_492' title='bbox 1122 1642 1208 1678; x_wconf 74' lang='grc' dir='ltr'><strong><em>καθ’</em></strong></span> 
     </span>
     <span class='ocr_line' id='line_1_61' title="bbox 132 1683 1210 1734; baseline 0.005 -16"><span class='ocrx_word' id='word_1_493' title='bbox 132 1683 177 1719; x_wconf 75' lang='grc' dir='ltr'><strong>ὃν</strong></span> <span class='ocrx_word' id='word_1_494' title='bbox 208 1684 310 1727; x_wconf 79' lang='grc' dir='ltr'><strong><em>ἔδοξέ</em></strong></span> <span class='ocrx_word' id='word_1_495' title='bbox 336 1701 398 1730; x_wconf 89' lang='grc' dir='ltr'><strong>μοι</strong></span> <span class='ocrx_word' id='word_1_496' title='bbox 428 1688 569 1732; x_wconf 87' lang='grc' dir='ltr'><strong><em>τρόπον</em></strong></span> <span class='ocrx_word' id='word_1_497' title='bbox 600 1686 823 1732; x_wconf 81' lang='grc' dir='ltr'><strong><em>διετύπωσα,</em></strong></span> <span class='ocrx_word' id='word_1_498' title='bbox 854 1693 913 1723; x_wconf 84' lang='grc' dir='ltr'><strong>καὶ</strong></span> <span class='ocrx_word' id='word_1_499' title='bbox 944 1689 1122 1734; x_wconf 82' lang='grc' dir='ltr'><strong><em>βούλομαι</em></strong></span> <span class='ocrx_word' id='word_1_500' title='bbox 1150 1693 1210 1723; x_wconf 84' lang='grc' dir='ltr'><strong>καὶ</strong></span> 
     </span>
     <span class='ocr_line' id='line_1_62' title="bbox 132 1729 1210 1789; baseline 0.004 -25"><span class='ocrx_word' id='word_1_501' title='bbox 132 1730 264 1765; x_wconf 82' lang='grc' dir='ltr'><strong><em>κελεύω</em></strong></span> <span class='ocrx_word' id='word_1_502' title='bbox 300 1732 424 1766; x_wconf 85' lang='grc' dir='ltr'><strong><em>πάντα</em></strong></span> <span class='ocrx_word' id='word_1_503' title='bbox 460 1729 540 1787; x_wconf 43' lang='grc' dir='ltr'><strong><em>ὅσα,</em></strong></span> <span class='ocrx_word' id='word_1_504' title='bbox 562 1734 608 1779; x_wconf 88' lang='grc' dir='ltr'><strong><em>τῇ</em></strong></span> <span class='ocrx_word' id='word_1_505' title='bbox 639 1731 728 1780; x_wconf 76' lang='grc' dir='ltr'><strong><em>αὐτῇ</em></strong></span> <span class='ocrx_word' id='word_1_506' title='bbox 757 1732 918 1788; x_wconf 69' lang='grc' dir='ltr'><strong><em>διαθήκῃ</em></strong></span> <span class='ocrx_word' id='word_1_507' title='bbox 951 1736 1140 1789; x_wconf 48' lang='grc' dir='ltr'><strong><em>ἐμφέρεται</em></strong></span> <span class='ocrx_word' id='word_1_508' title='bbox 1171 1736 1210 1788; x_wconf 59' lang='grc' dir='ltr'><strong><em>ἐκ</em></strong></span> 
     </span>
    </p>
   </div>
   <div class='ocr_carea' id='block_1_24' title="bbox 131 1775 1265 1822">
    <p class='ocr_par' dir='ltr' id='par_1_24' title="bbox 131 1775 1265 1822">
     <span class='ocr_line' id='line_1_63' title="bbox 131 1775 1265 1822; baseline 0.005 -12"><span class='ocrx_word' id='word_1_509' title='bbox 131 1775 271 1810; x_wconf 81' lang='grc' dir='ltr'><strong><em>παντὸς</em></strong></span> <span class='ocrx_word' id='word_1_510' title='bbox 299 1778 436 1822; x_wconf 77' lang='grc' dir='ltr'><strong><em>τρόπον</em></strong></span> <span class='ocrx_word' id='word_1_511' title='bbox 463 1779 607 1820; x_wconf 71' lang='grc' dir='ltr'><strong><em>ἰσχύειν,</em></strong></span> <span class='ocrx_word' id='word_1_512' title='bbox 639 1776 732 1820; x_wconf 81' lang='grc' dir='ltr'><strong><em>πλὴν</em></strong></span> <span class='ocrx_word' id='word_1_513' title='bbox 760 1791 889 1822; x_wconf 86' lang='grc' dir='ltr'><strong><em>μονων</em></strong></span> <span class='ocrx_word' id='word_1_514' title='bbox 913 1782 1063 1814; x_wconf 82' lang='grc' dir='ltr'><strong><em>ἐκείνων</em></strong></span> <span class='ocrx_word' id='word_1_515' title='bbox 1087 1793 1141 1813; x_wconf 86' lang='grc' dir='ltr'><strong>ων</strong></span> <span class='ocrx_word' id='word_1_516' title='bbox 1163 1793 1209 1813; x_wconf 87' lang='grc' dir='ltr'><strong>αν</strong></span> <span class='ocrx_word' id='word_1_517' title='bbox 1222 1782 1265 1816; x_wconf 86' lang='grc'><strong>35</strong></span> 
     </span>
    </p>
   </div>
   <div class='ocr_carea' id='block_1_25' title="bbox 130 1818 1209 1959">
    <p class='ocr_par' dir='ltr' id='par_1_25' title="bbox 130 1818 1209 1959">
     <span class='ocr_line' id='line_1_64' title="bbox 131 1818 1208 1870; baseline 0.004 -16"><span class='ocrx_word' id='word_1_518' title='bbox 131 1825 172 1855; x_wconf 74' lang='grc' dir='ltr'><strong>ἐν</strong></span> <span class='ocrx_word' id='word_1_519' title='bbox 195 1818 314 1864; x_wconf 75' lang='grc' dir='ltr'><strong><em>τούτῳ</em></strong></span> <span class='ocrx_word' id='word_1_520' title='bbox 332 1835 400 1866; x_wconf 87' lang='grc' dir='ltr'><strong>μου</strong></span> <span class='ocrx_word' id='word_1_521' title='bbox 423 1823 477 1865; x_wconf 82' lang='grc' dir='ltr'><strong><em>τῷ</em></strong></span> <span class='ocrx_word' id='word_1_522' title='bbox 499 1820 700 1865; x_wconf 80' lang='grc' dir='ltr'><strong><em>κωδικίλλῳ</em></strong></span> <span class='ocrx_word' id='word_1_523' title='bbox 724 1823 978 1865; x_wconf 80' lang='grc' dir='ltr'><strong><em>μετατυποόσω</em></strong></span> <span class='ocrx_word' id='word_1_524' title='bbox 1002 1823 1025 1868; x_wconf 83' lang='grc' dir='ltr'><em>ἢ</em></span> <span class='ocrx_word' id='word_1_525' title='bbox 1044 1827 1103 1858; x_wconf 82' lang='grc' dir='ltr'><strong>καὶ</strong></span> <span class='ocrx_word' id='word_1_526' title='bbox 1121 1822 1208 1870; x_wconf 81' lang='grc' dir='ltr'><strong>ἅφέ-</strong></span> 
     </span>
     <span class='ocr_line' id='line_1_65' title="bbox 131 1865 1209 1914; baseline 0.003 -14"><span class='ocrx_word' id='word_1_527' title='bbox 131 1865 252 1910; x_wconf 80' lang='grc' dir='ltr'><strong><em>λωμαί</em></strong></span> <span class='ocrx_word' id='word_1_528' title='bbox 263 1880 349 1901; x_wconf 88' lang='grc' dir='ltr'><strong><em>τινα</em></strong></span> <span class='ocrx_word' id='word_1_529' title='bbox 369 1868 446 1901; x_wconf 80' lang='grc' dir='ltr'><strong>τῶν</strong></span> <span class='ocrx_word' id='word_1_530' title='bbox 462 1867 797 1912; x_wconf 81' lang='grc' dir='ltr'><strong><em>καταλελειμμένων</em></strong></span> <span class='ocrx_word' id='word_1_531' title='bbox 814 1867 995 1914; x_wconf 85' lang='grc' dir='ltr'><strong><em>ληγάτων.</em></strong></span> <span class='ocrx_word' id='word_1_532' title='bbox 1030 1868 1209 1914; x_wconf 81' lang='grc' dir='ltr'><strong><em>βούλομαι</em></strong></span> 
     </span>
     <span class='ocr_line' id='line_1_66' title="bbox 130 1910 1209 1959; baseline 0.004 -14"><span class='ocrx_word' id='word_1_533' title='bbox 130 1915 255 1946; x_wconf 88' lang='grc' dir='ltr'><strong><em>τοίνυν</em></strong></span> <span class='ocrx_word' id='word_1_534' title='bbox 276 1915 337 1945; x_wconf 86' lang='grc' dir='ltr'><strong>καὶ</strong></span> <span class='ocrx_word' id='word_1_535' title='bbox 360 1910 494 1946; x_wconf 86' lang='grc' dir='ltr'><strong><em>κελεύω</em></strong></span> <span class='ocrx_word' id='word_1_536' title='bbox 517 1911 560 1946; x_wconf 88' lang='grc' dir='ltr'><strong><em>τὸ</em></strong></span> <span class='ocrx_word' id='word_1_537' title='bbox 586 1912 804 1959; x_wconf 83' lang='grc' dir='ltr'><strong><em>προάστειόν</em></strong></span> <span class='ocrx_word' id='word_1_538' title='bbox 826 1926 894 1957; x_wconf 88' lang='grc' dir='ltr'><strong>μου</strong></span> <span class='ocrx_word' id='word_1_539' title='bbox 917 1914 960 1948; x_wconf 84' lang='grc' dir='ltr'><strong><em>τὸ</em></strong></span> <span class='ocrx_word' id='word_1_540' title='bbox 986 1913 1209 1959; x_wconf 82' lang='grc' dir='ltr'><strong><em>καλούμενον</em></strong></span> 
     </span>
    </p>
   </div>
   <div class='ocr_carea' id='block_1_26' title="bbox 210 1997 817 2005">
    <p class='ocr_par' dir='ltr' id='par_1_26' title="bbox 210 1997 817 2005">
     <span class='ocr_line' id='line_1_67' title="bbox 210 1997 817 2005; baseline 0 0"><span class='ocrx_word' id='word_1_541' title='bbox 210 1997 817 2005; x_wconf 95' lang='lat' dir='ltr'><strong> </strong></span> 
     </span>
    </p>
   </div>
   <div class='ocr_carea' id='block_1_27' title="bbox 1098 2002 1197 2006">
    <p class='ocr_par' dir='ltr' id='par_1_27' title="bbox 1098 2002 1197 2006">
     <span class='ocr_line' id='line_1_68' title="bbox 1098 2002 1197 2006; baseline 0 0"><span class='ocrx_word' id='word_1_542' title='bbox 1098 2002 1197 2006; x_wconf 95' lang='lat' dir='ltr'><strong> </strong></span> 
     </span>
    </p>
   </div>
   <div class='ocr_carea' id='block_1_28' title="bbox 1199 2001 1423 2007">
    <p class='ocr_par' dir='ltr' id='par_1_28' title="bbox 1199 2001 1423 2007">
     <span class='ocr_line' id='line_1_69' title="bbox 1199 2001 1423 2007; baseline 0 0"><span class='ocrx_word' id='word_1_543' title='bbox 1199 2001 1423 2007; x_wconf 95' lang='lat' dir='ltr'><strong> </strong></span> 
     </span>
    </p>
   </div>
   <div class='ocr_carea' id='block_1_29' title="bbox 1278 1604 2364 1784">
    <p class='ocr_par' dir='ltr' id='par_1_29' title="bbox 1278 1604 2364 1784">
     <span class='ocr_line' id='line_1_70' title="bbox 1280 1604 2363 1647; baseline 0.002 -11"><span class='ocrx_word' id='word_1_544' title='bbox 1280 1612 1398 1637; x_wconf 87' lang='lat' dir='ltr'><strong>omma</strong></span> <span class='ocrx_word' id='word_1_545' title='bbox 1435 1612 1677 1647; x_wconf 86' lang='lat' dir='ltr'><strong>quaecumque</strong></span> <span class='ocrx_word' id='word_1_546' title='bbox 1716 1604 1840 1638; x_wconf 89' lang='lat' dir='ltr'><strong>eodem</strong></span> <span class='ocrx_word' id='word_1_547' title='bbox 1881 1606 2094 1639; x_wconf 86' lang='lat' dir='ltr'><strong>testamento</strong></span> <span class='ocrx_word' id='word_1_548' title='bbox 2134 1604 2363 1639; x_wconf 87' lang='lat' dir='ltr'><strong>continentur</strong></span> 
     </span>
     <span class='ocr_line' id='line_1_71' title="bbox 1279 1647 2361 1693; baseline 0.001 -11"><span class='ocrx_word' id='word_1_549' title='bbox 1279 1647 1481 1683; x_wconf 86' lang='lat' dir='ltr'><strong>omnimodo</strong></span> <span class='ocrx_word' id='word_1_550' title='bbox 1505 1647 1633 1689; x_wconf 87' lang='lat' dir='ltr'><strong>valere,</strong></span> <span class='ocrx_word' id='word_1_551' title='bbox 1664 1651 1809 1692; x_wconf 83' lang='lat' dir='ltr'><strong>praeter</strong></span> <span class='ocrx_word' id='word_1_552' title='bbox 1831 1648 1891 1683; x_wconf 89' lang='lat' dir='ltr'><strong>illa</strong></span> <span class='ocrx_word' id='word_1_553' title='bbox 1914 1649 1991 1684; x_wconf 86' lang='lat' dir='ltr'><strong>sola</strong></span> <span class='ocrx_word' id='word_1_554' title='bbox 2015 1658 2106 1693; x_wconf 84' lang='lat' dir='ltr'><strong>quae</strong></span> <span class='ocrx_word' id='word_1_555' title='bbox 2129 1649 2167 1684; x_wconf 91' lang='lat' dir='ltr'><strong>in</strong></span> <span class='ocrx_word' id='word_1_556' title='bbox 2189 1650 2258 1684; x_wconf 87' lang='lat' dir='ltr'><strong>hoe</strong></span> <span class='ocrx_word' id='word_1_557' title='bbox 2282 1659 2361 1684; x_wconf 92' lang='lat' dir='ltr'><strong>meo</strong></span> 
     </span>
     <span class='ocr_line' id='line_1_72' title="bbox 1283 1693 2362 1738; baseline 0.001 -11"><span class='ocrx_word' id='word_1_558' title='bbox 1283 1693 1447 1727; x_wconf 83' lang='lat' dir='ltr'><strong>codicillo</strong></span> <span class='ocrx_word' id='word_1_559' title='bbox 1480 1695 1644 1737; x_wconf 87' lang='lat' dir='ltr'><strong>permuto</strong></span> <span class='ocrx_word' id='word_1_560' title='bbox 1676 1694 1740 1727; x_wconf 83' lang='lat' dir='ltr'><strong>aut</strong></span> <span class='ocrx_word' id='word_1_561' title='bbox 1772 1693 1945 1728; x_wconf 81' lang='lat' dir='ltr'><strong>subtraho</strong></span> <span class='ocrx_word' id='word_1_562' title='bbox 1977 1694 2098 1738; x_wconf 85' lang='lat' dir='ltr'><strong>aliqua</strong></span> <span class='ocrx_word' id='word_1_563' title='bbox 2118 1693 2290 1728; x_wconf 83' lang='lat' dir='ltr'><strong>derelicta</strong></span> <span class='ocrx_word' id='word_1_564' title='bbox 2314 1694 2362 1729; x_wconf 89' lang='lat' dir='ltr'><strong>le-</strong></span> 
     </span>
     <span class='ocr_line' id='line_1_73' title="bbox 1278 1737 2364 1784; baseline 0.002 -13"><span class='ocrx_word' id='word_1_565' title='bbox 1278 1740 1372 1781; x_wconf 84' lang='lat' dir='ltr'><strong>gata.</strong></span> <span class='ocrx_word' id='word_1_566' title='bbox 1421 1737 1512 1773; x_wconf 89' lang='lat' dir='ltr'><strong>Volo</strong></span> <span class='ocrx_word' id='word_1_567' title='bbox 1543 1737 1652 1780; x_wconf 87' lang='lat' dir='ltr'><strong>igitur</strong></span> <span class='ocrx_word' id='word_1_568' title='bbox 1683 1740 1720 1772; x_wconf 89' lang='lat' dir='ltr'><strong>et</strong></span> <span class='ocrx_word' id='word_1_569' title='bbox 1748 1737 1854 1773; x_wconf 90' lang='lat' dir='ltr'><strong>iubeo</strong></span> <span class='ocrx_word' id='word_1_570' title='bbox 1885 1740 2084 1783; x_wconf 85' lang='lat' dir='ltr'><strong>proastium</strong></span> <span class='ocrx_word' id='word_1_571' title='bbox 2116 1748 2233 1774; x_wconf 89' lang='lat' dir='ltr'><strong>meum</strong></span> <span class='ocrx_word' id='word_1_572' title='bbox 2267 1738 2364 1784; x_wconf 90' lang='lat' dir='ltr'><strong>quod</strong></span> 
     </span>
    </p>
   </div>
   <div class='ocr_carea' id='block_1_30' title="bbox 131 2053 2364 2152">
    <p class='ocr_par' dir='ltr' id='par_1_30' title="bbox 131 2053 2364 2152">
     <span class='ocr_line' id='line_1_74' title="bbox 131 2053 2364 2104; baseline 0.002 -14"><span class='ocrx_word' id='word_1_573' title='bbox 131 2065 247 2100; x_wconf 86' lang='lat' dir='ltr'><strong>neque</strong></span> <span class='ocrx_word' id='word_1_574' title='bbox 263 2065 336 2100; x_wconf 83' lang='lat' dir='ltr'><strong>per</strong></span> <span class='ocrx_word' id='word_1_575' title='bbox 358 2053 587 2089; x_wconf 85' lang='lat' dir='ltr'><strong>donationem</strong></span> <span class='ocrx_word' id='word_1_576' title='bbox 611 2066 726 2100; x_wconf 88' lang='lat' dir='ltr'><strong>neque</strong></span> <span class='ocrx_word' id='word_1_577' title='bbox 742 2066 816 2101; x_wconf 87' lang='lat' dir='ltr'><strong>per</strong></span> <span class='ocrx_word' id='word_1_578' title='bbox 831 2057 1136 2101; x_wconf 77' lang='lat' dir='ltr'><strong>permutationem</strong></span> <span class='ocrx_word' id='word_1_579' title='bbox 1160 2067 1275 2101; x_wconf 85' lang='lat' dir='ltr'><strong>neque</strong></span> <span class='ocrx_word' id='word_1_580' title='bbox 1298 2057 1371 2091; x_wconf 85' lang='lat' dir='ltr'><strong>alio</strong></span> <span class='ocrx_word' id='word_1_581' title='bbox 1396 2066 1620 2102; x_wconf 86' lang='lat' dir='ltr'><strong>quocumque</strong></span> <span class='ocrx_word' id='word_1_582' title='bbox 1642 2059 1760 2100; x_wconf 89' lang='lat' dir='ltr'><strong>modo,</strong></span> <span class='ocrx_word' id='word_1_583' title='bbox 1792 2070 1907 2104; x_wconf 82' lang='lat' dir='ltr'><strong>neque</strong></span> <span class='ocrx_word' id='word_1_584' title='bbox 1929 2070 2093 2095; x_wconf 84' lang='lat' dir='ltr'><strong>amovere</strong></span> <span class='ocrx_word' id='word_1_585' title='bbox 2116 2064 2180 2095; x_wconf 83' lang='lat' dir='ltr'><strong>aut</strong></span> <span class='ocrx_word' id='word_1_586' title='bbox 2202 2061 2364 2097; x_wconf 84' lang='lat' dir='ltr'><strong>alienare</strong></span> 
     </span>
     <span class='ocr_line' id='line_1_75' title="bbox 132 2099 2363 2152; baseline 0.003 -18"><span class='ocrx_word' id='word_1_587' title='bbox 132 2099 273 2135; x_wconf 88' lang='lat' dir='ltr'><strong>easdem</strong></span> <span class='ocrx_word' id='word_1_588' title='bbox 294 2099 420 2134; x_wconf 86' lang='lat' dir='ltr'><strong>domos</strong></span> <span class='ocrx_word' id='word_1_589' title='bbox 443 2103 509 2134; x_wconf 83' lang='lat' dir='ltr'><strong>aut</strong></span> <span class='ocrx_word' id='word_1_590' title='bbox 529 2110 644 2144; x_wconf 88' lang='lat' dir='ltr'><strong>supra</strong></span> <span class='ocrx_word' id='word_1_591' title='bbox 666 2101 742 2134; x_wconf 82' lang='lat' dir='ltr'><strong>scri</strong></span> <span class='ocrx_word' id='word_1_592' title='bbox 769 2104 806 2135; x_wconf 87' lang='lat' dir='ltr'><strong>ta</strong></span> <span class='ocrx_word' id='word_1_593' title='bbox 829 2101 988 2152; x_wconf 86' lang='lat' dir='ltr'><strong>quinque</strong></span> <span class='ocrx_word' id='word_1_594' title='bbox 1010 2100 1218 2135; x_wconf 84' lang='lat' dir='ltr'><strong>suburbana</strong></span> <span class='ocrx_word' id='word_1_595' title='bbox 1239 2100 1396 2146; x_wconf 87' lang='lat' dir='ltr'><strong>praedia</strong></span> <span class='ocrx_word' id='word_1_596' title='bbox 1417 2112 1441 2135; x_wconf 84' lang='lat' dir='ltr'><strong>a</strong></span> <span class='ocrx_word' id='word_1_597' title='bbox 1464 2111 1540 2136; x_wconf 89' lang='lat' dir='ltr'><strong>meo</strong></span> <span class='ocrx_word' id='word_1_598' title='bbox 1564 2104 1707 2138; x_wconf 86' lang='lat' dir='ltr'><strong>nomine</strong></span> <span class='ocrx_word' id='word_1_599' title='bbox 1729 2114 1878 2148; x_wconf 86' lang='lat' dir='ltr'><strong>meaque</strong></span> <span class='ocrx_word' id='word_1_600' title='bbox 1891 2104 2049 2149; x_wconf 85' lang='lat' dir='ltr'><strong>familia.</strong></span> <span class='ocrx_word' id='word_1_601' title='bbox 2087 2105 2161 2140; x_wconf 86' lang='lat' dir='ltr'><strong>Sed</strong></span> <span class='ocrx_word' id='word_1_602' title='bbox 2173 2105 2206 2139; x_wconf 86' lang='lat' dir='ltr'><strong>si</strong></span> <span class='ocrx_word' id='word_1_603' title='bbox 2221 2106 2363 2150; x_wconf 80' lang='lat' dir='ltr'><strong>quidem</strong></span> 
     </span>
    </p>
   </div>
   <div class='ocr_carea' id='block_1_31' title="bbox 132 2143 2364 2867">
    <p class='ocr_par' dir='ltr' id='par_1_31' title="bbox 132 2143 2364 2867">
     <span class='ocr_line' id='line_1_76' title="bbox 133 2143 2363 2192; baseline 0.003 -13"><span class='ocrx_word' id='word_1_604' title='bbox 133 2143 245 2190; x_wconf 86' lang='lat' dir='ltr'><strong>(quod</strong></span> <span class='ocrx_word' id='word_1_605' title='bbox 267 2145 415 2189; x_wconf 75' lang='lat' dir='ltr'><strong>exopto)</strong></span> <span class='ocrx_word' id='word_1_606' title='bbox 441 2149 640 2180; x_wconf 86' lang='lat' dir='ltr'><strong>nascantur</strong></span> <span class='ocrx_word' id='word_1_607' title='bbox 662 2143 708 2179; x_wconf 82' lang='lat' dir='ltr'><strong>iis</strong></span> <span class='ocrx_word' id='word_1_608' title='bbox 745 2144 846 2185; x_wconf 76' lang='lat' dir='ltr'><strong>ibere,</strong></span> <span class='ocrx_word' id='word_1_609' title='bbox 877 2149 914 2180; x_wconf 82' lang='lat' dir='ltr'><strong>et</strong></span> <span class='ocrx_word' id='word_1_610' title='bbox 935 2144 1071 2180; x_wconf 84' lang='lat' dir='ltr'><strong>relictis</strong></span> <span class='ocrx_word' id='word_1_611' title='bbox 1095 2144 1216 2180; x_wconf 84' lang='lat' dir='ltr'><strong>liberis</strong></span> <span class='ocrx_word' id='word_1_612' title='bbox 1239 2145 1470 2192; x_wconf 85' lang='lat' dir='ltr'><strong>nepotibusve</strong></span> <span class='ocrx_word' id='word_1_613' title='bbox 1493 2146 1662 2191; x_wconf 76' lang='lat' dir='ltr'><strong>leqitimis</strong></span> <span class='ocrx_word' id='word_1_614' title='bbox 1684 2147 1741 2183; x_wconf 87' lang='lat' dir='ltr'><strong>vel</strong></span> <span class='ocrx_word' id='word_1_615' title='bbox 1761 2149 1869 2183; x_wconf 83' lang='lat' dir='ltr'><strong>etiam</strong></span> <span class='ocrx_word' id='word_1_616' title='bbox 1896 2148 2124 2184; x_wconf 82' lang='lat' dir='ltr'><strong>naturalibus</strong></span> <span class='ocrx_word' id='word_1_617' title='bbox 2146 2151 2363 2192; x_wconf 84' lang='lat' dir='ltr'><strong>moriantur,</strong></span> 
     </span>
     <span class='ocr_line' id='line_1_77' title="bbox 132 2188 2363 2240; baseline 0.003 -16"><span class='ocrx_word' id='word_1_618' title='bbox 132 2188 296 2236; x_wconf 79' lang='lat' dir='ltr'><strong>sinqulos</strong></span> <span class='ocrx_word' id='word_1_619' title='bbox 327 2198 450 2223; x_wconf 89' lang='lat' dir='ltr'><strong>eorum</strong></span> <span class='ocrx_word' id='word_1_620' title='bbox 481 2188 691 2235; x_wconf 83' lang='lat' dir='ltr'><strong>deputatum</strong></span> <span class='ocrx_word' id='word_1_621' title='bbox 720 2190 790 2225; x_wconf 83' lang='lat' dir='ltr'><strong>sibi</strong></span> <span class='ocrx_word' id='word_1_622' title='bbox 815 2189 1058 2225; x_wconf 82' lang='lat' dir='ltr'><strong>suburbanum</strong></span> <span class='ocrx_word' id='word_1_623' title='bbox 1084 2189 1274 2235; x_wconf 83' lang='lat' dir='ltr'><strong>praedium</strong></span> <span class='ocrx_word' id='word_1_624' title='bbox 1303 2193 1339 2225; x_wconf 84' lang='lat' dir='ltr'><strong>et</strong></span> <span class='ocrx_word' id='word_1_625' title='bbox 1367 2189 1503 2232; x_wconf 67' lang='lat' dir='ltr'><strong>domm,</strong></span> <span class='ocrx_word' id='word_1_626' title='bbox 1538 2195 1610 2226; x_wconf 83' lang='lat' dir='ltr'><strong>tam</strong></span> <span class='ocrx_word' id='word_1_627' title='bbox 1641 2202 1719 2227; x_wconf 88' lang='lat' dir='ltr'><strong>eam</strong></span> <span class='ocrx_word' id='word_1_628' title='bbox 1748 2203 1840 2238; x_wconf 89' lang='lat' dir='ltr'><strong>quae</strong></span> <span class='ocrx_word' id='word_1_629' title='bbox 1863 2193 1902 2227; x_wconf 85' lang='lat' dir='ltr'><strong>in</strong></span> <span class='ocrx_word' id='word_1_630' title='bbox 1925 2192 1994 2227; x_wconf 75' lang='lat' dir='ltr'><strong>hac</strong></span> <span class='ocrx_word' id='word_1_631' title='bbox 2016 2195 2120 2239; x_wconf 75' lang='lat' dir='ltr'><strong>reqia</strong></span> <span class='ocrx_word' id='word_1_632' title='bbox 2143 2195 2231 2230; x_wconf 88' lang='lat' dir='ltr'><strong>urbe</strong></span> <span class='ocrx_word' id='word_1_633' title='bbox 2254 2205 2363 2240; x_wconf 88' lang='lat' dir='ltr'><strong>quam</strong></span> 
     </span>
     <span class='ocr_line' id='line_1_78' title="bbox 133 2233 2362 2286; baseline 0.003 -17"><span class='ocrx_word' id='word_1_634' title='bbox 133 2245 227 2280; x_wconf 86' lang='lat' dir='ltr'><strong>quae</strong></span> <span class='ocrx_word' id='word_1_635' title='bbox 250 2233 464 2269; x_wconf 73' lang='lat' dir='ltr'><strong>Antiochiae</strong></span> <span class='ocrx_word' id='word_1_636' title='bbox 486 2234 557 2269; x_wconf 89' lang='lat' dir='ltr'><strong>sita</strong></span> <span class='ocrx_word' id='word_1_637' title='bbox 581 2237 646 2278; x_wconf 88' lang='lat' dir='ltr'><strong>est,</strong></span> <span class='ocrx_word' id='word_1_638' title='bbox 669 2234 745 2268; x_wconf 88' lang='lat' dir='ltr'><strong>suis</strong></span> <span class='ocrx_word' id='word_1_639' title='bbox 768 2245 944 2280; x_wconf 82' lang='lat' dir='ltr'><strong>quemque</strong></span> <span class='ocrx_word' id='word_1_640' title='bbox 968 2234 1088 2269; x_wconf 84' lang='lat' dir='ltr'><strong>liberis</strong></span> <span class='ocrx_word' id='word_1_641' title='bbox 1111 2238 1146 2269; x_wconf 86' lang='lat' dir='ltr'><strong>et</strong></span> <span class='ocrx_word' id='word_1_642' title='bbox 1169 2235 1357 2280; x_wconf 80' lang='lat' dir='ltr'><strong>nepotibus</strong></span> <span class='ocrx_word' id='word_1_643' title='bbox 1381 2234 1549 2280; x_wconf 80' lang='lat' dir='ltr'><strong>leqitimis</strong></span> <span class='ocrx_word' id='word_1_644' title='bbox 1572 2236 1631 2272; x_wconf 85' lang='lat' dir='ltr'><strong>vel</strong></span> <span class='ocrx_word' id='word_1_645' title='bbox 1650 2237 1756 2272; x_wconf 89' lang='lat' dir='ltr'><strong>etiam</strong></span> <span class='ocrx_word' id='word_1_646' title='bbox 1780 2238 2009 2273; x_wconf 85' lang='lat' dir='ltr'><strong>naturalibus</strong></span> <span class='ocrx_word' id='word_1_647' title='bbox 2031 2238 2236 2285; x_wconf 85' lang='lat' dir='ltr'><strong>relinquere</strong></span> <span class='ocrx_word' id='word_1_648' title='bbox 2243 2252 2258 2281; x_wconf 91' lang='lat'><em>;</em></span> <span class='ocrx_word' id='word_1_649' title='bbox 2279 2250 2362 2286; x_wconf 84' lang='lat' dir='ltr'><strong>per-</strong></span> 
     </span>
     <span class='ocr_line' id='line_1_79' title="bbox 133 2277 2362 2329; baseline 0.002 -15"><span class='ocrx_word' id='word_1_650' title='bbox 133 2290 279 2314; x_wconf 81' lang='lat' dir='ltr'><strong>suasum</strong></span> <span class='ocrx_word' id='word_1_651' title='bbox 307 2279 400 2314; x_wconf 89' lang='lat' dir='ltr'><strong>enim</strong></span> <span class='ocrx_word' id='word_1_652' title='bbox 431 2277 544 2314; x_wconf 71' lang='lat' dir='ltr'><strong>liabeo</strong></span> <span class='ocrx_word' id='word_1_653' title='bbox 575 2289 638 2314; x_wconf 89' lang='lat' dir='ltr'><strong>eos</strong></span> <span class='ocrx_word' id='word_1_654' title='bbox 668 2289 713 2314; x_wconf 88' lang='lat' dir='ltr'><strong>ne</strong></span> <span class='ocrx_word' id='word_1_655' title='bbox 743 2279 781 2313; x_wconf 83' lang='lat' dir='ltr'><strong>in</strong></span> <span class='ocrx_word' id='word_1_656' title='bbox 812 2278 1039 2314; x_wconf 85' lang='lat' dir='ltr'><strong>naturalibus</strong></span> <span class='ocrx_word' id='word_1_657' title='bbox 1069 2278 1211 2324; x_wconf 87' lang='lat' dir='ltr'><strong>quidem</strong></span> <span class='ocrx_word' id='word_1_658' title='bbox 1241 2279 1364 2315; x_wconf 83' lang='lat' dir='ltr'><strong>liberis</strong></span> <span class='ocrx_word' id='word_1_659' title='bbox 1393 2280 1624 2326; x_wconf 86' lang='lat' dir='ltr'><strong>nepotibusve</strong></span> <span class='ocrx_word' id='word_1_660' title='bbox 1652 2281 1871 2317; x_wconf 85' lang='lat' dir='ltr'><strong>voluntalem</strong></span> <span class='ocrx_word' id='word_1_661' title='bbox 1901 2286 1938 2318; x_wconf 88' lang='lat' dir='ltr'><strong>et</strong></span> <span class='ocrx_word' id='word_1_662' title='bbox 1961 2283 2229 2329; x_wconf 77' lang='lat' dir='ltr'><strong>dispositionem</strong></span> <span class='ocrx_word' id='word_1_663' title='bbox 2248 2295 2362 2320; x_wconf 87' lang='lat' dir='ltr'><strong>meam</strong></span> 
     </span>
     <span class='ocr_line' id='line_1_80' title="bbox 133 2322 2364 2375; baseline 0.002 -16"><span class='ocrx_word' id='word_1_664' title='bbox 133 2324 342 2359; x_wconf 80' lang='lat' dir='ltr'><strong>sublaturos</strong></span> <span class='ocrx_word' id='word_1_665' title='bbox 370 2333 457 2358; x_wconf 83' lang='lat' dir='ltr'><strong>esse.</strong></span> <span class='ocrx_word' id='word_1_666' title='bbox 506 2322 550 2358; x_wconf 71' lang='lat' dir='ltr'><strong>Sa·</strong></span> <span class='ocrx_word' id='word_1_667' title='bbox 580 2334 663 2359; x_wconf 85' lang='lat' dir='ltr'><strong>vero</strong></span> <span class='ocrx_word' id='word_1_668' title='bbox 690 2323 800 2358; x_wconf 82' lang='lat' dir='ltr'><strong>nullis</strong></span> <span class='ocrx_word' id='word_1_669' title='bbox 831 2324 976 2358; x_wconf 82' lang='lat' dir='ltr'><strong>omnino</strong></span> <span class='ocrx_word' id='word_1_670' title='bbox 1009 2323 1130 2359; x_wconf 84' lang='lat' dir='ltr'><strong>liberis</strong></span> <span class='ocrx_word' id='word_1_671' title='bbox 1159 2324 1296 2359; x_wconf 82' lang='lat' dir='ltr'><strong>relictis</strong></span> <span class='ocrx_word' id='word_1_672' title='bbox 1327 2334 1447 2359; x_wconf 86' lang='lat' dir='ltr'><strong>omnes</strong></span> <span class='ocrx_word' id='word_1_673' title='bbox 1477 2325 1532 2360; x_wconf 76' lang='lat' dir='ltr'><strong>vel</strong></span> <span class='ocrx_word' id='word_1_674' title='bbox 1558 2325 1676 2372; x_wconf 80' lang='lat' dir='ltr'><strong>aliqui</strong></span> <span class='ocrx_word' id='word_1_675' title='bbox 1705 2326 1761 2362; x_wconf 84' lang='lat' dir='ltr'><strong>vel</strong></span> <span class='ocrx_word' id='word_1_676' title='bbox 1790 2337 1884 2361; x_wconf 88' lang='lat' dir='ltr'><strong>unus</strong></span> <span class='ocrx_word' id='word_1_677' title='bbox 1906 2338 1956 2362; x_wconf 80' lang='lat' dir='ltr'><strong>ex</strong></span> <span class='ocrx_word' id='word_1_678' title='bbox 1979 2328 2026 2362; x_wconf 85' lang='lat' dir='ltr'><strong>iis</strong></span> <span class='ocrx_word' id='word_1_679' title='bbox 2049 2329 2228 2365; x_wconf 82' lang='lat' dir='ltr'><strong>moriatur</strong></span> <span class='ocrx_word' id='word_1_680' title='bbox 2252 2331 2364 2375; x_wconf 85' lang='lat' dir='ltr'><strong>(quod</strong></span> 
     </span>
     <span class='ocr_line' id='line_1_81' title="bbox 134 2367 2363 2420; baseline 0.002 -16"><span class='ocrx_word' id='word_1_681' title='bbox 134 2369 251 2410; x_wconf 84' lang='lat' dir='ltr'><strong>absit),</strong></span> <span class='ocrx_word' id='word_1_682' title='bbox 275 2368 356 2404; x_wconf 83' lang='lat' dir='ltr'><strong>volo</strong></span> <span class='ocrx_word' id='word_1_683' title='bbox 380 2372 416 2403; x_wconf 88' lang='lat' dir='ltr'><strong>et</strong></span> <span class='ocrx_word' id='word_1_684' title='bbox 437 2367 553 2410; x_wconf 85' lang='lat' dir='ltr'><strong>iubeo,</strong></span> <span class='ocrx_word' id='word_1_685' title='bbox 577 2368 686 2404; x_wconf 73' lang='lat' dir='ltr'><strong>orbos</strong></span> <span class='ocrx_word' id='word_1_686' title='bbox 708 2368 766 2404; x_wconf 82' lang='lat' dir='ltr'><strong>vel</strong></span> <span class='ocrx_word' id='word_1_687' title='bbox 787 2368 912 2404; x_wconf 86' lang='lat' dir='ltr'><strong>orbum</strong></span> <span class='ocrx_word' id='word_1_688' title='bbox 936 2368 1057 2404; x_wconf 85' lang='lat' dir='ltr'><strong>liberis</strong></span> <span class='ocrx_word' id='word_1_689' title='bbox 1080 2369 1276 2404; x_wconf 84' lang='lat' dir='ltr'><strong>morituros</strong></span> <span class='ocrx_word' id='word_1_690' title='bbox 1297 2369 1551 2415; x_wconf 79' lang='lat' dir='ltr'><strong>superstitibus</strong></span> <span class='ocrx_word' id='word_1_691' title='bbox 1573 2373 1629 2406; x_wconf 83' lang='lat' dir='ltr'><strong>vet</strong></span> <span class='ocrx_word' id='word_1_692' title='bbox 1650 2371 1837 2417; x_wconf 79' lang='lat' dir='ltr'><strong>superstiti</strong></span> <span class='ocrx_word' id='word_1_693' title='bbox 1857 2371 1974 2416; x_wconf 68' lang='lat' dir='ltr'><strong>fratri</strong></span> <span class='ocrx_word' id='word_1_694' title='bbox 1992 2383 2058 2408; x_wconf 83' lang='lat' dir='ltr'><strong>suo</strong></span> <span class='ocrx_word' id='word_1_695' title='bbox 2074 2383 2117 2408; x_wconf 86' lang='lat' dir='ltr'><strong>su</strong></span> <span class='ocrx_word' id='word_1_696' title='bbox 2145 2383 2189 2408; x_wconf 87' lang='lat' dir='ltr'><strong>ra</strong></span> <span class='ocrx_word' id='word_1_697' title='bbox 2205 2376 2363 2420; x_wconf 68' lang='lat' dir='ltr'><strong>scriptas</strong></span> 
     </span>
     <span class='ocr_line' id='line_1_82' title="bbox 134 2412 2362 2463; baseline 0.002 -14"><span class='ocrx_word' id='word_1_698' title='bbox 134 2414 270 2455; x_wconf 88' lang='lat' dir='ltr'><strong>domos,</strong></span> <span class='ocrx_word' id='word_1_699' title='bbox 304 2417 376 2448; x_wconf 87' lang='lat' dir='ltr'><strong>tam</strong></span> <span class='ocrx_word' id='word_1_700' title='bbox 407 2423 501 2458; x_wconf 88' lang='lat' dir='ltr'><strong>quae</strong></span> <span class='ocrx_word' id='word_1_701' title='bbox 531 2413 588 2448; x_wconf 81' lang='lat' dir='ltr'><strong>lzic</strong></span> <span class='ocrx_word' id='word_1_702' title='bbox 618 2423 726 2459; x_wconf 88' lang='lat' dir='ltr'><strong>quam</strong></span> <span class='ocrx_word' id='word_1_703' title='bbox 750 2424 843 2459; x_wconf 88' lang='lat' dir='ltr'><strong>quae</strong></span> <span class='ocrx_word' id='word_1_704' title='bbox 865 2412 1080 2449; x_wconf 73' lang='lat' dir='ltr'><strong>Antiochiae</strong></span> <span class='ocrx_word' id='word_1_705' title='bbox 1102 2417 1166 2456; x_wconf 88' lang='lat' dir='ltr'><strong>est,</strong></span> <span class='ocrx_word' id='word_1_706' title='bbox 1190 2418 1226 2449; x_wconf 89' lang='lat' dir='ltr'><strong>et</strong></span> <span class='ocrx_word' id='word_1_707' title='bbox 1245 2424 1358 2460; x_wconf 87' lang='lat' dir='ltr'><strong>supra</strong></span> <span class='ocrx_word' id='word_1_708' title='bbox 1382 2413 1572 2458; x_wconf 77' lang='lat' dir='ltr'><strong>desiqnata</strong></span> <span class='ocrx_word' id='word_1_709' title='bbox 1598 2416 1757 2461; x_wconf 85' lang='lat' dir='ltr'><strong>quinque</strong></span> <span class='ocrx_word' id='word_1_710' title='bbox 1778 2415 1986 2451; x_wconf 85' lang='lat' dir='ltr'><strong>suburbana</strong></span> <span class='ocrx_word' id='word_1_711' title='bbox 2006 2428 2099 2463; x_wconf 86' lang='lat' dir='ltr'><strong>prae</strong></span> <span class='ocrx_word' id='word_1_712' title='bbox 2125 2419 2161 2453; x_wconf 81' lang='lat' dir='ltr'><strong>ia</strong></span> <span class='ocrx_word' id='word_1_713' title='bbox 2185 2428 2265 2453; x_wconf 84' lang='lat' dir='ltr'><strong>cum</strong></span> <span class='ocrx_word' id='word_1_714' title='bbox 2288 2429 2362 2454; x_wconf 89' lang='lat' dir='ltr'><strong>om-</strong></span> 
     </span>
     <span class='ocr_line' id='line_1_83' title="bbox 134 2457 2362 2505; baseline 0.002 -11"><span class='ocrx_word' id='word_1_715' title='bbox 134 2459 238 2494; x_wconf 85' lang='lat' dir='ltr'><strong>nibus</strong></span> <span class='ocrx_word' id='word_1_716' title='bbox 253 2468 378 2494; x_wconf 85' lang='lat' dir='ltr'><strong>eorum</strong></span> <span class='ocrx_word' id='word_1_717' title='bbox 394 2457 531 2493; x_wconf 87' lang='lat' dir='ltr'><strong>iuribus</strong></span> <span class='ocrx_word' id='word_1_718' title='bbox 554 2458 786 2503; x_wconf 81' lang='lat' dir='ltr'><strong>omnibusque</strong></span> <span class='ocrx_word' id='word_1_719' title='bbox 809 2469 904 2504; x_wconf 86' lang='lat' dir='ltr'><strong>quae</strong></span> <span class='ocrx_word' id='word_1_720' title='bbox 927 2458 971 2493; x_wconf 83' lang='lat' dir='ltr'><strong>iis</strong></span> <span class='ocrx_word' id='word_1_721' title='bbox 993 2458 1222 2493; x_wconf 82' lang='lat' dir='ltr'><strong>continentur</strong></span> <span class='ocrx_word' id='word_1_722' title='bbox 1242 2459 1351 2504; x_wconf 85' lang='lat' dir='ltr'><strong>plene</strong></span> <span class='ocrx_word' id='word_1_723' title='bbox 1374 2463 1484 2504; x_wconf 84' lang='lat' dir='ltr'><strong>atquc</strong></span> <span class='ocrx_word' id='word_1_724' title='bbox 1505 2458 1645 2505; x_wconf 79' lang='lat' dir='ltr'><strong>inteqre</strong></span> <span class='ocrx_word' id='word_1_725' title='bbox 1668 2461 1869 2503; x_wconf 86' lang='lat' dir='ltr'><strong>restituere,</strong></span> <span class='ocrx_word' id='word_1_726' title='bbox 1893 2467 2054 2497; x_wconf 83' lang='lat' dir='ltr'><strong>cessante</strong></span> <span class='ocrx_word' id='word_1_727' title='bbox 2076 2463 2245 2498; x_wconf 85' lang='lat' dir='ltr'><strong>nimirum</strong></span> <span class='ocrx_word' id='word_1_728' title='bbox 2268 2464 2362 2498; x_wconf 85' lang='lat' dir='ltr'><strong>inter</strong></span> 
     </span>
     <span class='ocr_line' id='line_1_84' title="bbox 134 2502 2361 2552; baseline 0.002 -13"><span class='ocrx_word' id='word_1_729' title='bbox 134 2514 198 2539; x_wconf 89' lang='lat' dir='ltr'><strong>eos</strong></span> <span class='ocrx_word' id='word_1_730' title='bbox 226 2502 463 2538; x_wconf 82' lang='lat' dir='ltr'><strong>satisdatione</strong></span> <span class='ocrx_word' id='word_1_731' title='bbox 492 2513 585 2548; x_wconf 86' lang='lat' dir='ltr'><strong>quae</strong></span> <span class='ocrx_word' id='word_1_732' title='bbox 615 2504 653 2538; x_wconf 88' lang='lat' dir='ltr'><strong>in</strong></span> <span class='ocrx_word' id='word_1_733' title='bbox 676 2503 961 2547; x_wconf 79' lang='lat' dir='ltr'><strong>fideicommissis</strong></span> <span class='ocrx_word' id='word_1_734' title='bbox 991 2502 1049 2538; x_wconf 83' lang='lat' dir='ltr'><strong>vet</strong></span> <span class='ocrx_word' id='word_1_735' title='bbox 1077 2503 1206 2548; x_wconf 75' lang='lat' dir='ltr'><strong>leqatis</strong></span> <span class='ocrx_word' id='word_1_736' title='bbox 1237 2503 1381 2538; x_wconf 85' lang='lat' dir='ltr'><strong>obtinet.</strong></span> <span class='ocrx_word' id='word_1_737' title='bbox 1428 2502 1515 2539; x_wconf 89' lang='lat' dir='ltr'><strong>Volo</strong></span> <span class='ocrx_word' id='word_1_738' title='bbox 1546 2505 1640 2540; x_wconf 83' lang='lat' dir='ltr'><strong>enim</strong></span> <span class='ocrx_word' id='word_1_739' title='bbox 1663 2509 1697 2540; x_wconf 86' lang='lat' dir='ltr'><strong>et</strong></span> <span class='ocrx_word' id='word_1_740' title='bbox 1720 2505 1824 2541; x_wconf 87' lang='lat' dir='ltr'><strong>iubeo</strong></span> <span class='ocrx_word' id='word_1_741' title='bbox 1848 2516 1922 2540; x_wconf 88' lang='lat' dir='ltr'><strong>non</strong></span> <span class='ocrx_word' id='word_1_742' title='bbox 1945 2507 2094 2552; x_wconf 74' lang='lat' dir='ltr'><strong>exiqere</strong></span> <span class='ocrx_word' id='word_1_743' title='bbox 2116 2518 2178 2542; x_wconf 89' lang='lat' dir='ltr'><strong>eos</strong></span> <span class='ocrx_word' id='word_1_744' title='bbox 2201 2518 2224 2542; x_wconf 88' lang='lat' dir='ltr'><strong>a</strong></span> <span class='ocrx_word' id='word_1_745' title='bbox 2246 2518 2285 2543; x_wconf 88' lang='lat' dir='ltr'><strong>se</strong></span> <span class='ocrx_word' id='word_1_746' title='bbox 2307 2508 2361 2543; x_wconf 84' lang='lat' dir='ltr'><strong>in-</strong></span> 
     </span>
     <span class='ocr_line' id='line_1_85' title="bbox 134 2547 2361 2598; baseline 0.002 -14"><span class='ocrx_word' id='word_1_747' title='bbox 134 2550 244 2584; x_wconf 85' lang='lat' dir='ltr'><strong>vicem</strong></span> <span class='ocrx_word' id='word_1_748' title='bbox 266 2547 441 2583; x_wconf 80' lang='lat' dir='ltr'><strong>eiusmodi</strong></span> <span class='ocrx_word' id='word_1_749' title='bbox 462 2547 734 2583; x_wconf 85' lang='lat' dir='ltr'><strong>satisdationes.-</strong></span> <span class='ocrx_word' id='word_1_750' title='bbox 758 2551 797 2582; x_wconf 85' lang='lat' dir='ltr'><strong>ut</strong></span> <span class='ocrx_word' id='word_1_751' title='bbox 819 2548 852 2582; x_wconf 84' lang='lat' dir='ltr'><strong>si</strong></span> <span class='ocrx_word' id='word_1_752' title='bbox 875 2548 939 2593; x_wconf 87' lang='lat' dir='ltr'><strong>qui</strong></span> <span class='ocrx_word' id='word_1_753' title='bbox 963 2550 1132 2593; x_wconf 81' lang='lat' dir='ltr'><strong>temptent</strong></span> <span class='ocrx_word' id='word_1_754' title='bbox 1155 2551 1222 2583; x_wconf 86' lang='lat' dir='ltr'><strong>tem</strong></span> <span class='ocrx_word' id='word_1_755' title='bbox 1253 2551 1341 2584; x_wconf 83' lang='lat' dir='ltr'><strong>tetve</strong></span> <span class='ocrx_word' id='word_1_756' title='bbox 1364 2551 1490 2583; x_wconf 86' lang='lat' dir='ltr'><strong>contra</strong></span> <span class='ocrx_word' id='word_1_757' title='bbox 1513 2554 1706 2594; x_wconf 84' lang='lat' dir='ltr'><strong>paternam</strong></span> <span class='ocrx_word' id='word_1_758' title='bbox 1735 2561 1848 2585; x_wconf 89' lang='lat' dir='ltr'><strong>meam</strong></span> <span class='ocrx_word' id='word_1_759' title='bbox 1879 2555 1915 2586; x_wconf 87' lang='lat' dir='ltr'><strong>et</strong></span> <span class='ocrx_word' id='word_1_760' title='bbox 1965 2552 2084 2586; x_wconf 83' lang='lat' dir='ltr'><strong>ietatis</strong></span> <span class='ocrx_word' id='word_1_761' title='bbox 2096 2551 2247 2598; x_wconf 83' lang='lat' dir='ltr'><strong>plenam</strong></span> <span class='ocrx_word' id='word_1_762' title='bbox 2271 2563 2361 2598; x_wconf 79' lang='lat' dir='ltr'><strong>erqa</strong></span> 
     </span>
     <span class='ocr_line' id='line_1_86' title="bbox 134 2592 2360 2642; baseline 0.001 -13"><span class='ocrx_word' id='word_1_763' title='bbox 134 2604 197 2629; x_wconf 91' lang='lat' dir='ltr'><strong>eos</strong></span> <span class='ocrx_word' id='word_1_764' title='bbox 219 2593 437 2629; x_wconf 83' lang='lat' dir='ltr'><strong>volantatem</strong></span> <span class='ocrx_word' id='word_1_765' title='bbox 461 2603 483 2626; x_wconf 89' lang='lat' dir='ltr'><strong>a</strong></span> <span class='ocrx_word' id='word_1_766' title='bbox 506 2592 688 2637; x_wconf 80' lang='lat' dir='ltr'><strong>fratribus</strong></span> <span class='ocrx_word' id='word_1_767' title='bbox 711 2593 788 2627; x_wconf 88' lang='lat' dir='ltr'><strong>suis</strong></span> <span class='ocrx_word' id='word_1_768' title='bbox 810 2593 865 2628; x_wconf 85' lang='lat' dir='ltr'><strong>vel</strong></span> <span class='ocrx_word' id='word_1_769' title='bbox 886 2593 1008 2637; x_wconf 84' lang='lat' dir='ltr'><strong>fratre</strong></span> <span class='ocrx_word' id='word_1_770' title='bbox 1030 2602 1098 2627; x_wconf 88' lang='lat' dir='ltr'><strong>suo</strong></span> <span class='ocrx_word' id='word_1_771' title='bbox 1114 2593 1205 2628; x_wconf 86' lang='lat' dir='ltr'><strong>satis</strong></span> <span class='ocrx_word' id='word_1_772' title='bbox 1231 2593 1387 2628; x_wconf 87' lang='lat' dir='ltr'><strong>ationem</strong></span> <span class='ocrx_word' id='word_1_773' title='bbox 1404 2599 1558 2639; x_wconf 85' lang='lat' dir='ltr'><strong>propter</strong></span> <span class='ocrx_word' id='word_1_774' title='bbox 1573 2605 1632 2629; x_wconf 88' lang='lat' dir='ltr'><strong>res</strong></span> <span class='ocrx_word' id='word_1_775' title='bbox 1648 2594 1802 2630; x_wconf 86' lang='lat' dir='ltr'><strong>alienari</strong></span> <span class='ocrx_word' id='word_1_776' title='bbox 1814 2594 1927 2641; x_wconf 72' lang='lat' dir='ltr'><strong>prola·</strong></span> <span class='ocrx_word' id='word_1_777' title='bbox 1948 2596 2018 2631; x_wconf 83' lang='lat' dir='ltr'><strong>itas</strong></span> <span class='ocrx_word' id='word_1_778' title='bbox 2033 2598 2193 2642; x_wconf 76' lang='lat' dir='ltr'><strong>exiqere,</strong></span> <span class='ocrx_word' id='word_1_779' title='bbox 2213 2598 2360 2633; x_wconf 82' lang='lat' dir='ltr'><strong>omnino</strong></span> 
     </span>
     <span class='ocr_line' id='line_1_87' title="bbox 134 2636 2362 2688; baseline 0.002 -14"><span class='ocrx_word' id='word_1_780' title='bbox 134 2639 250 2685; x_wconf 84' lang='lat' dir='ltr'><strong>ipsius</strong></span> <span class='ocrx_word' id='word_1_781' title='bbox 269 2636 535 2683; x_wconf 84' lang='lat' dir='ltr'><strong>fideicommissi</strong></span> <span class='ocrx_word' id='word_1_782' title='bbox 557 2637 783 2672; x_wconf 89' lang='lat' dir='ltr'><strong>amissionem</strong></span> <span class='ocrx_word' id='word_1_783' title='bbox 804 2637 931 2672; x_wconf 85' lang='lat' dir='ltr'><strong>subeat</strong></span> <span class='ocrx_word' id='word_1_784' title='bbox 952 2636 1180 2673; x_wconf 85' lang='lat' dir='ltr'><strong>subeantve.“</strong></span> <span class='ocrx_word' id='word_1_785' title='bbox 1223 2638 1342 2682; x_wconf 84' lang='lat' dir='ltr'><strong>Atque</strong></span> <span class='ocrx_word' id='word_1_786' title='bbox 1358 2637 1446 2673; x_wconf 79' lang='lat' dir='ltr'><strong>haec</strong></span> <span class='ocrx_word' id='word_1_787' title='bbox 1461 2637 1603 2683; x_wconf 84' lang='lat' dir='ltr'><strong>quidem</strong></span> <span class='ocrx_word' id='word_1_788' title='bbox 1618 2649 1697 2674; x_wconf 89' lang='lat' dir='ltr'><strong>eum</strong></span> <span class='ocrx_word' id='word_1_789' title='bbox 1717 2639 1755 2673; x_wconf 82' lang='lat' dir='ltr'><strong>in</strong></span> <span class='ocrx_word' id='word_1_790' title='bbox 1775 2643 1986 2675; x_wconf 82' lang='lat' dir='ltr'><strong>testamento</strong></span> <span class='ocrx_word' id='word_1_791' title='bbox 2002 2639 2152 2684; x_wconf 78' lang='lat' dir='ltr'><strong>dioeisse,</strong></span> <span class='ocrx_word' id='word_1_792' title='bbox 2174 2643 2362 2688; x_wconf 84' lang='lat' dir='ltr'><strong>scripsisse</strong></span> 
     </span>
     <span class='ocr_line' id='line_1_88' title="bbox 135 2680 2362 2733; baseline 0.001 -14"><span class='ocrx_word' id='word_1_793' title='bbox 135 2689 254 2719; x_wconf 87' lang='lat' dir='ltr'><strong>autem</strong></span> <span class='ocrx_word' id='word_1_794' title='bbox 284 2682 391 2717; x_wconf 87' lang='lat' dir='ltr'><strong>etiam</strong></span> <span class='ocrx_word' id='word_1_795' title='bbox 421 2681 606 2717; x_wconf 83' lang='lat' dir='ltr'><strong>codicillos</strong></span> <span class='ocrx_word' id='word_1_796' title='bbox 635 2682 752 2718; x_wconf 85' lang='lat' dir='ltr'><strong>verbis</strong></span> <span class='ocrx_word' id='word_1_797' title='bbox 781 2682 820 2716; x_wconf 84' lang='lat' dir='ltr'><strong>in</strong></span> <span class='ocrx_word' id='word_1_798' title='bbox 851 2682 896 2716; x_wconf 86' lang='lat' dir='ltr'><strong>iis</strong></span> <span class='ocrx_word' id='word_1_799' title='bbox 927 2692 1030 2716; x_wconf 87' lang='lat' dir='ltr'><strong>usum</strong></span> <span class='ocrx_word' id='word_1_800' title='bbox 1058 2680 1174 2717; x_wconf 77' lang='lat' dir='ltr'><strong>hisce:</strong></span> <span class='ocrx_word' id='word_1_801' title='bbox 1211 2681 1471 2727; x_wconf 79' lang='lat' dir='ltr'><strong>„Manifestum</strong></span> <span class='ocrx_word' id='word_1_802' title='bbox 1503 2683 1617 2729; x_wconf 71' lang='lat' dir='ltr'><strong>iqitur</strong></span> <span class='ocrx_word' id='word_1_803' title='bbox 1645 2684 1748 2728; x_wconf 74' lang='lat' dir='ltr'><strong>sace&#39;o</strong></span> <span class='ocrx_word' id='word_1_804' title='bbox 1772 2694 1827 2719; x_wconf 90' lang='lat' dir='ltr'><strong>me</strong></span> <span class='ocrx_word' id='word_1_805' title='bbox 1849 2685 1920 2719; x_wconf 83' lang='lat' dir='ltr'><strong>iam</strong></span> <span class='ocrx_word' id='word_1_806' title='bbox 1946 2688 2193 2722; x_wconf 86' lang='lat' dir='ltr'><strong>testamentum</strong></span> <span class='ocrx_word' id='word_1_807' title='bbox 2214 2688 2362 2733; x_wconf 80' lang='lat' dir='ltr'><strong>scriptis</strong></span> 
     </span>
     <span class='ocr_line' id='line_1_89' title="bbox 134 2725 2360 2775; baseline 0.002 -12"><span class='ocrx_word' id='word_1_808' title='bbox 134 2727 325 2763; x_wconf 84' lang='lat' dir='ltr'><strong>mandasse</strong></span> <span class='ocrx_word' id='word_1_809' title='bbox 354 2731 388 2762; x_wconf 87' lang='lat' dir='ltr'><strong>et</strong></span> <span class='ocrx_word' id='word_1_810' title='bbox 419 2737 513 2771; x_wconf 82' lang='lat' dir='ltr'><strong>quae</strong></span> <span class='ocrx_word' id='word_1_811' title='bbox 542 2737 584 2762; x_wconf 89' lang='lat' dir='ltr'><strong>eo</strong></span> <span class='ocrx_word' id='word_1_812' title='bbox 617 2727 847 2762; x_wconf 82' lang='lat' dir='ltr'><strong>continentur</strong></span> <span class='ocrx_word' id='word_1_813' title='bbox 877 2725 1174 2772; x_wconf 80' lang='lat' dir='ltr'><strong>quemadmodum</strong></span> <span class='ocrx_word' id='word_1_814' title='bbox 1203 2726 1292 2762; x_wconf 71' lang='lat' dir='ltr'><strong>milti</strong></span> <span class='ocrx_word' id='word_1_815' title='bbox 1319 2727 1433 2761; x_wconf 82' lang='lat' dir='ltr'><strong>visum</strong></span> <span class='ocrx_word' id='word_1_816' title='bbox 1464 2734 1519 2762; x_wconf 84' lang='lat' dir='ltr'><strong>est</strong></span> <span class='ocrx_word' id='word_1_817' title='bbox 1547 2727 1780 2774; x_wconf 84' lang='lat' dir='ltr'><strong>disposuisse,</strong></span> <span class='ocrx_word' id='word_1_818' title='bbox 1809 2732 1919 2775; x_wconf 88' lang='lat' dir='ltr'><strong>atque</strong></span> <span class='ocrx_word' id='word_1_819' title='bbox 1940 2730 2022 2765; x_wconf 87' lang='lat' dir='ltr'><strong>volo</strong></span> <span class='ocrx_word' id='word_1_820' title='bbox 2045 2735 2081 2766; x_wconf 85' lang='lat' dir='ltr'><strong>et</strong></span> <span class='ocrx_word' id='word_1_821' title='bbox 2101 2731 2205 2767; x_wconf 84' lang='lat' dir='ltr'><strong>iubeo</strong></span> <span class='ocrx_word' id='word_1_822' title='bbox 2229 2732 2360 2775; x_wconf 78' lang='lat' dir='ltr'><strong>omnia,</strong></span> 
     </span>
     <span class='ocr_line' id='line_1_90' title="bbox 135 2770 2361 2821; baseline 0.002 -14"><span class='ocrx_word' id='word_1_823' title='bbox 135 2783 308 2819; x_wconf 86' lang='lat' dir='ltr'><strong>quaecum</strong></span> <span class='ocrx_word' id='word_1_824' title='bbox 336 2782 380 2807; x_wconf 86' lang='lat' dir='ltr'><strong>ue</strong></span> <span class='ocrx_word' id='word_1_825' title='bbox 410 2771 524 2807; x_wconf 86' lang='lat' dir='ltr'><strong>eidem</strong></span> <span class='ocrx_word' id='word_1_826' title='bbox 555 2774 764 2807; x_wconf 87' lang='lat' dir='ltr'><strong>testamento</strong></span> <span class='ocrx_word' id='word_1_827' title='bbox 796 2772 932 2807; x_wconf 85' lang='lat' dir='ltr'><strong>inserta</strong></span> <span class='ocrx_word' id='word_1_828' title='bbox 961 2775 1046 2805; x_wconf 86' lang='lat' dir='ltr'><strong>sunt</strong></span> <span class='ocrx_word' id='word_1_829' title='bbox 1083 2770 1247 2806; x_wconf 84' lang='lat' dir='ltr'><strong>omnibus</strong></span> <span class='ocrx_word' id='word_1_830' title='bbox 1276 2771 1393 2806; x_wconf 86' lang='lat' dir='ltr'><strong>modis</strong></span> <span class='ocrx_word' id='word_1_831' title='bbox 1423 2771 1542 2807; x_wconf 85' lang='lat' dir='ltr'><strong>valere</strong></span> <span class='ocrx_word' id='word_1_832' title='bbox 1572 2772 1618 2808; x_wconf 86' lang='lat' dir='ltr'><strong>iis</strong></span> <span class='ocrx_word' id='word_1_833' title='bbox 1647 2773 1736 2808; x_wconf 86' lang='lat' dir='ltr'><strong>solis</strong></span> <span class='ocrx_word' id='word_1_834' title='bbox 1765 2775 1941 2820; x_wconf 73' lang='lat' dir='ltr'><strong>exceptis,</strong></span> <span class='ocrx_word' id='word_1_835' title='bbox 1972 2785 2218 2821; x_wconf 85' lang='lat' dir='ltr'><strong>quaecumque</strong></span> <span class='ocrx_word' id='word_1_836' title='bbox 2240 2776 2280 2811; x_wconf 85' lang='lat' dir='ltr'><strong>in</strong></span> <span class='ocrx_word' id='word_1_837' title='bbox 2303 2775 2361 2811; x_wconf 74' lang='lat' dir='ltr'><strong>Itis</strong></span> 
     </span>
     <span class='ocr_line' id='line_1_91' title="bbox 134 2815 2360 2867; baseline 0.002 -15"><span class='ocrx_word' id='word_1_838' title='bbox 134 2818 222 2853; x_wconf 81' lang='lat' dir='ltr'><strong>meis</strong></span> <span class='ocrx_word' id='word_1_839' title='bbox 245 2827 288 2852; x_wconf 88' lang='lat' dir='ltr'><strong>co</strong></span> <span class='ocrx_word' id='word_1_840' title='bbox 315 2816 422 2852; x_wconf 77' lang='lat' dir='ltr'><strong>teillis</strong></span> <span class='ocrx_word' id='word_1_841' title='bbox 446 2817 691 2858; x_wconf 79' lang='lat' dir='ltr'><strong>immutavero,</strong></span> <span class='ocrx_word' id='word_1_842' title='bbox 715 2816 772 2852; x_wconf 84' lang='lat' dir='ltr'><strong>vel</strong></span> <span class='ocrx_word' id='word_1_843' title='bbox 792 2817 826 2851; x_wconf 87' lang='lat' dir='ltr'><strong>si</strong></span> <span class='ocrx_word' id='word_1_844' title='bbox 846 2825 941 2862; x_wconf 85' lang='lat' dir='ltr'><strong>quae</strong></span> <span class='ocrx_word' id='word_1_845' title='bbox 965 2815 1095 2861; x_wconf 76' lang='lat' dir='ltr'><strong>leqatis</strong></span> <span class='ocrx_word' id='word_1_846' title='bbox 1115 2815 1251 2852; x_wconf 83' lang='lat' dir='ltr'><strong>relictis</strong></span> <span class='ocrx_word' id='word_1_847' title='bbox 1273 2816 1452 2851; x_wconf 87' lang='lat' dir='ltr'><strong>ademero.</strong></span> <span class='ocrx_word' id='word_1_848' title='bbox 1496 2815 1588 2852; x_wconf 90' lang='lat' dir='ltr'><strong>Volo</strong></span> <span class='ocrx_word' id='word_1_849' title='bbox 1611 2817 1727 2863; x_wconf 76' lang='lat' dir='ltr'><strong>iqitur</strong></span> <span class='ocrx_word' id='word_1_850' title='bbox 1741 2821 1776 2853; x_wconf 85' lang='lat' dir='ltr'><strong>et</strong></span> <span class='ocrx_word' id='word_1_851' title='bbox 1790 2818 1893 2854; x_wconf 79' lang='lat' dir='ltr'><strong>iubeo</strong></span> <span class='ocrx_word' id='word_1_852' title='bbox 1907 2819 2152 2856; x_wconf 84' lang='lat' dir='ltr'><strong>suburbanum</strong></span> <span class='ocrx_word' id='word_1_853' title='bbox 2163 2821 2360 2867; x_wconf 85' lang='lat' dir='ltr'><strong>praedium</strong></span> 
     </span>
    </p>
   </div>
   <div class='ocr_carea' id='block_1_32' title="bbox 471 2904 1030 2907">
    <p class='ocr_par' dir='ltr' id='par_1_32' title="bbox 471 2904 1030 2907">
     <span class='ocr_line' id='line_1_92' title="bbox 471 2904 1030 2907; baseline 0 0"><span class='ocrx_word' id='word_1_854' title='bbox 471 2904 1030 2907; x_wconf 95' lang='lat' dir='ltr'><strong> </strong></span> 
     </span>
    </p>
   </div>
   <div class='ocr_carea' id='block_1_33' title="bbox 135 2957 2362 3726">
    <p class='ocr_par' dir='ltr' id='par_1_33' title="bbox 135 2957 2362 3726">
     <span class='ocr_line' id='line_1_93' title="bbox 183 2957 1213 3006; baseline -0.003 -11"><span class='ocrx_word' id='word_1_855' title='bbox 183 2966 199 2998; x_wconf 91' lang='lat'>1</span> <span class='ocrx_word' id='word_1_856' title='bbox 225 2959 418 3006; x_wconf 84' lang='grc' dir='ltr'><strong><em>ἀντιλογὴν</em></strong></span> <span class='ocrx_word' id='word_1_857' title='bbox 442 2961 490 2993; x_wconf 86' lang='lat' dir='ltr'><strong>L¹</strong></span> <span class='ocrx_word' id='word_1_858' title='bbox 514 2957 719 3005; x_wconf 79' lang='grc' dir='ltr'><strong><em>ἄνταλογὴν</em></strong></span> <span class='ocrx_word' id='word_1_859' title='bbox 742 2961 790 2994; x_wconf 83' lang='lat' dir='ltr'><em>L2</em></span> <span class='ocrx_word' id='word_1_860' title='bbox 807 2961 819 3004; x_wconf 90' lang='grc'><strong>11</strong></span> <span class='ocrx_word' id='word_1_861' title='bbox 838 2963 857 2994; x_wconf 90' lang='grc'>2</span> <span class='ocrx_word' id='word_1_862' title='bbox 886 2958 1051 3004; x_wconf 82' lang='grc' dir='ltr'><strong><em>ἐκβαλεῖν</em></strong></span> <span class='ocrx_word' id='word_1_863' title='bbox 1075 2961 1133 3003; x_wconf 90' lang='grc' dir='ltr'><strong>Μ]</strong></span> <span class='ocrx_word' id='word_1_864' title='bbox 1158 2960 1213 2993; x_wconf 78' lang='grc' dir='ltr'><strong><em>έκ-</em></strong></span> 
     </span>
     <span class='ocr_line' id='line_1_94' title="bbox 135 3001 1212 3053; baseline -0.002 -13"><span class='ocrx_word' id='word_1_865' title='bbox 135 3006 284 3053; x_wconf 83' lang='grc' dir='ltr'><strong><em>βάλλειν</em></strong></span> <span class='ocrx_word' id='word_1_866' title='bbox 308 3008 339 3039; x_wconf 88' lang='lat' dir='ltr'><em>L</em></span> <span class='ocrx_word' id='word_1_867' title='bbox 365 3006 427 3038; x_wconf 86' lang='lat' dir='ltr'><strong>eici</strong></span> <span class='ocrx_word' id='word_1_868' title='bbox 451 3017 470 3041; x_wconf 87' lang='grc' dir='ltr'><strong><em>ς</em></strong></span> <span class='ocrx_word' id='word_1_869' title='bbox 487 3005 498 3047; x_wconf 95' lang='grc'><strong>11</strong></span> <span class='ocrx_word' id='word_1_870' title='bbox 516 3002 550 3046; x_wconf 80' lang='grc' dir='ltr'><strong>ἢ]</strong></span> <span class='ocrx_word' id='word_1_871' title='bbox 575 3015 682 3046; x_wconf 86' lang='lat' dir='ltr'><strong>neque</strong></span> <span class='ocrx_word' id='word_1_872' title='bbox 706 3017 725 3041; x_wconf 80' lang='grc' dir='ltr'><strong><em>ς</em></strong></span> <span class='ocrx_word' id='word_1_873' title='bbox 742 3005 754 3048; x_wconf 91' lang='grc'><strong>11</strong></span> <span class='ocrx_word' id='word_1_874' title='bbox 770 3006 835 3038; x_wconf 78' lang='grc' dir='ltr'><strong><em>τὰς</em></strong></span> <span class='ocrx_word' id='word_1_875' title='bbox 862 3001 973 3038; x_wconf 77' lang='grc' dir='ltr'><strong><em>αύτάς</em></strong></span> <span class='ocrx_word' id='word_1_876' title='bbox 995 3005 1117 3039; x_wconf 76' lang='grc' dir='ltr'><strong><em>οἰκίοις</em></strong></span> <span class='ocrx_word' id='word_1_877' title='bbox 1155 3007 1212 3047; x_wconf 81' lang='lat' dir='ltr'><strong>sic)</strong></span> 
     </span>
     <span class='ocr_line' id='line_1_95' title="bbox 138 3049 1215 3095; baseline -0.001 -12"><span class='ocrx_word' id='word_1_878' title='bbox 138 3055 183 3087; x_wconf 84' lang='grc' dir='ltr'><strong>Μ’</strong></span> <span class='ocrx_word' id='word_1_879' title='bbox 200 3051 269 3094; x_wconf 82' lang='grc' dir='ltr'><strong>τὴν</strong></span> <span class='ocrx_word' id='word_1_880' title='bbox 294 3049 408 3093; x_wconf 83' lang='grc' dir='ltr'><strong><em>αὐτὴν</em></strong></span> <span class='ocrx_word' id='word_1_881' title='bbox 432 3050 548 3083; x_wconf 84' lang='grc' dir='ltr'><strong><em>οἰκίαν</em></strong></span> <span class='ocrx_word' id='word_1_882' title='bbox 573 3050 632 3085; x_wconf 60' lang='lat' dir='ltr'><strong>Le</strong></span> <span class='ocrx_word' id='word_1_883' title='bbox 647 3051 659 3093; x_wconf 95' lang='grc'><strong>11</strong></span> <span class='ocrx_word' id='word_1_884' title='bbox 678 3052 698 3084; x_wconf 89' lang='grc'><strong>3</strong></span> <span class='ocrx_word' id='word_1_885' title='bbox 721 3052 830 3085; x_wconf 76' lang='grc' dir='ltr'><strong><em>πέντε</em></strong></span> <span class='ocrx_word' id='word_1_886' title='bbox 852 3063 909 3084; x_wconf 85' lang='lat' dir='ltr'><strong>om.</strong></span> <span class='ocrx_word' id='word_1_887' title='bbox 927 3062 946 3086; x_wconf 79' lang='grc' dir='ltr'><strong><em>ς</em></strong></span> <span class='ocrx_word' id='word_1_888' title='bbox 964 3050 1014 3094; x_wconf 90' lang='grc'><strong>114</strong></span> <span class='ocrx_word' id='word_1_889' title='bbox 1038 3062 1136 3095; x_wconf 85' lang='grc' dir='ltr'><strong><em>φαμη</em></strong></span> <span class='ocrx_word' id='word_1_890' title='bbox 1161 3052 1215 3083; x_wconf 74' lang='lat' dir='ltr'><strong>iac</strong></span> 
     </span>
     <span class='ocr_line' id='line_1_96' title="bbox 138 3090 1214 3141; baseline -0.004 -11"><span class='ocrx_word' id='word_1_891' title='bbox 138 3111 176 3132; x_wconf 75' lang='lat' dir='ltr'><strong>ex</strong></span> <span class='ocrx_word' id='word_1_892' title='bbox 201 3094 369 3141; x_wconf 80' lang='grc' dir='ltr'><strong><em>ὠφελείας</em></strong></span> <span class='ocrx_word' id='word_1_893' title='bbox 393 3108 474 3128; x_wconf 83' lang='lat' dir='ltr'><strong>corr.</strong></span> <span class='ocrx_word' id='word_1_894' title='bbox 501 3095 532 3127; x_wconf 91' lang='lat' dir='ltr'><em>L</em></span> <span class='ocrx_word' id='word_1_895' title='bbox 549 3094 562 3138; x_wconf 91' lang='grc'><strong>11</strong></span> <span class='ocrx_word' id='word_1_896' title='bbox 588 3097 607 3128; x_wconf 92' lang='grc'><strong>5</strong></span> <span class='ocrx_word' id='word_1_897' title='bbox 634 3092 754 3128; x_wconf 83' lang='grc' dir='ltr'><strong><em>αὐτοῖς</em></strong></span> <span class='ocrx_word' id='word_1_898' title='bbox 778 3107 836 3128; x_wconf 90' lang='lat' dir='ltr'><strong>om.</strong></span> <span class='ocrx_word' id='word_1_899' title='bbox 861 3095 893 3128; x_wconf 90' lang='lat' dir='ltr'><em>L</em></span> <span class='ocrx_word' id='word_1_900' title='bbox 910 3090 961 3138; x_wconf 89' lang='grc' dir='ltr'>1Ιῆ</span> <span class='ocrx_word' id='word_1_901' title='bbox 986 3093 1156 3140; x_wconf 75' lang='grc' dir='ltr'><strong><em>ἐγγόνοις]</em></strong></span> <span class='ocrx_word' id='word_1_902' title='bbox 1181 3096 1214 3127; x_wconf 88' lang='lat' dir='ltr'><strong>et</strong></span> 
     </span>
     <span class='ocr_line' id='line_1_97' title="bbox 137 3135 1213 3195; baseline -0.002 -22"><span class='ocrx_word' id='word_1_903' title='bbox 137 3142 314 3185; x_wconf 83' lang='lat' dir='ltr'><strong>nepotibus</strong></span> <span class='ocrx_word' id='word_1_904' title='bbox 339 3139 385 3195; x_wconf 80' lang='grc' dir='ltr'>ς11</span> <span class='ocrx_word' id='word_1_905' title='bbox 412 3141 432 3173; x_wconf 82' lang='grc'><strong>6</strong></span> <span class='ocrx_word' id='word_1_906' title='bbox 457 3141 619 3183; x_wconf 80' lang='grc' dir='ltr'><strong><em>φυσικαῖς</em></strong></span> <span class='ocrx_word' id='word_1_907' title='bbox 642 3140 693 3172; x_wconf 78' lang='lat' dir='ltr'><em>L⁰</em></span> <span class='ocrx_word' id='word_1_908' title='bbox 717 3139 730 3183; x_wconf 94' lang='grc'><strong>11</strong></span> <span class='ocrx_word' id='word_1_909' title='bbox 755 3141 773 3172; x_wconf 82' lang='grc'>7</span> <span class='ocrx_word' id='word_1_910' title='bbox 796 3135 894 3181; x_wconf 75' lang='grc' dir='ltr'><strong><em>αύτῷ</em></strong></span> <span class='ocrx_word' id='word_1_911' title='bbox 919 3152 977 3173; x_wconf 83' lang='grc' dir='ltr'><strong><em>οηι.</em></strong></span> <span class='ocrx_word' id='word_1_912' title='bbox 1003 3151 1022 3175; x_wconf 80' lang='grc' dir='ltr'><strong><em>ς</em></strong></span> <span class='ocrx_word' id='word_1_913' title='bbox 1041 3141 1089 3182; x_wconf 93' lang='grc'><strong>119</strong></span> <span class='ocrx_word' id='word_1_914' title='bbox 1113 3135 1213 3172; x_wconf 85' lang='grc' dir='ltr'><strong><em>ἀντι-</em></strong></span> 
     </span>
     <span class='ocr_line' id='line_1_98' title="bbox 137 3181 1214 3229; baseline -0.002 -11"><span class='ocrx_word' id='word_1_915' title='bbox 137 3183 236 3229; x_wconf 84' lang='grc' dir='ltr'><strong><em>οχείόι</em></strong></span> <span class='ocrx_word' id='word_1_916' title='bbox 255 3187 289 3224; x_wconf 86' lang='lat' dir='ltr'><strong>(i.</strong></span> <span class='ocrx_word' id='word_1_917' title='bbox 307 3198 333 3219; x_wconf 82' lang='grc' dir='ltr'><strong>ε.</strong></span> <span class='ocrx_word' id='word_1_918' title='bbox 360 3185 566 3225; x_wconf 82' lang='grc' dir='ltr'><strong><em>αντιόχειαν</em></strong></span> <span class='ocrx_word' id='word_1_919' title='bbox 590 3195 628 3217; x_wconf 78' lang='lat' dir='ltr'><strong>ex</strong></span> <span class='ocrx_word' id='word_1_920' title='bbox 652 3186 748 3225; x_wconf 86' lang='lat' dir='ltr'><strong>corr.)</strong></span> <span class='ocrx_word' id='word_1_921' title='bbox 765 3185 806 3217; x_wconf 88' lang='lat' dir='ltr'><em>M</em></span> <span class='ocrx_word' id='word_1_922' title='bbox 828 3186 883 3225; x_wconf 82' lang='lat' dir='ltr'><strong>(ch</strong></span> <span class='ocrx_word' id='word_1_923' title='bbox 903 3185 934 3226; x_wconf 83' lang='grc' dir='ltr'><strong>ς)</strong></span> <span class='ocrx_word' id='word_1_924' title='bbox 950 3183 962 3228; x_wconf 94' lang='grc'><strong>11</strong></span> <span class='ocrx_word' id='word_1_925' title='bbox 985 3186 1024 3218; x_wconf 86' lang='grc'>10</span> <span class='ocrx_word' id='word_1_926' title='bbox 1050 3181 1214 3217; x_wconf 73' lang='grc' dir='ltr'><strong><em>ἑκάστων</em></strong></span> 
     </span>
     <span class='ocr_line' id='line_1_99' title="bbox 138 3224 1214 3272; baseline -0.004 -7"><span class='ocrx_word' id='word_1_927' title='bbox 138 3246 177 3266; x_wconf 77' lang='lat' dir='ltr'><strong>ex</strong></span> <span class='ocrx_word' id='word_1_928' title='bbox 201 3244 219 3267; x_wconf 81' lang='grc' dir='ltr'><strong><em>ς</em></strong></span> <span class='ocrx_word' id='word_1_929' title='bbox 243 3231 443 3269; x_wconf 81' lang='lat' dir='ltr'><strong>Zachariae]</strong></span> <span class='ocrx_word' id='word_1_930' title='bbox 463 3231 616 3261; x_wconf 78' lang='grc' dir='ltr'><strong><em>ἕκαστον</em></strong></span> <span class='ocrx_word' id='word_1_931' title='bbox 640 3229 713 3262; x_wconf 89' lang='lat' dir='ltr'><strong>ML</strong></span> <span class='ocrx_word' id='word_1_932' title='bbox 730 3229 743 3272; x_wconf 92' lang='grc'><strong>11</strong></span> <span class='ocrx_word' id='word_1_933' title='bbox 762 3231 800 3262; x_wconf 92' lang='grc'><strong>11</strong></span> <span class='ocrx_word' id='word_1_934' title='bbox 828 3224 1062 3270; x_wconf 73' lang='grc' dir='ltr'><strong><em>ἀθετήσωσιν</em></strong></span> <span class='ocrx_word' id='word_1_935' title='bbox 1084 3225 1166 3262; x_wconf 71' lang='grc' dir='ltr'><strong><em>οὐδ’</em></strong></span> <span class='ocrx_word' id='word_1_936' title='bbox 1182 3229 1214 3261; x_wconf 87' lang='lat' dir='ltr'><em>L</em></span> 
     </span>
     <span class='ocr_line' id='line_1_100' title="bbox 143 3271 1213 3321; baseline -0.002 -15"><span class='ocrx_word' id='word_1_937' title='bbox 143 3277 148 3321; x_wconf 93' lang='grc'>1</span> <span class='ocrx_word' id='word_1_938' title='bbox 168 3278 209 3310; x_wconf 87' lang='grc'><strong>12</strong></span> <span class='ocrx_word' id='word_1_939' title='bbox 239 3271 262 3317; x_wconf 82' lang='grc' dir='ltr'><em>ἢ</em></span> <span class='ocrx_word' id='word_1_940' title='bbox 292 3272 454 3320; x_wconf 78' lang='grc' dir='ltr'><strong><em>ἐγγόνων</em></strong></span> <span class='ocrx_word' id='word_1_941' title='bbox 477 3273 546 3315; x_wconf 83' lang='grc' dir='ltr'><strong>τὴν</strong></span> <span class='ocrx_word' id='word_1_942' title='bbox 564 3272 653 3315; x_wconf 72' lang='grc' dir='ltr'><strong><em>ἐμὴν</em></strong></span> <span class='ocrx_word' id='word_1_943' title='bbox 677 3287 736 3307; x_wconf 85' lang='lat' dir='ltr'><strong>om.</strong></span> <span class='ocrx_word' id='word_1_944' title='bbox 761 3274 857 3307; x_wconf 76' lang='lat' dir='ltr'><strong>Min</strong></span> <span class='ocrx_word' id='word_1_945' title='bbox 882 3275 971 3307; x_wconf 79' lang='lat' dir='ltr'><strong>hiatu</strong></span> <span class='ocrx_word' id='word_1_946' title='bbox 998 3276 1038 3307; x_wconf 88' lang='lat'><strong>10</strong></span> <span class='ocrx_word' id='word_1_947' title='bbox 1052 3275 1130 3316; x_wconf 80' lang='lat' dir='ltr'><strong>fere</strong></span> <span class='ocrx_word' id='word_1_948' title='bbox 1154 3274 1213 3307; x_wconf 78' lang='lat' dir='ltr'><strong>litt.</strong></span> 
     </span>
     <span class='ocr_line' id='line_1_101' title="bbox 143 3314 1214 3364; baseline -0.001 -12"><span class='ocrx_word' id='word_1_949' title='bbox 143 3324 149 3364; x_wconf 88' lang='grc'>1</span> <span class='ocrx_word' id='word_1_950' title='bbox 170 3323 210 3356; x_wconf 88' lang='grc'>13</span> <span class='ocrx_word' id='word_1_951' title='bbox 233 3318 270 3359; x_wconf 78' lang='grc' dir='ltr'><strong>ἐξ</strong></span> <span class='ocrx_word' id='word_1_952' title='bbox 289 3320 333 3360; x_wconf 94' lang='lat' dir='ltr'><strong>L]</strong></span> <span class='ocrx_word' id='word_1_953' title='bbox 358 3314 418 3352; x_wconf 78' lang='grc' dir='ltr'><strong>ἀπ’</strong></span> <span class='ocrx_word' id='word_1_954' title='bbox 447 3319 493 3352; x_wconf 90' lang='grc' dir='ltr'><strong>Μ</strong></span> <span class='ocrx_word' id='word_1_955' title='bbox 504 3318 516 3362; x_wconf 93' lang='grc'><strong>11</strong></span> <span class='ocrx_word' id='word_1_956' title='bbox 544 3319 584 3351; x_wconf 89' lang='grc'>14</span> <span class='ocrx_word' id='word_1_957' title='bbox 611 3316 789 3360; x_wconf 74' lang='grc' dir='ltr'><strong><em>τελευτῴη</em></strong></span> <span class='ocrx_word' id='word_1_958' title='bbox 807 3319 1012 3359; x_wconf 82' lang='lat' dir='ltr'><strong>Haloander]</strong></span> <span class='ocrx_word' id='word_1_959' title='bbox 1037 3315 1214 3359; x_wconf 81' lang='grc' dir='ltr'><strong><em>τελευτοίη</em></strong></span> 
     </span>
     <span class='ocr_line' id='line_1_102' title="bbox 138 3359 2358 3407; baseline -0.001 -9"><span class='ocrx_word' id='word_1_960' title='bbox 138 3367 181 3399; x_wconf 93' lang='grc' dir='ltr'><em>Μ</em></span> <span class='ocrx_word' id='word_1_961' title='bbox 201 3362 380 3398; x_wconf 78' lang='grc' dir='ltr'><strong><em>τελευτῶν</em></strong></span> <span class='ocrx_word' id='word_1_962' title='bbox 403 3364 434 3396; x_wconf 91' lang='lat' dir='ltr'><em>L</em></span> <span class='ocrx_word' id='word_1_963' title='bbox 457 3363 470 3405; x_wconf 89' lang='grc'><strong>11</strong></span> <span class='ocrx_word' id='word_1_964' title='bbox 497 3365 536 3397; x_wconf 88' lang='grc'>21</span> <span class='ocrx_word' id='word_1_965' title='bbox 563 3359 831 3406; x_wconf 75' lang='grc' dir='ltr'><strong><em>φιδιοοιῐιιηίεοίε</em></strong></span> <span class='ocrx_word' id='word_1_966' title='bbox 854 3363 886 3396; x_wconf 93' lang='lat' dir='ltr'><em>L</em></span> <span class='ocrx_word' id='word_1_967' title='bbox 911 3360 1216 3407; x_wconf 76' lang='grc' dir='ltr'><strong><em>φιδεικομμίσσοις</em></strong></span> <span class='ocrx_word' id='word_1_968' title='bbox 2084 3369 2125 3402; x_wconf 85' lang='lat'><strong>19</strong></span> <span class='ocrx_word' id='word_1_969' title='bbox 2149 3367 2358 3401; x_wconf 66' lang='lat' dir='ltr'><strong>fideicomffli</strong></span> 
     </span>
     <span class='ocr_line' id='line_1_103' title="bbox 139 3405 2362 3454; baseline 0.001 -11"><span class='ocrx_word' id='word_1_970' title='bbox 139 3411 185 3444; x_wconf 92' lang='lat' dir='ltr'><em>M</em></span> <span class='ocrx_word' id='word_1_971' title='bbox 194 3410 206 3453; x_wconf 93' lang='grc'><strong>11</strong></span> <span class='ocrx_word' id='word_1_972' title='bbox 233 3407 391 3454; x_wconf 81' lang='grc' dir='ltr'><strong><em>λεγάτοις</em></strong></span> <span class='ocrx_word' id='word_1_973' title='bbox 413 3408 486 3441; x_wconf 90' lang='lat' dir='ltr'><strong>ML</strong></span> <span class='ocrx_word' id='word_1_974' title='bbox 511 3408 523 3450; x_wconf 93' lang='grc'><strong>11</strong></span> <span class='ocrx_word' id='word_1_975' title='bbox 550 3409 593 3441; x_wconf 87' lang='grc'><strong>24</strong></span> <span class='ocrx_word' id='word_1_976' title='bbox 619 3405 711 3450; x_wconf 84' lang='grc' dir='ltr'><strong><em>ἦτοι]</em></strong></span> <span class='ocrx_word' id='word_1_977' title='bbox 736 3407 760 3451; x_wconf 81' lang='grc' dir='ltr'><strong><em>ἧ</em></strong></span> <span class='ocrx_word' id='word_1_978' title='bbox 780 3407 844 3441; x_wconf 82' lang='grc' dir='ltr'><strong>τοῦ</strong></span> <span class='ocrx_word' id='word_1_979' title='bbox 869 3410 950 3441; x_wconf 81' lang='lat' dir='ltr'><strong>coni.</strong></span> <span class='ocrx_word' id='word_1_980' title='bbox 977 3407 1077 3440; x_wconf 80' lang='lat' dir='ltr'><strong>Kroll</strong></span> <span class='ocrx_word' id='word_1_981' title='bbox 1101 3407 1114 3451; x_wconf 93' lang='grc'><strong>11</strong></span> <span class='ocrx_word' id='word_1_982' title='bbox 1139 3408 1211 3441; x_wconf 73' lang='grc' dir='ltr'><strong><em>ἐπι·</em></strong></span> <span class='ocrx_word' id='word_1_983' title='bbox 1282 3409 1340 3439; x_wconf 81' lang='lat' dir='ltr'><strong>aut</strong></span> <span class='ocrx_word' id='word_1_984' title='bbox 1363 3407 1465 3448; x_wconf 85' lang='lat' dir='ltr'><strong>legati</strong></span> <span class='ocrx_word' id='word_1_985' title='bbox 1493 3408 1670 3452; x_wconf 77' lang='grc' dir='ltr'>Τ112Οεᾳ.</span> <span class='ocrx_word' id='word_1_986' title='bbox 1695 3410 1956 3444; x_wconf 85' lang='lat' dir='ltr'><strong>satisdonatione</strong></span> <span class='ocrx_word' id='word_1_987' title='bbox 1980 3419 2010 3444; x_wconf 81' lang='lat' dir='ltr'><strong>et</strong></span> <span class='ocrx_word' id='word_1_988' title='bbox 2032 3412 2311 3446; x_wconf 81' lang='lat' dir='ltr'><strong>satisdonationes</strong></span> <span class='ocrx_word' id='word_1_989' title='bbox 2330 3414 2362 3447; x_wconf 89' lang='lat' dir='ltr'><strong><em>V</em></strong></span> 
     </span>
     <span class='ocr_line' id='line_1_104' title="bbox 137 3448 2357 3503; baseline 0.004 -20"><span class='ocrx_word' id='word_1_990' title='bbox 137 3455 342 3499; x_wconf 63' lang='grc' dir='ltr'><strong><em>χωροῦντας</em></strong></span> <span class='ocrx_word' id='word_1_991' title='bbox 365 3453 396 3486; x_wconf 91' lang='lat' dir='ltr'><em>L</em></span> <span class='ocrx_word' id='word_1_992' title='bbox 426 3452 438 3491; x_wconf 95' lang='grc' dir='ltr'><strong>ΙΙ</strong></span> <span class='ocrx_word' id='word_1_993' title='bbox 466 3451 566 3497; x_wconf 81' lang='grc' dir='ltr'><strong><em>παρὰ</em></strong></span> <span class='ocrx_word' id='word_1_994' title='bbox 591 3453 786 3486; x_wconf 86' lang='lat' dir='ltr'><strong>Haloander</strong></span> <span class='ocrx_word' id='word_1_995' title='bbox 810 3466 849 3486; x_wconf 78' lang='lat' dir='ltr'><strong>ez·</strong></span> <span class='ocrx_word' id='word_1_996' title='bbox 871 3454 903 3493; x_wconf 83' lang='grc' dir='ltr'><strong>ς]</strong></span> <span class='ocrx_word' id='word_1_997' title='bbox 937 3448 959 3494; x_wconf 84' lang='grc' dir='ltr'><em>ἢ</em></span> <span class='ocrx_word' id='word_1_998' title='bbox 985 3451 1085 3497; x_wconf 79' lang='grc' dir='ltr'><strong><em>παρὰ</em></strong></span> <span class='ocrx_word' id='word_1_999' title='bbox 1109 3453 1181 3486; x_wconf 91' lang='lat' dir='ltr'><strong>ML</strong></span> <span class='ocrx_word' id='word_1_1000' title='bbox 1204 3451 1216 3496; x_wconf 94' lang='grc'><strong>11</strong></span> <span class='ocrx_word' id='word_1_1001' title='bbox 1307 3452 1351 3485; x_wconf 85' lang='grc'><strong>24</strong></span> <span class='ocrx_word' id='word_1_1002' title='bbox 1374 3452 1634 3494; x_wconf 83' lang='lat' dir='ltr'><strong>satisdationem]</strong></span> <span class='ocrx_word' id='word_1_1003' title='bbox 1655 3453 1867 3487; x_wconf 85' lang='lat' dir='ltr'><strong>donationem</strong></span> <span class='ocrx_word' id='word_1_1004' title='bbox 1882 3456 1962 3488; x_wconf 86' lang='lat' dir='ltr'><strong>satis</strong></span> <span class='ocrx_word' id='word_1_1005' title='bbox 1981 3455 2036 3501; x_wconf 71' lang='grc'>711</span> <span class='ocrx_word' id='word_1_1006' title='bbox 2055 3458 2097 3491; x_wconf 87' lang='grc'><strong>25</strong></span> <span class='ocrx_word' id='word_1_1007' title='bbox 2114 3457 2253 3492; x_wconf 84' lang='lat' dir='ltr'><strong>omnino</strong></span> <span class='ocrx_word' id='word_1_1008' title='bbox 2267 3459 2357 3503; x_wconf 73' lang='lat' dir='ltr'><strong>vuly.</strong></span> 
     </span>
     <span class='ocr_line' id='line_1_105' title="bbox 140 3494 2358 3543; baseline 0.001 -9"><span class='ocrx_word' id='word_1_1009' title='bbox 140 3502 182 3534; x_wconf 85' lang='lat'><strong>26</strong></span> <span class='ocrx_word' id='word_1_1010' title='bbox 213 3496 236 3541; x_wconf 82' lang='grc' dir='ltr'><em>ἢ</em></span> <span class='ocrx_word' id='word_1_1011' title='bbox 267 3497 333 3532; x_wconf 89' lang='grc' dir='ltr'><strong>τὸν</strong></span> <span class='ocrx_word' id='word_1_1012' title='bbox 366 3494 527 3541; x_wconf 80' lang='grc' dir='ltr'><strong><em>ἀδελφὸν</em></strong></span> <span class='ocrx_word' id='word_1_1013' title='bbox 554 3494 679 3530; x_wconf 79' lang='grc' dir='ltr'><strong><em>αὐτῶν</em></strong></span> <span class='ocrx_word' id='word_1_1014' title='bbox 703 3510 763 3531; x_wconf 87' lang='lat' dir='ltr'><strong>om.</strong></span> <span class='ocrx_word' id='word_1_1015' title='bbox 787 3498 830 3538; x_wconf 92' lang='lat' dir='ltr'><strong>L,</strong></span> <span class='ocrx_word' id='word_1_1016' title='bbox 852 3495 977 3530; x_wconf 81' lang='grc' dir='ltr'><strong><em>αὐτῶν</em></strong></span> <span class='ocrx_word' id='word_1_1017' title='bbox 999 3510 1057 3531; x_wconf 90' lang='lat' dir='ltr'><strong>om.</strong></span> <span class='ocrx_word' id='word_1_1018' title='bbox 1083 3508 1103 3533; x_wconf 76' lang='grc' dir='ltr'><strong><em>ς</em></strong></span> <span class='ocrx_word' id='word_1_1019' title='bbox 1128 3496 1141 3541; x_wconf 93' lang='grc'><strong>11</strong></span> <span class='ocrx_word' id='word_1_1020' title='bbox 1172 3498 1212 3531; x_wconf 82' lang='lat'><strong>27</strong></span> <span class='ocrx_word' id='word_1_1021' title='bbox 1310 3498 1352 3530; x_wconf 83' lang='lat'><strong>27</strong></span> <span class='ocrx_word' id='word_1_1022' title='bbox 1377 3497 1413 3529; x_wconf 88' lang='lat' dir='ltr'><strong>in</strong></span> <span class='ocrx_word' id='word_1_1023' title='bbox 1431 3498 1574 3541; x_wconf 77' lang='lat' dir='ltr'><strong>Tvuly.]</strong></span> <span class='ocrx_word' id='word_1_1024' title='bbox 1592 3510 1650 3533; x_wconf 86' lang='lat' dir='ltr'><strong>om.</strong></span> <span class='ocrx_word' id='word_1_1025' title='bbox 1669 3499 1768 3543; x_wconf 80' lang='lat' dir='ltr'><strong>RVn</strong></span> <span class='ocrx_word' id='word_1_1026' title='bbox 1785 3499 1904 3541; x_wconf 90' lang='lat' dir='ltr'><strong>*usus]</strong></span> <span class='ocrx_word' id='word_1_1027' title='bbox 1928 3500 2076 3534; x_wconf 85' lang='lat' dir='ltr'><strong>huiusR</strong></span> <span class='ocrx_word' id='word_1_1028' title='bbox 2099 3502 2358 3537; x_wconf 77' lang='lat' dir='ltr'><strong>huiusmodiT¹</strong></span> 
     </span>
     <span class='ocr_line' id='line_1_106' title="bbox 138 3539 2359 3594; baseline 0.002 -16"><span class='ocrx_word' id='word_1_1029' title='bbox 138 3542 352 3586; x_wconf 84' lang='grc' dir='ltr'><strong><em>παντελῆ-</em></strong></span> <span class='ocrx_word' id='word_1_1030' title='bbox 368 3539 643 3586; x_wconf 76' lang='grc' dir='ltr'><strong><em>ὑπομενόντων]</em></strong></span> <span class='ocrx_word' id='word_1_1031' title='bbox 675 3542 766 3575; x_wconf 89' lang='lat' dir='ltr'><strong>omni</strong></span> <span class='ocrx_word' id='word_1_1032' title='bbox 796 3553 852 3575; x_wconf 89' lang='lat' dir='ltr'><strong>eos</strong></span> <span class='ocrx_word' id='word_1_1033' title='bbox 882 3542 1133 3575; x_wconf 85' lang='lat' dir='ltr'><strong>fideieommisso</strong></span> <span class='ocrx_word' id='word_1_1034' title='bbox 1162 3552 1215 3574; x_wconf 81' lang='lat' dir='ltr'><strong>oa·</strong></span> <span class='ocrx_word' id='word_1_1035' title='bbox 1282 3551 1363 3575; x_wconf 89' lang='lat' dir='ltr'><strong>usus</strong></span> <span class='ocrx_word' id='word_1_1036' title='bbox 1387 3543 1438 3575; x_wconf 86' lang='lat' dir='ltr'><strong>est</strong></span> <span class='ocrx_word' id='word_1_1037' title='bbox 1460 3542 1653 3575; x_wconf 86' lang='lat' dir='ltr'><strong>huiusmodi</strong></span> <span class='ocrx_word' id='word_1_1038' title='bbox 1674 3542 1723 3577; x_wconf 69' lang='grc' dir='ltr'><strong>Τ2</strong></span> <span class='ocrx_word' id='word_1_1039' title='bbox 1746 3544 1799 3576; x_wconf 85' lang='lat' dir='ltr'><strong>his</strong></span> <span class='ocrx_word' id='word_1_1040' title='bbox 1822 3546 1872 3578; x_wconf 89' lang='lat' dir='ltr'><strong>est</strong></span> <span class='ocrx_word' id='word_1_1041' title='bbox 1894 3555 1974 3579; x_wconf 87' lang='lat' dir='ltr'><strong>usus</strong></span> <span class='ocrx_word' id='word_1_1042' title='bbox 1994 3546 2027 3579; x_wconf 92' lang='lat' dir='ltr'><strong><em>V</em></strong></span> <span class='ocrx_word' id='word_1_1043' title='bbox 2044 3546 2057 3590; x_wconf 89' lang='grc'><strong>11</strong></span> <span class='ocrx_word' id='word_1_1044' title='bbox 2083 3547 2126 3582; x_wconf 88' lang='grc'><strong>28</strong></span> <span class='ocrx_word' id='word_1_1045' title='bbox 2149 3547 2249 3580; x_wconf 79' lang='lat' dir='ltr'><strong>factio</strong></span> <span class='ocrx_word' id='word_1_1046' title='bbox 2272 3547 2322 3582; x_wconf 88' lang='lat' dir='ltr'><strong>V¹</strong></span> <span class='ocrx_word' id='word_1_1047' title='bbox 2346 3547 2359 3594; x_wconf 88' lang='grc'><strong>11</strong></span> 
     </span>
     <span class='ocr_line' id='line_1_107' title="bbox 139 3583 2357 3636; baseline 0.002 -16"><span class='ocrx_word' id='word_1_1048' title='bbox 139 3590 216 3622; x_wconf 85' lang='lat' dir='ltr'><strong>dere</strong></span> <span class='ocrx_word' id='word_1_1049' title='bbox 238 3600 258 3624; x_wconf 80' lang='grc' dir='ltr'><strong><em>ς</em></strong></span> <span class='ocrx_word' id='word_1_1050' title='bbox 287 3588 299 3632; x_wconf 92' lang='grc'><strong>11</strong></span> <span class='ocrx_word' id='word_1_1051' title='bbox 325 3589 367 3622; x_wconf 89' lang='grc'><strong>28</strong></span> <span class='ocrx_word' id='word_1_1052' title='bbox 400 3587 632 3620; x_wconf 86' lang='lat' dir='ltr'><strong>fidicommissu</strong></span> <span class='ocrx_word' id='word_1_1053' title='bbox 656 3588 699 3621; x_wconf 90' lang='lat' dir='ltr'><em>M</em></span> <span class='ocrx_word' id='word_1_1054' title='bbox 731 3584 976 3632; x_wconf 85' lang='grc' dir='ltr'><strong><em>φειδικομίσον</em></strong></span> <span class='ocrx_word' id='word_1_1055' title='bbox 1000 3587 1032 3620; x_wconf 88' lang='lat' dir='ltr'><em>L</em></span> <span class='ocrx_word' id='word_1_1056' title='bbox 1102 3588 1145 3620; x_wconf 84' lang='lat'><strong>30</strong></span> <span class='ocrx_word' id='word_1_1057' title='bbox 1177 3583 1218 3619; x_wconf 73' lang='grc' dir='ltr'><strong>δὲ</strong></span> <span class='ocrx_word' id='word_1_1058' title='bbox 1284 3589 1325 3621; x_wconf 91' lang='grc'><strong>29</strong></span> <span class='ocrx_word' id='word_1_1059' title='bbox 1350 3586 1429 3619; x_wconf 85' lang='lat' dir='ltr'><strong>feeit</strong></span> <span class='ocrx_word' id='word_1_1060' title='bbox 1449 3587 1483 3620; x_wconf 91' lang='lat' dir='ltr'><strong><em>V</em></strong></span> <span class='ocrx_word' id='word_1_1061' title='bbox 1501 3586 1514 3631; x_wconf 92' lang='grc'><strong>11</strong></span> <span class='ocrx_word' id='word_1_1062' title='bbox 1537 3588 1581 3621; x_wconf 91' lang='grc'><strong>30</strong></span> <span class='ocrx_word' id='word_1_1063' title='bbox 1610 3590 1644 3621; x_wconf 84' lang='lat' dir='ltr'><strong>et</strong></span> <span class='ocrx_word' id='word_1_1064' title='bbox 1671 3588 1750 3621; x_wconf 90' lang='lat' dir='ltr'><strong>uolo</strong></span> <span class='ocrx_word' id='word_1_1065' title='bbox 1771 3589 1817 3630; x_wconf 93' lang='lat' dir='ltr'><strong>V]</strong></span> <span class='ocrx_word' id='word_1_1066' title='bbox 1839 3589 1916 3623; x_wconf 88' lang='lat' dir='ltr'><strong>uolo</strong></span> <span class='ocrx_word' id='word_1_1067' title='bbox 1939 3590 2010 3624; x_wconf 77' lang='grc' dir='ltr'><strong>ΕΤ</strong></span> <span class='ocrx_word' id='word_1_1068' title='bbox 2027 3592 2114 3635; x_wconf 75' lang='lat' dir='ltr'><strong>vulq.</strong></span> <span class='ocrx_word' id='word_1_1069' title='bbox 2137 3591 2150 3636; x_wconf 93' lang='grc'><strong>11</strong></span> <span class='ocrx_word' id='word_1_1070' title='bbox 2177 3594 2218 3627; x_wconf 88' lang='grc'>31</span> <span class='ocrx_word' id='word_1_1071' title='bbox 2244 3593 2357 3626; x_wconf 86' lang='lat' dir='ltr'><strong>eodem</strong></span> 
     </span>
     <span class='ocr_line' id='line_1_108' title="bbox 138 3628 2355 3682; baseline 0.001 -14"><span class='ocrx_word' id='word_1_1072' title='bbox 138 3636 211 3675; x_wconf 86' lang='grc' dir='ltr'><strong><em>καὶ]</em></strong></span> <span class='ocrx_word' id='word_1_1073' title='bbox 235 3635 295 3666; x_wconf 78' lang='grc' dir='ltr'><strong>καὶ</strong></span> <span class='ocrx_word' id='word_1_1074' title='bbox 319 3646 377 3667; x_wconf 86' lang='lat' dir='ltr'><strong>om.</strong></span> <span class='ocrx_word' id='word_1_1075' title='bbox 403 3634 433 3666; x_wconf 92' lang='lat' dir='ltr'><em>L</em></span> <span class='ocrx_word' id='word_1_1076' title='bbox 454 3631 467 3677; x_wconf 92' lang='grc'><strong>11</strong></span> <span class='ocrx_word' id='word_1_1077' title='bbox 490 3628 705 3665; x_wconf 86' lang='grc' dir='ltr'><strong><em>κωδίκελλον</em></strong></span> <span class='ocrx_word' id='word_1_1078' title='bbox 729 3634 759 3666; x_wconf 91' lang='lat' dir='ltr'><em>L</em></span> <span class='ocrx_word' id='word_1_1079' title='bbox 781 3633 824 3675; x_wconf 83' lang='lat' dir='ltr'><strong>(et</strong></span> <span class='ocrx_word' id='word_1_1080' title='bbox 846 3634 892 3666; x_wconf 74' lang='lat' dir='ltr'><strong>sic</strong></span> <span class='ocrx_word' id='word_1_1081' title='bbox 912 3632 1053 3675; x_wconf 80' lang='lat' dir='ltr'><strong>saepius)</strong></span> <span class='ocrx_word' id='word_1_1082' title='bbox 1076 3631 1082 3677; x_wconf 98' lang='grc'>1</span> <span class='ocrx_word' id='word_1_1083' title='bbox 1101 3632 1142 3666; x_wconf 80' lang='grc'><strong>37</strong></span> <span class='ocrx_word' id='word_1_1084' title='bbox 1162 3629 1215 3666; x_wconf 84' lang='grc' dir='ltr'><strong>λε·</strong></span> <span class='ocrx_word' id='word_1_1085' title='bbox 1282 3632 1380 3675; x_wconf 79' lang='lat' dir='ltr'><strong>vul9.]</strong></span> <span class='ocrx_word' id='word_1_1086' title='bbox 1406 3631 1510 3664; x_wconf 86' lang='lat' dir='ltr'><strong>eidem</strong></span> <span class='ocrx_word' id='word_1_1087' title='bbox 1527 3631 1717 3677; x_wconf 71' lang='lat' dir='ltr'><strong><em>RVT1132</em></strong></span> <span class='ocrx_word' id='word_1_1088' title='bbox 1741 3634 1877 3666; x_wconf 82' lang='lat' dir='ltr'><strong>omnino</strong></span> <span class='ocrx_word' id='word_1_1089' title='bbox 1896 3635 2011 3678; x_wconf 87' lang='grc' dir='ltr'>Τ1133</span> <span class='ocrx_word' id='word_1_1090' title='bbox 2034 3636 2191 3680; x_wconf 87' lang='lat' dir='ltr'><strong>permitto</strong></span> <span class='ocrx_word' id='word_1_1091' title='bbox 2214 3637 2276 3682; x_wconf 77' lang='lat' dir='ltr'><strong>Rss</strong></span> <span class='ocrx_word' id='word_1_1092' title='bbox 2293 3637 2355 3671; x_wconf 80' lang='lat' dir='ltr'><strong>ali-</strong></span> 
     </span>
     <span class='ocr_line' id='line_1_109' title="bbox 138 3676 2030 3726; baseline 0.001 -15"><span class='ocrx_word' id='word_1_1093' title='bbox 138 3676 262 3726; x_wconf 85' lang='grc' dir='ltr'><strong><em>γάτων</em></strong></span> <span class='ocrx_word' id='word_1_1094' title='bbox 287 3679 329 3711; x_wconf 91' lang='grc' dir='ltr'><strong>Μ</strong></span> <span class='ocrx_word' id='word_1_1095' title='bbox 1283 3678 1359 3719; x_wconf 82' lang='lat' dir='ltr'><strong>qua]</strong></span> <span class='ocrx_word' id='word_1_1096' title='bbox 1380 3678 1439 3709; x_wconf 82' lang='lat' dir='ltr'><strong>aut</strong></span> <span class='ocrx_word' id='word_1_1097' title='bbox 1461 3676 1510 3710; x_wconf 62' lang='lat'><strong>13¹</strong></span> <span class='ocrx_word' id='word_1_1098' title='bbox 1530 3679 1607 3711; x_wconf 84' lang='lat' dir='ltr'><strong>ante</strong></span> <span class='ocrx_word' id='word_1_1099' title='bbox 1629 3678 1768 3723; x_wconf 74' lang='lat' dir='ltr'><strong>R21134</strong></span> <span class='ocrx_word' id='word_1_1100' title='bbox 1791 3679 1891 3721; x_wconf 90' lang='lat' dir='ltr'><strong>quod]</strong></span> <span class='ocrx_word' id='word_1_1101' title='bbox 1916 3680 1975 3722; x_wconf 88' lang='lat' dir='ltr'><strong>qui</strong></span> <span class='ocrx_word' id='word_1_1102' title='bbox 1997 3681 2030 3714; x_wconf 78' lang='lat' dir='ltr'><strong><em>R</em></strong></span> 
     </span>
    </p>
   </div>
   <div class='ocr_carea' id='block_1_34' title="bbox 207 3733 2085 3772">
    <p class='ocr_par' dir='ltr' id='par_1_34' title="bbox 207 3733 2085 3772">
     <span class='ocr_line' id='line_1_110' title="bbox 207 3733 2085 3772; baseline 0.006 -12"><span class='ocrx_word' id='word_1_1103' title='bbox 207 3733 258 3761; x_wconf 86' lang='lat'><em>111.</em></span> <span class='ocrx_word' id='word_1_1104' title='bbox 2043 3738 2085 3772; x_wconf 77' lang='grc'><strong>93</strong></span> 
     </span>
    </p>
   </div>
   <div class='ocr_carea' id='block_1_35' title="bbox 1280 2951 2366 3410">
    <p class='ocr_par' dir='ltr' id='par_1_35' title="bbox 1280 2951 2366 3410">
     <span class='ocr_line' id='line_1_111' title="bbox 1329 2951 2359 3009; baseline 0.006 -16"><span class='ocrx_word' id='word_1_1105' title='bbox 1329 2963 1344 2994; x_wconf 89' lang='grc'>1</span> <span class='ocrx_word' id='word_1_1106' title='bbox 1372 2962 1686 2995; x_wconf 83' lang='lat' dir='ltr'><strong>eommutuationem</strong></span> <span class='ocrx_word' id='word_1_1107' title='bbox 1712 2963 1745 2996; x_wconf 83' lang='lat' dir='ltr'><em>T</em></span> <span class='ocrx_word' id='word_1_1108' title='bbox 1769 2951 1807 2974; x_wconf 78' lang='lat'><strong>⁰⁰</strong></span> <span class='ocrx_word' id='word_1_1109' title='bbox 1821 2966 1915 2997; x_wconf 88' lang='lat' dir='ltr'><strong>muta</strong></span> <span class='ocrx_word' id='word_1_1110' title='bbox 1938 2965 2028 2997; x_wconf 85' lang='lat' dir='ltr'><strong>tione</strong></span> <span class='ocrx_word' id='word_1_1111' title='bbox 2053 2967 2124 3007; x_wconf 80' lang='lat' dir='ltr'><strong>(sic)</strong></span> <span class='ocrx_word' id='word_1_1112' title='bbox 2146 2964 2202 3009; x_wconf 76' lang='lat' dir='ltr'><strong>Vl}</strong></span> <span class='ocrx_word' id='word_1_1113' title='bbox 2219 2967 2239 2999; x_wconf 92' lang='grc'>2</span> <span class='ocrx_word' id='word_1_1114' title='bbox 2263 2967 2359 2999; x_wconf 87' lang='lat' dir='ltr'><strong>modo</strong></span> 
     </span>
     <span class='ocr_line' id='line_1_112' title="bbox 1282 3005 2357 3054; baseline 0.007 -17"><span class='ocrx_word' id='word_1_1115' title='bbox 1282 3016 1339 3038; x_wconf 87' lang='lat' dir='ltr'><strong>om.</strong></span> <span class='ocrx_word' id='word_1_1116' title='bbox 1365 3006 1433 3038; x_wconf 73' lang='grc' dir='ltr'><strong>ΒΤ</strong></span> <span class='ocrx_word' id='word_1_1117' title='bbox 1445 3005 1457 3050; x_wconf 93' lang='grc'><strong>11</strong></span> <span class='ocrx_word' id='word_1_1118' title='bbox 1476 3006 1578 3039; x_wconf 80' lang='lat' dir='ltr'><strong>eutici</strong></span> <span class='ocrx_word' id='word_1_1119' title='bbox 1601 3007 1658 3047; x_wconf 80' lang='lat' dir='ltr'><strong>R,·</strong></span> <span class='ocrx_word' id='word_1_1120' title='bbox 1677 3008 1737 3051; x_wconf 74' lang='lat' dir='ltr'><strong>leq.</strong></span> <span class='ocrx_word' id='word_1_1121' title='bbox 1762 3008 1892 3041; x_wconf 77' lang='lat' dir='ltr'><strong>eicere?</strong></span> <span class='ocrx_word' id='word_1_1122' title='bbox 1915 3008 1927 3052; x_wconf 93' lang='grc'><strong>11</strong></span> <span class='ocrx_word' id='word_1_1123' title='bbox 1953 3008 2095 3042; x_wconf 83' lang='lat' dir='ltr'><strong>alienari</strong></span> <span class='ocrx_word' id='word_1_1124' title='bbox 2120 3010 2167 3043; x_wconf 75' lang='lat' dir='ltr'><strong>Ta</strong></span> <span class='ocrx_word' id='word_1_1125' title='bbox 2190 3011 2276 3054; x_wconf 75' lang='lat' dir='ltr'><strong>vulq.</strong></span> <span class='ocrx_word' id='word_1_1126' title='bbox 2298 3010 2310 3053; x_wconf 90' lang='grc'><strong>11</strong></span> <span class='ocrx_word' id='word_1_1127' title='bbox 2337 3012 2357 3045; x_wconf 86' lang='grc'><strong>3</strong></span> 
     </span>
     <span class='ocr_line' id='line_1_113' title="bbox 1281 3050 2356 3097; baseline 0.006 -16"><span class='ocrx_word' id='word_1_1128' title='bbox 1281 3050 1508 3092; x_wconf 84' lang='lat' dir='ltr'><strong>superscripta</strong></span> <span class='ocrx_word' id='word_1_1129' title='bbox 1530 3051 1564 3084; x_wconf 87' lang='lat' dir='ltr'><em>R</em></span> <span class='ocrx_word' id='word_1_1130' title='bbox 1587 3051 1748 3093; x_wconf 87' lang='lat' dir='ltr'><strong>(quinque</strong></span> <span class='ocrx_word' id='word_1_1131' title='bbox 1773 3054 1849 3086; x_wconf 80' lang='lat' dir='ltr'><strong>add.</strong></span> <span class='ocrx_word' id='word_1_1132' title='bbox 1875 3053 1981 3095; x_wconf 84' lang='lat' dir='ltr'><strong>Beck)</strong></span> <span class='ocrx_word' id='word_1_1133' title='bbox 1998 3053 2011 3096; x_wconf 94' lang='grc'><strong>11</strong></span> <span class='ocrx_word' id='word_1_1134' title='bbox 2028 3055 2049 3087; x_wconf 87' lang='grc'>4</span> <span class='ocrx_word' id='word_1_1135' title='bbox 2072 3054 2232 3095; x_wconf 85' lang='lat' dir='ltr'><strong>*quidem</strong></span> <span class='ocrx_word' id='word_1_1136' title='bbox 2256 3055 2356 3097; x_wconf 87' lang='lat' dir='ltr'><strong>quod]</strong></span> 
     </span>
     <span class='ocr_line' id='line_1_114' title="bbox 1282 3094 2359 3142; baseline 0.006 -17"><span class='ocrx_word' id='word_1_1137' title='bbox 1282 3094 1415 3135; x_wconf 86' lang='lat' dir='ltr'><strong>quidem</strong></span> <span class='ocrx_word' id='word_1_1138' title='bbox 1439 3097 1517 3129; x_wconf 82' lang='lat' dir='ltr'><strong>libri</strong></span> <span class='ocrx_word' id='word_1_1139' title='bbox 1538 3096 1627 3137; x_wconf 84' lang='lat' dir='ltr'><strong>quod</strong></span> <span class='ocrx_word' id='word_1_1140' title='bbox 1651 3099 1735 3140; x_wconf 79' lang='lat' dir='ltr'><strong>vuly.</strong></span> <span class='ocrx_word' id='word_1_1141' title='bbox 1759 3095 1772 3140; x_wconf 90' lang='grc'><strong>11</strong></span> <span class='ocrx_word' id='word_1_1142' title='bbox 1797 3098 1817 3131; x_wconf 82' lang='grc'><strong>5</strong></span> <span class='ocrx_word' id='word_1_1143' title='bbox 1842 3098 1889 3130; x_wconf 85' lang='lat' dir='ltr'><strong>eis</strong></span> <span class='ocrx_word' id='word_1_1144' title='bbox 1912 3099 2011 3141; x_wconf 59' lang='lat' dir='ltr'><strong>vulq]</strong></span> <span class='ocrx_word' id='word_1_1145' title='bbox 2036 3098 2108 3131; x_wconf 85' lang='lat' dir='ltr'><strong>eius</strong></span> <span class='ocrx_word' id='word_1_1146' title='bbox 2131 3098 2239 3133; x_wconf 78' lang='lat' dir='ltr'><strong>RVT</strong></span> <span class='ocrx_word' id='word_1_1147' title='bbox 2249 3099 2262 3142; x_wconf 94' lang='grc'><strong>11</strong></span> <span class='ocrx_word' id='word_1_1148' title='bbox 2279 3099 2359 3132; x_wconf 89' lang='lat' dir='ltr'><strong>filiis</strong></span> 
     </span>
     <span class='ocr_line' id='line_1_115' title="bbox 1282 3138 2357 3188; baseline 0.007 -18"><span class='ocrx_word' id='word_1_1149' title='bbox 1282 3140 1327 3179; x_wconf 89' lang='lat' dir='ltr'><strong>et]</strong></span> <span class='ocrx_word' id='word_1_1150' title='bbox 1351 3138 1431 3172; x_wconf 84' lang='lat' dir='ltr'><strong>filiis</strong></span> <span class='ocrx_word' id='word_1_1151' title='bbox 1455 3142 1514 3172; x_wconf 87' lang='lat' dir='ltr'><strong>aut</strong></span> <span class='ocrx_word' id='word_1_1152' title='bbox 1539 3141 1632 3173; x_wconf 86' lang='lat' dir='ltr'><strong>Beck</strong></span> <span class='ocrx_word' id='word_1_1153' title='bbox 1648 3139 1660 3184; x_wconf 90' lang='grc'><strong>11</strong></span> <span class='ocrx_word' id='word_1_1154' title='bbox 1679 3142 1700 3175; x_wconf 89' lang='grc'><strong>6</strong></span> <span class='ocrx_word' id='word_1_1155' title='bbox 1724 3141 1874 3174; x_wconf 83' lang='lat' dir='ltr'><strong>defuncti</strong></span> <span class='ocrx_word' id='word_1_1156' title='bbox 1894 3142 1941 3183; x_wconf 88' lang='lat' dir='ltr'><strong>V]</strong></span> <span class='ocrx_word' id='word_1_1157' title='bbox 1966 3143 1995 3175; x_wconf 88' lang='lat' dir='ltr'><strong>si</strong></span> <span class='ocrx_word' id='word_1_1158' title='bbox 2020 3143 2170 3176; x_wconf 74' lang='lat' dir='ltr'><strong>defuncti</strong></span> <span class='ocrx_word' id='word_1_1159' title='bbox 2190 3143 2357 3188; x_wconf 75' lang='lat' dir='ltr'><strong>RTvulq.</strong></span> 
     </span>
     <span class='ocr_line' id='line_1_116' title="bbox 1280 3183 2366 3230; baseline 0.007 -15"><span class='ocrx_word' id='word_1_1160' title='bbox 1280 3183 1292 3225; x_wconf 89' lang='grc'><strong>11</strong></span> <span class='ocrx_word' id='word_1_1161' title='bbox 1307 3185 1386 3216; x_wconf 82' lang='lat' dir='ltr'><strong>sunt</strong></span> <span class='ocrx_word' id='word_1_1162' title='bbox 1409 3184 1442 3216; x_wconf 90' lang='lat' dir='ltr'><strong><em>R</em></strong></span> <span class='ocrx_word' id='word_1_1163' title='bbox 1457 3183 1470 3227; x_wconf 94' lang='grc'><strong>11</strong></span> <span class='ocrx_word' id='word_1_1164' title='bbox 1490 3187 1508 3218; x_wconf 81' lang='grc'>7</span> <span class='ocrx_word' id='word_1_1165' title='bbox 1533 3185 1634 3226; x_wconf 83' lang='lat' dir='ltr'><strong>quod]</strong></span> <span class='ocrx_word' id='word_1_1166' title='bbox 1659 3187 1692 3218; x_wconf 85' lang='lat' dir='ltr'><strong>et</strong></span> <span class='ocrx_word' id='word_1_1167' title='bbox 1715 3186 1804 3227; x_wconf 87' lang='lat' dir='ltr'><strong>quod</strong></span> <span class='ocrx_word' id='word_1_1168' title='bbox 1826 3186 1884 3228; x_wconf 71' lang='lat' dir='ltr'><strong>Vll</strong></span> <span class='ocrx_word' id='word_1_1169' title='bbox 1907 3186 2041 3220; x_wconf 88' lang='lat' dir='ltr'><strong>domum</strong></span> <span class='ocrx_word' id='word_1_1170' title='bbox 2063 3188 2097 3221; x_wconf 87' lang='lat' dir='ltr'><em>R</em></span> <span class='ocrx_word' id='word_1_1171' title='bbox 2115 3188 2164 3230; x_wconf 92' lang='grc'><strong>118</strong></span> <span class='ocrx_word' id='word_1_1172' title='bbox 2189 3188 2225 3221; x_wconf 88' lang='lat' dir='ltr'><strong>in</strong></span> <span class='ocrx_word' id='word_1_1173' title='bbox 2249 3201 2307 3222; x_wconf 86' lang='lat' dir='ltr'><strong>om.</strong></span> <span class='ocrx_word' id='word_1_1174' title='bbox 2331 3189 2366 3223; x_wconf 93' lang='lat' dir='ltr'><strong><em>V</em></strong></span> 
     </span>
     <span class='ocr_line' id='line_1_117' title="bbox 1281 3227 2360 3279; baseline 0.007 -19"><span class='ocrx_word' id='word_1_1175' title='bbox 1281 3227 1292 3270; x_wconf 90' lang='grc'><strong>11</strong></span> <span class='ocrx_word' id='word_1_1176' title='bbox 1315 3228 1533 3262; x_wconf 80' lang='lat' dir='ltr'><strong>aditientibus</strong></span> <span class='ocrx_word' id='word_1_1177' title='bbox 1559 3230 1611 3262; x_wconf 86' lang='lat' dir='ltr'><strong>T¹</strong></span> <span class='ocrx_word' id='word_1_1178' title='bbox 1638 3229 1651 3274; x_wconf 92' lang='grc'><strong>11</strong></span> <span class='ocrx_word' id='word_1_1179' title='bbox 1679 3231 1771 3272; x_wconf 86' lang='lat' dir='ltr'><strong>regie</strong></span> <span class='ocrx_word' id='word_1_1180' title='bbox 1801 3231 1950 3264; x_wconf 82' lang='lat' dir='ltr'><strong>ciuitatis</strong></span> <span class='ocrx_word' id='word_1_1181' title='bbox 1977 3233 2008 3264; x_wconf 92' lang='lat' dir='ltr'><strong><em>V</em></strong></span> <span class='ocrx_word' id='word_1_1182' title='bbox 2026 3232 2159 3266; x_wconf 83' lang='lat' dir='ltr'><strong>ciuitati</strong></span> <span class='ocrx_word' id='word_1_1183' title='bbox 2182 3233 2271 3275; x_wconf 87' lang='lat' dir='ltr'><strong>regie</strong></span> <span class='ocrx_word' id='word_1_1184' title='bbox 2298 3235 2330 3268; x_wconf 88' lang='lat' dir='ltr'><strong><em>T</em></strong></span> <span class='ocrx_word' id='word_1_1185' title='bbox 2346 3233 2360 3279; x_wconf 93' lang='grc'><strong>11</strong></span> 
     </span>
     <span class='ocr_line' id='line_1_118' title="bbox 1282 3273 2357 3323; baseline 0.007 -18"><span class='ocrx_word' id='word_1_1186' title='bbox 1282 3273 1462 3306; x_wconf 81' lang='lat' dir='ltr'><strong>Antiochia</strong></span> <span class='ocrx_word' id='word_1_1187' title='bbox 1484 3274 1569 3318; x_wconf 77' lang='lat' dir='ltr'><strong>vulq.</strong></span> <span class='ocrx_word' id='word_1_1188' title='bbox 1589 3274 1637 3317; x_wconf 89' lang='grc'><strong>119</strong></span> <span class='ocrx_word' id='word_1_1189' title='bbox 1662 3275 1759 3316; x_wconf 84' lang='lat' dir='ltr'><strong>*aut]</strong></span> <span class='ocrx_word' id='word_1_1190' title='bbox 1783 3285 1822 3308; x_wconf 86' lang='lat' dir='ltr'><strong>ao</strong></span> <span class='ocrx_word' id='word_1_1191' title='bbox 1843 3277 1919 3310; x_wconf 79' lang='lat' dir='ltr'><strong>libri</strong></span> <span class='ocrx_word' id='word_1_1192' title='bbox 1933 3279 1946 3320; x_wconf 90' lang='grc'><strong>11</strong></span> <span class='ocrx_word' id='word_1_1193' title='bbox 1975 3278 2015 3311; x_wconf 86' lang='grc'>12</span> <span class='ocrx_word' id='word_1_1194' title='bbox 2039 3278 2110 3310; x_wconf 88' lang='lat' dir='ltr'><strong>sine</strong></span> <span class='ocrx_word' id='word_1_1195' title='bbox 2134 3290 2192 3311; x_wconf 84' lang='lat' dir='ltr'><strong>om.</strong></span> <span class='ocrx_word' id='word_1_1196' title='bbox 2218 3278 2296 3323; x_wconf 63' lang='lat'><strong>13¹1</strong></span> <span class='ocrx_word' id='word_1_1197' title='bbox 2317 3280 2357 3313; x_wconf 80' lang='lat'><strong>15</strong></span> 
     </span>
     <span class='ocr_line' id='line_1_119' title="bbox 1282 3317 2359 3369; baseline 0.007 -20"><span class='ocrx_word' id='word_1_1198' title='bbox 1282 3317 1390 3350; x_wconf 79' lang='lat' dir='ltr'><strong>futuri</strong></span> <span class='ocrx_word' id='word_1_1199' title='bbox 1413 3329 1472 3351; x_wconf 88' lang='lat' dir='ltr'><strong>om.</strong></span> <span class='ocrx_word' id='word_1_1200' title='bbox 1496 3319 1583 3363; x_wconf 75' lang='lat' dir='ltr'><strong>vuly.</strong></span> <span class='ocrx_word' id='word_1_1201' title='bbox 1602 3318 1614 3362; x_wconf 90' lang='grc'><strong>11</strong></span> <span class='ocrx_word' id='word_1_1202' title='bbox 1634 3320 1675 3353; x_wconf 90' lang='grc'>16</span> <span class='ocrx_word' id='word_1_1203' title='bbox 1702 3320 1942 3363; x_wconf 78' lang='lat' dir='ltr'><strong>suprascriptos</strong></span> <span class='ocrx_word' id='word_1_1204' title='bbox 1961 3322 2014 3355; x_wconf 80' lang='lat' dir='ltr'><strong>V⁰</strong></span> <span class='ocrx_word' id='word_1_1205' title='bbox 2033 3322 2273 3365; x_wconf 85' lang='lat' dir='ltr'><strong>superscriptos</strong></span> <span class='ocrx_word' id='word_1_1206' title='bbox 2297 3323 2329 3357; x_wconf 87' lang='lat' dir='ltr'><strong><em>R</em></strong></span> <span class='ocrx_word' id='word_1_1207' title='bbox 2345 3322 2359 3369; x_wconf 92' lang='grc'><strong>11</strong></span> 
     </span>
     <span class='ocr_line' id='line_1_120' title="bbox 1286 3362 2311 3410; baseline 0.007 -15"><span class='ocrx_word' id='word_1_1208' title='bbox 1286 3364 1323 3396; x_wconf 85' lang='grc'>17</span> <span class='ocrx_word' id='word_1_1209' title='bbox 1350 3362 1551 3396; x_wconf 81' lang='lat' dir='ltr'><strong>antiochiam</strong></span> <span class='ocrx_word' id='word_1_1210' title='bbox 1573 3363 1648 3405; x_wconf 85' lang='lat' dir='ltr'><strong>VT]</strong></span> <span class='ocrx_word' id='word_1_1211' title='bbox 1674 3365 1854 3398; x_wconf 79' lang='lat' dir='ltr'><strong>Antiochia</strong></span> <span class='ocrx_word' id='word_1_1212' title='bbox 1876 3366 1910 3398; x_wconf 81' lang='lat' dir='ltr'><strong>R.</strong></span> <span class='ocrx_word' id='word_1_1213' title='bbox 1933 3367 2019 3410; x_wconf 77' lang='lat' dir='ltr'><strong>vulq.</strong></span> <span class='ocrx_word' id='word_1_1214' title='bbox 2043 3367 2055 3409; x_wconf 91' lang='grc'><strong>11</strong></span> <span class='ocrx_word' id='word_1_1215' title='bbox 2302 3368 2311 3375; x_wconf 85' lang='grc'><strong>“</strong></span> 
     </span>
    </p>
   </div>
   <div class='ocr_carea' id='block_1_36' title="bbox 135 3277 142 3365">
    <p class='ocr_par' dir='ltr' id='par_1_36' title="bbox 135 3277 142 3365">
     <span class='ocr_line' id='line_1_121' title="bbox 135 3277 142 3365; baseline 0 657"><span class='ocrx_word' id='word_1_1216' title='bbox 135 3277 142 3365; x_wconf 95' lang='lat' dir='ltr'><strong> </strong></span> 
     </span>
    </p>
   </div>
  </div>
 </body>
</html>
