2618 4010
119 137 418 181 armciuuruss
446 137 518 170 sm

120 237 212 271 κατὰ
240 238 370 283 μικρὸν
401 241 460 271 καὶ
489 237 536 271 εἰς
567 237 732 284 ἐκγόνους
761 239 953 285 προῆλθον
982 239 1022 273 αἱ
1043 240 1198 284 νομοθε-

121 287 214 324 ctat,
235 287 293 317 καὶ
314 281 436 325 ἐπειδὴ
458 286 517 316 καὶ
539 283 585 316 εἰς
606 283 688 317 τοὺς
709 281 894 330 ἡμετέρους
913 299 951 319 τε
971 289 1030 319 καὶ
1051 286 1097 319 εἰς
1116 284 1198 318 τους

118 330 233 373 μικρῷ
252 327 321 373 πρὸ
339 326 442 372 ἡμῶν
460 325 634 373 ἀφίκοντο
651 326 808 373 χρόνους,
831 330 968 373 πολλὴν
986 330 1028 364 τὸ
1049 331 1196 376 πρᾶγμα

120 374 188 415 τὴν
212 372 393 407 ποικιλίαν
417 371 571 413 ἐδέξατο.
620 378 679 407 καὶ
708 373 803 418 ἡμεῖς
826 376 895 422 γὰρ
920 375 1073 410 διπλοῦν
1097 377 1194 417 ἔσχο-

119 432 185 461 μεν
217 417 447 462 σπούδασμα,
485 417 636 452 πολλούς·
667 434 705 453 τε
738 422 784 453 εἰς
815 420 1023 466 ἐλευθερίαν
1048 418 1194 467 ἀγαγεῖν

120 461 338 508 ἀνθρώπους
369 465 406 496 ἐκ
430 464 492 505 τῆς
516 465 726 509 ἔμπροσθεν
751 464 908 500 δουλείας
939 468 977 499 ὲκ
1000 479 1038 499 τε
1063 465 1194 503 νόθων

120 510 165 542 tis
179 512 343 554 γνησίους
364 505 574 553 ἀναφέρειν
601 507 640 543 οὐ
658 510 726 555 γὰρ
750 512 802 553 τῷ
819 511 1064 556 τιμωρεῖσθαί
1079 523 1119 544 τε
1135 514 1194 543 καὶ

119 550 356 599 ἀπαγορεύειν
372 558 591 599 προςεκτέον,
616 552 705 588 ἄλλα
729 556 816 601 <τῷ>
840 557 881 590 τὸ
899 556 1036 600 κάμνον
1061 556 1193 589 ἰᾶσθαι

118 601 177 651 καὶ
196 597 350 651 δφεύγειν
382 601 448 643 μὲν
478 598 520 632 τὸ
546 599 659 633 κακὸν
683 598 857 646 εὑρίσκειν
889 600 927 634 δὲ
956 600 1195 642 πανταχόθεν

1181 124 1263 171 429

1834 130 1941 172 Nov.
1974 130 2197 172 LXXXIX
2220 143 2280 185 pr.
2317 133 2333 171 1

1267 241 1320 272 tes
1345 242 1597 282 processerunt
1622 239 1824 276 huiusmodi
1843 241 2098 285 legislationes,
2123 243 2158 275 et
2179 241 2342 284 quoniam

1266 283 1440 318 innostra
1464 287 1625 329 tempora
1648 290 1820 320 venerunt
1844 290 1879 320 et
1905 297 2026 321 eorum
2052 287 2113 330 qui
2137 286 2243 330 paulo
2260 291 2343 321 ante

1265 339 1330 362 nos
1352 329 1506 369 fuerunt,
1532 331 1677 364 multam
1699 331 1901 365 varietatem
1929 342 2038 366 causa
2058 332 2225 376 suscepit.
2266 331 2342 367 Nos

1264 374 1355 407 enim
1389 375 1521 419 duplex
1555 375 1743 410 habuimus
1775 377 1946 418 studium,
1981 377 2150 420 plurimos
2176 377 2210 411 in
2235 376 2340 412 liber-

1230 421 1371 453 5tatem
1396 420 1589 463 perducere
1620 421 1778 455 homines
1807 431 1850 455 ex
1882 422 2000 465 priore
2032 423 2202 457 servitute
2234 428 2269 456 et
2297 433 2340 456 ex

1263 465 1484 500 naturalibus
1515 466 1559 500 ad
1583 466 1758 509 legitimos
1783 466 1937 501 elevare:
1975 478 2047 501 non
2070 468 2162 502 enim
2192 467 2279 502 ultio
2305 470 2340 502 et

1262 509 1463 545 interdictio
1488 511 1709 555 respicienda
1734 514 1804 552 est,
1840 511 1901 546 sed
1927 513 2020 555 quod
2045 516 2099 546 est
2123 513 2159 546 in
2184 513 2338 548 necessi-

1262 558 1336 588 tate
1358 556 1554 590 curandum
1580 560 1650 598 est,
1685 560 1720 591 et
1743 556 1947 600 fugiendum
1973 557 2111 600 quidem
2144 558 2239 600 quod
2264 568 2338 592 ma-

1262 599 1333 633 lum
1359 603 1424 641 est,
1449 601 1696 636 inveniendum
1721 612 1802 636 vero
1827 602 1983 646 undique
2009 603 2101 645 quod
2126 603 2251 637 melius
2273 606 2337 637 est.

117 656 158 676 το
186 645 342 687 α’μεινον,
393 642 515 687 ἐπειδὴ
539 650 662 679 τοίνυν
686 647 769 680 τινὰ
792 649 859 691 μὲν
883 649 922 680 ἐν
945 648 997 689 τῷ
1018 647 1095 679 τῶν
1119 644 1194 679 δια·
1211 648 1250 679 10
1264 645 1353 689 Quia
1377 646 1483 689 igitur
1507 647 1628 698 al-iqua
1650 647 1790 691 quidem
1821 647 1858 681 ill
1884 647 2177 682 constitutionum
2206 648 2338 690 codice,

118 687 257 728 τοίξεων
280 688 424 732 βιβλίῳ,
457 687 547 735 ὅπερ
573 691 610 731 ἐξ
639 689 778 733 ἁπάσης
801 693 862 734 τῆς
886 691 1095 737 (ἔμπροσθεν
1118 692 1195 724 τῶν

117 733 387 775 βασιλευόντων
420 736 637 779 νομοθεσίας
664 734 898 781 ἠθροίσαμεν,
929 740 1010 780 περὶ
1034 737 1110 770 τῶν
1134 735 1194 769 νό-

119 779 203 812 θων
225 783 423 825 γέγραπται
449 780 605 823 παίδων,
628 782 709 815 τινὰ
736 781 775 815 δὲ
799 786 857 815 καὶ
882 784 921 816 ἐν
944 783 997 825 τῷ
1022 782 1098 815 τῶν
1118 783 1194 816 ἐπι-

117 823 267 868 τρόπων
290 825 477 879 γενόμενοι
492 825 601 878 ’λόγῳ
627 830 708 872 περὶ
733 826 875 861 τούτων
903 828 949 861 τὰ
980 829 1046 870 μὲν
1070 828 1193 879 ἐνομο-

1265 701 1368 734 quem
1389 701 1432 725 ex
1452 702 1547 725 omni
1568 692 1724 735 priorum
1748 692 2002 736 imperatorum
2027 693 2248 734 legislatione
2267 694 2337 727 col-

1262 736 1426 780 legimus,
1457 736 1500 771 de
1524 737 1746 772 naturalibus
1772 738 1906 781 scripta
1930 742 2013 772 sunt
2037 738 2134 779 filiis,
2167 738 2338 781 quaedam

1263 791 1345 816 vero
1369 782 1405 815 in
1430 782 1520 816 libro
1545 783 1791 817 institutorum
1822 783 1864 817 de
1889 783 1944 817 his
1969 786 2032 817 aut
2063 794 2127 817 nos
2154 783 2338 818 constitui-

1262 837 1339 861 mus
1364 829 1428 861 aut
1450 827 1521 861 iam
1544 827 1706 871 perfecta
1731 828 1975 872 comperimus,
2001 831 2035 863 et
2053 838 2118 862 nos
2139 829 2208 872 ipsi
2226 829 2339 872 pluri-

117 869 326 924 θετηραμεν
342 871 387 903 τὰ
406 869 444 903 δὲ
460 868 607 925 εὕρομεν
622 871 689 915 ἤδη
706 876 1000 918 κατειργασμένα,
1020 875 1080 905 καὶ
1096 875 1193 914 ημεῖς
1210 875 1249 906 15
1263 882 1337 906 mas
1362 872 1511 907 fecimus
1544 874 1588 907 de
1620 873 1675 907 his
1701 874 1989 916 constitutiones,
2023 873 2112 907 alias
2139 874 2279 916 quidem
2303 873 2339 907 in

117 912 156 947 δὲ
177 919 279 948 αυτοὶ
304 915 434 949 πολλὰς
459 918 711 961 ἑποιησαμεθα
736 921 817 962 περὶ
841 918 982 952 τούτων
1007 915 1192 958 διατάξεις,

116 958 176 993 τὰς
199 962 266 1002 μὲν
291 962 330 994 ἐν
354 963 406 1003 τῷ
432 963 508 996 τῶν
524 964 720 1007 εἰρημένων
744 960 968 1007 ἀθροίσματι
994 961 1193 1002 διατάξεων

117 1006 180 1038 τὰς
212 1005 339 1051 δεῖ-*καί
397 1005 451 1040 ετ’
488 1004 589 1049 αὐτό,
622 1008 681 1041 ἵνα
704 1007 751 1050 μὴ
783 1011 824 1041 τό
852 1010 1001 1055 πρᾶγμα
1025 1006 1193 1052 διεσπαρ-

116 1054 224 1093 μένον
250 1054 281 1097 ιἡ,
314 1021 428 1085 καλιαῖς
457 1055 551 1105 53*th
581 1050 756 1106 ‹ijfl’rygaev
789 1055 829 1086 ἑν
859 1055 924 1098 μιᾷ
957 1051 1118 1093 διατάξει
1149 1052 1191 1086 τὸ

151 1097 164 1102 ,
734 1097 741 1106 1

1262 917 1527 961 praedictarum
1552 918 1761 953 collectione
1787 919 2079 954 constitutionum
2105 919 2194 953 alias
2220 923 2339 953 autem

1262 963 1367 996 etiam
1392 967 1534 1006 postea:
1560 973 1604 998 ne
1632 973 1740 998 causa
1761 964 1921 1008 dispersa
1945 964 2007 1005 sit,
2033 964 2122 998 bene
2146 974 2184 998 se
2207 964 2340 998 habere

1263 1008 1475 1042 credidimus
1493 1008 1529 1043 in
1549 1019 1620 1042 una
1643 1009 1894 1044 constitutione
1916 1012 2030 1044 totum
2049 1010 2225 1051 colligere,
2248 1020 2339 1053 quae

1263 1064 1328 1097 pro
1353 1054 1516 1088 omnibus
1549 1054 1707 1088 sufficiat
1739 1065 1781 1090 ea
1813 1065 1903 1099 quae
1936 1056 1977 1090 de
2001 1055 2223 1090 naturalibus
2254 1059 2339 1090 sunt

117 1109 191 1129 παν
223 1100 445 1151 συναγαγεῖν,
481 1110 557 1140 ητις
588 1101 668 1131 αντὶ
693 1110 845 1131 παντων
871 1096 1007 1143 ἀρκέσει
1039 1098 1086 1132 τὰ
1113 1101 1194 1143 περὶ
1208 1101 1248 1133 20
1264 1099 1441 1143 corrigere
1466 1101 1572 1143 atque
1597 1100 1744 1135 sancire.

116 1142 192 1174 τῶν
216 1141 347 1175 νόθων
372 1141 580 1187 ὸιορθῶσαί
600 1156 640 1177 τε
665 1146 724 1176 καὶ
748 1144 1004 1187 νομοθετησαι.

1114 1233 1271 1269 CAPUT
1295 1235 1324 1269 Ι.

172 1287 362 1332 Πρόδηλον
393 1287 460 1334 γάρ
492 1290 601 1328 ἐστιν,
634 1285 681 1322 οἷς
711 1291 788 1323 τῶν
821 1288 1037 1335 ἀνθρώπων
1070 1289 1193 1335 οἱμὲν

117 1332 303 1379 ἐλεύθεροί
331 1347 370 1367 τε
403 1331 475 1377 ἅμα
506 1334 707 1367 καθεστᾶσι
740 1340 799 1368 καὶ
835 1338 873 1369 ἐν
904 1340 1061 1382 γνησίοις
1091 1337 1192 1375 εἰσίν,

116 1379 151 1412 οἱ
179 1377 218 1412 δὲ
246 1381 353 1412 τοῦτο
384 1377 560 1424 πρότερον
590 1377 652 1412 οὐκ
678 1382 816 1421 ἔχοντες
848 1378 998 1426 ὕστερον
1027 1386 1192 1428 γίνονται

1318 1290 1440 1324 Palam
1476 1300 1627 1334 namque
1663 1292 1735 1330 est,
1773 1290 1854 1333 quia
1889 1289 2069 1324 hominum
2104 1289 2165 1324 alii
2200 1289 2339 1333 quidem

1262 1336 1364 1370 liberi
1397 1336 1499 1370 simul
1533 1335 1735 1370 consistunt
1767 1338 1802 1368 et
1833 1335 1925 1369 inter
1950 1335 2118 1378 legitimos
2144 1337 2246 1376 suut,
2281 1335 2340 1368 alii

1262 1392 1343 1416 vero
1378 1382 1445 1416 hoc
1482 1381 1581 1425 prius
1620 1392 1691 1415 non
1726 1380 1898 1414 habentes
1935 1383 2063 1424 postea
2098 1380 2188 1413 fiunt
2225 1384 2259 1414 et
2296 1390 2340 1414 ex

116 1427 154 1457 ἔκ
176 1437 215 1457 τε
240 1422 486 1457 δουλευόντων
509 1425 556 1458 εἰς
579 1424 786 1470 ἐλευθέρους
811 1424 974 1460 ἀνιόντες
998 1431 1056 1460 καὶ
1075 1429 1111 1460 ἐκ
1135 1425 1192 1460 νὸ-
1207 1430 1247 1461 25
1262 1426 1371 1462 servis
1403 1427 1450 1461 ad
1482 1427 1613 1461 liberos
1650 1425 1849 1461 ascendunt
1885 1428 1919 1459 et
1955 1436 1998 1459 ex
2034 1425 2257 1459 naturalibus
2294 1426 2339 1459 ad

115 1471 201 1503 θων
225 1470 271 1503 εἰς
293 1472 474 1515 γνησίους,
508 1469 543 1502 οἱ
566 1467 604 1502 δὲ
628 1469 739 1504 νόθοι
771 1475 813 1505 τέ
834 1473 925 1505 εἰσιν
950 1469 1110 1506 αὐτόθεν
1134 1475 1195 1505 καί

115 1517 207 1548 τινές
232 1516 323 1548 εἰσιν
348 1512 466 1548 αὐτοῖς
490 1512 665 1558 διαδοχαί,
690 1520 762 1549 τοῖς
786 1515 824 1550 δὲ
847 1514 929 1550 οὐδὲ
952 1518 993 1551 τὸ
1019 1519 1108 1564 γοῦν
1132 1518 1192 1551 νό-

115 1561 189 1593 θον
222 1561 410 1605 ἐμπρέπει,
444 1557 531 1593 ἀλλὰ
561 1564 620 1593 καὶ
650 1562 779 1595 τούτου
813 1562 1017 1607 πεφήνασιν
1042 1560 1190 1602 ἀνάξιοι.

116 1604 169 1638 δεῖ
190 1610 314 1639 τοίνυν
337 1601 425 1648 ἡμᾶς
449 1602 544 1639 οἱῗτω
566 1605 796 1649 ποιήσασθαι
819 1607 885 1650 τὴν
903 1606 1080 1649 διάταξιν,
1105 1605 1192 1641 (Hs-Te

1261 1472 1453 1515 legitimos,
1490 1472 1549 1506 alii
1581 1482 1663 1506 vero
1698 1481 1741 1505 ex
1770 1471 1837 1506 hoc
1868 1471 1946 1514 ipso
1977 1470 2158 1505 naturales
2188 1474 2271 1504 sunt
2306 1474 2341 1505 et

1262 1518 1435 1562 quaedam
1467 1517 1517 1552 eis
1542 1517 1787 1551 successiones
1813 1516 1987 1556 existunt,
2021 1516 2110 1550 alios
2135 1519 2254 1549 autem
2278 1525 2338 1550 ne-

1262 1573 1329 1607 que
1354 1563 1535 1597 naturales
1561 1572 1637 1597 esse
1655 1562 1766 1606 decet,
1791 1562 1853 1596 sed
1877 1561 1983 1596 etiam
2008 1561 2075 1595 hoc
2096 1563 2341 1595 monstrantur

1262 1608 1405 1651 indigni.
1456 1608 1606 1652 Oportet
1637 1608 1745 1651 igitur
1783 1617 1848 1641 nos
1881 1607 1932 1641 ita
1963 1608 2081 1641 facere
2114 1607 2340 1641 constitutio-

113 1648 225 1694 μηδὲν
257 1648 433 1697 ἀγνοῆσαι
462 1652 539 1684 τῶν
570 1651 825 1696 προςηκόντο)ν
863 1656 922 1687 ἐπὶ
951 1655 1028 1686 τῶν
1060 1654 1192 1687 νόθων
1206 1656 1248 1688 30
1263 1664 1360 1696 nem,
1394 1656 1434 1688 ut
1458 1653 1576 1688 nullus
1600 1653 1740 1697 ignoret
1764 1662 1854 1696 quae
1879 1655 2031 1696 possunt
2055 1651 2091 1686 in
2116 1652 2339 1686 naturalibus

113 1699 266 1741 κρατεῖν.
315 1697 462 1740 ἐροῦμεν
487 1694 526 1729 δὲ
550 1693 742 1742 ἀρχόμενοι
767 1699 828 1731 τοῖ’
853 1696 977 1742 νόμου,
1009 1703 1103 1732 τίνες
1125 1701 1192 1742 μὲν

114 1740 467 1783 καθεστᾶσικνόθοι,
499 1745 572 1774 τίσι
605 1740 644 1775 δὲ
667 1741 815 1787 τρόποις
839 1744 1010 1789 προΐασιν
1039 1745 1085 1777 εἰς
1107 1758 1190 1790 γνη-

114 1786 265 1829 σιότητα
288 1786 354 1827 (ὠν
378 1786 459 1820 τοὺς
483 1786 632 1820 πολλοὺς
665 1788 853 1834 ἑξεύρομεν
885 1787 1003 1833 ἡμεῖς),
1035 1793 1129 1823 τίνες
1153 1792 1195 1822 τέ

114 1833 203 1865 εἰσιν
224 1831 262 1865 αἱ
281 1831 423 1865 τούτων
448 1830 622 1874 διαδοχαί,
647 1837 706 1886 καὶ
723 1830 824 1868 ὅπως
845 1837 912 1878 μὲν
945 1831 966 1877 ἦ
995 1833 1192 1877 παλαιότης

1262 1700 1388 1733 valere.
1438 1699 1597 1733 Dicimus
1621 1702 1740 1733 autem
1770 1697 1980 1732 incohantes
2005 1697 2136 1741 legem,
2169 1697 2230 1741 qui
2256 1708 2339 1732 con-

1262 1745 1393 1779 sistunt
1426 1744 1628 1786 naturales,
1669 1744 1868 1788 quibusque
1904 1743 2019 1777 modis
2059 1744 2259 1787 procedunt
2294 1742 2339 1777 ad

1262 1790 1433 1834 legitimos
1462 1792 1626 1834 (quorum
1650 1788 1822 1833 plurimos
1846 1788 2042 1823 invenimus
2067 1791 2156 1830 nos),
2190 1791 2226 1822 et
2250 1797 2340 1832 quae

1261 1841 1344 1870 sunt
1360 1835 1488 1869 horum
1505 1836 1762 1876 successiones,
1781 1835 1817 1868 et
1831 1833 2007 1877 quomodo
2026 1833 2164 1877 quidem
2181 1836 2339 1868 vetustas

114 1876 285 1924 ἐχρήσατο
315 1877 453 1910 τούτοις
485 1879 633 1922 πικρῶς,
667 1891 767 1913 οπως
797 1878 836 1913 δὲ
859 1878 954 1924 ἡμεῖς
978 1879 1190 1927 φιλανθρώ-
1205 1883 1245 1915 35
1261 1891 1325 1915 usa
1342 1884 1396 1915 est
1415 1880 1470 1914 his
1487 1890 1618 1922 amare,
1641 1879 1816 1924 quomodo
1836 1878 1953 1923 (vero)
1974 1889 2039 1913 nos
2060 1879 2225 1913 humane.
2266 1878 2341 1913 Nec

114 1934 206 1956 πως·
242 1921 581 1968 παραληφθήσεται
614 1921 653 1956 δὲ
676 1922 759 1957 οὐδὲ
782 1927 894 1959 ἐκεῖνο
918 1925 960 1958 τὸ
986 1924 1086 1959 τινὰς
1109 1923 1192 1958 οὐδὲ
1260 1925 1347 1960 illud
1367 1936 1507 1970 quoque
1524 1925 1745 1969 relinquitur,
1768 1924 1862 1969 quod
1882 1923 2025 1968 quidam
2042 1934 2108 1958 nec
2125 1923 2339 1958 naturalium

114 1969 173 2010 τῆς
202 1969 280 2001 τῶν
303 1967 435 2001 νόθων
460 1966 657 2007 ἅξιοῦσθαι
691 1971 789 2015 παρὰ
822 1972 899 2016 τῶν
923 1971 1049 2014 νόμων
1073 1970 1191 2004 καθά·
1262 1971 1356 2015 digni
1379 1972 1481 2014 fiunt,
1516 1971 1621 2005 sicuti
1645 1971 1807 2012 diximus,
1834 1969 2082 2013 appellatione.
2131 1969 2270 2004 Natura
2293 1969 2339 2004 si-

115 2026 181 2058 περ
206 2014 340 2058 εἴρηται
364 2017 602 2059 προςηγορίας.
650 2012 693 2047 ‘H
705 2017 773 2059 μὲν
796 2019 861 2050 οὐν
887 2015 990 2061 φύσις
1014 2016 1052 2056 ἐξ
1074 2016 1191 2060 ἀρχῆς,

115 2106 148 2137 et
179 2103 351 2147 quoniam
384 2102 432 2136 ad
462 2107 588 2137 nostra
621 2114 764 2148 quoque
799 2109 834 2139 et
865 2116 958 2150 qnae
989 2116 1063 2140 non
1095 2105 1245 2140 multum.
1281 2108 1365 2139 ante
1400 2115 1466 2138 nos
1493 2104 1648 2148 fuerunt
1681 2107 1843 2149 tempora
1875 2107 2138 2149 pervenerunt,
2173 2114 2338 2148 maynam

115 2148 324 2182 varietatem
348 2158 406 2181 res
430 2147 579 2193 accepit.
628 2147 768 2183 Etenim
793 2160 860 2183 nos
883 2150 1022 2195 duplex
1052 2150 1208 2185 studium
1239 2149 1477 2190 adhibuimus,
1508 2155 1548 2183 ut
1572 2149 1702 2183 multos
1726 2148 1887 2183 Immines
1914 2152 1948 2183 et
1979 2159 2028 2183 ex
2045 2147 2208 2193 pristina
2231 2149 2340 2184 servi-

118 2197 191 2227 tute
215 2192 252 2226 in
277 2192 475 2226 libertatem
496 2192 775 2237 perduceremus
805 2198 839 2228 et
862 2204 911 2229 ex
935 2194 1162 2229 naturalibus
1192 2195 1285 2228 inter
1309 2194 1486 2238 leyitimos
1517 2194 1757 2237 referremus:
1792 2204 1908 2238 neque
1937 2193 2029 2227 enim
2061 2197 2100 2227 ut
2124 2193 2342 2228 vindicemus

116 2241 151 2272 et
175 2241 330 2272 vetemus
354 2237 532 2281 aqendum
563 2238 687 2282 potius
710 2249 818 2282 quam
842 2243 881 2272 ut
904 2239 1107 2273 medeamur
1138 2239 1171 2273 ei
1195 2238 1294 2283 quod
1317 2238 1461 2272 laborat
1484 2243 1517 2272 et
1540 2238 1673 2272 malum
1695 2238 1901 2283 fuqiamus,
1935 2238 2158 2273 inveniamus
2182 2238 2340 2283 undique

117 2281 215 2327 quod
239 2282 364 2316 melius
386 2282 442 2316 sit.
491 2281 666 2323 Quoniam
690 2282 803 2328 iqitur
836 2284 1011 2318 nonnulla
1035 2285 1071 2318 in
1096 2283 1186 2318 libro
1212 2283 1524 2324 constitutionum,
1555 2293 1658 2328 quem
1683 2294 1731 2317 ea:
1763 2282 1861 2317 omni
1881 2282 2048 2328 priorum
2080 2283 2339 2327 imperatorum

120 2327 345 2373 leqislatione
366 2326 585 2371 colleqimus,
617 2327 660 2361 de
684 2328 912 2362 naturalibus
937 2328 1057 2363 liberis
1079 2329 1217 2373 scripta
1240 2332 1340 2367 sunt,
1374 2327 1550 2362 nonnulla
1582 2327 1688 2362 etiam
1713 2338 1791 2362 cum
1815 2327 1859 2361 de
1883 2327 2062 2362 tutoribus
2085 2338 2274 2372 aqeremus
2297 2328 2340 2363 de

118 2372 173 2406 liis
200 2373 335 2417 partim
366 2372 555 2406 sanximus
584 2372 721 2417 partim
755 2372 828 2406 iam
857 2374 1082 2419 repperimus
1114 2372 1296 2411 absoluta,
1333 2377 1440 2417 atque
1472 2372 1543 2418 ipsi
1572 2382 1716 2417 quoqne
1747 2371 1880 2406 multas
1912 2372 1956 2406 de
1979 2371 2034 2406 liis
2068 2373 2340 2408 constitutiones

115 2418 281 2463 fecimus,
313 2416 406 2451 alias
437 2417 474 2450 in
499 2416 675 2451 dictarum
700 2418 994 2453 constitutionum
1019 2417 1228 2452 collectione
1252 2417 1345 2452 alias
1369 2418 1475 2452 etiam
1494 2421 1582 2462 post
1605 2427 1702 2451 cam:
1738 2428 1782 2452 ne
1805 2427 1863 2451 res
1887 2416 2052 2460 dispersa
2084 2421 2238 2460 maneat,
2297 2429 2340 2452 ar

117 2473 192 2497 esse
216 2462 388 2496 duximus
419 2462 456 2496 in
480 2473 588 2496 unam
614 2463 904 2498 constitutionem
929 2467 1040 2498 totum
1065 2466 1315 2508 arqumentum
1339 2473 1551 2508 conqerere,
1585 2472 1678 2507 quae
1707 2462 1825 2496 instar
1850 2463 2005 2496 omnium
2030 2462 2197 2507 sufficiat
2226 2473 2248 2496 a
2297 2474 2338 2497 ea

117 2519 210 2553 quae
234 2507 419 2542 naturales
442 2510 607 2551 spectant
630 2512 666 2542 et
688 2507 911 2543 emendanda
935 2512 970 2543 et
994 2506 1254 2543 constituenda.

250 2553 278 2587 I.
328 2551 563 2597 Manifestum
585 2552 677 2586 enim
711 2556 764 2587 est
788 2551 969 2587 hominum
1003 2552 1096 2587 alios
1126 2552 1234 2586 simul
1263 2555 1296 2586 et
1328 2550 1461 2586 liberos
1490 2554 1525 2586 et
1553 2551 1733 2596 leqitimos
1763 2561 1851 2593 esse,
1883 2550 1978 2585 alios
2007 2562 2049 2586 co
2078 2550 2184 2596 prius
2216 2562 2339 2586 carere

112 2602 242 2644 postea
261 2598 397 2643 potiri,
423 2607 502 2631 cum
527 2601 563 2632 et
585 2609 607 2631 a
631 2598 742 2632 servis
765 2597 814 2632 ad
837 2598 966 2632 liberos
990 2602 1023 2633 et
1047 2610 1069 2632 a
1094 2596 1322 2632 naturalibus
1347 2596 1395 2630 ad
1418 2595 1597 2641 leqitimos
1621 2595 1836 2637 ascendant,
1869 2595 1963 2630 alios
1988 2596 2070 2631 ilico
2096 2600 2131 2630 et
2154 2597 2339 2632 naturales

117 2654 192 2678 esse
216 2648 250 2677 et
274 2642 469 2677 nonnullas
491 2643 732 2677 successiones
755 2641 897 2685 habere,
926 2643 1019 2677 alios
1043 2642 1195 2687 deniqne
1219 2653 1263 2676 ne
1286 2641 1507 2676 naturalium
1531 2640 1674 2686 quidem
1698 2640 1908 2675 condicione
1925 2641 2018 2686 frui,
2042 2640 2106 2676 sed
2128 2652 2170 2675 ea
2195 2653 2266 2686 quo
2297 2653 2339 2676 ue

117 2688 287 2733 incliqnos
310 2687 431 2722 videri.
481 2685 540 2722 Ita
568 2698 612 2722 ue
636 2688 925 2722 constitutionem
950 2699 1016 2723 nos
1040 2689 1090 2723 ita
1113 2690 1240 2731 facere
1265 2697 1285 2721 0
1300 2690 1418 2728 orlei,
1451 2690 1491 2721 ut
1514 2685 1607 2720 nttu’t
1628 2697 1751 2720 eorum
1784 2697 1878 2730 quae
1902 2686 1945 2721 cle
1970 2685 2198 2720 naturalibus
2221 2697 2265 2721 va
2280 2698 2339 2722 ere

117 2733 269 2768 debeant
287 2733 488 2778 iqnoretur.
560 2733 686 2767 uitium
707 2733 818 2778 iyitur
838 2733 927 2778 leqis
947 2734 998 2768 ita
1013 2733 1190 2778 faciemus
1214 2736 1253 2766 ut
1298 2732 1444 2772 icamus,
1470 2732 1617 2776 quinam
1636 2731 1709 2765 sint
1729 2731 1927 2772 naturales,
1953 2734 1987 2765 et
2004 2731 2134 2776 quibus
2156 2731 2273 2766 modis
2291 2733 2340 2766 acl

117 2778 356 2823 leqitimorum
381 2778 438 2812 ius
457 2777 661 2823 procedant
680 2780 846 2823 (quorum
866 2789 933 2813 nos
953 2779 1148 2814 maximam
1168 2780 1310 2822 partem
1331 2776 1643 2821 excoqitavimns),
1670 2787 1833 2821 quaeque
1851 2776 1925 2822 sint
1942 2787 2066 2811 eorum
2084 2776 2338 2818 successiones,

117 2830 152 2859 et
175 2823 354 2868 quomodo
379 2823 576 2868 antiquitas
599 2833 660 2857 eos
684 2823 811 2858 acerbe
835 2824 1042 2859 tractaverit
1073 2834 1139 2857 nos
1164 2826 1282 2857 autem
1306 2821 1509 2855 humaniter
1533 2832 1708 2866 (φοίνιος,-
1743 2832 1786 2855 ac
1810 2832 1855 2855 ne
1878 2820 1971 2856 illud
2000 2821 2142 2866 quidem
2169 2825 2337 2867 praeter-

117 2869 286 2910 mittetur,
317 2868 490 2913 quosdam
526 2879 570 2902 ne
601 2867 822 2902 naturalium
855 2869 997 2914 quidem
1031 2867 1293 2914 appellatione,
1325 2866 1378 2900 uti
1402 2865 1533 2899 dictum
1558 2870 1626 2907 est,
1659 2878 1682 2900 a
1707 2865 1844 2911 teqtbus
1876 2865 2008 2911 diqnos
2040 2865 2174 2901 liaberi.
2225 2867 2339 2912 Atque

165 2961 179 2990 1
206 2956 243 2989 αἱ
261 2957 486 3000 νομοθεσίαι]
512 2958 702 2989 huiusmodi
718 2957 944 2999 legislationes
962 2970 979 2992 ς
997 2958 1008 3000 Η
1028 2959 1046 2990 2
1069 2954 1192 2998 ἐπειδὴ

119 3005 189 3042 καὶ]
215 3005 273 3034 καὶ
299 3016 356 3034 om.
372 3014 389 3037 ς
408 3002 420 3044 Η
436 3004 454 3034 3
481 3000 628 3044 πολλὴν]
654 3004 713 3035 καὶ
734 3001 869 3045 πολλὴν
886 3004 915 3035 L
936 3003 946 3044 Η
971 3006 988 3035 5
1013 3015 1052 3035 τε
1073 3003 1130 3043 εἰς]
1155 3015 1194 3034 τε

118 3050 177 3079 καὶ
201 3047 247 3079 εἰς
273 3048 301 3079 L
319 3047 331 3090 Η
355 3045 558 3091 ἐλευθερίας
583 3049 631 3079 La
652 3047 663 3088 ΙΙ
689 3050 705 3080 7
731 3049 797 3088 τῷ]
822 3048 885 3080 τοῦ
911 3049 941 3080 L
959 3048 970 3090 Η
995 3059 1034 3080 τε
1055 3059 1114 3079 om.
1130 3048 1159 3079 L
1182 3047 1193 3090 Η

120 3094 139 3126 S
158 3093 209 3133 τῷ
236 3093 310 3124 add.
328 3092 515 3124 Zachariae
534 3092 545 3136 Η
562 3091 602 3134 τὸ
629 3093 856 3134 καμνιᾶσθαι
872 3093 920 3125 L¹
939 3092 950 3135 ΙΙ
967 3096 986 3126 9
1007 3095 1105 3125 utitur
1119 3105 1194 3134 pro-

119 3139 226 3170 verbio
250 3138 381 3181 ἔφυγον
405 3136 515 3169 κακὸν
539 3136 643 3181 εὗρον
667 3135 814 3180 ἄμεινον
834 3140 845 3179 Η
865 3140 903 3171 10
922 3134 1124 3176 διατάξεων
1139 3140 1193 3180 βι-

119 3181 223 3225 βλίῳ]
256 3183 330 3215 Cod.
346 3183 377 3222 5,
393 3189 426 3214 27
450 3182 462 3224 Η
488 3183 527 3214 13
555 3182 769 3227 ἐγέγραπται
795 3184 825 3215 L
844 3183 855 3225 Η
879 3184 917 3215 ἐν
942 3183 995 3214 τῶ
1019 3183 1096 3215 τῶν
1117 3183 1190 3214 ἐπι-

119 3225 271 3271 τρόπων
283 3224 467 3272 γενόμενοι
480 3224 577 3271 λόγω
590 3230 658 3268 (i.e.
674 3228 750 3260 Cod.
762 3231 791 3267 5,
803 3236 838 3261 28
848 3230 920 3270 sqq.)
937 3228 1007 3260 ML
1018 3229 1194 3269 (utriusque

121 3274 198 3306 libri
213 3274 302 3305 lectio
321 3273 431 3312 certa)]
457 3273 490 3303 in
508 3272 595 3304 libro
611 3272 842 3304 institutorum
867 3285 886 3308 ς
903 3273 914 3314 Η
936 3275 974 3306 15
1000 3282 1194 3316 κατεργασ-

118 3319 208 3360 μένα
224 3318 253 3349 L
269 3317 281 3360 Η
303 3319 342 3350 18
356 3313 435 3359 μετ’
453 3313 554 3357 αὐτό]
573 3330 643 3350 nov.
655 3318 794 3350 XVIII
803 3331 826 3350 c.
840 3320 869 3350 5.
890 3318 989 3350 XIX.
1008 3315 1196 3360 LXX'IVH

123 3365 162 3396 19
188 3359 208 3403 ἢ
230 3364 276 3395 L¹
295 3362 306 3405 Η
325 3363 364 3395 21
385 3359 602 3407 διωρθῶσαι
620 3363 664 3394 ils
675 3362 686 3404 Η
706 3364 748 3395 22
766 3363 866 3395 ἐστιν
888 3376 945 3395 om.
961 3364 990 3394 L
1009 3362 1020 3404 ΙΙ
1039 3364 1080 3395 29
1098 3357 1195 3395 οὕτω

121 3408 192 3449 Me]
216 3405 275 3440 διὰ
297 3408 402 3440 τοῖτο
433 3408 457 3439 L
487 3409 498 3449 Η
528 3408 569 3441 30
593 3404 716 3449 μηδὲν]
751 3407 867 3440 nullus
890 3409 923 3447 (i.
939 3421 963 3440 e.
985 3404 1133 3450 μηδένα)
1159 3420 1194 3444 ς;

122 3453 183 3494 leq.
197 3450 334 3495 μηδένα
346 3450 482 3495 μηδὲνῗ)
500 3452 511 3491 11
531 3450 746 3497 ἀγνοεῖσθαι
761 3455 841 3485 coni.
857 3454 1042 3485 Zachariae
1059 3456 1069 3494 Η
1089 3453 1130 3485 32
1146 3450 1195 3492 δὲ]

121 3498 161 3528 τὲ
178 3498 208 3530 L
226 3502 236 3541 Η
256 3500 297 3530 33
319 3500 361 3530 τέ
375 3499 477 3538 Μ(ς)]
504 3495 545 3529 δέ
559 3499 589 3530 L
604 3499 688 3549 vulo.
707 3497 718 3540 ΙΙ
737 3499 778 3531 36
799 3495 1128 3550 παραληφθήσεται
1142 3499 1171 3530 L
1186 3496 1197 3541 Η

122 3545 220 3583 τίνας
246 3544 342 3586 L(cf.
359 3545 403 3575 ad
420 3546 449 3583 ς)
467 3543 477 3586 Η
498 3545 536 3576 37
564 3555 663 3587 παρα
689 3543 765 3575 τῶν
788 3555 915 3585 νομων
941 3556 997 3575 om.
1013 3554 1032 3578 ς

179 3633 195 3664 1
222 3633 395 3674 proferunt
422 3634 466 3665 Rl
503 3634 708 3665 transierunt
739 3633 772 3665 V
790 3632 802 3675 Η
834 3632 874 3664 ad
898 3632 1087 3664 huiusmodi
1111 3632 1162 3664 Ra
1186 3631 1197 3676 Η

123 3675 205 3717 legis
279 3689 336 3710 nes
360 3680 430 3719 (sic)
451 3679 501 3711 V¹
526 3678 537 3722 Η
563 3679 731 3719 quoniam]
756 3676 769 3710 l
793 3677 851 3719 qui
875 3691 900 3710 s.
914 3691 944 3710 v.
965 3677 1012 3710 T²
1036 3677 1048 3719 Η
1074 3679 1093 3710 3
1119 3687 1195 3709 cau-

122 3731 172 3753 sas
187 3722 231 3755 13¹
248 3721 260 3767 Η
280 3725 298 3757 5
316 3734 354 3756 ex
374 3724 496 3766 priore]
522 3726 554 3756 et
576 3734 613 3756 cx
637 3723 748 3766 priore
768 3722 856 3767 ΕΤΗ
877 3726 893 3756 7
917 3723 1094 3755 interdicto
1116 3722 1164 3754 R¹
1184 3723 1195 3765 Η

1262 2955 1467 2998 respicienda
1493 2956 1596 2996 Beck]
1629 2955 1837 2997 despicienda
1869 2956 2125 2997 (despitiendum
2152 2957 2197 2997 T)
2223 2958 2300 2990 libri
2329 2956 2339 3000 Η

1263 3004 1281 3034 9
1307 3002 1395 3040 vero]
1422 3002 1469 3031 est
1494 3010 1572 3032 uero
1598 3001 1629 3032 R
1646 3000 1658 3043 Η
1682 3003 1729 3032 est
1753 3013 1811 3033 om.
1827 3001 1874 3033 11'1
1890 3002 1901 3043 Η
1935 3003 1974 3034 10
1999 3000 2066 3032 alia
2090 3001 2139 3033 R²
2155 3000 2167 3045 Η
2194 3001 2338 3033 codicem

1263 3048 1313 3079 Ra
1337 3046 1348 3089 Η
1378 3048 1412 3079 11
1443 3045 1679 3087 imperatorum
1704 3059 1760 3078 om.
1787 3046 1836 3077 R¹
1865 3044 1877 3087 Η
1909 3047 1949 3078 12
1974 3045 2131 3086 quaedam
2158 3059 2215 3078 om.
2248 3047 2295 3079 V¹
2327 3046 2338 3088 Η

1264 3093 1304 3125 13
1326 3102 1405 3122 uero
1426 3091 1462 3121 in
1483 3089 1578 3121 libris
1600 3090 1651 3122 V³
1674 3091 1709 3121 in
1731 3090 1828 3122 libris
1846 3090 1962 3131 (libros
1985 3091 2048 3131 Va)
2073 3101 2153 3122 uero
2175 3091 2235 3131 V¹‚
2262 3101 2338 3123 vero

1264 3150 1321 3169 om.
1337 3137 1368 3168 R
1388 3135 1399 3178 Η
1416 3135 1658 3175 institutorum]
1689 3135 1910 3167 institutum*
1935 3135 1984 3167 V¹
2016 3135 2267 3167 institutionum
2290 3136 2337 3169 V³

1263 3183 1363 3223 ιταΙφς
1398 3182 1456 3223 leq.
1483 3180 1656 3211 constituti
1680 3180 1853 3212 tutorum?
1877 3179 1889 3222 Η
1919 3182 2028 3211 autem
2053 3190 2113 3211 nos
2137 3180 2230 3212 RV³
2259 3180 2269 3223 Η
2298 3183 2336 3213 15

1263 3228 1400 3259 fecimus
1426 3238 1483 3257 om.
1501 3225 1534 3257 R
1560 3224 1571 3267 Η
1600 3225 1859 3256 constitutum*
1887 3224 1936 3257 V²
1968 3225 2264 3257 constitutionibus
2288 3226 2336 3258 12¹

1266 3272 1372 3304 T¹V³
1404 3270 1415 3314 Η
1446 3272 1485 3303 16
1511 3270 1799 3309 constitutionum]
1825 3271 1932 3301 totum
1956 3269 2114 3310 colligere
2138 3271 2214 3302 add.
2240 3270 2292 3302 Ra
2327 3269 2338 3314 Η

1267 3319 1303 3350 Π
1330 3319 1382 3356 ne]
1408 3317 1440 3347 et
1464 3326 1504 3346 nc
1526 3314 1579 3357 Vll
1609 3316 1648 3348 18
1669 3315 1831 3346 credimus
1854 3313 1946 3351 RTu
1974 3314 2249 3346 constitutionum
2271 3315 2304 3347 R
2327 3317 2338 3355 Η

1263 3373 1346 3403 quae
1370 3362 1441 3402 pro]
1466 3360 1502 3391 in
1530 3360 1572 3391 1*
1589 3358 1599 3402 ΙΙ
1622 3361 1662 3393 19
1687 3360 1849 3391 suffitiant
1872 3358 1958 3391 RT¹
1975 3357 1986 3401 Η
2007 3360 2048 3391 20
2075 3359 2231 3400 colligere
2256 3360 2305 3391 R2
2327 3358 2338 3404 Η

1264 3409 1305 3440 22
1332 3415 1471 3446 numque
1497 3406 1543 3436 cst
1570 3405 1709 3447 Tvuly]
1733 3407 1780 3437 est
1805 3413 1945 3444 namque
1962 3402 2061 3447 RVH
2086 3405 2233 3436 omnium
2258 3404 2309 3436 R¹
2327 3408 2337 3447 Η

1264 3452 1396 3493 quidem
1421 3449 1479 3481 alii
1506 3450 1559 3481 Ta
1576 3451 1586 3491 Η
1607 3450 1648 3482 23
1670 3449 1779 3490 liberi]
1804 3449 1903 3481 liberi
1923 3448 2055 3489 quidem
2074 3449 2123 3481 Ra
2140 3450 2151 3491 Η
2171 3451 2214 3483 24
2235 3449 2339 3481 fuerit

1267 3499 1308 3529 lss¹
1328 3496 1339 3540 Η
1360 3498 1400 3529 25
1425 3495 1609 3527 adtendunt
1634 3494 1682 3526 R¹
1701 3494 1712 3536 Η
1738 3496 1779 3528 26
1805 3495 1866 3526 hoc
1891 3506 1948 3526 om.
1965 3493 2012 3524 R'
2033 3493 2044 3536 Η
2068 3493 2133 3534 ipsi
2159 3494 2215 3537 ΤΗ
2241 3495 2280 3527 27
2308 3494 2338 3527 ei

1266 3543 1297 3574 T
1316 3541 1327 3585 ΙΙ
1360 3542 1400 3574 28
1426 3541 1499 3580 hoc]
1536 3540 1571 3571 in
1596 3540 1657 3571 hoc
1686 3540 1719 3572 V
1740 3541 1751 3582 Η
1785 3541 1827 3572 32
1853 3538 2115 3580 quibuscumque
2142 3539 2173 3571 T
2198 3539 2210 3582 Η
2240 3540 2281 3572 33
2306 3541 2339 3571 et

1264 3597 1347 3628 quae
1371 3587 1470 3626 vala]
1503 3588 1601 3626 atque
1627 3585 1733 3617 RVT
1753 3585 1764 3627 Η
1796 3587 1837 3618 35
1863 3594 1939 3615 vero
1964 3585 2082 3616 addidi
2110 3585 2232 3623 (autem
2258 3586 2335 3617 add.

1267 3633 1368 3667 Beck)
1385 3630 1396 3673 Η
1416 3623 1475 3662 fios
1492 3631 1539 3662 Ta
1558 3629 1569 3672 Η
1587 3631 1628 3663 36
1643 3630 1751 3670 *quod
1767 3629 1911 3670 quidam]
1930 3629 1982 3669 qm
1998 3630 2017 3660 1:
2030 3641 2054 3660 e.
2069 3630 2224 3670 quoniam
2238 3630 2270 3662 R
2282 3630 2343 3662 VT

1263 3688 1308 3720 qn
1333 3676 1463 3717 quidem
1490 3676 1523 3715 (i.
1538 3688 1563 3707 e.
1586 3675 1718 3716 quando
1739 3675 1871 3715 quidem
1881 3674 1910 3715 ‘?)
1935 3686 1960 3705 s.
1974 3686 2004 3705 υ.
2028 3674 2065 3715 V,
2090 3675 2148 3715 qui
2171 3675 2256 3719 vuly.
2281 3677 2335 3715 (cf

1265 3724 1309 3755 ad
1333 3726 1361 3763 ς)
1380 3721 1450 3764 1137
1474 3720 1575 3752 fucrit
1602 3721 1672 3753 RV
