2618 4010
224 105 332 147 Nov.
353 103 491 146 LXIX
521 105 545 142 4

226 214 250 250 2
297 213 342 245 Εἰ
372 210 412 245 δὲ
441 215 504 245 καί
529 222 583 245 τις
613 224 635 252 χ
668 208 784 245 ’σαιτό
813 221 889 245 τισι
922 210 1039 245 θείοις
1071 206 1193 244 ’τύποις
1229 210 1299 244 εἴτε

228 258 485 303 πραγματικοῖς
514 255 584 289 εἴτε
606 254 630 288 ἅ
654 254 724 290 λοις
756 258 839 300 περὶ
869 254 1033 290 τοιούτου
1071 254 1168 289 τινὸς
1199 251 1299 297 αὐτῷ

228 303 512 346 πεπορισμένοις,
536 303 683 335 ἔσονται
705 298 893 336 παντελῶς
915 299 1054 346 ἄκυροι*
1078 300 1156 333 τῶν
1175 296 1300 344 ἀρχόν·

227 359 305 382 των
327 343 484 392 μεγάλην
508 343 751 400 έκτξννιζιντων
780 343 921 389 ποινήν,
949 345 1050 390 εἴπερ
1081 341 1172 378 ἅλως
1200 355 1301 390 προς-

1295 95 1382 142 354

1926 111 1987 144 111·
2015 111 2161 143 OMNES
2191 105 2442 143 ononnmm·

1369 209 1393 244 2
1439 207 1479 245 Si
1502 204 1795 253 vero-'quisquam
1812 212 1943 246 utatur
1972 210 2150 255 aliquibus
2181 210 2293 246 saeris
2317 209 2441 247 formis

1369 255 1443 290 sive
1463 253 1691 299 pragmaticis
1722 253 1795 289 sive
1822 254 1903 291 affls
1934 255 1978 290 de
2004 256 2071 291 tali
2094 255 2246 300 quodam
2276 255 2344 290 sibi
2370 256 2441 291 lar·

1370 299 1469 344 gitis,
1507 300 1612 333 erunt
1644 297 1786 333 omnino
1817 298 2004 345 infirmae,
2041 300 2220 336 iudicibus
2255 300 2443 335 maximam

1371 343 1589 380 solventibus
1612 351 1779 387 poenam,
1801 340 1835 378 si
1851 344 1997 381 ⁴omnino
2021 347 2254 391 susceperint.
2297 346 2346 380 Et
2371 356 2442 381 non

228 390 400 432 δέξοιντο.
445 393 519 425 Καὶ
542 403 584 424 ου
606 403 649 425 το
669 389 864 444 γενόμενον
894 389 1007 434 μόνον
1039 388 1302 443 θεραπεύομεν,
1338 392 1357 423 5
1371 389 1441 424 1100
1465 386 1560 433 quod
1583 387 1626 423 fit
1647 387 1762 424 solum
1780 386 2024 434 medehuntun
2048 391 2111 426 sed
2138 396 2173 427 et
2194 392 2289 436 quod
2308 391 2442 426 facien-

228 435 318 470 ἆλλὰ
349 438 409 469 καὶ
439 434 482 470 τὸ
512 434 691 480 ἐσόμενον.
739 438 798 469 καὶ
820 449 887 482 γαρ
919 436 950 468 εἰ
971 447 1062 479 μετα
1093 447 1209 469 ταυτα
1230 447 1301 469 τοι·

228 480 314 516 οῦτό
329 493 366 515 τι
382 480 577 527 πορισθείη
596 483 670 515 τισὶ
685 482 764 515 τῶν
776 477 960 525 ἡμετέρων
975 478 1146 522 ὑπηκόων
1159 478 1180 522 ἢ
1193 479 1303 525 ἑτέρῳ

228 529 302 561 τινὶ
325 528 403 560 τῶν
426 526 639 581 ἔμπροσθεν
661 524 964 572 ἀπηγορευμένων
987 527 1040 566 (ἐν
1061 525 1111 559 οἷς
1135 523 1303 570 περιλαμ-

229 569 389 625 βάνομεν
422 582 469 605 ως
500 572 637 624 εἴρηται
668 575 728 605 καὶ
758 569 940 612 ἐκκλησίας
968 573 1027 604 καὶ
1059 568 1168 617 εὐαγῆ
1195 582 1304 615 μονα-

1372 434 1457 469 (111111
1480 436 1544 468 est.
1562 477 1571 485 ·
1593 432 1736 467 Etenim
1758 432 1791 467 si
1813 433 1984 477 posthaec
2014 436 2086 471 tale
2119 437 2253 481 aliquid
2278 437 2443 480 impetre-

1371 481 1432 514 tur
1448 478 1500 513 'ab
1525 477 1702 522 ahquibus
1726 480 1927 513 nostrorum
1950 480 2188 517 subiectorum
2212 486 2275 517 aut
2302 483 2349 517 ab
2372 482 2443 517 alio

1374 523 1533 569 quolibet
1557 523 1686 567 quibus
1735 523 1810 558 rius
1833 523 2086 569 interdiximus,
2118 527 2210 562 inter
2234 538 2323 572 quos
2349 537 2443 562 com-

1373 569 1571 614 plectimur,
1596 568 1690 604 sicut
1739 568 1848 603 'ctum
1871 571 1936 611 est,
1968 571 2139 607 ecclesias
2170 574 2206 607 et
2230 573 2444 608 venerabilia

229 628 358 670 στήρια
382 619 441 650 καὶ
465 628 546 656 τους
570 616 690 650 θείους
713 614 817 660 ἡμῶν
838 616 951 650 οἴκους
974 618 1040 658 καὶ,
1053 614 1098 650 τὰ
1120 615 1206 649 θεῖα
1227 628 1304 662 πρι-
1321 618 1360 649 10
1374 614 1590 649 monasteria
1615 616 1651 648 et
1675 623 1795 648 sacras
1816 616 1956 648 nostras
1981 614 2104 651 domos
2127 619 2163 652 et
2182 627 2286 653 Sacra
2306 618 2444 662 privata

229 665 324 705 βατα
347 663 407 695 καὶ
427 663 469 695 τὸ
487 661 591 695 θεῖον
612 661 873 708 πατριμόνιον),
897 658 980 702 οὐδὲ
999 659 1098 695 οὗτοι
1119 659 1306 696 παντελῶς

229 705 476 754 κρατήσουσιν.
513 709 616 741 ἔσται
641 704 681 741 δὲ
704 704 723 740 ὁ
750 703 857 750 νόμος
880 703 980 740 οὗτος
1005 706 1212 748 πανταχόσε
1240 705 1306 748 τὴν

230 752 356 786 ἑαυτοῦ
381 749 528 786 δικαίως
552 753 724 785 ἐκτείνων
748 750 860 794 ἰσχύν,
884 755 944 784 καὶ
967 747 1041 795 ἅμα
1064 754 1131 795 μὲν
1155 750 1201 784 τὰ
1225 749 1304 795 μέλ-

230 796 340 830 λοντα
365 794 507 850 ἀσφαλῆ
531 797 745 848 καθιστῶν,1
761 793 835 839 ἅμα
860 795 961 850 δὲζτὸ
982 795 1172 850 παρελθὸν
1196 796 1306 842 θερα-

1375 662 1410 694 et
1434 669 1574 694 sacrum
1597 658 1868 704 patrimonium,
1900 668 2015 704 neque
2037 659 2107 696 hoc
2137 663 2277 698 omnino
2302 663 2442 699 valebit.

1376 704 1456 740 Erit
1487 706 1608 740 autem
1638 705 1696 739 lex
1728 704 1817 739 haec
1848 702 1980 750 ubique
2010 715 2109 740 suam
2137 706 2230 742 iuste
2254 709 2445 744 extendens

1375 750 1541 785 virtutem
1572 752 1607 784 et
1638 749 1743 784 simul
1767 749 1906 794 quidem
1936 749 2059 784 futura
2087 754 2190 788 caute
2213 754 2443 796 constituens,

1375 794 1480 831 simul
1504 798 1622 830 autem
1647 794 1741 839 quod
1764 794 1947 839 praeteriit
1972 805 2111 831 curans.

229 842 255 878 3
292 841 424 877 πεὺων.
478 844 559 875 Ιστε
578 845 701 875 τοίνυν
721 838 879 876 ἅπαντες
897 840 1047 884 υπήκοοι
1068 853 1170 876 οσους
1185 839 1204 877 ὁ
1221 840 1306 876 θεὸς
1322 845 1361 876 15
1374 841 1398 878 3
1447 839 1584 876 Scitote
1601 840 1709 885 igitur
1730 849 1849 874 omnes
1870 838 2031 884 subiecti,
2053 851 2141 886 quos
2160 841 2245 879 deus
2264 840 2300 878 et
2314 844 2445 887 nostris

230 890 302 921 τοῖς
324 901 366 922 τε
388 885 491 932 ἡμῶν
512 885 699 932 προγόνοις
722 890 781 920 καὶ
805 884 890 931 ἡμῖν
915 885 1126 932 δεδώρηται,
1153 884 1199 921 ὠς
1222 887 1305 921 ταύ-

230 945 298 975 την
320 931 404 977 ὑμῖν
428 930 575 976 δίδομεν
598 931 665 974 τὴν
689 931 915 976 νομοθεσίαν
940 933 1062 967 πᾶσαν
1088 930 1173 976 ὑμῖν
1196 929 1306 977 ἀσφά-

231 975 330 1011 λειαν
345 976 583 1022 χαριζόμενοι,
605 980 664 1010 καὶ
684 976 767 1011 οὔτε
787 974 1042 1023 ὁδοιπορήσετε
1062 976 1202 1021 μακρὰν
1226 976 1306 1012 οὔτε

230 1021 322 1056 κατὰ
344 1023 422 1056 τῶν
444 1023 625 1066 μειζόνων
656 1019 850 1076 δακρύσετε
882 1022 963 1056 οὔτε
999 1021 1086 1072 ἡμᾶς
1115 1023 1307 1068 με’μψεσθε

1374 885 1662 931 progenitoribus
1689 887 1724 920 et
1745 884 1846 921 nobis
1871 885 2026 930 donavit,
2050 886 2216 931 quoniam
2235 887 2328 925 hanc
2346 890 2447 926 vobis

1376 932 1500 967 damus
1533 930 1790 975 legislationem
1820 940 1959 966 omnem
1989 930 2088 966 vobis
2122 932 2296 968 cautelam
2327 934 2445 969 confe-

1376 982 1506 1019 rentes,
1540 979 1575 1011 et
1598 986 1713 1020 neque
1736 975 1861 1010 itinere
1884 975 2119 1020 fatigabimini
2144 977 2302 1022 longiore
2334 989 2447 1023 neque

1375 1023 1546 1057 adversus
1570 1022 1742 1056 maximos
1766 1021 1996 1058 lacrimabitis
2028 1032 2143 1067 neque
2171 1033 2236 1058 nos
2261 1023 2448 1069 culpabitis

233 1066 280 1101 ὠς
309 1069 425 1101 ταῦτα
456 1066 505 1124 μή
536 1067 818 1112 θεραπευοντας.
865 1064 947 1102 ἀλλ’
977 1070 1123 1102 ἕκαστος
1152 1067 1308 1115 ἐγγύθεν
1322 1071 1362 1103 20
1377 1071 1558 1112 tamquam
1582 1067 1670 1101 haec
1695 1077 1767 1102 non
1792 1066 2019 1111 corrigentes,
2052 1067 2114 1102 sed
2142 1068 2383 1114 unusquisque
2406 1069 2449 1104 de

231 1111 330 1158 ὁρῶν
348 1111 416 1156 τὴν
439 1113 484 1158 ἐφ
524 1111 574 1147 οἷς
598 1111 644 1146 ἄν
665 1113 868 1156 ζημιωθείη
890 1112 997 1155 τυχὸν
1017 1109 1039 1156 ἦ
1058 1112 1208 1157 βλαβείη
1231 1126 1307 1147 ποι-

232 1156 309 1200 νήν,
340 1161 401 1192 καὶ
432 1155 570 1202 ταύτην
598 1157 895 1205 θεραπευομένην
924 1157 1074 1204 βλέπων
1104 1158 1169 1193 τὸν
1196 1162 1308 1206 μέγαν

232 1216 272 1237 τε
295 1206 355 1236 καὶ
375 1200 522 1250 ἀγαθὸν
546 1201 742 1247 ἀνυμνήσει
765 1202 859 1237 θεὸν
881 1201 948 1238 τὸν
964 1204 1079 1238 ταῦτα
1102 1201 1184 1248 ἡμῖν
1205 1217 1309 1247 νομο-

231 1249 387 1291 θετῆσαι
419 1246 536 1285 καλῶς
566 1262 607 1282 τε
637 1251 696 1281 καὶ
727 1245 874 1303 δικαίως
902 1247 1147 1305 ἐλλάμψαντα.
1189 1247 1308 1283 Ἐστω

1376 1113 1537 1158 proximo
1569 1112 1762 1157 respiciens
1794 1122 1944 1157 poenam
1974 1113 2011 1147 in
2043 1112 2171 1158 quibus
2199 1113 2292 1148 forte
2316 1115 2448 1152 damni-

1376 1158 1544 1193 ficabitur
1560 1161 1624 1192 aut
1639 1157 1811 1200 laedetur,
1837 1161 1873 1192 et
1888 1157 1981 1192 hanc
2006 1168 2128 1193 curam
2145 1158 2266 1194 videns
2287 1170 2451 1204 magnum

1378 1206 1413 1238 et
1435 1204 1570 1238 bonum
1592 1202 1753 1238 laudabit
1777 1202 1892 1246 deum,
1917 1203 1978 1249 qui
2000 1203 2089 1239 haec
2114 1215 2178 1239 nos
2197 1205 2335 1239 sancire
2360 1204 2450 1239 bene

1378 1252 1413 1284 et
1436 1249 1529 1283 iuste
1560 1248 1779 1283 illuminavit.
1828 1247 1882 1283 Sit
1911 1258 1994 1292 ergo
2027 1259 2143 1294 poena
2175 1250 2260 1285 talia
2293 1250 2450 1289 commit-

233 1292 273 1328 δὲ
296 1292 405 1351 notua-{2
426 1296 500 1328 τοῖς
523 1295 639 1328 ταῦτα
662 1290 932 1339 ἁμαρτάνουσιν
961 1307 982 1337 η
1006 1298 1226 1341 προϊεμένοις
1250 1292 1309 1340 ἇρ-
1323 1297 1364 1329 25
1378 1294 1534 1329 tentibus
1559 1298 1622 1328 aut
1642 1293 1917 1338 suscipientibus
1941 1293 2118 1330 iudicibus
2143 1296 2179 1330 et
2195 1294 2326 1340 cinguli
2347 1305 2450 1331 casus

232 1351 354 1393 χουσιν
377 1353 399 1384 η
421 1352 462 1373 τε
484 1340 546 1382 τῆς
568 1337 673 1387 ἀρχῆς
696 1341 874 1374 ἔκπτωσις
905 1343 965 1373 καὶ
993 1339 1113 1375 decem
1137 1340 1309 1375 librarum

233 1387 558 1477 ἶέιυέξΕζσΊεμίιλοδγος.)
605 1429 650 1464 Οἱ
667 1433 792 1463 τοίνυν
811 1427 1040 1470 ἐνδοξότατοι
1060 1432 1209 1486 ἔπαρχοι
1232 1431 1310 1464 τῶν

235 1475 344 1521 ἱερῶν
375 1473 478 1519 ἡμῶν
506 1478 743 1529 πραιτωρίων
773 1474 809 1508 οἱ
831 1473 1037 1517 πανταχόσε
1068 1478 1128 1519 τῆς
1151 1475 1309 1519 υπηκόου

1378 1343 1413 1374 et
1436 1339 1558 1374 decem
1581 1339 1750 1374 librarum
1774 1339 1853 1374 auri
1877 1339 2052 1375 damnum.
2179 1352 2182 1357 ·

1422 1429 1695 1476 (Epilogus.)
1730 1429 1983 1465 Gloriosissimi
2005 1430 2112 1474 igitur
2132 1430 2305 1475 praefecti
2328 1441 2449 1467 sacro-

1378 1486 1456 1511 rum
1488 1478 1691 1511 nostrorum
1721 1475 1980 1520 praetoriorum
2015 1475 2075 1519 qui
2105 1487 2169 1522 per
2201 1486 2337 1511 omnem
2369 1477 2450 1512 sub-

234 1521 466 1555 καθεστῶτες
495 1534 561 1554 τον
592 1533 705 1564 νομον
735 1521 876 1573 τοῦτον
899 1518 1137 1566 γινώσκοντες
1169 1520 1307 1566 προθή-
1324 1521 1508 1556 3016010111
1538 1522 1671 1555 terram
1704 1520 1905 1556 consistunt
1935 1520 2046 1564 legem
2076 1521 2168 1556 hanc
2198 1525 2451 1565 cognoscentes

234 1577 359 1600 σουσιν
383 1567 423 1599 ἐν
439 1568 518 1600 ταῖς
533 1561 598 1600 ὑπ’
615 1563 741 1599 αὐτοὺς
765 1563 991 1608 διοικησεσιν,
1016 1567 1079 1599 ἐπί
1101 1579 1139 1600 τε
1161 1564 1310 1600 Ἰταλίας

234 1608 372 1655 ἁπάσης
395 1612 459 1645 ἐπί
479 1623 519 1645 τε
542 1609 682 1655 Λιβύης
710 1611 773 1644 ἐπί
793 1623 833 1644 τε
857 1611 934 1644 τῶν
956 1610 1080 1654 νήσων
1104 1613 1166 1646 ἐπί
1188 1625 1227 1645 τε
1250 1613 1310 1655 τῆς

233 1653 346 1700 Ὲτρας
368 1660 428 1689 καὶ
451 1654 539 1690 ὅσον
563 1657 603 1689 ἐν
624 1654 798 1702 Ἰλλυριοῖς
821 1657 907 1689 ἐστι.
955 1659 1013 1689 καὶ
1037 1657 1196 1691 εἴσονται
1220 1657 1308 1691 πάν-

235 1713 308 1743 τες,
340 1698 440 1736 ὅπως
463 1699 586 1736 αὐτῶν
609 1698 796 1745 κηδόμεθα
825 1701 878 1755 eq}
902 1702 1060 1756 τοσαῇτα
1089 1699 1171 1746 ἡμῖν
1195 1715 1309 1756 παρα-

1378 1569 1581 1612 proponant
1614 1568 1650 1601 et
1673 1576 1736 1610 per
1759 1566 1932 1601 dioecesis
1966 1566 2032 1602 sub
2058 1577 2095 1602 se
2121 1567 2332 1602 constitutas
2359 1572 2394 1602 et
2416 1568 2451 1603 in

1379 1612 1474 1647 omni
1497 1612 1602 1647 Italia
1626 1613 1661 1646 et
1687 1612 1799 1656 Libya
1830 1615 1865 1647 et
1887 1611 2012 1647 insulis
2047 1615 2084 1647 et
2107 1612 2252 1648 Oriente
2281 1617 2316 1647 et
2341 1614 2451 1657 quod-

1380 1667 1530 1701 cumque
1564 1657 1600 1691 in
1634 1656 1775 1702 Illyrico
1808 1660 1880 1700 est,
1917 1660 1954 1692 et
1984 1657 2096 1692 scient
2126 1668 2246 1693 omnes
2276 1658 2451 1703 quomodo

1380 1712 1502 1737 eorum
1528 1712 1648 1736 curam
1672 1702 1855 1744 habemus,
1880 1702 1946 1737 deo
1968 1703 2028 1746 qui
2052 1705 2153 1738 tanta
2177 1703 2279 1738 nobis
2304 1704 2452 1739 contulit

236 1746 360 1801 σχόντι
382 1747 464 1790 θεῷ·
488 1744 721 1793 προςάγοντες
743 1745 809 1780 τὸν
833 1759 956 1790 νομον,
986 1758 1023 1780 ος
1043 1744 1203 1799 μεγάλην
1226 1751 1311 1791 ημῖν
1323 1750 1366 1782 35
1381 1747 1568 1782 offerentes
1593 1748 1722 1792 legem,
1755 1749 1815 1792 qui
1838 1758 2001 1793 magnam
2032 1748 2134 1783 nobis
2163 1759 2228 1793 pro
2253 1748 2303 1783 eis
2326 1759 2451 1795 repen-

235 1805 303 1836 την
321 1793 412 1839 υπὲρ
436 1792 578 1826 ἑαυτῶν
602 1790 800 1838 ἀπολογίαν
823 1789 934 1825 δώσει
958 1804 1107 1826 τοιαυτα
1130 1793 1310 1839 προφάσει

235 1838 296 1880 τῆς
325 1839 405 1871 τῶν
434 1835 607 1880 ὑπηκόων
637 1840 816 1883 σωτηρίας
846 1835 1126 1880 νομοθετήσασι.

292 1882 521 1927 Proponatur
544 1881 865 1928 Constantinopoli.

1380 1793 1553 1827 sationem
1584 1792 1699 1833 dabit,
1738 1792 1821 1827 dum
1852 1794 1939 1828 talia
1974 1804 2038 1838 pro
2072 1803 2184 1829 causa
2214 1794 2452 1830 subiectorum

1381 1837 1506 1873 salutis
1531 1838 1793 1873 sanciverimus.

1427 1883 1654 1928 Proponatur
1675 1883 2080 1928 Constantinopolitanis
2106 1884 2240 1919 civibus
2265 1885 2407 1920 nostris.

271 1925 392 1973 (Dat.
417 1927 453 1962 k.
479 1927 557 1962 Iun.
584 1927 672 1972 GP.)
702 1927 785 1972 imp.
817 1927 875 1962 dn.
909 1927 1096 1962 Iustiniani
1126 1938 1186 1972 pp.
1220 1928 1310 1972 Aug.
1327 1931 1368 1963 39
1427 1928 1510 1963 Dat.
1535 1928 1607 1963 kal.
1632 1928 1710 1963 Iun.
1738 1928 1805 1963 GP.
1831 1929 1914 1973 imp.
1939 1929 2033 1974 (dn.)
2058 1929 2246 1964 Iustiniani
2277 1941 2337 1976 pp.
2362 1931 2452 1975 Aug.

236 1983 319 2008 ann.
343 1972 423 2008 XII.
448 1973 609 2008 Iohanne
629 1984 660 2007 v.
680 1983 710 2008 c.
736 1982 833 2007 cons.

235 2041 260 2076 2
306 2040 490 2076 moderate
512 2044 548 2076 et
568 2041 661 2075 iuste
684 2040 887 2086 qubernare
897 2041 1035 2120 (possit.

238 2086 318 2121 ticis
340 2086 413 2121 sive
438 2085 521 2136 aliis
543 2088 669 2138 utatur
692 2084 736 2120 de
759 2085 893 2121 eiusmo
914 2086 934 2136 i
956 2095 997 2119 re

235 2141 404 2177 poenam,
427 2141 457 2165 si
482 2141 545 2166 eas
568 2140 712 2165 ommno
735 2134 970 2175 susceperant.

1275 1976 1319 2014 [a.
1335 1975 1411 2016 538]
1471 1983 1564 2008 anno
1588 1973 1669 2008 XII.
1694 1974 1852 2009 Iohanne
1876 1985 1907 2008 v.
1936 1983 1965 2008 c.
1993 1975 2150 2009 consule.

1129 2039 1265 2082 Quodsi
1289 2042 1394 2075 etiam
1419 2042 1500 2086 quis
1523 2042 1638 2075 sacris
1669 2041 1883 2087 quibusdam
1911 2042 2159 2076 sanctionibus
2188 2043 2261 2077 sive
2278 2054 2452 2088 praqma-

1019 2086 1033 2118 i
1057 2085 1091 2119 si
1111 2085 1299 2131 praebitis,
1324 2086 1470 2120 omnino
1494 2086 1623 2121 irritae
1642 2090 1748 2121 erunt
1755 2099 1768 2127 ;
1800 2097 2038 2132 maqnamque
2061 2087 2295 2131 maqistratus
2318 2090 2454 2124 solvent

1055 2141 1144 2175 eque
1168 2129 1267 2174 quod
1286 2130 1429 2175 factum
1453 2134 1505 2165 est
1527 2131 1655 2173 solum,
1679 2131 1743 2166 sed
1762 2131 1868 2166 etiam
1893 2132 1991 2176 quod
2011 2132 2178 2175 futurum
2202 2138 2256 2167 est
2274 2144 2451 2168 sanamus.

238 2176 381 2213 Etenim
411 2175 444 2210 si
471 2179 602 2224 postea
633 2174 722 2221 quid
751 2174 924 2210 eiusmodi
956 2174 1167 2221 quibusdam
1199 2185 1247 2211 ex
1278 2176 1425 2222 nostris¹
1442 2175 1611 2211 subiectis
1637 2176 1861 2221 praebeatur
1892 2176 1947 2211 vel
1977 2177 2042 2212 alii
2073 2177 2139 2211 ulli
2172 2188 2295 2212 eorum
2326 2178 2454 2224 quibus

236 2232 350 2269 supra
370 2220 625 2257 interdiximus
647 2220 698 2262 (in
722 2220 863 2267 quibus,
888 2220 944 2255 uti
965 2219 1097 2255 dictum
1122 2224 1191 2262 est,
1225 2221 1332 2255 etiam
1356 2220 1524 2265 ecclesias
1546 2224 1582 2255 et
1604 2221 1822 2257 venerabilia
1845 2222 2066 2257 monasteria
2097 2226 2133 2257 et
2162 2233 2288 2258 sacras
2310 2228 2455 2259 nostras

236 2267 363 2302 domos
387 2270 423 2302 et
444 2276 570 2301 sacras
597 2265 772 2312 privatas-
796 2268 834 2300 et
852 2275 998 2301 sacrum
1019 2265 1285 2312 patrimonium
1315 2265 1673 2312 comprehendimus),
1705 2277 1749 2300 ne
1773 2267 1827 2301 illi
1851 2266 1991 2312 quidem
2017 2268 2160 2302 omnino
2191 2279 2232 2304 re
2252 2269 2455 2313 potientur:

235 2313 375 2358 eritque
398 2310 486 2346 Ilaec
514 2311 577 2348 lex
603 2321 696 2360 quae
719 2321 833 2356 usque
856 2321 1000 2363 quaque
1023 2321 1126 2345 suam
1149 2310 1218 2346 vim
1248 2311 1341 2349 iuste
1361 2311 1536 2347 extendat
1558 2320 1603 2346 ac
1623 2311 1731 2346 simul
1752 2315 1788 2346 et
1805 2311 1940 2356 futura
1962 2316 2061 2348 certa
2080 2313 2276 2353 constituat
2297 2318 2332 2348 et
2343 2325 2454 2360 prae-

236 2358 261 2394 3
309 2357 423 2394 teritis
445 2355 638 2392 medeatur.
734 2355 872 2392 Scitote
894 2359 1007 2402 iqitur
1031 2366 1152 2391 omnes
1175 2355 1309 2392 subditi

1357 2367 1574 2402 uoscumque
1604 2356 1692 2392 deus
1715 2361 1750 2391 et
1772 2357 1970 2392 maioribus
1993 2358 2129 2393 nostris
2159 2364 2194 2392 et
2217 2357 2320 2394 nobis
2343 2359 2454 2394 dona-

236 2403 305 2445 vit,
341 2413 408 2438 nos
440 2400 534 2437 banc
565 2401 678 2449 leqem
709 2401 822 2438 latam
853 2401 954 2437 vobis
984 2400 1073 2436 dare
1105 2407 1242 2436 omnem
1278 2412 1321 2438 vo
1347 2401 1378 2436 is
1408 2403 1636 2437 securitatem
1665 2402 1962 2447 qratificaluros;
1996 2414 2060 2441 nec
2090 2413 2154 2438 vos
2183 2403 2294 2449 lonqa
2324 2404 2455 2440 itinera

236 2449 406 2491 facturos
435 2457 512 2482 esse
542 2457 608 2482 nec
638 2445 810 2483 adversus
834 2446 1062 2495 potentiores
1093 2445 1354 2483 lamentaturos
1386 2457 1451 2482 nec
1478 2457 1544 2483 nos
1574 2447 1858 2493 reprehensuros
1894 2452 1935 2483 ut
1965 2449 2028 2493 qui
2058 2447 2148 2484 Ιιαεο
2179 2459 2251 2485 non
2281 2460 2453 2485 sanemus.

238 2492 311 2529 Sed
332 2492 580 2572 unusquisZue
603 2503 623 2527 e
643 2491 855 2540 propinquo
879 2490 1001 2529 videns
1019 2502 1180 2538 poenam
1204 2491 1248 2527 de
1271 2491 1327 2534 iis,
1351 2491 1482 2537 quibus
1502 2491 1605 2537 forte
1629 2492 1795 2527 laedatur
1819 2493 1874 2528 vel
1896 2493 2027 2528 damno
2052 2493 2252 2538 afficiatur,
2283 2498 2456 2533 statutam

237 2543 273 2574 et
302 2537 474 2574 medelam
528 2537 560 2573 is
589 2536 739 2573 allatam
769 2537 966 2584 respiciens
994 2547 1163 2582 maqnum
1194 2540 1230 2572 et
1258 2536 1388 2572 bonum
1418 2536 1523 2574 deum
1550 2536 1795 2583 praedicabit,
1828 2538 1891 2583 qui
1922 2549 1990 2574 nos
2021 2538 2218 2574 illustravit
2247 2543 2288 2574 ut
2310 2538 2398 2576 haec
2422 2545 2458 2575 et

234 2582 388 2630 pulchre
405 2586 442 2618 et
460 2582 552 2617 iuste
571 2582 802 2618 sanciremus.
851 2581 941 2624 Esto
957 2586 1075 2617 autem
1092 2592 1219 2629 poena
1237 2581 1510 2628 maqistratibus
1532 2583 1597 2628 qm·
1619 2582 1707 2618 haec
1727 2582 1937 2628 delinquant
1957 2583 2014 2618 vel
2031 2583 2235 2629 neqkqant,
2259 2588 2295 2621 et
2312 2585 2456 2620 amissio

237 2629 472 2675 maqistratus
495 2631 530 2662 et
551 2627 670 2663 decem
694 2627 780 2663 auri
800 2626 974 2666 librarum
997 2626 1119 2662 multa.

374 2672 461 2719 Epi
469 2672 483 2707 l
491 2683 611 2718 oqus.
662 2672 922 2712 Gloriosissimi
942 2672 1055 2718 iqitur
1073 2672 1257 2718 praefecti
1280 2683 1386 2708 sacro
1410 2675 1535 2710 nostro
1554 2674 1744 2718 praetorio
1768 2673 1831 2718 qui
1855 2673 1986 2719 ubique
2009 2674 2047 2708 in
2067 2673 2206 2710 dicione
2223 2678 2349 2710 nostra
2371 2671 2458 2711 sunt

238 2719 333 2755 hanc
356 2718 468 2769 leqem
492 2721 750 2764 coqnoscentes
773 2718 812 2754 in
835 2716 1056 2753 dioecesibus
1079 2728 1173 2770 quae
1195 2716 1260 2753 sub
1285 2718 1375 2763 ipsis
1397 2721 1482 2769 sunt
1497 2723 1722 2764 proponent,
1754 2722 1790 2753 et
1812 2718 1850 2752 in
1870 2716 1983 2770 [talia
2008 2723 2085 2755 tota
2107 2724 2147 2770 et
2166 2719 2204 2753 in
2228 2718 2343 2765 Libya
2366 2725 2402 2756 et
2419 2721 2458 2755 in

237 2764 365 2800 insulis
389 2766 425 2798 et
445 2773 484 2797 m
503 2762 647 2799 Oriente
670 2766 704 2798 et
727 2767 900 2811 quantum
925 2764 963 2797 in
983 2761 1134 2808 Illyrico
1159 2767 1229 2804 est;
1254 2767 1363 2808 atquc
1384 2767 1497 2800 scient
1516 2773 1649 2805 omnes,
1673 2763 1854 2809 quomodo
1869 2774 2261 2844 ‘ipszsdprospictamug
2285 2775 2364 2800 eum
2388 2765 2455 2801 deo

238 2810 304 2861 qui
325 2807 414 2846 haec
438 2812 541 2844 tanta
565 2808 667 2844 nobis
715 2807 857 2845 raebuit
881 2807 1078 2853 offeramus
1103 2807 1225 2861 Zeqem,
1260 2818 1353 2854 quae
1376 2818 1544 2854 maynum
1566 2807 1670 2845 nobis
1691 2809 1935 2854 patrocinium

237 2855 328 2902 ipsis
351 2854 417 2900 qui
438 2853 527 2888 talia
543 2863 618 2900 pro
641 2863 683 2888 sa
699 2856 758 2888 ute
781 2852 1006 2892 subditorum
1028 2864 1270 2890 sanxerimus.

286 2937 301 2968 1
329 2935 389 2966 καὶ
413 2946 469 2966 om.
485 2945 504 2969 ς
518 2931 531 2975 ΙΙ
556 2943 630 2965 τισι
655 2945 711 2964 om.
728 2932 763 2965 B
779 2931 791 2976 ΙΙ
819 2934 837 2965 5
864 2929 1053 2975 γινόμενον
1068 2932 1160 2974 Β(ς)
1177 2933 1188 2976 ΙΙ
1205 2929 1319 2976 μόνον

241 2993 298 3013 om.
309 2979 346 3012 Β
356 2977 369 3019 ΙΙ
389 2973 654 3022 θεραπεύομεν]
667 2977 887 3010 medebuntur
899 2989 918 3013 ς
929 2977 942 3020 ΙΙ
960 2979 979 3010 6
993 2973 1083 3010 ἀλλὰ
1094 2979 1166 3018 καὶ]
1186 2980 1246 3010 καὶ
1259 2990 1316 3010 om.

240 3025 272 3058 L
287 3024 300 3068 ΙΙ
319 3027 337 3057 7
351 3022 373 3066 ἢ
392 3023 514 3067 ἑτέρῳ]
535 3018 694 3066 ἡμετέρῳ
710 3023 758 3055 B⁶
776 3022 788 3065 ΙΙ
806 3025 826 3057 9
839 3025 899 3054 καὶ
915 3019 1109 3064 ἐκκλησίας]
1128 3024 1187 3054 καὶ
1204 3035 1261 3055 om.
1273 3035 1291 3058 ς
1307 3022 1319 3067 Η

243 3072 284 3104 10
292 3082 342 3113 sq.
359 3070 420 3109 καζ
434 3067 497 3101 τὰς
513 3067 617 3101 θείας
637 3070 841 3112 περιουσίας
856 3069 915 3100 καὶ
934 3064 997 3100 τὸν
1011 3066 1117 3100 θεῖον
1130 3066 1318 3110 θησαυρόν

242 3116 276 3148 Β
291 3113 304 3152 ΙΙ
327 3117 363 3148 11
379 3110 479 3149 οὗτοι
492 3133 533 3137 -
551 3115 591 3146 12
603 3109 854 3156 κρατήσουσιν]
871 3113 933 3145 hoe
946 3131 990 3136 —
1002 3113 1126 3144 valebit
1139 3125 1158 3148 ς
1175 3113 1189 3156 ΙΙ
1214 3114 1253 3147 13
1267 3109 1317 3144 δι-

240 3162 349 3192 καίαν
362 3159 394 3193 L
410 3158 423 3202 ΙΙ
441 3159 612 3192 ἐκτείνειν
626 3158 673 3190 L²
689 3157 702 3200 ΙΙ
728 3159 769 3191 14
804 3154 813 3166 ’
848 3158 916 3199 ανῆ
927 3158 978 3191 La
995 3157 1007 3200 ΙΙ
1026 3155 1228 3202 παρελθών
1240 3159 1291 3190 La
1307 3163 1318 3201 Η

245 3207 284 3238 15
306 3203 451 3246 ἐπήκοοι
464 3204 514 3237 Μ
531 3202 545 3247 ΙΙ
569 3206 610 3237 16
630 3205 690 3235 καὶ
709 3170 862 3245 ἡμῖνῒῧ]
887 3199 970 3246 ἡμῖν
991 3215 1032 3236 τε
1052 3203 1121 3236 LB
1137 3204 1148 3244 ΙΙ
1178 3205 1216 3236 17
1235 3199 1318 3244 ἡμῖν

242 3250 293 3284 B⁶
308 3249 320 3294 ΙΙ
339 3245 423 3292 ἡμῖν
436 3249 486 3283 B⁶
504 3248 517 3292 ΙΙ
535 3249 576 3282 18
597 3245 873 3293 ὁδοιπορήσεται
894 3256 923 3281 et
943 3250 983 3282 19
1000 3245 1216 3292 δακρύσεται
1236 3248 1284 3280 L²
1307 3248 1319 3291 ΙΙ

241 3293 359 3339 μακρὰ
375 3294 419 3331 Μ
430 3292 444 3338 ΙΙ
462 3296 502 3328 19
514 3292 713 3337 μέμψασθε
737 3292 969 3337 (μέμψασθαι
982 3293 1042 3335 12¹)
1066 3293 1098 3325 L
1115 3292 1128 3336 1]
1154 3293 1191 3327 21
1206 3289 1318 3334 τύχην

243 3341 293 3373 La
311 3340 324 3383 ΙΙ
348 3341 391 3373 22
417 3340 475 3383 leq.
500 3338 615 3372 ταῦτα
640 3336 940 3382 θεραπευόμεναῖ>
964 3338 1090 3382 (ταύτῃ
1116 3337 1318 3383 θεραπείαν

242 3386 438 3429 γενομένην
462 3386 542 3422 coni.
559 3384 758 3424 Zachariae)
785 3382 796 3427 ΙΙ
822 3386 915 3428 με’γα
931 3385 961 3416 L
988 3383 1000 3427 ΙΙ
1028 3384 1070 3417 23
1096 3382 1199 3416 θεῶν
1223 3384 1272 3416 La
1308 3383 1319 3427 ῙΙ

246 3431 287 3463 25
311 3431 385 3462 τοῖς
408 3429 536 3470 ταῦτα]
561 3428 642 3461 talia
664 3439 683 3463 ς
712 3427 724 3471 n
752 3430 974 3471 προϊεμένοις
991 3428 1049 3470 M]
1075 3430 1319 3473 προσιεμένοις

246 3475 334 3509 LBe
354 3474 367 3518 1]
397 3476 440 3509 26
465 3474 574 3507 decem
597 3473 757 3510 libratum
781 3474 855 3506 auri
879 3471 958 3515 ἤτοι
982 3474 1104 3516 ζημία,
1136 3486 1161 3506 s.
1178 3487 1206 3507 υ.
1233 3470 1319 3507 δέκα

247 3516 379 3562 λιτρῶν
402 3523 547 3563 χρυσίου
573 3520 618 3552 Μ
647 3516 732 3552 δέκα
757 3516 891 3562 λιτρῶν
914 3521 1058 3564 χρυσίου
1084 3519 1192 3561 ζημία
1215 3519 1285 3552 LB
1307 3517 1319 3562 ΙΙ

247 3563 290 3595 28
314 3559 494 3608 *ὕπαρχοι
508 3565 579 3598 ML
598 3563 610 3608 fl
627 3566 669 3598 30
690 3560 964 3608 προσθήσουσιν
983 3565 1013 3597 L
1032 3565 1043 3606 ss
1060 3566 1101 3599 31
1124 3564 1164 3608 ἐν
1182 3566 1259 3597 ταῖς
1274 3581 1317 3588 -—

248 3602 474 3650 διοικήσεσιν]
492 3611 524 3641 et
539 3619 597 3651 per
614 3611 646 3650 (i.
662 3623 687 3642 e.
709 3610 749 3641 ἔν
768 3621 808 3642 τε
827 3611 916 3650 ταῖς)
941 3610 1097 3642 dioecesis
1121 3621 1141 3646 ς
1158 3613 1172 3653 Ι]
1186 3609 1250 3642 ἐπί
1266 3611 1317 3650 τε]

248 3651 312 3683 ἐπί
326 3663 365 3683 τε
386 3653 446 3684 τοῦ
462 3653 509 3685 L¹
530 3655 543 3696 ΙΙ
569 3655 611 3688 36
624 3654 778 3695 ἑαυτῶν]
799 3655 845 3686 eis
858 3656 891 3694 (i.
907 3667 931 3687 e.
949 3652 1085 3697 αὐτῶν)
1098 3665 1117 3690 ς
1134 3653 1147 3697 ΙΙ
1169 3653 1318 3686 τοιαῦτα

250 3695 292 3728 Μ
298 3697 327 3736 ς]
352 3698 424 3728 τοῖς
447 3697 561 3729 ταῦτα
575 3699 605 3731 L
629 3699 641 3742 ΙΙ
671 3701 711 3732 37
737 3699 811 3740 τῆς]
829 3701 902 3732 τοῖς
919 3700 965 3733 M
966 3726 975 3742 ‚
1003 3699 1065 3742 τῆς
1088 3707 1118 3732 et
1141 3701 1318 3744 σωτηρίας

2010 2814 2093 2845 tura
2116 2813 2169 2844 est
2188 2820 2260 2855 pro
2285 2810 2459 2847 nobismet

1386 2945 1444 2965 om.
1459 2933 1490 2965 L
1505 2931 1518 2975 n
1537 2933 1580 2967 38
1598 2932 1890 2975 Oonstantinupoli
1906 2934 1947 2965 M
1968 2933 1981 2977 ss
2003 2935 2044 2968 39
2065 2934 2129 2965 dat.
2147 2934 2180 2968 k.
2196 2935 2271 2968 lun.
2287 2935 2352 2968 GP.
2373 2938 2405 2968 in
2420 2936 2460 2968 M

1386 2979 1503 3010 omissa
1523 2991 1561 3011 ex
1573 2990 1593 3013 ς
1612 2979 1689 3010 aad.
1702 2978 1806 3021 vuly.;
1833 2975 1966 3023 ἐγράφη
1990 2975 2183 3011 καλανδῶν
2205 2974 2362 3012 Ἰουλίων
2381 2981 2458 3014 ΑίῙι.

1387 3020 1601 3065 ἑξεφωνήθη
1625 3024 1711 3066 μηνὶ
1733 3022 1856 3064 ἰουνίῳ
1873 3023 1991 3056 Theod.
2009 3023 2021 3066 ΙΙ
2040 3024 2118 3066 imp.
2134 3024 2187 3057 dn.
2202 3024 2390 3058 Iustiniano
2403 3037 2456 3068 pp.

1386 3078 1461 3109 aug.
1476 3078 1552 3100 ann.
1567 3068 1637 3100 XII
1655 3068 1807 3100 Iohanno
1821 3078 1870 3100 uc.
1886 3078 1989 3101 conss.
2004 3070 2051 3101 M
2053 3070 2108 3111 (ς),
2124 3067 2306 3111 βασιλείας
2317 3069 2457 3103 Ἰουστι-

1386 3113 1511 3145 νιανοῦ
1524 3111 1566 3145 τὸ
1581 3110 1628 3156 ιβ’
1641 3109 1813 3146 ὑπατείας
1824 3109 1991 3147 Ἰωάννου
2004 3115 2078 3148 Am.
2102 3113 2152 3157 ιβ’
2166 3115 2265 3148 ἔτους
2280 3116 2340 3157 τῆς
2355 3118 2456 3158 βασι-

1388 3156 1480 3191 λείας
1503 3155 1660 3200 ὑπατείᾳ
1683 3154 1850 3191 Ἰωάννου
1868 3159 1899 3191 Τ
1896 3160 2003 3197 beod.;
2028 3162 2147 3193 subscr.
2165 3173 2221 3193 om.
2237 3161 2301 3193 Iul.

1435 3252 1449 3282 1
1467 3252 1552 3283 rubr.
1578 3251 1628 3282 De
1647 3251 1697 3282 his
1715 3251 1835 3291 quibus
1856 3250 1920 3282 fori
1938 3251 2154 3292 praescriptio
2174 3251 2354 3291 denegatur
2375 3249 2406 3281 R
2423 3251 2455 3281 in

1387 3307 1486 3338 marq.
1500 3295 1552 3336 (ex
1564 3295 1642 3336 Iul.)
1660 3296 1673 3337 Η
1696 3297 1717 3329 2
1738 3295 1902 3336 largitatis
1916 3295 1963 3327 Β*
1983 3294 1995 3339 ΙΙ
2019 3297 2039 3330 3
2058 3295 2181 3328 infirmi
2203 3293 2278 3337 V¹fl
2302 3296 2322 3327 5
2340 3293 2388 3333 fit]
2413 3294 2456 3325 sit

1386 3340 1432 3372 R¹
1454 3339 1465 3383 ΙΙ
1481 3340 1684 3372 medebimur
1697 3341 1790 3373 Beck
1807 3340 1819 3384 ΙΙ
1837 3342 1869 3372 et
1889 3340 1976 3382 quod
1998 3340 2042 3380 V]
2069 3340 2156 3382 quod
2172 3340 2268 3372 etiam
2291 3338 2419 3381 Rvulq.
2445 3339 2456 3381 Η

1381 3382 1407 3417 11
1420 3385 1448 3416 si
1464 3398 1520 3417 om.
1533 3386 1579 3418 R¹
1606 3384 1611 3429 Ι
1629 3387 1647 3419 8
1661 3386 1886 3418 conuertimur
1908 3385 1962 3429 Vn
1984 3387 2022 3419 12
2035 3386 2120 3418 iuste
2136 3397 2193 3418 om.
2211 3382 2264 3426 1⁷ss
2282 3383 2455 3416 ostendens

1396 3430 1427 3460 V
1439 3429 1450 3471 ΙΙ
1470 3431 1510 3463 15
1525 3433 1557 3462 et
1613 3430 1638 3472 ³]
1663 3431 1698 3462 in
1712 3431 1804 3463 RV*
1823 3430 1835 3475 Ι]
1853 3432 1894 3465 20
1909 3441 1994 3463 unus
2007 3431 2080 3472 quis
2100 3429 2158 3470 Vl!
2173 3428 2215 3461 22
2227 3426 2349 3460 leditur
2365 3429 2396 3460 R
2408 3428 2456 3473 VH

1387 3477 1511 3516 curam]
1531 3475 1572 3509 05
1593 3478 1628 3517 (i.
1639 3488 1665 3510 e.
1679 3477 1788 3517 causa)
1809 3487 1921 3509 curam
1935 3476 1995 3514 Ra,
2017 3477 2076 3518 leq.
2093 3471 2262 3506 curatam?
2281 3473 2292 3513 ΙΙ
2316 3474 2358 3505 24
2374 3473 2453 3505 illu-

1387 3520 1528 3552 minabit
1540 3521 1574 3552 R
1584 3521 1617 3553 V
1628 3521 1640 3563 ΙΙ
1656 3521 1933 3554 oommutentibus
1945 3521 1994 3553 R¹
2010 3519 2023 3562 ΙΙ
2042 3520 2084 3553 26
2096 3520 2129 3550 et
2141 3516 2262 3557 decem]
2281 3519 2311 3549 et
2324 3531 2381 3550 om.
2405 3518 2455 3562 Vn

1387 3566 1428 3598 28
1441 3565 1625 3607 gloriossimi
1638 3567 1670 3599 R
1682 3564 1694 3610 fl
1705 3566 1878 3610 praefectis
1894 3565 1945 3607 VH
1961 3566 2002 3598 31
2015 3564 2220 3605 praeponant
2238 3562 2286 3604 V33
2299 3563 2454 3596 dieocesis

1395 3610 1425 3642 V
1434 3611 1572 3643 diocesis
1581 3612 1613 3644 R
1624 3610 1637 3656 Ιί
1646 3612 1689 3647 32
1702 3611 1783 3644 111110
1791 3611 1826 3644 R
1835 3609 1880 3655 Vfl
1892 3611 1933 3652 33
1946 3608 2069 3641 illirico
2077 3606 2111 3639 R
2120 3607 2166 3648 Vll
2183 3609 2223 3639 35
2237 3618 2356 3648 magna
2365 3608 2398 3641 R
2409 3608 2454 3654 Vn

1387 3655 1429 3687 39
1442 3658 1563 3689 subscr.
1603 3663 1725 3689 ramat
1736 3657 1805 3689 cod.
1819 3651 2052 3693 Ambrac‘ensis‚
2070 3651 2135 3683 dat.
2151 3652 2215 3684 kal.
2231 3653 2304 3684 Iun.
2320 3655 2453 3696 reliquis

1386 3702 1510 3734 omissis
1526 3669 1683 3745 Vflust.
1691 3710 1746 3743 pp.
1758 3710 1787 3732 a.
1800 3709 1854 3732 an.
1863 3698 1944 3732 XII.
1957 3697 2107 3730 Iohanne
2120 3697 2184 3729 uic.
2199 3698 2331 3731 consule
2341 3700 2450 3732 Ambr-
