2618 4010
276 137 383 182 Nov.
414 138 642 181 LXXXIII
659 151 720 194 pr.
751 142 772 181 1

275 247 399 292 στάτφ
424 245 613 292 ἐπισκόπῳ
645 252 766 292 τεμεῖν
794 249 862 293 τὴν
886 246 1083 290 ὑπόθεσιν,
1114 248 1201 285 τότε
1225 249 1352 286 ἄδειαν

275 294 366 328 εἶναι
389 296 449 327 καὶ
473 293 571 338 παρὰ
601 293 683 328 τοὺς
714 293 917 330 πολιτικοὺς
947 294 1123 340 ἄρχοντας
1151 296 1261 338 ἰέναι,
1291 299 1351 330 καὶ

273 340 351 372 τῶν
374 342 585 383 προνομίων
609 336 791 374 ἁπάντων
861 339 1106 383 λαττομένιυν,
1135 337 1257 374 ὁπόσα
1279 344 1352 376 τοῖς

274 380 550 427 εὐλαβεστάτοις
579 381 754 429 κληρικοῖς
787 397 824 419 αι
857 385 957 418 θεῖαι
987 382 1166 425 διατάξεις
1197 383 1352 426 διδόασι,

1352 135 1434 185 410

1837 154 1900 187 111⁸
1927 154 2104 187 <mmm
2131 153 2254 187 Arm)
2283 151 2497 187 m!

1421 249 1564 286 amabili
1588 249 1757 297 episcopo
1779 251 1944 291 decidere
1974 254 2171 299 negotium,
2201 255 2288 289 tunc
2318 253 2498 290 licentiam

1421 305 1501 331 esse
1515 297 1553 330 et
1564 295 1611 330 ad
1623 295 1742 332 civiles
1757 296 1893 334 iudice·
1907 308 1972 344 per
2015 309 2064 343 re,
2082 303 2118 335 et
2129 298 2319 344 privilegiis
2332 298 2496 335 omnibus

1421 339 1626 381 custoditis,
1646 349 1745 392 ‘quae
1770 343 1944 379 reverenti
2031 344 2061 380 's
2084 344 2222 380 clericis
2245 353 2373 380 sacrae
2394 353 2498 389 prae-

1420 387 1520 420 stant
1539 385 1824 429 constitutiones,
1847 390 1884 425 et
1901 386 2038 433 litigare
2053 394 2089 424 et
2108 389 2405 425 examinationem
2420 388 2497 424 fieri

274 431 335 462 καὶ
357 425 609 474 ἀγωνίζεσθαι
632 433 692 463 καὶ
709 432 819 475 πέρας
842 429 1084 463 ἐπιτίθεσθαι
1107 431 1152 476 τῇ
1177 428 1268 478 δίκῃ,
1292 433 1353 464 καὶ
1389 434 1409 466 5
1422 433 1457 465 et
1478 429 1666 465 terminum
1697 430 1833 484 ἰῳροιὶί
1854 430 1908 467 lffi
1930 437 1967 468 ot
1988 433 2041 469 itt
2067 434 2216 470 liberam
2239 433 2317 470 fieri
2339 443 2496 470 causam.

274 469 389 507 οὕτως
413 471 605 528 ἐλεύθερον
627 475 799 520 γίνεσθαι
822 473 1066 527 πραγμάτων·
1100 476 1178 509 τῶν
1192 474 1352 520 λαμπρυ-

274 517 400 552 τάτων
423 517 614 564 αρχόντων
644 519 737 553 κατὰ
765 520 847 554 τοὺς
869 521 1056 564 ημετέρους
1087 518 1218 564 νόμους
1247 531 1353 554 σπευ-

275 559 420 597 δόντων
451 563 519 599 σύν
543 563 642 611 πάσῃ
667 564 858 610 προθυμία
880 566 941 597 καὶ
964 562 1065 606 τάχει
1088 563 1152 599 τὰς
1177 563 1277 599 δίκας
1297 578 1352 599 τε-

273 611 382 662 laetu,³
402 604 489 642 ὥςτε
517 609 567 653 μὴ
602 607 659 643 διὰ
691 610 755 644 τὰς
785 608 954 643 τοιαύτας
985 610 1100 644 αἰτίας
1135 611 1213 644 τῶν
1245 610 1352 655 ἱερῶν

1423 474 1636 510 clarissimis
1659 475 1837 511 iudlcibus
1855 477 2050 515 seeundum
2070 484 2212 515 nostras
2235 482 2330 524 leges
2354 478 2498 514 studen-

1421 519 1518 556 tibus
1543 530 1623 555 cum
1646 521 1935 566 magnanimitate
1965 524 2002 558 et
2022 523 2190 560 velociter
2218 524 2299 560 lites
2324 523 2498 567 decidere,

1421 567 1464 600 ut
1486 575 1557 600 non
1581 569 1728 610 propter
1751 566 1952 602 huiusmodi
1977 577 2104 604 causas
2135 570 2246 605 sacris
2270 573 2500 605 amoveantur

1422 610 1616 655 obsequiis,
1648 614 1683 645 et
1714 621 1794 646 cum
1825 614 1990 656 oporteat
2018 613 2121 649 deum
2144 614 2282 659 placari
2308 617 2345 650 et
2368 614 2495 650 decen-

275 663 404 706 aqus
435 650 725 709 ἅπασχολεῖσθιιι
757 654 937 699 πράξεων,
966 656 1026 687 καὶ
1051 652 1133 688 δέον
1164 654 1232 689 τὸν
1259 655 1353 689 θεὸν
1370 655 1473 690 lotia
1502 655 1748 692 sacerdotibus
1780 656 1856 700 agi,
1887 657 2074 693 auditoriis
2107 658 2333 696 detineantur
2360 661 2397 695 et
2425 659 2499 694 illic

275 696 444 732 ἱκετευειν
468 702 527 732 καὶ
550 713 597 733 τα
617 699 745 744 ἱερεῖσι
765 701 952 744 πρέποντα
976 698 1162 743 πράττειν,
1187 697 1352 743 δικαστη-

274 746 365 787 ρίων
400 740 598 786 ἀνέχεσθαι
633 747 693 778 καὶ
727 745 804 778 τῶν
840 746 951 777 ἐκεῖσε
986 743 1163 788 θορύβων
1198 748 1257 778 καὶ
1290 746 1353 788 τῆς

275 789 502 834 ἐγγινομένης
533 790 689 834 ταραχῆς
718 792 795 822 ταῖς
829 790 906 822 τῶν
936 786 1184 833 δικαζομένων
1214 793 1351 835 ψυχαῖς.

273 833 298 868 2
344 834 391 867 Εἰ
412 836 538 877 μέντοι
562 837 643 879 περὶ
663 836 681 867 ἐ
767 832 898 888 μάτων
922 832 1121 887 ἐνάγοιντο,
1146 835 1176 868 εἰ
1198 836 1266 879 μὲν
1288 847 1353 870 πο-

1421 699 1538 736 turbia
1556 702 1664 744 atque
1681 699 1888 737 inhaerente
1903 702 2059 738 tumultu
2074 702 2284 748 litigantium
2299 704 2498 741 animabus.

1421 835 1446 870 2
1492 835 1530 870 Si
1553 838 1673 870 tamen
1696 834 1740 870 de
1765 834 1971 872 criminibus
2001 837 2274 881 conveniantur,
2304 839 2336 874 si
2359 839 2499 883 quidem

274 875 433 919 λιτικῶν,
465 879 633 913 ἐνταῦθα
654 881 723 923 μὲν
745 891 779 912 οι
793 890 995 932 τπροςφοροι
1019 891 1204 925 αρχοντες,
1229 882 1290 915 ἐπὶ
1314 878 1354 914 δὲ
1368 883 1408 916 15
1423 880 1593 923 civilibus,
1618 880 1678 915 hic
1701 880 1841 925 quidem
1866 885 2106 926 competentes
2129 882 2278 926 iudices,
2301 883 2339 919 in
2358 885 2498 929 provin-

274 923 351 957 τῶν
369 924 555 968 ἐπαρχιῶν
574 923 610 958 οἱ
624 923 765 958 τούτων
781 936 974 970 ηγουμενοι
990 925 1158 959 ἔστωσαν
1174 923 1353 968 δικασταί,

272 967 323 1011 μὴ
347 966 632 1014 ὑπερβαινοὺσης
658 970 720 1012 τῆς
743 966 841 1012 δίκης
862 970 990 1023 μηνῶν
1020 967 1084 1003 δύο
1109 970 1352 1015 προθεσμίαν,

275 1009 343 1058 ἀφ’
361 1006 405 1047 οὗ
427 1013 666 1068 προκάταρξις
689 1017 852 1060 γένηται,
877 1012 965 1048 ω’ςτε
984 1013 1166 1059 σύντομον
1188 1017 1352 1050 ἐπιτίθε-

1423 926 1486 961 ciis
1511 930 1629 960 autem
1653 925 1779 960 harum
1803 926 1984 970 praesides
2009 927 2081 962 sint
2101 927 2258 972 iudices,
2286 939 2359 964 non
2381 931 2498 964 trans-

1423 971 1595 1006 cendente
1622 970 1686 1006 lite
1708 971 1881 1006 mensium
1913 972 2064 1007 duorum
2091 973 2248 1018 spatium
2271 982 2315 1008 ex
2333 983 2405 1018 quo
2427 974 2499 1009 litis

1422 1016 1635 1051 contestatio
1671 1015 1728 1058 fit,
1769 1019 1945 1061 quatenus
1980 1017 2097 1053 brevis
2131 1018 2336 1063 imponatur
2369 1028 2500 1054 causae

274 1058 367 1092 σθαι
398 1072 451 1101 τῳ
477 1071 663 1105 πραγματι
687 1062 805 1105 πέρας.
853 1061 988 1094 ἐκείνου
1021 1058 1130 1103 δήλου
1154 1058 1275 1099 ὄντος,
1306 1057 1354 1095 αἷς
1421 1061 1603 1096 terminu&
1652 1060 1745 1096 Illud
1776 1061 1894 1106 palam
1926 1065 1998 1105 est,
2032 1062 2064 1098 si
2094 1072 2193 1098 reum
2222 1072 2301 1099 esse
2323 1064 2502 1107 putaverit

274 1103 310 1137 εἴ
326 1116 366 1150 γε
381 1099 593 1138 ὑπεύθυνον
614 1104 708 1139 εἶναι
731 1104 800 1139 τὸν
816 1104 1037 1158 ἐνργόμενον
1054 1109 1234 1151 νομίσειεν
1254 1105 1273 1140 ὁ
1291 1107 1353 1150 τῆς
1366 1109 1407 1141 20
1422 1116 1502 1142 eum
1523 1106 1583 1160 qui
1604 1106 1811 1142 convenitur
1825 1107 2029 1159 provinciae
2044 1117 2190 1154 praeses
2213 1111 2250 1143 et
2298 1118 2388 1143 oena
2409 1108 2500 1143 iudi-

275 1149 445 1194 ἐπαρχίας
468 1145 661 1202 ἡγούμενος
682 1152 743 1183 καὶ
766 1161 894 1194 ποινης
923 1149 1027 1192 ἄξιον
1050 1155 1195 1196 κρίνειε,
1224 1151 1353 1199 πρότε-

274 1206 338 1239 ρον
356 1194 589 1240 γυμνουσθαι
612 1196 742 1230 τοῦτον
766 1194 866 1241 παρὰ
891 1197 955 1230 τοῦ
971 1194 1258 1242 θεοφιλεστάτου
1277 1199 1353 1232 ἐπι-

274 1237 412 1273 σκόπου
441 1240 506 1283 τῆς
535 1239 712 1287 ἱερατικῆς
745 1239 864 1284 ἀξίας,
895 1236 992 1275 οὕτω
1016 1254 1056 1276 τε
1087 1239 1160 1277 ὑπὸ
1189 1242 1254 1276 τὰς
1275 1244 1353 1277 τῶν

273 1283 400 1329 νόμων
422 1286 596 1331 γίνεσθαι
618 1289 743 1331 χεῖρας.

1422 1154 1557 1187 cavent
1586 1151 1749 1196 dignum,
1779 1162 1878 1197 pnus
1909 1153 2005 1189 hunc
2037 1153 2184 1198 spoliari
2213 1162 2236 1188 a

1422 1197 1591 1243 episcopo
1615 1196 1829 1234 sacerdotali
1853 1197 2033 1243 dignitate,
2063 1201 2100 1234 et
2122 1198 2174 1234 ita
2197 1199 2265 1235 sub
2288 1198 2403 1244 legum
2424 1197 2502 1234 fieri

1422 1252 1540 1278 manu.

1277 1399 1435 1435 CAPUT
1459 1400 1488 1435 I.

319 1477 365 1512 Εἰ
380 1480 505 1522 μέντοι
522 1477 817 1521 ἐκκλησιαστικὸν
839 1479 891 1522 εἴη
907 1479 950 1513 τὸ
970 1476 1166 1524 ἁμάρτημα
1185 1478 1359 1534 δεόμενον
1372 1482 1413 1516 25
1474 1478 1512 1514 Si
1535 1488 1619 1514 vero
1643 1478 1923 1514 ecclesiasticum
1956 1479 2002 1514 sit
2025 1478 2193 1515 delictum
2219 1489 2326 1524 egens
2350 1480 2501 1526 castiga-

274 1525 529 1568 σωφρονισμοῦ
563 1527 622 1557 καὶ
647 1526 841 1569 ἐπιτιμίων
870 1523 1187 1567 ἐκκλησιαστικιῦν,
1220 1539 1240 1559 ο
1273 1525 1356 1559 θεο-

274 1567 484 1614 φιλέστατος
503 1571 695 1604 ἐπίσκοπος
715 1570 823 1603 τοῦτο
844 1572 1008 1614 κρινέτω,
1031 1568 1145 1614 μηδὲν
1167 1571 1356 1605 ἐπικοινω-

273 1611 440 1648 νούντων
455 1615 533 1648 τῶν
549 1613 819 1660 λαμπροτάτων
844 1611 1034 1658 ἀρχόντων
1058 1616 1136 1649 τῶν
1161 1617 1354 1660 ἐπαρχιῶν.

273 1656 362 1713 οὐδὲ,
386 1658 456 1706 γὰρ
485 1658 698 1704 βουλόμεθα
728 1659 897 1694 τοιαύτας
928 1657 1122 1694 ὑποθέσεις
1154 1657 1247 1695 ὅλως
1275 1658 1357 1695 οὐδὲ

1426 1524 1524 1560 tione
1549 1523 1794 1559 ecclesiastica
1819 1527 1854 1559 et
1877 1524 2005 1567 multa,
2036 1524 2100 1560 deo
2125 1525 2285 1561 amabilis
2309 1526 2502 1571 episcopus

1426 1569 1496 1605 hoc
1513 1569 1703 1612 discernat,
1727 1569 1815 1604 nihil
1831 1569 2173 1605 communicantibus
2196 1570 2402 1607 clarissimis
2417 1580 2501 1616 pro-

1425 1615 1562 1650 vinciae
1585 1614 1774 1650 iudicibus.
1815 1614 1940 1660 Neque
1961 1614 2053 1650 enim
2073 1615 2235 1650 volumus
2252 1615 2338 1651 talia
2360 1616 2502 1660 negotia

1426 1660 1567 1695 omnino
1587 1659 1679 1695 scire
1700 1659 1817 1695 civiles
1833 1660 1980 1701 iudices,
2003 1671 2083 1695 cum
2099 1664 2265 1713 oporteat
2283 1661 2372 1696 talia
2387 1661 2499 1697 eccle-

271 1704 523 1751 γινωσκεσθαι
546 1708 619 1739 τοῖς
639 1703 834 1739 πολιτικοῖς
858 1703 1016 1750 ἄρχουσι,
1042 1702 1125 1739 δέον
1141 1705 1187 1739 τὰ
1205 1707 1354 1740 τοιαῦτα
1369 1708 1411 1741 30
1424 1705 1568 1741 siastice
1587 1705 1782 1740 examinari
1807 1708 1842 1740 et
1860 1705 2040 1740 emendari
2063 1715 2198 1741 ammas
2222 1705 2501 1751 delinquentium

272 1753 333 1783 καὶ
356 1748 655 1793 ἐκκλησιαστικαῖς
679 1749 930 1793 ἐξετάζεσθαι,
963 1754 1023 1783 καὶ
1047 1750 1353 1796 ἐπανορθοῦσθαι

272 1794 336 1829 τὰς
359 1794 471 1841 ψυχὰς
500 1796 578 1829 τῶν
602 1792 891 1840 ἁμαρτανόντων
921 1793 982 1829 διὰ
1008 1797 1086 1829 τῶν
1110 1795 1351 1838 ἐκκλησιαστι-

272 1841 349 1874 κῶν
373 1841 568 1885 ἐπιτιμίων
590 1841 681 1874 κατὰ
712 1840 794 1874 τοὺς
818 1840 930 1886 ἱεροὺς
959 1843 1018 1873 καὶ
1042 1841 1164 1875 θείους
1187 1841 1351 1883 κανόνας,

272 1885 323 1920 οἷς
345 1888 406 1920 καὶ
430 1884 468 1920 οἱ
487 1882 651 1931 ἡμέτεροι
675 1884 960 1920 κατακολουθεῖν
983 1881 1047 1919 οὐκ
1072 1882 1266 1926 ἀπαξιοῦσι
1290 1886 1350 1921 νό-

1422 1760 1488 1795 per
1503 1750 1785 1786 ecclesiasticam
1801 1750 1948 1785 multam
1964 1751 2159 1786 secundum
2174 1761 2297 1786 sacras
2313 1755 2351 1786 et
2363 1751 2500 1788 divinas

1422 1795 1583 1840 regulas,
1612 1805 1702 1840 quas
1726 1795 1833 1831 etiam
1862 1798 2007 1831 nostrae
2037 1796 2138 1840 sequi
2168 1806 2240 1832 non
2264 1796 2502 1841 dedignantur

1420 1841 1524 1885 leges.
1573 1841 1612 1876 Si
1644 1850 1726 1876 vero
1758 1840 1930 1885 quaedam
1954 1843 2265 1886 praecontestatae
2294 1845 2380 1877 sunt
2408 1842 2500 1884 lites,

1419 1886 1488 1921 hae
1515 1888 1683 1922 maneant
1714 1885 1750 1920 in
1780 1886 1859 1931 ipso
1890 1885 2068 1921 schemate
2096 1886 2253 1922 velocem
2281 1887 2500 1932 accipientes

271 1944 342 1976 μοι.
391 1931 437 1964 Εἰ
461 1927 504 1965 δέ
522 1942 617 1965 τινες
641 1928 715 1986 ,ἤδη
739 1929 1071 1985 πρσκατήρχθῃσαν
1095 1929 1208 1974 δίκαι,
1243 1923 1351 1966 αὗται
1365 1934 1406 1968 35
1418 1930 1544 1976 finem3
1576 1931 1739 1967 omnibus
1771 1940 1863 1976 quae
1890 1931 1962 1966 iam
1985 1940 2009 1966 a
2031 1931 2134 1967 nobis
2162 1931 2298 1968 sancita
2321 1936 2406 1968 sunt
2427 1932 2501 1969 sive

270 1978 483 2021 μενέτωσαν
507 1977 566 2011 ἐπὶ
583 1977 718 2010 ταυτοῦ
743 1987 920 2028 σχηματος
944 1987 1125 2030 avevano-v
1148 1974 1350 2021 λαμβάνου-

271 2033 334 2055 σαι
358 2024 476 2067 πέρας.
524 2020 679 2056 πάντων
709 2034 786 2055 των
815 2019 883 2064 ἤδη
915 2034 989 2065 παρ
1030 2034 1136 2065 ημων
1160 2022 1354 2065 νενομοθε-

320 2126 375 2156 pr.
398 2112 420 2157 ξ
437 2113 457 2146 2
481 2113 686 2146 summarium
711 2119 797 2145 extat
818 2108 910 2144 <Ροπ.
928 2114 981 2153 14,
996 2119 1044 2153 20,
1069 2114 1127 2145 ubi
1147 2114 1266 2146 citatur
1288 2113 1400 2157 νεαρὰ
1424 2111 1505 2157 πβ’.

325 2158 390 2191 c.I
407 2159 612 2191 summarium
637 2158 732 2190 habet
755 2156 887 2190 Nomoc.
910 2156 939 2189 L
964 2158 1011 2190 tit.
1032 2157 1074 2191 20
1100 2169 1138 2189 ea·
1162 2158 1283 2190 Alban.

2286 1163 2327 1189 eo
2358 1152 2502 1188 amabili
2543 1168 2550 1173 ·

270 2260 381 2295 simus
402 2258 596 2304 episcopus
619 2267 766 2291 causam
789 2255 943 2297 decidat,
971 2260 1055 2291 tunc
1072 2256 1181 2292 liceat
1203 2258 1311 2292 etiam
1327 2256 1450 2292 civiles
1465 2257 1702 2303 maqistratus
1725 2256 1840 2300 adire,
1857 2257 2135 2304 privileqiisque
2153 2257 2316 2294 omnibus
2336 2261 2499 2303 servatis,

271 2314 518 2357 quaecumque
540 2301 823 2348 reliqiosissimis
847 2301 988 2336 clericis
1009 2312 1139 2337 sacrae
1163 2302 1437 2338 constitutiones
1452 2302 1643 2348 praebent,
1675 2305 1711 2339 et
1733 2301 1880 2347 litiqare
1908 2306 1945 2337 et
1963 2302 2073 2347 finem
2097 2303 2282 2349 imponere
2304 2303 2364 2340 lita·
2392 2309 2500 2351 atque

271 2354 323 2386 ita
343 2361 366 2385 a
389 2347 546 2395 neqotiis
569 2347 728 2382 liberari.
776 2346 974 2382 Clarissimi
997 2354 1115 2382 autem
1139 2347 1375 2393 maqistratus
1397 2346 1592 2382 secundum
1617 2348 1713 2394 leqes
1735 2350 1882 2382 nostras
1905 2358 1985 2382 cum
2009 2348 2108 2384 omni
2128 2348 2248 2383 studio
2268 2352 2304 2384 et
2319 2349 2500 2387 celeritate

272 2395 351 2431 lites
374 2393 539 2430 decidere
559 2391 754 2439 festinent,
789 2403 834 2427 ne
858 2391 914 2427 illi
936 2397 1096 2438 propter
1119 2392 1297 2428 eiusmodi
1324 2403 1456 2428 causas
1479 2403 1502 2427 a
1525 2392 1641 2428 sacris
1666 2391 1838 2439 operibus
1858 2397 2066 2434 avocentur,
2099 2404 2187 2429 neve
2210 2404 2290 2428 cum
2323 2393 2391 2430 deo
2414 2406 2498 2444 sup-

299 2440 410 2476 licare
441 2449 535 2491 quae
562 2448 606 2474 ue
629 2436 730 2473 decet
752 2436 958 2473 sacerdotes
990 2448 1100 2483 aqere
1124 2441 1313 2483 oporteat,
1343 2437 1487 2473 iudiciis
1506 2442 1547 2474 ,ct
1571 2437 1685 2473 turbis
1715 2448 1812 2490 quae
1846 2436 1896 2472 ibi
1924 2441 2008 2472 sunt
2031 2434 2147 2484 eaque
2176 2449 2250 2490 qua
2282 2438 2499 2485 litiqantium

269 2451 297 2522 ς
341 2485 451 2520 animi
475 2485 523 2519 im
548 2484 588 2519 ui
607 2482 724 2518 solent
746 2481 1021 2529 perturbatione
1044 2482 1286 2518 detineantur.
1378 2481 1419 2518 Si
1443 2493 1525 2518 vero
1550 2482 1595 2518 de
1617 2481 1825 2518 criminibus
1848 2483 2125 2524 conveniantur,
2157 2493 2187 2518 st
2210 2483 2356 2534 quidem
2379 2485 2500 2523 civilia

270 2535 366 2573 sunt,
389 2531 429 2565 in
451 2528 520 2565 bac
543 2528 686 2575 quidem
711 2527 854 2563 civitate
877 2531 1117 2573 competentes
1139 2528 1388 2574 maqistratus‚
1412 2529 1449 2563 in
1462 2527 1664 2574 provinciis
1685 2532 1803 2563 autem
1820 2527 2013 2574 praesides
2032 2538 2156 2563 earum
2183 2532 2258 2564 sant
2278 2528 2423 2572 iudices,
2446 2531 2500 2567 ita

274 2579 392 2612 tamen
421 2579 463 2611 ut
485 2574 532 2609 lis
554 2584 629 2609 non
651 2572 808 2609 excedat
838 2572 990 2608 duorum
1016 2573 1189 2608 mensium
1211 2574 1369 2620 spatium
1401 2584 1451 2609 ex
1483 2584 1555 2619 quo
1586 2573 1661 2608 litis
1692 2572 1905 2608 contestatio
1935 2573 2042 2618 facta
2068 2573 2134 2615 sit,
2166 2578 2206 2609 ut
2230 2574 2302 2609 cito
2330 2574 2417 2620 finis
2439 2587 2499 2612 ne-

272 2621 373 2668 qotio
398 2621 617 2667 imponatur.
663 2616 743 2661 Qua
766 2618 805 2653 in
828 2629 869 2654 re
891 2618 985 2653 illud
1008 2622 1286 2654 consentaneum
1309 2623 1381 2662 est,
1414 2619 1449 2654 si
1470 2628 1549 2653 eum
1573 2618 1636 2670 qui
1659 2618 1870 2654 convenitur
1892 2628 1992 2653 reum
2016 2628 2091 2653 esse
2114 2628 2268 2664 praeses
2286 2619 2500 2666 provinciae

270 2666 455 2714 putaverit
471 2674 667 2712 poenaque
690 2663 1099 2745 diqnumugudicaverit,
1131 2674 1210 2698 eum
1239 2664 1346 2710 prius
1369 2675 1392 2699 a
1416 2663 1482 2699 deo
1503 2663 1690 2699 carissimo
1714 2662 1884 2710 episcopo
1917 2662 2094 2708 diqnitate
2115 2663 2337 2699 sacerdotali
2353 2665 2499 2712 privari

336 2722 381 2747 ue
403 2712 456 2747 ita
481 2710 513 2746 le
540 2720 599 2744 um
651 2708 795 2745 otestati
817 2719 836 2743 s
883 2709 942 2744 ici.

273 2716 334 2759 atq
408 2756 436 2792 I.
486 2722 552 2791 qun
576 2719 694 2790 ault'em
719 2754 997 2790 ecclesiasticum
1015 2753 1062 2788 sit
1081 2752 1249 2789 delictum
1294 2752 1368 2788 uod
1385 2753 1625 2799 castiqatione
1648 2756 1684 2788 et
1694 2752 1827 2799 poenis
1850 2756 1956 2798 eqeat
1979 2752 2240 2795 ecclesiasticis,
2265 2753 2331 2789 deo
2354 2755 2498 2791 carissi-
2550 2758 2554 2762 ⁴

273 2814 351 2839 mus
374 2802 566 2848 episcopus
588 2799 632 2835 de
654 2810 697 2835 eo
726 2799 870 2841 iudicet,
901 2809 987 2835 neve
1016 2798 1092 2834 ullo
1116 2798 1223 2834 modo
1247 2808 1267 2833 c
1281 2798 1439 2833 arissimi
1459 2798 1733 2844 provinciarum
1752 2797 1943 2844 praesides
1971 2797 2010 2832 in
2035 2802 2181 2844 partem
2205 2804 2384 2835 vocentur.
2434 2800 2498 2837 Et-

272 2848 366 2885 enim
389 2845 563 2882 eiusmodi
584 2855 715 2880 causas
737 2855 782 2879 ne
797 2845 1020 2879 innotescere
1043 2843 1186 2897 quidem
1209 2842 1372 2879 civilibus
1394 2842 1666 2889 magistratibus
1689 2843 1863 2885 volumus,
1887 2853 1966 2878 cum
1984 2846 2152 2888 oporteat
2174 2841 2263 2879 haec
2280 2844 2371 2880 talia
2385 2846 2496 2883 eccle-

272 2893 415 2930 siastice
437 2890 645 2928 examinari
675 2894 712 2926 et
734 2893 969 2935 peccatorum
993 2899 1133 2925 ammas
1163 2900 1231 2934 per
1282 2899 1393 2924 oenas
1422 2887 1683 2924 ecclesiasticas
1704 2887 1888 2923 emendari
1910 2887 2104 2923 secundum
2137 2898 2263 2924 sacros
2286 2889 2499 2938 divinosque
2542 2926 2544 2929 .

273 2948 449 2980 canones,
504 2947 571 2971 uos
594 2935 702 2971 etiam
726 2939 870 2970 nostrae
894 2935 991 2981 leqes
1019 2935 1123 2979 sequi
1146 2945 1218 2969 non
1267 2933 1497 2979 ediqnantur.
1542 2931 1682 2976 Quodsi
1703 2944 1797 2979 quae
1821 2933 1900 2969 lites
1927 2933 2000 2968 iam
2023 2937 2131 2968 antea
2154 2937 2378 2972 contestatae
2400 2942 2496 2980 sunt,

274 2982 343 3021 hae
365 2983 405 3018 in
427 2993 470 3018 ea
497 2992 551 3017 em
573 2980 700 3027 forma
723 2983 894 3015 maneant
925 2979 996 3015 cito
1021 2980 1131 3024 finem
1163 2981 1389 3026 accepturae.
1446 2976 1573 3014 Omnia
1605 2983 1723 3014 autem
1748 2989 1843 3024 quae
1870 2978 1943 3013 iam
1974 2988 1997 3013 a
2021 2977 2125 3013 nobis
2153 2980 2294 3014 sancita
2317 2985 2403 3016 sunt
2422 2982 2498 3019 sive

1422 3105 1459 3124 ez
1480 3094 1510 3132 ς]
1535 3089 1805 3133 ἐκκλησιαστικὰ
1820 3091 1866 3124 Μ
1876 3089 1889 3128 ΙΙ
1912 3089 2217 3135 ἐπανορθοῦσθαι
2241 3090 2301 3125 τὰς
2324 3094 2402 3127 dedu·
2419 3107 2458 3128 esc
2477 3106 2497 3131 ς

329 3099 346 3132 1
370 3097 514 3139 τέμνειν
537 3107 565 3128 υ.
581 3095 600 3127 l.
629 3094 709 3127 Con.
736 3094 777 3126 87
803 3105 874 3136 cap.
904 3092 916 3135 ΙΙ
946 3094 966 3126 2
997 3094 1057 3124 καὶ
1081 3092 1171 3133 τῶν]
1206 3093 1267 3124 καὶ
1291 3103 1350 3124 om.

1420 3135 1776 3181 (ἐπικατορθοῦσθαι
1799 3134 1862 3170 τὰς
1874 3135 2086 3177 Zachariae„
2112 3136 2408 3182 ἐπικαρποῦσθαι
2423 3139 2466 3172 Μ
2482 3138 2497 3182 Ι

279 3143 358 3177 coll.
369 3142 410 3176 87
425 3140 528 3184 ⁶⁰1²·ss
552 3141 571 3173 5
596 3141 654 3172 καὶ
678 3134 938 3183 ἀγωνίζεσθαι]
963 3139 996 3169 et
1014 3137 1150 3179 litigare
1171 3139 1204 3169 et
1229 3137 1350 3169 exami-

275 3187 442 3221 nationem
466 3185 539 3218 fieri
571 3186 605 3225 (i.
632 3197 656 3217 e.
681 3185 740 3215 καὶ
765 3179 1012 3229 ἀγωνίζεσθαι
1034 3184 1111 3214 καὶ
1136 3180 1351 3222 ἐξέτασιν

274 3229 511 3279 γίνεσθαι)
536 3242 555 3266 ς
583 3229 595 3273 ΙΙ
624 3230 683 3262 καὶ
707 3224 820 3261 οὕτως
843 3247 886 3252 -
914 3229 953 3262 13
977 3229 1105 3272 ψυχαῖς
1129 3239 1187 3259 om.
1212 3227 1349 3260 0011.87

276 3290 348 3321 cap.
373 3276 386 3320 fl
410 3277 431 3310 6
456 3274 647 3321 ἐλεύθερον
669 3272 840 3320 γίνεσθαι
860 3270 1097 3318 πραγμάτων]
1121 3271 1262 3305 liberam
1279 3271 1351 3304 fieri

275 3333 404 3356 canaam
421 3322 503 3374 ·(i.·e.
520 3319 668 3366 πρᾶγμα
677 3318 706 3360 ?)
732 3321 778 3372 5ss
798 3319 817 3352 8
838 3315 903 3351 σὺν
927 3316 1025 3396 citing]
1050 3316 1251 3361 προθυμίᾳ]
1276 3327 1351 3349 cum

275 3365 621 3454 ῗέῗέἷιῗιὲῗῖαῗμ
635 3364 993 3452 ᾆ4ι.ἐῖι“ἔῖεἶῖἷθῖἶῖἰ
1021 3362 1352 3441 ἷιῗαέἑιλέἒιῑζίέἴᾷ

278 3458 368 3491 codd.
387 3457 466 3491 Gall.
481 3457 521 3490 87
537 3468 610 3498 cap.
626 3455 638 3497 11
666 3456 707 3488 20
733 3456 873 3497 νομίσει
900 3453 981 3486 Call.
996 3454 1037 3486 87
1052 3465 1124 3495 cap.
1141 3453 1242 3508 codd?
1252 3453 1350 3495 pleri-

278 3514 337 3544 que
351 3501 364 3546 11
383 3503 426 3535 24
449 3502 567 3546 χεῖρας
581 3498 752 3546 γίνεσθαι
783 3499 860 3533 Call.
876 3500 916 3532 87
932 3497 1035 3541 cap-[1
1061 3499 1102 3531 25
1128 3497 1193 3538 εἴη]
1218 3509 1240 3539 η
1269 3497 1350 3531 Call.

279 3547 319 3579 87
335 3559 405 3588 cap.
424 3560 455 3579 υ.
470 3547 490 3580 I.
518 3546 530 3589 ΙΙ
557 3547 598 3579 26
623 3545 838 3586 castigatione
862 3542 1080 3576 ecclesiastica
1103 3544 1136 3575 et
1159 3553 1214 3575 mu
1232 3545 1266 3575 ta
1291 3553 1311 3579 ς
1338 3540 1351 3584 ΙΙ

281 3588 555 3633 θεοφιλέστατος
568 3598 598 3624 et
608 3587 720 3634 μηδὲν
732 3608 771 3613 -
785 3591 826 3624 28
841 3588 1024 3633 ἐπαρχιῶν
1037 3600 1095 3621 om.
1109 3588 1190 3621 coll.
1203 3588 1243 3621 87
1253 3599 1325 3631 cap.
1337 3585 1352 3632 ss

281 3634 322 3667 28
334 3634 411 3667 τῶν
427 3636 610 3679 ἐπαρχιῶν
624 3634 679 3675 M]
703 3634 896 3677 provinciae
910 3646 930 3671 ς
944 3634 957 3676 fl
982 3633 1025 3667 29
1037 3628 1131 3674 οὗὸἒ]
1147 3628 1188 3665 οὗ
1213 3631 1291 3666 coll.
1307 3632 1348 3666 87

280 3691 353 3721 cap.
372 3679 384 3720 u
399 3674 479 3711 οὐδὲ
504 3692 560 3711 om.
580 3680 658 3712 coll.
672 3680 712 3713 87
728 3691 766 3712 ca
793 3705 800 3712 .
816 3679 829 3723 ΙΙ
855 3680 898 3713 30
919 3679 996 3712 Post
1016 3674 1186 3723 ἄρχουσιν
1203 3689 1286 3721 quae
1301 3689 1348 3710 se-

281 3731 420 3767 quuntur
435 3735 493 3755 om.
515 3724 594 3756 Coll.
610 3725 650 3755 87
671 3736 742 3766 cap.

1422 3183 1463 3215 35
1486 3178 1553 3224 ἤδη
1578 3194 1635 3215 om.
1653 3193 1672 3218 ς

1476 3318 1496 3350 2
1522 3318 1554 3348 et
1577 3316 1631 3357 ad]
1662 3318 1694 3348 et
1717 3328 1775 3349 om.
1800 3315 1834 3348 R
1863 3314 1876 3358 fl
1904 3316 1925 3348 3
1948 3314 2185 3357 praestantur?
2218 3315 2271 3347 1⁷⁰
2298 3316 2312 3357 1
2338 3315 2360 3348 4
2382 3314 2493 3356 litigia

1430 3361 1462 3394 V
1479 3362 1491 3404 ΙΙ
1513 3361 1597 3403 fieri]
1622 3361 1729 3394 facere
1749 3360 1783 3394 V
1802 3359 1814 3404 ΙΙ
1839 3362 1859 3394 5
1883 3359 1982 3393 liberi
2004 3361 2052 3393 V·
2076 3358 2088 3404 ΙΙ
2114 3360 2135 3394 8
2160 3357 2360 3399 huiusmodi]
2391 3359 2491 3393 huius

1429 3406 1475 3439 V¹
1491 3405 1503 3449 Η
1522 3407 1762 3439 admoneantur
1788 3405 1820 3438 T
1833 3405 1846 3447 ῃ
1861 3407 1882 3439 9
1907 3405 2035 3438 decenti
2059 3414 2079 3437 a
2102 3404 2183 3438 ΥΤ*
2204 3403 2354 3436 decentia
2375 3412 2395 3435 a
2418 3403 2491 3448 T2fl

1417 3442 1462 3485 ‘10
1487 3451 1558 3483 mic
1579 3452 1680 3493 Beck]
1713 3450 1782 3483 iuis
1805 3451 1882 3483 ιῑιη·
1904 3450 1918 3494 fl
1941 3452 1979 3484 11
2007 3450 2195 3482 inherentes
2212 3447 2297 3481 Μ’*
2319 3447 2490 3482 inhemen-

1419 3497 1462 3528 tis
1487 3496 1566 3539 V¹u
1589 3499 1625 3530 15
1650 3498 1838 3538 competens
1858 3495 1906 3528 1⁷²
1924 3495 1937 3538 Ι
1956 3497 1996 3529 16
2019 3496 2129 3527 autem
2153 3506 2211 3526 om.
2226 3491 2303 3534 T¹fl
2327 3494 2490 3535 praesides

1418 3541 1497 3581 sint]
1521 3541 1730 3583 praesideant
1748 3541 1797 3574 Τι
1821 3540 1970 3584 praeside
1987 3539 2036 3572 Β*
2051 3538 2066 3582 fl
2084 3541 2124 3572 17
2137 3536 2281 3579 spatium
2293 3538 2413 3579 (spatio
2426 3539 2489 3580 7⁷¹)

1418 3585 1559 3618 duorum
1577 3586 1631 3629 ΤΙΙ
1654 3588 1693 3621 18
1718 3586 1763 3619 sit
1785 3585 1838 3628 Vn
1856 3586 2072 3627 componatur
2086 3581 2148 3626 ΕΙ
2166 3582 2208 3615 28
2233 3582 2321 3614 enim
2346 3596 2403 3617 om.
2428 3584 2462 3618 V
2476 3583 2489 3622 ΙΙ

1419 3631 1461 3665 29
1486 3630 1567 3663 talia
1591 3631 1810 3664 ecclesiastica
1830 3629 1864 3663 V
1881 3630 1963 3662 talia
1978 3625 2282 3662 ot‘nmloeiastioae
2295 3627 2327 3660 R
2341 3626 2354 3670 ΙΙ
2374 3629 2416 3662 30
2436 3639 2488 3662 eo-

1418 3675 1615 3709 oledasticas
1637 3677 1691 3710 Vss
1707 3676 1780 3719 1132
1804 3674 2025 3717 dedignentur
2045 3670 2122 3715 1⁷¹1
2141 3671 2182 3705 33
2206 3671 2265 3703 Sin
2284 3673 2315 3705 R
2332 3672 2344 3716 ΙΙ
2362 3675 2405 3708 34
2429 3674 2488 3708 hee

798 3725 834 3757 31
853 3721 1151 3765 ἐκκλησιαστικαῖς
1162 3721 1350 3756 Zachariae
1383 3731 1386 3751 ι
1419 3719 1510 3765 ΕΤΙΙ
1530 3722 1572 3755 35
1597 3731 1682 3763 quae
1704 3720 1782 3760 iam]
1805 3717 1991 3760 quaerelam
2014 3716 2061 3750 V·
2076 3715 2090 3760 Ι
2107 3718 2220 3748 sancta
2242 3717 2274 3750 V
