2580 4022
139 178 228 212 NON
256 179 501 212 EXIGENDIS

139 276 260 324 κέρδος
295 281 562 323 ποιησαμένων.
610 280 670 311 καὶ
706 275 828 321 πολλῷ
864 291 904 324 γε
934 276 1070 322 μῦλλον
1099 276 1229 320 ταύτης

139 321 245 367 ἡμῶν
268 324 479 369 ἐξαιροῦμεν
502 324 565 366 τῆς
589 321 725 377 δωρεᾶς
744 322 808 357 τὰς
831 324 909 357 τῶν
933 321 1131 358 πολιτικῶν
1146 336 1228 367 χρη-

137 367 269 413 μάτων
300 367 460 412 ζητήσεις
491 371 550 401 καὶ
582 378 671 413 προς
700 381 740 415 γε
763 367 828 402 τὰς
850 369 928 402 τῶν
951 369 1068 414 ἔργων
1091 367 1227 403 discus-

141 415 261 450 sionas
283 415 362 447 τῶν
382 426 422 447 τε
445 412 538 447 κατὰ
562 412 701 454 ταύτην
723 412 793 456 τὴν
811 411 916 447 εῦὸαί
942 426 1008 447 ova
1025 411 1134 447 πόλιν
1150 413 1228 447 τῶν

140 472 179 493 τε
209 458 302 493 κατὰ
333 457 398 492 τὰς
429 459 609 503 ἐπαρχίας,
642 459 723 492 ἐπεί
750 470 791 504 γε
820 458 871 503 μὴ
902 427 940 492 dli

139 503 268 538 σούτου
302 500 386 547 παρ’
423 501 529 547 ἡμῶν
564 503 829 549 ἐκφορηθέντος
866 507 1010 558 χρυσίου
1046 501 1226 548 προφάσει

138 549 201 591 τῆς
229 549 294 582 τοῦ
326 546 585 592 πολιτεύματος
617 547 813 593 ἀσφαλείας
843 559 925 582 τους
956 549 1022 591 μὲν
1049 547 1226 594 ὑπουργη-

138 593 246 627 κότας
270 590 391 647 κέρδος
416 591 544 627 ἄδικον
569 595 672 636 ἔχειν,
694 593 904 638 στερεῖσθαι
929 590 969 626 δὲ
991 592 1072 627 τοὺς
1094 591 1227 627 τόπους

137 639 200 693 ’ξῆς
238 637 277 678 ἐξ
310 638 416 691 ημαΞν
451 637 655 683 φιλοτιμίας
689 636 713 682 ἢ
746 639 810 681 τῆς
844 635 1075 692 ἇφείλομένης
1108 635 1227 672 αὐτοῖς

1211 163 1290 211 721

1997 167 2038 210 N
2040 180 2105 211 ov.
2136 166 2328 211 CXLVII
2359 171 2383 210 2

1297 277 1436 311 lucrum
1460 276 1680 313 facientium.
1726 276 1777 311 Et
1806 277 1917 313 multo
1948 277 2059 322 magis
2083 278 2151 313 hac
2174 278 2300 313 nostra
2322 288 2384 315 ex-

1297 321 1447 366 cipimus
1479 321 1670 357 donatione
1701 321 1854 358 civilium
1881 323 2113 366 pecuniarum
2136 322 2384 367 inquisitiones

1297 369 1333 402 et
1354 366 1500 412 insuper
1523 377 1671 412 operum
1695 366 1938 403 discussiones
1954 370 2027 403 tam
2042 367 2081 402 in
2097 367 2164 403 bac
2179 367 2384 404 felicissima

1296 410 1438 447 civitate
1463 422 1568 456 quam
1591 412 1628 447 in
1653 411 1732 448 aliis
1757 412 1956 457 provinciis,
1979 412 2147 457 quoniam
2171 422 2243 448 non
2258 416 2313 448 est
2327 413 2382 449 iu-

938 458 1044 491 καιόν
1068 459 1145 492 ἐστι
1169 470 1225 492 το·
1262 460 1281 492 5
1296 458 1390 492 stum
1414 460 1514 493 tanto
1538 466 1561 492 a
1585 458 1688 493 nobis
1711 457 1841 493 emisso
1866 467 1954 492 auro
1979 468 2044 502 pro
2064 458 2253 493 occasione
2267 458 2382 493 muni-

1295 501 1403 537 tionis
1434 502 1485 537 rei
1513 502 1652 538 ublicae
1683 502 1972 538 administrantes
2004 502 2144 547 quidem
2166 503 2305 538 lucrum
2328 503 2383 539 in-

1294 546 1428 583 iustum
1447 547 1494 582 ha
1521 557 1590 590 ere,
1616 546 1777 582 fraudari
1800 557 1883 583 vero
1904 547 1986 582 loca
2001 551 2125 583 nostra
2140 547 2304 592 largitate
2320 551 2384 583 aut

1296 591 1416 627 debita
1449 592 1499 628 eis
1526 591 1734 633 munitione,
1763 595 1828 627 aut
1852 592 2011 628 civitates
2035 593 2197 637 pecuniis
2222 602 2313 637 quae
2337 594 2384 629 ad

1296 640 1461 672 ornatum
1491 646 1614 673 earum
1644 636 1777 672 divisae
1806 639 1891 673 sunt
1922 636 2137 673 defraudari.
2185 636 2277 681 Quia
2300 647 2383 673 vero

139 681 344 737 ασφαλείας,
369 697 391 726 η
412 686 471 717 καὶ
495 683 558 717 τὰς
582 682 703 718 πόλεις
726 685 803 717 τῶν
824 683 871 717 εἰς
892 686 1086 726 ευκοσμίαν
1104 679 1227 716 αὐταῖς
1242 685 1283 718 10
1296 681 1350 717 vel
1373 681 1405 717 si
1427 681 1660 726 malignantes
1685 682 1826 717 omnino
1844 681 1993 725 odimus,
2018 682 2080 717 sed
2098 684 2239 718 nostras
2258 682 2382 718 huma-

139 731 467 772 απονενεμημένων
513 726 798 773 ἀποστερεῖσθαι
834 728 1039 773 χρημάτων.
1102 725 1226 771 ἐπειδὴ

139 770 178 806 δὲ
209 769 280 806 κᾶν
314 774 346 807 εἰ
381 773 463 807 τοὺς
497 774 782 820 κακουργοῦντας
819 775 1000 807 παντοίως
1037 773 1225 817 μισοῦμεν,

138 816 236 860 πλὴν
267 814 358 851 ἀλλὰ
384 819 447 860 τῆς
469 816 575 862 ἡμῶν
601 815 726 852 αὖτῶν
750 816 1032 864 φιλανθρωπίας
1057 816 1226 852 ἐπιλαθέ-

138 863 234 896 σθαι
257 860 335 897 κατ’
362 859 491 897 οὐδένα
509 861 702 907 δυνάμεθα
718 863 862 908 χρόνον,
888 861 948 898 διὰ
965 863 1074 897 τοῦτο
1096 862 1226 897 θεσπί-

1295 727 1425 762 nitates
1450 727 1610 763 oblivisci
1628 727 1727 762 nullo
1743 737 1934 771 possumus
1952 726 2067 769 modo,
2092 729 2283 772 propterea
2299 737 2381 763 san-

1296 772 1407 807 cimus
1440 774 1557 818 [quae]
1589 781 1611 806 a
1634 771 1737 807 nobis
1761 771 1799 806 in
1823 771 2036 816 quibusdam
2060 772 2225 816 capitulis
2248 773 2383 807 factam

1296 817 1541 862 exceptionem
1576 816 1695 852 locum
1732 816 1866 852 habere
1903 825 2012 861 super
2049 815 2105 852 his
2141 826 2232 861 quae
2267 827 2384 861 nuper

1295 861 1439 898 transiit
1460 862 1598 907 primae
1620 861 1826 897 indictionis
1849 861 2081 906 temporibus,
2102 861 2198 897 hanc
2220 871 2303 897 vero
2328 861 2382 896 di-

140 909 247 951 ζομεν
277 907 344 951 τὴν
377 907 461 953 παρ’
495 905 601 952 ἡμῶν
631 909 694 943 ἐπί
717 920 790 942 τισι
812 907 1014 964 κεφαλαίοις
1033 910 1227 953 γινομένην
1242 909 1281 943 15
1296 907 1407 943 cimus
1443 907 1596 943 sedecim
1630 906 1768 951 pridem
1791 905 1894 942 annis
1925 906 2070 942 factam.
2117 906 2172 941 De
2202 905 2258 942 his
2290 906 2383 941 euim

139 952 316 998 ἐξαίρεσιν
343 953 467 998 χώραν
499 955 592 996 ἔχειν
616 954 676 987 ἐπὶ
700 955 773 987 τοῖς
796 950 870 988 ἀπο
896 954 958 996 τῆς
981 954 1125 998 ἔναγχος
1150 950 1226 986 δια-

139 996 340 1042 δραμούσης
372 997 517 1042 πρώτης
552 997 793 1043 ἐπινεμήσεως
826 998 976 1043 χρόνοις,
1011 998 1150 1040 ταύτην
1188 995 1231 1031 δέ

139 1056 259 1089 φαμεν
288 1043 356 1085 τὴν
386 1042 539 1078 sedecim
572 1042 742 1089 πρόσθεν
772 1045 875 1078 annis
929 1045 1110 1087 ενομένην.
1166 1043 1227 1076 ἐπὶ

137 1087 208 1140 γὰρ
238 1085 282 1131 δὴ
313 1091 387 1122 τοῖς
418 1087 642 1143 προλαβοῦσι
672 1085 813 1133 χρόνοις
845 1085 898 1124 ἁπ
921 1089 967 1131 ἣν
998 1091 1058 1122 καὶ
1080 1087 1227 1134 γενικὴν

1295 962 1388 997 quae
1413 951 1635 997 praecedunt
1662 951 1882 996 temporibus
1906 950 2102 996 simplicem
2126 952 2161 986 et
2183 950 2383 996 generalem

1295 997 1456 1033 omnibus
1489 997 1658 1033 continue
1686 999 1846 1032 nostram
1872 996 2130 1031 humanitatem
2155 996 2382 1032 concedimus

1294 1042 1429 1078 nullam
1461 1042 1706 1094 exceptionem
1738 1041 1775 1076 in
1807 1051 1851 1077 ea
1872 1040 2064 1084 facientes,
2097 1042 2137 1076 ut
2161 1050 2383 1077 communem

1295 1097 1416 1123 omnes
1448 1087 1608 1123 hommes
1638 1085 1869 1131 perfruantur
1899 1086 2146 1130 securitatem,
2166 1088 2216 1130 get
2246 1085 2382 1122 nullam

139 1144 254 1168 πασιν
277 1132 400 1178 ἐφεξῆς
422 1146 492 1176 την
516 1136 694 1188 ημετέραν
718 1132 928 1188 φιλοτιμίαν
952 1135 1153 1187 nemausas
1168 1128 1224 1166 οὗ·
1239 1134 1281 1167 20
1295 1132 1513 1177 reliquorum
1542 1133 1764 1167 exactionem
1786 1142 1832 1167 ex
1856 1131 2013 1176 qualibet
2036 1131 2225 1167 occasione
2248 1141 2292 1166 ex
2313 1130 2382 1166 illis

139 1175 267 1223 ὃεμίαν
298 1177 477 1223 ἐξαίρεσιν
509 1179 570 1212 ἐπὶ
601 1191 717 1233 ταυτῃ
749 1191 976 1223 ποιουμενοι,
1007 1189 1095 1212 ωςτε
1123 1178 1225 1224 κοινῇ

139 1222 280 1257 πάντας
306 1220 525 1268 ἀνθρώπους
556 1221 757 1258 ἀπολαυειν
786 1220 1010 1268 ἇμεριμνίας,
1041 1226 1101 1256 καὶ
1120 1221 1226 1267 μηδε-

138 1271 226 1312 μίαν
261 1266 507 1312 ἐλλειμμάτων
542 1268 724 1314 εἴςπραξιν
759 1268 798 1309 ἐξ
827 1269 969 1303 οἱαςοῦν
999 1264 1157 1313 ἀφορμῆς
1187 1267 1226 1308 ἐξ

139 1315 289 1347 ἐκείνων
323 1315 487 1357 προϊέναι
522 1314 599 1348 τῶν
633 1312 788 1359 χρόνων.
847 1312 984 1356 ταύτην
1021 1310 1120 1357 ἡμεῖς
1153 1315 1226 1347 τοῖς

1293 1177 1488 1222 procedere
1521 1176 1752 1221 temporibus.

1294 1222 1551 1258 humanitatem
1581 1222 1834 1266 concedentes,
1868 1221 1933 1257 deo
1958 1231 2086 1266 magno
2110 1221 2238 1257 offerre
2262 1224 2383 1256 actum

1293 1268 1555 1304 aestimavimus
1573 1270 1747 1312 oportere,
1772 1269 1813 1302 ut
1832 1276 1952 1303 omnes
1968 1266 2023 1302 his
2041 1266 2264 1312 perfruentes
2280 1266 2383 1301 bonis

1293 1312 1428 1357 gratias
1457 1323 1523 1358 pro
1556 1315 1680 1348 nostro
1711 1311 1858 1357 imperio
1890 1311 2128 1348 confiteantur
2156 1321 2284 1357 magno
2304 1310 2382 1355 deo,

1800 1176 1902 1212 Hanc
1938 1186 2002 1212 nos
2038 1176 2178 1221 quidem
2212 1175 2382 1212 subiectis

138 1359 205 1403 μὲν
243 1354 413 1401 ὑπηκόοις
444 1357 777 1403 φιλοτιμήσασθαι,
814 1359 893 1402 θεῷ
927 1357 967 1392 δὲ
996 1359 1051 1401 τῷ
1080 1356 1225 1404 μεγάλῳ
1240 1361 1282 1394 25
1295 1358 1358 1403 qui
1381 1360 1417 1394 et
1440 1358 1536 1394 hunc
1554 1357 1659 1394 nobis
1681 1357 1719 1394 in
1742 1359 1894 1393 mentem
1918 1360 2038 1394 actum
2055 1356 2200 1394 inmisit.

139 1405 375 1449 προςαγαγεῖν
398 1402 467 1447 τὴν
490 1403 624 1444 ποᾶξιν
648 1400 867 1450 ἡγησάμεθα
891 1402 976 1446 δεῖν,
1001 1400 1049 1438 αἶς
1072 1401 1120 1438 ἂν
1137 1401 1228 1438 πάν-

138 1458 195 1482 τες
220 1449 298 1482 τῶν
323 1449 499 1483 ἐντεῦθεν
519 1435 763 1484 {notabamus
787 1446 946 1495 ἀγαθῶν
968 1447 1113 1494 χάριτας
1136 1445 1228 1501 ὑπὲρ

139 1494 202 1535 ’τῆς
231 1490 402 1539 ἡμετέρας
432 1493 616 1538 βασιλείας
647 1491 855 1541 ὁμολογοῖεν
885 1494 938 1536 τῷ
969 1493 1114 1539 μεγάλῳ
1146 1493 1226 1535 θεῳ

139 1539 192 1580 τῷ
224 1541 283 1571 καὶ
313 1537 451 1581 ταύτην
482 1536 568 1583 ἡμῖν
591 1539 639 1573 εἰς
662 1540 751 1574 νοῦν
774 1537 964 1583 βαλομένῳ
988 1538 1057 1582 τὴν
1081 1538 1226 1583 πρᾶξιν.

206 1581 489 1629 (Ἐπίλογος)
541 1584 591 1617 Τὰ
622 1588 747 1618 τοίνυν
783 1585 1024 1629 παραστάντα
1056 1581 1141 1627 ἡμῖν
1169 1585 1227 1617 καὶ
1242 1586 1283 1618 30

140 1625 200 1661 διὰ
228 1625 335 1662 τοῦδε
364 1629 430 1662 τοῦ
461 1629 568 1663 θείου
596 1626 796 1684 δηλούμενα
820 1629 933 1673 νόμου
957 1626 978 1672 ἡ
1004 1628 1049 1671 σὴ
1073 1625 1227 1675 ’ὑπεροχὴ

139 1672 333 1708 σπευσάτω
364 1672 453 1719 πρὸς
481 1676 587 1720 ἔργον
618 1675 783 1718 αχθῆναι
810 1677 870 1707 καὶ
894 1672 1229 1719 παραφυλαχθῆναι

139 1715 396 1753 σπουδασάτω.
451 1718 536 1755 Dat.
568 1719 681 1755 XVII.
715 1720 752 1754 k.
784 1719 870 1754 Mai.
904 1718 973 1754 ΟΡ.
1005 1718 1136 1764 (imp.)
1166 1718 1226 1753 dn.

138 1763 327 1842 {ffltiniani
350 1773 409 1808 pp.
435 1764 527 1808 Aug.
552 1773 646 1800 anno
672 1763 822 1801 XXVII.
846 1773 904 1810 pc.
921 1763 1048 1799 Basilii
1062 1773 1116 1800 vc.
1133 1772 1227 1851 an1[10
1241 1765 1340 1849 ἓξὲξ]

210 1836 217 1843 .
1196 1819 1229 1843 a·
1316 1836 1323 1844 ι

139 1953 250 1989 multo
282 1954 398 2000 maqis
424 1953 468 1989 ab
498 1953 567 1989 hac
599 1953 795 1989 donatione
826 1956 953 1988 nostra
983 1952 1187 1998 excipimus
1219 1953 1375 1988 civilium
1400 1953 1643 1999 pecuniarum
1672 1953 1927 1999 inquisitiones
1950 1963 1995 1988 ac
2015 1957 2208 2000 praeterea
2234 1964 2385 1999 operum

141 1998 383 2034 discussiones
416 2002 487 2033 tam
519 2008 613 2043 quae
642 1999 681 2033 in
711 1997 780 2034 hac
801 1998 907 2042 felici
929 1998 1074 2033 civitate
1096 2008 1205 2048 quam
1228 2008 1323 2043 quae
1345 1998 1384 2032 in
1405 1998 1606 2043 provinciis
1628 2003 1724 2039 sunt,
1749 1998 1919 2043 quoniam
1943 1999 2076 2034 iustum
2100 2009 2173 2034 non
2203 2002 2274 2040 est,
2303 2008 2384 2033 cum

142 2046 280 2078 tantum
311 2043 396 2077 auri
426 2054 449 2078 a
479 2043 582 2077 nobis
610 2053 680 2088 pro
712 2043 907 2077 securitate
930 2042 983 2076 rei
1034 2042 1174 2077 ublicae
1194 2045 1381 2087 erogatum
1406 2043 1463 2083 sit,
1488 2052 1551 2076 eos
1574 2042 1717 2087 quidem
1742 2043 1805 2086 qui
1828 2042 2028 2077 ministeria
2048 2043 2310 2087 praestiterunt
2331 2043 2385 2077 in-

141 2089 275 2122 iustum
308 2087 447 2122 lucrum
477 2085 626 2130 babere,
659 2086 740 2121 loca
765 2096 850 2122 vero
884 2085 996 2120 libera
1011 2086 1100 2121 itate
1130 2089 1257 2120 nostra
1289 2086 1345 2120 vel
1366 2085 1487 2120 debita
1510 2086 1563 2121 eis
1584 2087 1779 2121 securitate
1800 2085 1988 2131 fraudari,
2012 2087 2070 2122 vel
2091 2087 2199 2122 etiam
2223 2087 2386 2123 civitates

138 2132 306 2178 pecuniis
330 2142 423 2176 quae
447 2130 496 2166 ad
514 2135 682 2166 ornatum
706 2131 761 2166 eis
783 2130 938 2165 tributae
961 2133 1047 2164 sunt
1063 2130 1219 2175 privari.
1267 2128 1447 2172 Quoniam
1470 2133 1601 2171 autem,
1633 2130 1773 2165 etiamsi
1797 2129 1980 2175 maleficos
2005 2131 2243 2176 omnifariam
2267 2131 2384 2167 oderi-

141 2187 232 2219 mus,
255 2180 414 2211 attamen
437 2175 673 2210 humanitatis
696 2178 843 2210 nostrae
867 2174 1027 2210 oblivisci
1046 2174 1146 2209 nullo
1171 2173 1278 2209 modo
1295 2184 1506 2220 possumus,
1534 2178 1733 2220 propterea
1756 2174 1946 2218 sancimus,
1979 2179 2020 2210 ut
2042 2177 2210 2222 exceptio
2234 2186 2258 2211 a
2280 2176 2385 2211 nobis

142 2223 180 2256 in
212 2221 425 2267 quibusdam
457 2220 636 2266 capitibus
665 2219 771 2264 sacta
803 2219 847 2254 de
877 2219 923 2254 iis
957 2218 1178 2264 temporibus
1209 2218 1326 2254 locum
1351 2218 1493 2260 habeat,
1526 2229 1619 2264 quae
1643 2218 1726 2254 inde
1749 2230 1773 2254 a
1793 2219 1916 2265 prima
1939 2230 2034 2265 quae
2056 2231 2173 2266 nuper
2191 2221 2387 2267 praeteriit

143 2266 339 2302 indictione
369 2265 606 2304 descendunt,
647 2275 725 2300 eam
765 2263 916 2298 dicimus
957 2274 1052 2309 quae
1094 2263 1225 2299 abhinc
1265 2263 1418 2300 sedecim
1449 2273 1566 2299 annos
1594 2263 1682 2308 fuit.
1730 2262 1776 2298 In
1798 2264 2012 2310 praeteritis
2041 2264 2134 2300 enim
2166 2265 2386 2312 temporibus

142 2310 339 2357 simplicem
369 2315 405 2346 et
434 2309 639 2356 qeneralem
669 2308 832 2344 omnibus
862 2307 1030 2354 deinceps
1064 2308 1314 2344 liberalitatem
1347 2312 1510 2343 nostram
1566 2307 1752 2344 raebemus
1775 2308 1876 2344 nulla
1899 2309 1937 2344 in
1960 2320 2005 2344 ea
2027 2310 2245 2356 exceptione
2265 2310 2384 2353 facta,

143 2360 184 2391 ut
213 2355 447 2391 communiter
478 2365 600 2390 omnes
629 2353 789 2389 homines
818 2353 1013 2389 securitate
1043 2353 1232 2398 fruantur,
1262 2364 1350 2389 neve
1380 2352 1455 2388 ulla
1486 2363 1527 2388 re
1541 2353 1711 2398 iquorum
1743 2353 1890 2389 exactio
1922 2353 1998 2389 ulla
2029 2354 2074 2389 de
2106 2364 2218 2389 causa
2241 2354 2287 2390 ab
2311 2355 2386 2390 illis

145 2400 365 2447 temporibus
389 2399 580 2446 procedat.
629 2397 736 2434 Hanc
767 2408 834 2434 nos
864 2398 1040 2433 actionem
1063 2409 1143 2434 cum
1165 2397 1335 2434 subiectis
1357 2397 1584 2444 larqiendam
1606 2401 1679 2433 tum
1703 2397 1770 2433 deo
1794 2408 1928 2478 magno
1953 2398 2176 2444 offerendam
2198 2399 2384 2435 existima-

143 2447 268 2488 vimus,
293 2448 332 2481 ut
355 2455 476 2480 omnes
500 2443 601 2480 bonis
624 2443 707 2479 inde
729 2442 894 2478 oriundis
915 2443 1082 2488 fruentes
1097 2453 1174 2490 pro
1198 2446 1324 2479 nostro
1348 2442 1500 2489 imperio
1524 2442 1668 2488 qratias
1690 2453 1828 2488 maqno

144 2502 214 2536 que
237 2491 414 2526 actionem
438 2489 542 2525 nobis
564 2490 603 2524 in
623 2491 773 2524 mentem
797 2488 903 2523 misit.

281 2534 370 2581 Epi
378 2534 393 2570 l
402 2545 423 2570 o
431 2546 455 2580 9
466 2545 526 2570 us.
573 2532 673 2577 Quae
703 2533 816 2578 iqitur
846 2532 949 2568 nobis

1868 2453 1912 2478 eo
1937 2447 2063 2489 ayant,
2088 2444 2154 2489 qm·
2175 2442 2270 2479 lianc
2292 2455 2383 2490 quo-

998 2531 1190 2567 lacuerunt
1212 2535 1248 2567 et
1263 2542 1337 2579 per
1360 2531 1454 2567 banc
1476 2542 1619 2567 sacram
1644 2531 1756 2579 leqem
1780 2531 2012 2568 declarantur
2037 2535 2099 2569 tua
2120 2531 2323 2569 sublimitas
2345 2537 2387 2570 ut

146 2579 196 2615 ad
218 2580 384 2626 effectum
408 2579 639 2615 adducantur
662 2578 805 2614 studeat
827 2581 863 2613 et
886 2580 925 2612 ut
948 2588 968 2611 o
993 2579 1180 2613 serventur
1204 2588 1353 2623 operam
1377 2575 1556 2612 adhibeat.

191 2727 210 2759 3
235 2726 441 2758 discussions
461 2724 491 2757 L
515 2721 674 2764 δίσκουσ,
697 2724 818 2755 σίονας
842 2721 889 2755 Μ
910 2721 922 2763 ΙΙ
951 2723 971 2755 5
996 2721 1032 2753 in
1053 2719 1129 2754 aliis
1153 2732 1228 2764 pro-

145 2771 265 2803 vinciis
286 2782 305 2807 ς
330 2771 342 2812 ΙΙ
372 2771 392 2803 9
412 2766 435 2811 ἢ
457 2768 531 2810 τῆς]
555 2764 577 2809 ἢ
598 2767 663 2801 τὰς
685 2767 735 2800 La
764 2766 777 2810 ΙΙ
807 2768 849 2800 14
871 2762 1013 2810 χρόνον]
1038 2765 1134 2798 modo
1157 2768 1178 2799 i.
1203 2779 1228 2800 e.

145 2815 285 2860 τρόπον
302 2826 321 2851 ς
337 2814 350 2858 ΙΙ
372 2816 410 2847 15
433 2814 629 2859 γενομένην
644 2813 675 2846 L
691 2811 704 2856 11
725 2814 765 2846 16
792 2808 866 2846 ἀπὸ
887 2824 944 2844 om.
961 2810 1008 2888 ςὲ
1029 2813 1066 2844 17
1087 2809 1230 2854 πρώτης

146 2859 400 2904 ἐπινεμήσεως]
426 2861 447 2893 i.
463 2871 488 2892 e.
512 2871 533 2892 a
556 2859 623 2892 kal.
647 2859 735 2899 Sept.
759 2869 791 2889 a.
817 2857 879 2890 537
895 2855 906 2900 ΙΙ
924 2858 963 2890 17
1010 2856 1045 2896 ε’]
1071 2851 1115 2897 δή
1141 2857 1231 2890 ma‘it

146 2906 334 2939 Zachariae
346 2903 358 2949 ΙΙ
373 2905 413 2938 18
437 2903 582 2936 sedecem
597 2903 640 2935 Μ
649 2902 659 2945 Ιξ
672 2902 744 2942 ἐπὶ]
769 2901 847 2934 ἐπεὶ
864 2899 981 2945 1111119
1007 2897 1230 2944 προλαβοῦσι

147 2951 248 2983 Kroll
263 2950 318 2991 (cf.
336 2962 360 2982 e.
377 2962 412 2992 9.
430 2950 506 2987 587,
520 2954 566 2981 23.
588 2948 664 2987 625,
682 2954 708 2979 3.
725 2947 802 2986 722,
819 2953 858 2979 13.
877 2945 1037 2979 edSIIl1
1056 2944 1078 2988 ξ
1097 2946 1122 2987 l)
1146 2955 1231 2987 quae

146 2994 350 3037 praecedunt
363 2995 394 3033 ς]
408 2994 647 3036 προβαίνουσι
661 2991 732 3023 ML
749 2990 762 3034 ΙΙ
781 2992 824 3024 24
837 2991 1027 3035 προσιέναι
1042 2990 1072 3022 L
1089 2989 1102 3032 ΙΙ
1121 2991 1162 3024 25
1174 3002 1231 3034 φι-

148 3036 429 3081 λοτιμήσασθαι]
456 3035 695 3069 humanitatem
719 3035 934 3068 concedentes
950 3046 969 3070 ς
985 3034 998 3077 11
1016 3035 1058 3068 29
1074 3033 1121 3067 εἰς
1143 3034 1232 3068 νοῦν

147 3079 234 3127 ἡμῖν
253 3084 283 3116 L
301 3082 314 3122 ΙΙ
329 3079 542 3125 βαλλομένω
558 3081 605 3114 Μ
620 3078 810 3123 λαβομένω
827 3080 859 3112 L
874 3078 886 3118 ΙΙ
905 3081 948 3113 30
965 3080 1121 3122 epiloqum
1139 3092 1197 3113 om.
1213 3090 1233 3115 ς

146 3129 159 3173 ss
173 3131 294 3162 subscr.
318 3139 376 3160 om.
403 3138 422 3162 ς
452 3127 529 3167 (nisi
547 3127 639 3168 forte
664 3126 724 3158 lzuc
744 3126 883 3166 pertinet
904 3126 1025 3157 subscr.
1051 3125 1166 3158 addita
1185 3137 1232 3158 se-

148 3174 258 3216 quenti
271 3172 486 3206 constitutioni
499 3170 596 3204 Auth.
619 3170 719 3204 CXX
726 3169 828 3202 VI=
841 3181 912 3202 ηου.
935 3168 1061 3209 CLIX,
1086 3171 1142 3202 ubi
1155 3170 1234 3210 vid.)

147 3217 160 3262 ΙΙ
178 3217 282 3250 XVII
304 3217 338 3250 k.
360 3216 437 3249 mai.
462 3216 519 3256 M]
542 3216 628 3259 μηνὶ
651 3216 747 3257 μαίῳ
774 3214 893 3247 ΤΙιεοᾱ.
912 3213 925 3257 ΙΙ
951 3213 1016 3246 ΟΡ.
1038 3213 1093 3246 dn.
1118 3213 1234 3247 iustin.

147 3273 205 3305 pp.
234 3272 310 3303 aug.
335 3260 456 3294 basilio
480 3270 531 3292 uc.
557 3270 663 3292 conss.
690 3259 739 3299 M,
772 3258 844 3291 ἔτει
868 3256 906 3290 ιε’
933 3259 1036 3300 (immo
1057 3256 1124 3299 κζ’)
1146 3257 1235 3302 μετὰ

148 3306 215 3348 τὴν
239 3304 418 3340 ὑπατείαν
441 3301 632 3338 Βασιλείου
655 3302 698 3337 τὸ
724 3301 773 3346 ιβ’
800 3304 919 3337 Theod.
959 3304 1086 3336 Annum
1110 3305 1238 3345 imperii

149 3353 227 3386 XX
238 3351 334 3385 VIII.
357 3351 487 3385 Cautius
500 3346 553 3383 ‘ex
569 3344 651 3382 mss-‚³
670 3350 819 3392 reposuit,
837 3349 920 3381 unde
933 3358 984 3390 po.
1000 3347 1122 3380 Basilii
1135 3347 1234 3380 XIII.

150 3399 187 3439 (i.
208 3409 234 3430 e.
261 3409 291 3429 a.
318 3396 396 3436 554)
432 3396 569 3438 requirit
603 3394 727 3427 Biener
765 3393 880 3427 Gesclt.
915 3393 946 3426 d.
979 3393 1063 3427 Nou.
1095 3406 1128 3436 p.
1154 3394 1234 3432 527;

150 3442 267 3475 rectius
300 3441 487 3474 Zachariae
520 3446 647 3473 servato
680 3438 865 3472 consulatus
896 3449 981 3470 anno
1013 3449 1034 3471 a
1067 3437 1236 3472 Theodoro

150 3487 271 3520 tradito
294 3499 332 3519 ex
355 3498 384 3519 v.
412 3486 452 3519 16
466 3497 514 3527 sq.
540 3496 656 3518 annum
681 3483 808 3526 imperii
825 3482 984 3516 XXVII.
1009 3484 1157 3518 restituit.

237 3762 286 3789 111.

1343 2723 1363 2755 2
1387 2721 1599 2756 donationem
1625 2723 1657 2756 T
1669 2722 1682 2766 ΙΙ
1699 2723 1718 2756 3
1744 2723 1776 2755 et
1792 2741 1833 2746 —
1852 2722 2069 2756 discussiones
2089 2736 2147 2757 om.
2170 2724 2204 2757 T
2215 2724 2228 2768 ΙΙ
2245 2724 2384 2758 discuti-

1298 2767 1408 2799 ciones
1433 2768 1477 2799 V⁰
1492 2766 1505 2810 ΙΙ
1524 2768 1545 2800 4
1568 2767 1645 2800 aliis
1669 2767 1752 2800 delet
1777 2768 1870 2801 Beck
1885 2766 1897 2811 ΙΙ
1916 2769 1935 2801 5
1964 2767 2060 2801 auito
2082 2768 2138 2811 Vll
2155 2770 2175 2802 6
2201 2770 2260 2812 leq.
2285 2769 2385 2802 mini-

1297 2812 1462 2844 strantes?
1478 2810 1490 2853 ΙΙ
1510 2814 1528 2845 7
1554 2814 1664 2845 nostre
1685 2811 1742 2855 VH
1759 2813 1779 2846 8
1809 2812 1962 2845 dubitata
1985 2812 2033 2846 eis
2055 2812 2242 2846 minutione
2264 2815 2321 2857 Vl}
2337 2814 2386 2846 ci-

1297 2856 1415 2888 uitatis
1433 2856 1501 2897 VT,
1526 2868 1608 2891 corr.
1625 2857 1711 2900 vulq.
1731 2856 1743 2900 ΙΙ
1761 2858 1781 2891 9
1806 2866 1919 2890 eorum
1939 2858 1970 2890 T
1984 2857 1996 2900 ss
2012 2857 2136 2890 divisae
2152 2860 2252 2901 vala]
2277 2858 2386 2892 diuisa

1306 2901 1369 2934 VT
1382 2903 1394 2942 ΙΙ
1410 2901 1500 2942 quia]
1522 2912 1580 2934 ora
1600 2902 1632 2935 T
1643 2901 1655 2944 ΙΙ
1676 2903 1713 2935 11
1740 2901 1837 2934 modo
1860 2912 2034 2944 possumus
2055 2903 2112 2945 Vn
2130 2903 2171 2937 12
2196 2904 2307 2944 *quae
2331 2906 2385 2936 de-

1300 2946 1363 2979 levi
1384 2945 1397 2987 ΙΙ
1423 2945 1545 2978 factum
1571 2946 1762 2988 exceptione
1782 2946 1816 2979 V
1832 2946 1920 2979 facta
1949 2947 2099 2990 exceptio
2123 2949 2172 2980 est
2195 2949 2279 2991 vulq.
2305 2947 2318 2991 ΙΙ
2345 2950 2385 2982 14

1299 2990 1438 3023 transiet
1459 2990 1526 3032 VT,
1548 3003 1629 3024 corr.
1655 2992 1741 3034 vuly.
1773 2990 1785 3033 ΙΙ
1812 2990 1991 3024 inditionis
2012 2992 2045 3025 V
2064 2991 2077 3035 ss
2111 2993 2149 3025 15
2180 2992 2332 3032 sedecim]
2356 2993 2385 3024 si

1300 3035 1410 3068 decem
1427 3035 1459 3068 V
1473 3035 1512 3068 si.
1530 3034 1575 3067 X.
1598 3036 1629 3069 T
1641 3035 1654 3079 ΙΙ
1670 3035 1758 3068 facta
1779 3036 1810 3068 V
1822 3035 1834 3078 ΙΙ
1855 3037 1894 3070 16
1909 3034 2090 3078 supplicem
2113 3036 2143 3069 V
2157 3036 2169 3079 ΙΙ
2189 3038 2229 3070 19
2248 3036 2342 3069 nulla
2359 3037 2393 3069 V

1299 3080 1311 3120 ΙΙ
1335 3081 1377 3114 20
1410 3078 1615 3121 reliquorum
1639 3081 1739 3124 vulq.]
1768 3079 1973 3121 reliquarum
1998 3081 2031 3113 T
2056 3079 2225 3122 relinquat
2245 3081 2279 3114 V
2302 3081 2314 3123 ΙΙ
2342 3082 2382 3115 21

1301 3134 1369 3158 non
1395 3125 1428 3157 T
1444 3123 1457 3168 ΙΙ
1483 3126 1526 3159 22
1551 3124 1749 3157 concedente
1771 3124 1827 3167 VH
1851 3127 1986 3157 actuum
2007 3125 2076 3166 VT,
2100 3137 2183 3158 corr.
2207 3126 2293 3168 vuly.
2312 3125 2325 3169 ΙΙ
2342 3126 2384 3159 25

1301 3170 1392 3202 hunc
1414 3169 1515 3213 cuiq-1
1538 3169 1625 3202 hano
1645 3170 1706 3203 VT
1718 3168 1731 3212 ΙΙ
1748 3169 1784 3201 in
1799 3170 1941 3202 mentem
1965 3169 2066 3213 vul9.]
2090 3169 2308 3203 inminentem
2330 3170 2392 3203 VT

1301 3214 1312 3257 ΙΙ
1328 3215 1562 3257 subscriptione
1596 3221 1707 3248 carent
1731 3215 1823 3252 libri:
1849 3226 1922 3247 nam
1948 3226 2031 3257 quae
2054 3215 2087 3247 in
2111 3215 2337 3248 Escorialensi
2358 3221 2389 3248 et

1303 3259 1498 3292 Pistoriensi
1520 3259 1661 3293 adicitur
1684 3258 1751 3292 dat.
1767 3257 1855 3301 prid.
1870 3258 1937 3292 kal.
1954 3258 2105 3291 nouemb.
2124 3269 2173 3301 cp.
2190 3261 2274 3302 (cap.
2290 3260 2387 3302 Pisi.)

1302 3303 1382 3346 imp.
1399 3303 1456 3336 dn.
1479 3303 1559 3337 iust.
1583 3313 1638 3347 pp.
1663 3313 1740 3345 aug.
1766 3306 1851 3345 (cog.
1877 3304 1966 3346 libri)
1988 3314 2042 3336 an.
2060 3303 2213 3339 XVIIII.
2234 3314 2287 3347 pc.
2303 3304 2386 3347 (pac.

1304 3349 1399 3390 Pist.)
1421 3347 1522 3381 basili
1545 3358 1597 3381 uc.
1622 3359 1675 3380 an.
1700 3348 1784 3381 1111.
1806 3349 2014 3392 praescripta
2039 3350 2071 3381 in
2095 3349 2211 3382 Escor.
2236 3351 2387 3383 constitu-

1305 3394 1384 3427 tioni
1405 3393 1502 3427 Auth.
1523 3393 1684 3426 CXXXI
1709 3394 1764 3435 (=
1780 3405 1853 3427 nov.
1875 3393 2100 3434 CXXXIII),
2133 3395 2166 3426 in
2197 3394 2282 3430 Pist.
2314 3407 2388 3427 con-

1302 3439 1460 3472 stitutioni
1482 3438 1579 3471 Auth.
1599 3438 1767 3472 CXXXI
1773 3438 1870 3477 V(=
1887 3450 1959 3471 nov.
1980 3438 2168 3482 CXXIII),
2192 3451 2232 3473 ea
2255 3439 2388 3473 aliunde

1303 3484 1414 3526 (Auth.
1425 3482 1587 3517 CXXX?
1615 3483 1815 3517 CXXXIII
1820 3482 1850 3525 ?)
1875 3483 2038 3517 translata
2061 3490 2119 3517 est.

2070 3765 2110 3798 91
