<?xml version="1.0" encoding="UTF-8"?>
<!DOCTYPE html PUBLIC "-//W3C//DTD XHTML 1.0 Transitional//EN"
    "http://www.w3.org/TR/xhtml1/DTD/xhtml1-transitional.dtd">
<html xmlns="http://www.w3.org/1999/xhtml" xml:lang="en" lang="en">
 <head>
  <title>
</title>
<meta http-equiv="Content-Type" content="text/html;charset=utf-8" />
  <meta name='ocr-system' content='tesseract 3.04.00' />
  <meta name='ocr-capabilities' content='ocr_page ocr_carea ocr_par ocr_line ocrx_word'/>
</head>
<body>
  <div class='ocr_page' id='page_1' title='image "./corpusiuriscivil03krueuoft_0673.png"; bbox 0 0 2586 3990; ppageno 0'>
   <div class='ocr_carea' id='block_1_1' title="bbox 149 175 618 207">
    <p class='ocr_par' dir='ltr' id='par_1_1' title="bbox 149 175 618 207">
     <span class='ocr_line' id='line_1_1' title="bbox 149 175 618 207; baseline 0 -1"><span class='ocrx_word' id='word_1_1' title='bbox 149 177 205 207; x_wconf 74' lang='lat' dir='ltr'>ET</span> <span class='ocrx_word' id='word_1_2' title='bbox 234 175 354 207; x_wconf 85' lang='lat' dir='ltr'>ALIIS</span> <span class='ocrx_word' id='word_1_3' title='bbox 385 175 618 207; x_wconf 82' lang='lat' dir='ltr'><strong>CAPITULIS</strong></span> 
     </span>
    </p>
   </div>
   <div class='ocr_carea' id='block_1_2' title="bbox 146 270 1224 372">
    <p class='ocr_par' dir='ltr' id='par_1_2' title="bbox 146 270 1224 372">
     <span class='ocr_line' id='line_1_2' title="bbox 146 270 1224 320; baseline -0.004 -13"><span class='ocrx_word' id='word_1_4' title='bbox 146 272 239 318; x_wconf 79' lang='grc' dir='ltr'><strong><em>μήτε</em></strong></span> <span class='ocrx_word' id='word_1_5' title='bbox 271 275 301 308; x_wconf 84' lang='grc' dir='ltr'>εἰ</span> <span class='ocrx_word' id='word_1_6' title='bbox 329 273 580 320; x_wconf 85' lang='grc' dir='ltr'><strong><em>πραγματικὸν</em></strong></span> <span class='ocrx_word' id='word_1_7' title='bbox 612 270 635 316; x_wconf 82' lang='grc' dir='ltr'><em>ἢ</em></span> <span class='ocrx_word' id='word_1_8' title='bbox 666 271 775 307; x_wconf 80' lang='grc' dir='ltr'><strong><em>ἄλλον</em></strong></span> <span class='ocrx_word' id='word_1_9' title='bbox 804 272 922 307; x_wconf 80' lang='grc' dir='ltr'><em>τύπον</em></span> <span class='ocrx_word' id='word_1_10' title='bbox 953 270 975 314; x_wconf 85' lang='grc' dir='ltr'><em>ἢ</em></span> <span class='ocrx_word' id='word_1_11' title='bbox 1007 271 1111 305; x_wconf 82' lang='grc' dir='ltr'><strong><em>θεῖον</em></strong></span> <span class='ocrx_word' id='word_1_12' title='bbox 1143 283 1224 314; x_wconf 82' lang='grc' dir='ltr'><strong><em>κομ-</em></strong></span> 
     </span>
     <span class='ocr_line' id='line_1_3' title="bbox 146 312 1224 372; baseline -0.005 -20"><span class='ocrx_word' id='word_1_13' title='bbox 146 318 353 372; x_wconf 73' lang='grc' dir='ltr'><strong><em>μονιτόριον</em></strong></span> <span class='ocrx_word' id='word_1_14' title='bbox 377 318 483 363; x_wconf 86' lang='grc' dir='ltr'><strong><em>λάβοι</em></strong></span> <span class='ocrx_word' id='word_1_15' title='bbox 509 320 703 363; x_wconf 81' lang='grc' dir='ltr'><strong><em>ἐπιτρέπον</em></strong></span> <span class='ocrx_word' id='word_1_16' title='bbox 736 315 835 360; x_wconf 73' lang='grc' dir='ltr'><strong><em>αὐτῷ</em></strong></span> <span class='ocrx_word' id='word_1_17' title='bbox 862 321 898 351; x_wconf 78' lang='grc' dir='ltr'>τι</span> <span class='ocrx_word' id='word_1_18' title='bbox 922 318 1097 350; x_wconf 73' lang='grc' dir='ltr'><strong><em>τοιοῦτον.</em></strong></span> <span class='ocrx_word' id='word_1_19' title='bbox 1144 312 1224 348; x_wconf 72' lang='grc' dir='ltr'><strong><em>ἀλλ’</em></strong></span> 
     </span>
    </p>
   </div>
   <div class='ocr_carea' id='block_1_3' title="bbox 148 358 1227 409">
    <p class='ocr_par' dir='ltr' id='par_1_3' title="bbox 148 358 1227 409">
     <span class='ocr_line' id='line_1_4' title="bbox 148 358 1227 409; baseline -0.005 -11"><span class='ocrx_word' id='word_1_20' title='bbox 148 367 177 397; x_wconf 77' lang='grc' dir='ltr'>εὶ</span> <span class='ocrx_word' id='word_1_21' title='bbox 202 377 237 398; x_wconf 85' lang='grc' dir='ltr'>τι</span> <span class='ocrx_word' id='word_1_22' title='bbox 261 365 403 398; x_wconf 83' lang='grc' dir='ltr'><strong><em>τοιοῦτο</em></strong></span> <span class='ocrx_word' id='word_1_23' title='bbox 427 376 590 409; x_wconf 81' lang='grc' dir='ltr'><strong><em>γενηται,</em></strong></span> <span class='ocrx_word' id='word_1_24' title='bbox 619 362 746 397; x_wconf 78' lang='grc' dir='ltr'><strong><em>ἄδειαν</em></strong></span> <span class='ocrx_word' id='word_1_25' title='bbox 771 364 863 405; x_wconf 77' lang='grc' dir='ltr'><strong><em>ἔχειν</em></strong></span> <span class='ocrx_word' id='word_1_26' title='bbox 893 362 961 396; x_wconf 88' lang='grc' dir='ltr'>τὸν</span> <span class='ocrx_word' id='word_1_27' title='bbox 985 359 1135 402; x_wconf 78' lang='grc' dir='ltr'><em>ἑκάστης</em></span> <span class='ocrx_word' id='word_1_28' title='bbox 1162 358 1227 394; x_wconf 84' lang='grc' dir='ltr'><strong><em>πό-</em></strong></span> 
     </span>
    </p>
   </div>
   <div class='ocr_carea' id='block_1_4' title="bbox 148 403 1226 452">
    <p class='ocr_par' dir='ltr' id='par_1_4' title="bbox 148 403 1226 452">
     <span class='ocr_line' id='line_1_5' title="bbox 148 403 1226 452; baseline -0.005 -10"><span class='ocrx_word' id='word_1_29' title='bbox 148 409 234 443; x_wconf 87' lang='grc' dir='ltr'><strong><em>λεως</em></strong></span> <span class='ocrx_word' id='word_1_30' title='bbox 255 406 460 443; x_wconf 80' lang='grc' dir='ltr'><strong><em>ὁσιώτατον</em></strong></span> <span class='ocrx_word' id='word_1_31' title='bbox 481 410 679 443; x_wconf 82' lang='grc' dir='ltr'><strong><em>ἐπίσκοπον</em></strong></span> <span class='ocrx_word' id='word_1_32' title='bbox 703 412 762 441; x_wconf 85' lang='grc' dir='ltr'>καὶ</span> <span class='ocrx_word' id='word_1_33' title='bbox 778 407 859 441; x_wconf 82' lang='grc' dir='ltr'><strong><em>τοὺς</em></strong></span> <span class='ocrx_word' id='word_1_34' title='bbox 875 407 1006 449; x_wconf 78' lang='grc' dir='ltr'><strong><em>ταύτης</em></strong></span> <span class='ocrx_word' id='word_1_35' title='bbox 1023 403 1226 452; x_wconf 80' lang='grc' dir='ltr'><strong><em>πρωτεύον-</em></strong></span> 
     </span>
    </p>
   </div>
   <div class='ocr_carea' id='block_1_5' title="bbox 1215 154 1299 202">
    <p class='ocr_par' dir='ltr' id='par_1_5' title="bbox 1215 154 1299 202">
     <span class='ocr_line' id='line_1_6' title="bbox 1215 154 1299 202; baseline 0 0"><span class='ocrx_word' id='word_1_36' title='bbox 1215 154 1299 202; x_wconf 85' lang='grc'>643</span> 
     </span>
    </p>
   </div>
   <div class='ocr_carea' id='block_1_6' title="bbox 1822 140 2375 202">
    <p class='ocr_par' dir='ltr' id='par_1_6' title="bbox 1822 140 2375 202">
     <span class='ocr_line' id='line_1_7' title="bbox 1822 140 2375 202; baseline 0 -1"><span class='ocrx_word' id='word_1_37' title='bbox 1822 159 1929 202; x_wconf 83' lang='lat' dir='ltr'><strong>Nov.</strong></span> <span class='ocrx_word' id='word_1_38' title='bbox 1961 140 2179 202; x_wconf 79' lang='lat' dir='ltr'>cxxvn&#39;l</span> <span class='ocrx_word' id='word_1_39' title='bbox 2213 161 2375 201; x_wconf 82' lang='lat'>17—19</span> 
     </span>
    </p>
   </div>
   <div class='ocr_carea' id='block_1_7' title="bbox 1296 265 2379 447">
    <p class='ocr_par' dir='ltr' id='par_1_7' title="bbox 1296 265 2379 447">
     <span class='ocr_line' id='line_1_8' title="bbox 1297 265 2378 314; baseline -0.002 -9"><span class='ocrx_word' id='word_1_40' title='bbox 1297 270 1463 314; x_wconf 86' lang='lat' dir='ltr'>[scripti]‚</span> <span class='ocrx_word' id='word_1_41' title='bbox 1496 278 1561 304; x_wconf 90' lang='lat' dir='ltr'>nec</span> <span class='ocrx_word' id='word_1_42' title='bbox 1586 268 1616 304; x_wconf 91' lang='lat' dir='ltr'>si</span> <span class='ocrx_word' id='word_1_43' title='bbox 1639 265 1894 313; x_wconf 79' lang='lat' dir='ltr'>pragmaticam</span> <span class='ocrx_word' id='word_1_44' title='bbox 1926 271 1989 304; x_wconf 87' lang='lat' dir='ltr'>aut</span> <span class='ocrx_word' id='word_1_45' title='bbox 2019 268 2124 303; x_wconf 87' lang='lat' dir='ltr'>aliam</span> <span class='ocrx_word' id='word_1_46' title='bbox 2156 267 2378 304; x_wconf 82' lang='lat' dir='ltr'>sanctionem</span> 
     </span>
     <span class='ocr_line' id='line_1_9' title="bbox 1298 313 2379 358; baseline -0.002 -9"><span class='ocrx_word' id='word_1_47' title='bbox 1298 319 1360 349; x_wconf 90' lang='lat' dir='ltr'>aut</span> <span class='ocrx_word' id='word_1_48' title='bbox 1391 325 1532 349; x_wconf 88' lang='lat' dir='ltr'>sacrum</span> <span class='ocrx_word' id='word_1_49' title='bbox 1571 313 1874 349; x_wconf 85' lang='lat' dir='ltr'>commonitorium</span> <span class='ocrx_word' id='word_1_50' title='bbox 1907 313 2059 358; x_wconf 86' lang='lat' dir='ltr'>accipiat</span> <span class='ocrx_word' id='word_1_51' title='bbox 2094 314 2315 357; x_wconf 85' lang='lat' dir='ltr'>praecipiens</span> <span class='ocrx_word' id='word_1_52' title='bbox 2346 313 2379 348; x_wconf 90' lang='lat' dir='ltr'>ei</span> 
     </span>
     <span class='ocr_line' id='line_1_10' title="bbox 1298 357 2378 403; baseline -0.001 -10"><span class='ocrx_word' id='word_1_53' title='bbox 1298 359 1431 402; x_wconf 86' lang='lat' dir='ltr'>aliquid</span> <span class='ocrx_word' id='word_1_54' title='bbox 1455 360 1536 394; x_wconf 86' lang='lat' dir='ltr'>tale.</span> <span class='ocrx_word' id='word_1_55' title='bbox 1584 359 1653 393; x_wconf 88' lang='lat' dir='ltr'>Sed</span> <span class='ocrx_word' id='word_1_56' title='bbox 1685 359 1716 394; x_wconf 90' lang='lat' dir='ltr'>si</span> <span class='ocrx_word' id='word_1_57' title='bbox 1747 358 1829 403; x_wconf 90' lang='lat' dir='ltr'>quid</span> <span class='ocrx_word' id='word_1_58' title='bbox 1861 358 2062 394; x_wconf 89' lang='lat' dir='ltr'>huiusmodi</span> <span class='ocrx_word' id='word_1_59' title='bbox 2086 357 2164 400; x_wconf 88' lang='lat' dir='ltr'>fiat,</span> <span class='ocrx_word' id='word_1_60' title='bbox 2197 358 2378 393; x_wconf 84' lang='lat' dir='ltr'>licentiam</span> 
     </span>
     <span class='ocr_line' id='line_1_11' title="bbox 1296 403 2376 447; baseline -0.001 -9"><span class='ocrx_word' id='word_1_61' title='bbox 1296 404 1428 439; x_wconf 87' lang='lat' dir='ltr'>habere</span> <span class='ocrx_word' id='word_1_62' title='bbox 1453 404 1732 447; x_wconf 88' lang='lat' dir='ltr'>uniuscuiusque</span> <span class='ocrx_word' id='word_1_63' title='bbox 1765 403 1918 438; x_wconf 90' lang='lat' dir='ltr'>civitatis</span> <span class='ocrx_word' id='word_1_64' title='bbox 1952 403 2212 438; x_wconf 87' lang='lat' dir='ltr'>sanctissimum</span> <span class='ocrx_word' id='word_1_65' title='bbox 2240 403 2376 447; x_wconf 89' lang='lat' dir='ltr'>episco-</span> 
     </span>
    </p>
   </div>
   <div class='ocr_carea' id='block_1_8' title="bbox 147 448 2378 507">
    <p class='ocr_par' dir='ltr' id='par_1_8' title="bbox 147 448 2378 507">
     <span class='ocr_line' id='line_1_12' title="bbox 147 448 2378 507; baseline -0.002 -20"><span class='ocrx_word' id='word_1_66' title='bbox 147 466 210 487; x_wconf 77' lang='grc' dir='ltr'>τας</span> <span class='ocrx_word' id='word_1_67' title='bbox 231 454 280 498; x_wconf 82' lang='grc' dir='ltr'>μὴ</span> <span class='ocrx_word' id='word_1_68' title='bbox 305 450 571 506; x_wconf 58' lang='grc' dir='ltr'><strong><em>ἀποκρίνεσθαι</em></strong></span> <span class='ocrx_word' id='word_1_69' title='bbox 596 451 686 499; x_wconf 77' lang='grc' dir='ltr'><strong><em>ὑπὲρ</em></strong></span> <span class='ocrx_word' id='word_1_70' title='bbox 699 454 783 507; x_wconf 37' lang='grc' dir='ltr'><strong><em>,τῶν</em></strong></span> <span class='ocrx_word' id='word_1_71' title='bbox 800 453 997 498; x_wconf 75' lang='grc' dir='ltr'><em>εἰρημένων</em></span> <span class='ocrx_word' id='word_1_72' title='bbox 1022 449 1229 504; x_wconf 62' lang='grc' dir='ltr'><strong><em>κεφαλαίων</em></strong></span> <span class='ocrx_word' id='word_1_73' title='bbox 1265 453 1283 484; x_wconf 85' lang='grc'>5</span> <span class='ocrx_word' id='word_1_74' title='bbox 1298 460 1381 493; x_wconf 91' lang='lat' dir='ltr'>pum</span> <span class='ocrx_word' id='word_1_75' title='bbox 1406 453 1442 483; x_wconf 88' lang='lat' dir='ltr'>et</span> <span class='ocrx_word' id='word_1_76' title='bbox 1466 450 1540 484; x_wconf 89' lang='lat' dir='ltr'>eius</span> <span class='ocrx_word' id='word_1_77' title='bbox 1564 449 1734 493; x_wconf 88' lang='lat' dir='ltr'>primates</span> <span class='ocrx_word' id='word_1_78' title='bbox 1758 459 1828 484; x_wconf 93' lang='lat' dir='ltr'>non</span> <span class='ocrx_word' id='word_1_79' title='bbox 1849 449 2064 492; x_wconf 84' lang='lat' dir='ltr'>respondere</span> <span class='ocrx_word' id='word_1_80' title='bbox 2087 459 2152 492; x_wconf 90' lang='lat' dir='ltr'>pro</span> <span class='ocrx_word' id='word_1_81' title='bbox 2174 448 2378 483; x_wconf 83' lang='lat' dir='ltr'>memorat1s</span> 
     </span>
    </p>
   </div>
   <div class='ocr_carea' id='block_1_9' title="bbox 146 494 1231 677">
    <p class='ocr_par' dir='ltr' id='par_1_9' title="bbox 146 494 1231 677">
     <span class='ocr_line' id='line_1_13' title="bbox 148 494 1228 542; baseline -0.005 -10"><span class='ocrx_word' id='word_1_82' title='bbox 148 502 220 532; x_wconf 81' lang='grc' dir='ltr'><strong><em>τοῖς</em></strong></span> <span class='ocrx_word' id='word_1_83' title='bbox 243 509 416 532; x_wconf 80' lang='grc' dir='ltr'><strong><em>τοιουτοις</em></strong></span> <span class='ocrx_word' id='word_1_84' title='bbox 440 497 655 542; x_wconf 81' lang='grc' dir='ltr'><strong><em>προςώποις,</em></strong></span> <span class='ocrx_word' id='word_1_85' title='bbox 689 500 883 542; x_wconf 84' lang='grc' dir='ltr'><strong><em>αναφέρειν</em></strong></span> <span class='ocrx_word' id='word_1_86' title='bbox 909 494 947 530; x_wconf 79' lang='grc' dir='ltr'>δὲ</span> <span class='ocrx_word' id='word_1_87' title='bbox 970 497 1016 529; x_wconf 87' lang='grc' dir='ltr'>εἰς</span> <span class='ocrx_word' id='word_1_88' title='bbox 1040 507 1142 539; x_wconf 85' lang='grc' dir='ltr'><strong><em>ημας,</em></strong></span> <span class='ocrx_word' id='word_1_89' title='bbox 1170 495 1228 528; x_wconf 79' lang='grc' dir='ltr'>ἵνα</span> 
     </span>
     <span class='ocr_line' id='line_1_14' title="bbox 148 539 1228 589; baseline -0.005 -13"><span class='ocrx_word' id='word_1_90' title='bbox 148 544 255 577; x_wconf 82' lang='grc' dir='ltr'><strong><em>τοῦτο</em></strong></span> <span class='ocrx_word' id='word_1_91' title='bbox 278 541 516 589; x_wconf 71' lang='grc' dir='ltr'><strong><em>γινώσκοντες</em></strong></span> <span class='ocrx_word' id='word_1_92' title='bbox 548 546 606 576; x_wconf 85' lang='grc' dir='ltr'>καὶ</span> <span class='ocrx_word' id='word_1_93' title='bbox 638 543 706 585; x_wconf 86' lang='grc' dir='ltr'>τὴν</span> <span class='ocrx_word' id='word_1_94' title='bbox 738 541 963 583; x_wconf 70' lang='grc' dir='ltr'><strong><em>ἐπαχθεῖσαν</em></strong></span> <span class='ocrx_word' id='word_1_95' title='bbox 994 544 1071 574; x_wconf 85' lang='grc' dir='ltr'><strong><em>ταῖς</em></strong></span> <span class='ocrx_word' id='word_1_96' title='bbox 1102 539 1228 574; x_wconf 86' lang='grc' dir='ltr'><strong><em>πόλεσι</em></strong></span> 
     </span>
     <span class='ocr_line' id='line_1_15' title="bbox 150 583 1229 631; baseline -0.004 -10"><span class='ocrx_word' id='word_1_97' title='bbox 150 590 280 631; x_wconf 86' lang='grc' dir='ltr'><strong><em>ζημίαν</em></strong></span> <span class='ocrx_word' id='word_1_98' title='bbox 305 589 343 621; x_wconf 82' lang='grc' dir='ltr'><strong><em>ἐκ</em></strong></span> <span class='ocrx_word' id='word_1_99' title='bbox 363 588 425 630; x_wconf 81' lang='grc' dir='ltr'>τῆς</span> <span class='ocrx_word' id='word_1_100' title='bbox 446 585 570 622; x_wconf 73' lang='grc' dir='ltr'><strong><em>αὐτῶν</em></strong></span> <span class='ocrx_word' id='word_1_101' title='bbox 595 585 717 621; x_wconf 63' lang='grc' dir='ltr'><strong><em>οὐσίας</em></strong></span> <span class='ocrx_word' id='word_1_102' title='bbox 735 585 1033 628; x_wconf 74' lang='grc' dir='ltr'><strong><em>ἀποκαταστῆναι</em></strong></span> <span class='ocrx_word' id='word_1_103' title='bbox 1057 583 1229 618; x_wconf 78' lang='grc' dir='ltr'><strong><em>κελεύσω-</em></strong></span> 
     </span>
     <span class='ocr_line' id='line_1_16' title="bbox 146 628 1231 677; baseline -0.004 -11"><span class='ocrx_word' id='word_1_104' title='bbox 146 646 214 676; x_wconf 86' lang='grc' dir='ltr'>μεν</span> <span class='ocrx_word' id='word_1_105' title='bbox 249 636 309 665; x_wconf 82' lang='grc' dir='ltr'>καὶ</span> <span class='ocrx_word' id='word_1_106' title='bbox 344 631 412 674; x_wconf 86' lang='grc' dir='ltr'>τὴν</span> <span class='ocrx_word' id='word_1_107' title='bbox 448 631 694 677; x_wconf 81' lang='grc' dir='ltr'><strong><em>προςὴκουσαν</em></strong></span> <span class='ocrx_word' id='word_1_108' title='bbox 734 630 912 673; x_wconf 81' lang='grc' dir='ltr'><strong><em>ἐκδίκησιν</em></strong></span> <span class='ocrx_word' id='word_1_109' title='bbox 949 633 1022 664; x_wconf 88' lang='grc' dir='ltr'><strong><em>τοῖς</em></strong></span> <span class='ocrx_word' id='word_1_110' title='bbox 1058 628 1231 663; x_wconf 80' lang='grc' dir='ltr'><strong><em>τοιούτοις</em></strong></span> 
     </span>
    </p>
   </div>
   <div class='ocr_carea' id='block_1_10' title="bbox 149 676 397 723">
    <p class='ocr_par' dir='ltr' id='par_1_10' title="bbox 149 676 397 723">
     <span class='ocr_line' id='line_1_17' title="bbox 149 676 397 723; baseline -0.008 -12"><span class='ocrx_word' id='word_1_111' title='bbox 149 676 397 723; x_wconf 79' lang='grc' dir='ltr'><strong><em>ἑπαγάγωμεν.</em></strong></span> 
     </span>
    </p>
   </div>
   <div class='ocr_carea' id='block_1_11' title="bbox 1297 493 2379 583">
    <p class='ocr_par' dir='ltr' id='par_1_11' title="bbox 1297 493 2379 583">
     <span class='ocr_line' id='line_1_18' title="bbox 1299 493 2379 538; baseline -0.001 -10"><span class='ocrx_word' id='word_1_112' title='bbox 1299 494 1463 538; x_wconf 89' lang='lat' dir='ltr'>capitulis</span> <span class='ocrx_word' id='word_1_113' title='bbox 1488 494 1619 529; x_wconf 87' lang='lat' dir='ltr'>talibus</span> <span class='ocrx_word' id='word_1_114' title='bbox 1645 493 1823 538; x_wconf 88' lang='lat' dir='ltr'>personis,</span> <span class='ocrx_word' id='word_1_115' title='bbox 1856 493 1990 528; x_wconf 88' lang='lat' dir='ltr'>referre</span> <span class='ocrx_word' id='word_1_116' title='bbox 2014 497 2133 528; x_wconf 87' lang='lat' dir='ltr'>autem</span> <span class='ocrx_word' id='word_1_117' title='bbox 2154 493 2199 528; x_wconf 87' lang='lat' dir='ltr'>ad</span> <span class='ocrx_word' id='word_1_118' title='bbox 2222 504 2306 536; x_wconf 91' lang='lat' dir='ltr'>nos,</span> <span class='ocrx_word' id='word_1_119' title='bbox 2339 496 2379 527; x_wconf 93' lang='lat' dir='ltr'>ut</span> 
     </span>
     <span class='ocr_line' id='line_1_19' title="bbox 1297 538 2379 583; baseline -0.002 -10"><span class='ocrx_word' id='word_1_120' title='bbox 1297 539 1366 574; x_wconf 90' lang='lat' dir='ltr'>hoc</span> <span class='ocrx_word' id='word_1_121' title='bbox 1400 541 1634 583; x_wconf 81' lang='lat' dir='ltr'>agnoscentes</span> <span class='ocrx_word' id='word_1_122' title='bbox 1671 542 1706 573; x_wconf 91' lang='lat' dir='ltr'>et</span> <span class='ocrx_word' id='word_1_123' title='bbox 1736 539 1874 572; x_wconf 91' lang='lat' dir='ltr'>illatum</span> <span class='ocrx_word' id='word_1_124' title='bbox 1906 538 2108 573; x_wconf 89' lang='lat' dir='ltr'>civitatibus</span> <span class='ocrx_word' id='word_1_125' title='bbox 2139 538 2305 572; x_wconf 91' lang='lat' dir='ltr'>damnum</span> <span class='ocrx_word' id='word_1_126' title='bbox 2334 546 2379 572; x_wconf 86' lang='lat' dir='ltr'>ex</span> 
     </span>
    </p>
   </div>
   <div class='ocr_carea' id='block_1_12' title="bbox 1265 583 2379 628">
    <p class='ocr_par' dir='ltr' id='par_1_12' title="bbox 1265 583 2379 628">
     <span class='ocr_line' id='line_1_20' title="bbox 1265 583 2379 628; baseline -0.002 -9"><span class='ocrx_word' id='word_1_127' title='bbox 1265 605 1267 608; x_wconf 37' lang='lat' dir='ltr'>f</span> <span class='ocrx_word' id='word_1_128' title='bbox 1298 593 1419 619; x_wconf 90' lang='lat' dir='ltr'>eorum</span> <span class='ocrx_word' id='word_1_129' title='bbox 1444 583 1645 619; x_wconf 87' lang='lat' dir='ltr'>substantia</span> <span class='ocrx_word' id='word_1_130' title='bbox 1676 583 1815 617; x_wconf 86' lang='lat' dir='ltr'>restitui</span> <span class='ocrx_word' id='word_1_131' title='bbox 1843 583 2029 619; x_wconf 86' lang='lat' dir='ltr'>iubeamus</span> <span class='ocrx_word' id='word_1_132' title='bbox 2062 585 2098 617; x_wconf 91' lang='lat' dir='ltr'>et</span> <span class='ocrx_word' id='word_1_133' title='bbox 2121 585 2379 628; x_wconf 87' lang='lat' dir='ltr'>competentem</span> 
     </span>
    </p>
   </div>
   <div class='ocr_carea' id='block_1_13' title="bbox 1299 627 1871 664">
    <p class='ocr_par' dir='ltr' id='par_1_13' title="bbox 1299 627 1871 664">
     <span class='ocr_line' id='line_1_21' title="bbox 1299 627 1871 664; baseline -0.003 -1"><span class='ocrx_word' id='word_1_134' title='bbox 1299 628 1491 664; x_wconf 89' lang='lat' dir='ltr'>vindictam</span> <span class='ocrx_word' id='word_1_135' title='bbox 1515 627 1646 663; x_wconf 88' lang='lat' dir='ltr'>talibus</span> <span class='ocrx_word' id='word_1_136' title='bbox 1666 627 1871 662; x_wconf 82' lang='lat' dir='ltr'>inferamus.</span> 
     </span>
    </p>
   </div>
   <div class='ocr_carea' id='block_1_14' title="bbox 1111 784 1425 820">
    <p class='ocr_par' dir='ltr' id='par_1_14' title="bbox 1111 784 1425 820">
     <span class='ocr_line' id='line_1_22' title="bbox 1111 784 1425 820; baseline 0 -2"><span class='ocrx_word' id='word_1_137' title='bbox 1111 784 1267 819; x_wconf 89' lang='lat' dir='ltr'><strong>CAPUT</strong></span> <span class='ocrx_word' id='word_1_138' title='bbox 1290 784 1425 820; x_wconf 82' lang='lat' dir='ltr'><strong>XVIII.</strong></span> 
     </span>
    </p>
   </div>
   <div class='ocr_carea' id='block_1_15' title="bbox 206 853 1227 906">
    <p class='ocr_par' dir='ltr' id='par_1_15' title="bbox 206 853 1227 906">
     <span class='ocr_line' id='line_1_23' title="bbox 206 853 1227 906; baseline -0.004 -17"><span class='ocrx_word' id='word_1_139' title='bbox 206 855 302 900; x_wconf 84' lang='grc' dir='ltr'><strong><em>Πρὸς</em></strong></span> <span class='ocrx_word' id='word_1_140' title='bbox 324 854 464 890; x_wconf 82' lang='grc' dir='ltr'><strong><em>τούτοις</em></strong></span> <span class='ocrx_word' id='word_1_141' title='bbox 487 853 675 898; x_wconf 72' lang='grc' dir='ltr'><strong><em>κελεύομεν</em></strong></span> <span class='ocrx_word' id='word_1_142' title='bbox 704 854 785 889; x_wconf 84' lang='grc' dir='ltr'><strong><em>τοὺς</em></strong></span> <span class='ocrx_word' id='word_1_143' title='bbox 810 856 1046 906; x_wconf 72' lang='grc' dir='ltr'><strong><em>σκρινιαρίους</em></strong></span> <span class='ocrx_word' id='word_1_144' title='bbox 1074 854 1151 886; x_wconf 78' lang='grc' dir='ltr'>τῶν</span> <span class='ocrx_word' id='word_1_145' title='bbox 1175 853 1227 897; x_wconf 79' lang='grc' dir='ltr'>ἔρ-</span> 
     </span>
    </p>
   </div>
   <div class='ocr_carea' id='block_1_16' title="bbox 149 898 1231 953">
    <p class='ocr_par' dir='ltr' id='par_1_16' title="bbox 149 898 1231 953">
     <span class='ocr_line' id='line_1_24' title="bbox 149 898 1231 953; baseline -0.005 -18"><span class='ocrx_word' id='word_1_146' title='bbox 149 914 224 946; x_wconf 82' lang='grc' dir='ltr'>γων</span> <span class='ocrx_word' id='word_1_147' title='bbox 250 901 330 934; x_wconf 69' lang='grc' dir='ltr'><strong><em>τοὺς</em></strong></span> <span class='ocrx_word' id='word_1_148' title='bbox 355 898 425 934; x_wconf 75' lang='grc' dir='ltr'><strong><em>ὑπο</em></strong></span> <span class='ocrx_word' id='word_1_149' title='bbox 455 900 537 935; x_wconf 76' lang='grc' dir='ltr'><strong><em>τοὺς</em></strong></span> <span class='ocrx_word' id='word_1_150' title='bbox 561 901 733 946; x_wconf 77' lang='grc' dir='ltr'><strong><em>ἐπάρχους</em></strong></span> <span class='ocrx_word' id='word_1_151' title='bbox 761 900 838 933; x_wconf 82' lang='grc' dir='ltr'>τῶν</span> <span class='ocrx_word' id='word_1_152' title='bbox 863 899 970 953; x_wconf 72' lang='grc' dir='ltr'><strong><em>ἱερών</em></strong></span> <span class='ocrx_word' id='word_1_153' title='bbox 994 901 1231 950; x_wconf 69' lang='grc' dir='ltr'><strong><em>πραιτωρίων</em></strong></span> 
     </span>
    </p>
   </div>
   <div class='ocr_carea' id='block_1_17' title="bbox 150 942 1229 999">
    <p class='ocr_par' dir='ltr' id='par_1_17' title="bbox 150 942 1229 999">
     <span class='ocr_line' id='line_1_25' title="bbox 150 942 1229 999; baseline -0.003 -21"><span class='ocrx_word' id='word_1_154' title='bbox 150 945 341 979; x_wconf 74' lang='grc' dir='ltr'><strong><em>τελοῦντας</em></strong></span> <span class='ocrx_word' id='word_1_155' title='bbox 364 943 543 989; x_wconf 77' lang='grc' dir='ltr'><strong><em>μηδεμίαν</em></strong></span> <span class='ocrx_word' id='word_1_156' title='bbox 565 948 759 999; x_wconf 73' lang='grc' dir='ltr'><strong><em>μετουσίαν</em></strong></span> <span class='ocrx_word' id='word_1_157' title='bbox 782 944 872 988; x_wconf 88' lang='grc' dir='ltr'><strong><em>πρὸς</em></strong></span> <span class='ocrx_word' id='word_1_158' title='bbox 894 957 939 977; x_wconf 91' lang='grc' dir='ltr'>τα</span> <span class='ocrx_word' id='word_1_159' title='bbox 960 956 1111 977; x_wconf 83' lang='grc' dir='ltr'><strong><em>τοιαυτα</em></strong></span> <span class='ocrx_word' id='word_1_160' title='bbox 1133 942 1229 988; x_wconf 70' lang='grc' dir='ltr'><strong><em>λογρ-</em></strong></span> 
     </span>
    </p>
   </div>
   <div class='ocr_carea' id='block_1_18' title="bbox 150 984 1286 1089">
    <p class='ocr_par' dir='ltr' id='par_1_18' title="bbox 150 984 1286 1089">
     <span class='ocr_line' id='line_1_26' title="bbox 150 984 1230 1035; baseline -0.004 -11"><span class='ocrx_word' id='word_1_161' title='bbox 150 991 261 1024; x_wconf 79' lang='grc' dir='ltr'><strong><em>θέσια</em></strong></span> <span class='ocrx_word' id='word_1_162' title='bbox 293 990 479 1025; x_wconf 77' lang='grc' dir='ltr'><strong><em>παντελῶς</em></strong></span> <span class='ocrx_word' id='word_1_163' title='bbox 510 992 613 1032; x_wconf 77' lang='grc' dir='ltr'><strong><em>ἔχειν,</em></strong></span> <span class='ocrx_word' id='word_1_164' title='bbox 646 987 856 1035; x_wconf 82' lang='grc' dir='ltr'><strong><em>ἀργουντων</em></strong></span> <span class='ocrx_word' id='word_1_165' title='bbox 888 986 1068 1022; x_wconf 76' lang='grc' dir='ltr'><strong><em>ἁπάντων</em></strong></span> <span class='ocrx_word' id='word_1_166' title='bbox 1100 984 1148 1021; x_wconf 71' lang='grc' dir='ltr'><strong><em>δι’</em></strong></span> <span class='ocrx_word' id='word_1_167' title='bbox 1177 987 1230 1020; x_wconf 79' lang='grc' dir='ltr'>ὠν</span> 
     </span>
     <span class='ocr_line' id='line_1_27' title="bbox 151 1032 1286 1089; baseline -0.001 -21"><span class='ocrx_word' id='word_1_168' title='bbox 151 1032 269 1068; x_wconf 76' lang='grc' dir='ltr'><strong><em>αὐτοῖς</em></strong></span> <span class='ocrx_word' id='word_1_169' title='bbox 291 1035 359 1068; x_wconf 70' lang='grc' dir='ltr'><strong><em>εἴτε</em></strong></span> <span class='ocrx_word' id='word_1_170' title='bbox 379 1036 527 1089; x_wconf 59' lang='grc' dir='ltr'><strong><em>γενικῶς</em></strong></span> <span class='ocrx_word' id='word_1_171' title='bbox 546 1035 616 1068; x_wconf 84' lang='grc' dir='ltr'><strong><em>εἴτε</em></strong></span> <span class='ocrx_word' id='word_1_172' title='bbox 637 1032 757 1067; x_wconf 79' lang='grc' dir='ltr'><strong><em>ἰδικῶς</em></strong></span> <span class='ocrx_word' id='word_1_173' title='bbox 781 1047 816 1067; x_wconf 93' lang='grc' dir='ltr'>τι</span> <span class='ocrx_word' id='word_1_174' title='bbox 841 1035 981 1067; x_wconf 79' lang='grc' dir='ltr'><strong><em>τοιοῦτο</em></strong></span> <span class='ocrx_word' id='word_1_175' title='bbox 1005 1032 1133 1078; x_wconf 88' lang='grc' dir='ltr'><strong><em>πρώην</em></strong></span> <span class='ocrx_word' id='word_1_176' title='bbox 1154 1033 1228 1066; x_wconf 80' lang='grc' dir='ltr'><strong><em>ἐπι·</em></strong></span> <span class='ocrx_word' id='word_1_177' title='bbox 1247 1035 1286 1067; x_wconf 91' lang='grc'>15</span> 
     </span>
    </p>
   </div>
   <div class='ocr_carea' id='block_1_19' title="bbox 150 1076 1229 1135">
    <p class='ocr_par' dir='ltr' id='par_1_19' title="bbox 150 1076 1229 1135">
     <span class='ocr_line' id='line_1_28' title="bbox 150 1076 1229 1135; baseline -0.003 -22"><span class='ocrx_word' id='word_1_178' title='bbox 150 1083 349 1135; x_wconf 78' lang='grc' dir='ltr'><strong><em>τέτραπται</em></strong></span> <span class='ocrx_word' id='word_1_179' title='bbox 384 1094 405 1122; x_wconf 90' lang='grc' dir='ltr'><strong><em>η</em></strong></span> <span class='ocrx_word' id='word_1_180' title='bbox 429 1078 518 1124; x_wconf 76' lang='grc' dir='ltr'><strong><em>μετὰ</em></strong></span> <span class='ocrx_word' id='word_1_181' title='bbox 551 1080 668 1113; x_wconf 74' lang='grc' dir='ltr'><strong><em>ταῦτα</em></strong></span> <span class='ocrx_word' id='word_1_182' title='bbox 692 1079 895 1124; x_wconf 84' lang='grc' dir='ltr'><strong><em>πορισθείη.</em></strong></span> <span class='ocrx_word' id='word_1_183' title='bbox 944 1078 1025 1112; x_wconf 72' lang='grc' dir='ltr'><strong><em>τοὺς</em></strong></span> <span class='ocrx_word' id='word_1_184' title='bbox 1047 1077 1116 1124; x_wconf 86' lang='grc' dir='ltr'>γὰρ</span> <span class='ocrx_word' id='word_1_185' title='bbox 1139 1076 1229 1122; x_wconf 81' lang='grc' dir='ltr'><strong><em>ὑπὲρ</em></strong></span> 
     </span>
    </p>
   </div>
   <div class='ocr_carea' id='block_1_20' title="bbox 151 1121 1230 1170">
    <p class='ocr_par' dir='ltr' id='par_1_20' title="bbox 151 1121 1230 1170">
     <span class='ocr_line' id='line_1_29' title="bbox 151 1121 1230 1170; baseline -0.003 -13"><span class='ocrx_word' id='word_1_186' title='bbox 151 1138 227 1158; x_wconf 90' lang='grc' dir='ltr'>των</span> <span class='ocrx_word' id='word_1_187' title='bbox 245 1127 442 1168; x_wconf 85' lang='grc' dir='ltr'><strong><em>ειρημένων</em></strong></span> <span class='ocrx_word' id='word_1_188' title='bbox 463 1125 591 1158; x_wconf 81' lang='grc' dir='ltr'><strong><em>αἰτιῶν</em></strong></span> <span class='ocrx_word' id='word_1_189' title='bbox 610 1123 797 1170; x_wconf 73' lang='grc' dir='ltr'><strong><em>λογισμοὺς</em></strong></span> <span class='ocrx_word' id='word_1_190' title='bbox 818 1121 948 1157; x_wconf 78' lang='grc' dir='ltr'><strong><em>οὐδένα</em></strong></span> <span class='ocrx_word' id='word_1_191' title='bbox 968 1122 1230 1167; x_wconf 74' lang='grc' dir='ltr'><strong><em>ἐπιτρέπεσθαι</em></strong></span> 
     </span>
    </p>
   </div>
   <div class='ocr_carea' id='block_1_21' title="bbox 150 1164 1230 1259">
    <p class='ocr_par' dir='ltr' id='par_1_21' title="bbox 150 1164 1230 1259">
     <span class='ocr_line' id='line_1_30' title="bbox 150 1164 1229 1214; baseline -0.001 -12"><span class='ocrx_word' id='word_1_192' title='bbox 150 1168 379 1213; x_wconf 70' lang='grc' dir='ltr'><strong><em>βουλόμεθα,</em></strong></span> <span class='ocrx_word' id='word_1_193' title='bbox 412 1170 442 1202; x_wconf 87' lang='grc' dir='ltr'>εἰ</span> <span class='ocrx_word' id='word_1_194' title='bbox 464 1169 513 1213; x_wconf 84' lang='grc' dir='ltr'>μὴ</span> <span class='ocrx_word' id='word_1_195' title='bbox 538 1168 636 1213; x_wconf 81' lang='grc' dir='ltr'><strong><em>ἡμεῖς</em></strong></span> <span class='ocrx_word' id='word_1_196' title='bbox 659 1171 850 1214; x_wconf 89' lang='grc' dir='ltr'><strong><em>συμφέρειν</em></strong></span> <span class='ocrx_word' id='word_1_197' title='bbox 874 1171 951 1202; x_wconf 89' lang='grc' dir='ltr'><strong><em>ταῖς</em></strong></span> <span class='ocrx_word' id='word_1_198' title='bbox 975 1166 1124 1202; x_wconf 85' lang='grc' dir='ltr'><strong><em>πόλεσιν</em></strong></span> <span class='ocrx_word' id='word_1_199' title='bbox 1146 1164 1229 1213; x_wconf 79' lang='grc' dir='ltr'><strong><em>ἡγη-</em></strong></span> 
     </span>
     <span class='ocr_line' id='line_1_31' title="bbox 151 1212 1230 1259; baseline -0.003 -11"><span class='ocrx_word' id='word_1_200' title='bbox 151 1214 300 1258; x_wconf 84' lang='grc' dir='ltr'><strong><em>σάμενοι</em></strong></span> <span class='ocrx_word' id='word_1_201' title='bbox 333 1212 449 1259; x_wconf 79' lang='grc' dir='ltr'><strong><em>ἄνδρα</em></strong></span> <span class='ocrx_word' id='word_1_202' title='bbox 480 1212 730 1256; x_wconf 73' lang='grc' dir='ltr'><strong><em>εὗυπόληπτον</em></strong></span> <span class='ocrx_word' id='word_1_203' title='bbox 762 1217 821 1246; x_wconf 86' lang='grc' dir='ltr'>καὶ</span> <span class='ocrx_word' id='word_1_204' title='bbox 852 1212 935 1256; x_wconf 80' lang='grc' dir='ltr'><strong><em>ἀξίᾳ</em></strong></span> <span class='ocrx_word' id='word_1_205' title='bbox 966 1215 1230 1256; x_wconf 87' lang='grc' dir='ltr'><strong><em>κεκοσμημένον</em></strong></span> 
     </span>
    </p>
   </div>
   <div class='ocr_carea' id='block_1_22' title="bbox 440 1258 448 1268">
    <p class='ocr_par' dir='ltr' id='par_1_22' title="bbox 440 1258 448 1268">
     <span class='ocr_line' id='line_1_32' title="bbox 440 1258 448 1268; baseline 0 0"><span class='ocrx_word' id='word_1_206' title='bbox 440 1258 448 1268; x_wconf 61' lang='lat'>⁸</span> 
     </span>
    </p>
   </div>
   <div class='ocr_carea' id='block_1_23' title="bbox 1298 848 2381 1254">
    <p class='ocr_par' dir='ltr' id='par_1_23' title="bbox 1298 848 2381 1254">
     <span class='ocr_line' id='line_1_33' title="bbox 1356 848 2378 895; baseline -0.006 -7"><span class='ocrx_word' id='word_1_207' title='bbox 1356 852 1469 895; x_wconf 88' lang='lat' dir='ltr'>Super</span> <span class='ocrx_word' id='word_1_208' title='bbox 1493 850 1561 886; x_wconf 91' lang='lat' dir='ltr'>hoc</span> <span class='ocrx_word' id='word_1_209' title='bbox 1585 850 1746 885; x_wconf 89' lang='lat' dir='ltr'>iubemus</span> <span class='ocrx_word' id='word_1_210' title='bbox 1779 848 1984 884; x_wconf 86' lang='lat' dir='ltr'>scriniarios</span> <span class='ocrx_word' id='word_1_211' title='bbox 2015 859 2162 893; x_wconf 88' lang='lat' dir='ltr'>operum</span> <span class='ocrx_word' id='word_1_212' title='bbox 2186 848 2252 883; x_wconf 91' lang='lat' dir='ltr'>sub</span> <span class='ocrx_word' id='word_1_213' title='bbox 2276 856 2378 891; x_wconf 87' lang='lat' dir='ltr'>prae-</span> 
     </span>
     <span class='ocr_line' id='line_1_34' title="bbox 1298 893 2379 940; baseline -0.004 -9"><span class='ocrx_word' id='word_1_214' title='bbox 1298 896 1402 931; x_wconf 87' lang='lat' dir='ltr'>fectis</span> <span class='ocrx_word' id='word_1_215' title='bbox 1421 906 1604 931; x_wconf 90' lang='lat' dir='ltr'>sacrorum</span> <span class='ocrx_word' id='word_1_216' title='bbox 1622 895 1880 940; x_wconf 83' lang='lat' dir='ltr'>praetoriorum</span> <span class='ocrx_word' id='word_1_217' title='bbox 1906 894 2119 929; x_wconf 89' lang='lat' dir='ltr'>constitutos</span> <span class='ocrx_word' id='word_1_218' title='bbox 2144 893 2278 928; x_wconf 90' lang='lat' dir='ltr'>nullum</span> <span class='ocrx_word' id='word_1_219' title='bbox 2297 901 2379 936; x_wconf 88' lang='lat' dir='ltr'>par-</span> 
     </span>
     <span class='ocr_line' id='line_1_35' title="bbox 1299 937 2379 986; baseline -0.005 -10"><span class='ocrx_word' id='word_1_220' title='bbox 1299 942 1461 986; x_wconf 90' lang='lat' dir='ltr'>ticipium</span> <span class='ocrx_word' id='word_1_221' title='bbox 1486 940 1532 976; x_wconf 87' lang='lat' dir='ltr'>ad</span> <span class='ocrx_word' id='word_1_222' title='bbox 1555 940 1643 975; x_wconf 90' lang='lat' dir='ltr'>talia</span> <span class='ocrx_word' id='word_1_223' title='bbox 1667 940 1855 975; x_wconf 89' lang='lat' dir='ltr'>ratiocinia</span> <span class='ocrx_word' id='word_1_224' title='bbox 1879 939 2021 974; x_wconf 90' lang='lat' dir='ltr'>omnino</span> <span class='ocrx_word' id='word_1_225' title='bbox 2045 939 2188 980; x_wconf 90' lang='lat' dir='ltr'>habere,</span> <span class='ocrx_word' id='word_1_226' title='bbox 2222 937 2379 973; x_wconf 89' lang='lat' dir='ltr'>vacanti-</span> 
     </span>
     <span class='ocr_line' id='line_1_36' title="bbox 1298 982 2379 1030; baseline -0.004 -9"><span class='ocrx_word' id='word_1_227' title='bbox 1298 987 1365 1021; x_wconf 86' lang='lat' dir='ltr'>bus</span> <span class='ocrx_word' id='word_1_228' title='bbox 1391 986 1555 1021; x_wconf 90' lang='lat' dir='ltr'>omnibus</span> <span class='ocrx_word' id='word_1_229' title='bbox 1587 996 1650 1030; x_wconf 87' lang='lat' dir='ltr'>per</span> <span class='ocrx_word' id='word_1_230' title='bbox 1673 995 1765 1029; x_wconf 88' lang='lat' dir='ltr'>quae</span> <span class='ocrx_word' id='word_1_231' title='bbox 1790 984 1840 1019; x_wconf 90' lang='lat' dir='ltr'>eis</span> <span class='ocrx_word' id='word_1_232' title='bbox 1866 984 1938 1020; x_wconf 89' lang='lat' dir='ltr'>sive</span> <span class='ocrx_word' id='word_1_233' title='bbox 1960 985 2173 1028; x_wconf 86' lang='lat' dir='ltr'>generaliter</span> <span class='ocrx_word' id='word_1_234' title='bbox 2205 982 2278 1018; x_wconf 89' lang='lat' dir='ltr'>sive</span> <span class='ocrx_word' id='word_1_235' title='bbox 2301 992 2379 1026; x_wconf 90' lang='lat' dir='ltr'>spe-</span> 
     </span>
     <span class='ocr_line' id='line_1_37' title="bbox 1302 1030 2381 1075; baseline -0.005 -9"><span class='ocrx_word' id='word_1_236' title='bbox 1302 1031 1438 1066; x_wconf 86' lang='lat' dir='ltr'>cialiter</span> <span class='ocrx_word' id='word_1_237' title='bbox 1462 1030 1594 1075; x_wconf 87' lang='lat' dir='ltr'>aliquid</span> <span class='ocrx_word' id='word_1_238' title='bbox 1618 1031 1689 1065; x_wconf 88' lang='lat' dir='ltr'>tale</span> <span class='ocrx_word' id='word_1_239' title='bbox 1708 1030 1843 1075; x_wconf 90' lang='lat' dir='ltr'>pridem</span> <span class='ocrx_word' id='word_1_240' title='bbox 1870 1039 2076 1064; x_wconf 90' lang='lat' dir='ltr'>concessum</span> <span class='ocrx_word' id='word_1_241' title='bbox 2100 1031 2155 1064; x_wconf 89' lang='lat' dir='ltr'>est</span> <span class='ocrx_word' id='word_1_242' title='bbox 2175 1031 2237 1063; x_wconf 90' lang='lat' dir='ltr'>aut</span> <span class='ocrx_word' id='word_1_243' title='bbox 2254 1030 2381 1072; x_wconf 89' lang='lat' dir='ltr'>postea</span> 
     </span>
     <span class='ocr_line' id='line_1_38' title="bbox 1299 1072 2381 1121; baseline -0.004 -11"><span class='ocrx_word' id='word_1_244' title='bbox 1299 1076 1519 1121; x_wconf 86' lang='lat' dir='ltr'>impetretur.</span> <span class='ocrx_word' id='word_1_245' title='bbox 1563 1075 1632 1110; x_wconf 87' lang='lat' dir='ltr'>Pro</span> <span class='ocrx_word' id='word_1_246' title='bbox 1653 1075 1844 1120; x_wconf 87' lang='lat' dir='ltr'>praedictis</span> <span class='ocrx_word' id='word_1_247' title='bbox 1865 1074 1957 1109; x_wconf 86' lang='lat' dir='ltr'>enim</span> <span class='ocrx_word' id='word_1_248' title='bbox 1977 1074 2095 1109; x_wconf 91' lang='lat' dir='ltr'>causis</span> <span class='ocrx_word' id='word_1_249' title='bbox 2116 1073 2273 1108; x_wconf 90' lang='lat' dir='ltr'>rationes</span> <span class='ocrx_word' id='word_1_250' title='bbox 2294 1072 2381 1107; x_wconf 92' lang='lat' dir='ltr'>nulli</span> 
     </span>
     <span class='ocr_line' id='line_1_39' title="bbox 1301 1117 2379 1164; baseline -0.005 -8"><span class='ocrx_word' id='word_1_251' title='bbox 1301 1121 1470 1156; x_wconf 85' lang='lat' dir='ltr'>committi</span> <span class='ocrx_word' id='word_1_252' title='bbox 1493 1120 1652 1156; x_wconf 90' lang='lat' dir='ltr'>volumus</span> <span class='ocrx_word' id='word_1_253' title='bbox 1677 1121 1745 1155; x_wconf 89' lang='lat' dir='ltr'>nisi</span> <span class='ocrx_word' id='word_1_254' title='bbox 1769 1130 1834 1155; x_wconf 91' lang='lat' dir='ltr'>nos</span> <span class='ocrx_word' id='word_1_255' title='bbox 1858 1120 2028 1164; x_wconf 85' lang='lat' dir='ltr'>prodesse</span> <span class='ocrx_word' id='word_1_256' title='bbox 2052 1118 2252 1154; x_wconf 90' lang='lat' dir='ltr'>civitatibus</span> <span class='ocrx_word' id='word_1_257' title='bbox 2273 1117 2379 1152; x_wconf 88' lang='lat' dir='ltr'>aesti-</span> 
     </span>
     <span class='ocr_line' id='line_1_40' title="bbox 1299 1164 2381 1209; baseline -0.004 -9"><span class='ocrx_word' id='word_1_258' title='bbox 1299 1170 1436 1200; x_wconf 82' lang='lat' dir='ltr'>mantes</span> <span class='ocrx_word' id='word_1_259' title='bbox 1468 1166 1580 1200; x_wconf 89' lang='lat' dir='ltr'>virum</span> <span class='ocrx_word' id='word_1_260' title='bbox 1605 1166 1720 1201; x_wconf 91' lang='lat' dir='ltr'>bonae</span> <span class='ocrx_word' id='word_1_261' title='bbox 1746 1164 1921 1209; x_wconf 76' lang='lat' dir='ltr'>opinIOnis</span> <span class='ocrx_word' id='word_1_262' title='bbox 1951 1167 1987 1199; x_wconf 90' lang='lat' dir='ltr'>et</span> <span class='ocrx_word' id='word_1_263' title='bbox 2016 1164 2185 1208; x_wconf 85' lang='lat' dir='ltr'>dignitate</span> <span class='ocrx_word' id='word_1_264' title='bbox 2215 1165 2381 1198; x_wconf 85' lang='lat' dir='ltr'>ornatum</span> 
     </span>
     <span class='ocr_line' id='line_1_41' title="bbox 1299 1208 2381 1254; baseline -0.005 -8"><span class='ocrx_word' id='word_1_265' title='bbox 1299 1211 1525 1254; x_wconf 84' lang='lat' dir='ltr'>elegerimus,</span> <span class='ocrx_word' id='word_1_266' title='bbox 1559 1211 1618 1253; x_wconf 90' lang='lat' dir='ltr'>qui</span> <span class='ocrx_word' id='word_1_267' title='bbox 1642 1211 1770 1246; x_wconf 88' lang='lat' dir='ltr'>debeat</span> <span class='ocrx_word' id='word_1_268' title='bbox 1794 1220 1814 1244; x_wconf 88' lang='lat' dir='ltr'>a</span> <span class='ocrx_word' id='word_1_269' title='bbox 1838 1210 1940 1244; x_wconf 92' lang='lat' dir='ltr'>nobis</span> <span class='ocrx_word' id='word_1_270' title='bbox 1963 1210 2001 1244; x_wconf 92' lang='lat' dir='ltr'>in</span> <span class='ocrx_word' id='word_1_271' title='bbox 2025 1209 2204 1253; x_wconf 86' lang='lat' dir='ltr'>scriptura</span> <span class='ocrx_word' id='word_1_272' title='bbox 2228 1208 2381 1243; x_wconf 90' lang='lat' dir='ltr'>divinam</span> 
     </span>
    </p>
   </div>
   <div class='ocr_carea' id='block_1_24' title="bbox 152 1252 2382 1311">
    <p class='ocr_par' dir='ltr' id='par_1_24' title="bbox 152 1252 2382 1311">
     <span class='ocr_line' id='line_1_42' title="bbox 152 1252 2382 1311; baseline -0.002 -19"><span class='ocrx_word' id='word_1_273' title='bbox 152 1258 395 1303; x_wconf 78' lang='grc' dir='ltr'><strong><em>ἐπιλεξόμεθα</em></strong></span> <span class='ocrx_word' id='word_1_274' title='bbox 412 1272 475 1293; x_wconf 87' lang='grc' dir='ltr'>τον</span> <span class='ocrx_word' id='word_1_275' title='bbox 493 1256 682 1304; x_wconf 80' lang='grc' dir='ltr'><strong><em>ὀφείλοντα</em></strong></span> <span class='ocrx_word' id='word_1_276' title='bbox 700 1255 788 1304; x_wconf 70' lang='grc' dir='ltr'><strong><em>παρ’</em></strong></span> <span class='ocrx_word' id='word_1_277' title='bbox 803 1255 906 1311; x_wconf 54' lang='grc' dir='ltr'><strong><em>ἡμαξν</em></strong></span> <span class='ocrx_word' id='word_1_278' title='bbox 923 1260 1103 1311; x_wconf 67' lang='grc' dir='ltr'><strong><em>ἔγγραφον</em></strong></span> <span class='ocrx_word' id='word_1_279' title='bbox 1122 1258 1230 1291; x_wconf 88' lang='grc' dir='ltr'><strong><em>θείαν</em></strong></span> <span class='ocrx_word' id='word_1_280' title='bbox 1244 1259 1284 1291; x_wconf 87' lang='grc'>20</span> <span class='ocrx_word' id='word_1_281' title='bbox 1299 1256 1490 1291; x_wconf 81' lang='lat' dir='ltr'>iussionem</span> <span class='ocrx_word' id='word_1_282' title='bbox 1520 1256 1702 1300; x_wconf 82' lang='lat' dir='ltr'>percipere</span> <span class='ocrx_word' id='word_1_283' title='bbox 1735 1254 1975 1290; x_wconf 82' lang='lat' dir='ltr'>continentem</span> <span class='ocrx_word' id='word_1_284' title='bbox 2006 1264 2071 1299; x_wconf 87' lang='lat' dir='ltr'>per</span> <span class='ocrx_word' id='word_1_285' title='bbox 2098 1258 2256 1289; x_wconf 79' lang='lat' dir='ltr'>nostram</span> <span class='ocrx_word' id='word_1_286' title='bbox 2286 1252 2382 1297; x_wconf 81' lang='lat' dir='ltr'>piam</span> 
     </span>
    </p>
   </div>
   <div class='ocr_carea' id='block_1_25' title="bbox 150 1301 1231 1357">
    <p class='ocr_par' dir='ltr' id='par_1_25' title="bbox 150 1301 1231 1357">
     <span class='ocr_line' id='line_1_43' title="bbox 150 1301 1231 1357; baseline -0.001 -20"><span class='ocrx_word' id='word_1_287' title='bbox 150 1304 310 1357; x_wconf 67' lang='grc' dir='ltr'><strong><em>κέλευσιν</em></strong></span> <span class='ocrx_word' id='word_1_288' title='bbox 345 1303 469 1347; x_wconf 83' lang='grc' dir='ltr'><strong><em>λαβεῖν</em></strong></span> <span class='ocrx_word' id='word_1_289' title='bbox 504 1307 736 1349; x_wconf 81' lang='grc' dir='ltr'><strong><em>περιέχουσαν</em></strong></span> <span class='ocrx_word' id='word_1_290' title='bbox 772 1301 831 1336; x_wconf 80' lang='grc' dir='ltr'><strong><em>διὰ</em></strong></span> <span class='ocrx_word' id='word_1_291' title='bbox 863 1306 1031 1357; x_wconf 71' lang='grc' dir='ltr'><strong><em>ημετέρας</em></strong></span> <span class='ocrx_word' id='word_1_292' title='bbox 1067 1303 1231 1346; x_wconf 81' lang='grc' dir='ltr'><strong><em>ευσεβοῦς</em></strong></span> 
     </span>
    </p>
   </div>
   <div class='ocr_carea' id='block_1_26' title="bbox 816 1347 830 1356">
    <p class='ocr_par' dir='ltr' id='par_1_26' title="bbox 816 1347 830 1356">
     <span class='ocr_line' id='line_1_44' title="bbox 816 1347 830 1356; baseline 0 0"><span class='ocrx_word' id='word_1_293' title='bbox 816 1347 830 1356; x_wconf 64' lang='grc' dir='ltr'><strong><em>κ</em></strong></span> 
     </span>
    </p>
   </div>
   <div class='ocr_carea' id='block_1_27' title="bbox 151 1344 1231 1392">
    <p class='ocr_par' dir='ltr' id='par_1_27' title="bbox 151 1344 1231 1392">
     <span class='ocr_line' id='line_1_45' title="bbox 151 1344 1231 1392; baseline -0.003 -10"><span class='ocrx_word' id='word_1_294' title='bbox 151 1349 449 1391; x_wconf 84' lang='grc' dir='ltr'><strong><em>υποσημειώσεως</em></strong></span> <span class='ocrx_word' id='word_1_295' title='bbox 480 1351 539 1382; x_wconf 80' lang='grc' dir='ltr'>καὶ</span> <span class='ocrx_word' id='word_1_296' title='bbox 569 1349 610 1383; x_wconf 88' lang='grc' dir='ltr'>τὸ</span> <span class='ocrx_word' id='word_1_297' title='bbox 644 1350 779 1382; x_wconf 87' lang='grc' dir='ltr'><strong><em>ἐκείνου</em></strong></span> <span class='ocrx_word' id='word_1_298' title='bbox 809 1361 926 1392; x_wconf 71' lang='grc' dir='ltr'><strong><em>ονομα</em></strong></span> <span class='ocrx_word' id='word_1_299' title='bbox 963 1361 1002 1382; x_wconf 89' lang='grc' dir='ltr'>τε</span> <span class='ocrx_word' id='word_1_300' title='bbox 1033 1351 1092 1381; x_wconf 86' lang='grc' dir='ltr'>καὶ</span> <span class='ocrx_word' id='word_1_301' title='bbox 1124 1344 1231 1387; x_wconf 80' lang='grc' dir='ltr'><strong><em>άξίαν</em></strong></span> 
     </span>
    </p>
   </div>
   <div class='ocr_carea' id='block_1_28' title="bbox 151 1391 1231 1483">
    <p class='ocr_par' dir='ltr' id='par_1_28' title="bbox 151 1391 1231 1483">
     <span class='ocr_line' id='line_1_46' title="bbox 151 1391 1230 1438; baseline -0.002 -11"><span class='ocrx_word' id='word_1_302' title='bbox 151 1397 211 1427; x_wconf 86' lang='grc' dir='ltr'>καὶ</span> <span class='ocrx_word' id='word_1_303' title='bbox 235 1394 298 1427; x_wconf 80' lang='grc' dir='ltr'>τὰς</span> <span class='ocrx_word' id='word_1_304' title='bbox 323 1395 438 1427; x_wconf 80' lang='grc' dir='ltr'><strong><em>αἰτίας</em></strong></span> <span class='ocrx_word' id='word_1_305' title='bbox 460 1397 519 1427; x_wconf 88' lang='grc' dir='ltr'>καὶ</span> <span class='ocrx_word' id='word_1_306' title='bbox 542 1394 622 1427; x_wconf 71' lang='grc' dir='ltr'><strong><em>τοὺς</em></strong></span> <span class='ocrx_word' id='word_1_307' title='bbox 644 1394 791 1438; x_wconf 90' lang='grc' dir='ltr'><strong><em>χρόνους</em></strong></span> <span class='ocrx_word' id='word_1_308' title='bbox 820 1393 873 1426; x_wconf 75' lang='grc' dir='ltr'>ὠν</span> <span class='ocrx_word' id='word_1_309' title='bbox 899 1391 997 1435; x_wconf 75' lang='grc' dir='ltr'><strong><em>αὐτῷ</em></strong></span> <span class='ocrx_word' id='word_1_310' title='bbox 1030 1392 1112 1426; x_wconf 78' lang='grc' dir='ltr'><strong><em>τοὺς</em></strong></span> <span class='ocrx_word' id='word_1_311' title='bbox 1140 1391 1230 1438; x_wconf 90' lang='grc' dir='ltr'><strong><em>λογι-</em></strong></span> 
     </span>
     <span class='ocr_line' id='line_1_47' title="bbox 152 1435 1231 1483; baseline -0.001 -11"><span class='ocrx_word' id='word_1_312' title='bbox 152 1438 261 1482; x_wconf 76' lang='grc' dir='ltr'><strong><em>σμοὺς</em></strong></span> <span class='ocrx_word' id='word_1_313' title='bbox 285 1441 532 1483; x_wconf 73' lang='grc' dir='ltr'><strong><em>ἐπιτρέπομεν.</em></strong></span> <span class='ocrx_word' id='word_1_314' title='bbox 579 1438 661 1472; x_wconf 80' lang='grc' dir='ltr'><strong><em>τοὺς</em></strong></span> <span class='ocrx_word' id='word_1_315' title='bbox 686 1437 724 1472; x_wconf 83' lang='grc' dir='ltr'>δὲ</span> <span class='ocrx_word' id='word_1_316' title='bbox 748 1435 818 1473; x_wconf 77' lang='grc' dir='ltr'><strong><em>ὑπὸ</em></strong></span> <span class='ocrx_word' id='word_1_317' title='bbox 837 1439 913 1472; x_wconf 79' lang='grc' dir='ltr'>τῶν</span> <span class='ocrx_word' id='word_1_318' title='bbox 929 1437 1107 1472; x_wconf 79' lang='grc' dir='ltr'><strong><em>τοιούτων</em></strong></span> <span class='ocrx_word' id='word_1_319' title='bbox 1129 1448 1231 1483; x_wconf 88' lang='grc' dir='ltr'><strong><em>προς-</em></strong></span> 
     </span>
    </p>
   </div>
   <div class='ocr_carea' id='block_1_29' title="bbox 1299 1299 2382 1479">
    <p class='ocr_par' dir='ltr' id='par_1_29' title="bbox 1299 1299 2382 1479">
     <span class='ocr_line' id='line_1_48' title="bbox 1300 1299 2380 1345; baseline -0.005 -9"><span class='ocrx_word' id='word_1_320' title='bbox 1300 1301 1596 1345; x_wconf 90' lang='lat' dir='ltr'>subscriptionem</span> <span class='ocrx_word' id='word_1_321' title='bbox 1620 1305 1656 1336; x_wconf 91' lang='lat' dir='ltr'>et</span> <span class='ocrx_word' id='word_1_322' title='bbox 1678 1300 1772 1335; x_wconf 90' lang='lat' dir='ltr'>illius</span> <span class='ocrx_word' id='word_1_323' title='bbox 1795 1309 1923 1334; x_wconf 90' lang='lat' dir='ltr'>nomen</span> <span class='ocrx_word' id='word_1_324' title='bbox 1947 1301 1982 1333; x_wconf 88' lang='lat' dir='ltr'>et</span> <span class='ocrx_word' id='word_1_325' title='bbox 2005 1299 2212 1343; x_wconf 87' lang='lat' dir='ltr'>dignitatem</span> <span class='ocrx_word' id='word_1_326' title='bbox 2235 1301 2271 1333; x_wconf 91' lang='lat' dir='ltr'>et</span> <span class='ocrx_word' id='word_1_327' title='bbox 2295 1307 2380 1332; x_wconf 91' lang='lat' dir='ltr'>cau-</span> 
     </span>
     <span class='ocr_line' id='line_1_49' title="bbox 1300 1342 2379 1390; baseline -0.003 -10"><span class='ocrx_word' id='word_1_328' title='bbox 1300 1356 1358 1381; x_wconf 87' lang='lat' dir='ltr'>sas</span> <span class='ocrx_word' id='word_1_329' title='bbox 1390 1349 1425 1381; x_wconf 89' lang='lat' dir='ltr'>et</span> <span class='ocrx_word' id='word_1_330' title='bbox 1453 1348 1616 1390; x_wconf 87' lang='lat' dir='ltr'>tempora</span> <span class='ocrx_word' id='word_1_331' title='bbox 1648 1356 1798 1389; x_wconf 89' lang='lat' dir='ltr'>quorum</span> <span class='ocrx_word' id='word_1_332' title='bbox 1832 1345 1865 1379; x_wconf 90' lang='lat' dir='ltr'>ei</span> <span class='ocrx_word' id='word_1_333' title='bbox 1896 1344 2083 1379; x_wconf 87' lang='lat' dir='ltr'>ratiocinia</span> <span class='ocrx_word' id='word_1_334' title='bbox 2115 1342 2379 1379; x_wconf 87' lang='lat' dir='ltr'>committimus.</span> 
     </span>
     <span class='ocr_line' id='line_1_50' title="bbox 1299 1389 2382 1434; baseline -0.004 -9"><span class='ocrx_word' id='word_1_335' title='bbox 1299 1391 1373 1426; x_wconf 87' lang='lat' dir='ltr'>Eos</span> <span class='ocrx_word' id='word_1_336' title='bbox 1395 1393 1514 1425; x_wconf 89' lang='lat' dir='ltr'>autem</span> <span class='ocrx_word' id='word_1_337' title='bbox 1538 1391 1600 1434; x_wconf 92' lang='lat' dir='ltr'>qui</span> <span class='ocrx_word' id='word_1_338' title='bbox 1623 1400 1645 1425; x_wconf 92' lang='lat' dir='ltr'>a</span> <span class='ocrx_word' id='word_1_339' title='bbox 1665 1390 1798 1425; x_wconf 89' lang='lat' dir='ltr'>talibus</span> <span class='ocrx_word' id='word_1_340' title='bbox 1822 1389 1984 1434; x_wconf 87' lang='lat' dir='ltr'>personis</span> <span class='ocrx_word' id='word_1_341' title='bbox 2009 1389 2166 1424; x_wconf 85' lang='lat' dir='ltr'>rationes</span> <span class='ocrx_word' id='word_1_342' title='bbox 2193 1389 2382 1431; x_wconf 88' lang='lat' dir='ltr'>exiguntur</span> 
     </span>
     <span class='ocr_line' id='line_1_51' title="bbox 1301 1433 2382 1479; baseline -0.004 -8"><span class='ocrx_word' id='word_1_343' title='bbox 1301 1446 1439 1471; x_wconf 87' lang='lat' dir='ltr'>omnem</span> <span class='ocrx_word' id='word_1_344' title='bbox 1464 1435 1596 1470; x_wconf 88' lang='lat' dir='ltr'>habere</span> <span class='ocrx_word' id='word_1_345' title='bbox 1615 1436 1791 1471; x_wconf 83' lang='lat' dir='ltr'>cautelam</span> <span class='ocrx_word' id='word_1_346' title='bbox 1814 1435 1986 1477; x_wconf 89' lang='lat' dir='ltr'>iubemus,</span> <span class='ocrx_word' id='word_1_347' title='bbox 2012 1434 2116 1470; x_wconf 87' lang='lat' dir='ltr'>aliam</span> <span class='ocrx_word' id='word_1_348' title='bbox 2137 1433 2382 1479; x_wconf 88' lang='lat' dir='ltr'>quaestionem</span> 
     </span>
    </p>
   </div>
   <div class='ocr_carea' id='block_1_30' title="bbox 152 1481 1758 1538">
    <p class='ocr_par' dir='ltr' id='par_1_30' title="bbox 152 1481 1758 1538">
     <span class='ocr_line' id='line_1_52' title="bbox 152 1481 1758 1538; baseline -0.001 -21"><span class='ocrx_word' id='word_1_349' title='bbox 152 1483 268 1518; x_wconf 86' lang='grc' dir='ltr'><strong><em>ώπων</em></strong></span> <span class='ocrx_word' id='word_1_350' title='bbox 292 1482 332 1517; x_wconf 91' lang='grc' dir='ltr'>λο</span> <span class='ocrx_word' id='word_1_351' title='bbox 358 1484 614 1528; x_wconf 83' lang='grc' dir='ltr'><strong><em>οθετουμένους</em></strong></span> <span class='ocrx_word' id='word_1_352' title='bbox 638 1484 762 1518; x_wconf 88' lang='grc' dir='ltr'><strong><em>πᾶσαν</em></strong></span> <span class='ocrx_word' id='word_1_353' title='bbox 786 1485 878 1525; x_wconf 79' lang='grc' dir='ltr'><strong><em>ἔχειν</em></strong></span> <span class='ocrx_word' id='word_1_354' title='bbox 902 1481 1099 1538; x_wconf 70' lang='grc' dir='ltr'><strong><em>ἀσφάλειαν</em></strong></span> <span class='ocrx_word' id='word_1_355' title='bbox 1118 1495 1232 1527; x_wconf 84' lang='grc' dir='ltr'><strong><em>παρα·</em></strong></span> <span class='ocrx_word' id='word_1_356' title='bbox 1245 1483 1286 1516; x_wconf 82' lang='grc'>25</span> <span class='ocrx_word' id='word_1_357' title='bbox 1300 1481 1506 1517; x_wconf 83' lang='lat' dir='ltr'>nullatenus</span> <span class='ocrx_word' id='word_1_358' title='bbox 1530 1481 1758 1517; x_wconf 79' lang='lat' dir='ltr'>sustinentes.</span> 
     </span>
    </p>
   </div>
   <div class='ocr_carea' id='block_1_31' title="bbox 151 1497 1178 1575">
    <p class='ocr_par' dir='ltr' id='par_1_31' title="bbox 151 1497 1178 1575">
     <span class='ocr_line' id='line_1_53' title="bbox 151 1497 1178 1575; baseline -0.001 -13"><span class='ocrx_word' id='word_1_359' title='bbox 151 1497 390 1573; x_wconf 61' lang='grc' dir='ltr'><strong><em>κελευόμειῖζα,</em></strong></span> <span class='ocrx_word' id='word_1_360' title='bbox 415 1529 540 1575; x_wconf 82' lang='grc' dir='ltr'><strong><em>ἑτέραν</em></strong></span> <span class='ocrx_word' id='word_1_361' title='bbox 561 1529 708 1572; x_wconf 82' lang='grc' dir='ltr'><strong><em>ζήτησιν</em></strong></span> <span class='ocrx_word' id='word_1_362' title='bbox 730 1526 903 1573; x_wconf 77' lang='grc' dir='ltr'><strong><em>μηδαμῶς</em></strong></span> <span class='ocrx_word' id='word_1_363' title='bbox 923 1531 1178 1572; x_wconf 85' lang='grc' dir='ltr'><strong><em>υπομένοντας.</em></strong></span> 
     </span>
    </p>
   </div>
   <div class='ocr_carea' id='block_1_32' title="bbox 1127 1638 1404 1674">
    <p class='ocr_par' dir='ltr' id='par_1_32' title="bbox 1127 1638 1404 1674">
     <span class='ocr_line' id='line_1_54' title="bbox 1127 1638 1404 1674; baseline -0.007 0"><span class='ocrx_word' id='word_1_364' title='bbox 1127 1639 1283 1674; x_wconf 86' lang='lat' dir='ltr'>CAPUT</span> <span class='ocrx_word' id='word_1_365' title='bbox 1308 1638 1404 1673; x_wconf 92' lang='lat' dir='ltr'><strong>XIX.</strong></span> 
     </span>
    </p>
   </div>
   <div class='ocr_carea' id='block_1_33' title="bbox 151 1705 1231 1853">
    <p class='ocr_par' dir='ltr' id='par_1_33' title="bbox 151 1705 1231 1853">
     <span class='ocr_line' id='line_1_55' title="bbox 208 1705 1230 1753; baseline -0.002 -11"><span class='ocrx_word' id='word_1_366' title='bbox 208 1706 305 1753; x_wconf 81' lang='grc' dir='ltr'><strong><em>Πρὸς</em></strong></span> <span class='ocrx_word' id='word_1_367' title='bbox 327 1707 466 1742; x_wconf 85' lang='grc' dir='ltr'><strong><em>τούτοις</em></strong></span> <span class='ocrx_word' id='word_1_368' title='bbox 489 1707 715 1751; x_wconf 79' lang='grc' dir='ltr'><strong><em>θεσπίζομεν</em></strong></span> <span class='ocrx_word' id='word_1_369' title='bbox 741 1705 869 1752; x_wconf 85' lang='grc' dir='ltr'><strong><em>μηδενὶ</em></strong></span> <span class='ocrx_word' id='word_1_370' title='bbox 893 1708 953 1751; x_wconf 76' lang='grc' dir='ltr'>τῆς</span> <span class='ocrx_word' id='word_1_371' title='bbox 976 1705 1146 1751; x_wconf 78' lang='grc' dir='ltr'><strong><em>ἡμετέρας</em></strong></span> <span class='ocrx_word' id='word_1_372' title='bbox 1170 1719 1230 1740; x_wconf 89' lang='grc' dir='ltr'><strong><em>πο-</em></strong></span> 
     </span>
     <span class='ocr_line' id='line_1_56' title="bbox 151 1750 1231 1797; baseline -0.002 -10"><span class='ocrx_word' id='word_1_373' title='bbox 151 1752 283 1787; x_wconf 83' lang='grc' dir='ltr'><strong><em>λιτείας</em></strong></span> <span class='ocrx_word' id='word_1_374' title='bbox 306 1753 408 1796; x_wconf 82' lang='grc' dir='ltr'><strong><em>τόπῳ</em></strong></span> <span class='ocrx_word' id='word_1_375' title='bbox 432 1752 500 1787; x_wconf 85' lang='grc' dir='ltr'>τὸν</span> <span class='ocrx_word' id='word_1_376' title='bbox 525 1750 639 1787; x_wconf 78' lang='grc' dir='ltr'><strong><em>αὐτὸν</em></strong></span> <span class='ocrx_word' id='word_1_377' title='bbox 663 1755 722 1787; x_wconf 86' lang='grc' dir='ltr'>καὶ</span> <span class='ocrx_word' id='word_1_378' title='bbox 747 1751 904 1797; x_wconf 81' lang='grc' dir='ltr'><strong><em>ἄρχοντα</em></strong></span> <span class='ocrx_word' id='word_1_379' title='bbox 927 1752 1020 1787; x_wconf 85' lang='grc' dir='ltr'><strong><em>εἶναι</em></strong></span> <span class='ocrx_word' id='word_1_380' title='bbox 1043 1755 1102 1785; x_wconf 85' lang='grc' dir='ltr'>καὶ</span> <span class='ocrx_word' id='word_1_381' title='bbox 1126 1763 1231 1786; x_wconf 89' lang='grc' dir='ltr'><strong><em>τοπο-</em></strong></span> 
     </span>
     <span class='ocr_line' id='line_1_57' title="bbox 151 1796 811 1853; baseline -0.006 0"><span class='ocrx_word' id='word_1_382' title='bbox 151 1798 308 1853; x_wconf 47' lang='lat' dir='ltr'>{servir</span> <span class='ocrx_word' id='word_1_383' title='bbox 803 1796 811 1806; x_wconf 87' lang='lat'><em>&#39;</em></span> 
     </span>
    </p>
   </div>
   <div class='ocr_carea' id='block_1_34' title="bbox 320 1839 330 1852">
    <p class='ocr_par' dir='ltr' id='par_1_34' title="bbox 320 1839 330 1852">
     <span class='ocr_line' id='line_1_58' title="bbox 320 1839 330 1852; baseline 0 0"><span class='ocrx_word' id='word_1_384' title='bbox 320 1839 330 1852; x_wconf 74' lang='lat'>2</span> 
     </span>
    </p>
   </div>
   <div class='ocr_carea' id='block_1_35' title="bbox 344 1794 1233 1843">
    <p class='ocr_par' dir='ltr' id='par_1_35' title="bbox 344 1794 1233 1843">
     <span class='ocr_line' id='line_1_59' title="bbox 344 1794 1233 1843; baseline -0.002 -11"><span class='ocrx_word' id='word_1_385' title='bbox 344 1799 422 1832; x_wconf 83' lang='grc' dir='ltr'>τῶν</span> <span class='ocrx_word' id='word_1_386' title='bbox 453 1795 706 1838; x_wconf 78' lang='grc' dir='ltr'><strong><em>ἐνδοξοτάτων</em></strong></span> <span class='ocrx_word' id='word_1_387' title='bbox 741 1799 911 1843; x_wconf 85' lang='grc' dir='ltr'><strong><em>ἐπαρχών</em></strong></span> <span class='ocrx_word' id='word_1_388' title='bbox 945 1794 967 1840; x_wconf 80' lang='grc' dir='ltr'><em>ἢ</em></span> <span class='ocrx_word' id='word_1_389' title='bbox 1000 1795 1233 1842; x_wconf 74' lang='grc' dir='ltr'><strong><em>στρατηγίδος</em></strong></span> 
     </span>
    </p>
   </div>
   <div class='ocr_carea' id='block_1_36' title="bbox 1300 1700 2384 1848">
    <p class='ocr_par' dir='ltr' id='par_1_36' title="bbox 1300 1700 2384 1848">
     <span class='ocr_line' id='line_1_60' title="bbox 1358 1700 2382 1747; baseline -0.004 -8"><span class='ocrx_word' id='word_1_390' title='bbox 1358 1705 1416 1740; x_wconf 89' lang='lat' dir='ltr'>Ad</span> <span class='ocrx_word' id='word_1_391' title='bbox 1440 1705 1529 1739; x_wconf 88' lang='lat' dir='ltr'>haec</span> <span class='ocrx_word' id='word_1_392' title='bbox 1554 1703 1732 1740; x_wconf 85' lang='lat' dir='ltr'>sancimus</span> <span class='ocrx_word' id='word_1_393' title='bbox 1765 1702 1864 1739; x_wconf 90' lang='lat' dir='ltr'>nullo</span> <span class='ocrx_word' id='word_1_394' title='bbox 1888 1702 2106 1747; x_wconf 87' lang='lat' dir='ltr'>reipublicae</span> <span class='ocrx_word' id='word_1_395' title='bbox 2135 1702 2279 1737; x_wconf 87' lang='lat' dir='ltr'>nostrae</span> <span class='ocrx_word' id='word_1_396' title='bbox 2303 1700 2382 1736; x_wconf 92' lang='lat' dir='ltr'>loco</span> 
     </span>
     <span class='ocr_line' id='line_1_61' title="bbox 1302 1747 2384 1795; baseline -0.005 -10"><span class='ocrx_word' id='word_1_397' title='bbox 1302 1751 1452 1786; x_wconf 90' lang='lat' dir='ltr'>eundem</span> <span class='ocrx_word' id='word_1_398' title='bbox 1482 1750 1600 1795; x_wconf 89' lang='lat' dir='ltr'>ipsum</span> <span class='ocrx_word' id='word_1_399' title='bbox 1636 1752 1672 1784; x_wconf 89' lang='lat' dir='ltr'>et</span> <span class='ocrx_word' id='word_1_400' title='bbox 1702 1748 1855 1784; x_wconf 86' lang='lat' dir='ltr'>iudicem</span> <span class='ocrx_word' id='word_1_401' title='bbox 1885 1757 1963 1783; x_wconf 89' lang='lat' dir='ltr'>esse</span> <span class='ocrx_word' id='word_1_402' title='bbox 1997 1749 2033 1782; x_wconf 90' lang='lat' dir='ltr'>et</span> <span class='ocrx_word' id='word_1_403' title='bbox 2067 1747 2138 1782; x_wconf 92' lang='lat' dir='ltr'>loci</span> <span class='ocrx_word' id='word_1_404' title='bbox 2167 1749 2384 1782; x_wconf 87' lang='lat' dir='ltr'>servatorem</span> 
     </span>
     <span class='ocr_line' id='line_1_62' title="bbox 1300 1791 2383 1848; baseline -0.005 -18"><span class='ocrx_word' id='word_1_405' title='bbox 1300 1795 1634 1848; x_wconf 75' lang='lat' dir='ltr'>gloriosissimorum</span> <span class='ocrx_word' id='word_1_406' title='bbox 1661 1793 1924 1839; x_wconf 88' lang='lat' dir='ltr'>praefectorum</span> <span class='ocrx_word' id='word_1_407' title='bbox 1953 1795 2016 1828; x_wconf 90' lang='lat' dir='ltr'>aut</span> <span class='ocrx_word' id='word_1_408' title='bbox 2041 1791 2383 1836; x_wconf 87' lang='lat' dir='ltr'>magistromilitatus</span> 
     </span>
    </p>
   </div>
   <div class='ocr_carea' id='block_1_37' title="bbox 152 1837 2384 1897">
    <p class='ocr_par' dir='ltr' id='par_1_37' title="bbox 152 1837 2384 1897">
     <span class='ocr_line' id='line_1_63' title="bbox 152 1837 2384 1897; baseline -0.003 -21"><span class='ocrx_word' id='word_1_409' title='bbox 152 1855 276 1896; x_wconf 65' lang='grc' dir='ltr'><strong><em>αρχης,</em></strong></span> <span class='ocrx_word' id='word_1_410' title='bbox 310 1841 400 1876; x_wconf 83' lang='grc' dir='ltr'><strong><em>αλλὰ</em></strong></span> <span class='ocrx_word' id='word_1_411' title='bbox 431 1840 524 1887; x_wconf 83' lang='grc' dir='ltr'><strong><em>μηδέ</em></strong></span> <span class='ocrx_word' id='word_1_412' title='bbox 553 1855 635 1877; x_wconf 83' lang='grc' dir='ltr'><strong><em>τινα</em></strong></span> <span class='ocrx_word' id='word_1_413' title='bbox 670 1842 851 1897; x_wconf 68' lang='grc' dir='ltr'><strong><em>εἵςπραξιν</em></strong></span> <span class='ocrx_word' id='word_1_414' title='bbox 889 1841 1072 1887; x_wconf 81' lang='grc' dir='ltr'><strong><em>δημοσίων</em></strong></span> <span class='ocrx_word' id='word_1_415' title='bbox 1108 1854 1231 1876; x_wconf 81' lang='grc' dir='ltr'><strong><em>συντε-</em></strong></span> <span class='ocrx_word' id='word_1_416' title='bbox 1246 1844 1287 1876; x_wconf 87' lang='lat'>30</span> <span class='ocrx_word' id='word_1_417' title='bbox 1302 1841 1448 1884; x_wconf 79' lang='lat' dir='ltr'>cinguli,</span> <span class='ocrx_word' id='word_1_418' title='bbox 1475 1840 1537 1875; x_wconf 87' lang='lat' dir='ltr'>sed</span> <span class='ocrx_word' id='word_1_419' title='bbox 1561 1849 1627 1874; x_wconf 91' lang='lat' dir='ltr'>nec</span> <span class='ocrx_word' id='word_1_420' title='bbox 1650 1839 1803 1884; x_wconf 90' lang='lat' dir='ltr'>aliquem</span> <span class='ocrx_word' id='word_1_421' title='bbox 1827 1838 2047 1874; x_wconf 83' lang='lat' dir='ltr'>exactionem</span> <span class='ocrx_word' id='word_1_422' title='bbox 2072 1837 2247 1873; x_wconf 89' lang='lat' dir='ltr'>fiscalium</span> <span class='ocrx_word' id='word_1_423' title='bbox 2270 1837 2384 1871; x_wconf 89' lang='lat' dir='ltr'>tribu-</span> 
     </span>
    </p>
   </div>
   <div class='ocr_carea' id='block_1_38' title="bbox 153 1885 1233 2075">
    <p class='ocr_par' dir='ltr' id='par_1_38' title="bbox 153 1885 1233 2075">
     <span class='ocr_line' id='line_1_64' title="bbox 153 1885 1232 1934; baseline -0.002 -12"><span class='ocrx_word' id='word_1_424' title='bbox 153 1887 259 1922; x_wconf 87' lang='grc' dir='ltr'><strong><em>λειων</em></strong></span> <span class='ocrx_word' id='word_1_425' title='bbox 282 1889 484 1934; x_wconf 81' lang='grc' dir='ltr'><strong><em>χειρίζοντα</em></strong></span> <span class='ocrx_word' id='word_1_426' title='bbox 504 1899 754 1933; x_wconf 89' lang='grc' dir='ltr'><strong><em>τοποτηρητην</em></strong></span> <span class='ocrx_word' id='word_1_427' title='bbox 778 1887 870 1921; x_wconf 83' lang='grc' dir='ltr'><strong><em>εἶναι</em></strong></span> <span class='ocrx_word' id='word_1_428' title='bbox 886 1889 964 1922; x_wconf 79' lang='grc' dir='ltr'>τῶν</span> <span class='ocrx_word' id='word_1_429' title='bbox 980 1885 1232 1927; x_wconf 82' lang='grc' dir='ltr'><strong><em>ἐνδοξοτάτων</em></strong></span> 
     </span>
     <span class='ocr_line' id='line_1_65' title="bbox 153 1930 1232 1979; baseline 0 -14"><span class='ocrx_word' id='word_1_430' title='bbox 153 1932 320 1978; x_wconf 84' lang='grc' dir='ltr'><strong><em>ἐπάρχων</em></strong></span> <span class='ocrx_word' id='word_1_431' title='bbox 349 1936 410 1966; x_wconf 87' lang='grc' dir='ltr'>καὶ</span> <span class='ocrx_word' id='word_1_432' title='bbox 434 1931 684 1979; x_wconf 82' lang='grc' dir='ltr'><strong><em>στρατηγίδος,</em></strong></span> <span class='ocrx_word' id='word_1_433' title='bbox 717 1936 776 1967; x_wconf 85' lang='grc' dir='ltr'>καὶ</span> <span class='ocrx_word' id='word_1_434' title='bbox 801 1930 924 1968; x_wconf 79' lang='grc' dir='ltr'><strong><em>ἁπλῶς</em></strong></span> <span class='ocrx_word' id='word_1_435' title='bbox 954 1934 1067 1967; x_wconf 85' lang='grc' dir='ltr'><strong><em>εἰπεῖν</em></strong></span> <span class='ocrx_word' id='word_1_436' title='bbox 1095 1930 1232 1976; x_wconf 86' lang='grc' dir='ltr'><strong><em>μηδένα</em></strong></span> 
     </span>
     <span class='ocr_line' id='line_1_66' title="bbox 154 1976 1233 2023; baseline -0.001 -12"><span class='ocrx_word' id='word_1_437' title='bbox 154 1979 193 2011; x_wconf 84' lang='grc' dir='ltr'>ἐν</span> <span class='ocrx_word' id='word_1_438' title='bbox 216 1980 293 2011; x_wconf 86' lang='grc' dir='ltr'><strong><em>ταῖς</em></strong></span> <span class='ocrx_word' id='word_1_439' title='bbox 317 1979 501 2021; x_wconf 80' lang='grc' dir='ltr'><strong><em>ἐπαρχίαις</em></strong></span> <span class='ocrx_word' id='word_1_440' title='bbox 524 1978 695 2023; x_wconf 83' lang='grc' dir='ltr'><strong><em>γίνεσθαι</em></strong></span> <span class='ocrx_word' id='word_1_441' title='bbox 718 1978 969 2023; x_wconf 80' lang='grc' dir='ltr'><strong><em>τοποτηρητην</em></strong></span> <span class='ocrx_word' id='word_1_442' title='bbox 993 1976 1173 2023; x_wconf 78' lang='grc' dir='ltr'><strong><em>ἐπάρχων,</em></strong></span> <span class='ocrx_word' id='word_1_443' title='bbox 1202 1978 1233 2010; x_wconf 85' lang='grc' dir='ltr'>εἰ</span> 
     </span>
     <span class='ocr_line' id='line_1_67' title="bbox 153 2020 1231 2075; baseline 0.002 -21"><span class='ocrx_word' id='word_1_444' title='bbox 153 2022 202 2075; x_wconf 51' lang='grc' dir='ltr'>μὴ</span> <span class='ocrx_word' id='word_1_445' title='bbox 227 2022 264 2062; x_wconf 82' lang='grc' dir='ltr'>ἐξ</span> <span class='ocrx_word' id='word_1_446' title='bbox 284 2020 451 2066; x_wconf 82' lang='grc' dir='ltr'><strong><em>ἡμετέρας</em></strong></span> <span class='ocrx_word' id='word_1_447' title='bbox 476 2022 653 2068; x_wconf 79' lang='grc' dir='ltr'><strong><em>ἐγγράφου</em></strong></span> <span class='ocrx_word' id='word_1_448' title='bbox 677 2021 866 2075; x_wconf 22' lang='grc' dir='ltr'><strong><em>κελεύκσεως</em></strong></span> <span class='ocrx_word' id='word_1_449' title='bbox 883 2025 923 2056; x_wconf 85' lang='grc' dir='ltr'>ἐν</span> <span class='ocrx_word' id='word_1_450' title='bbox 937 2025 1011 2056; x_wconf 88' lang='grc' dir='ltr'><strong><em>τοῖς</em></strong></span> <span class='ocrx_word' id='word_1_451' title='bbox 1027 2020 1231 2064; x_wconf 81' lang='grc' dir='ltr'><strong><em>ἑξπεδίτοις,</em></strong></span> 
     </span>
    </p>
   </div>
   <div class='ocr_carea' id='block_1_39' title="bbox 155 2066 1290 2121">
    <p class='ocr_par' dir='ltr' id='par_1_39' title="bbox 155 2066 1290 2121">
     <span class='ocr_line' id='line_1_68' title="bbox 155 2066 1290 2121; baseline 0.001 -21"><span class='ocrx_word' id='word_1_452' title='bbox 155 2079 246 2101; x_wconf 80' lang='grc' dir='ltr'><strong><em>σπου</em></strong></span> <span class='ocrx_word' id='word_1_453' title='bbox 263 2071 362 2111; x_wconf 82' lang='grc' dir='ltr'><strong><em>χρεία</em></strong></span> <span class='ocrx_word' id='word_1_454' title='bbox 384 2068 460 2100; x_wconf 85' lang='grc' dir='ltr'><strong><em>ἐστὶ</em></strong></span> <span class='ocrx_word' id='word_1_455' title='bbox 484 2070 544 2100; x_wconf 82' lang='grc' dir='ltr'>καὶ</span> <span class='ocrx_word' id='word_1_456' title='bbox 559 2079 809 2121; x_wconf 70' lang='grc' dir='ltr'><strong><em>τοποτηρητην</em></strong></span> <span class='ocrx_word' id='word_1_457' title='bbox 834 2066 1001 2112; x_wconf 84' lang='grc' dir='ltr'><strong><em>ἐπάρχων</em></strong></span> <span class='ocrx_word' id='word_1_458' title='bbox 1022 2067 1234 2110; x_wconf 82' lang='grc' dir='ltr'><strong><em>πέμπεσθαι</em></strong></span> <span class='ocrx_word' id='word_1_459' title='bbox 1249 2069 1290 2101; x_wconf 86' lang='grc'>35</span> 
     </span>
    </p>
   </div>
   <div class='ocr_carea' id='block_1_40' title="bbox 155 2109 1234 2160">
    <p class='ocr_par' dir='ltr' id='par_1_40' title="bbox 155 2109 1234 2160">
     <span class='ocr_line' id='line_1_69' title="bbox 155 2109 1234 2160; baseline -0.002 -14"><span class='ocrx_word' id='word_1_460' title='bbox 155 2114 217 2155; x_wconf 79' lang='grc' dir='ltr'>τῆς</span> <span class='ocrx_word' id='word_1_461' title='bbox 241 2109 350 2154; x_wconf 77' lang='grc' dir='ltr'><strong><em>αὐτῆς</em></strong></span> <span class='ocrx_word' id='word_1_462' title='bbox 374 2110 616 2158; x_wconf 87' lang='grc' dir='ltr'><strong><em>ἐπαρχότητος</em></strong></span> <span class='ocrx_word' id='word_1_463' title='bbox 646 2125 712 2146; x_wconf 88' lang='grc' dir='ltr'>τον</span> <span class='ocrx_word' id='word_1_464' title='bbox 736 2111 930 2157; x_wconf 89' lang='grc' dir='ltr'><strong><em>οφείλοντα</em></strong></span> <span class='ocrx_word' id='word_1_465' title='bbox 958 2114 1126 2160; x_wconf 86' lang='grc' dir='ltr'><strong><em>προνοεῖν</em></strong></span> <span class='ocrx_word' id='word_1_466' title='bbox 1157 2113 1234 2144; x_wconf 81' lang='grc' dir='ltr'>τῶν</span> 
     </span>
    </p>
   </div>
   <div class='ocr_carea' id='block_1_41' title="bbox 1300 1883 2385 2152">
    <p class='ocr_par' dir='ltr' id='par_1_41' title="bbox 1300 1883 2385 2152">
     <span class='ocr_line' id='line_1_70' title="bbox 1300 1883 2384 1929; baseline -0.005 -8"><span class='ocrx_word' id='word_1_467' title='bbox 1300 1889 1418 1922; x_wconf 91' lang='lat' dir='ltr'>torum</span> <span class='ocrx_word' id='word_1_468' title='bbox 1442 1887 1602 1929; x_wconf 86' lang='lat' dir='ltr'>agentem</span> <span class='ocrx_word' id='word_1_469' title='bbox 1626 1885 1696 1919; x_wconf 92' lang='lat' dir='ltr'>loci</span> <span class='ocrx_word' id='word_1_470' title='bbox 1720 1887 1934 1919; x_wconf 87' lang='lat' dir='ltr'>servatorem</span> <span class='ocrx_word' id='word_1_471' title='bbox 1954 1893 2033 1918; x_wconf 89' lang='lat' dir='ltr'>esse</span> <span class='ocrx_word' id='word_1_472' title='bbox 2048 1883 2384 1926; x_wconf 85' lang='lat' dir='ltr'>gloriosissimorum</span> 
     </span>
     <span class='ocr_line' id='line_1_71' title="bbox 1300 1926 2382 1976; baseline -0.006 -10"><span class='ocrx_word' id='word_1_473' title='bbox 1300 1931 1562 1976; x_wconf 85' lang='lat' dir='ltr'>praefectorum</span> <span class='ocrx_word' id='word_1_474' title='bbox 1597 1933 1661 1965; x_wconf 90' lang='lat' dir='ltr'>aut</span> <span class='ocrx_word' id='word_1_475' title='bbox 1694 1930 1943 1974; x_wconf 86' lang='lat' dir='ltr'>magistrorum</span> <span class='ocrx_word' id='word_1_476' title='bbox 1974 1928 2142 1972; x_wconf 80' lang='lat' dir='ltr'>militum3</span> <span class='ocrx_word' id='word_1_477' title='bbox 2179 1931 2214 1962; x_wconf 88' lang='lat' dir='ltr'>et</span> <span class='ocrx_word' id='word_1_478' title='bbox 2251 1926 2382 1971; x_wconf 91' lang='lat' dir='ltr'>simpli-</span> 
     </span>
     <span class='ocr_line' id='line_1_72' title="bbox 1303 1972 2383 2018; baseline -0.005 -7"><span class='ocrx_word' id='word_1_479' title='bbox 1303 1977 1391 2011; x_wconf 87' lang='lat' dir='ltr'>citer</span> <span class='ocrx_word' id='word_1_480' title='bbox 1415 1976 1620 2018; x_wconf 91' lang='lat' dir='ltr'>dicendum,</span> <span class='ocrx_word' id='word_1_481' title='bbox 1651 1975 1789 2010; x_wconf 93' lang='lat' dir='ltr'>nullum</span> <span class='ocrx_word' id='word_1_482' title='bbox 1819 1974 1857 2008; x_wconf 93' lang='lat' dir='ltr'>in</span> <span class='ocrx_word' id='word_1_483' title='bbox 1880 1973 2070 2018; x_wconf 86' lang='lat' dir='ltr'>provinciis</span> <span class='ocrx_word' id='word_1_484' title='bbox 2104 1972 2182 2008; x_wconf 89' lang='lat' dir='ltr'>fieri</span> <span class='ocrx_word' id='word_1_485' title='bbox 2212 1972 2283 2007; x_wconf 90' lang='lat' dir='ltr'>loci</span> <span class='ocrx_word' id='word_1_486' title='bbox 2309 1981 2383 2006; x_wconf 90' lang='lat' dir='ltr'>ser-</span> 
     </span>
     <span class='ocr_line' id='line_1_73' title="bbox 1301 2016 2384 2065; baseline -0.006 -9"><span class='ocrx_word' id='word_1_487' title='bbox 1301 2025 1457 2056; x_wconf 88' lang='lat' dir='ltr'>vatorem</span> <span class='ocrx_word' id='word_1_488' title='bbox 1491 2020 1774 2065; x_wconf 85' lang='lat' dir='ltr'>praefectorum,</span> <span class='ocrx_word' id='word_1_489' title='bbox 1815 2019 1885 2054; x_wconf 85' lang='lat' dir='ltr'>nisi</span> <span class='ocrx_word' id='word_1_490' title='bbox 1919 2029 1983 2063; x_wconf 89' lang='lat' dir='ltr'>per</span> <span class='ocrx_word' id='word_1_491' title='bbox 2018 2020 2176 2053; x_wconf 87' lang='lat' dir='ltr'>nostram</span> <span class='ocrx_word' id='word_1_492' title='bbox 2213 2016 2384 2061; x_wconf 90' lang='lat' dir='ltr'>scriptam</span> 
     </span>
     <span class='ocr_line' id='line_1_74' title="bbox 1303 2060 2385 2109; baseline -0.005 -9"><span class='ocrx_word' id='word_1_493' title='bbox 1303 2066 1497 2101; x_wconf 89' lang='lat' dir='ltr'>iussionem</span> <span class='ocrx_word' id='word_1_494' title='bbox 1531 2066 1568 2100; x_wconf 92' lang='lat' dir='ltr'>in</span> <span class='ocrx_word' id='word_1_495' title='bbox 1604 2065 1794 2109; x_wconf 86' lang='lat' dir='ltr'>expeditis,</span> <span class='ocrx_word' id='word_1_496' title='bbox 1836 2064 1897 2099; x_wconf 93' lang='lat' dir='ltr'>ubi</span> <span class='ocrx_word' id='word_1_497' title='bbox 1933 2063 2069 2098; x_wconf 86' lang='lat' dir='ltr'>utilitas</span> <span class='ocrx_word' id='word_1_498' title='bbox 2106 2062 2213 2107; x_wconf 84' lang='lat' dir='ltr'>exigit</span> <span class='ocrx_word' id='word_1_499' title='bbox 2246 2065 2283 2096; x_wconf 90' lang='lat' dir='ltr'>et</span> <span class='ocrx_word' id='word_1_500' title='bbox 2315 2060 2385 2096; x_wconf 89' lang='lat' dir='ltr'>loci</span> 
     </span>
     <span class='ocr_line' id='line_1_75' title="bbox 1304 2106 2385 2152; baseline -0.005 -7"><span class='ocrx_word' id='word_1_501' title='bbox 1304 2112 1521 2145; x_wconf 84' lang='lat' dir='ltr'>servatorem</span> <span class='ocrx_word' id='word_1_502' title='bbox 1556 2110 1647 2145; x_wconf 90' lang='lat' dir='ltr'>mitti</span> <span class='ocrx_word' id='word_1_503' title='bbox 1677 2109 1834 2144; x_wconf 85' lang='lat' dir='ltr'>eiusdem</span> <span class='ocrx_word' id='word_1_504' title='bbox 1866 2108 2129 2152; x_wconf 83' lang='lat' dir='ltr'>praefecturae,</span> <span class='ocrx_word' id='word_1_505' title='bbox 2165 2107 2226 2151; x_wconf 90' lang='lat' dir='ltr'>qui</span> <span class='ocrx_word' id='word_1_506' title='bbox 2257 2106 2385 2141; x_wconf 88' lang='lat' dir='ltr'>debeat</span> 
     </span>
    </p>
   </div>
   <div class='ocr_carea' id='block_1_42' title="bbox 225 2201 1365 2245">
    <p class='ocr_par' dir='ltr' id='par_1_42' title="bbox 225 2201 1365 2245">
     <span class='ocr_line' id='line_1_76' title="bbox 225 2201 1365 2245; baseline -0.001 -10"><span class='ocrx_word' id='word_1_507' title='bbox 225 2216 250 2235; x_wconf 88' lang='lat' dir='ltr'>c.</span> <span class='ocrx_word' id='word_1_508' title='bbox 269 2202 408 2235; x_wconf 88' lang='lat' dir='ltr'><strong><em>XVIII</em></strong></span> <span class='ocrx_word' id='word_1_509' title='bbox 429 2209 645 2244; x_wconf 68' lang='lat' dir='ltr'>arqumentum</span> <span class='ocrx_word' id='word_1_510' title='bbox 670 2214 709 2235; x_wconf 73' lang='lat' dir='ltr'>ea·</span> <span class='ocrx_word' id='word_1_511' title='bbox 730 2204 807 2236; x_wconf 69' lang='lat' dir='ltr'>Am.</span> <span class='ocrx_word' id='word_1_512' title='bbox 833 2209 944 2236; x_wconf 83' lang='lat' dir='ltr'>notant</span> <span class='ocrx_word' id='word_1_513' title='bbox 963 2201 1126 2245; x_wconf 82' lang='lat' dir='ltr'>paratz&#39;tla</span> <span class='ocrx_word' id='word_1_514' title='bbox 1149 2202 1224 2234; x_wconf 76' lang='lat' dir='ltr'>Ath.</span> <span class='ocrx_word' id='word_1_515' title='bbox 1243 2202 1285 2235; x_wconf 86' lang='lat'>22</span> <span class='ocrx_word' id='word_1_516' title='bbox 1306 2205 1320 2240; x_wconf 82' lang='lat'>§</span> <span class='ocrx_word' id='word_1_517' title='bbox 1337 2209 1365 2235; x_wconf 85' lang='lat'>9.</span> 
     </span>
    </p>
   </div>
   <div class='ocr_carea' id='block_1_43' title="bbox 224 2248 619 2280">
    <p class='ocr_par' dir='ltr' id='par_1_43' title="bbox 224 2248 619 2280">
     <span class='ocr_line' id='line_1_77' title="bbox 224 2248 619 2280; baseline 0 0"><span class='ocrx_word' id='word_1_518' title='bbox 224 2260 250 2280; x_wconf 91' lang='lat' dir='ltr'>c.</span> <span class='ocrx_word' id='word_1_519' title='bbox 268 2248 374 2280; x_wconf 88' lang='lat' dir='ltr'>XIX.</span> <span class='ocrx_word' id='word_1_520' title='bbox 401 2250 477 2280; x_wconf 89' lang='lat' dir='ltr'>XX</span> <span class='ocrx_word' id='word_1_521' title='bbox 498 2260 555 2280; x_wconf 90' lang='lat' dir='ltr'>om.</span> <span class='ocrx_word' id='word_1_522' title='bbox 579 2248 619 2279; x_wconf 89' lang='lat' dir='ltr'>L.</span> 
     </span>
    </p>
   </div>
   <div class='ocr_carea' id='block_1_44' title="bbox 155 2307 2387 3144">
    <p class='ocr_par' dir='ltr' id='par_1_44' title="bbox 155 2307 2386 2551">
     <span class='ocr_line' id='line_1_78' title="bbox 162 2307 2385 2319; baseline -0.002 -1"><span class='ocrx_word' id='word_1_523' title='bbox 162 2307 2385 2319; x_wconf 52' lang='lat' dir='ltr'>mm</span> 
     </span>
     <span class='ocr_line' id='line_1_79' title="bbox 155 2330 2383 2382; baseline -0.002 -11"><span class='ocrx_word' id='word_1_524' title='bbox 155 2336 284 2372; x_wconf 85' lang='lat' dir='ltr'>iudicis</span> <span class='ocrx_word' id='word_1_525' title='bbox 315 2347 429 2382; x_wconf 83' lang='lat' dir='ltr'>neque</span> <span class='ocrx_word' id='word_1_526' title='bbox 451 2335 483 2370; x_wconf 84' lang='lat' dir='ltr'>si</span> <span class='ocrx_word' id='word_1_527' title='bbox 503 2335 768 2381; x_wconf 68' lang='lat' dir='ltr'>praymaticam</span> <span class='ocrx_word' id='word_1_528' title='bbox 798 2334 856 2370; x_wconf 80' lang='lat' dir='ltr'>vel</span> <span class='ocrx_word' id='word_1_529' title='bbox 877 2334 986 2369; x_wconf 84' lang='lat' dir='ltr'>aliam</span> <span class='ocrx_word' id='word_1_530' title='bbox 1016 2333 1238 2369; x_wconf 79' lang='lat' dir='ltr'>sanctionem</span> <span class='ocrx_word' id='word_1_531' title='bbox 1268 2333 1325 2369; x_wconf 84' lang='lat' dir='ltr'>vel</span> <span class='ocrx_word' id='word_1_532' title='bbox 1345 2342 1487 2367; x_wconf 90' lang='lat' dir='ltr'>sacrum</span> <span class='ocrx_word' id='word_1_533' title='bbox 1520 2330 1831 2367; x_wconf 83' lang='lat' dir='ltr'>commonitorium</span> <span class='ocrx_word' id='word_1_534' title='bbox 1855 2331 2013 2377; x_wconf 87' lang='lat' dir='ltr'>accipiat</span> <span class='ocrx_word' id='word_1_535' title='bbox 2043 2330 2143 2377; x_wconf 82' lang='lat' dir='ltr'>quod</span> <span class='ocrx_word' id='word_1_536' title='bbox 2163 2331 2200 2366; x_wconf 88' lang='lat' dir='ltr'>ei</span> <span class='ocrx_word' id='word_1_537' title='bbox 2222 2331 2294 2366; x_wconf 84' lang='lat' dir='ltr'>tale</span> <span class='ocrx_word' id='word_1_538' title='bbox 2317 2332 2383 2367; x_wconf 85' lang='lat' dir='ltr'>ali-</span> 
     </span>
     <span class='ocr_line' id='line_1_80' title="bbox 156 2375 2385 2428; baseline -0.002 -12"><span class='ocrx_word' id='word_1_539' title='bbox 156 2381 245 2428; x_wconf 81' lang='lat' dir='ltr'>quid</span> <span class='ocrx_word' id='word_1_540' title='bbox 268 2381 476 2416; x_wconf 81' lang='lat' dir='ltr'>committat.</span> <span class='ocrx_word' id='word_1_541' title='bbox 523 2380 598 2415; x_wconf 86' lang='lat' dir='ltr'>Sed</span> <span class='ocrx_word' id='word_1_542' title='bbox 619 2381 653 2415; x_wconf 88' lang='lat' dir='ltr'>si</span> <span class='ocrx_word' id='word_1_543' title='bbox 675 2379 763 2425; x_wconf 83' lang='lat' dir='ltr'>quid</span> <span class='ocrx_word' id='word_1_544' title='bbox 777 2378 952 2414; x_wconf 88' lang='lat' dir='ltr'>eiusmodi</span> <span class='ocrx_word' id='word_1_545' title='bbox 964 2379 1044 2424; x_wconf 78' lang='lat' dir='ltr'>fiat,</span> <span class='ocrx_word' id='word_1_546' title='bbox 1068 2379 1175 2414; x_wconf 83' lang='lat' dir='ltr'>liceat</span> <span class='ocrx_word' id='word_1_547' title='bbox 1198 2377 1423 2413; x_wconf 85' lang='lat' dir='ltr'>sanctissimo</span> <span class='ocrx_word' id='word_1_548' title='bbox 1447 2378 1620 2422; x_wconf 81' lang='lat' dir='ltr'>cuiusque</span> <span class='ocrx_word' id='word_1_549' title='bbox 1644 2376 1797 2411; x_wconf 84' lang='lat' dir='ltr'>civitatis</span> <span class='ocrx_word' id='word_1_550' title='bbox 1820 2377 1990 2422; x_wconf 88' lang='lat' dir='ltr'>episcopo</span> <span class='ocrx_word' id='word_1_551' title='bbox 2015 2380 2049 2411; x_wconf 90' lang='lat' dir='ltr'>et</span> <span class='ocrx_word' id='word_1_552' title='bbox 2069 2375 2284 2422; x_wconf 83' lang='lat' dir='ltr'>primatibus</span> <span class='ocrx_word' id='word_1_553' title='bbox 2308 2377 2385 2412; x_wconf 86' lang='lat' dir='ltr'>eius</span> 
     </span>
     <span class='ocr_line' id='line_1_81' title="bbox 156 2421 2385 2479; baseline -0.003 -17"><span class='ocrx_word' id='word_1_554' title='bbox 156 2427 200 2462; x_wconf 88' lang='lat' dir='ltr'>de</span> <span class='ocrx_word' id='word_1_555' title='bbox 215 2425 418 2479; x_wconf 85' lang='lat' dir='ltr'>praedictis</span> <span class='ocrx_word' id='word_1_556' title='bbox 442 2425 620 2471; x_wconf 84' lang='lat' dir='ltr'>capitibus</span> <span class='ocrx_word' id='word_1_557' title='bbox 650 2424 822 2460; x_wconf 87' lang='lat' dir='ltr'>eiusmodi</span> <span class='ocrx_word' id='word_1_558' title='bbox 847 2424 1018 2470; x_wconf 89' lang='lat' dir='ltr'>personis</span> <span class='ocrx_word' id='word_1_559' title='bbox 1048 2435 1121 2459; x_wconf 91' lang='lat' dir='ltr'>non</span> <span class='ocrx_word' id='word_1_560' title='bbox 1150 2423 1386 2468; x_wconf 83' lang='lat' dir='ltr'>respondere,</span> <span class='ocrx_word' id='word_1_561' title='bbox 1420 2422 1484 2457; x_wconf 86' lang='lat' dir='ltr'>sed</span> <span class='ocrx_word' id='word_1_562' title='bbox 1507 2421 1555 2457; x_wconf 90' lang='lat' dir='ltr'>ad</span> <span class='ocrx_word' id='word_1_563' title='bbox 1578 2431 1646 2456; x_wconf 91' lang='lat' dir='ltr'>nos</span> <span class='ocrx_word' id='word_1_564' title='bbox 1667 2421 1821 2466; x_wconf 86' lang='lat' dir='ltr'>referre,</span> <span class='ocrx_word' id='word_1_565' title='bbox 1853 2424 1894 2456; x_wconf 92' lang='lat' dir='ltr'>ut</span> <span class='ocrx_word' id='word_1_566' title='bbox 1917 2421 1971 2456; x_wconf 75' lang='lat' dir='ltr'>his</span> <span class='ocrx_word' id='word_1_567' title='bbox 1996 2421 2151 2468; x_wconf 73' lang='lat' dir='ltr'>coqnitis</span> <span class='ocrx_word' id='word_1_568' title='bbox 2180 2424 2216 2456; x_wconf 87' lang='lat' dir='ltr'>et</span> <span class='ocrx_word' id='word_1_569' title='bbox 2243 2421 2385 2456; x_wconf 85' lang='lat' dir='ltr'>illatum</span> 
     </span>
     <span class='ocr_line' id='line_1_82' title="bbox 157 2465 2386 2523; baseline -0.002 -17"><span class='ocrx_word' id='word_1_570' title='bbox 157 2472 359 2523; x_wconf 78' lang='lat' dir='ltr'>civitatibus</span> <span class='ocrx_word' id='word_1_571' title='bbox 388 2470 555 2505; x_wconf 90' lang='lat' dir='ltr'>damnum</span> <span class='ocrx_word' id='word_1_572' title='bbox 586 2481 635 2505; x_wconf 78' lang='lat' dir='ltr'>ex</span> <span class='ocrx_word' id='word_1_573' title='bbox 666 2470 827 2515; x_wconf 88' lang='lat' dir='ltr'>ipsorum</span> <span class='ocrx_word' id='word_1_574' title='bbox 856 2469 1058 2505; x_wconf 80' lang='lat' dir='ltr'>substantia</span> <span class='ocrx_word' id='word_1_575' title='bbox 1089 2469 1233 2503; x_wconf 84' lang='lat' dir='ltr'>restitui</span> <span class='ocrx_word' id='word_1_576' title='bbox 1260 2467 1443 2503; x_wconf 85' lang='lat' dir='ltr'>iubeamus</span> <span class='ocrx_word' id='word_1_577' title='bbox 1472 2470 1507 2502; x_wconf 87' lang='lat' dir='ltr'>et</span> <span class='ocrx_word' id='word_1_578' title='bbox 1537 2466 1802 2501; x_wconf 86' lang='lat' dir='ltr'>convenientem</span> <span class='ocrx_word' id='word_1_579' title='bbox 1832 2465 2025 2501; x_wconf 85' lang='lat' dir='ltr'>vindictam</span> <span class='ocrx_word' id='word_1_580' title='bbox 2058 2465 2190 2501; x_wconf 84' lang='lat' dir='ltr'>talibus</span> <span class='ocrx_word' id='word_1_581' title='bbox 2218 2466 2386 2512; x_wconf 84' lang='lat' dir='ltr'>personis</span> 
     </span>
     <span class='ocr_line' id='line_1_83' title="bbox 156 2526 375 2551; baseline -0.005 0"><span class='ocrx_word' id='word_1_582' title='bbox 156 2528 193 2551; x_wconf 84' lang='lat' dir='ltr'>m</span> <span class='ocrx_word' id='word_1_583' title='bbox 222 2528 233 2551; x_wconf 83' lang='grc' dir='ltr'><strong><em>ι</em></strong></span> <span class='ocrx_word' id='word_1_584' title='bbox 263 2526 375 2551; x_wconf 88' lang='lat' dir='ltr'>amus.</span> 
     </span>
    </p>

    <p class='ocr_par' dir='ltr' id='par_1_45' title="bbox 156 2517 2386 2920">
     <span class='ocr_line' id='line_1_84' title="bbox 192 2517 2386 2604; baseline -0.002 -9"><span class='ocrx_word' id='word_1_585' title='bbox 192 2517 260 2562; x_wconf 66' lang='lat' dir='ltr'>fl‘q</span> <span class='ocrx_word' id='word_1_586' title='bbox 291 2560 422 2595; x_wconf 88' lang='lat' dir='ltr'><strong>XVIII.</strong></span> <span class='ocrx_word' id='word_1_587' title='bbox 470 2559 665 2595; x_wconf 84' lang='lat' dir='ltr'>Praeterea</span> <span class='ocrx_word' id='word_1_588' title='bbox 696 2559 856 2595; x_wconf 84' lang='lat' dir='ltr'>iubemus</span> <span class='ocrx_word' id='word_1_589' title='bbox 889 2558 1100 2594; x_wconf 78' lang='lat' dir='ltr'>scriniarios</span> <span class='ocrx_word' id='word_1_590' title='bbox 1130 2569 1279 2604; x_wconf 87' lang='lat' dir='ltr'>operum</span> <span class='ocrx_word' id='word_1_591' title='bbox 1315 2558 1380 2603; x_wconf 83' lang='lat' dir='ltr'>qui</span> <span class='ocrx_word' id='word_1_592' title='bbox 1408 2557 1472 2592; x_wconf 88' lang='lat' dir='ltr'>sub</span> <span class='ocrx_word' id='word_1_593' title='bbox 1498 2555 1700 2603; x_wconf 85' lang='lat' dir='ltr'>praefectis</span> <span class='ocrx_word' id='word_1_594' title='bbox 1729 2565 1836 2590; x_wconf 90' lang='lat' dir='ltr'>sacro</span> <span class='ocrx_word' id='word_1_595' title='bbox 1866 2555 2055 2601; x_wconf 86' lang='lat' dir='ltr'>praetorio</span> <span class='ocrx_word' id='word_1_596' title='bbox 2087 2555 2275 2591; x_wconf 87' lang='lat' dir='ltr'>constituti</span> <span class='ocrx_word' id='word_1_597' title='bbox 2301 2561 2386 2590; x_wconf 87' lang='lat' dir='ltr'>sunt</span> 
     </span>
     <span class='ocr_line' id='line_1_85' title="bbox 157 2600 2385 2646; baseline -0.002 -5"><span class='ocrx_word' id='word_1_598' title='bbox 157 2606 293 2642; x_wconf 85' lang='lat' dir='ltr'>nullam</span> <span class='ocrx_word' id='word_1_599' title='bbox 318 2606 462 2641; x_wconf 84' lang='lat' dir='ltr'>omnino</span> <span class='ocrx_word' id='word_1_600' title='bbox 487 2605 769 2639; x_wconf 80' lang='lat' dir='ltr'>communionem</span> <span class='ocrx_word' id='word_1_601' title='bbox 801 2605 837 2639; x_wconf 89' lang='lat' dir='ltr'>in</span> <span class='ocrx_word' id='word_1_602' title='bbox 861 2603 1035 2639; x_wconf 86' lang='lat' dir='ltr'>eiusmodi</span> <span class='ocrx_word' id='word_1_603' title='bbox 1059 2603 1260 2638; x_wconf 82' lang='lat' dir='ltr'>ratiociniis</span> <span class='ocrx_word' id='word_1_604' title='bbox 1285 2602 1433 2637; x_wconf 79' lang='lat' dir='ltr'>habere:</span> <span class='ocrx_word' id='word_1_605' title='bbox 1467 2606 1507 2636; x_wconf 86' lang='lat' dir='ltr'>ut</span> <span class='ocrx_word' id='word_1_606' title='bbox 1531 2601 1652 2636; x_wconf 91' lang='lat' dir='ltr'>omnia</span> <span class='ocrx_word' id='word_1_607' title='bbox 1683 2604 1822 2635; x_wconf 89' lang='lat' dir='ltr'>cessent</span> <span class='ocrx_word' id='word_1_608' title='bbox 1848 2611 1916 2646; x_wconf 85' lang='lat' dir='ltr'>per</span> <span class='ocrx_word' id='word_1_609' title='bbox 1940 2611 2034 2645; x_wconf 83' lang='lat' dir='ltr'>quae</span> <span class='ocrx_word' id='word_1_610' title='bbox 2062 2600 2108 2635; x_wconf 87' lang='lat' dir='ltr'>iis</span> <span class='ocrx_word' id='word_1_611' title='bbox 2137 2601 2212 2636; x_wconf 86' lang='lat' dir='ltr'>sive</span> <span class='ocrx_word' id='word_1_612' title='bbox 2261 2611 2385 2636; x_wconf 83' lang='lat' dir='ltr'>enera-</span> 
     </span>
     <span class='ocr_line' id='line_1_86' title="bbox 159 2644 2384 2701; baseline -0.003 -14"><span class='ocrx_word' id='word_1_613' title='bbox 159 2652 239 2687; x_wconf 83' lang='lat' dir='ltr'>titer</span> <span class='ocrx_word' id='word_1_614' title='bbox 268 2651 342 2687; x_wconf 90' lang='lat' dir='ltr'>sive</span> <span class='ocrx_word' id='word_1_615' title='bbox 372 2650 578 2697; x_wconf 81' lang='lat' dir='ltr'>specialiter</span> <span class='ocrx_word' id='word_1_616' title='bbox 609 2650 680 2685; x_wconf 85' lang='lat' dir='ltr'>tale</span> <span class='ocrx_word' id='word_1_617' title='bbox 710 2648 799 2701; x_wconf 80' lang='lat' dir='ltr'>quid</span> <span class='ocrx_word' id='word_1_618' title='bbox 829 2649 913 2683; x_wconf 85' lang='lat' dir='ltr'>olim</span> <span class='ocrx_word' id='word_1_619' title='bbox 944 2649 1165 2683; x_wconf 85' lang='lat' dir='ltr'>commissum</span> <span class='ocrx_word' id='word_1_620' title='bbox 1192 2648 1270 2693; x_wconf 83' lang='lat' dir='ltr'>suit</span> <span class='ocrx_word' id='word_1_621' title='bbox 1304 2647 1358 2683; x_wconf 82' lang='lat' dir='ltr'>vel</span> <span class='ocrx_word' id='word_1_622' title='bbox 1385 2646 1582 2693; x_wconf 76' lang='lat' dir='ltr'>posthaec</span> <span class='ocrx_word' id='word_1_623' title='bbox 1611 2644 1841 2681; x_wconf 84' lang='lat' dir='ltr'>concedatur.</span> <span class='ocrx_word' id='word_1_624' title='bbox 1891 2644 2065 2680; x_wconf 79' lang='lat' dir='ltr'>Rationes</span> <span class='ocrx_word' id='word_1_625' title='bbox 2087 2645 2181 2680; x_wconf 88' lang='lat' dir='ltr'>enim</span> <span class='ocrx_word' id='word_1_626' title='bbox 2236 2657 2255 2681; x_wconf 90' lang='lat' dir='ltr'>e</span> <span class='ocrx_word' id='word_1_627' title='bbox 2272 2656 2384 2691; x_wconf 86' lang='lat' dir='ltr'>prae—</span> 
     </span>
     <span class='ocr_line' id='line_1_87' title="bbox 157 2689 2385 2734; baseline -0.004 -2"><span class='ocrx_word' id='word_1_628' title='bbox 157 2696 262 2732; x_wconf 85' lang='lat' dir='ltr'>dictis</span> <span class='ocrx_word' id='word_1_629' title='bbox 285 2696 403 2731; x_wconf 90' lang='lat' dir='ltr'>causis</span> <span class='ocrx_word' id='word_1_630' title='bbox 434 2695 566 2731; x_wconf 88' lang='lat' dir='ltr'>nemini</span> <span class='ocrx_word' id='word_1_631' title='bbox 594 2694 765 2729; x_wconf 76' lang='lat' dir='ltr'>committi</span> <span class='ocrx_word' id='word_1_632' title='bbox 796 2694 974 2734; x_wconf 85' lang='lat' dir='ltr'>volumus,</span> <span class='ocrx_word' id='word_1_633' title='bbox 1007 2693 1078 2727; x_wconf 88' lang='lat' dir='ltr'>nisi</span> <span class='ocrx_word' id='word_1_634' title='bbox 1100 2703 1168 2728; x_wconf 90' lang='lat' dir='ltr'>nos</span> <span class='ocrx_word' id='word_1_635' title='bbox 1191 2692 1394 2728; x_wconf 82' lang='lat' dir='ltr'>civitatibus</span> <span class='ocrx_word' id='word_1_636' title='bbox 1425 2691 1464 2726; x_wconf 88' lang='lat' dir='ltr'>id</span> <span class='ocrx_word' id='word_1_637' title='bbox 1487 2690 1688 2726; x_wconf 80' lang='lat' dir='ltr'>conducere</span> <span class='ocrx_word' id='word_1_638' title='bbox 1712 2689 1883 2725; x_wconf 86' lang='lat' dir='ltr'>arbitrati</span> <span class='ocrx_word' id='word_1_639' title='bbox 1912 2690 2027 2725; x_wconf 82' lang='lat' dir='ltr'>virum</span> <span class='ocrx_word' id='word_1_640' title='bbox 2057 2689 2172 2725; x_wconf 84' lang='lat' dir='ltr'>bonae</span> <span class='ocrx_word' id='word_1_641' title='bbox 2200 2690 2385 2726; x_wconf 82' lang='lat' dir='ltr'>existima-</span> 
     </span>
     <span class='ocr_line' id='line_1_88' title="bbox 158 2735 2384 2786; baseline -0.003 -10"><span class='ocrx_word' id='word_1_642' title='bbox 158 2741 267 2776; x_wconf 82' lang='lat' dir='ltr'>tionis</span> <span class='ocrx_word' id='word_1_643' title='bbox 290 2744 324 2776; x_wconf 87' lang='lat' dir='ltr'>et</span> <span class='ocrx_word' id='word_1_644' title='bbox 348 2740 524 2786; x_wconf 74' lang='lat' dir='ltr'>diqnitate</span> <span class='ocrx_word' id='word_1_645' title='bbox 549 2745 715 2774; x_wconf 87' lang='lat' dir='ltr'>ornatum</span> <span class='ocrx_word' id='word_1_646' title='bbox 742 2739 965 2784; x_wconf 74' lang='lat' dir='ltr'>eteqerimus,</span> <span class='ocrx_word' id='word_1_647' title='bbox 998 2738 1060 2783; x_wconf 83' lang='lat' dir='ltr'>qui</span> <span class='ocrx_word' id='word_1_648' title='bbox 1083 2749 1106 2772; x_wconf 92' lang='lat' dir='ltr'>a</span> <span class='ocrx_word' id='word_1_649' title='bbox 1130 2737 1231 2772; x_wconf 88' lang='lat' dir='ltr'>nobis</span> <span class='ocrx_word' id='word_1_650' title='bbox 1253 2748 1395 2772; x_wconf 83' lang='lat' dir='ltr'>sacram</span> <span class='ocrx_word' id='word_1_651' title='bbox 1418 2736 1610 2771; x_wconf 87' lang='lat' dir='ltr'>iussionem</span> <span class='ocrx_word' id='word_1_652' title='bbox 1635 2735 1763 2770; x_wconf 78' lang='lat' dir='ltr'>litteris</span> <span class='ocrx_word' id='word_1_653' title='bbox 1779 2735 2026 2782; x_wconf 78' lang='lat' dir='ltr'>perscriptam</span> <span class='ocrx_word' id='word_1_654' title='bbox 2057 2735 2222 2781; x_wconf 84' lang='lat' dir='ltr'>accipere</span> <span class='ocrx_word' id='word_1_655' title='bbox 2246 2735 2384 2776; x_wconf 85' lang='lat' dir='ltr'>debeat,</span> 
     </span>
     <span class='ocr_line' id='line_1_89' title="bbox 158 2780 2386 2832; baseline -0.003 -11"><span class='ocrx_word' id='word_1_656' title='bbox 158 2797 250 2832; x_wconf 84' lang='lat' dir='ltr'>quae</span> <span class='ocrx_word' id='word_1_657' title='bbox 277 2796 350 2831; x_wconf 85' lang='lat' dir='ltr'>per</span> <span class='ocrx_word' id='word_1_658' title='bbox 376 2785 481 2831; x_wconf 86' lang='lat' dir='ltr'>piam</span> <span class='ocrx_word' id='word_1_659' title='bbox 511 2784 811 2830; x_wconf 76' lang='lat' dir='ltr'>subscriptionem</span> <span class='ocrx_word' id='word_1_660' title='bbox 847 2787 1008 2818; x_wconf 85' lang='lat' dir='ltr'>nostram</span> <span class='ocrx_word' id='word_1_661' title='bbox 1042 2783 1223 2818; x_wconf 86' lang='lat' dir='ltr'>contineat</span> <span class='ocrx_word' id='word_1_662' title='bbox 1257 2787 1292 2818; x_wconf 89' lang='lat' dir='ltr'>et</span> <span class='ocrx_word' id='word_1_663' title='bbox 1322 2792 1448 2817; x_wconf 89' lang='lat' dir='ltr'>nomen</span> <span class='ocrx_word' id='word_1_664' title='bbox 1483 2785 1520 2816; x_wconf 85' lang='lat' dir='ltr'>et</span> <span class='ocrx_word' id='word_1_665' title='bbox 1551 2780 1761 2826; x_wconf 76' lang='lat' dir='ltr'>diqnitatem</span> <span class='ocrx_word' id='word_1_666' title='bbox 1793 2780 1891 2814; x_wconf 83' lang='lat' dir='ltr'>iltius</span> <span class='ocrx_word' id='word_1_667' title='bbox 1928 2783 1964 2815; x_wconf 90' lang='lat' dir='ltr'>et</span> <span class='ocrx_word' id='word_1_668' title='bbox 1993 2790 2122 2814; x_wconf 86' lang='lat' dir='ltr'>causas</span> <span class='ocrx_word' id='word_1_669' title='bbox 2157 2782 2192 2815; x_wconf 89' lang='lat' dir='ltr'>et</span> <span class='ocrx_word' id='word_1_670' title='bbox 2224 2783 2386 2826; x_wconf 86' lang='lat' dir='ltr'>tempora</span> 
     </span>
     <span class='ocr_line' id='line_1_90' title="bbox 157 2824 2386 2876; baseline -0.003 -11"><span class='ocrx_word' id='word_1_671' title='bbox 157 2841 311 2876; x_wconf 77' lang='lat' dir='ltr'>quorum</span> <span class='ocrx_word' id='word_1_672' title='bbox 335 2831 367 2865; x_wconf 89' lang='lat' dir='ltr'>ei</span> <span class='ocrx_word' id='word_1_673' title='bbox 389 2830 581 2865; x_wconf 81' lang='lat' dir='ltr'>ratiocinia</span> <span class='ocrx_word' id='word_1_674' title='bbox 602 2828 863 2864; x_wconf 76' lang='lat' dir='ltr'>committimus.</span> <span class='ocrx_word' id='word_1_675' title='bbox 910 2827 988 2863; x_wconf 86' lang='lat' dir='ltr'>Eos</span> <span class='ocrx_word' id='word_1_676' title='bbox 1010 2831 1128 2863; x_wconf 84' lang='lat' dir='ltr'>autem</span> <span class='ocrx_word' id='word_1_677' title='bbox 1152 2838 1175 2862; x_wconf 90' lang='lat' dir='ltr'>a</span> <span class='ocrx_word' id='word_1_678' title='bbox 1199 2827 1327 2872; x_wconf 82' lang='lat' dir='ltr'>quibus</span> <span class='ocrx_word' id='word_1_679' title='bbox 1350 2827 1509 2862; x_wconf 86' lang='lat' dir='ltr'>rationes</span> <span class='ocrx_word' id='word_1_680' title='bbox 1530 2836 1597 2872; x_wconf 88' lang='lat' dir='ltr'>per</span> <span class='ocrx_word' id='word_1_681' title='bbox 1613 2824 1787 2860; x_wconf 85' lang='lat' dir='ltr'>eiusmodi</span> <span class='ocrx_word' id='word_1_682' title='bbox 1803 2834 1986 2871; x_wconf 84' lang='lat' dir='ltr'>personas</span> <span class='ocrx_word' id='word_1_683' title='bbox 2009 2828 2223 2870; x_wconf 89' lang='lat' dir='ltr'>repetuntur</span> <span class='ocrx_word' id='word_1_684' title='bbox 2247 2835 2386 2860; x_wconf 85' lang='lat' dir='ltr'>omnem</span> 
     </span>
     <span class='ocr_line' id='line_1_91' title="bbox 156 2870 1684 2920; baseline -0.005 -8"><span class='ocrx_word' id='word_1_685' title='bbox 156 2876 384 2912; x_wconf 82' lang='lat' dir='ltr'>securitatem</span> <span class='ocrx_word' id='word_1_686' title='bbox 408 2874 539 2910; x_wconf 77' lang='lat' dir='ltr'>habere</span> <span class='ocrx_word' id='word_1_687' title='bbox 555 2875 805 2920; x_wconf 76' lang='lat' dir='ltr'>praecipimus</span> <span class='ocrx_word' id='word_1_688' title='bbox 828 2873 1073 2919; x_wconf 80' lang='lat' dir='ltr'>nequealiam</span> <span class='ocrx_word' id='word_1_689' title='bbox 1097 2883 1263 2917; x_wconf 76' lang='lat' dir='ltr'>umquam</span> <span class='ocrx_word' id='word_1_690' title='bbox 1287 2871 1530 2917; x_wconf 81' lang='lat' dir='ltr'>quaestionem</span> <span class='ocrx_word' id='word_1_691' title='bbox 1553 2870 1684 2905; x_wconf 87' lang='lat' dir='ltr'>subire.</span> 
     </span>
    </p>

    <p class='ocr_par' dir='ltr' id='par_1_46' title="bbox 157 2914 2387 3144">
     <span class='ocr_line' id='line_1_92' title="bbox 292 2914 2386 2963; baseline -0.002 -10"><span class='ocrx_word' id='word_1_692' title='bbox 292 2920 389 2955; x_wconf 93' lang='lat' dir='ltr'><strong>XIX.</strong></span> <span class='ocrx_word' id='word_1_693' title='bbox 437 2918 634 2955; x_wconf 86' lang='lat' dir='ltr'>Praeterea</span> <span class='ocrx_word' id='word_1_694' title='bbox 657 2919 853 2960; x_wconf 82' lang='lat' dir='ltr'>sancimus,</span> <span class='ocrx_word' id='word_1_695' title='bbox 885 2918 985 2953; x_wconf 83' lang='lat' dir='ltr'>nullo</span> <span class='ocrx_word' id='word_1_696' title='bbox 1009 2918 1063 2952; x_wconf 84' lang='lat' dir='ltr'>rei</span> <span class='ocrx_word' id='word_1_697' title='bbox 1080 2917 1250 2963; x_wconf 81' lang='lat' dir='ltr'>publicae</span> <span class='ocrx_word' id='word_1_698' title='bbox 1273 2921 1420 2952; x_wconf 85' lang='lat' dir='ltr'>nostrae</span> <span class='ocrx_word' id='word_1_699' title='bbox 1444 2916 1523 2951; x_wconf 87' lang='lat' dir='ltr'>loco</span> <span class='ocrx_word' id='word_1_700' title='bbox 1547 2914 1696 2950; x_wconf 90' lang='lat' dir='ltr'>eundem</span> <span class='ocrx_word' id='word_1_701' title='bbox 1723 2917 1758 2950; x_wconf 88' lang='lat' dir='ltr'>et</span> <span class='ocrx_word' id='word_1_702' title='bbox 1780 2915 2031 2960; x_wconf 74' lang='lat' dir='ltr'>maqistratum</span> <span class='ocrx_word' id='word_1_703' title='bbox 2055 2925 2132 2949; x_wconf 89' lang='lat' dir='ltr'>esse</span> <span class='ocrx_word' id='word_1_704' title='bbox 2155 2917 2190 2951; x_wconf 85' lang='lat' dir='ltr'>et</span> <span class='ocrx_word' id='word_1_705' title='bbox 2213 2915 2386 2950; x_wconf 87' lang='lat' dir='ltr'>vicarium</span> 
     </span>
     <span class='ocr_line' id='line_1_93' title="bbox 157 2959 2386 3011; baseline -0.003 -11"><span class='ocrx_word' id='word_1_706' title='bbox 157 2965 497 3011; x_wconf 72' lang='lat' dir='ltr'>qtortosisstmorum</span> <span class='ocrx_word' id='word_1_707' title='bbox 521 2965 797 3009; x_wconf 83' lang='lat' dir='ltr'>praefectorum</span> <span class='ocrx_word' id='word_1_708' title='bbox 830 2967 894 2998; x_wconf 85' lang='lat' dir='ltr'>aut</span> <span class='ocrx_word' id='word_1_709' title='bbox 922 2962 1176 3008; x_wconf 75' lang='lat' dir='ltr'>maqistrorum</span> <span class='ocrx_word' id='word_1_710' title='bbox 1207 2962 1376 3003; x_wconf 84' lang='lat' dir='ltr'>militum,</span> <span class='ocrx_word' id='word_1_711' title='bbox 1412 2971 1477 2995; x_wconf 88' lang='lat' dir='ltr'>nec</span> <span class='ocrx_word' id='word_1_712' title='bbox 1505 2961 1621 3006; x_wconf 72' lang='lat' dir='ltr'>maqis</span> <span class='ocrx_word' id='word_1_713' title='bbox 1652 2970 1866 3005; x_wconf 82' lang='lat' dir='ltr'>quemquam</span> <span class='ocrx_word' id='word_1_714' title='bbox 1899 2960 1959 2994; x_wconf 89' lang='lat' dir='ltr'>cui</span> <span class='ocrx_word' id='word_1_715' title='bbox 1980 2960 2127 2995; x_wconf 78' lang='lat' dir='ltr'>exactio</span> <span class='ocrx_word' id='word_1_716' title='bbox 2153 2959 2386 3006; x_wconf 87' lang='lat' dir='ltr'>publicorum</span> 
     </span>
     <span class='ocr_line' id='line_1_94' title="bbox 160 3004 2387 3052; baseline -0.002 -8"><span class='ocrx_word' id='word_1_717' title='bbox 160 3010 371 3044; x_wconf 82' lang='lat' dir='ltr'>tributorum</span> <span class='ocrx_word' id='word_1_718' title='bbox 401 3009 564 3043; x_wconf 86' lang='lat' dir='ltr'>iniuncta</span> <span class='ocrx_word' id='word_1_719' title='bbox 588 3013 641 3043; x_wconf 90' lang='lat' dir='ltr'>est</span> <span class='ocrx_word' id='word_1_720' title='bbox 671 3009 842 3043; x_wconf 85' lang='lat' dir='ltr'>vicarium</span> <span class='ocrx_word' id='word_1_721' title='bbox 866 3018 942 3043; x_wconf 87' lang='lat' dir='ltr'>esse</span> <span class='ocrx_word' id='word_1_722' title='bbox 965 3007 1305 3052; x_wconf 74' lang='lat' dir='ltr'>qloriosissimorum</span> <span class='ocrx_word' id='word_1_723' title='bbox 1330 3006 1606 3052; x_wconf 82' lang='lat' dir='ltr'>praefectorum</span> <span class='ocrx_word' id='word_1_724' title='bbox 1639 3009 1703 3040; x_wconf 88' lang='lat' dir='ltr'>aut</span> <span class='ocrx_word' id='word_1_725' title='bbox 1725 3004 1981 3050; x_wconf 75' lang='lat' dir='ltr'>maqistrorum</span> <span class='ocrx_word' id='word_1_726' title='bbox 2006 3004 2180 3046; x_wconf 75' lang='lat' dir='ltr'>militum;</span> <span class='ocrx_word' id='word_1_727' title='bbox 2214 3008 2323 3050; x_wconf 82' lang='lat' dir='ltr'>atque</span> <span class='ocrx_word' id='word_1_728' title='bbox 2346 3008 2387 3039; x_wconf 86' lang='lat' dir='ltr'>ut</span> 
     </span>
     <span class='ocr_line' id='line_1_95' title="bbox 157 3049 2386 3099; baseline -0.003 -10"><span class='ocrx_word' id='word_1_729' title='bbox 157 3054 366 3099; x_wconf 83' lang='lat' dir='ltr'>simpliciter</span> <span class='ocrx_word' id='word_1_730' title='bbox 390 3053 562 3094; x_wconf 89' lang='lat' dir='ltr'>dicamus,</span> <span class='ocrx_word' id='word_1_731' title='bbox 594 3053 731 3087; x_wconf 84' lang='lat' dir='ltr'>nullum</span> <span class='ocrx_word' id='word_1_732' title='bbox 755 3053 793 3086; x_wconf 90' lang='lat' dir='ltr'>in</span> <span class='ocrx_word' id='word_1_733' title='bbox 810 3052 1012 3098; x_wconf 80' lang='lat' dir='ltr'>provinciis</span> <span class='ocrx_word' id='word_1_734' title='bbox 1038 3052 1120 3096; x_wconf 83' lang='lat' dir='ltr'>ficri</span> <span class='ocrx_word' id='word_1_735' title='bbox 1143 3053 1315 3087; x_wconf 85' lang='lat' dir='ltr'>vicarium</span> <span class='ocrx_word' id='word_1_736' title='bbox 1339 3051 1616 3097; x_wconf 84' lang='lat' dir='ltr'>praefectorum</span> <span class='ocrx_word' id='word_1_737' title='bbox 1645 3049 1715 3084; x_wconf 83' lang='lat' dir='ltr'>nisi</span> <span class='ocrx_word' id='word_1_738' title='bbox 1738 3060 1787 3085; x_wconf 79' lang='lat' dir='ltr'>ex</span> <span class='ocrx_word' id='word_1_739' title='bbox 1811 3053 1937 3084; x_wconf 86' lang='lat' dir='ltr'>nostra</span> <span class='ocrx_word' id='word_1_740' title='bbox 1968 3049 2126 3084; x_wconf 84' lang='lat' dir='ltr'>iussione</span> <span class='ocrx_word' id='word_1_741' title='bbox 2153 3049 2281 3085; x_wconf 84' lang='lat' dir='ltr'>litteris</span> <span class='ocrx_word' id='word_1_742' title='bbox 2298 3060 2386 3095; x_wconf 82' lang='lat' dir='ltr'>per-</span> 
     </span>
     <span class='ocr_line' id='line_1_96' title="bbox 158 3094 2387 3144; baseline -0.003 -10"><span class='ocrx_word' id='word_1_743' title='bbox 158 3101 295 3144; x_wconf 83' lang='lat' dir='ltr'>scripta</span> <span class='ocrx_word' id='word_1_744' title='bbox 318 3099 356 3132; x_wconf 89' lang='lat' dir='ltr'>in</span> <span class='ocrx_word' id='word_1_745' title='bbox 379 3097 685 3144; x_wconf 75' lang='lat' dir='ltr'>eoepeditionibus,</span> <span class='ocrx_word' id='word_1_746' title='bbox 711 3096 771 3132; x_wconf 83' lang='lat' dir='ltr'>ubi</span> <span class='ocrx_word' id='word_1_747' title='bbox 795 3108 886 3143; x_wconf 88' lang='lat' dir='ltr'>opus</span> <span class='ocrx_word' id='word_1_748' title='bbox 908 3100 961 3132; x_wconf 83' lang='lat' dir='ltr'>est</span> <span class='ocrx_word' id='word_1_749' title='bbox 985 3097 1156 3132; x_wconf 85' lang='lat' dir='ltr'>vicarium</span> <span class='ocrx_word' id='word_1_750' title='bbox 1185 3097 1455 3143; x_wconf 81' lang='lat' dir='ltr'>praefectorum</span> <span class='ocrx_word' id='word_1_751' title='bbox 1478 3095 1634 3130; x_wconf 86' lang='lat' dir='ltr'>eiusdem</span> <span class='ocrx_word' id='word_1_752' title='bbox 1662 3094 1921 3140; x_wconf 87' lang='lat' dir='ltr'>praefecturae</span> <span class='ocrx_word' id='word_1_753' title='bbox 1950 3094 2054 3136; x_wconf 87' lang='lat' dir='ltr'>mitti,</span> <span class='ocrx_word' id='word_1_754' title='bbox 2087 3095 2152 3139; x_wconf 81' lang='lat' dir='ltr'>qui</span> <span class='ocrx_word' id='word_1_755' title='bbox 2173 3095 2387 3130; x_wconf 83' lang='lat' dir='ltr'>militaribus</span> 
     </span>
    </p>
   </div>
   <div class='ocr_carea' id='block_1_45' title="bbox 158 3185 1238 3368">
    <p class='ocr_par' dir='ltr' id='par_1_47' title="bbox 158 3185 1238 3368">
     <span class='ocr_line' id='line_1_97' title="bbox 206 3185 1237 3232; baseline -0.005 -8"><span class='ocrx_word' id='word_1_756' title='bbox 206 3193 220 3224; x_wconf 87' lang='lat'>1</span> <span class='ocrx_word' id='word_1_757' title='bbox 238 3186 347 3232; x_wconf 79' lang='grc' dir='ltr'><strong><em>*μηδὲ</em></strong></span> <span class='ocrx_word' id='word_1_758' title='bbox 360 3189 432 3221; x_wconf 88' lang='lat' dir='ltr'>ML</span> <span class='ocrx_word' id='word_1_759' title='bbox 451 3189 462 3230; x_wconf 79' lang='grc' dir='ltr'>ΙΙ</span> <span class='ocrx_word' id='word_1_760' title='bbox 478 3185 747 3231; x_wconf 86' lang='grc' dir='ltr'><strong><em>κομονητόριον,</em></strong></span> <span class='ocrx_word' id='word_1_761' title='bbox 761 3195 826 3222; x_wconf 75' lang='grc' dir='ltr'><strong><em>ε.ὐ.</em></strong></span> <span class='ocrx_word' id='word_1_762' title='bbox 840 3185 1062 3230; x_wconf 84' lang='grc' dir='ltr'><strong><em>συμβόλαιον</em></strong></span> <span class='ocrx_word' id='word_1_763' title='bbox 1074 3188 1105 3220; x_wconf 93' lang='lat' dir='ltr'><strong><em>L</em></strong></span> <span class='ocrx_word' id='word_1_764' title='bbox 1122 3186 1134 3231; x_wconf 81' lang='grc' dir='ltr'>ΙΙ</span> <span class='ocrx_word' id='word_1_765' title='bbox 1153 3189 1172 3221; x_wconf 91' lang='grc'>8</span> <span class='ocrx_word' id='word_1_766' title='bbox 1185 3199 1237 3219; x_wconf 85' lang='grc' dir='ltr'>κε-</span> 
     </span>
     <span class='ocr_line' id='line_1_98' title="bbox 160 3230 1238 3277; baseline -0.004 -9"><span class='ocrx_word' id='word_1_767' title='bbox 160 3233 330 3276; x_wconf 80' lang='grc' dir='ltr'><strong><em>λεύσομεν</em></strong></span> <span class='ocrx_word' id='word_1_768' title='bbox 347 3234 378 3266; x_wconf 89' lang='lat' dir='ltr'><em>L</em></span> <span class='ocrx_word' id='word_1_769' title='bbox 395 3233 408 3277; x_wconf 82' lang='grc' dir='ltr'>ΙΙ</span> <span class='ocrx_word' id='word_1_770' title='bbox 435 3235 474 3268; x_wconf 92' lang='grc'>11</span> <span class='ocrx_word' id='word_1_771' title='bbox 496 3231 593 3277; x_wconf 85' lang='grc' dir='ltr'><strong><em>Πρὸς</em></strong></span> <span class='ocrx_word' id='word_1_772' title='bbox 616 3232 767 3273; x_wconf 86' lang='grc' dir='ltr'><strong><em>τούτοις]</em></strong></span> <span class='ocrx_word' id='word_1_773' title='bbox 793 3233 898 3274; x_wconf 85' lang='lat' dir='ltr'>Super</span> <span class='ocrx_word' id='word_1_774' title='bbox 915 3234 977 3264; x_wconf 89' lang='lat' dir='ltr'>hoc</span> <span class='ocrx_word' id='word_1_775' title='bbox 995 3244 1014 3268; x_wconf 85' lang='grc' dir='ltr'><strong><em>ς</em></strong></span> <span class='ocrx_word' id='word_1_776' title='bbox 1032 3233 1044 3275; x_wconf 86' lang='grc' dir='ltr'>ΙΙ</span> <span class='ocrx_word' id='word_1_777' title='bbox 1064 3233 1104 3265; x_wconf 91' lang='grc'>12</span> <span class='ocrx_word' id='word_1_778' title='bbox 1129 3230 1238 3276; x_wconf 85' lang='grc' dir='ltr'><strong><em>ἐπάρ-</em></strong></span> 
     </span>
     <span class='ocr_line' id='line_1_99' title="bbox 158 3274 1237 3321; baseline -0.002 -8"><span class='ocrx_word' id='word_1_779' title='bbox 158 3290 237 3321; x_wconf 87' lang='grc' dir='ltr'><strong><em>χους</em></strong></span> <span class='ocrx_word' id='word_1_780' title='bbox 261 3280 424 3321; x_wconf 74' lang='lat' dir='ltr'>Scrz&#39;myer</span> <span class='ocrx_word' id='word_1_781' title='bbox 455 3279 590 3319; x_wconf 77' lang='lat' dir='ltr'>(Theod.</span> <span class='ocrx_word' id='word_1_782' title='bbox 616 3275 809 3321; x_wconf 81' lang='grc' dir='ltr'><strong><em>ἐπάρχων)]</em></strong></span> <span class='ocrx_word' id='word_1_783' title='bbox 844 3274 1022 3321; x_wconf 81' lang='grc' dir='ltr'><strong><em>ὑπάρχους</em></strong></span> <span class='ocrx_word' id='word_1_784' title='bbox 1047 3277 1124 3310; x_wconf 87' lang='lat' dir='ltr'>ML</span> <span class='ocrx_word' id='word_1_785' title='bbox 1155 3276 1168 3320; x_wconf 86' lang='grc' dir='ltr'>ΙΙ</span> <span class='ocrx_word' id='word_1_786' title='bbox 1196 3279 1237 3311; x_wconf 88' lang='grc'>22</span> 
     </span>
     <span class='ocr_line' id='line_1_100' title="bbox 160 3320 1112 3368; baseline -0.001 -12"><span class='ocrx_word' id='word_1_787' title='bbox 160 3320 484 3368; x_wconf 84' lang='grc' dir='ltr'><strong><em>παρασημειώσεως</em></strong></span> <span class='ocrx_word' id='word_1_788' title='bbox 509 3323 540 3355; x_wconf 93' lang='lat' dir='ltr'><em>L</em></span> <span class='ocrx_word' id='word_1_789' title='bbox 558 3323 570 3365; x_wconf 91' lang='grc' dir='ltr'>ΙΙ</span> <span class='ocrx_word' id='word_1_790' title='bbox 588 3324 629 3356; x_wconf 82' lang='lat'>25</span> <span class='ocrx_word' id='word_1_791' title='bbox 654 3320 977 3367; x_wconf 82' lang='grc' dir='ltr'><strong><em>λογοθετουμένους</em></strong></span> <span class='ocrx_word' id='word_1_792' title='bbox 1001 3335 1058 3355; x_wconf 87' lang='lat' dir='ltr'>om.</span> <span class='ocrx_word' id='word_1_793' title='bbox 1080 3323 1112 3355; x_wconf 89' lang='lat' dir='ltr'><em>L</em></span> 
     </span>
    </p>
   </div>
   <div class='ocr_carea' id='block_1_46' title="bbox 160 3410 1239 3770">
    <p class='ocr_par' dir='ltr' id='par_1_48' title="bbox 160 3410 1239 3770">
     <span class='ocr_line' id='line_1_101' title="bbox 231 3410 1237 3455; baseline -0.003 -9"><span class='ocrx_word' id='word_1_794' title='bbox 231 3416 244 3446; x_wconf 94' lang='lat'>1</span> <span class='ocrx_word' id='word_1_795' title='bbox 272 3412 388 3455; x_wconf 88' lang='lat' dir='ltr'>scripti</span> <span class='ocrx_word' id='word_1_796' title='bbox 412 3410 505 3444; x_wconf 75' lang='lat' dir='ltr'><em>V1²T</em></span> <span class='ocrx_word' id='word_1_797' title='bbox 531 3411 663 3452; x_wconf 87' lang='lat' dir='ltr'>scriptis</span> <span class='ocrx_word' id='word_1_798' title='bbox 684 3412 735 3444; x_wconf 82' lang='lat' dir='ltr'>Va</span> <span class='ocrx_word' id='word_1_799' title='bbox 751 3413 847 3455; x_wconf 66' lang='lat' dir='ltr'>vulq„</span> <span class='ocrx_word' id='word_1_800' title='bbox 873 3413 933 3444; x_wconf 81' lang='lat' dir='ltr'>del.</span> <span class='ocrx_word' id='word_1_801' title='bbox 948 3412 1042 3445; x_wconf 83' lang='lat' dir='ltr'>Beck</span> <span class='ocrx_word' id='word_1_802' title='bbox 1066 3411 1079 3454; x_wconf 84' lang='grc' dir='ltr'>ΙΙ</span> <span class='ocrx_word' id='word_1_803' title='bbox 1105 3413 1124 3444; x_wconf 89' lang='grc'>2</span> <span class='ocrx_word' id='word_1_804' title='bbox 1149 3421 1237 3443; x_wconf 91' lang='lat' dir='ltr'>com-</span> 
     </span>
     <span class='ocr_line' id='line_1_102' title="bbox 160 3456 1239 3499; baseline -0.003 -8"><span class='ocrx_word' id='word_1_805' title='bbox 160 3458 374 3491; x_wconf 88' lang='lat' dir='ltr'>monitarium</span> <span class='ocrx_word' id='word_1_806' title='bbox 395 3457 428 3490; x_wconf 93' lang='lat' dir='ltr'><strong><em>V</em></strong></span> <span class='ocrx_word' id='word_1_807' title='bbox 445 3456 717 3489; x_wconf 86' lang='lat' dir='ltr'>commentarium</span> <span class='ocrx_word' id='word_1_808' title='bbox 744 3457 776 3488; x_wconf 90' lang='lat' dir='ltr'><em>T</em></span> <span class='ocrx_word' id='word_1_809' title='bbox 791 3456 802 3499; x_wconf 85' lang='grc' dir='ltr'>ΙΙ</span> <span class='ocrx_word' id='word_1_810' title='bbox 818 3456 942 3498; x_wconf 66' lang='lat' dir='ltr'>accipis</span> <span class='ocrx_word' id='word_1_811' title='bbox 965 3456 1018 3498; x_wconf 71' lang='lat' dir='ltr'>Vl}</span> <span class='ocrx_word' id='word_1_812' title='bbox 1043 3458 1065 3489; x_wconf 90' lang='lat'>4</span> <span class='ocrx_word' id='word_1_813' title='bbox 1088 3458 1239 3488; x_wconf 84' lang='lat' dir='ltr'>sanctum</span> 
     </span>
     <span class='ocr_line' id='line_1_103' title="bbox 162 3501 1238 3544; baseline -0.001 -10"><span class='ocrx_word' id='word_1_814' title='bbox 162 3505 194 3536; x_wconf 87' lang='lat' dir='ltr'><em>T</em></span> <span class='ocrx_word' id='word_1_815' title='bbox 209 3505 220 3543; x_wconf 74' lang='lat' dir='ltr'>n</span> <span class='ocrx_word' id='word_1_816' title='bbox 237 3506 254 3537; x_wconf 83' lang='lat'><strong>7</strong></span> <span class='ocrx_word' id='word_1_817' title='bbox 271 3503 495 3544; x_wconf 84' lang='lat' dir='ltr'>agnoscentes]</span> <span class='ocrx_word' id='word_1_818' title='bbox 514 3502 575 3533; x_wconf 84' lang='lat' dir='ltr'>hac</span> <span class='ocrx_word' id='word_1_819' title='bbox 591 3503 762 3534; x_wconf 84' lang='lat' dir='ltr'>noscentes</span> <span class='ocrx_word' id='word_1_820' title='bbox 784 3501 841 3543; x_wconf 77' lang='lat' dir='ltr'>Vll</span> <span class='ocrx_word' id='word_1_821' title='bbox 859 3503 877 3535; x_wconf 90' lang='grc'>8</span> <span class='ocrx_word' id='word_1_822' title='bbox 895 3501 1046 3534; x_wconf 87' lang='lat' dir='ltr'>iubemus</span> <span class='ocrx_word' id='word_1_823' title='bbox 1064 3502 1096 3534; x_wconf 90' lang='lat' dir='ltr'><em>T</em></span> <span class='ocrx_word' id='word_1_824' title='bbox 1108 3502 1120 3544; x_wconf 74' lang='lat' dir='ltr'>ss</span> <span class='ocrx_word' id='word_1_825' title='bbox 1138 3503 1182 3541; x_wconf 88' lang='lat' dir='ltr'>et]</span> <span class='ocrx_word' id='word_1_826' title='bbox 1201 3503 1238 3533; x_wconf 90' lang='lat' dir='ltr'>ut</span> 
     </span>
     <span class='ocr_line' id='line_1_104' title="bbox 163 3545 1237 3591; baseline -0.004 -10"><span class='ocrx_word' id='word_1_827' title='bbox 163 3549 194 3581; x_wconf 89' lang='lat' dir='ltr'><em>T</em></span> <span class='ocrx_word' id='word_1_828' title='bbox 208 3547 220 3591; x_wconf 82' lang='grc' dir='ltr'>ΙΙ</span> <span class='ocrx_word' id='word_1_829' title='bbox 236 3550 256 3582; x_wconf 91' lang='grc'><strong>9</strong></span> <span class='ocrx_word' id='word_1_830' title='bbox 269 3561 317 3590; x_wconf 85' lang='lat' dir='ltr'>sq.</span> <span class='ocrx_word' id='word_1_831' title='bbox 339 3547 530 3579; x_wconf 80' lang='lat' dir='ltr'>inferamus.</span> <span class='ocrx_word' id='word_1_832' title='bbox 556 3556 655 3587; x_wconf 87' lang='lat' dir='ltr'>super</span> <span class='ocrx_word' id='word_1_833' title='bbox 671 3546 733 3578; x_wconf 87' lang='lat' dir='ltr'>hoc</span> <span class='ocrx_word' id='word_1_834' title='bbox 751 3559 811 3578; x_wconf 83' lang='lat' dir='ltr'>scr.</span> <span class='ocrx_word' id='word_1_835' title='bbox 835 3545 884 3579; x_wconf 84' lang='lat' dir='ltr'>V2</span> <span class='ocrx_word' id='word_1_836' title='bbox 901 3548 933 3579; x_wconf 84' lang='lat' dir='ltr'>in</span> <span class='ocrx_word' id='word_1_837' title='bbox 949 3554 1033 3589; x_wconf 76' lang='lat' dir='ltr'>spat.</span> <span class='ocrx_word' id='word_1_838' title='bbox 1051 3559 1119 3579; x_wconf 84' lang='lat' dir='ltr'>vac.</span> <span class='ocrx_word' id='word_1_839' title='bbox 1135 3548 1151 3580; x_wconf 91' lang='grc'>1</span> <span class='ocrx_word' id='word_1_840' title='bbox 1166 3559 1209 3579; x_wconf 87' lang='lat' dir='ltr'>vs.</span> <span class='ocrx_word' id='word_1_841' title='bbox 1227 3546 1237 3589; x_wconf 70' lang='grc' dir='ltr'><em>Η</em></span> 
     </span>
     <span class='ocr_line' id='line_1_105' title="bbox 163 3590 1237 3635; baseline -0.002 -10"><span class='ocrx_word' id='word_1_842' title='bbox 163 3595 200 3626; x_wconf 87' lang='grc'>11</span> <span class='ocrx_word' id='word_1_843' title='bbox 228 3593 370 3635; x_wconf 87' lang='lat' dir='ltr'>Insuper</span> <span class='ocrx_word' id='word_1_844' title='bbox 394 3593 424 3624; x_wconf 89' lang='lat' dir='ltr'><em>T</em></span> <span class='ocrx_word' id='word_1_845' title='bbox 445 3591 456 3634; x_wconf 84' lang='grc' dir='ltr'>ΙΙ</span> <span class='ocrx_word' id='word_1_846' title='bbox 474 3592 547 3632; x_wconf 89' lang='lat' dir='ltr'>hoc]</span> <span class='ocrx_word' id='word_1_847' title='bbox 575 3592 634 3634; x_wconf 78' lang='lat' dir='ltr'>ley.</span> <span class='ocrx_word' id='word_1_848' title='bbox 652 3592 731 3623; x_wconf 83' lang='lat' dir='ltr'>haec</span> <span class='ocrx_word' id='word_1_849' title='bbox 749 3592 803 3632; x_wconf 83' lang='lat' dir='ltr'>(cf.</span> <span class='ocrx_word' id='word_1_850' title='bbox 821 3603 847 3624; x_wconf 89' lang='lat' dir='ltr'>c.</span> <span class='ocrx_word' id='word_1_851' title='bbox 867 3593 908 3625; x_wconf 86' lang='lat'>23</span> <span class='ocrx_word' id='word_1_852' title='bbox 929 3591 1014 3632; x_wconf 81' lang='lat' dir='ltr'>in.)?</span> <span class='ocrx_word' id='word_1_853' title='bbox 1030 3590 1041 3634; x_wconf 77' lang='grc'>11</span> <span class='ocrx_word' id='word_1_854' title='bbox 1060 3591 1237 3633; x_wconf 86' lang='lat' dir='ltr'>praefextis</span> 
     </span>
     <span class='ocr_line' id='line_1_106' title="bbox 163 3636 1233 3679; baseline -0.002 -9"><span class='ocrx_word' id='word_1_855' title='bbox 163 3638 195 3670; x_wconf 93' lang='lat' dir='ltr'><em>T</em></span> <span class='ocrx_word' id='word_1_856' title='bbox 217 3638 229 3678; x_wconf 80' lang='lat' dir='ltr'>ss</span> <span class='ocrx_word' id='word_1_857' title='bbox 254 3639 294 3670; x_wconf 90' lang='lat'>13</span> <span class='ocrx_word' id='word_1_858' title='bbox 319 3637 439 3669; x_wconf 87' lang='lat' dir='ltr'>habere</span> <span class='ocrx_word' id='word_1_859' title='bbox 464 3649 521 3668; x_wconf 86' lang='lat' dir='ltr'>om.</span> <span class='ocrx_word' id='word_1_860' title='bbox 544 3636 579 3669; x_wconf 95' lang='lat' dir='ltr'><strong><em>V</em></strong></span> <span class='ocrx_word' id='word_1_861' title='bbox 595 3636 606 3678; x_wconf 94' lang='grc' dir='ltr'>ΙΙ</span> <span class='ocrx_word' id='word_1_862' title='bbox 633 3638 672 3669; x_wconf 87' lang='grc'>15</span> <span class='ocrx_word' id='word_1_863' title='bbox 698 3636 824 3678; x_wconf 88' lang='lat' dir='ltr'>pridem</span> <span class='ocrx_word' id='word_1_864' title='bbox 848 3636 914 3668; x_wconf 90' lang='lat' dir='ltr'>tale</span> <span class='ocrx_word' id='word_1_865' title='bbox 937 3636 992 3679; x_wconf 71' lang='lat' dir='ltr'>Vn</span> <span class='ocrx_word' id='word_1_866' title='bbox 1021 3638 1062 3669; x_wconf 82' lang='lat'>16</span> <span class='ocrx_word' id='word_1_867' title='bbox 1085 3638 1152 3669; x_wconf 89' lang='lat' dir='ltr'>Pro</span> <span class='ocrx_word' id='word_1_868' title='bbox 1177 3650 1233 3669; x_wconf 85' lang='lat' dir='ltr'>om.</span> 
     </span>
     <span class='ocr_line' id='line_1_107' title="bbox 164 3681 1235 3725; baseline 0 -11"><span class='ocrx_word' id='word_1_869' title='bbox 164 3682 197 3714; x_wconf 91' lang='lat' dir='ltr'><em>T</em></span> <span class='ocrx_word' id='word_1_870' title='bbox 216 3681 227 3722; x_wconf 87' lang='grc' dir='ltr'>ΙΙ</span> <span class='ocrx_word' id='word_1_871' title='bbox 244 3682 327 3714; x_wconf 90' lang='lat' dir='ltr'>casis</span> <span class='ocrx_word' id='word_1_872' title='bbox 353 3682 409 3724; x_wconf 84' lang='grc' dir='ltr'>ΤΙΙ</span> <span class='ocrx_word' id='word_1_873' title='bbox 429 3684 467 3714; x_wconf 83' lang='lat'>17</span> <span class='ocrx_word' id='word_1_874' title='bbox 496 3681 719 3713; x_wconf 84' lang='lat' dir='ltr'>existimantes</span> <span class='ocrx_word' id='word_1_875' title='bbox 749 3682 874 3725; x_wconf 72' lang='lat' dir='ltr'>Tvulq.</span> <span class='ocrx_word' id='word_1_876' title='bbox 894 3682 905 3724; x_wconf 88' lang='grc' dir='ltr'>ΙΙ</span> <span class='ocrx_word' id='word_1_877' title='bbox 926 3683 965 3715; x_wconf 83' lang='grc'>19</span> <span class='ocrx_word' id='word_1_878' title='bbox 991 3682 1048 3722; x_wconf 90' lang='lat' dir='ltr'>qui</span> <span class='ocrx_word' id='word_1_879' title='bbox 1074 3694 1130 3713; x_wconf 88' lang='lat' dir='ltr'>om.</span> <span class='ocrx_word' id='word_1_880' title='bbox 1154 3682 1202 3714; x_wconf 88' lang='lat' dir='ltr'>V¹</span> <span class='ocrx_word' id='word_1_881' title='bbox 1234 3705 1235 3720; x_wconf 51' lang='grc'><strong>;</strong></span> 
     </span>
     <span class='ocr_line' id='line_1_108' title="bbox 161 3726 1236 3770; baseline -0.001 -11"><span class='ocrx_word' id='word_1_882' title='bbox 161 3726 276 3759; x_wconf 84' lang='lat' dir='ltr'>diuina</span> <span class='ocrx_word' id='word_1_883' title='bbox 296 3727 439 3760; x_wconf 89' lang='lat' dir='ltr'>iussione</span> <span class='ocrx_word' id='word_1_884' title='bbox 466 3727 499 3759; x_wconf 89' lang='lat' dir='ltr'><em>T</em></span> <span class='ocrx_word' id='word_1_885' title='bbox 510 3726 522 3770; x_wconf 84' lang='lat' dir='ltr'>ss</span> <span class='ocrx_word' id='word_1_886' title='bbox 541 3728 582 3760; x_wconf 85' lang='lat'>20</span> <span class='ocrx_word' id='word_1_887' title='bbox 606 3726 774 3768; x_wconf 86' lang='lat' dir='ltr'>percipere</span> <span class='ocrx_word' id='word_1_888' title='bbox 800 3739 857 3759; x_wconf 88' lang='lat' dir='ltr'>om.</span> <span class='ocrx_word' id='word_1_889' title='bbox 874 3727 907 3759; x_wconf 91' lang='lat' dir='ltr'><em>T</em></span> <span class='ocrx_word' id='word_1_890' title='bbox 920 3726 932 3770; x_wconf 79' lang='grc' dir='ltr'>ΙΙ</span> <span class='ocrx_word' id='word_1_891' title='bbox 950 3729 1236 3768; x_wconf 82' lang='lat' dir='ltr'>contempnentem</span> 
     </span>
    </p>
   </div>
   <div class='ocr_carea' id='block_1_47' title="bbox 1304 3185 2390 3767">
    <p class='ocr_par' dir='ltr' id='par_1_49' title="bbox 1304 3185 2390 3767">
     <span class='ocr_line' id='line_1_109' title="bbox 1308 3185 2385 3230; baseline -0.002 -10"><span class='ocrx_word' id='word_1_892' title='bbox 1308 3188 1339 3220; x_wconf 90' lang='lat' dir='ltr'><em>T</em></span> <span class='ocrx_word' id='word_1_893' title='bbox 1360 3186 1371 3230; x_wconf 76' lang='lat' dir='ltr'>ss</span> <span class='ocrx_word' id='word_1_894' title='bbox 1389 3188 1428 3221; x_wconf 88' lang='grc'>21</span> <span class='ocrx_word' id='word_1_895' title='bbox 1453 3188 1485 3219; x_wconf 87' lang='lat' dir='ltr'>et</span> <span class='ocrx_word' id='word_1_896' title='bbox 1508 3186 1614 3226; x_wconf 90' lang='lat' dir='ltr'>illius]</span> <span class='ocrx_word' id='word_1_897' title='bbox 1639 3188 1678 3218; x_wconf 90' lang='lat' dir='ltr'>ut</span> <span class='ocrx_word' id='word_1_898' title='bbox 1698 3185 1790 3218; x_wconf 90' lang='lat' dir='ltr'>illius</span> <span class='ocrx_word' id='word_1_899' title='bbox 1819 3185 1874 3228; x_wconf 83' lang='grc' dir='ltr'>ΤΙΙ</span> <span class='ocrx_word' id='word_1_900' title='bbox 1892 3185 2071 3227; x_wconf 82' lang='lat' dir='ltr'>dignitates</span> <span class='ocrx_word' id='word_1_901' title='bbox 2097 3186 2130 3219; x_wconf 91' lang='lat' dir='ltr'><em>T</em></span> <span class='ocrx_word' id='word_1_902' title='bbox 2142 3185 2154 3229; x_wconf 82' lang='grc' dir='ltr'>ΙΙ</span> <span class='ocrx_word' id='word_1_903' title='bbox 2179 3186 2222 3219; x_wconf 89' lang='grc'>22</span> <span class='ocrx_word' id='word_1_904' title='bbox 2248 3187 2280 3218; x_wconf 89' lang='lat' dir='ltr'>et</span> <span class='ocrx_word' id='word_1_905' title='bbox 2303 3187 2385 3218; x_wconf 88' lang='lat' dir='ltr'>tem-</span> 
     </span>
     <span class='ocr_line' id='line_1_110' title="bbox 1305 3230 2386 3275; baseline 0.001 -12"><span class='ocrx_word' id='word_1_906' title='bbox 1305 3234 1396 3274; x_wconf 85' lang='lat' dir='ltr'>pora]</span> <span class='ocrx_word' id='word_1_907' title='bbox 1427 3231 1516 3273; x_wconf 88' lang='lat' dir='ltr'>ipsas</span> <span class='ocrx_word' id='word_1_908' title='bbox 1542 3232 1574 3264; x_wconf 91' lang='lat' dir='ltr'><em>T</em></span> <span class='ocrx_word' id='word_1_909' title='bbox 1598 3231 1610 3275; x_wconf 84' lang='grc' dir='ltr'>ΙΙ</span> <span class='ocrx_word' id='word_1_910' title='bbox 1639 3230 1796 3263; x_wconf 86' lang='lat' dir='ltr'>ratiocini</span> <span class='ocrx_word' id='word_1_911' title='bbox 1821 3231 1853 3263; x_wconf 89' lang='grc' dir='ltr'><em>Τ</em></span> <span class='ocrx_word' id='word_1_912' title='bbox 1861 3231 1870 3250; x_wconf 89' lang='lat'><strong>¹</strong></span> <span class='ocrx_word' id='word_1_913' title='bbox 1900 3230 1911 3273; x_wconf 84' lang='grc' dir='ltr'>ΙΙ</span> <span class='ocrx_word' id='word_1_914' title='bbox 1942 3231 1983 3263; x_wconf 90' lang='grc'>23</span> <span class='ocrx_word' id='word_1_915' title='bbox 2009 3230 2068 3271; x_wconf 92' lang='lat' dir='ltr'>qui</span> <span class='ocrx_word' id='word_1_916' title='bbox 2092 3233 2122 3271; x_wconf 86' lang='lat' dir='ltr'>a]</span> <span class='ocrx_word' id='word_1_917' title='bbox 2155 3231 2234 3272; x_wconf 88' lang='lat' dir='ltr'>quia</span> <span class='ocrx_word' id='word_1_918' title='bbox 2261 3231 2317 3274; x_wconf 74' lang='lat' dir='ltr'>VH</span> <span class='ocrx_word' id='word_1_919' title='bbox 2343 3232 2386 3264; x_wconf 91' lang='grc'>24</span> 
     </span>
     <span class='ocr_line' id='line_1_111' title="bbox 1306 3274 2386 3320; baseline -0.004 -11"><span class='ocrx_word' id='word_1_920' title='bbox 1306 3277 1452 3317; x_wconf 83' lang='lat' dir='ltr'>aliquam</span> <span class='ocrx_word' id='word_1_921' title='bbox 1477 3277 1510 3309; x_wconf 91' lang='lat' dir='ltr'><em>T</em></span> <span class='ocrx_word' id='word_1_922' title='bbox 1518 3277 1604 3318; x_wconf 62' lang='grc' dir='ltr'><strong><em>ναῖς.</em></strong></span> <span class='ocrx_word' id='word_1_923' title='bbox 1630 3276 1642 3315; x_wconf 87' lang='grc' dir='ltr'>ΙΙ</span> <span class='ocrx_word' id='word_1_924' title='bbox 1666 3277 1707 3308; x_wconf 85' lang='grc'>25</span> <span class='ocrx_word' id='word_1_925' title='bbox 1732 3276 1933 3308; x_wconf 87' lang='lat' dir='ltr'>sustinemus</span> <span class='ocrx_word' id='word_1_926' title='bbox 1958 3276 1991 3308; x_wconf 87' lang='lat' dir='ltr'><em>T</em></span> <span class='ocrx_word' id='word_1_927' title='bbox 2009 3274 2021 3319; x_wconf 87' lang='grc' dir='ltr'>ΙΙ</span> <span class='ocrx_word' id='word_1_928' title='bbox 2050 3277 2090 3309; x_wconf 82' lang='grc'>27</span> <span class='ocrx_word' id='word_1_929' title='bbox 2116 3275 2272 3308; x_wconf 57' lang='lat' dir='ltr'>sanein*</span> <span class='ocrx_word' id='word_1_930' title='bbox 2300 3277 2352 3309; x_wconf 82' lang='lat' dir='ltr'>Ta</span> <span class='ocrx_word' id='word_1_931' title='bbox 2373 3275 2386 3320; x_wconf 79' lang='grc' dir='ltr'>ΙΙ</span> 
     </span>
     <span class='ocr_line' id='line_1_112' title="bbox 1306 3319 2384 3364; baseline -0.001 -10"><span class='ocrx_word' id='word_1_932' title='bbox 1306 3322 1412 3362; x_wconf 89' lang='lat' dir='ltr'>nullo]</span> <span class='ocrx_word' id='word_1_933' title='bbox 1436 3321 1473 3353; x_wconf 91' lang='lat' dir='ltr'>in</span> <span class='ocrx_word' id='word_1_934' title='bbox 1489 3321 1550 3353; x_wconf 89' lang='lat' dir='ltr'>illo</span> <span class='ocrx_word' id='word_1_935' title='bbox 1572 3321 1606 3353; x_wconf 94' lang='lat' dir='ltr'><strong><em>V</em></strong></span> <span class='ocrx_word' id='word_1_936' title='bbox 1624 3321 1660 3353; x_wconf 90' lang='lat' dir='ltr'>in</span> <span class='ocrx_word' id='word_1_937' title='bbox 1676 3320 1771 3353; x_wconf 84' lang='lat' dir='ltr'>nullo</span> <span class='ocrx_word' id='word_1_938' title='bbox 1786 3319 1836 3354; x_wconf 78' lang='grc' dir='ltr'>Τ2</span> <span class='ocrx_word' id='word_1_939' title='bbox 1848 3322 1946 3364; x_wconf 73' lang='grc' dir='ltr'><strong><em>υιιῖ9.,</em></strong></span> <span class='ocrx_word' id='word_1_940' title='bbox 1963 3333 2021 3353; x_wconf 90' lang='lat' dir='ltr'>om.</span> <span class='ocrx_word' id='word_1_941' title='bbox 2035 3321 2068 3353; x_wconf 88' lang='lat' dir='ltr'><em>T</em></span> <span class='ocrx_word' id='word_1_942' title='bbox 2075 3321 2083 3340; x_wconf 91' lang='lat'><em>¹</em></span> <span class='ocrx_word' id='word_1_943' title='bbox 2103 3320 2115 3360; x_wconf 91' lang='grc' dir='ltr'>ΙΙ</span> <span class='ocrx_word' id='word_1_944' title='bbox 2132 3322 2244 3353; x_wconf 88' lang='lat' dir='ltr'>nostre</span> <span class='ocrx_word' id='word_1_945' title='bbox 2268 3322 2300 3354; x_wconf 87' lang='lat' dir='ltr'>in</span> <span class='ocrx_word' id='word_1_946' title='bbox 2318 3333 2384 3353; x_wconf 86' lang='lat' dir='ltr'>ras.</span> 
     </span>
     <span class='ocr_line' id='line_1_113' title="bbox 1308 3365 2385 3409; baseline -0.003 -9"><span class='ocrx_word' id='word_1_947' title='bbox 1308 3368 1340 3400; x_wconf 91' lang='lat' dir='ltr'><em>T</em></span> <span class='ocrx_word' id='word_1_948' title='bbox 1366 3369 1478 3399; x_wconf 89' lang='lat' dir='ltr'>nostro</span> <span class='ocrx_word' id='word_1_949' title='bbox 1496 3365 1551 3409; x_wconf 75' lang='lat' dir='ltr'>Vn</span> <span class='ocrx_word' id='word_1_950' title='bbox 1577 3367 1617 3399; x_wconf 90' lang='grc'>28</span> <span class='ocrx_word' id='word_1_951' title='bbox 1642 3366 1749 3408; x_wconf 85' lang='lat' dir='ltr'>ipsum</span> <span class='ocrx_word' id='word_1_952' title='bbox 1774 3366 1939 3399; x_wconf 85' lang='lat' dir='ltr'>delendum</span> <span class='ocrx_word' id='word_1_953' title='bbox 1964 3366 2090 3398; x_wconf 81' lang='lat' dir='ltr'>videtur</span> <span class='ocrx_word' id='word_1_954' title='bbox 2106 3365 2118 3409; x_wconf 81' lang='grc' dir='ltr'>ΙΙ</span> <span class='ocrx_word' id='word_1_955' title='bbox 2144 3366 2186 3398; x_wconf 88' lang='grc'>29</span> <span class='ocrx_word' id='word_1_956' title='bbox 2210 3365 2385 3406; x_wconf 81' lang='lat' dir='ltr'>magistro-</span> 
     </span>
     <span class='ocr_line' id='line_1_114' title="bbox 1305 3408 2390 3452; baseline -0.001 -9"><span class='ocrx_word' id='word_1_957' title='bbox 1305 3411 1468 3443; x_wconf 84' lang='lat' dir='ltr'>militatus</span> <span class='ocrx_word' id='word_1_958' title='bbox 1492 3411 1552 3451; x_wconf 73' lang='lat'>17¹]</span> <span class='ocrx_word' id='word_1_959' title='bbox 1578 3411 1809 3452; x_wconf 86' lang='lat' dir='ltr'>magistrorum</span> <span class='ocrx_word' id='word_1_960' title='bbox 1832 3410 1996 3442; x_wconf 89' lang='lat' dir='ltr'>militatus</span> <span class='ocrx_word' id='word_1_961' title='bbox 2020 3408 2195 3450; x_wconf 83' lang='lat' dir='ltr'>(limitatus</span> <span class='ocrx_word' id='word_1_962' title='bbox 2221 3410 2266 3451; x_wconf 89' lang='lat' dir='ltr'><em>T)</em></span> <span class='ocrx_word' id='word_1_963' title='bbox 2298 3409 2390 3442; x_wconf 81' lang='lat' dir='ltr'>V2T</span> 
     </span>
     <span class='ocr_line' id='line_1_115' title="bbox 1304 3454 2385 3499; baseline -0.002 -11"><span class='ocrx_word' id='word_1_964' title='bbox 1304 3458 1390 3499; x_wconf 72' lang='lat' dir='ltr'>vuly.</span> <span class='ocrx_word' id='word_1_965' title='bbox 1410 3456 1422 3499; x_wconf 80' lang='lat' dir='ltr'>ss</span> <span class='ocrx_word' id='word_1_966' title='bbox 1441 3457 1481 3490; x_wconf 90' lang='lat'>30</span> <span class='ocrx_word' id='word_1_967' title='bbox 1499 3460 1547 3488; x_wconf 88' lang='lat' dir='ltr'>set</span> <span class='ocrx_word' id='word_1_968' title='bbox 1564 3466 1623 3488; x_wconf 90' lang='lat' dir='ltr'>nec</span> <span class='ocrx_word' id='word_1_969' title='bbox 1640 3455 1782 3498; x_wconf 85' lang='lat' dir='ltr'>aliquem</span> <span class='ocrx_word' id='word_1_970' title='bbox 1801 3458 1833 3489; x_wconf 83' lang='lat' dir='ltr'>in</span> <span class='ocrx_word' id='word_1_971' title='bbox 1849 3468 1915 3489; x_wconf 83' lang='lat' dir='ltr'>ras.</span> <span class='ocrx_word' id='word_1_972' title='bbox 1935 3456 1967 3488; x_wconf 91' lang='lat' dir='ltr'><strong><em>V</em></strong></span> <span class='ocrx_word' id='word_1_973' title='bbox 1979 3455 1991 3498; x_wconf 79' lang='grc' dir='ltr'>ΙΙ</span> <span class='ocrx_word' id='word_1_974' title='bbox 2008 3454 2154 3496; x_wconf 87' lang='lat' dir='ltr'>aliquem</span> <span class='ocrx_word' id='word_1_975' title='bbox 2176 3455 2219 3495; x_wconf 85' lang='lat' dir='ltr'>V]</span> <span class='ocrx_word' id='word_1_976' title='bbox 2238 3454 2385 3495; x_wconf 84' lang='lat' dir='ltr'>aliquam</span> 
     </span>
     <span class='ocr_line' id='line_1_116' title="bbox 1307 3498 2385 3544; baseline -0.002 -10"><span class='ocrx_word' id='word_1_977' title='bbox 1307 3502 1339 3534; x_wconf 91' lang='lat' dir='ltr'><em>T</em></span> <span class='ocrx_word' id='word_1_978' title='bbox 1348 3502 1432 3544; x_wconf 62' lang='lat' dir='ltr'>vulg).</span> <span class='ocrx_word' id='word_1_979' title='bbox 1456 3501 1468 3543; x_wconf 81' lang='grc'>11</span> <span class='ocrx_word' id='word_1_980' title='bbox 1494 3501 1683 3533; x_wconf 68' lang='lat' dir='ltr'>exactione*</span> <span class='ocrx_word' id='word_1_981' title='bbox 1706 3501 1755 3534; x_wconf 91' lang='lat' dir='ltr'>V¹</span> <span class='ocrx_word' id='word_1_982' title='bbox 1781 3500 1793 3543; x_wconf 92' lang='grc' dir='ltr'>ΙΙ</span> <span class='ocrx_word' id='word_1_983' title='bbox 1819 3501 1861 3534; x_wconf 87' lang='grc'>32</span> <span class='ocrx_word' id='word_1_984' title='bbox 1886 3500 2119 3541; x_wconf 85' lang='lat' dir='ltr'>magistrorum</span> <span class='ocrx_word' id='word_1_985' title='bbox 2143 3498 2288 3531; x_wconf 90' lang='lat' dir='ltr'>militum</span> <span class='ocrx_word' id='word_1_986' title='bbox 2314 3501 2385 3540; x_wconf 79' lang='lat' dir='ltr'>cet-1</span> 
     </span>
     <span class='ocr_line' id='line_1_117' title="bbox 1308 3544 2384 3589; baseline -0.002 -11"><span class='ocrx_word' id='word_1_987' title='bbox 1308 3545 1389 3589; x_wconf 69' lang='lat' dir='ltr'>{rum</span> <span class='ocrx_word' id='word_1_988' title='bbox 1406 3546 1553 3578; x_wconf 86' lang='lat' dir='ltr'>militum</span> <span class='ocrx_word' id='word_1_989' title='bbox 1569 3564 1611 3570; x_wconf 89' lang='lat'>—-</span> <span class='ocrx_word' id='word_1_990' title='bbox 1629 3547 1671 3579; x_wconf 88' lang='grc'>35</span> <span class='ocrx_word' id='word_1_991' title='bbox 1684 3547 1716 3578; x_wconf 87' lang='lat' dir='ltr'>et</span> <span class='ocrx_word' id='word_1_992' title='bbox 1732 3546 1798 3578; x_wconf 91' lang='lat' dir='ltr'>loci</span> <span class='ocrx_word' id='word_1_993' title='bbox 1814 3544 1953 3589; x_wconf 78' lang='lat' dir='ltr'>seruato}</span> <span class='ocrx_word' id='word_1_994' title='bbox 1980 3546 2012 3577; x_wconf 85' lang='lat' dir='ltr'>in</span> <span class='ocrx_word' id='word_1_995' title='bbox 2030 3557 2095 3576; x_wconf 86' lang='lat' dir='ltr'>ras.</span> <span class='ocrx_word' id='word_1_996' title='bbox 2112 3545 2155 3587; x_wconf 57' lang='lat'>41}</span> <span class='ocrx_word' id='word_1_997' title='bbox 2173 3556 2218 3576; x_wconf 82' lang='lat' dir='ltr'>vs.</span> <span class='ocrx_word' id='word_1_998' title='bbox 2244 3557 2303 3576; x_wconf 89' lang='lat' dir='ltr'>om.</span> <span class='ocrx_word' id='word_1_999' title='bbox 2324 3544 2384 3585; x_wconf 82' lang='lat' dir='ltr'>V1,</span> 
     </span>
     <span class='ocr_line' id='line_1_118' title="bbox 1306 3587 2383 3633; baseline -0.005 -8"><span class='ocrx_word' id='word_1_1000' title='bbox 1306 3593 1347 3625; x_wconf 82' lang='lat'>34</span> <span class='ocrx_word' id='word_1_1001' title='bbox 1372 3591 1438 3623; x_wconf 85' lang='lat' dir='ltr'>nisi</span> <span class='ocrx_word' id='word_1_1002' title='bbox 1461 3610 1505 3614; x_wconf 91' lang='lat'>—</span> <span class='ocrx_word' id='word_1_1003' title='bbox 1530 3592 1572 3624; x_wconf 86' lang='lat'>35</span> <span class='ocrx_word' id='word_1_1004' title='bbox 1589 3590 1654 3623; x_wconf 82' lang='lat' dir='ltr'>loci</span> <span class='ocrx_word' id='word_1_1005' title='bbox 1671 3590 1810 3632; x_wconf 67' lang='lat' dir='ltr'>seruato!</span> <span class='ocrx_word' id='word_1_1006' title='bbox 1837 3591 1942 3633; x_wconf 84' lang='lat' dir='ltr'>suppl.</span> <span class='ocrx_word' id='word_1_1007' title='bbox 1968 3588 2016 3621; x_wconf 77' lang='lat' dir='ltr'>V2</span> <span class='ocrx_word' id='word_1_1008' title='bbox 2034 3587 2046 3632; x_wconf 84' lang='grc' dir='ltr'>ΙΙ</span> <span class='ocrx_word' id='word_1_1009' title='bbox 2064 3590 2107 3622; x_wconf 87' lang='grc'>34</span> <span class='ocrx_word' id='word_1_1010' title='bbox 2128 3589 2383 3631; x_wconf 85' lang='lat' dir='ltr'>praefectorum]</span> 
     </span>
     <span class='ocr_line' id='line_1_119' title="bbox 1304 3633 2385 3678; baseline -0.003 -10"><span class='ocrx_word' id='word_1_1011' title='bbox 1304 3636 1543 3678; x_wconf 84' lang='lat' dir='ltr'>praefectorum</span> <span class='ocrx_word' id='word_1_1012' title='bbox 1563 3635 1877 3677; x_wconf 86' lang='lat' dir='ltr'>gloriosissimorum</span> <span class='ocrx_word' id='word_1_1013' title='bbox 1903 3634 1958 3677; x_wconf 73' lang='grc' dir='ltr'>ΤΗ</span> <span class='ocrx_word' id='word_1_1014' title='bbox 1978 3643 2036 3676; x_wconf 85' lang='lat' dir='ltr'>per</span> <span class='ocrx_word' id='word_1_1015' title='bbox 2060 3636 2203 3665; x_wconf 82' lang='lat' dir='ltr'>uestram</span> <span class='ocrx_word' id='word_1_1016' title='bbox 2226 3633 2299 3675; x_wconf 80' lang='lat' dir='ltr'><em>V(²)</em></span> <span class='ocrx_word' id='word_1_1017' title='bbox 2324 3644 2385 3676; x_wconf 90' lang='lat' dir='ltr'>pro</span> 
     </span>
     <span class='ocr_line' id='line_1_120' title="bbox 1304 3678 2386 3759; baseline -0.002 -46"><span class='ocrx_word' id='word_1_1018' title='bbox 1304 3684 1417 3713; x_wconf 88' lang='lat' dir='ltr'>nostra</span> <span class='ocrx_word' id='word_1_1019' title='bbox 1444 3680 1508 3759; x_wconf 66' lang='lat' dir='ltr'>TV„</span> <span class='ocrx_word' id='word_1_1020' title='bbox 1532 3680 1688 3723; x_wconf 86' lang='lat' dir='ltr'>scriptam</span> <span class='ocrx_word' id='word_1_1021' title='bbox 1710 3680 1794 3722; x_wconf 75' lang='lat' dir='ltr'>V(2)]</span> <span class='ocrx_word' id='word_1_1022' title='bbox 1820 3680 2018 3722; x_wconf 75' lang='lat' dir='ltr'>0712.Tvul9.</span> <span class='ocrx_word' id='word_1_1023' title='bbox 2047 3678 2059 3722; x_wconf 80' lang='grc' dir='ltr'>ΙΙ</span> <span class='ocrx_word' id='word_1_1024' title='bbox 2085 3679 2126 3712; x_wconf 86' lang='grc'>35</span> <span class='ocrx_word' id='word_1_1025' title='bbox 2152 3678 2296 3711; x_wconf 90' lang='lat' dir='ltr'>iussione</span> <span class='ocrx_word' id='word_1_1026' title='bbox 2322 3679 2354 3711; x_wconf 91' lang='lat' dir='ltr'><em>T</em></span> <span class='ocrx_word' id='word_1_1027' title='bbox 2374 3678 2386 3721; x_wconf 76' lang='grc' dir='ltr'>ΙΙ</span> 
     </span>
     <span class='ocr_line' id='line_1_121' title="bbox 1304 3726 1449 3767; baseline -0.007 -8"><span class='ocrx_word' id='word_1_1028' title='bbox 1304 3726 1449 3767; x_wconf 86' lang='lat' dir='ltr'>exigitur</span> 
     </span>
    </p>
   </div>
   <div class='ocr_carea' id='block_1_48' title="bbox 2033 3779 2107 3813">
    <p class='ocr_par' dir='ltr' id='par_1_50' title="bbox 2033 3779 2107 3813">
     <span class='ocr_line' id='line_1_122' title="bbox 2033 3779 2107 3813; baseline 0 0"><span class='ocrx_word' id='word_1_1029' title='bbox 2033 3779 2107 3813; x_wconf 87' lang='grc'>81*</span> 
     </span>
    </p>
   </div>
  </div>
 </body>
</html>
