2618 4010
250 142 356 185 Nov.
389 143 407 184 1
450 145 474 183 2

251 253 351 299 εἴπερ
375 251 640 294 ἐξαναλίσκοιεν
663 249 709 285 τὰ
727 246 921 298 πράγματα
940 248 997 284 διὰ
1018 251 1095 284 τῶν
1114 253 1329 296 πρεσβείων,

251 297 380 332 δίδωσι
412 298 674 342 παρακατέχειν
709 298 782 330 τοῖς
816 294 1060 341 κληρονόμοις,
1096 291 1182 328 ὅσον
1213 291 1330 328 αὐτοῖς

251 346 345 376 ποιεῖ
368 342 410 376 τὸ
433 346 608 387 τέταρτον
629 341 691 383 τῆς
715 344 927 385 περιουσίας.
974 337 1165 373 κάνταῦθα
1181 338 1249 385 γὰρ
1266 336 1330 382 μά-

251 388 384 428 χεσθαι
402 389 470 430 μὲν
490 384 588 419 δοκεῖ
608 386 654 432 τῇ
674 382 802 432 γνώμῃ
816 386 878 418 τοῦ
896 382 1182 428 τελευτήσαντος,
1200 386 1330 427 ἐπερεί-

2134 153 2193 184 DE
2221 151 2473 184 HEREDIBUS

1396 250 1483 291 husi,
1509 250 1539 285 si
1574 248 1821 293 expendantur
1849 260 1907 285 res
1936 260 2001 295 per
2023 250 2158 295 legata,
2193 250 2345 304 praebet
2367 249 2473 285 etiam

1397 294 1550 329 retinere
1581 292 1729 328 heredes
1763 298 2083 340 quantumcumque
2110 295 2160 331 eis
2191 295 2336 340 unpleat
2365 305 2472 347 quar-

1399 341 1472 373 tam
1503 337 1734 373 substantiae.
1787 337 1837 372 Et
1874 339 1933 374 hic
1967 340 2059 375 enim
2095 350 2183 384 repu
2209 349 2294 375 nare
2333 339 2473 392 quidem

1399 382 1563 418 videntur
1585 380 1761 416 voluntati
1784 381 1988 424 deficientis.
2011 388 2048 419 et
2070 384 2188 419 incum
2214 394 2273 419 ere
2295 384 2365 428 legi
2386 383 2473 418 talia

253 431 386 465 δεσθαι
407 429 446 465 δὲ
459 432 513 474 τῷ
532 431 649 482 ταῦτα
668 432 804 475 έφιεντι
819 427 930 482 νόμω.
968 430 1194 472 Θεσπίζομ-εν
1209 431 1332 461 τοίνυν
1367 430 1385 461 5
1401 426 1626 471 permittenti.
1674 425 1859 461 Sancimus
1881 426 1998 471 igitur,
2029 429 2193 472 quoniam
2216 428 2348 464 tuenda
2370 428 2473 463 nobis

252 474 462 517 (ἀνθεκτέον
477 474 545 522 γὰρ
559 477 643 518 ηιιῖν
661 487 846 516 πανταχου
865 485 927 515 της
946 475 1023 507 τῶν
1041 469 1332 514 τελευτησάντων

252 518 419 567 γνώμης),
443 519 525 554 τοὺς
547 534 568 553 κ
590 517 792 566 ηρονόμους,
817 519 848 551 εί
870 516 1058 562 βούλοιντο
1081 518 1142 559 τῆς
1159 517 1333 551 ἐντεῦθεν

253 563 428 609 ω’φελείας
457 562 663 603 ἀπολαύειν,
694 561 1041 617 ξαθαρὰνφυλάξαι
1059 563 1116 614 ζτῷ
1141 558 1242 605 νόμῳ
1266 560 1334 613 τὴν

253 610 429 650 ἐξουσίαν,
459 612 518 642 καὶ
548 608 597 653 μὴ
620 606 664 643 δι’
692 622 745 642 ων
768 606 823 648 ἅν,
857 618 903 640 ως
927 604 1025 647 εἰκός,
1050 604 1290 651 υποκλέψαιεν
1314 618 1335 647 η

253 651 540 710 κακουργήσαιεν,
562 653 711 706 εῑςάγεξν
727 652 927 705 πειρᾶσθαι
945 650 1012 684 τὸν
1022 649 1240 703 ’Φαλκίδιον,
1260 653 1334 683 καί·
1351 653 1390 684 10
1405 652 1423 684 1
1469 649 1653 692 malignati
1691 651 1828 689 essent,
1869 658 1941 683 non
1979 648 2072 684 forte
2110 653 2338 695 competeret.

251 712 349 746 τοιγε
373 713 403 732 ει
425 696 539 744 μηδὲν
563 700 837 744 ἐκακουργησαν,
862 709 925 729 ουκ
949 693 993 729 ἂν
1011 696 1097 729 ὶσως
1115 692 1336 739 ἁρμόσαντα.

253 740 279 778 Τ
314 746 333 779 1
366 744 536 777 Γινέσθω
552 747 675 777 τοίνυν
689 741 907 777 inventariov
920 739 1018 785 παρὰ
1033 741 1097 773 τοῦ
1113 739 1333 786 κληρονόμου

252 790 314 823 τοῦ
339 786 507 829 δεδιότος,
536 788 585 832 μή
615 800 703 822 ποτε
735 784 797 820 οὐκ
821 787 893 827 ἔχοι
915 783 1006 828 μετὰ
1028 784 1075 818 τὰ
1096 787 1181 830 χρέα
1205 787 1264 818 καὶ
1287 782 1334 818 τὰ

254 836 427 880 πρεσβεῖα
453 831 667 872 Φαλκίδιον,
700 830 790 865 κατὰ
819 829 886 863 τὸν
909 828 1047 883 τρόπον
1070 832 1130 862 καὶ
1153 828 1243 863 τοὺςν
1255 842 1276 871 χ
1300 829 1333 862 ὀ-

1402 471 1533 515 ubique
1550 475 1603 505 est
1622 469 1861 505 deficientium
1880 471 2056 513 voluntas,
2075 473 2233 514 heredes,
2255 473 2286 509 si
2302 471 2476 508 voluerint

1402 516 1470 551 hac
1493 515 1647 550 utilitate
1670 514 1795 558 potiri,
1826 522 1950 558 puram
1974 526 2114 552 servare
2137 517 2222 562 legis
2245 519 2474 562 potestatem;

1404 564 1439 595 et
1463 571 1534 594 non
1564 569 1629 604 per
1660 569 1752 602 quae
1781 558 1874 593 forte
1904 559 2106 604 subripiunt
2134 565 2199 596 aut
2227 562 2475 606 malignantur.

1404 604 1628 639 introducere
1651 606 1824 648 temptent
1847 602 2052 647 Falcidiam,
2076 616 2156 640 cum
2179 606 2312 651 utique,
2336 605 2368 642 si
2390 606 2476 642 nihil

2395 651 2478 685 Fiat

1404 693 1512 738 igitur
1534 693 1767 728 inventarium
1790 693 1835 728 ab
1859 692 1989 727 herede
2012 697 2198 736 metuente,
2222 705 2266 731 ne
2290 695 2383 730 forte
2406 706 2478 730 non

1407 739 1536 773 habeat
1568 741 1651 783 post
1681 737 1801 773 debita
1831 740 1867 772 et
1895 737 2013 781 legata
2043 737 2255 783 Falcidiam,
2285 739 2478 775 secundum

1402 783 1543 819 modum
1580 787 1616 819 et
1647 787 1826 828 tempora,
1864 792 1928 835 per
1966 792 2056 826 quae
2091 782 2221 818 dudum
2254 784 2478 826 sancivimus,

1403 828 1544 872 quando
1569 828 1727 863 homines
1751 837 1954 871 excepimus
1978 837 2023 861 ex
2046 826 2174 862 damno
2196 837 2315 863 rerum
2334 839 2479 864 suarum

252 890 332 911 νους
364 875 451 911 καθ’
487 873 544 911 οὓς
575 874 704 922 πρῴην
728 875 1055 918 ἐνομοθετήσαμεν,
1086 871 1147 908 ὅτε
1170 873 1251 908 τούς
1274 887 1334 907 αν·
1350 877 1388 908 15
1402 874 1438 908 in
1462 873 1690 913 aditionibus,
1715 874 1912 908 statuentes
1937 881 2046 906 onera
2069 881 2182 916 usque
2198 872 2244 907 ad
2262 873 2481 909 substantiae

251 920 427 970 θρώπους
452 922 643 969 ἐξῃροῦμεν
666 921 727 963 τῆς
751 922 788 953 ἐκ
805 921 884 953 τῶν
904 917 1167 964 προςελεύσεων
1186 920 1246 953 ἐπὶ
1263 921 1336 952 τοῖς

252 969 393 1001 οἰκείοις
406 965 589 1013 πράγμασι
602 969 737 1009 ζημίας,
751 961 911 998 ἱστάντες
923 962 968 997 τὰ
981 961 1074 1019 βάρη
1087 967 1187 1010 μέχρι
1199 965 1263 998 τοῦ
1276 964 1336 1006 τῆς

253 1008 281 1047 E
322 1010 443 1046 οὐσίας
456 1014 517 1053 τῆς
527 1009 844 1053 καταλελειμμένης
855 1011 996 1054 μέτρου.
1069 1011 1218 1042 Εκείνου
1236 1019 1336 1055 προς-

253 1057 446 1101 τιθεμένου
475 1055 605 1109 μόνου,
634 1055 698 1088 τοῦ
726 1053 853 1100 χρῆναι
879 1052 945 1087 τὸν
974 1054 1141 1087 τοιοῦτον
1175 1051 1333 1095 [εἰδέναι]

393 1100 400 1111 Ι
788 1097 795 1106 ἱ

1404 918 1548 952 relictae
1582 927 1800 953 mensuram:
1844 917 1903 951 illo
1939 917 2078 951 adiecto
2114 916 2208 959 solo,
2245 919 2286 952 ut
2318 921 2482 963 oporteat

1404 962 1606 997 huiusmodi
1636 962 1817 1004 heredem,
1848 961 1909 1006 qui
1937 972 2008 996 non
2039 961 2231 997 creditores
2262 961 2396 1003 solum,
2419 963 2482 998 sed

1406 1008 1511 1042 etiam
1547 1007 1734 1050 legatarios
1765 1009 1922 1047 veretur,
1956 1010 1992 1041 et
2022 1007 2148 1041 metuit
2169 1016 2241 1041 non
2264 1006 2483 1042 damnificari

1403 1053 1527 1094 solum,
1553 1052 1615 1087 sed
1639 1052 1745 1088 etiam
1769 1051 2005 1092 nonducrari,
2031 1061 2228 1086 convocare
2249 1061 2370 1087 omnes
2386 1052 2481 1096 lega-

253 1101 482 1155 κληρονομον,
506 1111 542 1133 ος
565 1099 604 1134 οὗ
630 1097 818 1132 δανειστας
837 1095 963 1141 μόνον,
987 1096 1075 1131 ἀλλὰ
1099 1101 1159 1132 καὶ
1183 1097 1334 1144 ληγατα-
1348 1100 1389 1132 20
1402 1097 1513 1132 tarios
1545 1102 1581 1132 et
1609 1096 1968 1138 fideicommissarios,
2000 1096 2276 1140 quanticumque
2299 1096 2337 1131 in
2361 1096 2483 1131 eadem

254 1151 347 1190 ριόυς
371 1145 587 1189 ευλαβεῖται,
611 1146 670 1177 καὶ
695 1141 812 1177 δέδιεν
835 1140 875 1176 οὗ
899 1142 940 1177 τὸ
966 1143 1198 1186 ζημιωθῆναι
1210 1141 1334 1187 μόνον,

253 1190 342 1224 ἀλλὰ
371 1193 431 1224 καὶ
459 1189 501 1224 τὸ
534 1188 583 1233 μὴ
615 1186 803 1234 κερδᾶναι,
838 1185 1137 1234 παραλαμβάνειν
1171 1184 1335 1222 ἅπαντας

254 1235 333 1270 τοὺς
364 1234 595 1281 ληγαταρίους
625 1236 685 1266 καὶ
718 1230 1108 1278 φιδεϊκομμισσαρίους,
1143 1228 1220 1266 ὅσοι
1243 1230 1334 1265 κατὰ

253 1280 320 1322 τὴν
345 1278 456 1322 αὐτὴν
479 1277 586 1314 πόλιν
608 1278 749 1320 τύχοιεν
769 1275 1013 1330 ἐνδημοῦντες,
1037 1275 1058 1320 ἢ
1075 1277 1175 1311 τινάς
1188 1290 1227 1323 γε
1244 1274 1334 1322 ὑπὲρ

1404 1142 1546 1177 civitate
1569 1146 1653 1177 sunt
1676 1141 1872 1181 constituti,
1896 1143 1960 1176 aut
1982 1141 2153 1185 quosdam
2173 1151 2239 1185 pro
2257 1141 2308 1176 eis
2325 1145 2483 1185 agentes,

1403 1187 1434 1221 si
1457 1186 1549 1222 forte
1573 1196 1807 1231 personarum
1832 1189 1962 1220 natura
1985 1188 2048 1220 aut
2071 1185 2225 1230 dignitas
2249 1188 2314 1220 aut
2329 1185 2484 1231 qualitas

1403 1235 1467 1266 aut
1489 1235 1589 1266 aetas
1614 1233 1678 1266 aut
1700 1230 1879 1275 quaelibet
1902 1230 2096 1266 necessitas
2116 1230 2325 1266 facultatem
2345 1231 2395 1265 eis
2412 1241 2484 1265 non

1403 1276 1465 1310 dat
1494 1276 1541 1310 ad
1573 1276 1761 1310 inventarii
1789 1275 2036 1320 praesentiam.
2083 1275 2122 1310 Si
2152 1285 2234 1310 vero
2265 1275 2396 1310 absunt
2419 1276 2483 1310 ali-

255 1324 378 1359 αὗτῶν
409 1323 645 1377 πράττοντας,
677 1323 708 1356 εἰ
730 1333 837 1374 τυχοᾋν
860 1335 882 1364 η
905 1323 982 1356 τῶν
1005 1322 1209 1376 προςιόπωῖν
1233 1319 1335 1366 φύσις
1349 1324 1390 1356 25
1405 1321 1484 1365 qui,
1513 1321 1686 1355 interesse
1717 1322 1826 1355 testes
1856 1320 1893 1354 in
1923 1320 2002 1364 ipsa
2031 1320 2174 1355 civitate
2206 1320 2276 1355 fide
2299 1320 2425 1364 dignos
2449 1323 2485 1355 et

254 1369 275 1413 ἢ
298 1367 382 1410 ἀξία
404 1383 426 1412 η
451 1366 598 1411 ποιότης
620 1366 642 1410 ἢ
665 1364 781 1410 ἡλικία
803 1380 825 1410 η
847 1371 910 1400 καί
930 1378 983 1400 τις
1003 1379 1138 1412 αναγκη
1156 1369 1336 1412 ευχέρειαν

256 1413 374 1449 αὐτοῖς
407 1412 447 1448 οὐ
483 1412 614 1447 δίδωσι
645 1414 706 1455 τῆς
737 1413 797 1446 ἐπὶ
820 1413 874 1454 τῷ
899 1411 1105 1454 inventaria
1130 1415 1336 1456 παρουσίας.

255 1461 300 1493 Εἰ
332 1458 371 1493 δὲ
400 1459 525 1493 ἆπῶσί
552 1469 661 1498 τινες,
693 1456 966 1503 παραγίνεσθαι
996 1453 1175 1502 μάρτυρας
1198 1457 1276 1489 τῶν
1300 1455 1337 1495 ἐξ

255 1504 360 1548 αὐτῆς
382 1505 443 1547 τῆς
467 1501 603 1538 πόλεως
619 1499 856 1555 (ἀξιοπίστων
879 1503 938 1534 καὶ
962 1504 1188 1554 κεκῖτημένων
1212 1498 1339 1534 οὐσίαν

1404 1365 1629 1410 possidentes
1670 1365 1904 1400 substantiam
1945 1369 1982 1399 et
2015 1365 2168 1409 optimae
2203 1365 2379 1409 opinionis
2410 1366 2483 1400 exi-

1406 1414 1540 1445 stentes
1574 1421 1647 1444 non
1677 1410 1792 1444 minus
1817 1413 1890 1445 tres
1913 1409 2111 1451 (tabulariis
2136 1410 2228 1445 enim
2252 1410 2347 1450 solis,
2371 1421 2483 1454 quan·

1405 1459 1481 1489 tum
1511 1454 1556 1489 ad
1587 1455 1656 1489 hoc
1681 1455 1860 1499 competit,
1893 1465 1964 1489 non
1988 1454 2187 1497 credimus),
2213 1465 2331 1490 coram
2355 1455 2484 1500 quibus

1407 1500 1572 1534 convenit
1605 1499 1683 1534 fieri
1717 1499 1969 1542 inventarium,
2004 1499 2055 1534 ita
2089 1503 2129 1534 ut
2158 1499 2485 1544 supervenientibus

254 1553 313 1582 καὶ
337 1551 396 1583 ἐπὶ
428 1548 579 1594 χρηστῆς
609 1543 820 1599 υπολῄψεως
843 1545 964 1599 ὄντων
987 1558 1050 1579 ουκ
1074 1542 1339 1587 ἐλάττους-μῶν
1353 1547 1394 1579 30
1407 1544 1588 1588 legatariis
1627 1548 1662 1579 et
1702 1544 1931 1589 querentibus
1960 1542 2083 1579 forsan
2118 1546 2325 1588 subreptum
2353 1544 2485 1589 aliquid

253 1595 367 1639 τριῶν
391 1591 653 1637 (ταβουλαρίοις
675 1604 743 1647 ἔαρ
765 1589 897 1634 μόνοις,
921 1603 963 1624 το
986 1603 1027 1636 γε
1045 1591 1093 1624 εἰς
1111 1591 1220 1624 τοῦτο
1240 1588 1337 1632 ἧκον,

254 1641 295 1672 οὐ
320 1637 559 1682 πιστεύομεν),
584 1634 639 1682 ἐφ’
667 1650 721 1670 ων
744 1634 907 1680 προςήκει
922 1635 1097 1681 γενέσθαι
1116 1633 1159 1668 τὸ
1178 1634 1336 1670 inventa-

254 1685 345 1726 riov,
382 1679 470 1717 ω”ςτε
501 1680 745 1716 ἐπανελθοῦσι
775 1682 849 1714 τοῖς
872 1678 1098 1727 ληγαταρίοις
1120 1682 1180 1713 καὶ
1203 1692 1336 1725 μεμφο-

254 1732 385 1782 μένοις
401 1725 659 1774 ὑπεξῃρῆσθαί
687 1738 724 1759 τι
754 1725 863 1767 τυχὸν
894 1725 973 1758 τῶν
996 1721 1221 1778 πραγμάτων
1245 1723 1266 1767 ἢ
1289 1723 1337 1768 μὴ

1405 1600 1524 1624 rerum
1555 1592 1619 1624 aut
1649 1599 1721 1624 non
1751 1589 2017 1624 manifestatum
2040 1589 2183 1624 licentia
2206 1589 2253 1625 sit
2275 1600 2348 1625 non
2371 1590 2486 1625 solum

1405 1644 1470 1678 per
1494 1643 1678 1669 servorum
1702 1634 1997 1669 examinationem
2021 1644 2166 1669 causam
2191 1644 2359 1678 quaerere
2391 1641 2485 1674 (nam

1406 1679 1511 1714 etiam
1543 1679 1611 1713 hoc
1642 1679 1870 1723 praebuimus
1894 1689 1959 1723 per
1981 1678 2156 1723 prolatam
2179 1678 2312 1714 dudum
2336 1689 2359 1714 a
2381 1680 2484 1715 nobis

1405 1724 1442 1758 in
1479 1723 1666 1759 servilibus
1707 1723 2029 1759 examinationibus
2073 1724 2388 1766 observationem),
2423 1724 2485 1759 sed

255 1786 413 1819 φανερον
436 1772 634 1825 γενέσθαι,1
647 1773 852 1822 παρρησίαν
875 1769 968 1803 εἶναι
991 1782 1040 1813 μη
1062 1782 1178 1812 μονον
1198 1767 1258 1803 διὰ
1277 1771 1337 1811 τῆς
1351 1772 1391 1803 35
1406 1769 1512 1804 etiam
1539 1779 1606 1813 per
1633 1768 1881 1803 iusiurandum
1912 1768 2050 1804 heredis
2086 1772 2121 1803 et
2154 1769 2400 1804 iusiurandum
2431 1776 2483 1804 te-

293 1820 306 1826 ·-
385 1819 394 1829 ,ι

254 1832 332 1853 των
361 1831 511 1851 οικετων
540 1820 701 1860 βασανου
724 1829 767 1850 το
791 1815 939 1861 πρᾶγμα
963 1816 1083 1857 ζητεῖν
1107 1817 1178 1857 (καὶ
1202 1813 1269 1861 γὰρ
1293 1812 1337 1857 δὴ

255 1867 314 1897 καὶ
347 1864 451 1897 τοῦτο
480 1859 628 1904 δίδομεν
651 1859 744 1894 κατὰ
766 1858 834 1902 τὴν
857 1857 987 1905 πρῴην
1011 1856 1095 1904 παρ’
1122 1855 1226 1903 ἡμῶν
1249 1860 1280 1892 εἰ
1304 1872 1339 1901 η-

253 1911 366 1961 μένην
390 1909 450 1942 ἐπὶ
465 1909 543 1940 ταῖς
563 1907 751 1939 οἰκετικαῖς
771 1902 941 1947 βασάνοις
957 1900 1231 1957 παρατήρησιν),
1240 1901 1274 1957 υᾶ
1327 1902 1335 1911 “

255 1956 314 1986 καὶ
339 1951 399 1986 διὰ
421 1953 485 1985 τοῦ
516 1948 622 1998 ὅρκου
644 1951 708 1984 τοῦ
733 1948 953 1993 κληρονόμου
977 1951 1036 1982 καὶ
1066 1946 1127 1982 δια
1148 1949 1212 1982 τοῦ
1237 1961 1343 1995 ορκου

1405 1814 1522 1857 stium,
1553 1813 1743 1849 dicentium
1767 1817 1803 1848 et
1825 1813 1982 1849 adfuisse
2007 1813 2072 1857 his,
2097 1823 2188 1857 quae
2208 1817 2311 1859 gesta
2333 1817 2427 1857 sunt,
2450 1817 2486 1849 et

255 1999 333 2031 τῶν
362 1993 576 2042 μαρτύρων,
608 1994 790 2041 λεγόντων
821 1997 993 2038 παρεῖναί
1022 2006 1062 2027 τε
1091 1996 1165 2027 τοῖς
1188 2005 1344 2040 πραττο-
1358 1996 1401 2028 40

252 2045 2491 2059 ——--—--——-——-—————--—--—————--——-——-——

255 2077 288 2112 si
319 2074 462 2122 quidem
491 2074 588 2109 bona
618 2073 749 2119 leqatis
777 2071 1020 2114 exhauriant,
1052 2070 1242 2106 heredibus
1272 2071 1428 2107 retinere
1444 2072 1637 2118 permittit,
1662 2075 1836 2117 quantum
1859 2071 1933 2106 illis
1956 2075 2124 2116 quartam
2143 2078 2289 2117 partem
2311 2071 2488 2107 bonorum

255 2121 382 2166 efficit.
430 2118 525 2154 Nam
556 2117 613 2153 hic
643 2127 796 2163 quoque
809 2116 988 2153 voluntati
1016 2115 1180 2162 defuncti
1201 2126 1410 2163 repuqnare
1433 2116 1584 2158 videtur,
1611 2115 1689 2162 leqe
1714 2122 1831 2151 tamen
1854 2116 1922 2153 niti
1944 2115 1984 2150 id
2008 2116 2250 2162 permittente.
2299 2116 2489 2152 Sancimus

255 2167 269 2201 i
295 2166 370 2200 itur
394 2166 667 2214 (usquequaque
690 2162 785 2197 enim
807 2161 1063 2207 defunctorum
1086 2160 1255 2196 voluntas
1277 2160 1382 2196 nobis
1405 2160 1538 2197 tuenda
1561 2164 1643 2204 est),
1667 2165 1709 2196 ut
1730 2160 1889 2202 heredes,
1909 2162 1942 2196 si
1960 2160 2146 2195 commodo
2165 2160 2248 2195 hinc
2262 2161 2489 2197 redundante

254 2178 336 2257 [gui
360 2209 480 2250 velint,
504 2208 577 2254 leqi
597 2211 671 2242 inte
697 2217 776 2241 ram
804 2210 947 2242 servent
963 2209 1195 2252 potestatem,
1220 2216 1334 2251 neque
1351 2216 1425 2251 per
1448 2217 1492 2241 ea
1540 2217 1609 2241 uae
1627 2206 1733 2257 forte
1755 2205 2003 2251 subripuerint
2026 2205 2082 2241 vel
2104 2204 2189 2240 dolo
2212 2205 2308 2240 malo
2331 2206 2490 2251 fecerint

255 2258 278 2291 1
323 2253 524 2290 Falcidiam
547 2218 779 2287 introchere
803 2255 990 2292 conentur,
1015 2261 1109 2296 quae
1131 2250 1277 2292 scilicet,
1298 2251 1331 2285 si
1351 2249 1445 2286 nihil
1458 2217 1543 2286 dol‘b
1557 2251 1741 2295 fecissent,
1758 2250 1866 2329 {orte
1881 2260 1954 2285 non
1975 2254 2201 2302 competeret.
2273 2250 2360 2286 Fiat
2373 2251 2489 2297 iqitur

257 2300 301 2336 ab
326 2298 455 2334 herede
477 2301 665 2338 metuente,
688 2307 734 2332 ne
754 2296 858 2342 forte
881 2294 1009 2331 debitis
1031 2299 1068 2331 et
1090 2295 1221 2341 leqatis
1243 2295 1373 2330 solutis
1395 2294 1598 2330 Falcidiam
1616 2306 1690 2330 non
1708 2294 1756 2330 ha
1780 2299 1851 2337 eat,
1874 2295 2114 2330 inventarium
2130 2294 2325 2330 secundum
2344 2295 2488 2331 modum

257 2350 293 2380 et
316 2349 478 2390 tempora
509 2353 603 2388 quae
633 2345 718 2377 ante
747 2340 987 2386 definivimus,
1014 2350 1095 2375 cum
1126 2339 1288 2375 homines
1317 2338 1448 2374 damno
1481 2351 1531 2375 ex
1562 2339 1784 2374 aditionibus
1813 2339 1920 2375 rebus
1936 2339 2107 2386 propriis
2127 2339 2332 2376 imminente
2354 2341 2488 2376 exemi-

257 2401 347 2431 mus,
380 2399 493 2424 onera
522 2398 634 2433 usque
668 2385 718 2421 ad
740 2385 955 2432 patrimonii
984 2384 1103 2420 relicti
1131 2395 1335 2420 mensuram
1358 2384 1547 2425 sistentes;
1577 2383 1641 2419 illo
1665 2383 1791 2419 addito
1815 2383 1908 2425 solo,
1931 2383 2107 2419 eiusmodi
2129 2383 2305 2427 heredem,
2329 2385 2392 2431 qui
2415 2396 2489 2420 non

256 2434 374 2470 solum
397 2432 604 2473 creditores,
636 2430 701 2466 sed
723 2430 830 2466 etiam
855 2429 1054 2476 leqatarios
1077 2433 1231 2471 veretur,
1263 2439 1378 2475 neque
1403 2433 1541 2464 tantum
1565 2439 1609 2464 ne
1632 2428 1767 2464 damno
1789 2428 1981 2474 afficiatur
2004 2428 2139 2471 metuit,
2170 2439 2292 2464 verum
2315 2430 2422 2466 etiam
2445 2441 2490 2466 ne

258 2479 361 2514 lucro
392 2481 535 2519 careat,
567 2475 705 2521 [scire]
729 2474 855 2511 debere
885 2485 1066 2510 assumere
1101 2484 1230 2519 omnes·
1254 2473 1455 2520 leqatarios
1484 2478 1521 2509 et
1540 2473 1913 2519 fideicommissarios,
1945 2473 2161 2525 quicumque
2195 2474 2235 2508 in
2257 2473 2381 2510 eadem
2403 2474 2488 2522 cipi-

259 2529 332 2559 tate
356 2522 502 2568 dequnt,
531 2521 588 2557 vel
616 2525 712 2556 certe
742 2519 918 2572 quosdam
975 2530 1018 2554 ro
1049 2519 1103 2554 eis
1125 2530 1148 2554 a
1175 2519 1285 2560 entes,
1319 2518 1353 2553 si
1373 2518 1476 2564 forte
1496 2529 1735 2564 personarum
1758 2522 1893 2553 natura
1916 2517 1973 2553 vel
1991 2518 2152 2564 diqmtas
2174 2518 2231 2554 vel
2252 2518 2413 2564 qualitas
2434 2519 2491 2556 vel

258 2573 359 2604 aetas
389 2567 444 2603 vel
476 2566 584 2602 etiam
618 2568 815 2600 necessitas
843 2575 937 2610 quae
963 2574 1020 2598 am
1051 2563 1103 2598 eis
1129 2530 1345 2608 scqzcultatem
1369 2573 1444 2598 non
1467 2562 1652 2604 concedat,
1685 2567 1728 2597 ut
1748 2562 1950 2598 inventario
1975 2561 2198 2606 conficiendo
2221 2563 2399 2598 intersint.
2447 2563 2490 2599 Si

258 2624 343 2649 vero
375 2610 523 2657 quidam
546 2610 684 2652 absint,
717 2613 822 2645 testes
845 2607 1086 2644 adhibeantur
1113 2618 1162 2643 ex
1192 2607 1327 2643 civibus
1350 2607 1506 2643 eiusdem
1529 2607 1694 2649 civitatis,
1720 2607 1783 2652 qui
1808 2606 1883 2651 fide
1906 2605 1944 2641 di
1996 2607 2008 2640 i
2030 2610 2067 2641 et
2089 2606 2286 2653 locupletes
2315 2613 2353 2643 et
2373 2607 2489 2644 bonae

258 2655 541 2692 existimationis
573 2655 666 2696 sint,
699 2664 775 2688 non
810 2653 929 2688 minus
960 2663 1069 2698 quam
1102 2656 1175 2688 tres
1206 2651 1414 2693 (tabulariis
1442 2652 1535 2688 enim
1565 2651 1672 2693 solis,
1703 2656 1878 2697 quantum
1909 2662 1933 2686 a
1988 2650 2056 2686 hoc
2085 2651 2232 2694 attinet,
2267 2662 2342 2687 non
2373 2652 2488 2688 eredi-

258 2705 373 2744 mus),
404 2710 527 2735 coram
582 2698 685 2733 uibus
718 2697 958 2734 inventarium
990 2697 1120 2742 confici
1145 2696 1291 2739 debeat,
1318 2697 1371 2732 ita
1399 2700 1441 2732 ut
1470 2695 1728 2732 revertentibus
1756 2695 1962 2741 leqatariiS,
1994 2699 2104 2742 atque
2135 2696 2366 2742 querentibus
2385 2697 2484 2742 forte

258 2745 466 2792 subreptum
516 2709 580 2778 uid
602 2754 678 2779 esse
701 2753 751 2778 ex
773 2742 877 2778 bonis
900 2742 956 2778 vel
977 2753 1052 2777 non
1074 2742 1358 2788 manifestatum,
1384 2741 1491 2778 liceat
1513 2752 1587 2776 non
1609 2740 1727 2776 solum
1743 2751 1816 2787 per
1849 2744 2027 2776 tormenta
2049 2751 2236 2776 servorum
2261 2743 2431 2788 (namque
2453 2747 2487 2778 et

260 2790 329 2826 hoc
360 2800 469 2824 conce
494 2799 605 2830 imus,
636 2787 830 2823 secundum
862 2786 1148 2822 observationem
1179 2786 1224 2822 de
1257 2787 1444 2823 tormentis
1473 2797 1659 2822 servorum
1690 2791 1798 2821 antea
1830 2796 1853 2820 a
1885 2784 1989 2820 nobis
2011 2784 2173 2828 dictam),
2207 2785 2272 2821 sed
2293 2786 2400 2822 etiam
2416 2798 2489 2834 per

259 2834 510 2870 iusiurandum
542 2832 683 2868 heredis
712 2837 747 2868 et
774 2843 843 2878 per
873 2831 1124 2867 iusiurandum
1157 2831 1317 2874 testium,
1349 2831 1540 2867 dicentium
1572 2842 1611 2866 se
1640 2830 1686 2865 iis
1717 2841 1811 2877 quae
1842 2834 1946 2876 qesta
1976 2834 2062 2865 sunt
2083 2830 2295 2881 interfuisse
2324 2842 2489 2878 quaeque

262 2886 346 2915 tunc
378 2883 462 2914 acta
491 2883 577 2912 sunt
607 2877 737 2913 vidisse
767 2887 833 2912 nec
863 2876 974 2912 ullius
1002 2875 1152 2921 fraudis
1181 2875 1225 2911 ab
1258 2875 1388 2912 herede
1420 2875 1630 2911 commissae
1662 2875 1828 2910 conscios
1851 2885 1948 2917 esse,
1983 2885 2059 2910 rem
2081 2874 2278 2920 inquirere,
2303 2881 2412 2922 atque
2436 2877 2488 2911 ita

262 2927 2483 2940 ———-—-——-————-—-—-—-—-—-—-—-——

309 2961 323 2991 1
351 2955 423 2998 διὰ]
456 2954 548 2989 ἅδεα
579 2957 626 2989 A¹
657 2952 680 2989 ἃ
704 2954 764 2989 διὰ
787 2956 834 2989 A²
852 2955 865 2999 11
889 2958 909 2989 2
931 2952 1060 2988 δίδωσι
1084 2953 1173 2996 κτλ.]
1204 2955 1341 2997 praebet

262 3004 405 3036 rotinere
429 3002 563 3034 heredes
586 3004 880 3043 quantumcunque
904 3000 975 3032 eius
997 3000 1135 3042 impleat
1157 3002 1192 3040 (i.
1211 3013 1236 3033 e.
1254 2996 1340 3033 ὅσον

262 3046 308 3081 ἂν
333 3043 452 3080 αὐτοῖς
475 3044 617 3092 πληροῖ)
642 3058 661 3082 ς
685 3045 697 3088 11
720 3048 738 3079 3
762 3043 804 3078 τὸ
827 3046 1014 3090 τέταρτον]
1039 3042 1082 3078 τὸ
1105 3056 1128 3078 τ
1152 3047 1231 3077 ίτον
1253 3041 1274 3087 ἢ
1297 3042 1340 3077 τὸ

261 3087 367 3136 ἣμισυ
398 3092 467 3125 LB
497 3090 509 3135 11
536 3093 556 3124 4
588 3087 696 3130 δοκεῖ]
727 3090 883 3123 videntur
913 3101 933 3126 ς
959 3089 1122 3134 11θέπερεί
1143 3089 1254 3122 εσθαι
1286 3088 1339 3130 M]

261 3135 490 3179 σκήπτεσθαι
515 3136 583 3168 LB
629 3134 854 3168 σκέπτεσθαι
877 3135 909 3167 A
931 3134 943 3178 11
974 3136 993 3168 5
1017 3135 1146 3175 ταῦτα]
1180 3133 1263 3166 talia
1287 3146 1305 3170 ς
1329 3134 1341 3178 11

262 3185 279 3215 7
306 3177 496 3224 βούλοιντό
526 3180 567 3214 τὲ
595 3180 658 3222 τῆς
685 3180 717 3212 A
743 3179 754 3222 ΙΙ
777 3181 797 3213 9
829 3175 874 3211 ἂν
905 3192 963 3212 om.
987 3180 1019 3212 L
1043 3180 1055 3222 11
1080 3175 1128 3212 ὠς
1157 3176 1248 3212 εἰκὸς
1280 3191 1339 3211 κα·

263 3222 520 3280 κουργήσαντες
543 3220 797 3268 ὑποκλέψαιεν,
820 3225 879 3256 καὶ
903 3221 1058 3269 εἰσάγειν
1081 3225 1112 3257 A
1129 3222 1143 3268 11
1163 3226 1198 3257 11
1227 3223 1258 3256 εἰ
1281 3225 1340 3256 καὶ

262 3268 475 3348 ῗῖιηυῗῖἴωῗῑίῖι
489 3272 542 3353 ¹3³
557 3268 726 3348 νῖνέἶῖῖἴ
749 3270 852 3354 (ΖΨ)
862 3270 932 3346 '¹3⁰1
943 3281 971 3301 ‘²'
980 3268 1251 3346 exilitati)
1275 3269 1341 3346 “iv''

265 3356 455 3402 βεντάριον
479 3361 522 3398 (et
545 3360 591 3392 sic
613 3325 772 3402 infrafg.
786 3325 1030 3403 φζΙιαταγραφὴ
1054 3359 1088 3390 Β
1106 3357 1118 3397 ΙΙ
1142 3355 1241 3403 παρὰ
1263 3357 1340 3391 τῶν

265 3400 494 3448 κληρονόμων
514 3404 545 3436 A
573 3402 585 3447 11
610 3406 648 3436 13
668 3403 782 3444 ἔχοιεν
795 3402 827 3435 L
885 3402 928 3435 τὸ
944 3403 1085 3446 χρέοςᾼ
1105 3402 1118 3447 11
1152 3405 1190 3436 15
1215 3400 1342 3436 καθὼς

266 3444 397 3532 Ξῆιώιηιῖ
407 3444 698 3525 Α]11πριρην]ἑ7οᾱ.
712 3450 745 3499 β,
757 3453 840 3498 30:22
873 3449 910 3524 ΙΑΊ
925 3445 1095 3534 ιἸστιῖιντετς
1107 3446 1341 3525 Α1118ῗῖ1είὶω

266 3503 489 3567 sesami?
507 3504 581 3572 Emi
595 3535 607 3579 ῃ
638 3492 896 3570 21τὲεἵὲῖῗῖἴί
957 3503 1075 3576 '53⁶3AE
1088 3504 1236 3569 εοέἶᾬατ
1260 3516 1307 3569 ᾉι
1330 3491 1344 3580 11

267 3581 310 3612 ‘22
334 3577 643 3621 παραλαμβάνειν]
667 3581 707 3613 τὲ
730 3582 807 3614 add.
830 3580 862 3613 A
884 3579 897 3624 11
928 3582 970 3614 24
994 3578 1107 3622 αὐτὴν
1131 3594 1189 3614 om.
1214 3581 1245 3614 L
1271 3579 1341 3624 1125

268 3621 510 3667 πραττόντων
539 3621 560 3664 ἢ
588 3623 695 3664 τυχὸν
726 3627 756 3657 A
781 3625 794 3666 11
821 3627 864 3658 26
895 3621 979 3664 ἀξία
1011 3624 1063 3665 Μ]
1095 3622 1241 3664 ἀξίωσις
1274 3625 1344 3658 LB

268 3663 376 3710 ἀξίως
398 3668 428 3701 A
455 3667 467 3714 11
490 3669 529 3700 2Ἱ
558 3664 687 3708 αὐτοῖς]
713 3666 838 3702 aira?
858 3670 905 3702 A¹
921 3671 933 3713 11
957 3666 1109 3703 δίδωσιν
1132 3671 1192 3704 ἐπὶ
1217 3669 1270 3703 τῶ
1294 3669 1343 3703 ἰν·

1408 2957 1590 3006 βενταρίω
1614 2954 1674 2997 τῆς
1697 2957 1901 3000 περιουσίας
1914 2955 1943 2987 A
1959 2952 1972 2997 11
1989 2953 2044 2986 τῶ
2060 2952 2262 2986 inbentartw
2277 2955 2323 2987 M
2339 2954 2395 2987 τῶ
2411 2955 2487 2995 (τοῦ

1410 3014 1447 3032 m.
1474 3003 1502 3040 1)
1526 3002 1726 3034 inventaria>
1749 3000 1778 3032 L
1794 2998 1807 3043 11
1825 3000 1868 3033 28
1891 2996 2014 3031 ἄπεισι
2035 2998 2071 3030 Β
2089 2996 2155 3041 11ἐξ
2169 2998 2225 3038 M]
2251 2994 2306 3032 ἐπ’
2329 2999 2393 3033 LA
2407 3001 2453 3040 (ς)
2475 3003 2488 3044 11

1409 3047 1451 3078 29
1474 3045 1535 3086 τῆς
1560 3057 1619 3077 om.
1639 3045 1671 3077 A
1686 3045 1698 3088 11
1715 3041 1939 3084 ἀξιοπίστων
1962 3044 2022 3075 καὶ
2035 3045 2273 3086 κεκτημένων]
2297 3041 2380 3077 τοὺς
2394 3038 2487 3084 ἄξιο-

1409 3092 1556 3123 πίστους
1579 3090 1810 3132 κεκτημένους
1822 3088 1854 3121 A
1871 3087 1884 3132 11
1900 3090 1942 3122 30
1961 3085 2068 3120 ὄντας
2080 3088 2111 3120 A
2126 3087 2138 3131 11
2158 3089 2198 3121 31
2213 3085 2489 3133 ταβουλλαρίους

1407 3131 1475 3180 γὰρ
1497 3132 1627 3176 μόνους
1650 3135 1681 3166 A
1704 3132 1717 3178 11
1743 3134 1784 3168 32
1810 3123 1875 3174 ὧν]
1901 3123 1955 3166 ὧν
1978 3129 2018 3165 δὲ
2042 3132 2078 3165 Β
2099 3133 2111 3175 11
2135 3132 2307 3177 γίνεσθαι
2330 3132 2426 3178 ΑΒ11
2446 3135 2487 3167 33

1412 3185 1511 3222 Ώστε
1534 3191 1593 3223 καὶ
1625 3186 1894 3224 ἐπανελθοῦσιν
1916 3189 1947 3221 A
1971 3190 2017 3230 (in
2037 3201 2098 3232 my.
2123 3180 2170 3222 κδ
2189 3185 2345 3242 βάσανος
2365 3214 2373 3222 .
2387 3190 2453 3229 ...)
2477 3188 2489 3231 fl

1410 3236 1452 3268 34
1475 3230 1726 3280 ὖπεξηρῆσθαι
1746 3234 1800 3275 Μ]
1823 3228 2099 3279 ὖπὲξαιρεῖσθαι
2112 3234 2143 3266 L
2180 3233 2417 3278 υφαιρεῖσθαι
2429 3234 2488 3276 An

1408 3277 1516 3320 τυχὸν
1537 3280 1628 3320 τῶν]
1658 3278 1736 3312 τῶν
1767 3275 1953 3320 τυχόντων
1975 3279 2007 3311 A
2028 3277 2040 3320 11
2066 3273 2100 3319 ἢ]
2132 3278 2164 3311 εἰ
2185 3279 2218 3311 A
2241 3277 2254 3320 11
2277 3279 2318 3311 37
2343 3279 2403 3310 καὶ
2426 3290 2485 3311 om.

1409 3325 1439 3356 A
1458 3325 1470 3365 ΙΙ
1491 3320 1649 3366 δίδομεν]
1671 3323 1883 3366 praebuimus
1902 3323 1948 3366 ς11
1966 3319 2118 3369 πρώτην
2135 3324 2165 3356 A
2183 3321 2197 3367 11
2221 3323 2264 3356 39
2276 3317 2486 3368 ὅρκου-διὰ

1407 3368 1472 3401 τοῦ
1486 3381 1545 3402 om.
1559 3369 1628 3401 MA

1456 3427 1471 3458 1
1499 3426 1563 3465 res]
1576 3424 1630 3456 lex
1642 3424 1692 3457 R¹
1711 3423 1758 3468 117
1784 3425 1870 3457 hanc
1889 3423 1936 3457 R¹
1962 3424 1997 3465 (l.
2012 3422 2131 3462 hinet)
2146 3422 2158 3463 11
2181 3424 2202 3456 9
2224 3423 2310 3463 oum]
2336 3421 2486 3463 Cumque

1409 3469 1459 3503 Β*
1477 3467 1490 3513 11
1509 3471 1548 3503 10
1572 3468 1771 3510 malignanti
1793 3469 1834 3502 V*
1851 3467 1864 3512 11
1881 3478 1949 3501 non
1961 3481 2020 3501 om.
2041 3467 2131 3500 V¹T¹
2149 3465 2162 3510 11
2180 3467 2220 3500 12
2236 3465 2431 3506 Falcidiam]
2453 3469 2485 3499 et

1410 3513 1595 3547 Falcidiam
1615 3514 1647 3546 V
1659 3513 1672 3556 11
1690 3514 1729 3547 13
1744 3523 1828 3555 quae
1839 3523 1899 3555 per
1912 3513 1945 3546 V
1957 3511 1971 3556 11
1990 3514 2030 3546 14
2043 3510 2223 3553 excipimus
2234 3510 2447 3552 (on-pimus
2458 3514 2485 3550 1)

1421 3557 1476 3601 1711
1497 3560 1532 3591 17
1559 3558 1738 3591 creditores
1761 3558 1867 3591 RTV
1887 3556 1900 3600 Ι
1925 3558 1963 3591 18
1986 3558 2158 3589 teneretur
2181 3555 2214 3588 R
2273 3556 2315 3588 23
2340 3565 2407 3588 non
2428 3555 2485 3587 dat

1411 3603 1459 3635 eis
1490 3601 1550 3646 1711
1575 3604 1617 3637 26
1648 3602 1816 3645 opinionis
1847 3601 1989 3643 optimae
2013 3599 2067 3634 R·
2093 3598 2106 3642 11
2129 3601 2172 3633 30
2203 3608 2243 3631 su
2266 3600 2392 3631 rectum
2416 3600 2449 3631 R
2472 3599 2485 3643 fl

1413 3649 1452 3682 31
1478 3647 1690 3679 manifestum
1718 3645 1772 3689 Vll
1791 3647 1833 3680 35
1857 3645 1988 3679 heredis
2010 3646 2044 3677 et
2064 3642 2295 3675 iusiurandum
2318 3656 2376 3676 om.
2406 3644 2448 3676 V·
2470 3648 2484 3687 11

1413 3693 1456 3726 36
1481 3693 1514 3724 et
1535 3702 1570 3724 se
1593 3691 1735 3724 adfuisse
1768 3691 1799 3723 V
1818 3688 2002 3733 υιι19.11ιίε
2027 3690 2161 3720 noesta
2192 3687 2236 3720 V¹
