2618 4010
248 123 355 166 Nov.
387 122 458 165 LV
491 124 528 164 1.
557 122 584 161 2

247 232 334 267 λεως
356 230 602 276 περιγράφειν.
649 226 740 277 ὅπερ
761 229 809 263 εἰς
828 228 894 264 τὸν
913 226 1061 265 ἅπαντα
1084 227 1215 274 χρόνον
1237 226 1321 263 κατ’

244 274 373 311 οὐδένα
393 274 531 319 τρόπον
550 274 723 321 γίνεσθαι
739 271 966 319 βουλόμεθα·
988 271 1080 308 ἀλλὰ
1096 269 1164 307 κᾶν
1179 273 1212 307 εἰ
1227 270 1321 307 καθ’

244 318 466 372 οιόνᾷἠποτει
490 321 631 373 γένοιτο
666 319 799 363 σχῆμα,
835 321 895 353 καὶ
929 319 1036 353 τοῦτο
1069 315 1201 363 ἄκυρον
1232 317 1326 352 εἶναι

1322 115 1405 163 310

1708 129 1772 163 11¹1·
1799 131 1861 163 DE
1888 129 2060 163 CETERO
2089 129 2465 173 COMMUTATIONES

1392 228 1478 264 tatis
1515 227 1779 265 circumvenire.
1825 229 1929 275 Quod
1963 240 2027 277 per
2058 239 2162 266 omne
2196 233 2336 275 tempus
2368 229 2466 266 nullo

1393 272 1497 309 modo
1521 272 1600 307 fieri
1622 272 1803 308 volumus:
1827 275 1891 310 sed
1909 276 1947 311 et
1968 275 1999 311 si
2014 275 2174 321 quolibet
2192 274 2257 310 fiat
2276 274 2466 316 schemate,

1394 318 1463 353 hoc
1492 316 1600 352 etiam
1631 316 1807 352 infirmum
1841 328 1919 362 esse
1954 323 1992 355 et
2021 331 2044 356 a
2074 319 2301 356 sanctissima
2333 318 2468 354 maiore

245 377 343 409 παρα
366 375 427 406 της
447 375 647 410 αγιωτατης
664 361 776 410 μεγάλ
800 374 815 398 ς
835 362 1019 415 ἐκκλησίας
1038 363 1086 397 εἰς
1106 362 1149 396 τὸ
1170 360 1325 406 διηνεκός
1394 361 1552 415 ecclesia·
1576 361 1613 413 ii}
1644 365 1855 414 pezpetuum
1883 363 2069 410 vindicari,
2104 365 2204 401 nulla
2234 364 2268 401 ei
2298 364 2468 409 temporis

246 407 468 443 ἐκδικεῖσθαι
492 406 702 453 δυνάμενον,
733 407 775 443 οὗ
799 409 897 454 εμιᾶς
926 407 1017 456 αὕτῃ
1049 406 1178 455 χρόνον
1209 419 1324 455 παρα·
1362 411 1381 443 5
1394 408 1677 453 praescriptione
1699 417 1737 443 in
1759 406 1828 443 hoc
1851 407 2048 446 obicienda.

244 454 381 501 γραφῆς
405 451 493 500 πρὸς
515 454 623 488 τοῦτο
645 449 899 499 ἀντικειμένης.

1242 597 1398 634 CAPUT
1421 597 1468 633 11.

293 676 447 714 Κάκεῖνο
466 682 592 724 μέντοι
610 679 845 723 θεσπίζομεν,
867 674 956 712 aim
974 677 1052 712 τῶν
1071 675 1192 711 ἄλλων
1212 674 1326 712 ἁπάν-

247 737 324 758 των
347 726 425 758 τῶν
447 727 530 772 περὶ
555 723 807 770 ἐμφυτεὺσεων
830 723 1179 767 νενομοθετημένων
1203 723 1268 757 ἐπί
1287 733 1328 756 τε

247 770 291 817 τῇ
311 767 496 824 ἁγιωτάτῃ
515 768 650 826 μεγάλῃ
673 768 840 811 ἐκκλησίᾳ
865 770 928 803 ἐπί
949 780 988 802 τε
1004 771 1077 802 τοῖς
1098 766 1216 802 ἄλλοις
1235 762 1327 801 ἅπα-

1452 674 1546 710 Illud
1577 685 1718 721 quoque
1747 675 1944 720 sancimus,
1973 677 2015 712 ut
2037 676 2115 713 aliis
2138 677 2302 714 omnibus
2326 678 2370 713 de
2393 678 2470 712 iure

1396 720 1666 766 emphyteoseos
1690 721 1837 757 sancitis
1869 725 1905 757 et
1933 721 1970 756 in
1999 722 2223 758 sanctissima
2255 723 2388 759 maiore
2411 732 2469 758 ec-

1399 765 1507 801 clesia
1531 766 1620 801 etin
1644 765 1722 802 aliis
1744 766 1906 802 omnibus
1927 766 2186 803 venerabilibus
2210 767 2372 804 domibus
2386 777 2469 813 pro-

247 826 308 848 σιν
331 817 496 861 ευαγέσιν
519 825 627 849 omme
657 813 724 857 τὴν
747 811 845 847 ἰδίαν
871 810 1032 855 ἐχόντων
1056 811 1170 855 ἰσχύν,
1202 809 1329 846 ἄδειαν
1343 814 1383 846 10
1397 810 1511 856 prium
1534 811 1645 846 robur
1669 811 1884 848 habentibus
1916 811 2060 847 licentia
2084 811 2132 847 sit
2154 812 2388 848 sanctissimis
2412 822 2470 847 ec-

247 859 340 893 εἶναι
371 862 449 894 ταῖς
480 856 695 907 ἁγιωτάταις
727 856 926 901 ἐκκλησίαις
960 860 1020 892 καὶ
1054 860 1128 892 τοῖς
1163 854 1226 891 εὖα
1251 859 1329 891 ε’σιν

247 904 355 938 οἴκοις
385 903 474 951 πρὸς
502 902 653 946 ἀλλήλας
676 906 737 937 καὶ
760 900 989 948 ἐμφυτεύσεις
1017 901 1191 948 πράττειν
1238 915 1328 946 ιηνε·

247 951 333 990 nete,
366 947 531 995 δεκρέτου
555 946 691 1004 δηλαδὴ
719 951 778 982 καὶ
803 950 863 983 ἐπὶ
887 946 1006 991 τούτῳ
1029 950 1227 995 γινομένου.
1274 947 1327 988 ἐξ·

248 996 423 1039 ηοημένης
452 996 520 1038 μὲν
550 993 744 1028 κανταῦθα
773 993 835 1036 τῆς
867 988 1067 1046 ἁγιωτάῖης
1122 990 1245 1041 εγάλης
1274 994 1326 1026 ἐκ·

1398 855 1515 891 clesiis
1536 859 1571 891 et
1591 856 1852 892 venerabilibus
1873 856 2035 892 domibus
2056 856 2249 893 adinvicem
2268 858 2469 903 emphyteo-

1398 901 1465 936 sim
1495 910 1601 946 agere
1622 903 1844 954 perpetuam,
1877 901 2021 938 decreto
2045 902 2177 954 quippe
2205 901 2265 938 hic
2287 902 2470 947 faciend03

1396 950 1547 991 excepta
1571 945 1714 991 quidem
1738 946 1797 982 hic
1822 946 2048 983 sanctissima
2080 955 2214 983 maiore
2237 946 2404 991 ecclesia,
2435 947 2473 981 in

1396 991 1465 1027 hoc
1486 994 1606 1027 autem
1627 991 1808 1028 celebrata
1826 991 2056 1045 emphyteusi,
2080 994 2122 1028 ut
2137 1001 2210 1028 non
2234 991 2279 1028 ad
2298 992 2473 1037 privatam

247 1027 409 1095 3‘21205418·
447 1041 507 1074 ἐπὶ
542 1036 659 1082 τούτῳ
679 1036 737 1093 ,⁸⁵
769 1040 957 1094 γινομένης
987 1049 1049 1082 της
1088 1037 1328 1092 κμφυτεύσεως
1342 1040 1382 1073 15
1396 1046 1585 1082 personam
1608 1036 1753 1073 extendi
1776 1047 1919 1073 ommno
1943 1037 2069 1083 possit.

248 1086 293 1129 ἐφ
331 1097 360 1127 ῳ
384 1082 433 1128 μὴ
457 1084 505 1118 εἰς
529 1081 715 1118 ἰδιωτικον
739 1094 934 1130 προςωπον
963 1082 1166 1127 &maman
1195 1095 1326 1119 παντε-

248 1127 318 1163 λῶς
342 1126 556 1172 δυνηθῆναι.

300 1171 364 1219 <²12
369 1185 397 1209 π
406 1172 449 1227 ί]
457 1186 476 1229 q
484 1187 507 1221 γ
515 1186 534 1208 ο
543 1172 587 1218 ς.)
631 1171 679 1208 Ἠ
691 1176 815 1208 τοίνυν
839 1173 885 1217 σὴ
902 1172 1121 1229 μακαριόζης
1143 1172 1196 1229 ’,τὰς
1213 1187 1326 1218 παρα-

1440 1172 1702 1218 (Epilogus.)
1739 1172 1819 1208 Tua
1838 1172 1946 1216 igitur
1969 1171 2153 1207 beatitudo
2181 1148 2371 1216 quae'uisa
2393 1174 2475 1206 sunt

248 1219 386 1253 στάντα
431 1233 494 1263 μιν
524 1222 584 1253 καὶ
607 1216 802 1265 φυλαξάτω
831 1221 891 1252 καὶ
923 1221 995 1254 τοῖς
1018 1232 1070 1255 vn
1112 1233 1224 1263 αυτην
1249 1219 1329 1254 τοὺς
1395 1218 1499 1253 nobis
1531 1218 1722 1262 custodiat,
1759 1221 1794 1253 et
1825 1218 1880 1253 his
1917 1218 1977 1262 qui
2008 1217 2075 1253 sub
2107 1226 2150 1252 ea
2182 1216 2474 1261 metropolitanas

248 1276 412 1311 μητροπο
448 1263 566 1299 τικούς
581 1262 738 1310 θρόνους
758 1265 877 1306 ἔχουσι
896 1262 1036 1311 φανερὰ
1053 1263 1328 1308 καταστησάτω,
1341 1265 1383 1298 20
1397 1262 1499 1298 sedes
1522 1262 1658 1298 habent
1679 1262 1791 1298 faciat
1813 1262 2014 1304 manifesta,
2041 1265 2082 1298 ut
2104 1265 2140 1297 et
2162 1261 2233 1307 ipsi
2256 1271 2347 1307 quae
2370 1261 2473 1296 nobis

251 1307 338 1343 ὦςτε
368 1312 429 1343 καὶ
460 1306 587 1344 αὐτοὺς
621 1309 668 1343 ’τὰ
694 1306 779 1354 ἡμῖν
810 1307 1051 1356 παραστάντα
1083 1308 1329 1357 γινώσκοντας
1396 1307 1612 1353 placuerunt
1650 1318 1693 1344 co
1741 1312 1906 1344 oscentes
1945 1307 2033 1343 nihil
2070 1307 2198 1343 horum
2232 1306 2474 1352 praevaricari

248 1352 362 1398 μηδὲν
383 1352 527 1389 τούτων
551 1356 762 1401 παραβῆναι
785 1354 981 1401 θαρρῆσαι.
1021 1357 1125 1389 ἔσται
1147 1353 1215 1402 γὰρ
1238 1350 1328 1390 ἄπα·
1397 1355 1640 1398 praesumant.
1721 1353 1770 1388 rit
1794 1353 1888 1388 enim
1911 1353 2083 1389 universis
2114 1362 2136 1388 a.
2158 1352 2224 1388 deo
2246 1351 2416 1388 iudicium
2439 1353 2475 1386 et

249 1411 309 1434 σιν
331 1396 353 1443 ἦ
377 1398 476 1446 παρὰ
498 1400 562 1434 τοῦ
587 1399 678 1434 θεοῦ
703 1402 815 1445 κρίσις
843 1402 904 1433 καὶ
933 1396 954 1443 ἡ
978 1400 1121 1434 ἐκεῖθεν
1144 1398 1269 1443 ποινή,
1300 1398 1336 1433 εἴ
1398 1397 1525 1434 exinde
1547 1407 1675 1443 poena,
1708 1397 1740 1434 si
1762 1398 1848 1443 quid
1871 1400 2015 1443 praeter
2046 1398 2135 1433 haec
2162 1400 2226 1434 aut
2247 1396 2317 1443 ipsi
2340 1396 2475 1441 egerint

249 1458 286 1478 τι
310 1445 410 1501 πἀρὰ
440 1444 558 1479 ταῦτα
580 1440 603 1488 ἢ
627 1440 731 1478 αὐτοὶ
752 1441 926 1490 πράξαιεν
958 1441 980 1488 ἢ
1012 1445 1225 1492 πραχθῆναι
1249 1456 1330 1491 συγ·
1343 1446 1462 1525 2581113
1484 1443 1543 1487 agi
1566 1442 1804 1488 permiserint.
1831 1455 1838 1462 ⁴

272 1502 302 1523 ω
348 1501 460 1526 σαιεν.

249 1503 270 1532 χ
329 1538 378 1571 at.
395 1544 459 1572 xv.
483 1535 520 1571 k.
542 1534 632 1571 Nov.
658 1534 726 1570 ΟΡ.
752 1535 836 1587 imp.
862 1535 920 1570 dn.
944 1534 1131 1571 Iustiniani
1154 1545 1215 1581 pp.
1236 1535 1328 1580 Aug.

1443 1533 1527 1569 Dat.
1541 1542 1604 1569 xv.
1623 1533 1695 1569 kal.
1713 1531 1803 1568 Nov.
1824 1531 1893 1568 GP.
1912 1532 1995 1577 imp.
2016 1532 2074 1568 dn.
2094 1531 2285 1568 Iustiniani
2302 1542 2363 1577 pp.
2381 1530 2474 1575 Aug.

251 1590 332 1617 ann.
345 1580 423 1626 XL,
447 1582 531 1626 post
551 1589 649 1616 cons.
668 1579 831 1616 Belisani
849 1590 881 1616 v.
901 1590 931 1616 c.
953 1581 1063 1627 <anno
1075 1580 1139 1625 II).

1401 1589 1494 1615 anno
1510 1577 1585 1622 XL,
1609 1580 1694 1624 post
1717 1587 1815 1614 cons.
1836 1577 2001 1614 Belisarii
2024 1588 2055 1614 v.
2071 1587 2102 1613 c.
2127 1587 2222 1614 anno
2245 1576 2401 1614 secundo
2421 1577 2475 1611 in-

1307 1627 1353 1667 [a.
1367 1626 1442 1666 537]
1515 1623 1670 1660 dictione
1689 1622 1814 1669 prima.

251 1760 357 1804 Quod
378 1759 521 1806 quidem
544 1760 583 1795 in
606 1770 710 1796 omne
735 1764 874 1806 tempus
897 1759 998 1795 nullo
1016 1766 1132 1806 pacto
1153 1759 1240 1805 fieri
1260 1758 1445 1795 volumus:
1479 1758 1546 1795 sed
1568 1758 1650 1794 lieet
1668 1768 1739 1804 per
1762 1758 2058 1804 qualemcumque
2080 1758 2232 1803 speciem
2252 1759 2394 1804 factum
2417 1757 2476 1798 sit,

251 1805 486 1858 hoc-quoque
507 1804 658 1858 inritum·
675 1815 763 1847 esse,
787 1809 829 1840 ut
850 1816 874 1840 a
891 1804 1125 1858 ‘sanctissima
1147 1815 1282 1851 maqna
1305 1803 1456 1840 ecclesia
1479 1803 1518 1838 in
1539 1807 1754 1850 perpetuum
1778 1801 1958 1839 vindicari
1976 1802 2096 1849 possit
2119 1810 2206 1837 neve
2237 1802 2314 1837 ulla
2337 1802 2370 1837 ei
2395 1806 2477 1837 tem-

248 1861 356 1897 poris
375 1853 620 1948 Ἦῗωεῗζὲξάῖι)
644 1860 748 1946 affine?
771 1849 1144 1947 qzocqbussuggncimus,
1176 1898 1218 1931 ut
1236 1894 1375 1946 ‚ceteris
1406 1893 1570 1946 omnibus
1601 1903 1695 1945 quae
1725 1892 1771 1929 de
1801 1891 2093 1945 emphyteusious
2123 1896 2159 1944 et
2188 1892 2226 1927 in
2249 1891 2479 1944 sanctissima

251 1951 386 1988 maqna
409 1940 560 1976 ecclesia
584 1944 620 1975 et
641 1950 680 1975 tn
703 1944 832 1976 ceteris
855 1939 1018 1976 omnibus
1046 1939 1309 1976 venerabilzbus
1331 1939 1495 1975 domibus
1518 1941 1716 1975 constituta
1747 1942 1831 1972 sunt
1853 1948 1891 1971 ιη
1908 1947 2070 1984 propria
2102 1948 2134 1972 υι
2158 1938 2310 1973 servatis
2333 1936 2478 1973 licentia

251 1987 301 2022 εῖτ
321 1985 558 2022 sanctissimis
580 1984 740 2021 ecclesiis
763 1995 808 2020 ac
830 1984 1092 2021 venerabilibus
1122 1984 1285 2020 domibus
1309 1985 1415 2020 etiam
1439 1983 1688 2036 emphyteuses
1707 1986 1907 2029 perpetuas
1936 1982 2033 2017 inter
2060 1993 2099 2018 se
2119 1981 2301 2027 faciendi,
2333 1981 2478 2017 decreto

252 2030 390 2067 scilicet
419 2029 488 2066 hac
517 2041 662 2076 quoque
695 2030 734 2065 in
769 2041 810 2066 re
838 2030 1064 2076 interposito.
1118 2028 1344 2075 Quamquam
1375 2029 1604 2064 sanctissima
1638 2038 1772 2075 maqna
1800 2026 1950 2063 ecclesia
1985 2026 2043 2062 hic
2074 2037 2218 2073 quoque
2248 2026 2480 2073 excipiatur,-

253 2075 496 2127 cmphyteusis
518 2080 637 2111 autem
660 2086 705 2111 ea
727 2074 940 2111 condicione
960 2075 1040 2126 fiat,
1065 2078 1107 2110 ut
1129 2074 1179 2110 ad
1194 2074 1380 2120 privatam
1402 2084 1598 2120 personam
1620 2072 1772 2109 extendi
1792 2072 1937 2124 omnino
1962 2076 2126 2125 nequeat.
2250 2116 2257 2123 ι

388 2120 527 2168 Eptlo
535 2131 627 2167 qus.
681 2119 759 2155 Tua
790 2120 903 2166 iqitur
933 2119 1117 2155 beatetudo
1148 2130 1242 2164 quae
1274 2119 1378 2154 nobis
1401 2118 1625 2165 placuerunt
1654 2120 1689 2153 et
1718 2117 1901 2153 custodiat
1930 2121 1967 2152 et
1989 2128 2035 2152 ns
2063 2118 2129 2163 qui
2148 2116 2214 2152 sub
2243 2126 2325 2163 ipsa
2348 2119 2478 2152 metro-

249 2166 437 2214 politanas
458 2165 561 2201 sedes
583 2164 717 2200 habent
739 2165 936 2210 manifesta
960 2164 1105 2206 reddat,
1137 2168 1178 2199 ut
1198 2164 1269 2210 ipsi
1288 2174 1443 2209 quoque,
1475 2173 1555 2198 cum
1575 2173 1618 2198 ea
1642 2173 1737 2209 quae
1762 2161 1868 2198 nobis
1922 2161 2109 2198 Iacuerunt
2135 2160 2363 2208 intelleqant‚
2387 2160 2481 2196 nihil

253 2222 376 2248 eorum
403 2222 449 2247 ne
476 2210 595 2257 leqere
617 2209 786 2246 audeant.
833 2208 1038 2245 Imminebit
1058 2209 1152 2245 enim
1176 2207 1343 2244 omnibus
1372 2207 1431 2245 dei
1453 2207 1625 2244 iudicium
1649 2211 1685 2244 et
1711 2217 1806 2256 quae
1827 2206 1867 2242 in
1893 2217 1913 2243 e
1932 2206 2066 2253 futura
2085 2211 2141 2244 est
2159 2217 2303 2254 poena,
2333 2206 2367 2242 si
2390 2204 2481 2252 quid

253 2256 426 2293 adversus
474 2266 539 2291 aec
561 2254 620 2291 vel
639 2254 713 2302 ipsi
734 2254 876 2301 eqerint
897 2254 955 2291 vel
974 2254 1038 2301 aqi
1052 2253 1161 2301 passi
1182 2253 1266 2290 sint.

298 2394 341 2427 12
365 2393 424 2425 καὶ
450 2403 541 2426 σοις
568 2390 581 2434 ΙΙ
609 2386 838 2436 ἐμφυτεὺσεις
861 2388 1035 2436 πράττειν
1059 2388 1240 2432 διηνεκεῖς]
1266 2400 1333 2424 em-

252 2437 427 2482 phyteosin
451 2446 549 2479 agere
572 2439 766 2480 perpetuam
792 2447 811 2472 ς
837 2437 850 2480 ss
881 2437 924 2470 14
947 2431 1155 2477 κάνταῦθα]
1189 2436 1245 2468 hic
1269 2447 1288 2471 ς
1322 2433 1334 2479 ΙΙ

254 2485 297 2517 26
309 2485 431 2516 subscr.
445 2494 504 2516 om.
518 2481 581 2515 Iul.
606 2481 619 2525 ΙΙ
647 2492 707 2514 xv.
722 2482 756 2514 k.
769 2491 848 2515 nou.
865 2481 936 2523 Me]
957 2504 966 2514 .
981 2505 989 2514 .
1002 2477 1199 2514 καλανδῶν
1219 2481 1334 2523 Νοεμ-

253 2527 455 2574 βρίουέΔεΙι.
492 2537 536 2560 111
561 2536 665 2559 nonas
690 2526 885 2559 nouembres
910 2538 970 2562 ςυ.
986 2527 1005 2558 Ι.
1031 2527 1128 2569 (μηνὶ
1152 2528 1333 2571 νοεμβρίῳ

255 2573 390 2616 ΤΙιεοᾶ.)
413 2571 427 2613 ΙΙ
457 2571 522 2605 ΟΡ.
546 2591 591 2596 -
614 2582 691 2605 ann.
706 2571 758 2604 XI
783 2572 857 2613 Me]
881 2568 1067 2614 βασιλείας
1080 2568 1335 2604 Ἰουστινιανοῦ

252 2618 481 2663 (supplendum
501 2614 543 2650 τὸ
560 2613 626 2661 ια’)
638 2617 724 2656 Am„
740 2629 799 2650 om.
812 2617 932 2650 Theoti.
952 2616 964 2659 ΙΙ
988 2617 1029 2650 27
1047 2618 1122 2659 post
1138 2626 1227 2649 cons.
1245 2615 1334 2648 Beli-

253 2663 334 2697 sarii
345 2672 398 2696 uo.
411 2672 500 2696 anno
512 2662 551 2694 11
568 2662 752 2694 indictione
771 2661 879 2704 prima
892 2672 922 2702 ς’,
945 2663 998 2704 pst
1018 2660 1149 2695 Bilisar.
1163 2671 1215 2694 uo.
1231 2671 1334 2694 conss.

255 2709 302 2743 M
315 2705 408 2753 μετὰ
425 2706 494 2750 τὴν
509 2703 687 2741 ὑπατείαν
699 2703 834 2740 Βελισα
860 2709 914 2739 ίου
934 2708 1033 2740 ἔτους
1047 2705 1082 2750 β’
1100 2707 1222 2741 ΤΙιεοά.
1245 2703 1337 2750 μετὰ

253 2751 321 2797 τὴν
342 2749 522 2788 ὑπατείαν
546 2749 761 2797 Βελισαρίου
783 2749 842 2797 (τὸ
882 2748 919 2798 γ’
942 2752 1020 2785 Ath.

1401 2387 1554 2433 aliisRu
1579 2388 1771 2422 hominibus
1795 2388 1829 2422 V
1846 2387 1859 2432 ΙΙ
1887 2389 1907 2422 8
1932 2388 2171 2431 emphiteoseos
2187 2387 2267 2430 RT,
2290 2387 2481 2431 emphyteos

1410 2434 1445 2468 V
1462 2433 1475 2478 fl
1502 2435 1524 2468 9
1544 2433 1793 2468 uenerabilibus
1811 2432 1965 2467 omnibus
1980 2434 2014 2467 R
2041 2432 2054 2477 ΙΙ
2085 2435 2123 2467 11
2146 2435 2179 2466 et
2198 2445 2255 2467 om.
2279 2432 2314 2466 V
2331 2431 2344 2477 ΙΙ
2366 2433 2408 2465 ab
2427 2433 2480 2465 in-

1402 2478 1510 2512 uicem
1531 2479 1587 2523 Vn
1613 2478 1848 2523 emphyteosim
1869 2479 1903 2512 V
1920 2478 2138 2521 emphiteosin
2155 2479 2188 2511 R
2220 2478 2438 2521 emphyteosis
2452 2477 2486 2511 T

1403 2526 1436 2557 ct
1460 2524 1689 2568 emphyteusin
1713 2524 1800 2568 vulq.
1826 2523 1839 2567 ΙΙ
1878 2525 1919 2558 12
1943 2525 2103 2567 perpetuo
2130 2523 2163 2556 T
2185 2522 2199 2567 ΙΙ
2230 2524 2272 2557 14
2296 2523 2376 2555 haec
2407 2523 2440 2555 V
2469 2521 2482 2566 11

1403 2569 1623 2612 emphiteosin
1650 2568 1698 2603 R’
1722 2568 1735 2613 ΙΙ
1767 2569 1809 2603 18
1830 2568 1902 2601 uisa
1925 2569 1987 2610 (isa
2009 2568 2072 2610 13¹)
2095 2569 2174 2601 sunt
2197 2567 2292 2601 nobis
2315 2568 2360 2609 R]
2384 2566 2482 2600 nobis

1403 2614 1477 2647 uisa
1507 2616 1586 2648 sunt
1617 2614 1650 2647 T
1686 2614 1775 2646 iussa
1803 2616 1882 2646 sunt
1911 2613 2005 2646 nobis
2038 2613 2072 2646 V
2094 2613 2196 2651 (iussa
2226 2615 2305 2645 sunt
2335 2622 2356 2645 a
2386 2611 2483 2645 nobis

1403 2660 1532 2703 vulq.)ss
1562 2660 1604 2694 19
1629 2669 1692 2701 que
1713 2657 1777 2703 Vfl
1806 2657 2076 2700 metropolitanas
2095 2657 2141 2699 V]
2164 2656 2428 2700 metropolitanis
2453 2657 2486 2690 T

1403 2703 1678 2747 metropolitanus
1700 2703 1754 2736 13⁶
1795 2702 2022 2746 metropolitas
2052 2700 2101 2736 12⁶
2143 2701 2363 2744 metropolitis
2385 2701 2436 2734 R*

1404 2751 1447 2784 20
1458 2761 1507 2793 eq.
1532 2750 1764 2791 cognoscentes
1787 2758 1872 2790 quae
1895 2748 1990 2781 nobis
2012 2747 2258 2791 plaeueruntR
2275 2745 2399 2791 uorum
2420 2746 2453 2779 V

1403 2795 1558 2837 praeusti
1570 2794 1619 2827 Β*
1637 2793 1649 2838 ΙΙ
1665 2794 1706 2828 23
1720 2794 1791 2837 ipse
1812 2793 1867 2837 Vl!
1893 2794 1935 2828 26
1952 2794 2215 2837 subscriptionem
2236 2792 2381 2826 dedimus
2400 2803 2438 2825 et

1405 2847 1434 2873 ee
1456 2840 1575 2873 Bamb.
1590 2839 1614 2872 I
1638 2839 1651 2882 ss
1676 2849 1737 2872 xv,
1762 2839 1794 2872 k.
1820 2838 1973 2872 nonemb.
2001 2839 2048 2879 T]
2083 2848 2134 2870 111.
2160 2847 2264 2870 nonas
2287 2836 2483 2870 nouembres

1404 2884 1562 2918 Rama!
1577 2883 1590 2929 ΙΙ
1620 2893 1690 2926 cap.
1718 2884 1751 2917 T
1781 2893 1852 2927 cpa.
1877 2884 2034 2918 Rama]
2055 2882 2068 2927 ss
2093 2883 2190 2925 impr.
2210 2882 2296 2915 dom.
2321 2892 2379 2914 nn.
2402 2881 2480 2914 iust-

1404 2940 1558 2974 Bame
1576 2939 1647 2972 iohi
1665 2940 1741 2972 inst.
1754 2941 1787 2973 T
1803 2939 1817 2985 ΙΙ
1841 2941 1882 2974 27
1897 2941 1972 2983 post
1984 2949 2072 2973 cons.
2088 2938 2247 2972 Bilisario
2263 2948 2315 2972 uo.
2331 2936 2486 2971 Bome

1402 2987 1478 3028 post
1501 2995 1529 3018 ο.
1555 2985 1634 3018 Bili.
1659 2985 1725 3018 uio.
1747 2986 1782 3019 T

300 2902 320 2935 2
334 2900 489 2934 uolumus
504 2899 577 2933 fieri
594 2901 625 2933 R.
640 2899 653 2943 ΙΙ
672 2900 814 2932 scemate
827 2898 860 2930 R
879 2899 1023 2930 themate
1043 2898 1098 2939 Vss
1116 2898 1136 2931 3
1150 2907 1170 2930 a
1188 2909 1246 2931 om.
1262 2896 1311 2930 V¹
1333 2898 1338 2938 l

254 2948 277 2980 4
289 2947 531 2989 imperpetuum
547 2945 582 2979 V
592 2943 606 2989 ss
620 2943 793 2977 uendioari
803 2943 834 2976 R
844 2943 984 2986 V(posse
998 2943 1075 2978 add.
1086 2943 1180 2977 Beck
1189 2942 1312 2983 temere)
1330 2940 1336 2985 Ι

258 2994 276 3026 5
300 2991 540 3034 perscriptione
561 2990 594 3024 V
612 2988 627 3034 ΙΙ
647 2988 834 3030 obicienda]
858 2988 1012 3022 obn-0·
1035 2988 1084 3022 V¹
1109 2987 1124 3033 ΙΙ
1150 2990 1168 3021 7
1190 2986 1278 3028 aliis]
1298 2986 1335 3018 in
