2580 3984
250 151 289 195 N
291 164 359 195 ov..
379 151 598 196 CXXXIV
627 154 652 194 9

249 259 353 306 ἀνδρὶ
383 261 609 307 γαμηθεῖσα,
646 260 779 302 ἐξέστω
811 258 944 306 ὁμοίως
973 261 1018 304 τῆ
1045 264 1188 308 γυναικὶ
1217 257 1241 305 ἢ
1272 257 1325 296 δι’

248 306 372 348 ἑαυτῆς
401 303 424 348 ἢ
448 302 497 340 δι’
523 297 577 339 ὧν
608 301 656 340 ἂν
679 305 876 350 βουληθείη
900 306 946 340 τὰ
970 295 1082 341 οἰκεῖα
1105 307 1322 351 προτιθέναι

248 350 368 385 δίκαια
397 350 490 384 κατὰ
522 350 589 385 τὸν
618 347 742 403 νρμον.
797 351 865 385 τὸν
897 349 936 385 δὲ
968 351 1067 396 παρὰ
1099 353 1216 386 ταῦτα
1245 351 1325 386 τολ-

1318 147 1402 196 684

1836 164 1899 197 ΠΤ
1925 165 2062 197 NULLI
2089 165 2280 197 I'UDICUM
2308 164 2474 198 LICEAT·

1397 262 1606 306 coniuncta,
1640 261 1745 298 liceat
1778 261 1936 299 similiter
1969 264 2107 299 mulieri
2141 266 2204 299 aut
2236 273 2302 309 per
2331 273 2371 300 se
2404 267 2470 300 aut

1416 317 1453 342 er
1477 317 1566 352 quos
1597 307 1748 342 voluerit
1770 308 1913 354 propria
1941 308 2021 345 iura
2047 319 2247 355 proponere
2271 309 2466 345 secundum

1409 362 1515 397 egem.
1562 351 1657 387 Eum
1686 362 1769 388 vero
1805 354 1865 398 qui
1900 357 2041 398 praeter
2073 355 2163 391 haec
2191 355 2472 400 praesumpserit

247 396 374 439 μῶντα
398 395 538 441 πρᾶξαί
549 408 586 429 τι
600 409 678 430 των
693 398 965 442 προειρημένων
988 393 1185 440 κελεύομεν,
1208 397 1240 431 εἰ
1260 399 1328 441 μὲν
1395 407 1499 441 agere
1522 396 1654 450 aliquid
1683 397 1947 451 praedictorum
1968 399 2146 442 iubemus,
2178 401 2209 435 si
2233 399 2373 445 quidem
2395 409 2470 434 ma-

246 441 382 484 μείζων
406 438 528 486 ἅρχων
556 440 623 494 εἴη,
654 440 685 475 κ’
710 445 852 495 χρυρίου
882 440 1029 486 λιτρῶν,
1059 442 1091 475 εἰ
1121 439 1162 475 δὲ
1189 437 1325 486 ἥττων,
1361 445 1381 477 5
1395 442 1487 477 iores
1511 441 1646 478 iudices
1669 445 1753 484 smt,
1777 442 1847 477 XX
1868 443 1948 478 auri
1970 443 2149 488 librarum,
2174 445 2205 480 si
2220 455 2302 481 vero
2318 444 2470 480 minores

248 484 269 518 ι’
294 488 439 531 χρυσίου
463 484 597 531 λιτρων
620 497 727 533 ποινῃ
761 486 998 530 υποκεῖσθαι,
1029 486 1111 521 τοὺς
1135 484 1175 520 δὲ
1198 484 1326 532 ὑπουρ-

247 531 399 576 γοῦντας
429 526 548 565 αὐτοῖς
580 531 639 566 ἐπὶ
670 536 742 566 τοῖς
773 534 1039 576 προειρημένοις
1068 535 1329 578 γυμνουμένους

247 575 309 617 τῆς
345 574 458 619 ζώνης
493 574 667 620 βασάνοις
699 574 976 620 ὑποβάλλεσθαι
1010 579 1069 611 καὶ
1104 577 1151 610 εἰς
1185 577 1328 623 ἐξορίαν

247 620 472 672 πᾷμπεσθαι.
519 622 550 655 εἰ
581 619 620 655 δὲ
650 617 672 663 ἡ
702 624 792 667 γυνὴ
822 621 914 666 μετὰ
939 620 1328 678 νόμιμονιὺπόμνησιν

1396 490 1488 529 sunt,
1512 487 1547 522 X
1570 487 1650 523 auri
1671 487 1841 523 librarum
1864 498 2002 533 poenae
2024 490 2218 534 subiacere,
2243 490 2470 526 oboedientes

1396 535 1516 567 autem
1540 532 1591 568 eis
1614 532 1651 568 in
1674 533 1864 578 praedictis
1889 533 2007 569 causis
2024 535 2195 580 spoliatos
2219 535 2360 580 cingulo
2385 545 2470 580 poe-

1396 578 1451 612 nis
1481 577 1596 613 subici
1630 581 1666 613 et
1694 578 1731 614 in
1762 578 1912 614 exilium.
1934 578 2114 615 destinari.
2162 580 2199 616 Si
2232 590 2314 617 vero
2345 580 2472 616 mulier

1396 625 1478 667 post
1501 622 1691 667 legitimam
1721 623 1995 659 admonitionem
2023 624 2177 660 noluerit
2198 625 2384 661 instituere
2406 626 2471 660 ali-

246 679 295 721 μη
332 664 528 720 βουληθείη
561 664 841 721 προβάλλεσθαί
872 680 956 701 τινα
990 680 1058 701 τον
1092 669 1183 713 νπὲρ
1220 670 1328 723 αυτῇς
1344 671 1382 704 10
1397 677 1518 720 quem,
1551 669 1611 713 qui
1639 678 1704 714 pro
1734 678 1778 705 ea
1804 669 2036 714 respondeat,
2067 671 2131 705 aut
2159 670 2297 716 litigans
2328 670 2472 706 addicta

247 722 420 756 αποκρινο
449 724 542 753 ενον,
567 725 588 754 η
606 714 665 745 καὶ
682 710 899 756 δικασαμένη
924 712 1140 758 κατακριθῇ,
1163 710 1254 756 μηδὲ
1269 709 1326 746 ου’-

247 766 318 789 τως
348 757 408 802 ἐγκ
432 757 575 790 είεσθαι
603 754 627 800 ἢ
650 754 901 812 φυλάττεσθαι
926 754 1050 800 αὐτήν,
1081 754 1170 791 ἀλλὰ
1196 757 1243 792 τὰ
1267 757 1326 792 νό-

1397 717 1461 755 sit,
1492 722 1559 749 nec
1582 713 1634 749 sic
1657 713 1791 749 includi
1817 718 1880 750 aut
1908 714 2080 750 custodiri
2103 724 2200 759 eam,
2232 715 2295 752 sed
2317 715 2472 761 legitima

1395 758 1433 794 in
1456 758 1737 804 competentibus
1762 759 1795 794 ei
1817 759 1925 795 rebus
1949 759 2152 805 procedere.

246 814 338 845 μιμα
369 803 429 835 ἐπὶ
461 804 533 836 τοῖς
557 803 789 847 προςήκουσιν
821 803 911 849 αυτῇ
944 802 1131 849 πράγμασι
1154 805 1326 848 προϊέναι.

247 848 263 882 ]
316 846 364 879 Εἰ
388 844 428 879 δὲ
451 845 607 893 ἔγκλημα
629 847 681 890 εἴη
702 846 744 882 τὸ
766 848 991 893 ἐπαγόμειόν
1014 849 1058 894 τῇ
1081 851 1239 894 γυναικί,
1264 844 1324 894 ἐφ’
1396 849 1419 885 1
1465 847 1502 883 Si
1525 857 1607 884 vero
1632 848 1763 884 crimen
1787 849 1833 885 sit
1864 849 1958 896 quod
1981 849 2133 885 infertur
2155 850 2310 894 mulieri,
2341 851 2377 886 in
2401 861 2471 895 quo

247 882 280 933 ᾧ
302 887 441 937 ἀνάγκη
465 894 566 926 ἐστὶν
592 888 705 936 αὐτὴν
730 892 979 938 φυλαχθῆναι,
1009 894 1041 927 εἰ
1063 894 1130 937 μὲν
1154 894 1326 947 ἐγγυητὴν
1342 897 1382 929 15
1395 894 1637 929 necessarium
1668 897 1723 929 est
1749 894 1863 939 ipsam
1893 895 2083 940 custodiri,
2114 895 2145 931 si
2168 895 2308 941 quidem
2330 895 2472 932 fideius-

247 937 436 980 προςώπου
462 934 635 981 δυνηθείη
660 941 868 985 παρασχεῖν,
894 935 994 980 αὐτῷ
1016 938 1210 985 πιστευθῃ,
1235 939 1265 972 εἰ
1289 937 1329 972 δὲ
1396 948 1512 974 sorem
1542 948 1715 983 personae
1748 942 1867 985 potest
1902 942 2098 985 praestare,
2133 940 2202 985 ipsi
2231 941 2406 984 credatur,
2442 941 2474 978 si

247 979 374 1025 ὀμόσει
389 980 438 1025 μὴ
457 979 644 1016 δύνασθαι
661 980 787 1017 δοῦναι
804 979 988 1029 ἐγγυητήν,
1006 983 1209 1028 ἐξωμοσίαν
1226 982 1328 1027 ποιή-
1395 993 1477 1018 vero
1501 983 1671 1019 iuraverit
1692 994 1766 1020 non
1787 995 1894 1030 posse
1917 996 1956 1021 se
1979 986 2064 1021 dare
2085 985 2345 1028 fideiussorem,
2375 986 2472 1022 iura·

247 1038 300 1060 σει
332 1029 413 1071 περὶ
443 1027 506 1071 τῆς
533 1028 581 1061 εἰς
609 1027 652 1061 τὸ
686 1025 918 1072 δικαστήριον
950 1027 1181 1074 προςεδρείας.
1229 1030 1259 1063 εἰ
1289 1028 1329 1064 δὲ
1396 1029 1524 1064 toriam
1554 1029 1755 1065 cautionem
1778 1030 1889 1066 faciat
1921 1031 1963 1067 de
1987 1031 2234 1067 observatione
2256 1030 2387 1067 iudicii.
2436 1031 2473 1068 Si

246 1070 454 1117 βαρύτατον
476 1069 644 1117 εὑρεθείη
672 1072 715 1107 τὸ
741 1073 896 1118 ὲγκλημα
920 1070 980 1119 ἐφ’
1008 1066 1040 1117 ᾧ
1069 1077 1327 1120 κατηγορεῖται,
1396 1083 1479 1110 vero
1503 1074 1748 1118 gravissimum
1777 1075 1976 1112 inveniatur
2008 1077 2138 1112 crimen
2166 1077 2205 1112 in
2232 1086 2302 1122 quo
2325 1086 2472 1112 accusa-

246 1117 293 1150 εἰς
315 1116 558 1162 μοναστὴριον
581 1114 604 1160 ἢ
627 1117 675 1152 εἰς
699 1116 916 1163 ἄσκητήριορ
941 1120 958 1151 ἐ
984 1118 1199 1162 βάλλεσθαι,
1226 1118 1250 1163 ἢ
1269 1133 1328 1167 γυ·
1341 1121 1382 1155 20
1395 1121 1466 1161 tur,
1495 1119 1532 1154 in
1556 1120 1811 1155 monasterium
1834 1124 1897 1156 aut
1919 1122 1956 1157 in
1980 1122 2190 1157 asceterium
2212 1123 2386 1163 mittatur,
2409 1125 2474 1158 aut

245 1161 342 1203 ναιξὶ
366 1160 641 1207 παραδίδοσθαι
665 1159 777 1206 αὐτὴν
794 1161 843 1197 δι’
870 1164 924 1197 ων
969 1164 1106 1199 υνατὸν
1130 1164 1329 1211 σωφρόνως
1395 1164 1602 1201 mulieribus
1627 1165 1800 1209 tradatur,
1824 1177 1888 1212 per
1904 1177 1991 1210 quas
2016 1170 2135 1212 potest
2157 1167 2288 1211 pudice
2311 1170 2347 1202 et
2364 1167 2473 1203 libere

246 1210 304 1240 καὶ
330 1205 543 1253 ἐλευθερίως
565 1204 679 1252 αὐτὴν
702 1207 945 1254 φυλαχθῆναι,
970 1211 1035 1243 ἕως
1057 1201 1101 1244 οὗ
1120 1211 1162 1244 τὸ
1180 1211 1329 1265 πρᾶγμα
1396 1210 1569 1245 custodiri
1592 1210 1705 1246 donec
1730 1220 1841 1247 causa
1864 1212 1938 1248 eius
1961 1212 2215 1254 manifestetur,
2245 1215 2331 1248 tunc
2355 1216 2473 1248 autem

248 1249 356 1295 αὖτῆς
380 1253 598 1300 φανερωθῇ·
623 1252 708 1288 τότε
727 1251 766 1288 δὲ
782 1255 898 1288 ἐκεῖνα
920 1259 1134 1300 προβαίνειν
1153 1253 1214 1291 ἐπ’
1238 1257 1327 1302 αυτῇ
1396 1255 1456 1290 illa
1476 1255 1671 1301 procedant
1690 1256 1726 1291 in
1747 1266 1790 1292 ea
1810 1267 1900 1302 quae
1922 1258 2057 1302 legibus
2079 1257 2225 1292 definita
2246 1260 2340 1293 sunt.
2383 1257 2472 1294 Nul-

246 1296 291 1331 τὰ
327 1300 401 1332 τοῖς
433 1297 557 1343 νόμοις
592 1296 821 1344 διωρισμένα.
870 1295 1040 1355 οὐδεμίαν
1072 1300 1142 1348 γὰρ
1176 1304 1327 1347 γυναῖκα
1395 1300 1464 1336 lam
1495 1301 1587 1336 enim
1618 1301 1800 1337 mulierem
1830 1312 1895 1347 pro
1924 1303 2131 1347 pecuniaria
2161 1302 2275 1338 fiscali
2305 1302 2377 1338 sive
2400 1304 2480 1348 pri·.

246 1341 336 1388 ὑπὲρ
358 1344 575 1388 χρηματικῆς
606 1344 721 1379 αἰτίας
744 1342 914 1388 δημοσίας
945 1359 966 1388 η
990 1343 1170 1388 ἰδιωτικῆς
1193 1343 1214 1389 ἢ
1238 1345 1328 1391 ὑπὲρ
1342 1349 1383 1381 25
1396 1349 1478 1381 vata
1502 1356 1612 1382 causa
1641 1351 1704 1382 aut
1734 1357 1799 1392 pro
1831 1348 2004 1383 criminali
2034 1348 2190 1393 quolibet
2217 1348 2320 1383 modo
2351 1352 2414 1384 aut
2436 1349 2473 1383 in

247 1387 462 1433 ἐγκλήματος
485 1386 699 1432 οἱουδήποτε
722 1388 746 1433 ἢ
769 1390 816 1424 εἰς
835 1391 997 1436 φρουοὰν
1019 1390 1222 1436 βάλλεσθαι
1246 1404 1326 1445 συγ·
1396 1401 1573 1427 carcerem
1604 1392 1696 1427 mitti
1722 1393 1947 1428 concedimus
1977 1398 2040 1429 aut
2063 1403 2086 1429 a
2108 1393 2191 1428 viris
2216 1393 2402 1438 custodiri,
2434 1397 2475 1429 ut

245 1434 431 1478 χωροῦμεν
453 1431 475 1489 ἢ
499 1430 550 1468 δι’
570 1431 717 1480 ἀνδρῶν
741 1422 1002 1481 φυλάττεσθαι,
1027 1437 1086 1470 ἵνα
1109 1437 1158 1480 μὴ
1175 1435 1234 1470 διὰ
1251 1450 1327 1471 των
1395 1447 1466 1472 nou
1490 1447 1553 1481 per
1577 1437 1780 1473 huiusmodi
1804 1439 2010 1474 occasiones
2038 1439 2264 1474 inveniantur
2294 1439 2390 1475 circa
2413 1448 2472 1474 ca-

246 1478 422 1513 τοιούτων
453 1481 629 1526 αφορμῶν
659 1478 841 1525 εὑρεθῶσι
872 1484 955 1527 περὶ
990 1481 1056 1526 τὴν
1087 1482 1327 1527 σωφροσύνην
1395 1481 1553 1517 stitatem
1576 1482 1773 1518 iniuriatae.

245 1524 269 1558 2
315 1521 558 1570 ὑβριζόμεναι.
619 1525 856 1571 Μονάστριαν
879 1529 1003 1570 μέντοι
1021 1526 1044 1570 ἢ
1060 1524 1256 1572 ἆσκήτριαν
1272 1523 1324 1561 δι’
1394 1528 1419 1563 2
1465 1527 1698 1563 Monastriam
1735 1528 1873 1573 quidem
1913 1531 1977 1564 aut
2010 1529 2197 1565 ascetriam
2237 1538 2302 1574 per
2340 1528 2473 1565 nullam

245 1565 416 1614 οὐδεμίαν
445 1570 633 1617 ἐναγωγὴν
664 1567 888 1628 ἆῗέλκεσθαι
912 1573 1164 1619 συγχωροῦμεν
1187 1574 1226 1607 ἐκ
1249 1573 1328 1608 τῶν
1340 1574 1382 1608 30
1395 1572 1571 1608 actionem
1606 1574 1698 1608 trahi
1729 1574 1954 1610 concedimus
1990 1573 2034 1610 de
2062 1574 2214 1620 propriis
2248 1575 2472 1611 monasteriis

246 1614 389 1649 οἰκείων
407 1619 662 1660 μοναστηρίων
685 1630 707 1660 η
732 1614 969 1664 ἇσκητηρίων.
1394 1623 1459 1653 aut
1481 1618 1674 1654 asceteriis.

381 1706 403 1749 ᾗ
422 1708 438 1740 1
465 1707 612 1740 clausula
634 1709 792 1750 (24—31)
818 1715 904 1743 extat
927 1708 1105 1743 Nomoc.‘¹”¹
1130 1709 1229 1742 XIV
1242 1711 1288 1743 tit.
1310 1711 1342 1750 9,
1358 1717 1382 1743 1.
1416 1728 1460 1734 —·
1491 1710 1625 1743 Summa
1648 1711 1723 1743 Am.
1748 1711 1769 1751 ᾖ
1794 1712 1808 1744 1
1835 1712 1989 1752 repetitur
2012 1711 2045 1744 in
2065 1711 2235 1753 paratinis
2258 1712 2332 1754 ᾼίΙι.
2355 1714 2395 1746 15
2413 1717 2429 1753 5
2444 1721 2472 1755 2,

447 1751 469 1795 ξ
483 1753 503 1785 2
527 1764 648 1786 summa
671 1755 746 1787 ib.1
768 1759 827 1792 §43
860 1755 1063 1787 surnmarium
1088 1753 1108 1796 ξ
1132 1755 1151 1787 2
1176 1755 1272 1787 habet
1295 1755 1427 1788 Nomoc.
1445 1755 1541 1788 XIV
1556 1756 1602 1787 tit·
1620 1756 1677 1794 9‚1
1699 1767 1735 1797 p.
1755 1756 1816 1788 541
1839 1755 1945 1788 Piera.

245 1906 409 1942 similiter
432 1907 573 1942 mulieri
603 1907 659 1943 vel
680 1918 748 1954 per
769 1919 808 1944 se
830 1907 886 1944 vel
905 1918 973 1955 per
997 1919 1239 1955 quoscumque
1263 1908 1415 1945 voluerit
1438 1909 1520 1944 iura
1542 1919 1610 1943 sua
1640 1907 1831 1944 secundum
1856 1909 1969 1955 leqem
1993 1919 2206 1961 proponere
2237 1910 2354 1946 liceat.
2402 1909 2472 1953 Qui

246 1962 331 1988 vero
363 1956 490 1987 contra
521 1951 609 1988 llaec
632 1954 826 1999 quicquam
857 1964 907 1989 ex
935 1953 1136 2000 praedictis
1159 1954 1266 1989 rebus
1287 1954 1415 2000 facere
1446 1953 1596 1996 audeat,
1625 1952 1785 1989 iubemus
1815 1965 1911 1996 eum,
1941 1954 1974 1989 si
2003 1965 2120 1990 maior
2148 1955 2197 1989 sit
2225 1956 2471 2001 maqistratus,

245 1997 372 2042 viqinti
395 1996 570 2033 librarum
593 1998 686 2040 auri,
710 1998 766 2033 sin
789 1998 918 2040 minor,
944 1998 1063 2034 decem
1087 1998 1259 2034 librarum
1284 1998 1367 2034 auri
1382 2009 1526 2044 poenae
1549 1997 1733 2033 subiacere
1741 2010 1758 2049 ,ζ
1790 2000 1852 2050 qui
1876 2009 1959 2034 vero
1986 2009 2134 2045 operam
2155 2004 2346 2045 praestant
2368 2001 2413 2035 iis
2435 2002 2473 2035 in

238 2041 444 2088 praedictis
460 2041 578 2084 rebus,
602 2053 664 2078 eos
680 2043 824 2089 cinqulo
847 2046 980 2079 exutos
1005 2044 1190 2078 tormentis
1212 2043 1328 2078 subici
1350 2048 1460 2088 atque
1483 2042 1520 2076 in
1536 2042 1686 2078 exilium
1709 2046 1813 2079 mitti.
1860 2042 1997 2086 Quodsi
2020 2044 2148 2079 mulier
2164 2049 2255 2090 post
2278 2045 2473 2091 leqitimam

245 2086 450 2123 citationem
473 2087 631 2123 noluerit
654 2088 839 2123 instituere
862 2087 1017 2133 aliquem
1049 2088 1112 2133 qui
1131 2099 1203 2134 pro
1228 2088 1310 2134 ipsa
1333 2086 1570 2133 respondeat,
1603 2087 1659 2124 vel
1681 2088 1787 2122 etiam
1810 2087 1906 2124 litem
1933 2092 2126 2135 persecuta
2156 2089 2391 2125 condemnata
2413 2092 2473 2134 sit,

245 2143 290 2167 ne
311 2132 364 2167 sic
388 2131 530 2178 quidem
554 2131 762 2168 includatur
782 2136 845 2168 aut
869 2133 1106 2175 custodiatur,
1129 2133 1194 2168 sed
1217 2144 1310 2179 quae
1335 2132 1493 2178 leqitima
1516 2135 1601 2168 sunt
1623 2132 1662 2166 in
1677 2132 1783 2168 rebus
1807 2132 1856 2168 ad
1878 2144 1955 2168 eam
1972 2134 2238 2180 pertinentibus
2259 2134 2471 2181 procedant.

244 2180 267 2213 1
313 2175 355 2212 Si
370 2187 454 2213 vero
479 2177 612 2212 crimen
635 2178 684 2214 sit
707 2177 806 2224 quod
828 2178 865 2213 in
885 2177 1068 2213 mulierem
1090 2189 1158 2213 con
1180 2183 1317 2220 eratur,
1340 2182 1495 2224 propter
1519 2176 1618 2223 quod
1640 2188 1718 2213 eam
1741 2177 1916 2213 custodiri
1935 2189 2076 2214 necesse
2094 2179 2152 2221 sit,
2175 2179 2206 2214 si
2223 2179 2364 2224 quidem
2384 2180 2472 2226 fide-

244 2223 418 2258 iussorem
435 2233 509 2269 pro
522 2233 684 2270 persona
707 2234 775 2258 sua
799 2222 888 2259 dare
905 2223 1038 2276 possit,
1062 2224 1096 2259 ei
1114 2224 1143 2268 fi
1170 2234 1207 2259 es
1231 2223 1419 2265 habeatur,
1443 2223 1477 2258 si
1491 2226 1611 2259 autem
1634 2223 1809 2259 iuraverit
1830 2234 1869 2259 se
1884 2223 2132 2268 fideiussorem
2153 2223 2241 2260 dare
2264 2235 2337 2260 non
2350 2236 2473 2272 posse,

244 2268 460 2303 iuratoriam
478 2268 680 2305 cautionem
700 2274 862 2315 praestet
876 2279 915 2304 se
931 2279 967 2303 m
984 2269 1117 2304 iudicio
1132 2273 1285 2315 praesto
1300 2269 1395 2313 fore.
1442 2267 1576 2311 Quodsi
1595 2267 1846 2313 pravissimum
1863 2280 1939 2305 esse
1954 2269 2158 2305 inveniatur
2173 2269 2306 2305 crimen
2315 2275 2474 2318 propter

270 2312 344 2348 uod
374 2318 573 2356 accusetur,
605 2314 643 2349 in
665 2313 921 2349 monasterium
953 2314 1008 2350 vel
1030 2315 1067 2349 in
1090 2315 1300 2350 asceterium
1324 2313 1538 2356 coniciatur,
1570 2317 1634 2348 aut
1663 2313 1871 2350 mulieribus
1902 2313 2068 2350 tradatur
2091 2325 2164 2360 per
2195 2325 2287 2360 quas
2318 2322 2415 2351 caste
2438 2319 2475 2352 et

245 2324 441 2394 iiber-aliter
464 2358 640 2394 custodiri
659 2359 793 2406 possit,
826 2359 939 2394 donec
962 2369 1074 2394 causa
1096 2360 1173 2395 eius
1189 2358 1388 2406 probetur;
1423 2363 1507 2394 tunc
1529 2369 1613 2394 vero
1641 2357 1706 2394 illa
1730 2363 1857 2394 contra
1887 2370 1966 2395 eam
1987 2359 2188 2406 procedant
2219 2371 2312 2406 quae
2335 2360 2474 2407 leqibus

244 2403 393 2448 definita
407 2409 502 2439 sunt.
549 2403 676 2450 Neque
690 2405 783 2439 enim
805 2404 914 2440 ullam
931 2405 1113 2441 mulierem
1130 2410 1289 2452 propter
1312 2414 1457 2440 causam
1479 2403 1729 2450 pecuniariam
1750 2403 1933 2451 publicam
1957 2405 2013 2441 vel
2027 2404 2211 2451 privatam
2235 2408 2300 2439 aut
2316 2410 2474 2453 propter

244 2449 378 2484 eiimen
403 2448 514 2484 ullum
537 2454 602 2486 aut
621 2450 659 2484 in
675 2459 856 2485 carcerem
880 2449 975 2485 mitti
996 2454 1073 2502 aut·
1077 2461 1148 2496 per
1163 2451 1261 2487 viros
1284 2450 1459 2485 custodiri
1478 2449 1728 2496 permittimus,
1753 2460 1797 2485 ne
1815 2460 1886 2502 per
1909 2449 2113 2485 huiusmodi
2136 2450 2342 2486 occasiones
2365 2452 2471 2487 casti-

243 2495 267 2530 2
315 2494 383 2529 tati
403 2504 528 2529 earum
551 2495 720 2530 iniuriam
753 2494 887 2540 inferri
910 2499 1166 2541 comperiatur.

251 2637 304 2644 ..-

311 2700 327 2732 1
353 2696 560 2743 γαμηθεῖσα
592 2694 699 2743 ἀνδρὶ
724 2697 775 2731 ΒΓ
800 2698 812 2741 ΙΙ
840 2699 860 2731 2
885 2693 994 2740 αὐτῆς
1019 2699 1047 2730 L
1072 2698 1084 2741 ΙΙ
1115 2700 1136 2732 3
1165 2697 1233 2732 τὸν
1264 2710 1323 2731 om.

244 2744 277 2777 L
299 2743 311 2787 ΙΙ
336 2745 359 2778 4
381 2743 578 2788 εἰρημένων
604 2744 671 2776 LB
696 2742 708 2782 ΙΙ
738 2744 758 2776 5
780 2745 917 2787 μείζων
941 2742 1064 2788 ἅρχων
1087 2742 1152 2786 εἴη]
1184 2743 1324 2776 maiores

244 2789 370 2822 iudices
393 2788 460 2821 sint
484 2801 503 2824 ς
531 2788 544 2832 ΙΙ
574 2785 694 2833 λίτρας
717 2789 748 2821 L
776 2788 788 2832 ΙΙ
818 2784 951 2830 ἥττων]
990 2788 1133 2822 minores
1156 2791 1236 2822 sunt
1259 2800 1278 2825 ς
1313 2787 1325 2832 ΙΙ

246 2836 266 2868 6
284 2832 414 2875 ποινὴν
430 2834 482 2866 B⁶
496 2833 509 2874 ΙΙ
529 2836 547 2867 7
566 2834 625 2867 ἐπὶ
641 2834 713 2867 τοῖς
729 2836 996 2878 προειρημένοις
1009 2836 1063 2877 (cf.
1077 2836 1111 2876 4)
1126 2835 1323 2878 Homberqlc]

246 2880 307 2913 ἐπὶ
329 2880 407 2912 ταῖς
430 2881 701 2924 προειρημέναις
723 2875 846 2922 ἀρχαῖς
863 2880 984 2920 MLB,
1008 2892 1047 2912 ex
1071 2891 1091 2915 ς
1114 2879 1243 2913 αἰτίαις
1262 2891 1324 2922 pro

245 2921 366 2969 ἀρχαῖς
390 2937 471 2958 corr.
496 2925 714 2958 Leunclavius
738 2924 862 2958 Notati.
879 2924 925 2958 II
943 2925 1020 2967 272,
1043 2927 1141 2958 verba
1164 2933 1325 2968 tamquam

244 2971 404 3014 ylossema
414 2982 446 3004 v.
462 2965 580 3003 αὐτοῖς
592 2968 729 3004 delenda
742 2971 864 3003 iudicat
876 2970 1063 3004 Zachariae
1080 2969 1092 3013 ΙΙ
1110 2971 1130 3004 8
1143 2969 1325 3013 βασάνοις]

245 3014 361 3058 poenis
378 3026 397 3050 ς
414 3014 427 3053 ΙΙ
444 3016 464 3049 9
482 3014 524 3056 εἰ]
549 3010 570 3056 ἡ
589 3016 635 3048 Μ
646 3014 658 3058 ΙΙ
677 3016 716 3049 10
733 3012 988 3059 προβαλέσθαι
1004 3015 1089 3048 LB⁶
1107 3015 1120 3056 ll
1139 3017 1177 3050 11
1195 3013 1326 3061 ἀγωνι-

247 3059 401 3103 ζόμενον
425 3060 476 3093 B⁶
499 3059 510 3104 ΙΙ
543 3062 584 3095 13
609 3061 670 3095 ἐπὶ
692 3060 756 3093 τοῦ
782 3058 1024 3104 προσήκοντος
1049 3056 1141 3106 αὐτῇ
1164 3061 1328 3115 πράζμα-

245 3116 304 3139 τος
329 3104 381 3138 ΒΓ
402 3103 414 3150 ΙΙ
438 3101 557 3139 αὐτοῖς
579 3106 611 3139 L
634 3105 647 3148 ΙΙ
675 3107 716 3139 15
741 3103 972 3150 φυλαχθῆναι
997 3101 1111 3148 αὐτὴν
1131 3106 1182 3147 L,
1214 3103 1328 3148 αυτὴν

248 3164 306 3183 om.
321 3150 372 3184 Bt
386 3149 399 3194 ΙΙ
426 3152 466 3185 16
489 3150 703 3194 πιστευθείη
727 3151 795 3189 B⁶;
830 3153 889 3194 leq.
915 3150 1186 3193 πιστευθῆναιῗ
1202 3151 1214 3196 ΙΙ
1241 3153 1284 3186 20
1303 3145 1328 3193 ἢ

248 3193 463 3241 ἀσκητήριον
487 3197 519 3229 L
543 3198 598 3240 (cf.
625 3193 671 3230 ad
693 3196 735 3238 ς),
769 3208 826 3239 om,
848 3196 884 3229 B
908 3196 920 3239 ΙΙ
946 3197 986 3230 23
1014 3191 1122 3238 αὐτῆς
1146 3209 1203 3229 om.
1224 3197 1293 3230 LB
1314 3196 1327 3239 ΙΙ
1359 3211 1361 3239 3

1359 3242 1361 3249 ⁸
1393 3239 1528 3282 publice
1552 3241 1629 3273 libri
1655 3239 1667 3282 ῙΙ

249 3238 291 3283 δὴ
317 3242 367 3274 La
396 3242 408 3284 ΙΙ
427 3236 544 3284 ,αὐτῆς
568 3241 619 3274 Br
634 3241 646 3284 ΙΙ
673 3242 715 3275 25
740 3237 832 3286 ὑπὲρ
855 3239 1071 3287 ἐγκλήματος
1103 3238 1326 3284 οἶουδήποτε]

247 3296 307 3327 pro
332 3286 499 3319 criminali
531 3286 682 3329 quolibet
711 3286 807 3319 modo
832 3297 851 3323 ς
880 3286 894 3331 ΙΙ
920 3288 960 3321 31
987 3283 1093 3320 ἰδίων
1115 3286 1294 3321 Nomoc.‘¹⁷”
1314 3286 1327 3327 ss

250 3326 451 3376 ἀσκητριῶν
469 3333 518 3364 La

298 3512 314 3544 1
339 3512 398 3542 aut
413 3521 471 3552 per
487 3513 532 3550 se]
558 3521 654 3552 agere
670 3523 690 3542 υ
705 3510 718 3554 ΙΙ
738 3512 758 3544 2
782 3510 871 3552 quod
894 3522 914 3543 υ
931 3509 943 3554 ΙΙ
960 3510 1151 3552 secundum]
1176 3512 1225 3543 set
1244 3510 1296 3544 Β*
1313 3508 1326 3556 ss

252 3555 271 3586 3
297 3565 436 3596 eumque
461 3556 493 3587 T
517 3555 529 3598 11
558 3566 635 3588 vero
659 3568 718 3588 om.
742 3556 776 3589 V
792 3555 804 3599 ΙΙ
834 3565 948 3599 preces
974 3558 990 3588 b
1015 3556 1028 3599 ΙΙ
1055 3557 1076 3589 4
1099 3555 1239 3598 aliquid]
1263 3555 1325 3588 ali-

254 3599 333 3638 quid
356 3599 460 3640 aliqui
487 3600 540 3632 T⁰
569 3599 581 3642 ΙΙ
609 3599 744 3632 maioris
770 3603 787 3633 b
814 3600 828 3643 ΙΙ
858 3602 877 3633 5
902 3600 1063 3633 librarum
1087 3602 1184 3644 vul9.]
1223 3600 1325 3634 libras

256 3642 330 3674 libri
344 3642 357 3685 ss
374 3644 402 3675 si
417 3646 505 3684 vero]
530 3644 600 3676 siue
617 3645 649 3676 R
664 3645 676 3687 ΙΙ
695 3646 715 3677 6
739 3644 807 3677 sint
822 3645 907 3688 vulq.
928 3645 938 3687 ΙΙ
956 3645 1001 3686 Χ]
1026 3645 1246 3678 deoennarum
1266 3647 1297 3679 R
1310 3646 1322 3688 [Ι

253 3684 413 3719 librarum
437 3688 510 3720 auri
534 3688 567 3719 R
590 3689 694 3731 only„
729 3689 804 3720 auri
828 3701 886 3722 om.
913 3690 945 3722 T
959 3690 971 3732 ΙΙ
993 3700 1077 3732 pene
1102 3691 1145 3730 R]
1180 3701 1266 3733 pena
1296 3689 1332 3725 V

252 3740 371 3773 penam
395 3731 457 3764 Tv
489 3741 612 3772 poenas
635 3734 652 3764 b
679 3733 691 3774 11
716 3734 734 3765 7
759 3732 916 3775 spoliatos
941 3734 1101 3778 T¹vul9.]
1125 3734 1266 3777 spoliato
1291 3735 1323 3768 R

1270 2494 1488 2531 Monachum
1511 2505 1595 2530 vero
1627 2493 1684 2531 vel
1703 2495 2011 2531 sanctimonialem
2039 2506 2109 2542 per
2130 2494 2268 2531 nullam
2298 2497 2474 2534 actionem

244 2550 264 2574 e
286 2539 515 2575 monasteriis
536 2541 613 2576 suis
636 2540 693 2577 vel
715 2539 899 2576 asceteriis
922 2540 1085 2576 abstrahi
1107 2539 1343 2576 concedimus.

1391 2696 1525 2740 spoliati
1556 2696 1591 2731 V
1622 2696 1772 2740 spoliatis
1797 2695 1850 2730 Τ2
1867 2698 1885 2730 b
1903 2709 1925 2730 v
1953 2696 1967 2742 ΙΙ
1993 2697 2138 2740 cingulis
2162 2711 2182 2731 υ
2209 2697 2222 2742 ΙΙ
2253 2700 2272 2733 8
2297 2697 2404 2733 subici
2427 2701 2472 2742 et]

1391 2742 1530 2775 subitiet
1550 2742 1612 2776 VT
1631 2741 1822 2775 subiaceant
1844 2743 1877 2774 et
1898 2744 1915 2775 b
1938 2742 1950 2785 ΙΙ
1976 2743 2076 2776 exilio
2101 2746 2118 2776 b
2131 2756 2151 2776 v
2168 2743 2180 2787 ΙΙ
2206 2746 2226 2778 9
2250 2744 2397 2778 noluerit
2420 2745 2472 2778 in-

1391 2788 1541 2830 stituere]
1558 2786 1743 2820 instituerit
1759 2786 1809 2819 R¹
1832 2797 1900 2819 non
1916 2788 2101 2821 instituerit
2113 2788 2163 2821 Β2
2181 2788 2193 2832 ΙΙ
2208 2788 2320 2830 alique
2335 2790 2385 2822 R¹
2409 2790 2471 2823 ali-

1392 2833 1472 2874 quid
1495 2845 1516 2866 υ
1539 2833 1545 2876 l
1566 2835 1605 2866 10
1623 2843 1692 2866 eam
1713 2834 1730 2865 b
1746 2832 1758 2875 ΙΙ
1776 2831 1919 2873 addicta]
1945 2834 2003 2865 aut
2019 2833 2107 2866 dicta
2122 2846 2142 2866 ν
2165 2834 2257 2866 uicta
2275 2834 2308 2866 R
2325 2834 2338 2878 ΙΙ
2358 2836 2395 2868 11
2414 2835 2471 2878 sit]

1392 2878 1463 2911 siue
1489 2881 1506 2911 b
1525 2876 1531 2922 Ι
1553 2877 1696 2910 includit
1721 2879 1739 2910 b
1757 2877 1769 2921 Η
1787 2878 1952 2911 custodire
1969 2879 2028 2911 Tb
2044 2877 2056 2923 ΙΙ
2075 2878 2256 2920 legitimam
2279 2881 2296 2912 b
2320 2878 2471 2922 legitima

1391 2924 1466 2956 iura
1490 2923 1620 2966 Rvulq.
1637 2923 1648 2966 ΙΙ
1669 2923 1710 2956 12
1735 2923 1782 2955 eis
1796 2922 1846 2974 ²³.u
1866 2924 1907 2956 14
1929 2923 2079 2956 mulieris
2102 2936 2123 2956 υ
2137 2922 2151 2968 ΙΙ
2169 2924 2256 2966 quod
2281 2926 2298 2956 b
2314 2923 2326 2967 ΙΙ
2348 2927 2389 2959 15
2413 2936 2470 2958 ne-

1358 2975 1359 2979 ’
1393 2969 1532 3001 cessario
1550 2971 1598 3001 est
1612 2968 1716 3011 ipsam
1739 2970 1756 3001 b
1768 2980 1789 3000 v
1812 2978 1919 3011 ipsam
1935 2969 2154 3002 necessarium
2171 2971 2220 3002 est
2239 2969 2271 3002 T
2283 2969 2296 3013 ΙΙ
2319 2969 2391 3012 ipsa
2410 2971 2444 3004 V
2459 2970 2472 3016 ΙΙ

1392 3013 1422 3046 si
1445 3014 1552 3056 quode
1575 3013 1777 3046 fideiussoris
1800 3024 1972 3056 personam
1995 3026 2017 3046 v
2031 3013 2043 3059 ΙΙ
2072 3015 2114 3048 16
2133 3017 2300 3057 praestare
2314 3017 2423 3058 potest
2437 3016 2472 3049 R

1393 3060 1480 3102 vulq.
1499 3059 1511 3103 ΙΙ
1528 3059 1599 3102 ipsa
1619 3057 1674 3099 Vll
1693 3058 1832 3091 dedatur
1848 3059 1898 3091 R¹
1912 3058 1925 3103 ΙΙ
1946 3061 1986 3093 17
1998 3069 2033 3092 se
2048 3070 2117 3092 non
2132 3070 2225 3102 posse
2242 3061 2280 3101 T,
2297 3070 2330 3092 se
2346 3059 2471 3106 omRss

1391 3103 1553 3138 iuratoria
1577 3103 1730 3137 cautione
1753 3116 1774 3136 υ
1791 3103 1803 3147 ΙΙ
1824 3105 1864 3138 19
1880 3105 1916 3136 in
1933 3106 2010 3146 quo]
2035 3104 2085 3137 hii
2105 3105 2193 3146 quod
2217 3107 2234 3137 b
2252 3104 2265 3148 ss
2290 3105 2331 3139 20
2357 3116 2469 3138 mona—

1393 3151 1494 3182 sterio
1513 3152 1529 3182 b
1542 3162 1562 3181 υ
1581 3148 1594 3192 11
1609 3150 1645 3181 in
1663 3162 1720 3182 om.
1731 3149 1800 3182 ΒΤ
1814 3149 1826 3191 ll
1841 3149 2031 3182 asciterium
2046 3152 2064 3183 b
2088 3149 2273 3182 asisterium
2289 3150 2324 3183 V
2339 3150 2469 3183 assiste-

1394 3194 1481 3226 rium
1497 3195 1526 3227 R
1544 3193 1710 3227 sisterium
1725 3194 1758 3227 T
1775 3194 1960 3236 ascytherio
1972 3207 1992 3227 v
2009 3195 2021 3237 ss
2038 3194 2176 3227 mitatur
2189 3195 2222 3227 T
2235 3194 2247 3238 ΙΙ
2264 3196 2303 3228 21
2318 3195 2469 3238 *pudiceJ

1695 3239 1737 3273 22
1761 3241 1882 3280 autem]
1916 3252 1955 3270 u
1979 3239 2031 3273 Ει
2058 3239 2070 3283 ΙΙ
2099 3241 2140 3274 23
2165 3240 2344 3283 procedant
2366 3240 2427 3273 illa
2451 3243 2470 3275 b

1392 3285 1548 3326 procedat
1571 3283 1631 3317 illa
1653 3296 1674 3316 v
1698 3284 1711 3328 ΙΙ
1736 3294 1806 3317 eam
1822 3284 1927 3318 RVT
1947 3285 1959 3326 ΙΙ
1973 3284 2068 3317 nulla
2092 3284 2170 3328 bv]
2197 3286 2240 3318 24
2262 3284 2401 3318 muliere
2415 3297 2436 3318 v

1392 3329 1617 3372 pecuniariam
1641 3331 1693 3362 bv
1726 3329 1868 3373 pecunia
1892 3329 1992 3374 RVss
2006 3329 2126 3363 fiscalis
2147 3330 2180 3364 V
2204 3329 2366 3363 fiscalium
2384 3330 2434 3363 T¹

1392 3376 1558 3417 priuatum
1582 3384 1714 3407 causam
1736 3387 1757 3407 v
1786 3375 1798 3417 ΙΙ
1827 3376 1869 3409 25
1899 3385 1960 3417 pro
1991 3387 2049 3408 om.
2076 3378 2127 3408 bv
2152 3374 2164 3418 11
2194 3374 2381 3408 criminalia
2401 3386 2423 3406 v
2455 3377 2460 3415 Ι

1393 3421 1435 3453 26
1460 3430 1589 3453 carcere
1614 3420 1683 3453 VT
1692 3419 1737 3463 bfl
1762 3420 1925 3453 credimus
1947 3423 1994 3453 bv
2019 3420 2031 3464 ΙΙ
2056 3422 2125 3461 aut]
2149 3422 2209 3453 aut
2231 3420 2259 3453 si
2285 3422 2301 3452 b
2326 3419 2340 3463 ΙΙ
2362 3428 2383 3450 a
2407 3430 2464 3451 om.

1392 3464 1427 3496 R
1450 3465 1461 3508 ΙΙ
1490 3465 1574 3498 iuris
1602 3463 1652 3498 R¹
1680 3464 1694 3508 ΙΙ
1721 3465 1865 3498 custodit
1897 3467 1914 3498 b
1940 3464 1954 3508 ss
1984 3467 2033 3506 ut]
2068 3467 2126 3498 aut
2158 3465 2217 3505 13¹,
2253 3476 2310 3497 om.
2336 3465 2353 3496 b
2380 3461 2393 3505 ΙΙ
2423 3464 2464 3496 27

1391 3519 1451 3551 per
1475 3520 1541 3542 non
1566 3510 1615 3543 R¹
1637 3509 1649 3554 ΙΙ
1672 3509 1876 3543 occasionem
1898 3522 1919 3542 v
1939 3509 1951 3553 ΙΙ
1966 3509 2160 3542 inueniatur
2183 3508 2230 3552 ὸΙΙ
2254 3508 2296 3541 28
2321 3506 2465 3540 iniuriae

1393 3557 1410 3587 b
1423 3567 1444 3587 υ
1472 3554 1484 3593 ΙΙ
1513 3556 1554 3589 29
1579 3555 1810 3588 monasteriam
1835 3555 1886 3589 Va
1899 3557 1916 3588 b
1951 3555 2148 3588 monasteria
2169 3553 2219 3586 ΕΙ
2234 3549 2318 3603 V⁶v
2351 3562 2464 3604 mona-

1390 3600 1505 3632 sterias
1533 3600 1578 3632 R³
1597 3604 1609 3645 ss
1630 3601 1797 3634 ascitriam
1821 3603 1839 3633 b
1860 3600 2058 3643 ,asoytheria
2076 3612 2102 3632 vv
2134 3597 2297 3630 anismam
2323 3597 2354 3629 Τ
2385 3607 2464 3629 assi-

1390 3645 1489 3677 steria
1513 3645 1561 3678 R¹
1596 3645 1781 3680 assisterias
1803 3644 1854 3678 13³
1886 3643 2087 3677 ascisteriam
2106 3643 2160 3676 Va
2194 3641 2362 3674 ascisteria
2383 3640 2433 3674 Vb
2451 3642 2464 3685 ss

1391 3691 1431 3724 31
1458 3690 1619 3723 asciteriis
1641 3693 1659 3724 b
1689 3689 1859 3734 ascyteriis
1881 3701 1903 3721 v
1934 3681 2092 3723 asisteriis
2108 3687 2141 3722 T
2165 3685 2339 3722 assisteriis
2357 3686 2388 3719 R
2411 3696 2463 3723 as*

1389 3734 1545 3768 scisteriis
1566 3736 1601 3769 V
1631 3755 1633 3757 ·
2461 3746 2464 3751 ¹
