2618 4010
179 150 539 183 APPELLATIONES
568 150 631 181 nx
662 151 692 182 v
723 149 976 183 Pnovmcns
1242 131 1324 181 293
2227 132 2335 178 Nov.
2368 132 2402 177 L

229 241 346 298 <1Επί
353 250 399 286 λο
407 250 508 298 yos.)
553 249 602 284 Τὰ
618 253 741 285 τοίνυν
761 247 1000 296 παραστάντα
1014 246 1100 294 ἡμῖν
1118 251 1177 283 καὶ
1193 246 1254 282 διὰ
1375 244 1646 293 (Epilogus.)
1691 245 1790 288 Quae
1813 246 1919 291 igitur
1942 246 2018 282 visa
2042 249 2125 282 sunt
2148 246 2252 282 nobis
2276 249 2312 281 et
2335 255 2400 290 per

177 294 282 332 τοῦδε
300 298 363 332 τοῦ
383 296 486 331 θείου
506 293 705 340 δηλούμενα
726 293 836 339 νόμου
859 293 880 338 ἡ
901 293 945 338 σὴ
964 292 1117 341 ὑπεροχὴ
1137 291 1252 329 ἅπασι
1319 293 1413 328 118118
1448 301 1588 328 sacram
1623 290 1803 327 declarata
1836 296 1919 327 sunt
1954 292 2084 337 legem,
2128 296 2191 327 tua
2228 290 2399 327 celsitudo

177 341 365 386 ποιησάτω
388 339 527 388 φανερὰ
550 339 700 375 ἰδίκτων
729 338 819 386 παρ’
849 337 954 384 αὐτῆς
977 341 1250 384 καταπεμπομέ-
1321 339 1484 376 omnibus
1516 336 1626 373 faciat
1659 336 1850 372 manifesta
1885 337 2010 373 edictis
2046 347 2069 373 a
2100 347 2138 373 se
2169 336 2323 380 directis,
2359 338 2400 371 ut

177 401 265 430 νων,
300 382 386 422 a‘5m
408 383 547 421 πάντας
568 384 760 433 γινώσκειν
791 384 836 420 τὰ
859 382 951 432 παρ’
979 382 1082 430 ἡμῶν
1105 397 1251 430 νενομο-
1322 394 1444 421 omnes
1467 383 1664 429 agnoscant
1688 391 1779 426 quae
1802 382 1904 418 nobis
1928 386 2012 419 sunt
2035 383 2178 428 placita.

176 433 372 477 θετημίνα.
440 431 524 467 Dat.
548 442 611 468 xv.
636 431 673 467 k.
699 431 795 476 Sept.
822 431 889 466 ΟΡ.
922 432 1007 476 post
1035 441 1134 467 cons.
1159 430 1252 466 Beli·
1278 434 1297 465 5
1377 429 1459 465 Dat.
1485 440 1523 465 x.
1555 427 1628 464 kal.
1653 426 1878 472 Septembres
1909 427 1980 463 ΟΡ.
2015 439 2049 473 p.
2076 439 2107 464 8.
2133 427 2285 464 Belisari
2308 438 2340 463 v.
2366 437 2397 462 8.

176 477 260 514 sarii
285 488 318 513 v.·
339 487 369 512 8.
395 487 488 513 811110
512 476 560 513 Π.
1033 516 1040 524 ,
1207 479 1252 519 [a.
1266 478 1343 518 537]
1391 485 1485 511 anno
1509 472 1676 512 secundo.

697 626 726 659 N
1839 619 1871 655 L
2156 620 2264 655 Auth.
2280 619 2399 654 XLIX

498 693 556 744 H
594 691 931 745 ΔΙΑΤΑΞΙΣ
1314 692 1367 741 R
1386 688 1945 741 APPELLATIONES
1971 689 2065 738 EX
2090 689 2397 749 QUINQUE

230 760 505 814 TATTEI
550 761 691 815 ΤΑΣ
736 756 1195 812 ΕΚΚΛΗΤΟῩΣ
1319 758 1706 809 PROVINCIIS
1761 757 1968 808 GARIA
2030 758 2121 805 ΕΤ
2181 756 2398 806 OYPRO

174 826 332 880 ΑΠΟ
376 826 525 880 ΤΩΝ
567 827 819 880 ΠΕΝΤΕ
858 823 1249 879 ΕΠΑΡΧΙῼΝ
1267 839 1305 872 10
1320 826 1745 877 OYCLADIBUS
1770 824 2040 876 INSULIS
2066 826 2158 874 ET
2188 824 2398 873 MYSIA

173 894 459 948 ΚΑΡΙΑΣ
521 895 661 947 ΚΑΙ
723 894 1051 949 KYHPOY
1108 892 1249 946 ΚΑΙ
1320 896 1411 943 ΕΤ
1439 893 1735 944 SCYTHIA
1769 893 1956 944 APUD
1989 893 2182 953 QUEM
2206 891 2400 941 OPOR-

267 962 417 1017 ΤΩΝ
453 961 863 1016 ΚΥΚΛΑΔῼΝ
902 959 1160 1016 ΝΗΣῼΝ
1549 963 1734 1011 TEAT
1770 961 2168 1011 EXAMINARI.

173 1029 312 1084 ΚΑΙ
370 1031 647 1084 Μ’ῩΣΙΑΣ
710 1028 851 1081 ΚΑΙ
909 1028 1251 1088 ΣΚῩΘΙΑΣ,

258 1098 469 1152 ΠΑΡΑ
514 1096 675 1152 ΤΙΝΙ
722 1098 838 1152 ΔΕΙ
882 1097 1173 1151 ΤΑΥΤΑΣ

456 1163 968 1217 ΕΞΕΤΑΖΕΣΘΑΙ.
1268 1189 1308 1222 15

195 1230 233 1268 ‘0
250 1230 356 1269 αὐτὸς
375 1231 539 1278 βασιλεὺς
558 1230 666 1275 Βόνῳ
690 1233 744 1275 τῷ
770 1229 996 1275 ἐνδοξοτάτῳ
1019 1235 1230 1279 κοιαίστωρι
1365 1231 1454 1276 Imp.
1477 1230 1695 1266 Iustinianus
1716 1231 1808 1274 Aug.
1827 1231 1928 1266 Bono
1952 1231 2133 1276 quaestori
2154 1231 2353 1268 Iustiniano

479 1276 725 1320 Ἰουστινιανῷ
749 1278 932 1312 exercitov.
1769 1277 1959 1311 exercitus.

224 1333 341 1376 Ἴσμεν
372 1331 501 1378 πρώην
532 1334 644 1367 θείαν
673 1336 911 1378 πεποιημένοι
941 1332 1117 1375 διάταξιν,
1153 1330 1247 1367 καθ’
1373 1333 1512 1368 Scimus
1549 1332 1686 1378 pridem
1722 1342 1861 1367 sacram
1895 1333 2068 1368 facientes
2100 1333 2398 1376 constitutionem,

172 1377 217 1423 ἢν
239 1381 283 1426 τῇ
308 1380 353 1426 σῇ
374 1377 580 1421 ἐνδοξότητι
602 1376 912 1426 παραδεδώκαμεν
942 1377 1005 1414 τὰς
1034 1381 1143 1414 πέντε
1166 1377 1249 1413 ταύ-
1316 1377 1515 1414 secundum
1553 1388 1660 1432 quam
1698 1379 1783 1413 tuae
1817 1378 1952 1422 gloriae
1991 1377 2201 1414 tra-(fidimus
2245 1379 2400 1424 quinque

172 1436 237 1458 τας
272 1425 458 1470 ἐπαρχίας,
493 1427 637 1469 Καρίαν
671 1438 711 1458 τε
746 1427 806 1458 καὶ
836 1425 988 1469 Κύπρον
1023 1427 1082 1458 καὶ
1117 1423 1177 1459 τὰς
1210 1426 1250 1458 ἐν
1262 1426 1305 1458 20
1318 1424 1384 1460 has
1416 1424 1638 1469 provincias,
1676 1423 1817 1458 Cariam
1852 1427 1887 1459 et
1921 1423 2075 1469 Cyprum
2111 1427 2146 1459 et
2176 1424 2213 1459 in
2249 1424 2400 1459 circuitu

172 1467 290 1513 κύκλῳ
332 1472 494 1513 κειμένας
539 1467 664 1512 νήσους
705 1473 765 1503 καὶ
808 1468 896 1516 πρός
936 1483 977 1516 γε
1021 1473 1168 1505 Μυσίαν
1211 1482 1251 1504 τε
1319 1470 1456 1515 positas
1493 1469 1646 1513 insulas,
1686 1469 1835 1514 insuper
1869 1471 1907 1504 et
1938 1468 2091 1514 Mysiam
2125 1479 2168 1504 88
2205 1469 2399 1522 Scythiam,

173 1517 232 1548 καὶ
265 1515 445 1556 Σκυθίαν,
486 1512 546 1559 ἐφ’
574 1513 646 1558 ᾠτε
676 1514 792 1549 τελεῖν
820 1512 928 1549 αὐτὰς
958 1513 1030 1550 ὑπὸ
1061 1516 1105 1563 τῇ
1130 1515 1174 1563 σῇ
1195 1517 1250 1548 ἐν-
1320 1515 1367 1551 811
1407 1514 1695 1550 constituendum
1734 1524 1795 1550 eas
1834 1514 1900 1550 sub
1939 1517 2004 1549 tua
2037 1513 2169 1558 gloria,
2205 1514 2400 1549 adicientes

173 1558 358 1603 δοξότητι,
402 1560 619 1606 προςθέντες
655 1556 744 1594 ὤςτε
783 1563 843 1594 καὶ
883 1558 944 1594 τὰς
980 1559 1165 1604 ἐκκλήτους
1198 1574 1250 1606 γι-
1320 1564 1356 1596 81
1390 1560 1457 1596 sub
1493 1560 1731 1606 appellatione
1765 1559 1882 1595 factas
1919 1569 2046 1595 causas
2090 1569 2155 1604 per
2186 1563 2400 1595 memoratas

173 1608 324 1648 νομένας
353 1603 453 1639 δίκας
483 1604 575 1639 κατὰ
609 1604 672 1640 τὰς
702 1606 886 1652 εἰρημένας
921 1607 1091 1653 ἐπαρχίας
1124 1608 1251 1650 μηκέτι
1318 1605 1522 1651 provincias
1539 1615 1766 1651 nequaquam
1786 1606 1832 1641 ad
1851 1605 2123 1659 gloriosissimos
2143 1607 2284 1641 nostros
2297 1615 2400 1651 prae-

173 1649 261 1695 πρὸς
294 1649 375 1684 τούς
406 1648 658 1691 ἐνδοξοτάτους
688 1648 792 1695 ἡμῶν
824 1649 1005 1697 ἐπάρχους,
1040 1648 1130 1685 ἀλλὰ
1162 1649 1250 1697 πρὸς
1264 1654 1305 1687 25
1318 1654 1450 1694 sectos,
1483 1651 1546 1687 sed
1576 1651 1622 1686 ad
1653 1652 1753 1686 tuam
1783 1650 1916 1686 remitti
1944 1650 2254 1695 magnificentiam.
2310 1649 2402 1694 Quia

174 1695 239 1738 τὴν
259 1694 325 1738 σὴν
342 1693 629 1740 ἀναπέμπεσθαι
651 1695 973 1743 μεγαλοπρέπειαν.
1011 1693 1157 1739 Ἐπειδὴ
1179 1699 1249 1730 τοί·
1318 1697 1427 1742 igitur
1448 1697 1552 1732 multi
1578 1696 1744 1732 adierunt
1767 1707 1832 1732 nos
1853 1706 1897 1732 ex
1918 1695 2023 1731 Caria
2044 1699 2079 1731 et
2097 1695 2201 1732 Rodo
2222 1698 2259 1732 et
2283 1695 2400 1741 Cypro

172 1754 239 1775 νυν
257 1739 382 1775 πολλοὶ
403 1740 609 1787 προςῆλθον
631 1738 717 1786 ἡμῖν
739 1742 817 1776 τῶν
839 1742 877 1775 ἐκ
894 1744 1032 1789 Καρίας
1051 1744 1111 1775 καὶ
1130 1739 1250 1776 Ῥόδου
1320 1742 1567 1778 difficultatem
1589 1741 1767 1787 patientes
1793 1745 1828 1777 81
1852 1741 2010 1777 1118811188
2036 1741 2115 1786 cogi
2138 1751 2178 1777 88
2197 1741 2401 1787 frequenter

172 1788 231 1820 καὶ
262 1783 409 1833 Κύπρου
449 1784 731 1833 δυςχεραίνοντες
757 1790 818 1820 καὶ
842 1785 1039 1832 φάσκοντες
1061 1785 1252 1833 ἄναγκάζε-
1320 1788 1444 1823 hiemis
1468 1792 1627 1832 tempore
1656 1787 1774 1822 venire
1804 1786 1851 1822 ad
1875 1787 1921 1823 Sc
1945 1786 2056 1822 thiam
2080 1790 2115 1822 et
2138 1785 2307 1832 Mysiam,
2339 1787 2401 1822 ubi

172 1831 266 1865 σθαι
288 1829 454 1866 πολλάκις
483 1835 543 1866 καὶ
565 1832 737 1876 χειμῶνος
767 1828 844 1878 ὥρᾳ
873 1832 1045 1879 γίνεσθαι
1067 1831 1159 1867 κατὰ
1184 1832 1251 1874 τὴν
1320 1833 1436 1878 degis,
1471 1835 1508 1868 et
1538 1833 1589 1868 ibi
1619 1832 1878 1878 appellationes
1928 1834 2007 1868 orte
2029 1842 2145 1878 neque
2175 1843 2241 1877 pro
2264 1833 2400 1877 magnis

173 1877 336 1910 Σκυθῶν
356 1880 416 1910 καὶ
434 1877 585 1919 Μυσῶν,
609 1877 707 1911 ἔνθα
724 1875 863 1924 διάγεις,
886 1874 1026 1912 κάκεῖσε
1049 1877 1112 1913 τὰς
1132 1876 1250 1921 ἐκκλή·
1264 1880 1307 1913 30
1318 1879 1481 1924 pecuniis
1506 1878 1680 1922 exerceri,
1713 1881 1748 1913 et
1771 1877 1969 1923 periclitari
2000 1878 2107 1913 8118111
2137 1877 2251 1913 maria
2281 1880 2399 1913 trans-

172 1933 251 1955 τους
274 1922 360 1956 ἴσως
383 1919 466 1956 οὐδὲ
488 1919 578 1969 ὑπὲρ
600 1921 767 1968 μεγάλων
789 1922 982 1968 χρημάτων
1007 1923 1251 1970 ἐγγυμνάζειν,
1320 1928 1444 1960 euntes
1467 1924 1575 1968 longa
1607 1926 1642 1958 et
1664 1923 1784 1959 venire
1816 1923 1862 1958 ad
1885 1923 2088 1969 provincias
2112 1933 2135 1958 8.
2158 1923 2321 1960 barbaris
2345 1924 2399 1958 in-

173 1970 232 2000 καὶ
262 1965 481 2002 κινδυνεύειν
511 1971 570 2001 καὶ
602 1966 736 2022 πελάγη
765 1965 1015 2015 διαπερῶντας
1043 1969 1162 2015 μακρὰ
1192 1973 1252 2003 καὶ
1320 1970 1513 2016 quietatas,
1544 1972 1738 2014 propterea
1765 1969 2012 2015 perspeximus
2043 1969 2138 2004 hanc
2167 1968 2280 2013 legem
2311 1969 2399 2005 scri-

172 2011 450 2057 ἆφικνουμένους
484 2014 531 2047 εἰς
561 2012 680 2060 χώρας
713 2011 785 2048 υπὸ
811 2012 1015 2093 ἔαρβάρων
1046 2013 1250 2059 ἐνοχλουμέ-

172 2069 254 2100 vas,
286 2055 346 2091 διὰ
375 2059 483 2092 τοῦτο
507 2056 715 2103 συνείὸομεν
744 2057 810 2093 τόν
834 2072 851 2092 ε
879 2058 946 2094 τὸν
969 2058 1083 2104 νόμον
1112 2058 1251 2108 γράψαι

228 2127 314 2160 Νου.
336 2127 368 2160 L
392 2127 450 2169 (=--
466 2128 616 2162 Authent.
637 2128 801 2169 XLIX),
835 2140 930 2171 quam
962 2130 995 2162 in
1025 2141 1144 2173 qraeco
1174 2128 1374 2163 CLXVIII
1393 2128 1590 2161 novellarum
1615 2128 1792 2170 exemplari
1808 2139 1981 2171 perperam
2006 2128 2151 2161 novellae
2174 2128 2272 2161 XLI
2301 2128 2400 2161 latine

172 2174 314 2215 scriptae
338 2173 438 2206 locum
463 2185 636 2216 occupasse
659 2174 796 2206 vidimus
816 2178 852 2216 ρ’.
868 2174 944 2213 261,
976 2185 1033 2206 suo
1059 2174 1127 2206 loco
1151 2175 1286 2217 repetita
1311 2180 1358 2206 est
1380 2174 1413 2206 in
1434 2173 1486 2214 M,
1518 2175 1637 2206 omissa
1661 2174 1693 2205 in
1714 2173 1757 2213 L,
1790 2184 1891 2216 neque
1915 2173 1948 2205 in
1966 2172 2003 2205 B
2024 2173 2070 2214 (9,
2083 2179 2111 2214 2,
2124 2174 2154 2214 3)
2180 2175 2315 2217 aynosci
2337 2174 2403 2207 nisi

175 2219 280 2251 alieno
304 2219 360 2250 illo
386 2219 453 2250 loco
474 2219 614 2262 positam
639 2230 677 2250 ex
700 2218 806 2250 indice
829 2217 979 2261 Reyinae
1004 2225 1152 2261 apparet,
1182 2219 1240 2251 ubi
1261 2219 1308 2251 ad
1330 2230 1401 2251 nov.
1423 2218 1455 2250 L
1479 2225 1609 2251 notatur
1637 2213 1720 2250 οὐδὲ
1743 2212 1832 2259 αὕτη
1857 2218 1970 2250 κεῖται
1997 2218 2190 2258 (Heimbach
2212 2214 2345 2251 Ἀνέκδ-
2360 2218 2405 2251 ΙΙ

169 2275 206 2305 p.
220 2263 309 2303 240).
335 2281 380 2285 -
403 2262 493 2304 Epit.
509 2262 630 2295 Theod.
645 2264 699 2303 50,
722 2262 844 2294 Athan.
860 2264 892 2303 7,
905 2269 920 2294 4
945 2263 1016 2303 (om.
1032 2263 1170 2304 Iulian.)

309 2327 346 2363 Ε
347 2327 398 2374 pi
405 2327 419 2362 l
426 2338 447 2363 ο
453 2338 548 2379 qus.
596 2326 696 2378 Quae
719 2326 833 2378 iqitur
856 2327 960 2378 nobis
976 2327 1200 2379 placuerunt
1221 2331 1258 2363 et
1271 2339 1345 2379 per
1371 2327 1465 2363 hanc
1485 2337 1630 2362 sacram
1655 2327 1769 2373 leqem
1788 2326 1976 2362 declarata
1995 2332 2092 2379 sunt,
2118 2332 2181 2364 tua
2198 2328 2400 2364 sublimitas

175 2373 339 2410 omnibus
360 2373 558 2418 manifesta
579 2373 700 2417 faciat
723 2370 848 2407 edictis
870 2371 914 2406 ab
935 2382 1017 2418 ipsa
1042 2373 1338 2415 transmittendis,
1360 2376 1403 2408 ut
1421 2383 1545 2408 omnes
1568 2375 1794 2418 coqnoscant
1813 2382 1908 2417 quae
1931 2382 1955 2406 a
1974 2372 2077 2408 nobis
2096 2373 2238 2409 sancita
2256 2378 2352 2410 sunt.

304 2541 497 2593 HAEC
528 2540 980 2592 CONSTITUTIO
1013 2484 1356 2592 DISPOZVIT
1383 2540 1486 2591 DE
1509 2540 2168 2592 APPELLATIONIBUS
2199 2541 2296 2593 EX

179 2609 489 2671 QUINQUE
507 2609 926 2661 PROVINCIIS
955 2608 1168 2659 CARIA
1199 2608 1293 2659 ET
1319 2608 1536 2660 CYPRO
1555 2608 1649 2659 ET
1665 2608 2098 2659 CYCLADIBIJS
2116 2609 2401 2662 INSULIS

260 2677 354 2728 ΕΤ
381 2676 604 2728 MYSIA
640 2676 734 2727 ET
760 2676 1083 2741 SCYTHJA,
1130 2676 1313 2727 APUD
1351 2675 1547 2738 QUEM
1582 2675 2110 2728 EXAMINANDAE
2139 2677 2314 2731 SINT.

596 2744 697 2781 Idem
721 2746 907 2792 Auqustus
931 2744 1040 2780 Bono
1059 2744 1320 2789 qloriosissimo
1345 2744 1530 2790 quaestori
1553 2742 1759 2780 Iustiniano
1785 2745 1979 2780 exercitus.

326 2801 465 2837 Scimus
499 2813 565 2837 nos
599 2813 715 2848 nuper
749 2812 892 2836 sacram
927 2801 1217 2837 constitutionem
1250 2801 1401 2847 fecisse,
1442 2800 1637 2836 secundum
1674 2811 1783 2847 quam
1820 2804 1903 2836 tuae
1941 2801 2083 2848 qloriae
2118 2802 2278 2849 quinque
2309 2815 2397 2851 pro-

175 2847 311 2883 vincias
343 2846 558 2883 tradidimus
589 2846 708 2889 hasce,
743 2846 884 2882 Cariam
914 2850 950 2882 et
975 2845 1132 2893 Cyprum
1161 2850 1196 2882 et
1226 2857 1319 2892 quae
1348 2846 1387 2880 in
1421 2845 1556 2881 circulo
1589 2846 1709 2881 iacent
1730 2845 1932 2892 (Cyclades)
1954 2847 2104 2890 insulas,
2140 2858 2184 2883 ac
2205 2854 2398 2894 praeterea

175 2892 331 2939 Mysiam
352 2897 387 2928 et
409 2891 613 2939 Scythiam,
645 2898 687 2927 ut
708 2891 773 2927 sub
799 2896 861 2927 tua
912 2891 1007 2926 loria
1030 2891 1267 2927 haberentur.-
1302 2890 1364 2926 ubi
1382 2891 1587 2933 adiecimus,
1622 2894 1665 2926 ut
1683 2890 1947 2937 appellationes
1971 2903 2116 2938 quoque
2140 2893 2179 2927 in
2200 2894 2399 2939 provinciis

176 2948 268 2983 quas
301 2937 462 2973 diximus
494 2937 647 2983 futurae
682 2948 755 2972 non
791 2947 874 2983 amp
891 2936 948 2971 ius
983 2936 1032 2972 ad
1061 2936 1345 2983 qloriosz'ssimos
1378 2939 1525 2971 nostros
1552 2936 1786 2982 praefectos,
1821 2936 1884 2973 sed
1916 2937 1965 2972 ad
2001 2941 2097 2972 tuam
2130 2938 2398 2975 remitterentur

175 2982 490 3028 magnificentiam.
547 2981 726 3025 Quoniam
749 2982 863 3028 iqitur
894 2981 997 3016 multi
1020 2992 1070 3017 ea:
1095 2981 1202 3017 Caria
1232 2985 1268 3017 et
1290 2980 1421 3017 Rhodo
1446 2984 1483 3017 et
1508 2979 1627 3027 Cypro
1660 2991 1728 3016 nos
1756 2980 1927 3017 adierunt
1955 2981 2188 3028 indiqnantes
2218 2985 2280 3029 qui
2303 2984 2397 3020 dice-

175 3032 258 3061 rent
279 3037 388 3078 saepe
419 3037 495 3062 sese
523 3028 605 3073 ipso
638 3026 763 3062 hiemis
787 3030 947 3078 tempore
975 3027 1058 3072 coqi
1087 3027 1126 3062 in
1148 3025 1367 3078 Scytharum
1396 3030 1431 3061 et
1453 3025 1648 3073 Mysorum*
1664 3030 1815 3069 terram,
1847 3026 1909 3062 ubi
1929 3026 2041 3073 deqis,
2064 3028 2255 3080 proficisci
2279 3029 2399 3075 ibique

177 3071 441 3118 appellationes
467 3071 569 3117 forte
599 3083 644 3107 ne
667 3072 711 3107 de
733 3082 875 3118 maqnis
898 3071 1040 3117 quidem
1057 3072 1226 3118 pecuniis
1256 3082 1443 3113 excercere,
1475 3075 1511 3106 et
1532 3070 1740 3117 periclitari
1770 3075 1807 3107 et
1836 3072 1954 3106 maria
1979 3073 2184 3109 traicientes
2206 3084 2339 3120 maqna
2362 3078 2398 3110 et

176 3117 215 3151 in
237 3116 404 3162 reqiones
426 3127 449 3151 a
472 3116 638 3152 barbaris
660 3117 857 3162 infestatas
879 3116 1076 3158 venientes,
1100 3121 1304 3163 propterea
1327 3116 1439 3152 visum
1469 3120 1523 3151 est
1546 3115 1650 3150 nobis
1679 3114 1773 3151 hano
1805 3116 1918 3163 leqem
1947 3117 2104 3153 scribere
2126 3118 2176 3154 ad
2199 3122 2296 3154 tuam
2319 3119 2397 3166 qlo-

225 3198 239 3229 1
268 3196 340 3238 epil.
365 3208 423 3229 om.
438 3195 474 3228 Β
498 3194 510 3239 ΙΙ
533 3197 553 3229 3
578 3192 697 3229 αὐτοῖς
720 3197 770 3229 L⁰
786 3194 798 3240 ΙΙ
824 3197 845 3229 4
870 3192 960 3238 παρ’
987 3191 1090 3238 ἡμῶν
1115 3208 1172 3229 om.
1187 3197 1218 3230 L
1240 3195 1253 3241 ss
1369 3198 1383 3230 1
1411 3196 1500 3228 iussa
1527 3194 1562 3228 V
1577 3193 1590 3238 ΙΙ
1615 3196 1635 3227 4
1659 3193 1790 3236 placida
1817 3195 1852 3229 V
1870 3193 1883 3239 ss
1910 3198 1929 3230 5
1951 3198 2071 3230 subscr.
2090 3198 2215 3231 exhibet
2234 3197 2352 3232 Bamb.
2366 3199 2396 3240 Ι,

179 3244 198 3275 5
223 3241 273 3273 da.
290 3251 349 3272 xv.
374 3240 407 3272 k.
429 3242 509 3282 sept.
535 3240 600 3273 GP.
626 3240 684 3282 M]
720 3241 786 3273 dat.
804 3251 839 3273 x.
864 3240 928 3273 kal.
954 3242 1036 3283 sept.
1062 3240 1128 3273 GP.
1153 3252 1183 3282 ς,
1207 3243 1251 3275 id.
1322 3254 1379 3275 om.
1394 3238 1583 3283 RVTaMl
1607 3238 1738 3272 bilisari
1759 3240 1877 3273 Bamb.
1897 3238 1910 3285 ΙΙ
1934 3242 1952 3274 7
1973 3254 2043 3275 nov.
2059 3242 2257 3277 L=Aut11.
2271 3244 2402 3277 XLIX

178 3287 254 3319 Ath.
289 3283 502 3330 ἐξεφωνήθη
525 3287 611 3328 μηνὶ
634 3288 863 3331 σεπτεμβρίῳ
890 3286 1011 3319 ΤΙιεοά.
1036 3286 1107 3327 (om.
1128 3286 1206 3329 Iul.)
1241 3285 1254 3331 11
1322 3299 1379 3320 οηι.
1394 3286 1445 3328 R,
1470 3286 1566 3318 habet
1584 3291 1596 3317 t
1610 3286 1644 3327 fi
1658 3286 1716 3319 85²³
1738 3286 1829 3329 (post
1848 3286 1946 3319 Auch.
1960 3287 2110 3330 XLIV)
2127 3287 2139 3330 ΙΙ
2164 3287 2204 3340 ly
2226 3287 2396 3322 XLVIIII

178 3333 252 3374 post
273 3330 317 3363 lss
339 3330 490 3363 uilisario
511 3341 559 3363 us.
584 3342 718 3364 ann.ou.
743 3331 793 3372 M,
831 3342 864 3374 p.
884 3341 911 3363 8.
933 3329 1070 3363 Bilisari
1092 3341 1144 3364 118.
1165 3342 1253 3364 811110
1329 3332 1367 3373 V,
1388 3333 1476 3364 rubr.
1491 3342 1548 3363 om.
1565 3336 1577 3362 t
1595 3327 1609 3372 ΙΙ
1640 3331 1681 3363 10
1701 3330 1798 3363 misia
1818 3331 1851 3362 et
1871 3331 1992 3364 scithia
2012 3332 2045 3365 V
2065 3331 2078 3376 ΙΙ
2112 3333 2152 3366 16
2175 3335 2252 3366 11181.
2272 3344 2347 3376 aug.
2371 3335 2404 3369 V

178 3377 322 3409 secundo
339 3388 368 3417 ς,
393 3376 458 3408 dat.
476 3378 550 3418 post
570 3386 658 3409 cons.
676 3375 818 3408 uilisarii
839 3376 960 3408 iterum
977 3375 1073 3417 Iutv]
1097 3376 1162 3409 dat.
1179 3379 1254 3419 post
1321 3377 1342 3410 i.
1361 3387 1389 3408 8.
1412 3383 1424 3409 t
1443 3377 1454 3415 ΙΙ
1488 3374 1693 3407 *iustiniani
1716 3375 1793 3409 libri
1818 3375 1831 3419 ΙΙ
1861 3376 1903 3410 20
1928 3386 2057 3420 88178111
2081 3384 2093 3410 t
2123 3379 2213 3411 caria
2233 3379 2268 3412 V
2291 3380 2303 3423 ΙΙ
2333 3380 2396 3413 811·-

179 3431 266 3454 80118.
285 3421 429 3454 uilisarii
441 3420 545 3455 Julpw
568 3419 659 3465 μετὰ
673 3419 739 3463 τὴν
759 3418 936 3454 ὑπατείαν
953 3418 1163 3466 Βελισαρίου
1176 3423 1251 3455 Ath.
1321 3422 1412 3454 onita
1431 3420 1464 3454 V
1481 3419 1493 3463 ll
1518 3421 1556 3454 21
1582 3419 1712 3452 misiam
1725 3420 1829 3455 Neob.
1853 3421 1998 3454 missiam
2019 3429 2030 3456 t
2051 3422 2155 3466 misya
2175 3423 2211 3457 V
2223 3424 2235 3467 ss
2264 3424 2398 3458 8111118111

183 3467 302 3501 Theod.
318 3466 331 3507 ΙΙ
350 3468 369 3501 8
382 3462 597 3506 Ἡδιάταξις
613 3464 701 3512 πρὸς
713 3463 833 3499 Βόνον
849 3468 1072 3512 κοιαίστωρα
1088 3467 1253 3500 exercitov
1322 3466 1448 3500 tNeob.
1473 3465 1653 3508 sythytiam
1673 3465 1707 3499 V
1724 3465 1737 3510 ΙΙ
1765 3466 1807 3499 22
1832 3467 2095 3500 constituendam
2119 3467 2147 3501 t¹
2171 3468 2184 3512 Ι]
2211 3469 2253 3503 23
2275 3480 2396 3504 11181110-

179 3509 301 3545 τάττει
331 3514 419 3547 rubr.
445 3525 515 3546 nov.
543 3512 637 3546 XLI
664 3512 737 3545 ML
764 3511 776 3554 ΙΙ
818 3513 855 3545 17
882 3511 1046 3544 exercitov
1064 3524 1100 3555 p.
1126 3513 1202 3551 262,
1224 3514 1253 3553 9]
1322 3512 1451 3544 raturas
1472 3509 1507 3543 V
1525 3509 1538 3554 ΙΙ
1568 3510 1612 3544 24
1635 3510 1800 3553 profectos
1821 3509 1854 3544 V
1877 3510 1890 3556 ΙΙ
1918 3513 1960 3546 25
1985 3513 2072 3550 Quia
2094 3513 2201 3555 igitur
2223 3514 2302 3558 quia
2333 3516 2367 3549 V
2386 3516 2398 3560 Η

181 3555 358 3602 ἐξερκίτου
372 3557 420 3591 Μ
430 3555 442 3602 ΙΙ
468 3559 506 3592 18
525 3554 699 3598 διάταξιν]
722 3552 817 3602 ’περὶ
833 3556 895 3598 τῆς
911 3556 1037 3602 νεαρᾶς
1053 3559 1163 3601 φησὶν
1179 3553 1255 3600 ἥτις
1323 3558 1363 3590 27
1387 3556 1540 3588 fatientes
1565 3555 1695 3589 tNeob.
1733 3555 1745 3598 ΙΙ
1780 3557 1855 3598 cogi
1882 3558 1928 3598 se]
1964 3558 2087 3600 cogisse
2118 3558 2154 3592 V
2180 3569 2296 3603 cogere
2327 3571 2360 3594 se
2387 3568 2400 3594 t

181 3601 440 3649 ἐπιγέγραπται
456 3603 525 3636 Lex
542 3605 579 3635 ut
595 3605 708 3636 Bonus
732 3591 770 3644 ἧς
792 3598 814 3643 ἡ
833 3598 921 3647 ἀρχὴ
944 3601 1044 3635 Recte
1061 3604 1156 3642 (18818
1169 3603 1255 3656 8αά.)
1323 3602 1426 3636 Neob.
1445 3599 1458 3644 ΙΙ
1485 3601 1527 3634 28
1548 3600 1675 3643 hyemis
1706 3602 1760 3635 Vt
1787 3600 1800 3645 ΙΙ
1827 3602 1994 3645 8871117818
2009 3603 2044 3637 V
2059 3603 2177 3647 sityam
2201 3612 2214 3639 t
2232 3605 2246 3652 11
2270 3606 2400 3639 1111818111

181 3646 357 3679 nobis:—'
371 3649 470 3682 schol.
487 3649 532 3682 Μ
538 3650 569 3682 in
583 3661 683 3691 mar-9.
699 3648 741 3689 cfi
757 3647 802 3680 ad
814 3659 884 3680 nov.
898 3645 996 3680 XLI
1012 3646 1025 3690 ΙΙ
1050 3647 1092 3681 22
1109 3644 1167 3692 ἐφ’
1184 3659 1255 3690 qne
1331 3646 1472 3680 VNeob.
1497 3644 1616 3678 nisiam
1643 3654 1654 3680 t
1677 3646 1690 3690 ΙΙ
1719 3647 1762 3680 29
1787 3646 1879 3689 degis
1900 3647 2001 3692 υιιΙφ]
2033 3648 2131 3691 deges
2155 3650 2231 3685 libri
2255 3651 2268 3696 u
2297 3651 2346 3684 ibi
2371 3654 2397 3692 t]

182 3692 237 3734 (cf.
252 3693 338 3736 adp.
351 3694 492 3735 262‚12)]
516 3691 574 3738 ἐφ’
590 3690 620 3726 ὠ
635 3693 681 3726 Μ
699 3692 712 3737 ΙΙ
740 3692 782 3725 23
797 3688 980 3738 ἐγκλήτους
995 3686 1254 3737 Mss-125'15m'29-
1323 3691 1382 3724 ubi
1413 3690 1564 3724 VNeob.
1593 3690 1606 3735 ΙΙ
1642 3692 1749 3733 magis
1772 3692 1806 3726 V
1824 3691 1837 3736 ΙΙ
1874 3694 1916 3726 30
1941 3703 2091 3728 exercere
2114 3695 2201 3740 vuly.
2228 3695 2243 3742 ss
2281 3698 2322 3732 31
2347 3697 2398 3729 in-

181 3747 260 3777 χους
283 3737 330 3770 Μ
342 3738 396 3781 (cf.
418 3740 513 3783 adp.
528 3740 605 3782 262,
619 3741 663 3781 13)
690 3738 703 3781 ΙΙ
725 3739 767 3771 29
792 3739 851 3770 καὶ
874 3736 1058 3780 χειμῶνος]
1082 3739 1141 3771 καὶ
1165 3743 1256 3773 oms&
1324 3737 1452 3779 quietas
1472 3736 1549 3770 libri
