<?xml version="1.0" encoding="UTF-8"?>
<!DOCTYPE html PUBLIC "-//W3C//DTD XHTML 1.0 Transitional//EN"
    "http://www.w3.org/TR/xhtml1/DTD/xhtml1-transitional.dtd">
<html xmlns="http://www.w3.org/1999/xhtml" xml:lang="en" lang="en">
 <head>
  <title>
</title>
<meta http-equiv="Content-Type" content="text/html;charset=utf-8" />
  <meta name='ocr-system' content='tesseract 3.04.00' />
  <meta name='ocr-capabilities' content='ocr_page ocr_carea ocr_par ocr_line ocrx_word'/>
</head>
<body>
  <div class='ocr_page' id='page_1' title='image "./corpusiuriscivil03krueuoft_0319.png"; bbox 0 0 2618 4010; ppageno 0'>
   <div class='ocr_carea' id='block_1_1' title="bbox 173 145 639 180">
    <p class='ocr_par' dir='ltr' id='par_1_1' title="bbox 173 145 639 180">
     <span class='ocr_line' id='line_1_1' title="bbox 173 145 639 180; baseline -0.009 -1"><span class='ocrx_word' id='word_1_1' title='bbox 173 148 235 180; x_wconf 80' lang='lat' dir='ltr'>AD</span> <span class='ocrx_word' id='word_1_2' title='bbox 265 145 639 178; x_wconf 77' lang='lat' dir='ltr'>APPELLATIONEM</span> 
     </span>
    </p>
   </div>
   <div class='ocr_carea' id='block_1_2' title="bbox 1133 192 1311 196">
    <p class='ocr_par' dir='ltr' id='par_1_2' title="bbox 1133 192 1311 196">
     <span class='ocr_line' id='line_1_2' title="bbox 1133 192 1311 196; baseline 0 0"><span class='ocrx_word' id='word_1_3' title='bbox 1133 192 1311 196; x_wconf 95' lang='lat' dir='ltr'> </span> 
     </span>
    </p>
   </div>
   <div class='ocr_carea' id='block_1_3' title="bbox 172 242 1252 662">
    <p class='ocr_par' dir='ltr' id='par_1_3' title="bbox 172 242 1252 662">
     <span class='ocr_line' id='line_1_3' title="bbox 174 242 1252 290; baseline -0.004 -8"><span class='ocrx_word' id='word_1_4' title='bbox 174 246 264 282; x_wconf 77' lang='grc' dir='ltr'><strong><em>καθ’</em></strong></span> <span class='ocrx_word' id='word_1_5' title='bbox 294 245 405 281; x_wconf 78' lang='grc' dir='ltr'><strong><em>αὑτὸν</em></strong></span> <span class='ocrx_word' id='word_1_6' title='bbox 428 243 627 280; x_wconf 83' lang='grc' dir='ltr'><strong><em>εἰςελθόντι</em></strong></span> <span class='ocrx_word' id='word_1_7' title='bbox 659 244 728 278; x_wconf 79' lang='grc' dir='ltr'><strong><em>εἴτε</em></strong></span> <span class='ocrx_word' id='word_1_8' title='bbox 761 246 819 277; x_wconf 82' lang='grc' dir='ltr'>καὶ</span> <span class='ocrx_word' id='word_1_9' title='bbox 845 242 1037 288; x_wconf 75' lang='grc' dir='ltr'><strong><em>συστάδην,</em></strong></span> <span class='ocrx_word' id='word_1_10' title='bbox 1071 242 1130 290; x_wconf 75' lang='grc' dir='ltr'>ἐφ’</span> <span class='ocrx_word' id='word_1_11' title='bbox 1158 242 1188 288; x_wconf 76' lang='grc' dir='ltr'><em>ᾧ</em></span> <span class='ocrx_word' id='word_1_12' title='bbox 1213 259 1252 279; x_wconf 82' lang='grc' dir='ltr'>τε</span> 
     </span>
     <span class='ocr_line' id='line_1_4' title="bbox 173 287 1249 337; baseline -0.003 -10"><span class='ocrx_word' id='word_1_13' title='bbox 173 294 258 327; x_wconf 82' lang='grc' dir='ltr'><strong><em>εἵσω</em></strong></span> <span class='ocrx_word' id='word_1_14' title='bbox 283 291 410 326; x_wconf 82' lang='grc' dir='ltr'><strong><em>τούτου</em></strong></span> <span class='ocrx_word' id='word_1_15' title='bbox 438 290 506 334; x_wconf 86' lang='grc' dir='ltr'>τὴν</span> <span class='ocrx_word' id='word_1_16' title='bbox 530 289 633 333; x_wconf 82' lang='grc' dir='ltr'><strong><em>δίκην</em></strong></span> <span class='ocrx_word' id='word_1_17' title='bbox 657 287 914 337; x_wconf 79' lang='grc' dir='ltr'><strong><em>ἀγωνίσασθαι</em></strong></span> <span class='ocrx_word' id='word_1_18' title='bbox 947 293 1006 323; x_wconf 83' lang='grc' dir='ltr'>καὶ</span> <span class='ocrx_word' id='word_1_19' title='bbox 1030 293 1148 333; x_wconf 81' lang='grc' dir='ltr'><em>τυχεῖν</em></span> <span class='ocrx_word' id='word_1_20' title='bbox 1171 291 1249 324; x_wconf 84' lang='grc' dir='ltr'>τῶν</span> 
     </span>
     <span class='ocr_line' id='line_1_5' title="bbox 173 331 1250 380; baseline -0.004 -8"><span class='ocrx_word' id='word_1_21' title='bbox 173 337 326 372; x_wconf 82' lang='grc' dir='ltr'><strong><em>δικαίων</em></strong></span> <span class='ocrx_word' id='word_1_22' title='bbox 354 339 413 370; x_wconf 83' lang='grc' dir='ltr'>καὶ</span> <span class='ocrx_word' id='word_1_23' title='bbox 443 335 493 380; x_wconf 88' lang='grc' dir='ltr'>μὴ</span> <span class='ocrx_word' id='word_1_24' title='bbox 514 334 728 370; x_wconf 81' lang='grc' dir='ltr'><strong><em>καταλιπεῖν</em></strong></span> <span class='ocrx_word' id='word_1_25' title='bbox 760 331 872 377; x_wconf 82' lang='grc' dir='ltr'><strong><em>αὐτὴν</em></strong></span> <span class='ocrx_word' id='word_1_26' title='bbox 902 332 1139 380; x_wconf 74' lang='grc' dir='ltr'><strong><em>ἀπρονόητον,</em></strong></span> <span class='ocrx_word' id='word_1_27' title='bbox 1172 336 1250 370; x_wconf 85' lang='grc' dir='ltr'><strong><em>εἶτα</em></strong></span> 
     </span>
     <span class='ocr_line' id='line_1_6' title="bbox 174 378 1249 429; baseline -0.004 -11"><span class='ocrx_word' id='word_1_28' title='bbox 174 382 232 418; x_wconf 79' lang='grc' dir='ltr'>διὰ</span> <span class='ocrx_word' id='word_1_29' title='bbox 257 381 553 429; x_wconf 71' lang='grc' dir='ltr'><strong><em>φιλανθρωπίαν,</em></strong></span> <span class='ocrx_word' id='word_1_30' title='bbox 584 381 616 414; x_wconf 84' lang='grc' dir='ltr'>εἰ</span> <span class='ocrx_word' id='word_1_31' title='bbox 639 380 739 426; x_wconf 83' lang='grc' dir='ltr'><strong><em>παρὰ</em></strong></span> <span class='ocrx_word' id='word_1_32' title='bbox 763 379 830 422; x_wconf 87' lang='grc' dir='ltr'>τὴν</span> <span class='ocrx_word' id='word_1_33' title='bbox 855 380 977 414; x_wconf 81' lang='grc' dir='ltr'><strong><em>αἰτίαν</em></strong></span> <span class='ocrx_word' id='word_1_34' title='bbox 1000 382 1063 415; x_wconf 82' lang='grc' dir='ltr'>τοῦ</span> <span class='ocrx_word' id='word_1_35' title='bbox 1089 378 1249 423; x_wconf 84' lang='grc' dir='ltr'><strong><em>δικάζον-</em></strong></span> 
     </span>
     <span class='ocr_line' id='line_1_7' title="bbox 173 422 1249 474; baseline -0.003 -11"><span class='ocrx_word' id='word_1_36' title='bbox 173 440 232 463; x_wconf 85' lang='grc' dir='ltr'>τος</span> <span class='ocrx_word' id='word_1_37' title='bbox 253 427 299 463; x_wconf 84' lang='grc' dir='ltr'>τὰ</span> <span class='ocrx_word' id='word_1_38' title='bbox 322 428 382 469; x_wconf 86' lang='grc' dir='ltr'>τῆς</span> <span class='ocrx_word' id='word_1_39' title='bbox 406 429 558 472; x_wconf 78' lang='grc' dir='ltr'><strong><em>ἐφέσεως</em></strong></span> <span class='ocrx_word' id='word_1_40' title='bbox 573 426 753 474; x_wconf 81' lang='grc' dir='ltr'><strong><em>ἐπισχεθῇ</em></strong></span> <span class='ocrx_word' id='word_1_41' title='bbox 774 422 795 468; x_wconf 84' lang='grc' dir='ltr'><em>ἢ</em></span> <span class='ocrx_word' id='word_1_42' title='bbox 819 424 903 460; x_wconf 84' lang='grc' dir='ltr'><strong><em>κατ’</em></strong></span> <span class='ocrx_word' id='word_1_43' title='bbox 921 425 1031 470; x_wconf 84' lang='grc' dir='ltr'><strong><em>ἄλλην</em></strong></span> <span class='ocrx_word' id='word_1_44' title='bbox 1055 425 1137 460; x_wconf 82' lang='grc' dir='ltr'><strong><em>τινὰ</em></strong></span> <span class='ocrx_word' id='word_1_45' title='bbox 1165 425 1249 472; x_wconf 88' lang='grc' dir='ltr'><strong><em>πρό-</em></strong></span> 
     </span>
     <span class='ocr_line' id='line_1_8' title="bbox 174 469 1249 520; baseline -0.001 -13"><span class='ocrx_word' id='word_1_46' title='bbox 174 485 285 519; x_wconf 89' lang='grc' dir='ltr'><strong><em>φασιν</em></strong></span> <span class='ocrx_word' id='word_1_47' title='bbox 309 469 572 520; x_wconf 76' lang='grc' dir='ltr'><strong><em>ἀπαραίτητον,</em></strong></span> <span class='ocrx_word' id='word_1_48' title='bbox 598 474 656 504; x_wconf 87' lang='grc' dir='ltr'>καὶ</span> <span class='ocrx_word' id='word_1_49' title='bbox 682 474 804 518; x_wconf 74' lang='grc' dir='ltr'><strong><em>ἕτερον</em></strong></span> <span class='ocrx_word' id='word_1_50' title='bbox 827 472 1043 516; x_wconf 81' lang='grc' dir='ltr'><strong><em>προςθέντες</em></strong></span> <span class='ocrx_word' id='word_1_51' title='bbox 1073 471 1249 513; x_wconf 78' lang='grc' dir='ltr'><strong><em>ἐνιαυτόν,</em></strong></span> 
     </span>
     <span class='ocr_line' id='line_1_9' title="bbox 172 514 1247 564; baseline -0.002 -12"><span class='ocrx_word' id='word_1_52' title='bbox 172 514 261 564; x_wconf 74' lang='grc' dir='ltr'><strong><em>μεθ’</em></strong></span> <span class='ocrx_word' id='word_1_53' title='bbox 280 515 324 552; x_wconf 72' lang='grc' dir='ltr'>ὃν</span> <span class='ocrx_word' id='word_1_54' title='bbox 342 518 373 551; x_wconf 83' lang='grc' dir='ltr'>εἰ</span> <span class='ocrx_word' id='word_1_55' title='bbox 388 517 437 562; x_wconf 79' lang='grc' dir='ltr'>μὴ</span> <span class='ocrx_word' id='word_1_56' title='bbox 458 516 525 560; x_wconf 85' lang='grc' dir='ltr'>τὴν</span> <span class='ocrx_word' id='word_1_57' title='bbox 541 515 645 559; x_wconf 87' lang='grc' dir='ltr'><strong><em>δίκην</em></strong></span> <span class='ocrx_word' id='word_1_58' title='bbox 661 516 892 562; x_wconf 83' lang='grc' dir='ltr'><strong><em>πληρώσειαν</em></strong></span> <span class='ocrx_word' id='word_1_59' title='bbox 912 521 1045 563; x_wconf 82' lang='grc' dir='ltr'><strong><em>κυρίαν’</em></strong></span> <span class='ocrx_word' id='word_1_60' title='bbox 1053 520 1175 561; x_wconf 82' lang='grc' dir='ltr'><strong><em>μένειν</em></strong></span> <span class='ocrx_word' id='word_1_61' title='bbox 1195 519 1247 560; x_wconf 77' lang='grc' dir='ltr'>τῷ</span> 
     </span>
     <span class='ocr_line' id='line_1_10' title="bbox 173 556 1248 608; baseline -0.001 -11"><span class='ocrx_word' id='word_1_62' title='bbox 173 560 373 605; x_wconf 81' lang='grc' dir='ltr'><strong><em>νενικηκότι</em></strong></span> <span class='ocrx_word' id='word_1_63' title='bbox 402 562 469 605; x_wconf 86' lang='grc' dir='ltr'>τὴν</span> <span class='ocrx_word' id='word_1_64' title='bbox 491 564 614 608; x_wconf 83' lang='grc' dir='ltr'><strong><em>ψῆφον</em></strong></span> <span class='ocrx_word' id='word_1_65' title='bbox 640 563 898 606; x_wconf 83' lang='grc' dir='ltr'><strong><em>ἐθεσπίσαμεν.</em></strong></span> <span class='ocrx_word' id='word_1_66' title='bbox 953 564 1071 596; x_wconf 83' lang='grc' dir='ltr'><strong><em>Ταῦτα</em></strong></span> <span class='ocrx_word' id='word_1_67' title='bbox 1094 564 1160 607; x_wconf 77' lang='grc' dir='ltr'>μὲν</span> <span class='ocrx_word' id='word_1_68' title='bbox 1184 556 1248 596; x_wconf 63' lang='grc' dir='ltr'>οὖν</span> 
     </span>
     <span class='ocr_line' id='line_1_11' title="bbox 173 604 1248 662; baseline -0.002 -20"><span class='ocrx_word' id='word_1_69' title='bbox 173 607 338 642; x_wconf 75' lang='grc' dir='ltr'><strong><em>ἐδέδοκτό</em></strong></span> <span class='ocrx_word' id='word_1_70' title='bbox 368 621 408 642; x_wconf 84' lang='grc' dir='ltr'>τε</span> <span class='ocrx_word' id='word_1_71' title='bbox 422 604 515 662; x_wconf 45' lang='grc' dir='ltr'>Χἡμῖν</span> <span class='ocrx_word' id='word_1_72' title='bbox 539 610 598 641; x_wconf 87' lang='grc' dir='ltr'>καὶ</span> <span class='ocrx_word' id='word_1_73' title='bbox 621 609 662 642; x_wconf 82' lang='grc' dir='ltr'>έν</span> <span class='ocrx_word' id='word_1_74' title='bbox 685 609 795 651; x_wconf 76' lang='grc' dir='ltr'><strong><em>κοινῷ</em></strong></span> <span class='ocrx_word' id='word_1_75' title='bbox 814 610 1014 654; x_wconf 81' lang='grc' dir='ltr'><strong><em>γέγραπται</em></strong></span> <span class='ocrx_word' id='word_1_76' title='bbox 1035 605 1156 661; x_wconf 53' lang='grc' dir='ltr'><strong><em>νόμω·</em></strong></span> <span class='ocrx_word' id='word_1_77' title='bbox 1189 610 1248 640; x_wconf 83' lang='grc' dir='ltr'>καὶ</span> 
     </span>
    </p>
   </div>
   <div class='ocr_carea' id='block_1_4' title="bbox 1248 130 1375 196">
    <p class='ocr_par' dir='ltr' id='par_1_4' title="bbox 1248 130 1375 196">
     <span class='ocr_line' id='line_1_12' title="bbox 1248 130 1375 196; baseline -0.008 0"><span class='ocrx_word' id='word_1_78' title='bbox 1248 130 1375 196; x_wconf 57' lang='grc'>289,</span> 
     </span>
    </p>
   </div>
   <div class='ocr_carea' id='block_1_5' title="bbox 1994 133 2391 188">
    <p class='ocr_par' dir='ltr' id='par_1_5' title="bbox 1994 133 2391 188">
     <span class='ocr_line' id='line_1_13' title="bbox 1994 133 2391 188; baseline -0.003 -13"><span class='ocrx_word' id='word_1_79' title='bbox 1994 134 2100 176; x_wconf 89' lang='lat' dir='ltr'>Nov.</span> <span class='ocrx_word' id='word_1_80' title='bbox 2123 133 2259 176; x_wconf 92' lang='lat' dir='ltr'>XLIX</span> <span class='ocrx_word' id='word_1_81' title='bbox 2282 147 2339 188; x_wconf 87' lang='lat' dir='ltr'>pr.</span> <span class='ocrx_word' id='word_1_82' title='bbox 2375 137 2391 174; x_wconf 93' lang='lat'>1</span> 
     </span>
    </p>
   </div>
   <div class='ocr_carea' id='block_1_6' title="bbox 1286 243 2396 650">
    <p class='ocr_par' dir='ltr' id='par_1_6' title="bbox 1286 243 2396 650">
     <span class='ocr_line' id='line_1_14' title="bbox 1321 243 2394 289; baseline 0.002 -11"><span class='ocrx_word' id='word_1_83' title='bbox 1321 243 1485 286; x_wconf 79' lang='lat' dir='ltr'>munitet,</span> <span class='ocrx_word' id='word_1_84' title='bbox 1511 246 1686 289; x_wconf 87' lang='lat' dir='ltr'>quatenus</span> <span class='ocrx_word' id='word_1_85' title='bbox 1711 244 1805 278; x_wconf 84' lang='lat' dir='ltr'>intra</span> <span class='ocrx_word' id='word_1_86' title='bbox 1829 246 1897 279; x_wconf 90' lang='lat' dir='ltr'>hoc</span> <span class='ocrx_word' id='word_1_87' title='bbox 1922 245 2017 280; x_wconf 90' lang='lat' dir='ltr'>litem</span> <span class='ocrx_word' id='word_1_88' title='bbox 2041 248 2237 289; x_wconf 83' lang='lat' dir='ltr'>exequatur</span> <span class='ocrx_word' id='word_1_89' title='bbox 2265 249 2300 280; x_wconf 88' lang='lat' dir='ltr'>et</span> <span class='ocrx_word' id='word_1_90' title='bbox 2323 256 2394 280; x_wconf 92' lang='lat' dir='ltr'>me-</span> 
     </span>
     <span class='ocr_line' id='line_1_15' title="bbox 1318 290 2394 336; baseline 0.002 -12"><span class='ocrx_word' id='word_1_91' title='bbox 1318 293 1439 325; x_wconf 85' lang='lat' dir='ltr'>reatur</span> <span class='ocrx_word' id='word_1_92' title='bbox 1463 300 1552 335; x_wconf 87' lang='lat' dir='ltr'>quae</span> <span class='ocrx_word' id='word_1_93' title='bbox 1575 290 1670 324; x_wconf 85' lang='lat' dir='ltr'>iusta</span> <span class='ocrx_word' id='word_1_94' title='bbox 1695 294 1778 324; x_wconf 88' lang='lat' dir='ltr'>sunt</span> <span class='ocrx_word' id='word_1_95' title='bbox 1802 293 1836 325; x_wconf 88' lang='lat' dir='ltr'>et</span> <span class='ocrx_word' id='word_1_96' title='bbox 1860 301 1931 325; x_wconf 91' lang='lat' dir='ltr'>non</span> <span class='ocrx_word' id='word_1_97' title='bbox 1948 290 2124 335; x_wconf 89' lang='lat' dir='ltr'>relinquat</span> <span class='ocrx_word' id='word_1_98' title='bbox 2148 301 2190 326; x_wconf 91' lang='lat' dir='ltr'>ea</span> <span class='ocrx_word' id='word_1_99' title='bbox 2211 291 2288 326; x_wconf 88' lang='lat' dir='ltr'>sine</span> <span class='ocrx_word' id='word_1_100' title='bbox 2311 301 2394 336; x_wconf 88' lang='lat' dir='ltr'>pro-</span> 
     </span>
     <span class='ocr_line' id='line_1_16' title="bbox 1318 334 2396 388; baseline 0.002 -19"><span class='ocrx_word' id='word_1_101' title='bbox 1318 335 1461 379; x_wconf 87' lang='lat' dir='ltr'><strong>visione,</strong></span> <span class='ocrx_word' id='word_1_102' title='bbox 1483 334 1609 371; x_wconf 89' lang='lat' dir='ltr'>deinde</span> <span class='ocrx_word' id='word_1_103' title='bbox 1626 337 1774 388; x_wconf 84' lang='lat' dir='ltr'>propter</span> <span class='ocrx_word' id='word_1_104' title='bbox 1792 335 2024 378; x_wconf 89' lang='lat' dir='ltr'>clementiam,</span> <span class='ocrx_word' id='word_1_105' title='bbox 2043 337 2072 370; x_wconf 90' lang='lat' dir='ltr'>si</span> <span class='ocrx_word' id='word_1_106' title='bbox 2089 346 2154 380; x_wconf 87' lang='lat' dir='ltr'>per</span> <span class='ocrx_word' id='word_1_107' title='bbox 2171 336 2396 372; x_wconf 79' lang='lat' dir='ltr'><strong>occasionem</strong></span> 
     </span>
     <span class='ocr_line' id='line_1_17' title="bbox 1317 380 2394 426; baseline 0.002 -12"><span class='ocrx_word' id='word_1_108' title='bbox 1317 380 1444 415; x_wconf 91' lang='lat' dir='ltr'>iudicis</span> <span class='ocrx_word' id='word_1_109' title='bbox 1468 380 1661 425; x_wconf 82' lang='lat' dir='ltr'>appellatlo</span> <span class='ocrx_word' id='word_1_110' title='bbox 1686 380 1918 424; x_wconf 84' lang='lat' dir='ltr'><strong>prolongetur</strong></span> <span class='ocrx_word' id='word_1_111' title='bbox 1950 385 2013 416; x_wconf 88' lang='lat' dir='ltr'>aut</span> <span class='ocrx_word' id='word_1_112' title='bbox 2044 392 2108 425; x_wconf 90' lang='lat' dir='ltr'>per</span> <span class='ocrx_word' id='word_1_113' title='bbox 2137 382 2243 416; x_wconf 89' lang='lat' dir='ltr'>aliam</span> <span class='ocrx_word' id='word_1_114' title='bbox 2274 392 2394 426; x_wconf 89' lang='lat' dir='ltr'>quam-</span> 
     </span>
     <span class='ocr_line' id='line_1_18' title="bbox 1286 425 2396 467; baseline 0.001 -6"><span class='ocrx_word' id='word_1_115' title='bbox 1286 425 1406 461; x_wconf 86' lang='lat' dir='ltr'>5libet</span> <span class='ocrx_word' id='word_1_116' title='bbox 1441 436 1585 461; x_wconf 83' lang='lat' dir='ltr'>causam</span> <span class='ocrx_word' id='word_1_117' title='bbox 1622 425 1877 467; x_wconf 83' lang='lat' dir='ltr'>inevitabilem,</span> <span class='ocrx_word' id='word_1_118' title='bbox 1917 427 2022 461; x_wconf 86' lang='lat' dir='ltr'>etiam</span> <span class='ocrx_word' id='word_1_119' title='bbox 2058 426 2166 461; x_wconf 76' lang='lat' dir='ltr'>anum</span> <span class='ocrx_word' id='word_1_120' title='bbox 2203 427 2396 462; x_wconf 84' lang='lat' dir='ltr'>adicientes</span> 
     </span>
     <span class='ocr_line' id='line_1_19' title="bbox 1319 470 2396 516; baseline 0.002 -12"><span class='ocrx_word' id='word_1_121' title='bbox 1319 481 1470 513; x_wconf 90' lang='lat' dir='ltr'>annum,</span> <span class='ocrx_word' id='word_1_122' title='bbox 1506 475 1589 515; x_wconf 87' lang='lat' dir='ltr'>post</span> <span class='ocrx_word' id='word_1_123' title='bbox 1625 481 1726 515; x_wconf 88' lang='lat' dir='ltr'>quem</span> <span class='ocrx_word' id='word_1_124' title='bbox 1763 470 1831 505; x_wconf 86' lang='lat' dir='ltr'>nisi</span> <span class='ocrx_word' id='word_1_125' title='bbox 1866 471 1962 505; x_wconf 90' lang='lat' dir='ltr'>litem</span> <span class='ocrx_word' id='word_1_126' title='bbox 1995 472 2245 516; x_wconf 82' lang='lat' dir='ltr'>compleverint</span> <span class='ocrx_word' id='word_1_127' title='bbox 2280 476 2396 507; x_wconf 87' lang='lat' dir='ltr'>ratam</span> 
     </span>
     <span class='ocr_line' id='line_1_20' title="bbox 1317 516 2396 562; baseline 0.001 -12"><span class='ocrx_word' id='word_1_128' title='bbox 1317 526 1460 551; x_wconf 89' lang='lat' dir='ltr'>manere</span> <span class='ocrx_word' id='word_1_129' title='bbox 1495 516 1620 552; x_wconf 90' lang='lat' dir='ltr'>victori</span> <span class='ocrx_word' id='word_1_130' title='bbox 1657 516 1867 551; x_wconf 85' lang='lat' dir='ltr'>sententiam</span> <span class='ocrx_word' id='word_1_131' title='bbox 1905 518 2095 552; x_wconf 84' lang='lat' dir='ltr'>sancimus.</span> <span class='ocrx_word' id='word_1_132' title='bbox 2144 517 2242 552; x_wconf 85' lang='lat' dir='ltr'>Haec</span> <span class='ocrx_word' id='word_1_133' title='bbox 2275 518 2396 562; x_wconf 84' lang='lat' dir='ltr'>itaque</span> 
     </span>
     <span class='ocr_line' id='line_1_21' title="bbox 1317 561 2396 607; baseline 0.001 -11"><span class='ocrx_word' id='word_1_134' title='bbox 1317 561 1531 606; x_wconf 91' lang='lat' dir='ltr'>placuerunt</span> <span class='ocrx_word' id='word_1_135' title='bbox 1569 562 1670 597; x_wconf 90' lang='lat' dir='ltr'>nobis</span> <span class='ocrx_word' id='word_1_136' title='bbox 1709 565 1746 596; x_wconf 89' lang='lat' dir='ltr'>et</span> <span class='ocrx_word' id='word_1_137' title='bbox 1783 561 1820 595; x_wconf 93' lang='lat' dir='ltr'>in</span> <span class='ocrx_word' id='word_1_138' title='bbox 1861 562 2039 596; x_wconf 90' lang='lat' dir='ltr'>communi</span> <span class='ocrx_word' id='word_1_139' title='bbox 2078 563 2154 606; x_wconf 89' lang='lat' dir='ltr'>lege</span> <span class='ocrx_word' id='word_1_140' title='bbox 2191 563 2396 607; x_wconf 85' lang='lat' dir='ltr'>conscripta</span> 
     </span>
     <span class='ocr_line' id='line_1_22' title="bbox 1318 606 2395 650; baseline 0.002 -9"><span class='ocrx_word' id='word_1_141' title='bbox 1318 611 1412 650; x_wconf 84' lang='lat' dir='ltr'>sunt,</span> <span class='ocrx_word' id='word_1_142' title='bbox 1446 609 1481 641; x_wconf 91' lang='lat' dir='ltr'>et</span> <span class='ocrx_word' id='word_1_143' title='bbox 1504 607 1664 642; x_wconf 89' lang='lat' dir='ltr'>obtinere</span> <span class='ocrx_word' id='word_1_144' title='bbox 1698 607 1807 650; x_wconf 90' lang='lat' dir='ltr'>legem</span> <span class='ocrx_word' id='word_1_145' title='bbox 1839 606 1933 641; x_wconf 86' lang='lat' dir='ltr'>hanc</span> <span class='ocrx_word' id='word_1_146' title='bbox 1956 607 2118 643; x_wconf 92' lang='lat' dir='ltr'>volumus</span> <span class='ocrx_word' id='word_1_147' title='bbox 2152 610 2188 642; x_wconf 87' lang='lat' dir='ltr'>et</span> <span class='ocrx_word' id='word_1_148' title='bbox 2211 607 2306 643; x_wconf 90' lang='lat' dir='ltr'>illius</span> <span class='ocrx_word' id='word_1_149' title='bbox 2332 609 2395 643; x_wconf 93' lang='lat' dir='ltr'>ob-</span> 
     </span>
    </p>
   </div>
   <div class='ocr_carea' id='block_1_7' title="bbox 173 652 1564 708">
    <p class='ocr_par' dir='ltr' id='par_1_7' title="bbox 173 652 1564 708">
     <span class='ocr_line' id='line_1_23' title="bbox 173 652 1564 708; baseline 0 -21"><span class='ocrx_word' id='word_1_150' title='bbox 173 656 317 700; x_wconf 86' lang='grc' dir='ltr'><strong><em>κρατεῖν</em></strong></span> <span class='ocrx_word' id='word_1_151' title='bbox 337 666 377 687; x_wconf 90' lang='grc' dir='ltr'>τε</span> <span class='ocrx_word' id='word_1_152' title='bbox 392 666 457 687; x_wconf 91' lang='grc' dir='ltr'>τον</span> <span class='ocrx_word' id='word_1_153' title='bbox 471 660 587 708; x_wconf 63' lang='grc' dir='ltr'><strong><em>νομον</em></strong></span> <span class='ocrx_word' id='word_1_154' title='bbox 611 654 739 687; x_wconf 81' lang='grc' dir='ltr'><strong><em>τοῦτον</em></strong></span> <span class='ocrx_word' id='word_1_155' title='bbox 762 652 973 697; x_wconf 75' lang='grc' dir='ltr'><strong><em>βουλόμεθα</em></strong></span> <span class='ocrx_word' id='word_1_156' title='bbox 996 656 1056 686; x_wconf 88' lang='grc' dir='ltr'>καὶ</span> <span class='ocrx_word' id='word_1_157' title='bbox 1077 665 1143 696; x_wconf 89' lang='grc' dir='ltr'>την</span> <span class='ocrx_word' id='word_1_158' title='bbox 1164 655 1249 686; x_wconf 80' lang='grc' dir='ltr'><strong><em>ἐκεί-</em></strong></span> <span class='ocrx_word' id='word_1_159' title='bbox 1265 656 1304 687; x_wconf 89' lang='grc'>10</span> <span class='ocrx_word' id='word_1_160' title='bbox 1318 652 1564 688; x_wconf 83' lang='lat' dir='ltr'>servationem.</span> 
     </span>
    </p>
   </div>
   <div class='ocr_carea' id='block_1_8' title="bbox 172 695 1251 877">
    <p class='ocr_par' dir='ltr' id='par_1_8' title="bbox 172 695 1251 877">
     <span class='ocr_line' id='line_1_24' title="bbox 172 695 1251 745; baseline -0.004 -10"><span class='ocrx_word' id='word_1_161' title='bbox 172 699 197 735; x_wconf 78' lang='grc'>2</span> <span class='ocrx_word' id='word_1_162' title='bbox 243 711 306 732; x_wconf 87' lang='grc' dir='ltr'>νου</span> <span class='ocrx_word' id='word_1_163' title='bbox 337 710 598 745; x_wconf 87' lang='grc' dir='ltr'><strong><em>παρατηρησιν.</em></strong></span> <span class='ocrx_word' id='word_1_164' title='bbox 653 695 742 732; x_wconf 84' lang='grc' dir='ltr'><strong><em>ἀλλὰ</em></strong></span> <span class='ocrx_word' id='word_1_165' title='bbox 773 696 898 733; x_wconf 83' lang='grc' dir='ltr'><strong><em>πολλοὶ</em></strong></span> <span class='ocrx_word' id='word_1_166' title='bbox 931 696 1136 743; x_wconf 86' lang='grc' dir='ltr'><strong><em>προςῆλθον</em></strong></span> <span class='ocrx_word' id='word_1_167' title='bbox 1168 695 1251 741; x_wconf 83' lang='grc' dir='ltr'><strong><em>ἡμῖν</em></strong></span> 
     </span>
     <span class='ocr_line' id='line_1_25' title="bbox 174 741 1250 790; baseline -0.003 -12"><span class='ocrx_word' id='word_1_168' title='bbox 174 742 369 790; x_wconf 75' lang='grc' dir='ltr'><strong><em>φάσκοντες</em></strong></span> <span class='ocrx_word' id='word_1_169' title='bbox 404 741 508 777; x_wconf 78' lang='grc' dir='ltr'><strong><em>αὐτοὶ</em></strong></span> <span class='ocrx_word' id='word_1_170' title='bbox 537 745 605 787; x_wconf 82' lang='grc' dir='ltr'>μὲν</span> <span class='ocrx_word' id='word_1_171' title='bbox 636 742 883 790; x_wconf 89' lang='grc' dir='ltr'><strong><em>προςαγγεῖλαι</em></strong></span> <span class='ocrx_word' id='word_1_172' title='bbox 913 746 985 776; x_wconf 86' lang='grc' dir='ltr'><strong><em>τοῖς</em></strong></span> <span class='ocrx_word' id='word_1_173' title='bbox 1016 745 1158 787; x_wconf 77' lang='grc' dir='ltr'><strong><em>ἐφέταις</em></strong></span> <span class='ocrx_word' id='word_1_174' title='bbox 1190 745 1250 775; x_wconf 82' lang='grc' dir='ltr'>καὶ</span> 
     </span>
     <span class='ocr_line' id='line_1_26' title="bbox 172 784 1251 834; baseline -0.002 -11"><span class='ocrx_word' id='word_1_175' title='bbox 172 788 400 834; x_wconf 78' lang='grc' dir='ltr'><strong><em>βουληθῆναι</em></strong></span> <span class='ocrx_word' id='word_1_176' title='bbox 437 788 504 832; x_wconf 88' lang='grc' dir='ltr'>τὴν</span> <span class='ocrx_word' id='word_1_177' title='bbox 536 787 639 832; x_wconf 88' lang='grc' dir='ltr'><strong><em>δίκην</em></strong></span> <span class='ocrx_word' id='word_1_178' title='bbox 671 789 913 830; x_wconf 77' lang='grc' dir='ltr'><strong><em>ἐξετασθῆναι</em></strong></span> <span class='ocrx_word' id='word_1_179' title='bbox 921 814 930 829; x_wconf 98' lang='grc'><strong><em>,</em></strong></span> <span class='ocrx_word' id='word_1_180' title='bbox 963 784 1003 820; x_wconf 78' lang='grc' dir='ltr'>οὗ</span> <span class='ocrx_word' id='word_1_181' title='bbox 1032 787 1104 831; x_wconf 85' lang='grc' dir='ltr'>μὴν</span> <span class='ocrx_word' id='word_1_182' title='bbox 1128 787 1251 821; x_wconf 81' lang='grc' dir='ltr'><strong><em>αὐτῶν</em></strong></span> 
     </span>
     <span class='ocr_line' id='line_1_27' title="bbox 174 830 1251 877; baseline -0.003 -9"><span class='ocrx_word' id='word_1_183' title='bbox 174 837 250 869; x_wconf 83' lang='grc' dir='ltr'>τῶν</span> <span class='ocrx_word' id='word_1_184' title='bbox 286 832 470 868; x_wconf 80' lang='grc' dir='ltr'><strong><em>δικαστῶν</em></strong></span> <span class='ocrx_word' id='word_1_185' title='bbox 508 838 625 877; x_wconf 84' lang='grc' dir='ltr'><strong><em>τυχεῖν</em></strong></span> <span class='ocrx_word' id='word_1_186' title='bbox 660 831 886 877; x_wconf 73' lang='grc' dir='ltr'><strong><em>ἀνεχομένων</em></strong></span> <span class='ocrx_word' id='word_1_187' title='bbox 926 830 987 866; x_wconf 83' lang='grc' dir='ltr'>διά</span> <span class='ocrx_word' id='word_1_188' title='bbox 1023 844 1124 866; x_wconf 87' lang='grc' dir='ltr'><strong><em>τινας</em></strong></span> <span class='ocrx_word' id='word_1_189' title='bbox 1164 833 1251 866; x_wconf 82' lang='grc' dir='ltr'><strong><em>ἰ’σως</em></strong></span> 
     </span>
    </p>
   </div>
   <div class='ocr_carea' id='block_1_9' title="bbox 1318 696 2396 878">
    <p class='ocr_par' dir='ltr' id='par_1_9' title="bbox 1318 696 2396 878">
     <span class='ocr_line' id='line_1_28' title="bbox 1319 696 2394 742; baseline 0 -10"><span class='ocrx_word' id='word_1_190' title='bbox 1319 697 1343 732; x_wconf 81' lang='grc'>2</span> <span class='ocrx_word' id='word_1_191' title='bbox 1389 697 1459 732; x_wconf 89' lang='lat' dir='ltr'>Sed</span> <span class='ocrx_word' id='word_1_192' title='bbox 1482 698 1624 742; x_wconf 86' lang='lat' dir='ltr'>plurimi</span> <span class='ocrx_word' id='word_1_193' title='bbox 1648 697 1962 741; x_wconf 84' lang='lat' dir='ltr'>interpellaverunt</span> <span class='ocrx_word' id='word_1_194' title='bbox 1985 707 2050 731; x_wconf 90' lang='lat' dir='ltr'>nos</span> <span class='ocrx_word' id='word_1_195' title='bbox 2075 696 2232 732; x_wconf 89' lang='lat' dir='ltr'>dicentes</span> <span class='ocrx_word' id='word_1_196' title='bbox 2257 708 2295 732; x_wconf 90' lang='lat' dir='ltr'>se</span> <span class='ocrx_word' id='word_1_197' title='bbox 2319 698 2394 742; x_wconf 88' lang='lat' dir='ltr'>qui-</span> 
     </span>
     <span class='ocr_line' id='line_1_29' title="bbox 1319 742 2394 787; baseline 0.001 -10"><span class='ocrx_word' id='word_1_198' title='bbox 1319 742 1398 777; x_wconf 91' lang='lat' dir='ltr'>dem</span> <span class='ocrx_word' id='word_1_199' title='bbox 1423 743 1656 778; x_wconf 88' lang='lat' dir='ltr'>denuntiasse·</span> <span class='ocrx_word' id='word_1_200' title='bbox 1675 742 1937 787; x_wconf 83' lang='lat' dir='ltr'>appellantibus</span> <span class='ocrx_word' id='word_1_201' title='bbox 1962 745 1997 777; x_wconf 88' lang='lat' dir='ltr'>et</span> <span class='ocrx_word' id='word_1_202' title='bbox 2016 742 2169 777; x_wconf 88' lang='lat' dir='ltr'>voluisse</span> <span class='ocrx_word' id='word_1_203' title='bbox 2194 743 2291 778; x_wconf 88' lang='lat' dir='ltr'>litem</span> <span class='ocrx_word' id='word_1_204' title='bbox 2311 754 2394 778; x_wconf 83' lang='lat' dir='ltr'>exa-</span> 
     </span>
     <span class='ocr_line' id='line_1_30' title="bbox 1319 787 2396 832; baseline 0.002 -11"><span class='ocrx_word' id='word_1_205' title='bbox 1319 788 1463 831; x_wconf 88' lang='lat' dir='ltr'>minari,</span> <span class='ocrx_word' id='word_1_206' title='bbox 1504 799 1575 823; x_wconf 89' lang='lat' dir='ltr'>non</span> <span class='ocrx_word' id='word_1_207' title='bbox 1615 797 1733 823; x_wconf 82' lang='lat' dir='ltr'>tamen</span> <span class='ocrx_word' id='word_1_208' title='bbox 1773 788 1817 823; x_wconf 89' lang='lat' dir='ltr'>ab</span> <span class='ocrx_word' id='word_1_209' title='bbox 1858 787 1945 832; x_wconf 92' lang='lat' dir='ltr'>ipsis</span> <span class='ocrx_word' id='word_1_210' title='bbox 1988 787 2165 822; x_wconf 91' lang='lat' dir='ltr'>iudicibus</span> <span class='ocrx_word' id='word_1_211' title='bbox 2204 788 2396 832; x_wconf 87' lang='lat' dir='ltr'>impetrare</span> 
     </span>
     <span class='ocr_line' id='line_1_31' title="bbox 1318 832 2394 878; baseline 0.002 -12"><span class='ocrx_word' id='word_1_212' title='bbox 1318 833 1471 868; x_wconf 81' lang='lat' dir='ltr'>valuisse</span> <span class='ocrx_word' id='word_1_213' title='bbox 1504 837 1651 878; x_wconf 88' lang='lat' dir='ltr'>propter</span> <span class='ocrx_word' id='word_1_214' title='bbox 1683 833 1852 877; x_wconf 87' lang='lat' dir='ltr'>quasdam</span> <span class='ocrx_word' id='word_1_215' title='bbox 1880 832 2004 868; x_wconf 87' lang='lat' dir='ltr'>forsan</span> <span class='ocrx_word' id='word_1_216' title='bbox 2035 833 2254 868; x_wconf 87' lang='lat' dir='ltr'>inevitabiles</span> <span class='ocrx_word' id='word_1_217' title='bbox 2289 845 2394 868; x_wconf 91' lang='lat' dir='ltr'>occu-</span> 
     </span>
    </p>
   </div>
   <div class='ocr_carea' id='block_1_10' title="bbox 173 875 2396 934">
    <p class='ocr_par' dir='ltr' id='par_1_10' title="bbox 173 875 2396 934">
     <span class='ocr_line' id='line_1_32' title="bbox 173 875 2396 934; baseline -0.001 -20"><span class='ocrx_word' id='word_1_218' title='bbox 173 877 434 934; x_wconf 64' lang='grc' dir='ltr'><strong><em>ξιπαραιτήτους</em></strong></span> <span class='ocrx_word' id='word_1_219' title='bbox 457 877 637 933; x_wconf 57' lang='grc' dir='ltr'><strong><em>ἀσχρλίας·</em></strong></span> <span class='ocrx_word' id='word_1_220' title='bbox 673 880 709 913; x_wconf 83' lang='grc' dir='ltr'>οἱ</span> <span class='ocrx_word' id='word_1_221' title='bbox 739 877 779 912; x_wconf 81' lang='grc' dir='ltr'>δὲ</span> <span class='ocrx_word' id='word_1_222' title='bbox 808 881 867 912; x_wconf 82' lang='grc' dir='ltr'>καὶ</span> <span class='ocrx_word' id='word_1_223' title='bbox 898 875 1042 922; x_wconf 74' lang='grc' dir='ltr'><strong><em>ἀνέμων</em></strong></span> <span class='ocrx_word' id='word_1_224' title='bbox 1063 878 1248 930; x_wconf 33' lang='grc' dir='ltr'><strong><em>Νᾶμετρίαν</em></strong></span> <span class='ocrx_word' id='word_1_225' title='bbox 1266 881 1303 913; x_wconf 86' lang='grc'>15</span> <span class='ocrx_word' id='word_1_226' title='bbox 1317 878 1498 922; x_wconf 81' lang='lat' dir='ltr'>pationes3</span> <span class='ocrx_word' id='word_1_227' title='bbox 1544 880 1603 913; x_wconf 88' lang='lat' dir='ltr'>alii</span> <span class='ocrx_word' id='word_1_228' title='bbox 1643 889 1726 914; x_wconf 92' lang='lat' dir='ltr'>vero</span> <span class='ocrx_word' id='word_1_229' title='bbox 1766 879 1871 913; x_wconf 89' lang='lat' dir='ltr'>etiam</span> <span class='ocrx_word' id='word_1_230' title='bbox 1910 880 2095 913; x_wconf 89' lang='lat' dir='ltr'>ventorum</span> <span class='ocrx_word' id='word_1_231' title='bbox 2134 878 2396 914; x_wconf 87' lang='lat' dir='ltr'>inmensitatem</span> 
     </span>
    </p>
   </div>
   <div class='ocr_carea' id='block_1_11' title="bbox 172 920 1250 1021">
    <p class='ocr_par' dir='ltr' id='par_1_11' title="bbox 172 920 1250 1021">
     <span class='ocr_line' id='line_1_33' title="bbox 172 920 1249 972; baseline -0.004 -13"><span class='ocrx_word' id='word_1_232' title='bbox 172 923 388 972; x_wconf 76' lang='grc' dir='ltr'><strong><em>ῃτιάσαντο,</em></strong></span> <span class='ocrx_word' id='word_1_233' title='bbox 430 928 489 959; x_wconf 84' lang='grc' dir='ltr'>καὶ</span> <span class='ocrx_word' id='word_1_234' title='bbox 524 938 581 959; x_wconf 90' lang='grc' dir='ltr'>οτι</span> <span class='ocrx_word' id='word_1_235' title='bbox 615 923 718 958; x_wconf 83' lang='grc' dir='ltr'><strong><em>πλεῖν</em></strong></span> <span class='ocrx_word' id='word_1_236' title='bbox 749 922 813 958; x_wconf 79' lang='grc' dir='ltr'>οὐκ</span> <span class='ocrx_word' id='word_1_237' title='bbox 848 923 930 966; x_wconf 81' lang='grc' dir='ltr'><strong><em>ἐξῆν</em></strong></span> <span class='ocrx_word' id='word_1_238' title='bbox 966 925 1004 955; x_wconf 81' lang='grc' dir='ltr'>ἐκ</span> <span class='ocrx_word' id='word_1_239' title='bbox 1038 934 1098 965; x_wconf 89' lang='grc' dir='ltr'>της</span> <span class='ocrx_word' id='word_1_240' title='bbox 1131 920 1249 968; x_wconf 83' lang='grc' dir='ltr'><strong><em>χώρας</em></strong></span> 
     </span>
     <span class='ocr_line' id='line_1_34' title="bbox 174 965 1250 1021; baseline -0.003 -18"><span class='ocrx_word' id='word_1_241' title='bbox 174 973 352 1005; x_wconf 81' lang='grc' dir='ltr'><strong><em>ἐναντίων</em></strong></span> <span class='ocrx_word' id='word_1_242' title='bbox 376 969 656 1006; x_wconf 83' lang='grc' dir='ltr'><strong><em>ἅπελαυνόντων</em></strong></span> <span class='ocrx_word' id='word_1_243' title='bbox 682 966 911 1013; x_wconf 85' lang='grc' dir='ltr'><strong><em>πνευμάτων,</em></strong></span> <span class='ocrx_word' id='word_1_244' title='bbox 933 965 1099 1021; x_wconf 48' lang='grc' dir='ltr'><strong><em>,πεζεύειν</em></strong></span> <span class='ocrx_word' id='word_1_245' title='bbox 1123 966 1163 1001; x_wconf 78' lang='grc' dir='ltr'>δὲ</span> <span class='ocrx_word' id='word_1_246' title='bbox 1186 967 1250 1000; x_wconf 77' lang='grc' dir='ltr'>οὐκ</span> 
     </span>
    </p>
   </div>
   <div class='ocr_carea' id='block_1_12' title="bbox 172 1012 1249 1103">
    <p class='ocr_par' dir='ltr' id='par_1_12' title="bbox 172 1012 1249 1103">
     <span class='ocr_line' id='line_1_35' title="bbox 172 1012 1249 1060; baseline -0.004 -11"><span class='ocrx_word' id='word_1_247' title='bbox 172 1017 295 1058; x_wconf 84' lang='grc' dir='ltr'><strong><em>ἴσχυον</em></strong></span> <span class='ocrx_word' id='word_1_248' title='bbox 319 1014 379 1049; x_wconf 82' lang='grc' dir='ltr'>διὰ</span> <span class='ocrx_word' id='word_1_249' title='bbox 403 1016 469 1059; x_wconf 87' lang='grc' dir='ltr'>τὴν</span> <span class='ocrx_word' id='word_1_250' title='bbox 498 1016 575 1050; x_wconf 80' lang='grc' dir='ltr'>τῶν</span> <span class='ocrx_word' id='word_1_251' title='bbox 604 1014 724 1049; x_wconf 81' lang='grc' dir='ltr'><strong><em>ὄντων</em></strong></span> <span class='ocrx_word' id='word_1_252' title='bbox 748 1015 904 1060; x_wconf 77' lang='grc' dir='ltr'><strong><em>ἀπορίαν</em></strong></span> <span class='ocrx_word' id='word_1_253' title='bbox 930 1026 951 1055; x_wconf 91' lang='grc' dir='ltr'><strong><em>η</em></strong></span> <span class='ocrx_word' id='word_1_254' title='bbox 979 1012 1037 1047; x_wconf 85' lang='grc' dir='ltr'>ὁτι</span> <span class='ocrx_word' id='word_1_255' title='bbox 1070 1014 1249 1055; x_wconf 75' lang='grc' dir='ltr'><strong><em>νησιῶται</em></strong></span> 
     </span>
     <span class='ocr_line' id='line_1_36' title="bbox 172 1055 1249 1103; baseline -0.004 -8"><span class='ocrx_word' id='word_1_256' title='bbox 172 1061 279 1103; x_wconf 80' lang='grc' dir='ltr'><strong><em>τυχὸν</em></strong></span> <span class='ocrx_word' id='word_1_257' title='bbox 311 1059 410 1095; x_wconf 78' lang='grc' dir='ltr'><strong><em>ὄντες</em></strong></span> <span class='ocrx_word' id='word_1_258' title='bbox 441 1059 554 1094; x_wconf 77' lang='grc' dir='ltr'><strong><em>ἄλλως</em></strong></span> <span class='ocrx_word' id='word_1_259' title='bbox 584 1061 614 1093; x_wconf 81' lang='grc' dir='ltr'>εἰ</span> <span class='ocrx_word' id='word_1_260' title='bbox 643 1059 692 1103; x_wconf 88' lang='grc' dir='ltr'>μὴ</span> <span class='ocrx_word' id='word_1_261' title='bbox 716 1056 1003 1093; x_wconf 79' lang='grc' dir='ltr'><strong><em>θαλαττεύοντες</em></strong></span> <span class='ocrx_word' id='word_1_262' title='bbox 1031 1057 1155 1092; x_wconf 82' lang='grc' dir='ltr'><strong><em>ἐλθεῖν</em></strong></span> <span class='ocrx_word' id='word_1_263' title='bbox 1187 1055 1249 1091; x_wconf 74' lang='grc' dir='ltr'>οὐκ</span> 
     </span>
    </p>
   </div>
   <div class='ocr_carea' id='block_1_13' title="bbox 1318 923 2396 1104">
    <p class='ocr_par' dir='ltr' id='par_1_13' title="bbox 1318 923 2396 1104">
     <span class='ocr_line' id='line_1_37' title="bbox 1318 923 2394 969; baseline 0.001 -12"><span class='ocrx_word' id='word_1_264' title='bbox 1318 927 1578 958; x_wconf 87' lang='lat' dir='ltr'>accusaverunt</span> <span class='ocrx_word' id='word_1_265' title='bbox 1609 927 1644 959; x_wconf 88' lang='lat' dir='ltr'>et</span> <span class='ocrx_word' id='word_1_266' title='bbox 1668 925 1752 969; x_wconf 89' lang='lat' dir='ltr'>quia</span> <span class='ocrx_word' id='word_1_267' title='bbox 1776 925 1942 968; x_wconf 82' lang='lat' dir='ltr'>navigare</span> <span class='ocrx_word' id='word_1_268' title='bbox 1970 934 2040 958; x_wconf 92' lang='lat' dir='ltr'>non</span> <span class='ocrx_word' id='word_1_269' title='bbox 2064 923 2226 959; x_wconf 87' lang='lat' dir='ltr'>licuisset</span> <span class='ocrx_word' id='word_1_270' title='bbox 2250 924 2292 958; x_wconf 93' lang='lat' dir='ltr'>de</span> <span class='ocrx_word' id='word_1_271' title='bbox 2312 935 2394 969; x_wconf 89' lang='lat' dir='ltr'>pro-</span> 
     </span>
     <span class='ocr_line' id='line_1_38' title="bbox 1318 967 2395 1013; baseline 0.002 -11"><span class='ocrx_word' id='word_1_272' title='bbox 1318 967 1434 1003; x_wconf 86' lang='lat' dir='ltr'>vincia</span> <span class='ocrx_word' id='word_1_273' title='bbox 1466 970 1652 1004; x_wconf 86' lang='lat' dir='ltr'>contrariis</span> <span class='ocrx_word' id='word_1_274' title='bbox 1683 969 1852 1005; x_wconf 87' lang='lat' dir='ltr'>flantibus</span> <span class='ocrx_word' id='word_1_275' title='bbox 1884 969 2014 1012; x_wconf 87' lang='lat' dir='ltr'>ventis,</span> <span class='ocrx_word' id='word_1_276' title='bbox 2053 979 2118 1013; x_wconf 89' lang='lat' dir='ltr'>per</span> <span class='ocrx_word' id='word_1_277' title='bbox 2150 971 2281 1004; x_wconf 90' lang='lat' dir='ltr'>terram</span> <span class='ocrx_word' id='word_1_278' title='bbox 2313 980 2395 1004; x_wconf 91' lang='lat' dir='ltr'>vero</span> 
     </span>
     <span class='ocr_line' id='line_1_39' title="bbox 1319 1013 2396 1060; baseline 0.001 -13"><span class='ocrx_word' id='word_1_279' title='bbox 1319 1013 1438 1048; x_wconf 88' lang='lat' dir='ltr'>venire</span> <span class='ocrx_word' id='word_1_280' title='bbox 1461 1024 1533 1049; x_wconf 92' lang='lat' dir='ltr'>non</span> <span class='ocrx_word' id='word_1_281' title='bbox 1557 1016 1714 1049; x_wconf 87' lang='lat' dir='ltr'>valentes</span> <span class='ocrx_word' id='word_1_282' title='bbox 1739 1017 1886 1060; x_wconf 89' lang='lat' dir='ltr'>propter</span> <span class='ocrx_word' id='word_1_283' title='bbox 1908 1015 2074 1059; x_wconf 90' lang='lat' dir='ltr'>inopiam,</span> <span class='ocrx_word' id='word_1_284' title='bbox 2104 1019 2168 1049; x_wconf 92' lang='lat' dir='ltr'>aut</span> <span class='ocrx_word' id='word_1_285' title='bbox 2192 1017 2289 1050; x_wconf 88' lang='lat' dir='ltr'>certe</span> <span class='ocrx_word' id='word_1_286' title='bbox 2313 1014 2396 1059; x_wconf 86' lang='lat' dir='ltr'>quia</span> 
     </span>
     <span class='ocr_line' id='line_1_40' title="bbox 1318 1058 2396 1104; baseline 0.002 -12"><span class='ocrx_word' id='word_1_287' title='bbox 1318 1058 1354 1092; x_wconf 91' lang='lat' dir='ltr'>in</span> <span class='ocrx_word' id='word_1_288' title='bbox 1384 1058 1500 1093; x_wconf 91' lang='lat' dir='ltr'>insula</span> <span class='ocrx_word' id='word_1_289' title='bbox 1530 1065 1791 1095; x_wconf 89' lang='lat' dir='ltr'>commanentes</span> <span class='ocrx_word' id='word_1_290' title='bbox 1823 1061 1924 1095; x_wconf 89' lang='lat' dir='ltr'>aliter</span> <span class='ocrx_word' id='word_1_291' title='bbox 1959 1060 2027 1095; x_wconf 90' lang='lat' dir='ltr'>nisi</span> <span class='ocrx_word' id='word_1_292' title='bbox 2050 1070 2115 1104; x_wconf 90' lang='lat' dir='ltr'>per</span> <span class='ocrx_word' id='word_1_293' title='bbox 2146 1070 2244 1094; x_wconf 91' lang='lat' dir='ltr'>mare</span> <span class='ocrx_word' id='word_1_294' title='bbox 2278 1060 2396 1094; x_wconf 90' lang='lat' dir='ltr'>venire</span> 
     </span>
    </p>
   </div>
   <div class='ocr_carea' id='block_1_14' title="bbox 173 1101 2397 1157">
    <p class='ocr_par' dir='ltr' id='par_1_14' title="bbox 173 1101 2397 1157">
     <span class='ocr_line' id='line_1_41' title="bbox 173 1101 2397 1157; baseline 0 -18"><span class='ocrx_word' id='word_1_295' title='bbox 173 1103 369 1148; x_wconf 70' lang='grc' dir='ltr'><strong><em>ἠδύναντο,</em></strong></span> <span class='ocrx_word' id='word_1_296' title='bbox 401 1109 460 1139; x_wconf 81' lang='grc' dir='ltr'>καὶ</span> <span class='ocrx_word' id='word_1_297' title='bbox 492 1104 551 1139; x_wconf 81' lang='grc' dir='ltr'><strong><em>διὰ</em></strong></span> <span class='ocrx_word' id='word_1_298' title='bbox 579 1117 686 1138; x_wconf 82' lang='grc' dir='ltr'><strong><em>τουτο</em></strong></span> <span class='ocrx_word' id='word_1_299' title='bbox 716 1103 778 1138; x_wconf 83' lang='grc' dir='ltr'><strong><em>οὐκ</em></strong></span> <span class='ocrx_word' id='word_1_300' title='bbox 809 1101 1248 1157; x_wconf 28' lang='grc' dir='ltr'><strong><em>ὶσχυσανὶἆγῳνίσασθαι</em></strong></span> <span class='ocrx_word' id='word_1_301' title='bbox 1262 1106 1303 1137; x_wconf 83' lang='grc'>20</span> <span class='ocrx_word' id='word_1_302' title='bbox 1318 1113 1390 1138; x_wconf 90' lang='lat' dir='ltr'>non</span> <span class='ocrx_word' id='word_1_303' title='bbox 1413 1107 1590 1147; x_wconf 87' lang='lat' dir='ltr'>poterant,</span> <span class='ocrx_word' id='word_1_304' title='bbox 1616 1109 1651 1138; x_wconf 90' lang='lat' dir='ltr'>et</span> <span class='ocrx_word' id='word_1_305' title='bbox 1671 1107 1862 1149; x_wconf 88' lang='lat' dir='ltr'>propterea</span> <span class='ocrx_word' id='word_1_306' title='bbox 1885 1116 1956 1140; x_wconf 89' lang='lat' dir='ltr'>non</span> <span class='ocrx_word' id='word_1_307' title='bbox 1980 1106 2169 1140; x_wconf 90' lang='lat' dir='ltr'>valuerunt</span> <span class='ocrx_word' id='word_1_308' title='bbox 2192 1105 2397 1140; x_wconf 84' lang='lat' dir='ltr'>examinare</span> 
     </span>
    </p>
   </div>
   <div class='ocr_carea' id='block_1_15' title="bbox 173 1146 1250 1339">
    <p class='ocr_par' dir='ltr' id='par_1_15' title="bbox 173 1146 1250 1339">
     <span class='ocr_line' id='line_1_42' title="bbox 173 1146 1249 1197; baseline -0.003 -13"><span class='ocrx_word' id='word_1_309' title='bbox 173 1155 274 1197; x_wconf 73' lang='grc' dir='ltr'><strong><em>μέχρι</em></strong></span> <span class='ocrx_word' id='word_1_310' title='bbox 299 1154 450 1197; x_wconf 78' lang='grc' dir='ltr'><strong><em>πέρατος</em></strong></span> <span class='ocrx_word' id='word_1_311' title='bbox 480 1149 546 1194; x_wconf 83' lang='grc' dir='ltr'>τὴν</span> <span class='ocrx_word' id='word_1_312' title='bbox 576 1147 760 1184; x_wconf 80' lang='grc' dir='ltr'><strong><em>ὑπόθεσιν</em></strong></span> <span class='ocrx_word' id='word_1_313' title='bbox 789 1147 871 1182; x_wconf 78' lang='grc' dir='ltr'><strong><em>οὐδὲ</em></strong></span> <span class='ocrx_word' id='word_1_314' title='bbox 894 1161 985 1182; x_wconf 85' lang='grc' dir='ltr'><strong><em>κατα</em></strong></span> <span class='ocrx_word' id='word_1_315' title='bbox 1016 1162 1057 1182; x_wconf 91' lang='grc' dir='ltr'>το</span> <span class='ocrx_word' id='word_1_316' title='bbox 1083 1146 1249 1194; x_wconf 78' lang='grc' dir='ltr'><strong><em>δεύτερον</em></strong></span> 
     </span>
     <span class='ocr_line' id='line_1_43' title="bbox 173 1190 1247 1240; baseline -0.004 -10"><span class='ocrx_word' id='word_1_317' title='bbox 173 1198 265 1237; x_wconf 81' lang='grc' dir='ltr'><strong><em>ἔτος,</em></strong></span> <span class='ocrx_word' id='word_1_318' title='bbox 282 1200 344 1229; x_wconf 90' lang='grc' dir='ltr'>καί</span> <span class='ocrx_word' id='word_1_319' title='bbox 356 1208 450 1230; x_wconf 84' lang='grc' dir='ltr'><strong><em>τινες</em></strong></span> <span class='ocrx_word' id='word_1_320' title='bbox 464 1195 654 1239; x_wconf 81' lang='grc' dir='ltr'><strong><em>χειμώνων</em></strong></span> <span class='ocrx_word' id='word_1_321' title='bbox 668 1193 819 1240; x_wconf 80' lang='grc' dir='ltr'><strong><em>ἀωρίαν,</em></strong></span> <span class='ocrx_word' id='word_1_322' title='bbox 837 1192 936 1227; x_wconf 78' lang='grc' dir='ltr'><strong><em>ἄλλοι</em></strong></span> <span class='ocrx_word' id='word_1_323' title='bbox 954 1190 1079 1227; x_wconf 79' lang='grc' dir='ltr'><strong><em>νόσους</em></strong></span> <span class='ocrx_word' id='word_1_324' title='bbox 1094 1191 1247 1240; x_wconf 76' lang='grc' dir='ltr'><strong><em>ἀπαραι-</em></strong></span> 
     </span>
     <span class='ocr_line' id='line_1_44' title="bbox 173 1236 1249 1286; baseline -0.003 -11"><span class='ocrx_word' id='word_1_325' title='bbox 173 1241 313 1283; x_wconf 81' lang='grc' dir='ltr'><strong><em>τήτους·</em></strong></span> <span class='ocrx_word' id='word_1_326' title='bbox 332 1237 423 1286; x_wconf 72' lang='grc' dir='ltr'><strong><em>ἅπερ</em></strong></span> <span class='ocrx_word' id='word_1_327' title='bbox 440 1238 587 1274; x_wconf 73' lang='grc' dir='ltr'><strong><em>ἅπαντα</em></strong></span> <span class='ocrx_word' id='word_1_328' title='bbox 607 1239 645 1280; x_wconf 80' lang='grc' dir='ltr'>ἐξ</span> <span class='ocrx_word' id='word_1_329' title='bbox 666 1236 789 1273; x_wconf 76' lang='grc' dir='ltr'><strong><em>αὐτῶν</em></strong></span> <span class='ocrx_word' id='word_1_330' title='bbox 806 1240 909 1283; x_wconf 86' lang='grc' dir='ltr'><strong><em>ἴσμεν</em></strong></span> <span class='ocrx_word' id='word_1_331' title='bbox 930 1240 1005 1272; x_wconf 82' lang='grc' dir='ltr'>τῶν</span> <span class='ocrx_word' id='word_1_332' title='bbox 1023 1237 1249 1284; x_wconf 81' lang='grc' dir='ltr'><strong><em>πραγμάτων</em></strong></span> 
     </span>
     <span class='ocr_line' id='line_1_45' title="bbox 174 1281 1250 1339; baseline -0.002 -20"><span class='ocrx_word' id='word_1_333' title='bbox 174 1284 257 1330; x_wconf 87' lang='grc' dir='ltr'><strong><em>ἡμῖν</em></strong></span> <span class='ocrx_word' id='word_1_334' title='bbox 277 1284 599 1339; x_wconf 74' lang='grc' dir='ltr'><strong><em>προςαγγελθέντα.</em></strong></span> <span class='ocrx_word' id='word_1_335' title='bbox 647 1281 733 1338; x_wconf 67' lang='grc' dir='ltr'><strong><em>ᾢςτε</em></strong></span> <span class='ocrx_word' id='word_1_336' title='bbox 757 1282 844 1328; x_wconf 79' lang='grc' dir='ltr'><strong><em>ἡμᾶς</em></strong></span> <span class='ocrx_word' id='word_1_337' title='bbox 864 1285 978 1318; x_wconf 79' lang='grc' dir='ltr'><strong><em>ταῦτα</em></strong></span> <span class='ocrx_word' id='word_1_338' title='bbox 1003 1281 1149 1318; x_wconf 80' lang='grc' dir='ltr'><strong><em>δικαίως</em></strong></span> <span class='ocrx_word' id='word_1_339' title='bbox 1173 1282 1250 1317; x_wconf 81' lang='grc' dir='ltr'><strong><em>ἐτά-</em></strong></span> 
     </span>
    </p>
   </div>
   <div class='ocr_carea' id='block_1_16' title="bbox 173 1327 2060 1385">
    <p class='ocr_par' dir='ltr' id='par_1_16' title="bbox 173 1327 2060 1385">
     <span class='ocr_line' id='line_1_46' title="bbox 173 1327 2060 1385; baseline 0.001 -21"><span class='ocrx_word' id='word_1_340' title='bbox 173 1344 281 1376; x_wconf 85' lang='grc' dir='ltr'><strong><em>ραττε</em></strong></span> <span class='ocrx_word' id='word_1_341' title='bbox 313 1333 372 1363; x_wconf 86' lang='grc' dir='ltr'>καὶ</span> <span class='ocrx_word' id='word_1_342' title='bbox 402 1344 468 1364; x_wconf 87' lang='grc' dir='ltr'>τον</span> <span class='ocrx_word' id='word_1_343' title='bbox 497 1343 609 1385; x_wconf 48' lang='grc' dir='ltr'><strong><em>νομοΙν</em></strong></span> <span class='ocrx_word' id='word_1_344' title='bbox 639 1331 839 1383; x_wconf 66' lang='grc' dir='ltr'><strong><em>υπερβῆναι</em></strong></span> <span class='ocrx_word' id='word_1_345' title='bbox 862 1327 910 1374; x_wconf 77' lang='grc' dir='ltr'>μὴ</span> <span class='ocrx_word' id='word_1_346' title='bbox 933 1327 1166 1373; x_wconf 79' lang='grc' dir='ltr'><strong><em>βουλομένους</em></strong></span> <span class='ocrx_word' id='word_1_347' title='bbox 1190 1331 1249 1362; x_wconf 80' lang='grc' dir='ltr'>καὶ</span> <span class='ocrx_word' id='word_1_348' title='bbox 1262 1332 1303 1364; x_wconf 80' lang='grc'>25</span> <span class='ocrx_word' id='word_1_349' title='bbox 1318 1330 1428 1373; x_wconf 85' lang='lat' dir='ltr'>legem</span> <span class='ocrx_word' id='word_1_350' title='bbox 1459 1329 1712 1365; x_wconf 75' lang='lat' dir='ltr'>transcendere</span> <span class='ocrx_word' id='word_1_351' title='bbox 1743 1330 1902 1365; x_wconf 77' lang='lat' dir='ltr'>nolentes</span> <span class='ocrx_word' id='word_1_352' title='bbox 1939 1333 1975 1365; x_wconf 79' lang='lat' dir='ltr'>et</span> <span class='ocrx_word' id='word_1_353' title='bbox 2005 1331 2060 1366; x_wconf 84' lang='lat' dir='ltr'>his</span> 
     </span>
    </p>
   </div>
   <div class='ocr_carea' id='block_1_17' title="bbox 171 1372 1250 1559">
    <p class='ocr_par' dir='ltr' id='par_1_17' title="bbox 171 1372 1250 1559">
     <span class='ocr_line' id='line_1_47' title="bbox 172 1372 1248 1422; baseline 0 -14"><span class='ocrx_word' id='word_1_354' title='bbox 172 1378 245 1408; x_wconf 84' lang='grc' dir='ltr'><strong><em>τοῖς</em></strong></span> <span class='ocrx_word' id='word_1_355' title='bbox 268 1374 359 1409; x_wconf 85' lang='grc' dir='ltr'><strong><em>κατά</em></strong></span> <span class='ocrx_word' id='word_1_356' title='bbox 382 1388 464 1409; x_wconf 90' lang='grc' dir='ltr'><strong><em>τινα</em></strong></span> <span class='ocrx_word' id='word_1_357' title='bbox 488 1387 661 1418; x_wconf 88' lang='grc' dir='ltr'><strong><em>τοιαυτην</em></strong></span> <span class='ocrx_word' id='word_1_358' title='bbox 691 1388 846 1422; x_wconf 90' lang='grc' dir='ltr'><strong><em>τυχηραν</em></strong></span> <span class='ocrx_word' id='word_1_359' title='bbox 870 1378 1086 1421; x_wconf 88' lang='grc' dir='ltr'><strong><em>περίστασιν</em></strong></span> <span class='ocrx_word' id='word_1_360' title='bbox 1110 1372 1248 1408; x_wconf 65' lang='lat' dir='ltr'>admov-</span> 
     </span>
     <span class='ocr_line' id='line_1_48' title="bbox 171 1418 1248 1465; baseline 0 -12"><span class='ocrx_word' id='word_1_361' title='bbox 171 1423 289 1465; x_wconf 56' lang='grc' dir='ltr'><strong><em>μένοις</em></strong></span> <span class='ocrx_word' id='word_1_362' title='bbox 320 1418 446 1454; x_wconf 83' lang='grc' dir='ltr'><strong><em>δοῦναι</em></strong></span> <span class='ocrx_word' id='word_1_363' title='bbox 477 1419 656 1464; x_wconf 78' lang='grc' dir='ltr'><strong><em>βοήθειαν</em></strong></span> <span class='ocrx_word' id='word_1_364' title='bbox 688 1419 755 1464; x_wconf 81' lang='grc' dir='ltr'>τὴν</span> <span class='ocrx_word' id='word_1_365' title='bbox 788 1418 945 1462; x_wconf 83' lang='grc' dir='ltr'><strong><em>δυνατὴν</em></strong></span> <span class='ocrx_word' id='word_1_366' title='bbox 970 1419 1248 1464; x_wconf 80' lang='grc' dir='ltr'><strong><em>ἐπιθυμοῦντας.</em></strong></span> 
     </span>
     <span class='ocr_line' id='line_1_49' title="bbox 172 1463 1250 1512; baseline 0.001 -14"><span class='ocrx_word' id='word_1_367' title='bbox 172 1469 210 1498; x_wconf 81' lang='grc' dir='ltr'>τί</span> <span class='ocrx_word' id='word_1_368' title='bbox 231 1467 294 1499; x_wconf 86' lang='grc' dir='ltr'>οὑν</span> <span class='ocrx_word' id='word_1_369' title='bbox 316 1465 489 1512; x_wconf 85' lang='grc' dir='ltr'><strong><em>πράττειν</em></strong></span> <span class='ocrx_word' id='word_1_370' title='bbox 510 1468 624 1511; x_wconf 79' lang='grc' dir='ltr'><strong><em>ἐχρῆν,</em></strong></span> <span class='ocrx_word' id='word_1_371' title='bbox 649 1466 680 1499; x_wconf 84' lang='grc' dir='ltr'>εἰ</span> <span class='ocrx_word' id='word_1_372' title='bbox 699 1464 748 1510; x_wconf 82' lang='grc' dir='ltr'>μὴ</span> <span class='ocrx_word' id='word_1_373' title='bbox 766 1464 853 1512; x_wconf 84' lang='grc' dir='ltr'><strong><em>πρὸς</em></strong></span> <span class='ocrx_word' id='word_1_374' title='bbox 877 1465 990 1509; x_wconf 89' lang='grc' dir='ltr'><strong><em>νόμον</em></strong></span> <span class='ocrx_word' id='word_1_375' title='bbox 1012 1466 1136 1509; x_wconf 74' lang='grc' dir='ltr'><strong><em>ἕτερον</em></strong></span> <span class='ocrx_word' id='word_1_376' title='bbox 1160 1463 1250 1499; x_wconf 85' lang='grc' dir='ltr'><strong><em>ἰδεῖν</em></strong></span> 
     </span>
     <span class='ocr_line' id='line_1_50' title="bbox 171 1509 898 1559; baseline 0.003 -16"><span class='ocrx_word' id='word_1_377' title='bbox 171 1509 217 1544; x_wconf 86' lang='grc' dir='ltr'>τὰ</span> <span class='ocrx_word' id='word_1_378' title='bbox 239 1509 358 1544; x_wconf 84' lang='grc' dir='ltr'><strong><em>εἰκότα</em></strong></span> <span class='ocrx_word' id='word_1_379' title='bbox 383 1513 435 1554; x_wconf 75' lang='grc' dir='ltr'>τῷ</span> <span class='ocrx_word' id='word_1_380' title='bbox 453 1511 638 1559; x_wconf 77' lang='grc' dir='ltr'><strong><em>πράγματι</em></strong></span> <span class='ocrx_word' id='word_1_381' title='bbox 661 1511 898 1555; x_wconf 79' lang='grc' dir='ltr'><strong><em>βοηθοῦντα,-</em></strong></span> 
     </span>
    </p>
   </div>
   <div class='ocr_carea' id='block_1_18' title="bbox 1317 1149 2398 1547">
    <p class='ocr_par' dir='ltr' id='par_1_18' title="bbox 1317 1149 2398 1547">
     <span class='ocr_line' id='line_1_51' title="bbox 1318 1149 2397 1195; baseline 0.003 -13"><span class='ocrx_word' id='word_1_382' title='bbox 1318 1158 1431 1192; x_wconf 90' lang='lat' dir='ltr'>usque</span> <span class='ocrx_word' id='word_1_383' title='bbox 1462 1149 1508 1183; x_wconf 91' lang='lat' dir='ltr'>ad</span> <span class='ocrx_word' id='word_1_384' title='bbox 1541 1149 1648 1184; x_wconf 88' lang='lat' dir='ltr'>finem</span> <span class='ocrx_word' id='word_1_385' title='bbox 1678 1150 1856 1193; x_wconf 83' lang='lat' dir='ltr'>negotium</span> <span class='ocrx_word' id='word_1_386' title='bbox 1890 1161 2004 1195; x_wconf 90' lang='lat' dir='ltr'>neque</span> <span class='ocrx_word' id='word_1_387' title='bbox 2035 1150 2190 1185; x_wconf 91' lang='lat' dir='ltr'>secundo</span> <span class='ocrx_word' id='word_1_388' title='bbox 2220 1161 2325 1192; x_wconf 86' lang='lat' dir='ltr'>anno,</span> <span class='ocrx_word' id='word_1_389' title='bbox 2360 1154 2397 1185; x_wconf 89' lang='lat' dir='ltr'>et</span> 
     </span>
     <span class='ocr_line' id='line_1_52' title="bbox 1319 1193 2394 1239; baseline 0.003 -12"><span class='ocrx_word' id='word_1_390' title='bbox 1319 1193 1462 1237; x_wconf 89' lang='lat' dir='ltr'>quidam</span> <span class='ocrx_word' id='word_1_391' title='bbox 1486 1196 1735 1238; x_wconf 87' lang='lat' dir='ltr'>tempestatum</span> <span class='ocrx_word' id='word_1_392' title='bbox 1767 1195 2014 1238; x_wconf 88' lang='lat' dir='ltr'>acerbitatem,</span> <span class='ocrx_word' id='word_1_393' title='bbox 2051 1195 2113 1230; x_wconf 85' lang='lat' dir='ltr'>alii</span> <span class='ocrx_word' id='word_1_394' title='bbox 2137 1195 2317 1239; x_wconf 86' lang='lat' dir='ltr'>langorem</span> <span class='ocrx_word' id='word_1_395' title='bbox 2341 1196 2394 1230; x_wconf 91' lang='lat' dir='ltr'>in-</span> 
     </span>
     <span class='ocr_line' id='line_1_53' title="bbox 1318 1239 2395 1285; baseline 0.004 -13"><span class='ocrx_word' id='word_1_396' title='bbox 1318 1239 1535 1273; x_wconf 89' lang='lat' dir='ltr'>evitabilem:</span> <span class='ocrx_word' id='word_1_397' title='bbox 1574 1250 1663 1283; x_wconf 88' lang='lat' dir='ltr'>quae</span> <span class='ocrx_word' id='word_1_398' title='bbox 1690 1240 1808 1274; x_wconf 89' lang='lat' dir='ltr'>omnia</span> <span class='ocrx_word' id='word_1_399' title='bbox 1839 1251 1882 1274; x_wconf 88' lang='lat' dir='ltr'>ex</span> <span class='ocrx_word' id='word_1_400' title='bbox 1913 1241 2000 1285; x_wconf 89' lang='lat' dir='ltr'>ipsis</span> <span class='ocrx_word' id='word_1_401' title='bbox 2032 1241 2256 1285; x_wconf 88' lang='lat' dir='ltr'>agnoscimus</span> <span class='ocrx_word' id='word_1_402' title='bbox 2287 1242 2395 1276; x_wconf 90' lang='lat' dir='ltr'>rebus</span> 
     </span>
     <span class='ocr_line' id='line_1_54' title="bbox 1317 1283 2396 1321; baseline 0.003 -3"><span class='ocrx_word' id='word_1_403' title='bbox 1317 1283 1420 1319; x_wconf 89' lang='lat' dir='ltr'>nobis</span> <span class='ocrx_word' id='word_1_404' title='bbox 1444 1284 1643 1319; x_wconf 90' lang='lat' dir='ltr'>insinuatis.</span> <span class='ocrx_word' id='word_1_405' title='bbox 1692 1284 1794 1319; x_wconf 89' lang='lat' dir='ltr'>Unde</span> <span class='ocrx_word' id='word_1_406' title='bbox 1821 1296 1886 1320; x_wconf 90' lang='lat' dir='ltr'>nos</span> <span class='ocrx_word' id='word_1_407' title='bbox 1911 1286 2000 1320; x_wconf 86' lang='lat' dir='ltr'>haec</span> <span class='ocrx_word' id='word_1_408' title='bbox 2028 1286 2120 1321; x_wconf 89' lang='lat' dir='ltr'>iuste</span> <span class='ocrx_word' id='word_1_409' title='bbox 2144 1290 2329 1321; x_wconf 86' lang='lat' dir='ltr'>moverunt</span> <span class='ocrx_word' id='word_1_410' title='bbox 2360 1289 2396 1321; x_wconf 86' lang='lat' dir='ltr'>et</span> 
     </span>
     <span class='ocr_line' id='line_1_55' title="bbox 2099 1332 2396 1376; baseline 0 -10"><span class='ocrx_word' id='word_1_411' title='bbox 2099 1332 2157 1375; x_wconf 92' lang='lat' dir='ltr'>qui</span> <span class='ocrx_word' id='word_1_412' title='bbox 2191 1342 2254 1376; x_wconf 90' lang='lat' dir='ltr'>per</span> <span class='ocrx_word' id='word_1_413' title='bbox 2289 1332 2396 1366; x_wconf 88' lang='lat' dir='ltr'>talem</span> 
     </span>
     <span class='ocr_line' id='line_1_56' title="bbox 1319 1374 2396 1419; baseline 0.002 -10"><span class='ocrx_word' id='word_1_414' title='bbox 1319 1374 1499 1419; x_wconf 86' lang='lat' dir='ltr'>quandam</span> <span class='ocrx_word' id='word_1_415' title='bbox 1530 1374 1696 1414; x_wconf 84' lang='lat' dir='ltr'>fortunae</span> <span class='ocrx_word' id='word_1_416' title='bbox 1729 1375 2062 1410; x_wconf 89' lang='lat' dir='ltr'>circumventionem</span> <span class='ocrx_word' id='word_1_417' title='bbox 2092 1376 2284 1411; x_wconf 87' lang='lat' dir='ltr'>laeduntur</span> <span class='ocrx_word' id='word_1_418' title='bbox 2311 1377 2396 1411; x_wconf 89' lang='lat' dir='ltr'>dare</span> 
     </span>
     <span class='ocr_line' id='line_1_57' title="bbox 1318 1419 2397 1465; baseline 0.002 -11"><span class='ocrx_word' id='word_1_419' title='bbox 1318 1419 1536 1465; x_wconf 86' lang='lat' dir='ltr'>praesidium</span> <span class='ocrx_word' id='word_1_420' title='bbox 1573 1420 1742 1465; x_wconf 88' lang='lat' dir='ltr'>possibile</span> <span class='ocrx_word' id='word_1_421' title='bbox 1783 1420 1980 1465; x_wconf 90' lang='lat' dir='ltr'>cupientes.</span> <span class='ocrx_word' id='word_1_422' title='bbox 2038 1421 2130 1464; x_wconf 79' lang='lat' dir='ltr'>Quid</span> <span class='ocrx_word' id='word_1_423' title='bbox 2169 1431 2251 1465; x_wconf 84' lang='lat' dir='ltr'>ergo</span> <span class='ocrx_word' id='word_1_424' title='bbox 2293 1432 2397 1465; x_wconf 88' lang='lat' dir='ltr'>agere</span> 
     </span>
     <span class='ocr_line' id='line_1_58' title="bbox 1319 1465 2398 1511; baseline 0.002 -11"><span class='ocrx_word' id='word_1_425' title='bbox 1319 1465 1507 1510; x_wconf 83' lang='lat' dir='ltr'>oportebat</span> <span class='ocrx_word' id='word_1_426' title='bbox 1531 1465 1599 1500; x_wconf 91' lang='lat' dir='ltr'>nisi</span> <span class='ocrx_word' id='word_1_427' title='bbox 1623 1465 1669 1500; x_wconf 87' lang='lat' dir='ltr'>ad</span> <span class='ocrx_word' id='word_1_428' title='bbox 1693 1466 1804 1510; x_wconf 86' lang='lat' dir='ltr'>legem</span> <span class='ocrx_word' id='word_1_429' title='bbox 1830 1466 1934 1501; x_wconf 90' lang='lat' dir='ltr'>aliam</span> <span class='ocrx_word' id='word_1_430' title='bbox 1959 1466 2148 1511; x_wconf 87' lang='lat' dir='ltr'>respicere,</span> <span class='ocrx_word' id='word_1_431' title='bbox 2179 1477 2270 1510; x_wconf 90' lang='lat' dir='ltr'>quae</span> <span class='ocrx_word' id='word_1_432' title='bbox 2294 1467 2398 1511; x_wconf 87' lang='lat' dir='ltr'>digne</span> 
     </span>
     <span class='ocr_line' id='line_1_59' title="bbox 1320 1511 1652 1547; baseline 0.003 -1"><span class='ocrx_word' id='word_1_433' title='bbox 1320 1521 1464 1547; x_wconf 85' lang='lat' dir='ltr'>causam</span> <span class='ocrx_word' id='word_1_434' title='bbox 1486 1511 1652 1547; x_wconf 73' lang='lat' dir='ltr'>iuvaret?</span> 
     </span>
    </p>
   </div>
   <div class='ocr_carea' id='block_1_19' title="bbox 216 1624 2397 1748">
    <p class='ocr_par' dir='ltr' id='par_1_19' title="bbox 216 1624 2397 1748">
     <span class='ocr_line' id='line_1_60' title="bbox 1180 1624 1391 1660; baseline 0.009 -2"><span class='ocrx_word' id='word_1_435' title='bbox 1180 1624 1335 1659; x_wconf 87' lang='lat' dir='ltr'>CAPUT</span> <span class='ocrx_word' id='word_1_436' title='bbox 1363 1625 1391 1660; x_wconf 90' lang='lat' dir='ltr'>I.</span> 
     </span>
     <span class='ocr_line' id='line_1_61' title="bbox 216 1684 2397 1748; baseline 0.001 -24"><span class='ocrx_word' id='word_1_437' title='bbox 216 1688 260 1724; x_wconf 82' lang='lat' dir='ltr'>‘H</span> <span class='ocrx_word' id='word_1_438' title='bbox 275 1693 340 1734; x_wconf 84' lang='grc' dir='ltr'>μὲν</span> <span class='ocrx_word' id='word_1_439' title='bbox 360 1684 424 1725; x_wconf 64' lang='grc' dir='ltr'>οὖν</span> <span class='ocrx_word' id='word_1_440' title='bbox 445 1690 688 1748; x_wconf 60' lang='grc' dir='ltr'><strong><em>παρατήρησις</em></strong></span> <span class='ocrx_word' id='word_1_441' title='bbox 713 1707 733 1735; x_wconf 90' lang='grc' dir='ltr'><strong><em>η</em></strong></span> <span class='ocrx_word' id='word_1_442' title='bbox 753 1691 861 1735; x_wconf 80' lang='grc' dir='ltr'><strong><em>λοιπὴ</em></strong></span> <span class='ocrx_word' id='word_1_443' title='bbox 884 1693 947 1726; x_wconf 77' lang='grc' dir='ltr'>τοῦ</span> <span class='ocrx_word' id='word_1_444' title='bbox 968 1692 1144 1736; x_wconf 74' lang='grc' dir='ltr'><strong><em>ῥηθέντος</em></strong></span> <span class='ocrx_word' id='word_1_445' title='bbox 1167 1689 1251 1736; x_wconf 77' lang='grc' dir='ltr'><strong><em>ἡμῖν</em></strong></span> <span class='ocrx_word' id='word_1_446' title='bbox 1265 1695 1306 1727; x_wconf 89' lang='grc'>30</span> <span class='ocrx_word' id='word_1_447' title='bbox 1366 1692 1573 1727; x_wconf 78' lang='lat' dir='ltr'>Observatio</span> <span class='ocrx_word' id='word_1_448' title='bbox 1589 1692 1759 1736; x_wconf 81' lang='lat' dir='ltr'>siquidem</span> <span class='ocrx_word' id='word_1_449' title='bbox 1772 1691 1909 1737; x_wconf 82' lang='lat' dir='ltr'>reliqua</span> <span class='ocrx_word' id='word_1_450' title='bbox 1921 1692 2127 1737; x_wconf 79' lang='lat' dir='ltr'>praedictae</span> <span class='ocrx_word' id='word_1_451' title='bbox 2143 1692 2230 1737; x_wconf 87' lang='lat' dir='ltr'>legis</span> <span class='ocrx_word' id='word_1_452' title='bbox 2244 1696 2397 1735; x_wconf 77' lang='lat' dir='ltr'>nostrae,</span> 
     </span>
    </p>
   </div>
   <div class='ocr_carea' id='block_1_20' title="bbox 170 1736 1251 1919">
    <p class='ocr_par' dir='ltr' id='par_1_20' title="bbox 170 1736 1251 1919">
     <span class='ocr_line' id='line_1_62' title="bbox 172 1736 1251 1784; baseline 0 -14"><span class='ocrx_word' id='word_1_453' title='bbox 172 1736 300 1780; x_wconf 85' lang='grc' dir='ltr'><strong><em>νόμου,</em></strong></span> <span class='ocrx_word' id='word_1_454' title='bbox 332 1736 502 1784; x_wconf 82' lang='grc' dir='ltr'><strong><em>καθάπερ</em></strong></span> <span class='ocrx_word' id='word_1_455' title='bbox 535 1750 695 1773; x_wconf 85' lang='grc' dir='ltr'><strong><em>ειποντες</em></strong></span> <span class='ocrx_word' id='word_1_456' title='bbox 718 1739 896 1783; x_wconf 82' lang='grc' dir='ltr'><strong><em>ἔφθημεν,</em></strong></span> <span class='ocrx_word' id='word_1_457' title='bbox 922 1737 1166 1782; x_wconf 78' lang='grc' dir='ltr'><strong><em>φυλαττέσθω</em></strong></span> <span class='ocrx_word' id='word_1_458' title='bbox 1192 1736 1251 1771; x_wconf 83' lang='grc' dir='ltr'>διὰ</span> 
     </span>
     <span class='ocr_line' id='line_1_63' title="bbox 172 1780 1250 1829; baseline 0 -13"><span class='ocrx_word' id='word_1_459' title='bbox 172 1780 322 1816; x_wconf 87' lang='grc' dir='ltr'><strong><em>παντός·</em></strong></span> <span class='ocrx_word' id='word_1_460' title='bbox 347 1782 378 1815; x_wconf 85' lang='grc' dir='ltr'>εἰ</span> <span class='ocrx_word' id='word_1_461' title='bbox 399 1780 438 1816; x_wconf 79' lang='grc' dir='ltr'>δὲ</span> <span class='ocrx_word' id='word_1_462' title='bbox 455 1785 532 1817; x_wconf 86' lang='grc' dir='ltr'><strong><em>ταῖς</em></strong></span> <span class='ocrx_word' id='word_1_463' title='bbox 551 1782 740 1825; x_wconf 83' lang='grc' dir='ltr'><strong><em>ἀληθείαις</em></strong></span> <span class='ocrx_word' id='word_1_464' title='bbox 760 1781 1010 1829; x_wconf 84' lang='grc' dir='ltr'><strong><em>ἀπαραίτητόν</em></strong></span> <span class='ocrx_word' id='word_1_465' title='bbox 1034 1797 1069 1816; x_wconf 92' lang='grc' dir='ltr'>τι</span> <span class='ocrx_word' id='word_1_466' title='bbox 1091 1786 1250 1829; x_wconf 82' lang='grc' dir='ltr'><strong><em>γένηται,</em></strong></span> 
     </span>
     <span class='ocr_line' id='line_1_64' title="bbox 171 1824 1251 1875; baseline 0.001 -15"><span class='ocrx_word' id='word_1_467' title='bbox 171 1830 232 1860; x_wconf 87' lang='grc' dir='ltr'>καὶ</span> <span class='ocrx_word' id='word_1_468' title='bbox 248 1824 266 1860; x_wconf 79' lang='grc' dir='ltr'>ὁ</span> <span class='ocrx_word' id='word_1_469' title='bbox 282 1827 349 1870; x_wconf 85' lang='grc' dir='ltr'>τὴν</span> <span class='ocrx_word' id='word_1_470' title='bbox 365 1828 535 1872; x_wconf 80' lang='grc' dir='ltr'><strong><em>ἐφέσιμον</em></strong></span> <span class='ocrx_word' id='word_1_471' title='bbox 554 1827 657 1872; x_wconf 86' lang='grc' dir='ltr'><strong><em>δίκην</em></strong></span> <span class='ocrx_word' id='word_1_472' title='bbox 677 1826 938 1875; x_wconf 76' lang='grc' dir='ltr'><strong><em>ἀγωνιζόμενος</em></strong></span> <span class='ocrx_word' id='word_1_473' title='bbox 957 1828 1006 1873; x_wconf 84' lang='grc' dir='ltr'>μὴ</span> <span class='ocrx_word' id='word_1_474' title='bbox 1025 1826 1251 1875; x_wconf 78' lang='grc' dir='ltr'><strong><em>προςεδρεύοι</em></strong></span> 
     </span>
     <span class='ocr_line' id='line_1_65' title="bbox 170 1871 1250 1919; baseline 0.002 -14"><span class='ocrx_word' id='word_1_475' title='bbox 170 1872 264 1917; x_wconf 75' lang='lat' dir='ltr'>(nal)</span> <span class='ocrx_word' id='word_1_476' title='bbox 286 1876 403 1907; x_wconf 88' lang='grc' dir='ltr'><strong><em>καίτοι</em></strong></span> <span class='ocrx_word' id='word_1_477' title='bbox 424 1875 490 1916; x_wconf 83' lang='grc' dir='ltr'>τῆν</span> <span class='ocrx_word' id='word_1_478' title='bbox 509 1872 643 1908; x_wconf 84' lang='grc' dir='ltr'><strong><em>εἴςοδον</em></strong></span> <span class='ocrx_word' id='word_1_479' title='bbox 667 1874 760 1908; x_wconf 86' lang='grc' dir='ltr'><strong><em>κατὰ</em></strong></span> <span class='ocrx_word' id='word_1_480' title='bbox 780 1878 908 1919; x_wconf 84' lang='grc' dir='ltr'><strong><em>κυρίαν</em></strong></span> <span class='ocrx_word' id='word_1_481' title='bbox 926 1871 1164 1917; x_wconf 82' lang='grc' dir='ltr'><strong><em>ποιησάμενος</em></strong></span> <span class='ocrx_word' id='word_1_482' title='bbox 1188 1871 1250 1907; x_wconf 79' lang='grc' dir='ltr'>οὐκ</span> 
     </span>
    </p>
   </div>
   <div class='ocr_carea' id='block_1_21' title="bbox 1311 1738 2398 1918">
    <p class='ocr_par' dir='ltr' id='par_1_21' title="bbox 1311 1738 2398 1918">
     <span class='ocr_line' id='line_1_66' title="bbox 1319 1738 2398 1783; baseline 0 -11"><span class='ocrx_word' id='word_1_483' title='bbox 1319 1738 1424 1773; x_wconf 89' lang='lat' dir='ltr'>sicuti</span> <span class='ocrx_word' id='word_1_484' title='bbox 1456 1738 1706 1783; x_wconf 84' lang='lat' dir='ltr'>praediximus,</span> <span class='ocrx_word' id='word_1_485' title='bbox 1739 1748 1803 1782; x_wconf 88' lang='lat' dir='ltr'>per</span> <span class='ocrx_word' id='word_1_486' title='bbox 1837 1739 1954 1772; x_wconf 90' lang='lat' dir='ltr'>omnia</span> <span class='ocrx_word' id='word_1_487' title='bbox 1987 1738 2227 1781; x_wconf 82' lang='lat' dir='ltr'>custodiatur3</span> <span class='ocrx_word' id='word_1_488' title='bbox 2265 1738 2295 1773; x_wconf 90' lang='lat' dir='ltr'>si</span> <span class='ocrx_word' id='word_1_489' title='bbox 2315 1749 2398 1773; x_wconf 90' lang='lat' dir='ltr'>vero</span> 
     </span>
     <span class='ocr_line' id='line_1_67' title="bbox 1311 1783 2396 1828; baseline 0.001 -11"><span class='ocrx_word' id='word_1_490' title='bbox 1311 1794 1383 1827; x_wconf 78' lang='lat' dir='ltr'>pro</span> <span class='ocrx_word' id='word_1_491' title='bbox 1404 1784 1554 1822; x_wconf 84' lang='lat' dir='ltr'>veritate</span> <span class='ocrx_word' id='word_1_492' title='bbox 1578 1783 1783 1819; x_wconf 89' lang='lat' dir='ltr'>inevitabile</span> <span class='ocrx_word' id='word_1_493' title='bbox 1809 1783 1974 1827; x_wconf 85' lang='lat' dir='ltr'>quiddam</span> <span class='ocrx_word' id='word_1_494' title='bbox 1998 1784 2163 1827; x_wconf 89' lang='lat' dir='ltr'>evenerit,</span> <span class='ocrx_word' id='word_1_495' title='bbox 2189 1786 2225 1818; x_wconf 90' lang='lat' dir='ltr'>et</span> <span class='ocrx_word' id='word_1_496' title='bbox 2248 1784 2310 1828; x_wconf 89' lang='lat' dir='ltr'>qui</span> <span class='ocrx_word' id='word_1_497' title='bbox 2334 1794 2396 1828; x_wconf 91' lang='lat' dir='ltr'>ap-</span> 
     </span>
     <span class='ocr_line' id='line_1_68' title="bbox 1319 1827 2398 1872; baseline 0.001 -9"><span class='ocrx_word' id='word_1_498' title='bbox 1319 1828 1522 1872; x_wconf 89' lang='lat' dir='ltr'>pellationis</span> <span class='ocrx_word' id='word_1_499' title='bbox 1546 1829 1644 1863; x_wconf 89' lang='lat' dir='ltr'>litem</span> <span class='ocrx_word' id='word_1_500' title='bbox 1669 1827 1856 1872; x_wconf 85' lang='lat' dir='ltr'>exequitur</span> <span class='ocrx_word' id='word_1_501' title='bbox 1886 1839 1959 1864; x_wconf 91' lang='lat' dir='ltr'>non</span> <span class='ocrx_word' id='word_1_502' title='bbox 1984 1829 2148 1864; x_wconf 87' lang='lat' dir='ltr'>observet</span> <span class='ocrx_word' id='word_1_503' title='bbox 2177 1831 2214 1864; x_wconf 92' lang='lat' dir='ltr'>et</span> <span class='ocrx_word' id='word_1_504' title='bbox 2236 1829 2322 1863; x_wconf 88' lang='lat' dir='ltr'>licet</span> <span class='ocrx_word' id='word_1_505' title='bbox 2344 1829 2398 1864; x_wconf 91' lang='lat' dir='ltr'>in-</span> 
     </span>
     <span class='ocr_line' id='line_1_69' title="bbox 1318 1873 2397 1918; baseline -0.001 -9"><span class='ocrx_word' id='word_1_506' title='bbox 1318 1884 1479 1917; x_wconf 88' lang='lat' dir='ltr'>gressum</span> <span class='ocrx_word' id='word_1_507' title='bbox 1512 1877 1548 1908; x_wconf 88' lang='lat' dir='ltr'>et</span> <span class='ocrx_word' id='word_1_508' title='bbox 1571 1874 1717 1908; x_wconf 87' lang='lat' dir='ltr'>fatalem</span> <span class='ocrx_word' id='word_1_509' title='bbox 1749 1873 1874 1909; x_wconf 88' lang='lat' dir='ltr'>fecerit</span> <span class='ocrx_word' id='word_1_510' title='bbox 1905 1885 1978 1909; x_wconf 92' lang='lat' dir='ltr'>non</span> <span class='ocrx_word' id='word_1_511' title='bbox 2002 1874 2212 1917; x_wconf 89' lang='lat' dir='ltr'>occurrerit,</span> <span class='ocrx_word' id='word_1_512' title='bbox 2247 1878 2282 1908; x_wconf 88' lang='lat' dir='ltr'>et</span> <span class='ocrx_word' id='word_1_513' title='bbox 2305 1874 2397 1918; x_wconf 89' lang='lat' dir='ltr'>peri-</span> 
     </span>
    </p>
   </div>
   <div class='ocr_carea' id='block_1_22' title="bbox 171 1916 2398 1965">
    <p class='ocr_par' dir='ltr' id='par_1_22' title="bbox 171 1916 2398 1965">
     <span class='ocr_line' id='line_1_70' title="bbox 171 1916 2398 1965; baseline 0.001 -13"><span class='ocrx_word' id='word_1_514' title='bbox 171 1916 405 1960; x_wconf 82' lang='grc' dir='ltr'><strong><em>ἀπαντήσειε,</em></strong></span> <span class='ocrx_word' id='word_1_515' title='bbox 437 1917 633 1953; x_wconf 83' lang='grc' dir='ltr'><strong><em>κινδυνεύει</em></strong></span> <span class='ocrx_word' id='word_1_516' title='bbox 665 1917 704 1953; x_wconf 77' lang='grc' dir='ltr'>δὲ</span> <span class='ocrx_word' id='word_1_517' title='bbox 727 1917 746 1953; x_wconf 84' lang='grc' dir='ltr'>ὁ</span> <span class='ocrx_word' id='word_1_518' title='bbox 771 1921 830 1962; x_wconf 85' lang='grc' dir='ltr'>τῆς</span> <span class='ocrx_word' id='word_1_519' title='bbox 855 1917 988 1953; x_wconf 83' lang='grc' dir='ltr'><strong><em>διετίας</em></strong></span> <span class='ocrx_word' id='word_1_520' title='bbox 1015 1918 1152 1962; x_wconf 78' lang='grc' dir='ltr'><strong><em>ἐξήκειν</em></strong></span> <span class='ocrx_word' id='word_1_521' title='bbox 1175 1932 1248 1952; x_wconf 91' lang='grc' dir='ltr'><strong><em>και·</em></strong></span> <span class='ocrx_word' id='word_1_522' title='bbox 1264 1921 1305 1954; x_wconf 83' lang='grc'>35</span> <span class='ocrx_word' id='word_1_523' title='bbox 1319 1919 1461 1954; x_wconf 74' lang='lat' dir='ltr'>clitetur</span> <span class='ocrx_word' id='word_1_524' title='bbox 1495 1919 1629 1954; x_wconf 85' lang='lat' dir='ltr'>biennii</span> <span class='ocrx_word' id='word_1_525' title='bbox 1665 1919 1917 1964; x_wconf 81' lang='lat' dir='ltr'>comprehendi</span> <span class='ocrx_word' id='word_1_526' title='bbox 1949 1924 2105 1965; x_wconf 81' lang='lat' dir='ltr'>tempus,</span> <span class='ocrx_word' id='word_1_527' title='bbox 2150 1923 2236 1954; x_wconf 82' lang='lat' dir='ltr'>tunc</span> <span class='ocrx_word' id='word_1_528' title='bbox 2272 1920 2398 1954; x_wconf 82' lang='lat' dir='ltr'>victori</span> 
     </span>
    </p>
   </div>
   <div class='ocr_carea' id='block_1_23' title="bbox 171 1961 1250 2155">
    <p class='ocr_par' dir='ltr' id='par_1_23' title="bbox 171 1961 1250 2155">
     <span class='ocr_line' id='line_1_71' title="bbox 171 1961 1250 2010; baseline 0.002 -14"><span class='ocrx_word' id='word_1_529' title='bbox 171 1961 245 2008; x_wconf 85' lang='grc' dir='ltr'><strong><em>ρός,</em></strong></span> <span class='ocrx_word' id='word_1_530' title='bbox 278 1965 474 2004; x_wconf 77' lang='grc' dir='ltr'><strong><em>τηνικαῦτα</em></strong></span> <span class='ocrx_word' id='word_1_531' title='bbox 505 1965 559 2007; x_wconf 76' lang='grc' dir='ltr'>τῷ</span> <span class='ocrx_word' id='word_1_532' title='bbox 583 1963 784 2008; x_wconf 83' lang='grc' dir='ltr'><strong><em>νενικηκότι</em></strong></span> <span class='ocrx_word' id='word_1_533' title='bbox 807 1965 1006 2010; x_wconf 85' lang='grc' dir='ltr'><strong><em>κυροῦσθαι</em></strong></span> <span class='ocrx_word' id='word_1_534' title='bbox 1035 1964 1102 2006; x_wconf 78' lang='grc' dir='ltr'>τὴν</span> <span class='ocrx_word' id='word_1_535' title='bbox 1125 1965 1250 2009; x_wconf 78' lang='grc' dir='ltr'><strong><em>ψῆφον</em></strong></span> 
     </span>
     <span class='ocr_line' id='line_1_72' title="bbox 172 2004 1249 2056; baseline 0.001 -14"><span class='ocrx_word' id='word_1_536' title='bbox 172 2009 290 2049; x_wconf 85' lang='grc' dir='ltr'><strong><em>(τοῦτο</em></strong></span> <span class='ocrx_word' id='word_1_537' title='bbox 315 2004 404 2055; x_wconf 77' lang='grc' dir='ltr'><strong><em>ὅπερ</em></strong></span> <span class='ocrx_word' id='word_1_538' title='bbox 428 2005 446 2043; x_wconf 84' lang='grc' dir='ltr'>ὁ</span> <span class='ocrx_word' id='word_1_539' title='bbox 468 2007 638 2056; x_wconf 79' lang='grc' dir='ltr'><strong><em>πρότερος</em></strong></span> <span class='ocrx_word' id='word_1_540' title='bbox 657 2007 760 2054; x_wconf 79' lang='grc' dir='ltr'><strong><em>ἡμῶν</em></strong></span> <span class='ocrx_word' id='word_1_541' title='bbox 781 2008 872 2056; x_wconf 81' lang='grc' dir='ltr'><strong><em>λέγει</em></strong></span> <span class='ocrx_word' id='word_1_542' title='bbox 891 2009 1020 2054; x_wconf 81' lang='grc' dir='ltr'><strong><em>νόμος),</em></strong></span> <span class='ocrx_word' id='word_1_543' title='bbox 1046 2007 1135 2043; x_wconf 80' lang='grc' dir='ltr'><strong><em>ἀλλὰ</em></strong></span> <span class='ocrx_word' id='word_1_544' title='bbox 1158 2009 1249 2054; x_wconf 89' lang='grc' dir='ltr'><strong><em>μετά</em></strong></span> 
     </span>
     <span class='ocr_line' id='line_1_73' title="bbox 171 2050 1244 2102; baseline 0 -15"><span class='ocrx_word' id='word_1_545' title='bbox 171 2065 266 2087; x_wconf 89' lang='grc' dir='ltr'><strong><em>τινος</em></strong></span> <span class='ocrx_word' id='word_1_546' title='bbox 288 2050 574 2102; x_wconf 79' lang='grc' dir='ltr'><strong><em>ὑποδιαιρέσεως,</em></strong></span> <span class='ocrx_word' id='word_1_547' title='bbox 605 2052 649 2098; x_wconf 79' lang='grc' dir='ltr'>ἢν</span> <span class='ocrx_word' id='word_1_548' title='bbox 672 2057 711 2089; x_wconf 80' lang='grc' dir='ltr'>ἐν</span> <span class='ocrx_word' id='word_1_549' title='bbox 734 2056 787 2099; x_wconf 74' lang='grc' dir='ltr'>τῷ</span> <span class='ocrx_word' id='word_1_550' title='bbox 814 2054 969 2100; x_wconf 86' lang='grc' dir='ltr'><strong><em>παρόντι</em></strong></span> <span class='ocrx_word' id='word_1_551' title='bbox 993 2055 1244 2101; x_wconf 82' lang='grc' dir='ltr'><strong><em>προςτίθεμεν.</em></strong></span> 
     </span>
     <span class='ocr_line' id='line_1_74' title="bbox 171 2097 1250 2155; baseline 0.001 -23"><span class='ocrx_word' id='word_1_552' title='bbox 171 2097 295 2141; x_wconf 78' lang='grc' dir='ltr'><strong><em>ἐπειδὴ</em></strong></span> <span class='ocrx_word' id='word_1_553' title='bbox 325 2098 393 2152; x_wconf 59' lang='grc' dir='ltr'>γαρ</span> <span class='ocrx_word' id='word_1_554' title='bbox 424 2103 497 2155; x_wconf 60' lang='grc' dir='ltr'><strong><em>τοῖς</em></strong></span> <span class='ocrx_word' id='word_1_555' title='bbox 527 2100 752 2144; x_wconf 83' lang='grc' dir='ltr'><strong><em>νενικηκόσιν</em></strong></span> <span class='ocrx_word' id='word_1_556' title='bbox 785 2098 1039 2145; x_wconf 79' lang='grc' dir='ltr'><strong><em>ἐβοηθήσαμεν</em></strong></span> <span class='ocrx_word' id='word_1_557' title='bbox 1071 2099 1138 2142; x_wconf 88' lang='grc' dir='ltr'>τὴν</span> <span class='ocrx_word' id='word_1_558' title='bbox 1169 2098 1250 2144; x_wconf 80' lang='grc' dir='ltr'><strong><em>ἀμε-</em></strong></span> 
     </span>
    </p>
   </div>
   <div class='ocr_carea' id='block_1_24' title="bbox 1315 1964 2399 2146">
    <p class='ocr_par' dir='ltr' id='par_1_24' title="bbox 1315 1964 2399 2146">
     <span class='ocr_line' id='line_1_75' title="bbox 1318 1964 2399 2009; baseline 0 -10"><span class='ocrx_word' id='word_1_559' title='bbox 1318 1964 1521 2000; x_wconf 84' lang='lat' dir='ltr'>confirmari</span> <span class='ocrx_word' id='word_1_560' title='bbox 1545 1964 1755 2000; x_wconf 87' lang='lat' dir='ltr'>sententiam</span> <span class='ocrx_word' id='word_1_561' title='bbox 1782 1965 1890 2008; x_wconf 88' lang='lat' dir='ltr'>(quod</span> <span class='ocrx_word' id='word_1_562' title='bbox 1915 1965 2021 1999; x_wconf 90' lang='lat' dir='ltr'>etiam</span> <span class='ocrx_word' id='word_1_563' title='bbox 2044 1965 2143 2009; x_wconf 88' lang='lat' dir='ltr'>prior</span> <span class='ocrx_word' id='word_1_564' title='bbox 2166 1969 2290 2000; x_wconf 85' lang='lat' dir='ltr'>nostra</span> <span class='ocrx_word' id='word_1_565' title='bbox 2314 1965 2399 2000; x_wconf 90' lang='lat' dir='ltr'>dicit</span> 
     </span>
     <span class='ocr_line' id='line_1_76' title="bbox 1316 2010 2397 2054; baseline 0.001 -10"><span class='ocrx_word' id='word_1_566' title='bbox 1316 2010 1399 2053; x_wconf 82' lang='lat' dir='ltr'>lex),</span> <span class='ocrx_word' id='word_1_567' title='bbox 1432 2010 1495 2045; x_wconf 88' lang='lat' dir='ltr'>sed</span> <span class='ocrx_word' id='word_1_568' title='bbox 1525 2021 1606 2045; x_wconf 92' lang='lat' dir='ltr'>cum</span> <span class='ocrx_word' id='word_1_569' title='bbox 1637 2010 1788 2054; x_wconf 89' lang='lat' dir='ltr'>quadam</span> <span class='ocrx_word' id='word_1_570' title='bbox 1819 2010 2071 2054; x_wconf 86' lang='lat' dir='ltr'>subdivisione,</span> <span class='ocrx_word' id='word_1_571' title='bbox 2105 2021 2210 2054; x_wconf 89' lang='lat' dir='ltr'>quam</span> <span class='ocrx_word' id='word_1_572' title='bbox 2233 2010 2270 2045; x_wconf 91' lang='lat' dir='ltr'>in</span> <span class='ocrx_word' id='word_1_573' title='bbox 2294 2020 2397 2054; x_wconf 88' lang='lat' dir='ltr'>prae-</span> 
     </span>
     <span class='ocr_line' id='line_1_77' title="bbox 1315 2055 2395 2099; baseline 0 -10"><span class='ocrx_word' id='word_1_574' title='bbox 1315 2055 1407 2090; x_wconf 87' lang='lat' dir='ltr'>senti</span> <span class='ocrx_word' id='word_1_575' title='bbox 1437 2055 1621 2090; x_wconf 89' lang='lat' dir='ltr'>adicimus.</span> <span class='ocrx_word' id='word_1_576' title='bbox 1677 2055 1769 2099; x_wconf 81' lang='lat' dir='ltr'>Quia</span> <span class='ocrx_word' id='word_1_577' title='bbox 1794 2055 1887 2090; x_wconf 88' lang='lat' dir='ltr'>enim</span> <span class='ocrx_word' id='word_1_578' title='bbox 1911 2056 2063 2091; x_wconf 89' lang='lat' dir='ltr'>victores</span> <span class='ocrx_word' id='word_1_579' title='bbox 2087 2056 2237 2091; x_wconf 91' lang='lat' dir='ltr'>iuvimus</span> <span class='ocrx_word' id='word_1_580' title='bbox 2261 2056 2395 2090; x_wconf 90' lang='lat' dir='ltr'>inmen-</span> 
     </span>
     <span class='ocr_line' id='line_1_78' title="bbox 1318 2100 2396 2146; baseline 0 -11"><span class='ocrx_word' id='word_1_581' title='bbox 1318 2101 1459 2136; x_wconf 86' lang='lat' dir='ltr'>sitatem</span> <span class='ocrx_word' id='word_1_582' title='bbox 1482 2100 1652 2145; x_wconf 87' lang='lat' dir='ltr'>temporis</span> <span class='ocrx_word' id='word_1_583' title='bbox 1677 2101 1825 2145; x_wconf 85' lang='lat' dir='ltr'>figentes</span> <span class='ocrx_word' id='word_1_584' title='bbox 1857 2101 1912 2136; x_wconf 89' lang='lat' dir='ltr'>his</span> <span class='ocrx_word' id='word_1_585' title='bbox 1937 2101 1997 2146; x_wconf 89' lang='lat' dir='ltr'>qui</span> <span class='ocrx_word' id='word_1_586' title='bbox 2021 2101 2295 2146; x_wconf 86' lang='lat' dir='ltr'>appellationem</span> <span class='ocrx_word' id='word_1_587' title='bbox 2321 2101 2396 2145; x_wconf 91' lang='lat' dir='ltr'>qui-</span> 
     </span>
    </p>
   </div>
   <div class='ocr_carea' id='block_1_25' title="bbox 171 2143 1306 2190">
    <p class='ocr_par' dir='ltr' id='par_1_25' title="bbox 171 2143 1306 2190">
     <span class='ocr_line' id='line_1_79' title="bbox 171 2143 1306 2190; baseline 0.003 -13"><span class='ocrx_word' id='word_1_588' title='bbox 171 2148 276 2188; x_wconf 88' lang='grc' dir='ltr'><strong><em>τρίαν</em></strong></span> <span class='ocrx_word' id='word_1_589' title='bbox 310 2157 372 2178; x_wconf 85' lang='grc' dir='ltr'>του</span> <span class='ocrx_word' id='word_1_590' title='bbox 405 2159 533 2190; x_wconf 87' lang='grc' dir='ltr'><strong><em>χρονου</em></strong></span> <span class='ocrx_word' id='word_1_591' title='bbox 565 2145 760 2189; x_wconf 83' lang='grc' dir='ltr'><strong><em>στήσαντες</em></strong></span> <span class='ocrx_word' id='word_1_592' title='bbox 790 2149 863 2180; x_wconf 83' lang='grc' dir='ltr'><strong><em>τοῖς</em></strong></span> <span class='ocrx_word' id='word_1_593' title='bbox 893 2148 1017 2190; x_wconf 83' lang='grc' dir='ltr'><strong><em>ἔφεσιν</em></strong></span> <span class='ocrx_word' id='word_1_594' title='bbox 1047 2147 1115 2188; x_wconf 81' lang='grc' dir='ltr'>μὲν</span> <span class='ocrx_word' id='word_1_595' title='bbox 1147 2143 1249 2178; x_wconf 77' lang='grc' dir='ltr'><strong><em>δοῦσι</em></strong></span> <span class='ocrx_word' id='word_1_596' title='bbox 1263 2148 1306 2180; x_wconf 89' lang='grc'>40</span> 
     </span>
    </p>
   </div>
   <div class='ocr_carea' id='block_1_26' title="bbox 223 2236 1847 2279">
    <p class='ocr_par' dir='ltr' id='par_1_26' title="bbox 223 2236 1847 2279">
     <span class='ocr_line' id='line_1_80' title="bbox 223 2236 1847 2279; baseline 0.002 -12"><span class='ocrx_word' id='word_1_597' title='bbox 223 2248 276 2277; x_wconf 86' lang='lat' dir='ltr'>pr.</span> <span class='ocrx_word' id='word_1_598' title='bbox 302 2237 321 2276; x_wconf 62' lang='grc' dir='ltr'><strong>ξ</strong></span> <span class='ocrx_word' id='word_1_599' title='bbox 337 2237 356 2268; x_wconf 90' lang='grc'>2</span> <span class='ocrx_word' id='word_1_600' title='bbox 382 2243 410 2268; x_wconf 82' lang='lat' dir='ltr'>et</span> <span class='ocrx_word' id='word_1_601' title='bbox 433 2249 505 2279; x_wconf 83' lang='lat' dir='ltr'>cap.</span> <span class='ocrx_word' id='word_1_602' title='bbox 523 2237 546 2268; x_wconf 93' lang='lat' dir='ltr'><em>I</em></span> <span class='ocrx_word' id='word_1_603' title='bbox 567 2250 604 2269; x_wconf 76' lang='lat' dir='ltr'>ex</span> <span class='ocrx_word' id='word_1_604' title='bbox 629 2236 664 2268; x_wconf 91' lang='lat' dir='ltr'><strong><em>B</em></strong></span> <span class='ocrx_word' id='word_1_605' title='bbox 689 2237 782 2268; x_wconf 81' lang='lat' dir='ltr'>babet</span> <span class='ocrx_word' id='word_1_606' title='bbox 808 2237 933 2279; x_wconf 72' lang='lat' dir='ltr'>Ecloya</span> <span class='ocrx_word' id='word_1_607' title='bbox 959 2238 1011 2268; x_wconf 83' lang='lat' dir='ltr'>lib.</span> <span class='ocrx_word' id='word_1_608' title='bbox 1038 2237 1142 2268; x_wconf 89' lang='lat' dir='ltr'><em>I———X</em></span> <span class='ocrx_word' id='word_1_609' title='bbox 1166 2236 1388 2268; x_wconf 84' lang='lat' dir='ltr'>Basilicorum</span> <span class='ocrx_word' id='word_1_610' title='bbox 1412 2236 1467 2278; x_wconf 72' lang='lat' dir='ltr'>(qfi</span> <span class='ocrx_word' id='word_1_611' title='bbox 1494 2237 1700 2270; x_wconf 69' lang='lat' dir='ltr'>Heimbaclcii</span> <span class='ocrx_word' id='word_1_612' title='bbox 1723 2238 1847 2278; x_wconf 81' lang='lat' dir='ltr'>adnot.)</span> 
     </span>
    </p>
   </div>
   <div class='ocr_carea' id='block_1_27' title="bbox 175 2345 2396 2442">
    <p class='ocr_par' dir='ltr' id='par_1_27' title="bbox 175 2345 2396 2442">
     <span class='ocr_line' id='line_1_81' title="bbox 175 2345 2396 2394; baseline 0.001 -14"><span class='ocrx_word' id='word_1_613' title='bbox 175 2346 263 2380; x_wconf 79' lang='lat' dir='ltr'>verit</span> <span class='ocrx_word' id='word_1_614' title='bbox 293 2345 366 2380; x_wconf 81' lang='lat' dir='ltr'>sive</span> <span class='ocrx_word' id='word_1_615' title='bbox 399 2350 552 2390; x_wconf 84' lang='lat' dir='ltr'>utraque</span> <span class='ocrx_word' id='word_1_616' title='bbox 576 2357 671 2390; x_wconf 79' lang='lat' dir='ltr'>pars</span> <span class='ocrx_word' id='word_1_617' title='bbox 699 2356 874 2390; x_wconf 73' lang='lat' dir='ltr'>praesens</span> <span class='ocrx_word' id='word_1_618' title='bbox 902 2345 1033 2389; x_wconf 81' lang='lat' dir='ltr'>fuerit,</span> <span class='ocrx_word' id='word_1_619' title='bbox 1067 2346 1165 2379; x_wconf 86' lang='lat' dir='ltr'>intra</span> <span class='ocrx_word' id='word_1_620' title='bbox 1198 2355 1301 2390; x_wconf 86' lang='lat' dir='ltr'>quem</span> <span class='ocrx_word' id='word_1_621' title='bbox 1335 2345 1430 2379; x_wconf 81' lang='lat' dir='ltr'>litem</span> <span class='ocrx_word' id='word_1_622' title='bbox 1450 2349 1612 2390; x_wconf 76' lang='lat' dir='ltr'>peraqat</span> <span class='ocrx_word' id='word_1_623' title='bbox 1642 2346 1757 2380; x_wconf 87' lang='lat' dir='ltr'>etius</span> <span class='ocrx_word' id='word_1_624' title='bbox 1779 2357 1884 2380; x_wconf 86' lang='lat' dir='ltr'>suum</span> <span class='ocrx_word' id='word_1_625' title='bbox 1908 2346 2069 2381; x_wconf 83' lang='lat' dir='ltr'>obtineat</span> <span class='ocrx_word' id='word_1_626' title='bbox 2099 2357 2184 2381; x_wconf 87' lang='lat' dir='ltr'>neve</span> <span class='ocrx_word' id='word_1_627' title='bbox 2209 2358 2287 2381; x_wconf 86' lang='lat' dir='ltr'>eam</span> <span class='ocrx_word' id='word_1_628' title='bbox 2311 2359 2396 2394; x_wconf 72' lang='lat' dir='ltr'>neq-</span> 
     </span>
     <span class='ocr_line' id='line_1_82' title="bbox 175 2388 2396 2442; baseline 0.001 -17"><span class='ocrx_word' id='word_1_629' title='bbox 175 2391 300 2426; x_wconf 86' lang='lat' dir='ltr'>lectam</span> <span class='ocrx_word' id='word_1_630' title='bbox 330 2390 535 2442; x_wconf 81' lang='lat' dir='ltr'>relinquat;</span> <span class='ocrx_word' id='word_1_631' title='bbox 577 2389 704 2425; x_wconf 85' lang='lat' dir='ltr'>deinde</span> <span class='ocrx_word' id='word_1_632' title='bbox 723 2393 884 2441; x_wconf 78' lang='lat' dir='ltr'>propter</span> <span class='ocrx_word' id='word_1_633' title='bbox 912 2388 1188 2431; x_wconf 73' lang='lat' dir='ltr'>humanitatem,</span> <span class='ocrx_word' id='word_1_634' title='bbox 1230 2389 1262 2423; x_wconf 84' lang='lat' dir='ltr'>si</span> <span class='ocrx_word' id='word_1_635' title='bbox 1294 2401 1343 2424; x_wconf 79' lang='lat' dir='ltr'>ex</span> <span class='ocrx_word' id='word_1_636' title='bbox 1373 2389 1502 2424; x_wconf 81' lang='lat' dir='ltr'>iudicis</span> <span class='ocrx_word' id='word_1_637' title='bbox 1531 2390 1639 2435; x_wconf 86' lang='lat' dir='ltr'>culpa</span> <span class='ocrx_word' id='word_1_638' title='bbox 1674 2390 1729 2425; x_wconf 88' lang='lat' dir='ltr'>vel</span> <span class='ocrx_word' id='word_1_639' title='bbox 1759 2390 1834 2425; x_wconf 87' lang='lat' dir='ltr'>alia</span> <span class='ocrx_word' id='word_1_640' title='bbox 1869 2390 2028 2436; x_wconf 80' lang='lat' dir='ltr'>quadam</span> <span class='ocrx_word' id='word_1_641' title='bbox 2060 2391 2256 2427; x_wconf 84' lang='lat' dir='ltr'>inevitabili</span> <span class='ocrx_word' id='word_1_642' title='bbox 2285 2403 2396 2428; x_wconf 86' lang='lat' dir='ltr'>causa</span> 
     </span>
    </p>
   </div>
   <div class='ocr_carea' id='block_1_28' title="bbox 167 2434 2397 3204">
    <p class='ocr_par' dir='ltr' id='par_1_28' title="bbox 167 2434 2396 2977">
     <span class='ocr_line' id='line_1_83' title="bbox 175 2434 2395 2484; baseline 0.001 -14"><span class='ocrx_word' id='word_1_643' title='bbox 175 2435 431 2482; x_wconf 76' lang='lat' dir='ltr'>appellationis</span> <span class='ocrx_word' id='word_1_644' title='bbox 454 2446 557 2470; x_wconf 90' lang='lat' dir='ltr'>mora</span> <span class='ocrx_word' id='word_1_645' title='bbox 572 2436 678 2481; x_wconf 87' lang='lat' dir='ltr'>facta</span> <span class='ocrx_word' id='word_1_646' title='bbox 697 2439 755 2476; x_wconf 83' lang='lat' dir='ltr'>szt,</span> <span class='ocrx_word' id='word_1_647' title='bbox 780 2435 895 2469; x_wconf 87' lang='lat' dir='ltr'>altero</span> <span class='ocrx_word' id='word_1_648' title='bbox 920 2445 1062 2484; x_wconf 81' lang='lat' dir='ltr'>quoque</span> <span class='ocrx_word' id='word_1_649' title='bbox 1087 2445 1181 2469; x_wconf 89' lang='lat' dir='ltr'>anno</span> <span class='ocrx_word' id='word_1_650' title='bbox 1207 2434 1357 2476; x_wconf 83' lang='lat' dir='ltr'>adiecto,</span> <span class='ocrx_word' id='word_1_651' title='bbox 1376 2440 1465 2481; x_wconf 87' lang='lat' dir='ltr'>post</span> <span class='ocrx_word' id='word_1_652' title='bbox 1489 2445 1592 2480; x_wconf 85' lang='lat' dir='ltr'>quem</span> <span class='ocrx_word' id='word_1_653' title='bbox 1616 2435 1686 2469; x_wconf 84' lang='lat' dir='ltr'>nisi</span> <span class='ocrx_word' id='word_1_654' title='bbox 1711 2435 1806 2482; x_wconf 86' lang='lat' dir='ltr'>litem</span> <span class='ocrx_word' id='word_1_655' title='bbox 1830 2436 2098 2482; x_wconf 78' lang='lat' dir='ltr'>compleverint,</span> <span class='ocrx_word' id='word_1_656' title='bbox 2124 2436 2253 2472; x_wconf 88' lang='lat' dir='ltr'>victori</span> <span class='ocrx_word' id='word_1_657' title='bbox 2275 2442 2395 2472; x_wconf 87' lang='lat' dir='ltr'>ratam</span> 
     </span>
     <span class='ocr_line' id='line_1_84' title="bbox 173 2479 2395 2526; baseline 0.001 -12"><span class='ocrx_word' id='word_1_658' title='bbox 173 2492 318 2516; x_wconf 84' lang='lat' dir='ltr'>manere</span> <span class='ocrx_word' id='word_1_659' title='bbox 340 2480 552 2516; x_wconf 78' lang='lat' dir='ltr'>sententiam</span> <span class='ocrx_word' id='word_1_660' title='bbox 576 2480 775 2515; x_wconf 74' lang='lat' dir='ltr'>sanximus.</span> <span class='ocrx_word' id='word_1_661' title='bbox 824 2479 926 2514; x_wconf 85' lang='lat' dir='ltr'>Haec</span> <span class='ocrx_word' id='word_1_662' title='bbox 948 2479 1061 2525; x_wconf 74' lang='lat' dir='ltr'>iqitur</span> <span class='ocrx_word' id='word_1_663' title='bbox 1085 2479 1188 2514; x_wconf 86' lang='lat' dir='ltr'>nobis</span> <span class='ocrx_word' id='word_1_664' title='bbox 1238 2479 1428 2514; x_wconf 87' lang='lat' dir='ltr'>lacuerant</span> <span class='ocrx_word' id='word_1_665' title='bbox 1450 2484 1485 2514; x_wconf 90' lang='lat' dir='ltr'>et</span> <span class='ocrx_word' id='word_1_666' title='bbox 1503 2480 1541 2513; x_wconf 87' lang='lat' dir='ltr'>in</span> <span class='ocrx_word' id='word_1_667' title='bbox 1562 2481 1741 2515; x_wconf 86' lang='lat' dir='ltr'>communi</span> <span class='ocrx_word' id='word_1_668' title='bbox 1765 2480 1842 2526; x_wconf 66' lang='lat' dir='ltr'>lesse</span> <span class='ocrx_word' id='word_1_669' title='bbox 1865 2481 2003 2526; x_wconf 81' lang='lat' dir='ltr'>scripta</span> <span class='ocrx_word' id='word_1_670' title='bbox 2023 2486 2118 2523; x_wconf 84' lang='lat' dir='ltr'>sunt,</span> <span class='ocrx_word' id='word_1_671' title='bbox 2144 2486 2181 2516; x_wconf 86' lang='lat' dir='ltr'>at</span> <span class='ocrx_word' id='word_1_672' title='bbox 2208 2493 2252 2516; x_wconf 91' lang='lat' dir='ltr'>ue</span> <span class='ocrx_word' id='word_1_673' title='bbox 2275 2483 2395 2518; x_wconf 89' lang='lat' dir='ltr'>valere</span> 
     </span>
     <span class='ocr_line' id='line_1_85' title="bbox 173 2493 2396 2572; baseline 0.001 -12"><span class='ocrx_word' id='word_1_674' title='bbox 173 2527 196 2560; x_wconf 82' lang='lat'>2</span> <span class='ocrx_word' id='word_1_675' title='bbox 243 2526 336 2560; x_wconf 77' lang='lat' dir='ltr'>lianc</span> <span class='ocrx_word' id='word_1_676' title='bbox 359 2525 470 2571; x_wconf 76' lang='lat' dir='ltr'>leqem</span> <span class='ocrx_word' id='word_1_677' title='bbox 493 2529 529 2560; x_wconf 86' lang='lat' dir='ltr'>et</span> <span class='ocrx_word' id='word_1_678' title='bbox 552 2525 834 2560; x_wconf 84' lang='lat' dir='ltr'>observationem</span> <span class='ocrx_word' id='word_1_679' title='bbox 857 2525 934 2560; x_wconf 87' lang='lat' dir='ltr'>eius</span> <span class='ocrx_word' id='word_1_680' title='bbox 951 2524 1121 2559; x_wconf 85' lang='lat' dir='ltr'>volumus.</span> <span class='ocrx_word' id='word_1_681' title='bbox 1220 2535 1320 2559; x_wconf 84' lang='lat' dir='ltr'>erum</span> <span class='ocrx_word' id='word_1_682' title='bbox 1344 2525 1448 2559; x_wconf 83' lang='lat' dir='ltr'>multi</span> <span class='ocrx_word' id='word_1_683' title='bbox 1471 2536 1537 2559; x_wconf 90' lang='lat' dir='ltr'>nos</span> <span class='ocrx_word' id='word_1_684' title='bbox 1562 2524 1732 2560; x_wconf 84' lang='lat' dir='ltr'>adierunt</span> <span class='ocrx_word' id='word_1_685' title='bbox 1755 2525 1912 2561; x_wconf 87' lang='lat' dir='ltr'>dicentes</span> <span class='ocrx_word' id='word_1_686' title='bbox 1936 2538 1975 2561; x_wconf 87' lang='lat' dir='ltr'>se</span> <span class='ocrx_word' id='word_1_687' title='bbox 1998 2526 2140 2572; x_wconf 84' lang='lat' dir='ltr'>quidem</span> <span class='ocrx_word' id='word_1_688' title='bbox 2165 2493 2396 2563; x_wconf 57' lang='lat' dir='ltr'>‹genuntiasse</span> 
     </span>
     <span class='ocr_line' id='line_1_86' title="bbox 174 2570 2394 2621; baseline 0.001 -16"><span class='ocrx_word' id='word_1_689' title='bbox 174 2571 349 2606; x_wconf 81' lang='lat' dir='ltr'>iudicibus</span> <span class='ocrx_word' id='word_1_690' title='bbox 373 2571 657 2616; x_wconf 79' lang='lat' dir='ltr'>appellationum</span> <span class='ocrx_word' id='word_1_691' title='bbox 681 2575 718 2605; x_wconf 88' lang='lat' dir='ltr'>et</span> <span class='ocrx_word' id='word_1_692' title='bbox 740 2570 895 2606; x_wconf 86' lang='lat' dir='ltr'>voluisse</span> <span class='ocrx_word' id='word_1_693' title='bbox 926 2580 1071 2604; x_wconf 84' lang='lat' dir='ltr'>causam</span> <span class='ocrx_word' id='word_1_694' title='bbox 1097 2570 1313 2611; x_wconf 76' lang='lat' dir='ltr'>examinari,</span> <span class='ocrx_word' id='word_1_695' title='bbox 1344 2581 1459 2621; x_wconf 77' lang='lat' dir='ltr'>neque</span> <span class='ocrx_word' id='word_1_696' title='bbox 1484 2574 1602 2606; x_wconf 85' lang='lat' dir='ltr'>tamen</span> <span class='ocrx_word' id='word_1_697' title='bbox 1624 2570 1787 2616; x_wconf 86' lang='lat' dir='ltr'>ipsorum</span> <span class='ocrx_word' id='word_1_698' title='bbox 1819 2571 1974 2606; x_wconf 87' lang='lat' dir='ltr'>iudicum</span> <span class='ocrx_word' id='word_1_699' title='bbox 1999 2571 2067 2606; x_wconf 86' lang='lat' dir='ltr'>sibi</span> <span class='ocrx_word' id='word_1_700' title='bbox 2090 2572 2232 2618; x_wconf 87' lang='lat' dir='ltr'>copiam</span> <span class='ocrx_word' id='word_1_701' title='bbox 2253 2572 2394 2617; x_wconf 87' lang='lat' dir='ltr'>factam</span> 
     </span>
     <span class='ocr_line' id='line_1_87' title="bbox 172 2614 2395 2662; baseline 0.001 -11"><span class='ocrx_word' id='word_1_702' title='bbox 172 2628 248 2652; x_wconf 84' lang='lat' dir='ltr'>esse</span> <span class='ocrx_word' id='word_1_703' title='bbox 271 2621 430 2662; x_wconf 86' lang='lat' dir='ltr'>propter</span> <span class='ocrx_word' id='word_1_704' title='bbox 460 2615 637 2661; x_wconf 81' lang='lat' dir='ltr'>quaedam</span> <span class='ocrx_word' id='word_1_705' title='bbox 666 2616 770 2660; x_wconf 83' lang='lat' dir='ltr'>forte</span> <span class='ocrx_word' id='word_1_706' title='bbox 801 2615 949 2661; x_wconf 72' lang='lat' dir='ltr'>neqotia</span> <span class='ocrx_word' id='word_1_707' title='bbox 980 2614 1220 2650; x_wconf 80' lang='lat' dir='ltr'>inevitabilia:</span> <span class='ocrx_word' id='word_1_708' title='bbox 1258 2614 1323 2649; x_wconf 86' lang='lat' dir='ltr'>alii</span> <span class='ocrx_word' id='word_1_709' title='bbox 1354 2620 1462 2650; x_wconf 74' lang='lat' dir='ltr'>etiam</span> <span class='ocrx_word' id='word_1_710' title='bbox 1494 2615 1538 2650; x_wconf 87' lang='lat' dir='ltr'>de</span> <span class='ocrx_word' id='word_1_711' title='bbox 1563 2615 1811 2661; x_wconf 90' lang='lat' dir='ltr'>procellarum</span> <span class='ocrx_word' id='word_1_712' title='bbox 1843 2616 2061 2652; x_wconf 77' lang='lat' dir='ltr'>vehementia</span> <span class='ocrx_word' id='word_1_713' title='bbox 2097 2617 2213 2662; x_wconf 80' lang='lat' dir='ltr'>questi</span> <span class='ocrx_word' id='word_1_714' title='bbox 2243 2622 2329 2652; x_wconf 89' lang='lat' dir='ltr'>sunt</span> <span class='ocrx_word' id='word_1_715' title='bbox 2360 2622 2395 2653; x_wconf 84' lang='lat' dir='ltr'>et</span> 
     </span>
     <span class='ocr_line' id='line_1_88' title="bbox 172 2659 2393 2707; baseline 0.001 -12"><span class='ocrx_word' id='word_1_716' title='bbox 172 2660 270 2706; x_wconf 75' lang='lat' dir='ltr'>quod</span> <span class='ocrx_word' id='word_1_717' title='bbox 301 2661 476 2707; x_wconf 59' lang='lat' dir='ltr'>navigare</span> <span class='ocrx_word' id='word_1_718' title='bbox 505 2660 573 2695; x_wconf 85' lang='lat' dir='ltr'>sibi</span> <span class='ocrx_word' id='word_1_719' title='bbox 602 2671 674 2695; x_wconf 92' lang='lat' dir='ltr'>non</span> <span class='ocrx_word' id='word_1_720' title='bbox 706 2661 865 2695; x_wconf 78' lang='lat' dir='ltr'>licuisset</span> <span class='ocrx_word' id='word_1_721' title='bbox 895 2671 944 2696; x_wconf 76' lang='lat' dir='ltr'>ex</span> <span class='ocrx_word' id='word_1_722' title='bbox 975 2660 1164 2705; x_wconf 88' lang='lat' dir='ltr'>provincia</span> <span class='ocrx_word' id='word_1_723' title='bbox 1195 2659 1355 2695; x_wconf 87' lang='lat' dir='ltr'>adversis</span> <span class='ocrx_word' id='word_1_724' title='bbox 1386 2661 1501 2695; x_wconf 85' lang='lat' dir='ltr'>ventis</span> <span class='ocrx_word' id='word_1_725' title='bbox 1530 2660 1723 2705; x_wconf 81' lang='lat' dir='ltr'>flantibus,</span> <span class='ocrx_word' id='word_1_726' title='bbox 1747 2661 1904 2707; x_wconf 84' lang='lat' dir='ltr'>pedibus</span> <span class='ocrx_word' id='word_1_727' title='bbox 1929 2666 2046 2697; x_wconf 88' lang='lat' dir='ltr'>autem</span> <span class='ocrx_word' id='word_1_728' title='bbox 2078 2663 2147 2697; x_wconf 84' lang='lat' dir='ltr'>iter</span> <span class='ocrx_word' id='word_1_729' title='bbox 2168 2662 2296 2707; x_wconf 87' lang='lat' dir='ltr'>facere</span> <span class='ocrx_word' id='word_1_730' title='bbox 2320 2674 2393 2698; x_wconf 87' lang='lat' dir='ltr'>non</span> 
     </span>
     <span class='ocr_line' id='line_1_89' title="bbox 172 2705 2393 2753; baseline 0.001 -13"><span class='ocrx_word' id='word_1_731' title='bbox 172 2706 368 2741; x_wconf 87' lang='lat' dir='ltr'>valuissent</span> <span class='ocrx_word' id='word_1_732' title='bbox 396 2710 550 2752; x_wconf 89' lang='lat' dir='ltr'>propter</span> <span class='ocrx_word' id='word_1_733' title='bbox 580 2705 742 2751; x_wconf 87' lang='lat' dir='ltr'>inopiam</span> <span class='ocrx_word' id='word_1_734' title='bbox 772 2717 893 2740; x_wconf 87' lang='lat' dir='ltr'>rerum</span> <span class='ocrx_word' id='word_1_735' title='bbox 923 2706 977 2740; x_wconf 88' lang='lat' dir='ltr'>vel</span> <span class='ocrx_word' id='word_1_736' title='bbox 1007 2705 1093 2751; x_wconf 84' lang='lat' dir='ltr'>quia</span> <span class='ocrx_word' id='word_1_737' title='bbox 1123 2705 1281 2739; x_wconf 87' lang='lat' dir='ltr'>insulani</span> <span class='ocrx_word' id='word_1_738' title='bbox 1308 2705 1409 2750; x_wconf 85' lang='lat' dir='ltr'>forte</span> <span class='ocrx_word' id='word_1_739' title='bbox 1433 2716 1511 2739; x_wconf 89' lang='lat' dir='ltr'>cum</span> <span class='ocrx_word' id='word_1_740' title='bbox 1536 2710 1653 2741; x_wconf 88' lang='lat' dir='ltr'>essent</span> <span class='ocrx_word' id='word_1_741' title='bbox 1683 2706 1790 2741; x_wconf 86' lang='lat' dir='ltr'>aliter</span> <span class='ocrx_word' id='word_1_742' title='bbox 1820 2707 1890 2741; x_wconf 88' lang='lat' dir='ltr'>nisi</span> <span class='ocrx_word' id='word_1_743' title='bbox 1907 2719 1979 2753; x_wconf 83' lang='lat' dir='ltr'>per</span> <span class='ocrx_word' id='word_1_744' title='bbox 2000 2718 2098 2742; x_wconf 86' lang='lat' dir='ltr'>mare</span> <span class='ocrx_word' id='word_1_745' title='bbox 2128 2707 2247 2743; x_wconf 84' lang='lat' dir='ltr'>venire</span> <span class='ocrx_word' id='word_1_746' title='bbox 2270 2709 2393 2753; x_wconf 86' lang='lat' dir='ltr'>nequi-</span> 
     </span>
     <span class='ocr_line' id='line_1_90' title="bbox 172 2750 2393 2798; baseline 0 -12"><span class='ocrx_word' id='word_1_747' title='bbox 172 2757 263 2793; x_wconf 87' lang='lat' dir='ltr'>rent,</span> <span class='ocrx_word' id='word_1_748' title='bbox 289 2755 396 2796; x_wconf 83' lang='lat' dir='ltr'>atque</span> <span class='ocrx_word' id='word_1_749' title='bbox 413 2756 616 2797; x_wconf 86' lang='lat' dir='ltr'>propterea</span> <span class='ocrx_word' id='word_1_750' title='bbox 640 2761 786 2786; x_wconf 86' lang='lat' dir='ltr'>causam</span> <span class='ocrx_word' id='word_1_751' title='bbox 811 2762 924 2796; x_wconf 83' lang='lat' dir='ltr'>usque</span> <span class='ocrx_word' id='word_1_752' title='bbox 948 2750 997 2785; x_wconf 84' lang='lat' dir='ltr'>ad</span> <span class='ocrx_word' id='word_1_753' title='bbox 1015 2751 1124 2795; x_wconf 81' lang='lat' dir='ltr'>finem</span> <span class='ocrx_word' id='word_1_754' title='bbox 1175 2751 1318 2795; x_wconf 86' lang='lat' dir='ltr'>ersequi</span> <span class='ocrx_word' id='word_1_755' title='bbox 1340 2762 1383 2785; x_wconf 85' lang='lat' dir='ltr'>ne</span> <span class='ocrx_word' id='word_1_756' title='bbox 1406 2750 1563 2785; x_wconf 82' lang='lat' dir='ltr'>secundo</span> <span class='ocrx_word' id='word_1_757' title='bbox 1589 2750 1730 2796; x_wconf 85' lang='lat' dir='ltr'>quidem</span> <span class='ocrx_word' id='word_1_758' title='bbox 1755 2763 1850 2786; x_wconf 89' lang='lat' dir='ltr'>anno</span> <span class='ocrx_word' id='word_1_759' title='bbox 1868 2752 2079 2798; x_wconf 78' lang='lat' dir='ltr'>potuissent</span> <span class='ocrx_word' id='word_1_760' title='bbox 2087 2765 2101 2794; x_wconf 90' lang='lat'><em>;</em></span> <span class='ocrx_word' id='word_1_761' title='bbox 2139 2752 2284 2798; x_wconf 84' lang='lat' dir='ltr'>quidam</span> <span class='ocrx_word' id='word_1_762' title='bbox 2310 2758 2393 2788; x_wconf 87' lang='lat' dir='ltr'>tem-</span> 
     </span>
     <span class='ocr_line' id='line_1_91' title="bbox 167 2795 2394 2843; baseline 0.001 -12"><span class='ocrx_word' id='word_1_763' title='bbox 167 2800 350 2842; x_wconf 86' lang='lat' dir='ltr'>pestatum</span> <span class='ocrx_word' id='word_1_764' title='bbox 372 2796 696 2842; x_wconf 84' lang='lat' dir='ltr'>importunitatem,</span> <span class='ocrx_word' id='word_1_765' title='bbox 728 2796 794 2831; x_wconf 85' lang='lat' dir='ltr'>alii</span> <span class='ocrx_word' id='word_1_766' title='bbox 815 2796 959 2831; x_wconf 85' lang='lat' dir='ltr'>morbos</span> <span class='ocrx_word' id='word_1_767' title='bbox 982 2796 1137 2831; x_wconf 75' lang='lat' dir='ltr'>inexora</span> <span class='ocrx_word' id='word_1_768' title='bbox 1162 2795 1227 2830; x_wconf 83' lang='lat' dir='ltr'>iles</span> <span class='ocrx_word' id='word_1_769' title='bbox 1251 2795 1391 2830; x_wconf 85' lang='lat' dir='ltr'>causati</span> <span class='ocrx_word' id='word_1_770' title='bbox 1414 2799 1517 2830; x_wconf 88' lang='lat' dir='ltr'>sunt:</span> <span class='ocrx_word' id='word_1_771' title='bbox 1553 2807 1647 2842; x_wconf 81' lang='lat' dir='ltr'>quae</span> <span class='ocrx_word' id='word_1_772' title='bbox 1671 2797 1791 2831; x_wconf 85' lang='lat' dir='ltr'>omnia</span> <span class='ocrx_word' id='word_1_773' title='bbox 1816 2808 1865 2832; x_wconf 80' lang='lat' dir='ltr'>ex</span> <span class='ocrx_word' id='word_1_774' title='bbox 1887 2797 1977 2843; x_wconf 87' lang='lat' dir='ltr'>ipsis</span> <span class='ocrx_word' id='word_1_775' title='bbox 1999 2798 2114 2842; x_wconf 88' lang='lat' dir='ltr'>factis</span> <span class='ocrx_word' id='word_1_776' title='bbox 2136 2798 2268 2833; x_wconf 88' lang='lat' dir='ltr'>scimus</span> <span class='ocrx_word' id='word_1_777' title='bbox 2292 2798 2394 2833; x_wconf 86' lang='lat' dir='ltr'>nobis</span> 
     </span>
     <span class='ocr_line' id='line_1_92' title="bbox 173 2839 2394 2895; baseline 0.001 -20"><span class='ocrx_word' id='word_1_778' title='bbox 173 2842 339 2876; x_wconf 86' lang='lat' dir='ltr'>nuntiata</span> <span class='ocrx_word' id='word_1_779' title='bbox 362 2852 447 2876; x_wconf 87' lang='lat' dir='ltr'>esse.</span> <span class='ocrx_word' id='word_1_780' title='bbox 495 2839 627 2887; x_wconf 80' lang='lat' dir='ltr'>Itaque</span> <span class='ocrx_word' id='word_1_781' title='bbox 650 2841 739 2876; x_wconf 69' lang='lat' dir='ltr'>llaec</span> <span class='ocrx_word' id='word_1_782' title='bbox 762 2852 829 2876; x_wconf 86' lang='lat' dir='ltr'>nos</span> <span class='ocrx_word' id='word_1_783' title='bbox 851 2841 978 2876; x_wconf 86' lang='lat' dir='ltr'>merito</span> <span class='ocrx_word' id='word_1_784' title='bbox 1004 2845 1279 2881; x_wconf 84' lang='lat' dir='ltr'>commoverunt,</span> <span class='ocrx_word' id='word_1_785' title='bbox 1310 2840 1373 2885; x_wconf 80' lang='lat' dir='ltr'>qui</span> <span class='ocrx_word' id='word_1_786' title='bbox 1396 2844 1431 2875; x_wconf 91' lang='lat' dir='ltr'>et</span> <span class='ocrx_word' id='word_1_787' title='bbox 1455 2841 1567 2886; x_wconf 74' lang='lat' dir='ltr'>leqem</span> <span class='ocrx_word' id='word_1_788' title='bbox 1591 2841 1721 2877; x_wconf 84' lang='lat' dir='ltr'>violari</span> <span class='ocrx_word' id='word_1_789' title='bbox 1742 2842 1899 2877; x_wconf 87' lang='lat' dir='ltr'>nolimus</span> <span class='ocrx_word' id='word_1_790' title='bbox 1922 2847 1958 2877; x_wconf 90' lang='lat' dir='ltr'>et</span> <span class='ocrx_word' id='word_1_791' title='bbox 1976 2843 2021 2877; x_wconf 79' lang='lat' dir='ltr'>iis</span> <span class='ocrx_word' id='word_1_792' title='bbox 2070 2844 2107 2878; x_wconf 86' lang='lat' dir='ltr'>ui</span> <span class='ocrx_word' id='word_1_793' title='bbox 2123 2854 2195 2895; x_wconf 86' lang='lat' dir='ltr'>per</span> <span class='ocrx_word' id='word_1_794' title='bbox 2219 2843 2394 2878; x_wconf 86' lang='lat' dir='ltr'>eiusmodi</span> 
     </span>
     <span class='ocr_line' id='line_1_93' title="bbox 171 2854 2393 2934; baseline 0 -13"><span class='ocrx_word' id='word_1_795' title='bbox 171 2887 366 2931; x_wconf 83' lang='lat' dir='ltr'>fortuitum</span> <span class='ocrx_word' id='word_1_796' title='bbox 391 2897 512 2921; x_wconf 90' lang='lat' dir='ltr'>casum</span> <span class='ocrx_word' id='word_1_797' title='bbox 534 2886 671 2921; x_wconf 88' lang='lat' dir='ltr'>iniuria</span> <span class='ocrx_word' id='word_1_798' title='bbox 694 2887 819 2932; x_wconf 82' lang='lat' dir='ltr'>affecti</span> <span class='ocrx_word' id='word_1_799' title='bbox 841 2892 927 2921; x_wconf 87' lang='lat' dir='ltr'>sunt</span> <span class='ocrx_word' id='word_1_800' title='bbox 950 2886 1130 2921; x_wconf 78' lang='lat' dir='ltr'>auxilium</span> <span class='ocrx_word' id='word_1_801' title='bbox 1153 2885 1337 2932; x_wconf 79' lang='lat' dir='ltr'>impertire</span> <span class='ocrx_word' id='word_1_802' title='bbox 1365 2889 1539 2930; x_wconf 82' lang='lat' dir='ltr'>quantum</span> <span class='ocrx_word' id='word_1_803' title='bbox 1557 2890 1683 2932; x_wconf 83' lang='lat' dir='ltr'>potest</span> <span class='ocrx_word' id='word_1_804' title='bbox 1705 2888 1900 2933; x_wconf 87' lang='lat' dir='ltr'>cupiamus.</span> <span class='ocrx_word' id='word_1_805' title='bbox 1960 2854 2067 2930; x_wconf 52' lang='lat' dir='ltr'>Qun?</span> <span class='ocrx_word' id='word_1_806' title='bbox 2077 2889 2191 2934; x_wconf 74' lang='lat' dir='ltr'>iqitur</span> <span class='ocrx_word' id='word_1_807' title='bbox 2215 2888 2393 2934; x_wconf 77' lang='lat' dir='ltr'>aqendum</span> 
     </span>
     <span class='ocr_line' id='line_1_94' title="bbox 172 2930 1679 2977; baseline -0.001 -10"><span class='ocrx_word' id='word_1_808' title='bbox 172 2936 253 2967; x_wconf 87' lang='lat' dir='ltr'>erat</span> <span class='ocrx_word' id='word_1_809' title='bbox 274 2932 347 2966; x_wconf 86' lang='lat' dir='ltr'>nisi</span> <span class='ocrx_word' id='word_1_810' title='bbox 367 2936 407 2966; x_wconf 91' lang='lat' dir='ltr'>ut</span> <span class='ocrx_word' id='word_1_811' title='bbox 431 2932 543 2977; x_wconf 72' lang='lat' dir='ltr'>leqem</span> <span class='ocrx_word' id='word_1_812' title='bbox 568 2932 677 2966; x_wconf 87' lang='lat' dir='ltr'>aliam</span> <span class='ocrx_word' id='word_1_813' title='bbox 727 2932 1000 2977; x_wconf 79' lang='lat' dir='ltr'>respiceremus,</span> <span class='ocrx_word' id='word_1_814' title='bbox 1026 2942 1119 2977; x_wconf 82' lang='lat' dir='ltr'>quae</span> <span class='ocrx_word' id='word_1_815' title='bbox 1142 2931 1196 2966; x_wconf 89' lang='lat' dir='ltr'>rei</span> <span class='ocrx_word' id='word_1_816' title='bbox 1219 2935 1259 2965; x_wconf 88' lang='lat' dir='ltr'>ut</span> <span class='ocrx_word' id='word_1_817' title='bbox 1278 2942 1352 2976; x_wconf 87' lang='lat' dir='ltr'>par</span> <span class='ocrx_word' id='word_1_818' title='bbox 1375 2935 1428 2965; x_wconf 90' lang='lat' dir='ltr'>est</span> <span class='ocrx_word' id='word_1_819' title='bbox 1450 2930 1679 2966; x_wconf 87' lang='lat' dir='ltr'>subveniret?</span> 
     </span>
    </p>

    <p class='ocr_par' dir='ltr' id='par_1_29' title="bbox 173 2975 2397 3204">
     <span class='ocr_line' id='line_1_95' title="bbox 307 2975 2392 3024; baseline 0.002 -14"><span class='ocrx_word' id='word_1_820' title='bbox 307 2977 333 3011; x_wconf 92' lang='grc' dir='ltr'>Ι.</span> <span class='ocrx_word' id='word_1_821' title='bbox 382 2979 500 3022; x_wconf 82' lang='lat' dir='ltr'>Atque</span> <span class='ocrx_word' id='word_1_822' title='bbox 523 2977 664 3021; x_wconf 87' lang='lat' dir='ltr'>reliqua</span> <span class='ocrx_word' id='word_1_823' title='bbox 702 2977 779 3023; x_wconf 73' lang='lat' dir='ltr'>eqis</span> <span class='ocrx_word' id='word_1_824' title='bbox 804 2988 910 3021; x_wconf 83' lang='lat' dir='ltr'>quam</span> <span class='ocrx_word' id='word_1_825' title='bbox 935 2977 1207 3011; x_wconf 84' lang='lat' dir='ltr'>memoravimus</span> <span class='ocrx_word' id='word_1_826' title='bbox 1237 2975 1450 3017; x_wconf 84' lang='lat' dir='ltr'>observatio,</span> <span class='ocrx_word' id='word_1_827' title='bbox 1485 2976 1578 3010; x_wconf 86' lang='lat' dir='ltr'>sicut</span> <span class='ocrx_word' id='word_1_828' title='bbox 1601 2981 1685 3011; x_wconf 85' lang='lat' dir='ltr'>ante</span> <span class='ocrx_word' id='word_1_829' title='bbox 1709 2976 1879 3019; x_wconf 78' lang='lat' dir='ltr'>diximus,</span> <span class='ocrx_word' id='word_1_830' title='bbox 1910 2989 1979 3024; x_wconf 88' lang='lat' dir='ltr'>per</span> <span class='ocrx_word' id='word_1_831' title='bbox 2004 2978 2124 3013; x_wconf 85' lang='lat' dir='ltr'>omnia</span> <span class='ocrx_word' id='word_1_832' title='bbox 2147 2978 2392 3014; x_wconf 83' lang='lat' dir='ltr'>custodiatur:</span> 
     </span>
     <span class='ocr_line' id='line_1_96' title="bbox 173 3020 2394 3070; baseline 0.002 -15"><span class='ocrx_word' id='word_1_833' title='bbox 173 3021 304 3066; x_wconf 83' lang='lat' dir='ltr'>quodsi</span> <span class='ocrx_word' id='word_1_834' title='bbox 333 3033 372 3056; x_wconf 91' lang='lat' dir='ltr'>re</span> <span class='ocrx_word' id='word_1_835' title='bbox 401 3032 485 3056; x_wconf 85' lang='lat' dir='ltr'>vera</span> <span class='ocrx_word' id='word_1_836' title='bbox 514 3022 718 3068; x_wconf 80' lang='lat' dir='ltr'>inevitabile</span> <span class='ocrx_word' id='word_1_837' title='bbox 748 3021 837 3067; x_wconf 79' lang='lat' dir='ltr'>quid</span> <span class='ocrx_word' id='word_1_838' title='bbox 860 3021 1033 3056; x_wconf 80' lang='lat' dir='ltr'>acciderit</span> <span class='ocrx_word' id='word_1_839' title='bbox 1063 3025 1099 3056; x_wconf 87' lang='lat' dir='ltr'>et</span> <span class='ocrx_word' id='word_1_840' title='bbox 1122 3021 1184 3066; x_wconf 81' lang='lat' dir='ltr'>qui</span> <span class='ocrx_word' id='word_1_841' title='bbox 1214 3031 1359 3056; x_wconf 88' lang='lat' dir='ltr'>causam</span> <span class='ocrx_word' id='word_1_842' title='bbox 1390 3032 1412 3055; x_wconf 92' lang='lat' dir='ltr'>a</span> <span class='ocrx_word' id='word_1_843' title='bbox 1436 3020 1647 3067; x_wconf 83' lang='lat' dir='ltr'>pellationis</span> <span class='ocrx_word' id='word_1_844' title='bbox 1676 3022 1906 3067; x_wconf 81' lang='lat' dir='ltr'>persequitur</span> <span class='ocrx_word' id='word_1_845' title='bbox 1938 3034 2012 3058; x_wconf 91' lang='lat' dir='ltr'>non</span> <span class='ocrx_word' id='word_1_846' title='bbox 2037 3028 2246 3069; x_wconf 87' lang='lat' dir='ltr'>perseveret</span> <span class='ocrx_word' id='word_1_847' title='bbox 2279 3035 2394 3070; x_wconf 83' lang='lat' dir='ltr'>neque</span> 
     </span>
     <span class='ocr_line' id='line_1_97' title="bbox 173 3066 2394 3113; baseline 0.001 -13"><span class='ocrx_word' id='word_1_848' title='bbox 173 3066 311 3100; x_wconf 84' lang='lat' dir='ltr'>etiamsi</span> <span class='ocrx_word' id='word_1_849' title='bbox 340 3077 417 3101; x_wconf 87' lang='lat' dir='ltr'>eam</span> <span class='ocrx_word' id='word_1_850' title='bbox 447 3066 504 3101; x_wconf 86' lang='lat' dir='ltr'>die</span> <span class='ocrx_word' id='word_1_851' title='bbox 532 3067 647 3112; x_wconf 86' lang='lat' dir='ltr'>fatali</span> <span class='ocrx_word' id='word_1_852' title='bbox 675 3066 923 3102; x_wconf 77' lang='lat' dir='ltr'>introduxerit</span> <span class='ocrx_word' id='word_1_853' title='bbox 957 3071 1176 3112; x_wconf 88' lang='lat' dir='ltr'>compareat,</span> <span class='ocrx_word' id='word_1_854' title='bbox 1211 3078 1254 3101; x_wconf 86' lang='lat' dir='ltr'>ac</span> <span class='ocrx_word' id='word_1_855' title='bbox 1283 3066 1408 3112; x_wconf 86' lang='lat' dir='ltr'>pericu</span> <span class='ocrx_word' id='word_1_856' title='bbox 1424 3077 1483 3100; x_wconf 89' lang='lat' dir='ltr'>um</span> <span class='ocrx_word' id='word_1_857' title='bbox 1510 3066 1558 3100; x_wconf 83' lang='lat' dir='ltr'>sit</span> <span class='ocrx_word' id='word_1_858' title='bbox 1589 3077 1632 3101; x_wconf 84' lang='lat' dir='ltr'>ne</span> <span class='ocrx_word' id='word_1_859' title='bbox 1664 3066 1799 3101; x_wconf 85' lang='lat' dir='ltr'>biennii</span> <span class='ocrx_word' id='word_1_860' title='bbox 1830 3071 1968 3113; x_wconf 88' lang='lat' dir='ltr'>tempus</span> <span class='ocrx_word' id='word_1_861' title='bbox 1998 3072 2118 3109; x_wconf 77' lang='lat' dir='ltr'>exeat,</span> <span class='ocrx_word' id='word_1_862' title='bbox 2154 3073 2238 3103; x_wconf 86' lang='lat' dir='ltr'>tunc</span> <span class='ocrx_word' id='word_1_863' title='bbox 2267 3069 2394 3104; x_wconf 83' lang='lat' dir='ltr'>victori</span> 
     </span>
     <span class='ocr_line' id='line_1_98' title="bbox 174 3110 2397 3158; baseline 0.002 -14"><span class='ocrx_word' id='word_1_864' title='bbox 174 3111 403 3155; x_wconf 83' lang='lat' dir='ltr'>confirmetur</span> <span class='ocrx_word' id='word_1_865' title='bbox 434 3112 629 3154; x_wconf 85' lang='lat' dir='ltr'>sententia,</span> <span class='ocrx_word' id='word_1_866' title='bbox 664 3111 703 3146; x_wconf 85' lang='lat' dir='ltr'>id</span> <span class='ocrx_word' id='word_1_867' title='bbox 733 3111 832 3157; x_wconf 78' lang='lat' dir='ltr'>quod</span> <span class='ocrx_word' id='word_1_868' title='bbox 890 3112 968 3146; x_wconf 85' lang='lat' dir='ltr'>rior</span> <span class='ocrx_word' id='word_1_869' title='bbox 999 3116 1125 3146; x_wconf 84' lang='lat' dir='ltr'>nostra</span> <span class='ocrx_word' id='word_1_870' title='bbox 1156 3111 1218 3146; x_wconf 77' lang='lat' dir='ltr'>lea:</span> <span class='ocrx_word' id='word_1_871' title='bbox 1242 3111 1346 3152; x_wconf 85' lang='lat' dir='ltr'>dicit,</span> <span class='ocrx_word' id='word_1_872' title='bbox 1378 3110 1442 3146; x_wconf 90' lang='lat' dir='ltr'>sed</span> <span class='ocrx_word' id='word_1_873' title='bbox 1464 3122 1543 3145; x_wconf 88' lang='lat' dir='ltr'>cum</span> <span class='ocrx_word' id='word_1_874' title='bbox 1576 3111 1732 3156; x_wconf 84' lang='lat' dir='ltr'>quadam</span> <span class='ocrx_word' id='word_1_875' title='bbox 1756 3111 1986 3147; x_wconf 80' lang='lat' dir='ltr'>distinctione</span> <span class='ocrx_word' id='word_1_876' title='bbox 2018 3123 2125 3158; x_wconf 79' lang='lat' dir='ltr'>quam</span> <span class='ocrx_word' id='word_1_877' title='bbox 2148 3113 2187 3147; x_wconf 83' lang='lat' dir='ltr'>in</span> <span class='ocrx_word' id='word_1_878' title='bbox 2220 3115 2397 3149; x_wconf 57' lang='lat' dir='ltr'>iraesenti</span> 
     </span>
     <span class='ocr_line' id='line_1_99' title="bbox 173 3123 2394 3204; baseline 0.001 -14"><span class='ocrx_word' id='word_1_879' title='bbox 173 3155 356 3190; x_wconf 80' lang='lat' dir='ltr'>adicimus.</span> <span class='ocrx_word' id='word_1_880' title='bbox 409 3155 586 3199; x_wconf 82' lang='lat' dir='ltr'>Quoniam</span> <span class='ocrx_word' id='word_1_881' title='bbox 618 3157 709 3191; x_wconf 87' lang='lat' dir='ltr'>enim</span> <span class='ocrx_word' id='word_1_882' title='bbox 734 3123 927 3192; x_wconf 46' lang='lat' dir='ltr'>victoribus</span> <span class='ocrx_word' id='word_1_883' title='bbox 951 3156 1130 3192; x_wconf 75' lang='lat' dir='ltr'>auoeilium</span> <span class='ocrx_word' id='word_1_884' title='bbox 1165 3156 1308 3191; x_wconf 84' lang='lat' dir='ltr'>tulimus</span> <span class='ocrx_word' id='word_1_885' title='bbox 1331 3156 1439 3190; x_wconf 86' lang='lat' dir='ltr'>nimio</span> <span class='ocrx_word' id='word_1_886' title='bbox 1464 3155 1527 3190; x_wconf 86' lang='lat' dir='ltr'>illo</span> <span class='ocrx_word' id='word_1_887' title='bbox 1553 3159 1711 3202; x_wconf 88' lang='lat' dir='ltr'>tempore</span> <span class='ocrx_word' id='word_1_888' title='bbox 1739 3161 1926 3192; x_wconf 87' lang='lat' dir='ltr'>contracto</span> <span class='ocrx_word' id='word_1_889' title='bbox 1949 3158 1994 3192; x_wconf 87' lang='lat' dir='ltr'>iis</span> <span class='ocrx_word' id='word_1_890' title='bbox 2025 3159 2090 3203; x_wconf 84' lang='lat' dir='ltr'>qui</span> <span class='ocrx_word' id='word_1_891' title='bbox 2111 3169 2206 3204; x_wconf 82' lang='lat' dir='ltr'>appe</span> <span class='ocrx_word' id='word_1_892' title='bbox 2222 3159 2394 3194; x_wconf 86' lang='lat' dir='ltr'>lationem</span> 
     </span>
    </p>
   </div>
   <div class='ocr_carea' id='block_1_29' title="bbox 180 3230 2373 3236">
    <p class='ocr_par' dir='ltr' id='par_1_30' title="bbox 180 3230 2373 3236">
     <span class='ocr_line' id='line_1_100' title="bbox 180 3230 2373 3236; baseline 0 0"><span class='ocrx_word' id='word_1_893' title='bbox 180 3230 2373 3236; x_wconf 95' lang='lat' dir='ltr'> </span> 
     </span>
    </p>
   </div>
   <div class='ocr_carea' id='block_1_30' title="bbox 174 3267 1249 3627">
    <p class='ocr_par' dir='ltr' id='par_1_31' title="bbox 174 3267 1249 3627">
     <span class='ocr_line' id='line_1_101' title="bbox 222 3267 1247 3314; baseline 0 -12"><span class='ocrx_word' id='word_1_894' title='bbox 222 3272 235 3302; x_wconf 88' lang='lat'>1</span> <span class='ocrx_word' id='word_1_895' title='bbox 259 3271 317 3301; x_wconf 83' lang='grc' dir='ltr'>καὶ</span> <span class='ocrx_word' id='word_1_896' title='bbox 339 3267 429 3301; x_wconf 72' lang='grc' dir='ltr'><strong><em>κατὰ</em></strong></span> <span class='ocrx_word' id='word_1_897' title='bbox 445 3267 625 3310; x_wconf 84' lang='grc' dir='ltr'><strong><em>συστάδην</em></strong></span> <span class='ocrx_word' id='word_1_898' title='bbox 644 3272 674 3303; x_wconf 84' lang='lat' dir='ltr'><strong><em>L</em></strong></span> <span class='ocrx_word' id='word_1_899' title='bbox 693 3275 705 3313; x_wconf 81' lang='grc' dir='ltr'>Η</span> <span class='ocrx_word' id='word_1_900' title='bbox 730 3271 749 3303; x_wconf 86' lang='grc'>2</span> <span class='ocrx_word' id='word_1_901' title='bbox 771 3267 1017 3314; x_wconf 81' lang='grc' dir='ltr'><strong><em>ἀγωνίζεσθαι</em></strong></span> <span class='ocrx_word' id='word_1_902' title='bbox 1038 3270 1074 3303; x_wconf 89' lang='grc' dir='ltr'><em>Β</em></span> <span class='ocrx_word' id='word_1_903' title='bbox 1090 3270 1102 3313; x_wconf 75' lang='grc' dir='ltr'>ΙΙ</span> <span class='ocrx_word' id='word_1_904' title='bbox 1129 3273 1147 3303; x_wconf 87' lang='grc'>5</span> <span class='ocrx_word' id='word_1_905' title='bbox 1170 3270 1247 3302; x_wconf 84' lang='grc' dir='ltr'>τῶν</span> 
     </span>
     <span class='ocr_line' id='line_1_102' title="bbox 176 3310 1245 3359; baseline 0 -12"><span class='ocrx_word' id='word_1_906' title='bbox 176 3316 332 3359; x_wconf 83' lang='grc' dir='ltr'><strong><em>ἐφέσεων</em></strong></span> <span class='ocrx_word' id='word_1_907' title='bbox 348 3315 399 3347; x_wconf 65' lang='lat' dir='ltr'>Bc</span> <span class='ocrx_word' id='word_1_908' title='bbox 420 3313 432 3358; x_wconf 77' lang='grc' dir='ltr'>ΙΙ</span> <span class='ocrx_word' id='word_1_909' title='bbox 460 3317 477 3347; x_wconf 86' lang='lat'><strong>7</strong></span> <span class='ocrx_word' id='word_1_910' title='bbox 495 3311 586 3357; x_wconf 49' lang='grc' dir='ltr'><strong><em>μεθ)</em></strong></span> <span class='ocrx_word' id='word_1_911' title='bbox 607 3310 648 3347; x_wconf 71' lang='grc' dir='ltr'>ὃν</span> <span class='ocrx_word' id='word_1_912' title='bbox 673 3315 703 3347; x_wconf 82' lang='grc' dir='ltr'>εἰ</span> <span class='ocrx_word' id='word_1_913' title='bbox 725 3313 773 3357; x_wconf 78' lang='grc' dir='ltr'>μὴ</span> <span class='ocrx_word' id='word_1_914' title='bbox 798 3328 835 3347; x_wconf 75' lang='lat' dir='ltr'>ex</span> <span class='ocrx_word' id='word_1_915' title='bbox 856 3327 936 3347; x_wconf 81' lang='lat' dir='ltr'>corr.</span> <span class='ocrx_word' id='word_1_916' title='bbox 953 3316 984 3347; x_wconf 92' lang='lat' dir='ltr'><em>L</em></span> <span class='ocrx_word' id='word_1_917' title='bbox 1007 3314 1019 3352; x_wconf 80' lang='grc' dir='ltr'>ΙΙ</span> <span class='ocrx_word' id='word_1_918' title='bbox 1049 3317 1088 3348; x_wconf 90' lang='grc'>10</span> <span class='ocrx_word' id='word_1_919' title='bbox 1109 3317 1159 3355; x_wconf 88' lang='grc' dir='ltr'>τε]</span> <span class='ocrx_word' id='word_1_920' title='bbox 1187 3316 1245 3359; x_wconf 74' lang='lat' dir='ltr'>leq.</span> 
     </span>
     <span class='ocr_line' id='line_1_103' title="bbox 174 3356 1248 3406; baseline -0.001 -13"><span class='ocrx_word' id='word_1_921' title='bbox 174 3361 239 3406; x_wconf 65' lang='grc' dir='ltr'><strong><em>γε’.)</em></strong></span> <span class='ocrx_word' id='word_1_922' title='bbox 262 3360 274 3403; x_wconf 75' lang='grc' dir='ltr'>ΙΙ</span> <span class='ocrx_word' id='word_1_923' title='bbox 306 3361 345 3393; x_wconf 87' lang='grc'>18</span> <span class='ocrx_word' id='word_1_924' title='bbox 365 3357 398 3401; x_wconf 82' lang='grc' dir='ltr'>ἢ]</span> <span class='ocrx_word' id='word_1_925' title='bbox 425 3363 483 3392; x_wconf 86' lang='lat' dir='ltr'>aut</span> <span class='ocrx_word' id='word_1_926' title='bbox 499 3362 586 3392; x_wconf 86' lang='lat' dir='ltr'>certe</span> <span class='ocrx_word' id='word_1_927' title='bbox 605 3361 640 3402; x_wconf 86' lang='lat' dir='ltr'>(i.</span> <span class='ocrx_word' id='word_1_928' title='bbox 655 3373 679 3393; x_wconf 87' lang='lat' dir='ltr'>e.</span> <span class='ocrx_word' id='word_1_929' title='bbox 700 3357 722 3401; x_wconf 80' lang='grc' dir='ltr'><em>ἢ</em></span> <span class='ocrx_word' id='word_1_930' title='bbox 738 3360 815 3403; x_wconf 67' lang='grc' dir='ltr'><strong><em>γεῗ)</em></strong></span> <span class='ocrx_word' id='word_1_931' title='bbox 835 3372 855 3396; x_wconf 82' lang='grc' dir='ltr'><strong><em>ς</em></strong></span> <span class='ocrx_word' id='word_1_932' title='bbox 882 3359 894 3402; x_wconf 72' lang='lat' dir='ltr'>ss</span> <span class='ocrx_word' id='word_1_933' title='bbox 924 3361 964 3393; x_wconf 90' lang='lat'>23</span> <span class='ocrx_word' id='word_1_934' title='bbox 987 3356 1128 3392; x_wconf 60' lang='grc' dir='ltr'><strong><em>ἅπαντι</em></strong></span> <span class='ocrx_word' id='word_1_935' title='bbox 1155 3361 1204 3392; x_wconf 79' lang='lat' dir='ltr'>La</span> <span class='ocrx_word' id='word_1_936' title='bbox 1237 3358 1248 3403; x_wconf 73' lang='grc'>11</span> 
     </span>
     <span class='ocr_line' id='line_1_104' title="bbox 177 3403 1247 3451; baseline -0.001 -12"><span class='ocrx_word' id='word_1_937' title='bbox 177 3407 218 3439; x_wconf 85' lang='grc'>32</span> <span class='ocrx_word' id='word_1_938' title='bbox 238 3408 380 3451; x_wconf 86' lang='grc' dir='ltr'><strong><em>γίνηται</em></strong></span> <span class='ocrx_word' id='word_1_939' title='bbox 402 3406 450 3438; x_wconf 74' lang='lat' dir='ltr'>L⁴⁸</span> <span class='ocrx_word' id='word_1_940' title='bbox 475 3403 487 3449; x_wconf 74' lang='lat' dir='ltr'>ss</span> <span class='ocrx_word' id='word_1_941' title='bbox 511 3407 553 3438; x_wconf 89' lang='grc'>34</span> <span class='ocrx_word' id='word_1_942' title='bbox 578 3407 636 3437; x_wconf 84' lang='grc' dir='ltr'>καὶ</span> <span class='ocrx_word' id='word_1_943' title='bbox 662 3417 731 3440; x_wconf 69' lang='lat' dir='ltr'>exs-</span> <span class='ocrx_word' id='word_1_944' title='bbox 748 3406 830 3437; x_wconf 79' lang='lat' dir='ltr'>addi</span> <span class='ocrx_word' id='word_1_945' title='bbox 851 3406 915 3446; x_wconf 84' lang='lat' dir='ltr'>(vel</span> <span class='ocrx_word' id='word_1_946' title='bbox 930 3418 991 3447; x_wconf 87' lang='lat' dir='ltr'>pro</span> <span class='ocrx_word' id='word_1_947' title='bbox 1013 3408 1129 3438; x_wconf 82' lang='grc' dir='ltr'><strong><em>καίτοι</em></strong></span> <span class='ocrx_word' id='word_1_948' title='bbox 1147 3418 1247 3438; x_wconf 83' lang='lat' dir='ltr'>emen-</span> 
     </span>
     <span class='ocr_line' id='line_1_105' title="bbox 177 3448 1249 3495; baseline 0 -12"><span class='ocrx_word' id='word_1_949' title='bbox 177 3453 265 3492; x_wconf 82' lang='lat' dir='ltr'>dari)</span> <span class='ocrx_word' id='word_1_950' title='bbox 289 3451 389 3484; x_wconf 86' lang='lat' dir='ltr'>voluit</span> <span class='ocrx_word' id='word_1_951' title='bbox 404 3451 589 3484; x_wconf 76' lang='lat' dir='ltr'>Zachariae</span> <span class='ocrx_word' id='word_1_952' title='bbox 615 3451 631 3493; x_wconf 66' lang='lat' dir='ltr'>ss</span> <span class='ocrx_word' id='word_1_953' title='bbox 650 3448 740 3482; x_wconf 84' lang='grc' dir='ltr'><strong><em>κατὰ</em></strong></span> <span class='ocrx_word' id='word_1_954' title='bbox 760 3452 897 3495; x_wconf 85' lang='grc' dir='ltr'><strong><em>κυρίαν]</em></strong></span> <span class='ocrx_word' id='word_1_955' title='bbox 923 3449 1014 3483; x_wconf 81' lang='grc' dir='ltr'><strong><em>κατὰ</em></strong></span> <span class='ocrx_word' id='word_1_956' title='bbox 1037 3448 1104 3491; x_wconf 84' lang='grc' dir='ltr'>τὴν</span> <span class='ocrx_word' id='word_1_957' title='bbox 1123 3453 1249 3495; x_wconf 89' lang='grc' dir='ltr'><strong><em>κυρίαν</em></strong></span> 
     </span>
     <span class='ocr_line' id='line_1_106' title="bbox 176 3492 1241 3540; baseline -0.001 -11"><span class='ocrx_word' id='word_1_958' title='bbox 176 3497 262 3537; x_wconf 67' lang='lat' dir='ltr'>Bet,</span> <span class='ocrx_word' id='word_1_959' title='bbox 295 3498 326 3528; x_wconf 81' lang='lat' dir='ltr'>et</span> <span class='ocrx_word' id='word_1_960' title='bbox 350 3496 483 3528; x_wconf 82' lang='lat' dir='ltr'>fatalem</span> <span class='ocrx_word' id='word_1_961' title='bbox 508 3508 526 3531; x_wconf 85' lang='grc' dir='ltr'><strong><em>ς</em></strong></span> <span class='ocrx_word' id='word_1_962' title='bbox 556 3495 568 3540; x_wconf 88' lang='grc' dir='ltr'>ΙΙ</span> <span class='ocrx_word' id='word_1_963' title='bbox 600 3497 639 3529; x_wconf 88' lang='grc'>35</span> <span class='ocrx_word' id='word_1_964' title='bbox 666 3492 864 3529; x_wconf 75' lang='grc' dir='ltr'><strong><em>κινδυνεύοι</em></strong></span> <span class='ocrx_word' id='word_1_965' title='bbox 889 3496 939 3527; x_wconf 82' lang='lat' dir='ltr'>La</span> <span class='ocrx_word' id='word_1_966' title='bbox 973 3495 984 3539; x_wconf 79' lang='lat' dir='ltr'>ss</span> <span class='ocrx_word' id='word_1_967' title='bbox 1017 3493 1128 3536; x_wconf 78' lang='grc' dir='ltr'><strong><em>ἐξήκει</em></strong></span> <span class='ocrx_word' id='word_1_968' title='bbox 1153 3496 1200 3528; x_wconf 86' lang='lat' dir='ltr'>L¹</span> <span class='ocrx_word' id='word_1_969' title='bbox 1238 3494 1241 3539; x_wconf 90' lang='grc' dir='ltr'>Ι</span> 
     </span>
     <span class='ocr_line' id='line_1_107' title="bbox 177 3538 1243 3585; baseline -0.002 -11"><span class='ocrx_word' id='word_1_970' title='bbox 177 3543 219 3574; x_wconf 81' lang='grc'>40</span> <span class='ocrx_word' id='word_1_971' title='bbox 243 3538 450 3583; x_wconf 80' lang='grc' dir='ltr'><strong><em>αἰτήσαντες</em></strong></span> <span class='ocrx_word' id='word_1_972' title='bbox 474 3542 520 3574; x_wconf 90' lang='grc' dir='ltr'><em>Μ</em></span> <span class='ocrx_word' id='word_1_973' title='bbox 540 3540 552 3585; x_wconf 82' lang='grc' dir='ltr'>ΙΙ</span> <span class='ocrx_word' id='word_1_974' title='bbox 582 3542 704 3584; x_wconf 81' lang='grc' dir='ltr'><strong><em>ἔφεσιν</em></strong></span> <span class='ocrx_word' id='word_1_975' title='bbox 729 3554 767 3573; x_wconf 76' lang='lat' dir='ltr'>ex</span> <span class='ocrx_word' id='word_1_976' title='bbox 792 3550 916 3584; x_wconf 68' lang='lat' dir='ltr'>*cp-ww</span> <span class='ocrx_word' id='word_1_977' title='bbox 939 3542 968 3572; x_wconf 92' lang='lat' dir='ltr'><em>L</em></span> <span class='ocrx_word' id='word_1_978' title='bbox 993 3538 1131 3585; x_wconf 74' lang='grc' dir='ltr'><strong><em>(ὕφεσιν</em></strong></span> <span class='ocrx_word' id='word_1_979' title='bbox 1147 3541 1205 3582; x_wconf 76' lang='lat' dir='ltr'>L2)</span> <span class='ocrx_word' id='word_1_980' title='bbox 1238 3541 1243 3582; x_wconf 61' lang='lat' dir='ltr'>l</span> 
     </span>
     <span class='ocr_line' id='line_1_108' title="bbox 177 3583 785 3627; baseline 0 -9"><span class='ocrx_word' id='word_1_981' title='bbox 177 3583 278 3619; x_wconf 78' lang='grc' dir='ltr'><strong><em>δοῦσι</em></strong></span> <span class='ocrx_word' id='word_1_982' title='bbox 291 3586 378 3626; x_wconf 89' lang='grc' dir='ltr'>ΜΒ]</span> <span class='ocrx_word' id='word_1_983' title='bbox 406 3583 567 3620; x_wconf 74' lang='grc' dir='ltr'><strong><em>ἐπιὸοὗσι</em></strong></span> <span class='ocrx_word' id='word_1_984' title='bbox 585 3587 669 3627; x_wconf 79' lang='grc' dir='ltr'><strong><em>Εεὶ.,</em></strong></span> <span class='ocrx_word' id='word_1_985' title='bbox 684 3599 741 3619; x_wconf 85' lang='lat' dir='ltr'>om.</span> <span class='ocrx_word' id='word_1_986' title='bbox 756 3586 785 3618; x_wconf 91' lang='lat' dir='ltr'><em>L</em></span> 
     </span>
    </p>
   </div>
   <div class='ocr_carea' id='block_1_31' title="bbox 1245 3495 1250 3582">
    <p class='ocr_par' dir='ltr' id='par_1_32' title="bbox 1245 3495 1250 3582">
     <span class='ocr_line' id='line_1_109' title="bbox 1245 3495 1250 3582; baseline 0 0"><span class='ocrx_word' id='word_1_987' title='bbox 1245 3495 1250 3582; x_wconf 95' lang='lat' dir='ltr'> </span> 
     </span>
    </p>
   </div>
   <div class='ocr_carea' id='block_1_32' title="bbox 240 3648 1226 3653">
    <p class='ocr_par' dir='ltr' id='par_1_33' title="bbox 240 3648 1226 3653">
     <span class='ocr_line' id='line_1_110' title="bbox 240 3648 1226 3653; baseline 0 0"><span class='ocrx_word' id='word_1_988' title='bbox 240 3648 1226 3653; x_wconf 95' lang='lat' dir='ltr'> </span> 
     </span>
    </p>
   </div>
   <div class='ocr_carea' id='block_1_33' title="bbox 179 3674 1249 3803">
    <p class='ocr_par' dir='ltr' id='par_1_34' title="bbox 179 3674 1249 3803">
     <span class='ocr_line' id='line_1_111' title="bbox 224 3674 1249 3721; baseline 0 -12"><span class='ocrx_word' id='word_1_989' title='bbox 224 3678 239 3709; x_wconf 93' lang='lat'>1</span> <span class='ocrx_word' id='word_1_990' title='bbox 265 3677 355 3709; x_wconf 87' lang='lat' dir='ltr'>hunc</span> <span class='ocrx_word' id='word_1_991' title='bbox 379 3678 464 3721; x_wconf 75' lang='lat' dir='ltr'>vuly.</span> <span class='ocrx_word' id='word_1_992' title='bbox 481 3678 493 3719; x_wconf 87' lang='grc' dir='ltr'>ΙΙ</span> <span class='ocrx_word' id='word_1_993' title='bbox 511 3677 619 3709; x_wconf 86' lang='lat' dir='ltr'>littem</span> <span class='ocrx_word' id='word_1_994' title='bbox 641 3677 693 3709; x_wconf 82' lang='lat' dir='ltr'>Va</span> <span class='ocrx_word' id='word_1_995' title='bbox 712 3676 723 3718; x_wconf 85' lang='grc' dir='ltr'>ΙΙ</span> <span class='ocrx_word' id='word_1_996' title='bbox 747 3677 766 3708; x_wconf 88' lang='grc'>2</span> <span class='ocrx_word' id='word_1_997' title='bbox 791 3675 861 3708; x_wconf 83' lang='lat' dir='ltr'>siue</span> <span class='ocrx_word' id='word_1_998' title='bbox 886 3676 933 3708; x_wconf 70' lang='lat' dir='ltr'><em>w</em></span> <span class='ocrx_word' id='word_1_999' title='bbox 950 3674 962 3718; x_wconf 80' lang='grc' dir='ltr'>ΙΙ</span> <span class='ocrx_word' id='word_1_1000' title='bbox 989 3679 1007 3708; x_wconf 80' lang='grc'><strong>3</strong></span> <span class='ocrx_word' id='word_1_1001' title='bbox 1033 3676 1071 3715; x_wconf 75' lang='lat' dir='ltr'>si]</span> <span class='ocrx_word' id='word_1_1002' title='bbox 1096 3675 1142 3707; x_wconf 89' lang='lat' dir='ltr'>sic</span> <span class='ocrx_word' id='word_1_1003' title='bbox 1166 3676 1216 3709; x_wconf 81' lang='lat' dir='ltr'>Va</span> <span class='ocrx_word' id='word_1_1004' title='bbox 1239 3675 1249 3719; x_wconf 76' lang='grc' dir='ltr'>Η</span> 
     </span>
     <span class='ocr_line' id='line_1_112' title="bbox 179 3718 1249 3765; baseline -0.002 -10"><span class='ocrx_word' id='word_1_1005' title='bbox 179 3723 198 3755; x_wconf 84' lang='grc'>’1</span> <span class='ocrx_word' id='word_1_1006' title='bbox 224 3721 386 3755; x_wconf 84' lang='lat' dir='ltr'>*uictoris</span> <span class='ocrx_word' id='word_1_1007' title='bbox 411 3723 487 3756; x_wconf 85' lang='lat' dir='ltr'>libri</span> <span class='ocrx_word' id='word_1_1008' title='bbox 509 3721 522 3765; x_wconf 85' lang='grc' dir='ltr'>ΙΙ</span> <span class='ocrx_word' id='word_1_1009' title='bbox 550 3721 747 3754; x_wconf 87' lang='lat' dir='ltr'>sancivimus</span> <span class='ocrx_word' id='word_1_1010' title='bbox 771 3721 855 3765; x_wconf 75' lang='lat' dir='ltr'>vulq.</span> <span class='ocrx_word' id='word_1_1011' title='bbox 877 3720 889 3764; x_wconf 84' lang='grc' dir='ltr'>ΙΙ</span> <span class='ocrx_word' id='word_1_1012' title='bbox 919 3718 1043 3763; x_wconf 87' lang='lat' dir='ltr'>itaque]</span> <span class='ocrx_word' id='word_1_1013' title='bbox 1069 3730 1152 3762; x_wconf 88' lang='lat' dir='ltr'>quae</span> <span class='ocrx_word' id='word_1_1014' title='bbox 1173 3734 1197 3753; x_wconf 84' lang='lat' dir='ltr'>s.</span> <span class='ocrx_word' id='word_1_1015' title='bbox 1217 3733 1249 3753; x_wconf 87' lang='lat' dir='ltr'>v.</span> 
     </span>
     <span class='ocr_line' id='line_1_113' title="bbox 249 3776 299 3803; baseline 0.02 -1"><span class='ocrx_word' id='word_1_1016' title='bbox 249 3776 299 3803; x_wconf 82' lang='lat' dir='ltr'><strong>III.</strong></span> 
     </span>
    </p>
   </div>
   <div class='ocr_carea' id='block_1_34' title="bbox 1279 3278 1284 3430">
    <p class='ocr_par' dir='ltr' id='par_1_35' title="bbox 1279 3278 1284 3430">
     <span class='ocr_line' id='line_1_114' title="bbox 1279 3278 1284 3430; baseline 0 580"><span class='ocrx_word' id='word_1_1017' title='bbox 1279 3278 1284 3430; x_wconf 95' lang='lat' dir='ltr'> </span> 
     </span>
    </p>
   </div>
   <div class='ocr_carea' id='block_1_35' title="bbox 1317 3268 2394 3716">
    <p class='ocr_par' dir='ltr' id='par_1_36' title="bbox 1317 3268 2394 3716">
     <span class='ocr_line' id='line_1_115' title="bbox 1318 3268 2394 3316; baseline 0.004 -15"><span class='ocrx_word' id='word_1_1018' title='bbox 1318 3270 1392 3302; x_wconf 81' lang='lat' dir='ltr'>add.</span> <span class='ocrx_word' id='word_1_1019' title='bbox 1416 3269 1449 3301; x_wconf 89' lang='lat' dir='ltr'><em>V</em></span> <span class='ocrx_word' id='word_1_1020' title='bbox 1467 3268 1478 3308; x_wconf 76' lang='grc' dir='ltr'>ΙΙ</span> <span class='ocrx_word' id='word_1_1021' title='bbox 1505 3270 1543 3302; x_wconf 84' lang='grc'>15</span> <span class='ocrx_word' id='word_1_1022' title='bbox 1569 3269 1788 3301; x_wconf 85' lang='lat' dir='ltr'>imensitatem</span> <span class='ocrx_word' id='word_1_1023' title='bbox 1810 3270 1842 3302; x_wconf 91' lang='lat' dir='ltr'><strong><em>V</em></strong></span> <span class='ocrx_word' id='word_1_1024' title='bbox 1862 3268 1874 3313; x_wconf 71' lang='grc' dir='ltr'>ΙΙ</span> <span class='ocrx_word' id='word_1_1025' title='bbox 1902 3272 1940 3302; x_wconf 86' lang='grc'>19</span> <span class='ocrx_word' id='word_1_1026' title='bbox 1966 3271 2001 3301; x_wconf 88' lang='lat' dir='ltr'>in</span> <span class='ocrx_word' id='word_1_1027' title='bbox 2027 3284 2084 3303; x_wconf 88' lang='lat' dir='ltr'>om.</span> <span class='ocrx_word' id='word_1_1028' title='bbox 2111 3271 2231 3304; x_wconf 83' lang='lat' dir='ltr'><strong><em>V¹RT</em></strong></span> <span class='ocrx_word' id='word_1_1029' title='bbox 2251 3270 2263 3316; x_wconf 87' lang='grc' dir='ltr'>ΙΙ</span> <span class='ocrx_word' id='word_1_1030' title='bbox 2287 3283 2394 3304; x_wconf 86' lang='lat' dir='ltr'>coma-</span> 
     </span>
     <span class='ocr_line' id='line_1_116' title="bbox 1317 3313 2392 3360; baseline 0.004 -14"><span class='ocrx_word' id='word_1_1031' title='bbox 1317 3316 1431 3346; x_wconf 88' lang='lat' dir='ltr'>nentes</span> <span class='ocrx_word' id='word_1_1032' title='bbox 1454 3313 1508 3356; x_wconf 78' lang='lat' dir='ltr'>Vss</span> <span class='ocrx_word' id='word_1_1033' title='bbox 1532 3313 1639 3353; x_wconf 88' lang='lat' dir='ltr'>aliter]</span> <span class='ocrx_word' id='word_1_1034' title='bbox 1665 3325 1731 3346; x_wconf 92' lang='lat' dir='ltr'>non</span> <span class='ocrx_word' id='word_1_1035' title='bbox 1756 3314 1852 3346; x_wconf 88' lang='lat' dir='ltr'>aliter</span> <span class='ocrx_word' id='word_1_1036' title='bbox 1876 3315 1909 3347; x_wconf 87' lang='lat' dir='ltr'><em>R</em></span> <span class='ocrx_word' id='word_1_1037' title='bbox 1925 3314 1937 3355; x_wconf 83' lang='grc' dir='ltr'>ΙΙ</span> <span class='ocrx_word' id='word_1_1038' title='bbox 1965 3317 2007 3348; x_wconf 89' lang='grc'>20</span> <span class='ocrx_word' id='word_1_1039' title='bbox 2033 3326 2099 3348; x_wconf 90' lang='lat' dir='ltr'>non</span> <span class='ocrx_word' id='word_1_1040' title='bbox 2125 3316 2258 3360; x_wconf 81' lang='lat' dir='ltr'>om.Rss</span> <span class='ocrx_word' id='word_1_1041' title='bbox 2277 3318 2319 3350; x_wconf 90' lang='grc'>23</span> <span class='ocrx_word' id='word_1_1042' title='bbox 2342 3320 2392 3358; x_wconf 86' lang='lat' dir='ltr'>ex]</span> 
     </span>
     <span class='ocr_line' id='line_1_117' title="bbox 1317 3357 2391 3405; baseline 0.003 -14"><span class='ocrx_word' id='word_1_1043' title='bbox 1317 3359 1357 3391; x_wconf 78' lang='lat' dir='ltr'>ad</span> <span class='ocrx_word' id='word_1_1044' title='bbox 1378 3358 1427 3390; x_wconf 84' lang='lat' dir='ltr'>R¹</span> <span class='ocrx_word' id='word_1_1045' title='bbox 1445 3357 1457 3401; x_wconf 82' lang='grc' dir='ltr'>ΙΙ</span> <span class='ocrx_word' id='word_1_1046' title='bbox 1473 3358 1672 3399; x_wconf 55' lang='grc' dir='ltr'><strong><em>αςῃοοὶῐηιι*</em></strong></span> <span class='ocrx_word' id='word_1_1047' title='bbox 1697 3359 1744 3392; x_wconf 80' lang='lat'>171</span> <span class='ocrx_word' id='word_1_1048' title='bbox 1768 3360 1965 3401; x_wconf 85' lang='lat' dir='ltr'>agnouimus</span> <span class='ocrx_word' id='word_1_1049' title='bbox 1987 3360 2064 3405; x_wconf 78' lang='lat' dir='ltr'>V³11</span> <span class='ocrx_word' id='word_1_1050' title='bbox 2090 3363 2132 3394; x_wconf 89' lang='grc'>24</span> <span class='ocrx_word' id='word_1_1051' title='bbox 2148 3361 2301 3394; x_wconf 60' lang='lat' dir='ltr'>insinua*</span> <span class='ocrx_word' id='word_1_1052' title='bbox 2326 3364 2391 3401; x_wconf 84' lang='lat' dir='ltr'>V¹;</span> 
     </span>
     <span class='ocr_line' id='line_1_118' title="bbox 1319 3403 2393 3448; baseline 0.003 -11"><span class='ocrx_word' id='word_1_1053' title='bbox 1319 3405 1378 3447; x_wconf 75' lang='lat' dir='ltr'>leq.</span> <span class='ocrx_word' id='word_1_1054' title='bbox 1391 3403 1586 3435; x_wconf 77' lang='lat' dir='ltr'>insinuata?</span> <span class='ocrx_word' id='word_1_1055' title='bbox 1603 3404 1615 3447; x_wconf 79' lang='grc' dir='ltr'>ΙΙ</span> <span class='ocrx_word' id='word_1_1056' title='bbox 1634 3408 1729 3437; x_wconf 67' lang='lat' dir='ltr'>mste</span> <span class='ocrx_word' id='word_1_1057' title='bbox 1752 3405 1802 3438; x_wconf 85' lang='lat' dir='ltr'>V²</span> <span class='ocrx_word' id='word_1_1058' title='bbox 1821 3404 1833 3448; x_wconf 87' lang='grc' dir='ltr'>ΙΙ</span> <span class='ocrx_word' id='word_1_1059' title='bbox 1857 3406 1898 3438; x_wconf 88' lang='grc'>32</span> <span class='ocrx_word' id='word_1_1060' title='bbox 1923 3406 2056 3446; x_wconf 89' lang='lat' dir='ltr'>quidam</span> <span class='ocrx_word' id='word_1_1061' title='bbox 2078 3407 2132 3439; x_wconf 79' lang='lat' dir='ltr'>Va</span> <span class='ocrx_word' id='word_1_1062' title='bbox 2150 3406 2162 3448; x_wconf 72' lang='lat' dir='ltr'>u</span> <span class='ocrx_word' id='word_1_1063' title='bbox 2187 3408 2228 3439; x_wconf 88' lang='grc'>34</span> <span class='ocrx_word' id='word_1_1064' title='bbox 2253 3410 2286 3440; x_wconf 88' lang='lat' dir='ltr'>et</span> <span class='ocrx_word' id='word_1_1065' title='bbox 2309 3408 2393 3440; x_wconf 82' lang='lat' dir='ltr'>fata-</span> 
     </span>
     <span class='ocr_line' id='line_1_119' title="bbox 1318 3448 2393 3495; baseline 0.005 -14"><span class='ocrx_word' id='word_1_1066' title='bbox 1318 3449 1394 3488; x_wconf 88' lang='lat' dir='ltr'>lem]</span> <span class='ocrx_word' id='word_1_1067' title='bbox 1422 3450 1453 3480; x_wconf 82' lang='lat' dir='ltr'>et</span> <span class='ocrx_word' id='word_1_1068' title='bbox 1473 3459 1531 3490; x_wconf 88' lang='lat' dir='ltr'>per</span> <span class='ocrx_word' id='word_1_1069' title='bbox 1553 3448 1685 3482; x_wconf 85' lang='lat' dir='ltr'>fatalem</span> <span class='ocrx_word' id='word_1_1070' title='bbox 1709 3450 1954 3494; x_wconf 74' lang='lat' dir='ltr'>Osenbrilqyen3</span> <span class='ocrx_word' id='word_1_1071' title='bbox 1979 3452 2037 3495; x_wconf 72' lang='lat' dir='ltr'>leq.</span> <span class='ocrx_word' id='word_1_1072' title='bbox 2057 3451 2237 3483; x_wconf 86' lang='lat' dir='ltr'>secundum</span> <span class='ocrx_word' id='word_1_1073' title='bbox 2259 3452 2393 3486; x_wconf 85' lang='lat' dir='ltr'>fatalem</span> 
     </span>
     <span class='ocr_line' id='line_1_120' title="bbox 1320 3494 2393 3542; baseline 0.005 -16"><span class='ocrx_word' id='word_1_1074' title='bbox 1320 3496 1374 3534; x_wconf 76' lang='lat' dir='ltr'>(cf.</span> <span class='ocrx_word' id='word_1_1075' title='bbox 1402 3495 1483 3535; x_wconf 82' lang='lat'>290,</span> <span class='ocrx_word' id='word_1_1076' title='bbox 1508 3494 1583 3535; x_wconf 82' lang='lat' dir='ltr'>3o)?</span> <span class='ocrx_word' id='word_1_1077' title='bbox 1611 3494 1623 3538; x_wconf 86' lang='grc' dir='ltr'>ΙΙ</span> <span class='ocrx_word' id='word_1_1078' title='bbox 1662 3495 1844 3528; x_wconf 81' lang='lat' dir='ltr'>occurrerit</span> <span class='ocrx_word' id='word_1_1079' title='bbox 1869 3498 1901 3527; x_wconf 83' lang='lat' dir='ltr'>et</span> <span class='ocrx_word' id='word_1_1080' title='bbox 1926 3497 1974 3528; x_wconf 85' lang='lat' dir='ltr'>ed.</span> <span class='ocrx_word' id='word_1_1081' title='bbox 1991 3498 2056 3539; x_wconf 63' lang='lat' dir='ltr'>pn]</span> <span class='ocrx_word' id='word_1_1082' title='bbox 2093 3500 2245 3530; x_wconf 83' lang='lat' dir='ltr'>occurret</span> <span class='ocrx_word' id='word_1_1083' title='bbox 2270 3499 2347 3531; x_wconf 84' lang='lat' dir='ltr'>libri</span> <span class='ocrx_word' id='word_1_1084' title='bbox 2382 3498 2393 3542; x_wconf 79' lang='grc' dir='ltr'>Η</span> 
     </span>
     <span class='ocr_line' id='line_1_121' title="bbox 1320 3539 2392 3587; baseline 0.004 -15"><span class='ocrx_word' id='word_1_1085' title='bbox 1320 3541 1360 3572; x_wconf 86' lang='grc'>35</span> <span class='ocrx_word' id='word_1_1086' title='bbox 1387 3539 1613 3581; x_wconf 86' lang='lat' dir='ltr'>compraeendi</span> <span class='ocrx_word' id='word_1_1087' title='bbox 1630 3541 1675 3581; x_wconf 84' lang='lat' dir='ltr'>R]</span> <span class='ocrx_word' id='word_1_1088' title='bbox 1707 3540 1894 3582; x_wconf 83' lang='lat' dir='ltr'>compendii</span> <span class='ocrx_word' id='word_1_1089' title='bbox 1915 3541 1948 3573; x_wconf 90' lang='lat' dir='ltr'><strong><em>V</em></strong></span> <span class='ocrx_word' id='word_1_1090' title='bbox 1965 3541 2158 3584; x_wconf 87' lang='lat' dir='ltr'>compendio</span> <span class='ocrx_word' id='word_1_1091' title='bbox 2185 3542 2217 3574; x_wconf 86' lang='lat' dir='ltr'><em>T</em></span> <span class='ocrx_word' id='word_1_1092' title='bbox 2235 3541 2248 3587; x_wconf 83' lang='grc' dir='ltr'>ΙΙ</span> <span class='ocrx_word' id='word_1_1093' title='bbox 2275 3545 2317 3576; x_wconf 87' lang='grc'>36</span> <span class='ocrx_word' id='word_1_1094' title='bbox 2342 3544 2392 3576; x_wconf 86' lang='lat' dir='ltr'>di-</span> 
     </span>
     <span class='ocr_line' id='line_1_122' title="bbox 1319 3583 2394 3630; baseline 0.005 -14"><span class='ocrx_word' id='word_1_1095' title='bbox 1319 3586 1370 3616; x_wconf 86' lang='lat' dir='ltr'>cet</span> <span class='ocrx_word' id='word_1_1096' title='bbox 1393 3584 1445 3616; x_wconf 84' lang='lat' dir='ltr'>lex</span> <span class='ocrx_word' id='word_1_1097' title='bbox 1467 3585 1519 3616; x_wconf 82' lang='lat' dir='ltr'>Va</span> <span class='ocrx_word' id='word_1_1098' title='bbox 1542 3583 1595 3617; x_wconf 86' lang='lat' dir='ltr'>lex</span> <span class='ocrx_word' id='word_1_1099' title='bbox 1619 3586 1700 3618; x_wconf 83' lang='lat' dir='ltr'>dicit</span> <span class='ocrx_word' id='word_1_1100' title='bbox 1728 3586 1757 3618; x_wconf 82' lang='lat' dir='ltr'><em>R</em></span> <span class='ocrx_word' id='word_1_1101' title='bbox 1775 3585 1787 3630; x_wconf 85' lang='grc' dir='ltr'>ΙΙ</span> <span class='ocrx_word' id='word_1_1102' title='bbox 1811 3588 1850 3619; x_wconf 86' lang='grc'>37</span> <span class='ocrx_word' id='word_1_1103' title='bbox 1878 3585 2042 3619; x_wconf 88' lang='lat' dir='ltr'>diuisione</span> <span class='ocrx_word' id='word_1_1104' title='bbox 2063 3587 2096 3620; x_wconf 90' lang='lat' dir='ltr'><strong><em>V</em></strong></span> <span class='ocrx_word' id='word_1_1105' title='bbox 2110 3587 2122 3630; x_wconf 80' lang='grc' dir='ltr'>ΙΙ</span> <span class='ocrx_word' id='word_1_1106' title='bbox 2152 3587 2188 3619; x_wconf 85' lang='lat' dir='ltr'>in</span> <span class='ocrx_word' id='word_1_1107' title='bbox 2207 3589 2394 3629; x_wconf 84' lang='lat' dir='ltr'>praesentia</span> 
     </span>
     <span class='ocr_line' id='line_1_123' title="bbox 1319 3629 2390 3676; baseline 0.007 -16"><span class='ocrx_word' id='word_1_1108' title='bbox 1319 3629 1458 3661; x_wconf 82' lang='lat' dir='ltr'>dicimus</span> <span class='ocrx_word' id='word_1_1109' title='bbox 1478 3629 1534 3673; x_wconf 72' lang='lat' dir='ltr'>Vn</span> <span class='ocrx_word' id='word_1_1110' title='bbox 1552 3630 1593 3664; x_wconf 89' lang='lat'>38</span> <span class='ocrx_word' id='word_1_1111' title='bbox 1612 3631 1759 3663; x_wconf 83' lang='lat' dir='ltr'>uiuimus</span> <span class='ocrx_word' id='word_1_1112' title='bbox 1771 3631 1805 3663; x_wconf 78' lang='lat' dir='ltr'><em>R</em></span> <span class='ocrx_word' id='word_1_1113' title='bbox 1829 3630 1973 3664; x_wconf 85' lang='lat' dir='ltr'>uidimus</span> <span class='ocrx_word' id='word_1_1114' title='bbox 1994 3632 2049 3675; x_wconf 74' lang='lat' dir='ltr'>VH</span> <span class='ocrx_word' id='word_1_1115' title='bbox 2074 3633 2115 3666; x_wconf 85' lang='lat'>39</span> <span class='ocrx_word' id='word_1_1116' title='bbox 2134 3632 2271 3674; x_wconf 87' lang='lat' dir='ltr'>figentes</span> <span class='ocrx_word' id='word_1_1117' title='bbox 2285 3634 2390 3676; x_wconf 82' lang='lat' dir='ltr'>Beck]</span> 
     </span>
     <span class='ocr_line' id='line_1_124' title="bbox 1318 3674 1577 3716; baseline 0.008 -10"><span class='ocrx_word' id='word_1_1118' title='bbox 1318 3674 1479 3716; x_wconf 80' lang='lat' dir='ltr'>fingentes</span> <span class='ocrx_word' id='word_1_1119' title='bbox 1501 3675 1577 3708; x_wconf 83' lang='lat' dir='ltr'>libri</span> 
     </span>
    </p>
   </div>
   <div class='ocr_carea' id='block_1_36' title="bbox 2009 3780 2048 3812">
    <p class='ocr_par' dir='ltr' id='par_1_37' title="bbox 2009 3780 2048 3812">
     <span class='ocr_line' id='line_1_125' title="bbox 2009 3780 2048 3812; baseline 0 0"><span class='ocrx_word' id='word_1_1120' title='bbox 2009 3780 2048 3812; x_wconf 80' lang='lat'>37</span> 
     </span>
    </p>
   </div>
  </div>
 </body>
</html>
