2618 4010
276 155 383 200 Nov.
411 155 569 199 XCVII
599 159 636 198 1.
666 157 692 197 2
1334 151 1423 203 470
1845 175 1906 206 nn
1934 174 2250 214 sequanam
2277 173 2404 206 ports
2431 173 2490 205 m·

1278 290 1437 328 CAPUT
1460 291 1489 328 1.

347 355 457 388 Τοῦτο
479 358 604 389 τοίνυν
633 355 704 400 πρὸ
733 357 812 391 τῶν
835 356 958 392 ἄλλων
987 355 1168 393 ἁπάντων
1197 359 1351 405 ἐπανορ-
1475 358 1555 394 Hoc
1577 357 1687 402 igitur
1709 362 1794 395 ante
1813 359 1884 396 alia
1899 362 2063 399 universa
2085 363 2302 407 corrigimus,
2327 363 2490 407 aequalia

274 399 424 440 θοῦμεν,
457 395 545 433 ὥςτε
575 399 638 434 ἴσα
667 400 715 435 τὰ
738 403 779 436 ἐν
801 405 879 437 ταῖς
902 402 1046 448 προιξὶν
1076 402 1170 437 εἶναι
1192 405 1253 437 καὶ
1275 407 1353 438 ταῖς
1420 404 1458 438 111
1481 403 1623 439 dotibus
1655 413 1734 439 esse
1765 409 1800 439 et
1829 410 1976 451 propter
2005 408 2148 454 nuptias
2172 408 2423 444 donationibus
2453 412 2490 443 et

274 447 355 488 περὶ
378 444 445 478 τὸν
466 443 584 491 γάμον
608 442 756 491 δωρεαῖς
786 447 832 480 τά
853 459 894 481 τε
916 448 994 482 τῶν
1018 445 1285 493 ἐπιδεδεμένων
1308 447 1353 483 τά
1421 457 1464 483 ea
1487 457 1579 493 quae
1603 448 1800 484 offeruntur
1827 455 1864 484 et
1887 461 1929 485 ea
1957 462 2048 497 quae
2069 453 2106 488 in
2129 453 2357 499 stipulatione
2380 451 2489 488 dedu-

273 501 313 522 τε
327 489 405 522 τῶν
420 488 682 535 ἐπερωτήσεων
706 489 897 536 σύμφωνα,
920 495 980 526 καὶ
1003 493 1178 527 τοσοῦτον
1200 495 1268 536 μὲν
1286 506 1348 528 πο·
1419 498 1549 529 cuntur
1579 497 1702 539 pacta,
1732 497 1767 529 et
1797 497 1935 530 tantam
1965 497 2104 541 quidem
2139 499 2372 544 quantitatem
2403 508 2487 533 con·

274 533 340 567 σὸν
367 533 614 581 καταγράφειν
631 535 699 570 τὸν
713 533 829 582 ἄνδρα
852 533 992 571 όπόσον
1015 541 1076 571 καὶ
1099 538 1167 581 τὴν
1190 541 1353 585 γυναῖκα,
1388 540 1407 571 5
1421 538 1577 574 scribere
1607 538 1718 574 virum
1749 543 1917 584 quantam
1948 545 1985 576 et
2011 542 2208 586 mulierem,
2240 547 2377 579 tantum
2401 553 2488 588 quo·

273 579 447 613 τοσοῦτον
469 576 508 613 δὲ
531 583 592 613 καὶ
614 580 657 615 τὸ
677 578 800 627 κέρδος
823 583 1011 628 ἐπερωτᾶν
1034 585 1093 616 καὶ
1117 584 1155 616 ἐκ
1179 582 1352 618 τοσούτου
1421 593 1488 628 que
1521 584 1657 619 lucrum
1689 584 1736 620 sti
1762 585 1852 619 ulari
1882 587 1917 620 et
1945 595 1991 620 ex
2021 588 2123 623 tanta
2152 592 2255 633 parte
2285 599 2328 624 ex
2357 592 2491 634 quanta

271 626 397 669 μέρους
427 623 466 664 ἐξ
494 621 632 659 ὁπόσου
663 625 890 670 βουληθεῖεν,
921 628 1105 673 ῖσομεροῦς
1127 631 1261 671 μέντοι.
1309 625 1351 662 οὗ
1419 628 1604 671 voluerint,
1623 638 1739 674 aequa
1752 629 1782 664 is
1801 634 1919 665 tamen
1937 640 2133 668 mensurae.
2169 633 2251 669 Non
2271 634 2364 669 enim
2385 633 2489 668 aliter

271 668 341 714 γὰρ
364 666 412 702 ἂν
435 668 552 704 ἄλλως
575 668 595 703 ὁ
620 671 683 714 τῆς
707 669 934 716 δικαιοσύνης
957 685 997 706 τε
1020 676 1080 706 καὶ
1103 671 1265 717 ἰσότητος
1289 686 1351 719 φυ-
1419 673 1576 709 iustitiae
1599 676 1636 709 et
1659 674 1849 719 aequitatis
1874 675 2071 711 servabitur
2091 677 2196 720 ratio,
2225 678 2255 714 si
2278 679 2490 723 negotiative

273 711 425 757 λαχθείη
442 713 553 760 λόγος,
578 715 678 761 εἴπερ
695 717 895 763 έμπορικῶς
911 714 1080 760 ἀλλήλους
1096 718 1352 765 περιγράφοιεν
1419 719 1613 754 alterutros
1638 719 1917 755 circumveniant
1939 722 1975 755 et
1989 721 2174 757 videantur
2197 723 2336 767 quidem
2356 734 2489 769 aequas

271 761 331 792 καὶ
356 756 494 794 δοκοῖεν
515 762 584 804 μὲν
607 760 668 795 ἴσα
692 763 881 796 ποιεῖσθαι
904 762 951 796 τὰ
973 762 1250 809 ἑπερωτήματα,
1274 767 1352 798 ταῖς
1366 766 1406 798 10
1419 763 1539 799 facere
1563 764 1823 809 stipulationes,
1853 775 1918 810 pro
1941 775 2025 801 vero
2049 769 2166 801 autem
2189 767 2391 814 inaequales
2414 778 2488 803 ma-

272 800 314 837 δὲ
335 800 524 846 ἀληθείαις
555 804 666 839 ἄνισα
689 809 790 850 μένοι
812 807 860 841 τὰ
884 805 1155 852 ἀποτελέσματα
1184 809 1232 852 μὴ
1261 806 1349 855 πρό-
1419 812 1527 845 neant
1549 809 1710 852 effectus,
1741 820 1813 845 non
1836 810 1936 854 prius
1958 811 2157 855 quantitate
2179 812 2342 848 datorum
2367 814 2490 849 eadem

271 861 377 892 τερον
408 850 471 892 τῆς
502 847 701 894 ποσότητος
734 854 812 886 τῶν
847 850 1112 897 έπιδιδομένων
1146 855 1209 897 τῆς
1241 850 1350 897 αὐτῆς
1419 854 1653 898 consistente3
1690 858 1726 890 et
1748 855 1888 890 irrideri
1912 855 2073 891 videatur
2096 856 2251 902 undique
2273 858 2347 901 lex,
2375 859 2407 894 si
2429 859 2490 894 ille

271 893 526 949 καθεστώσης·
559 894 582 939 ἢ
613 896 875 942 καταγέλαστος
906 895 954 930 ἂν
985 898 1037 941 εἴη
1069 899 1307 942 πανταχόθεν
1329 896 1348 932 ὁ
1420 900 1561 944 quidem
1591 899 1795 935 conscribat
1827 900 1897 936 duo
1921 901 2018 935 milia
2041 911 2187 944 aureos,
2218 903 2343 938 mulier
2372 907 2489 939 autem

271 937 396 981 νόμος,
420 940 451 973 εἰ
472 953 491 973 ο
512 942 578 984 μὲν
598 940 747 987 γράψειε
772 940 954 984 διςχιλίους
977 944 1134 988 χρυσοῦς,
1156 942 1178 987 ἡ
1200 942 1240 978 δὲ
1260 944 1349 991 γυνὴ
1419 946 1512 980 forte
1537 954 1600 980 sex
1619 945 1718 980 milia
1740 945 1778 980 in
1798 944 1915 981 dotem
1936 946 2073 988 offerat,
2097 950 2133 981 et
2148 947 2362 992 stipulentur
2385 949 2489 983 alter-

271 983 382 1026 τυχὸν
405 985 650 1028 ἑξακιςχιλίους
677 989 724 1020 εἰς
749 990 878 1033 προῖκα
903 987 1056 1031 ἐπιδοίη,
1086 992 1145 1022 καὶ
1170 987 1349 1036 έπερωτή-
1365 991 1405 1023 15
1420 994 1520 1025 utros
1553 994 1716 1035 quartam
1747 991 1971 1035 conscriptae
2001 992 2037 1026 in
2060 992 2161 1027 lucro
2184 993 2376 1037 percipere,
2406 1003 2489 1038 pro-

272 1040 375 1062 σαιεν
398 1026 568 1073 ἀλλήλους
590 1031 633 1065 τὸ
655 1035 830 1078 τέταρτον
853 1035 917 1066 τοῦ
940 1037 1139 1080 γραφέντος
1161 1035 1208 1069 εἰς
1230 1033 1351 1081 κέρδος
1420 1035 1501 1070 inde
1524 1035 1706 1071 eveniente
1729 1035 1829 1071 lucro
1857 1036 1919 1071 illa
1943 1036 2082 1081 quidem
2106 1037 2194 1072 1111111
2216 1037 2314 1073 aliud
2337 1038 2489 1073 lucrabi-

271 1072 406 1118 λαβεῖν,
430 1075 508 1109 εἶτα
533 1072 741 1120 ἀποβάντος
763 1079 827 1112 τοῦ
852 1076 993 1123 κέρδους
1016 1077 1038 1122 ἡ
1062 1081 1129 1123 μὲν
1148 1077 1253 1114 οὐδὲν
1276 1082 1349 1114 ἕτε-
1418 1083 1478 1115 tur
1513 1080 1583 1115 nisi
1618 1080 1826 1125 quingentos
1862 1091 1989 1117 aureos
2024 1092 2067 1116 ex
2100 1083 2244 1127 quarta,
2279 1083 2339 1118 ille
2372 1084 2491 1118 autem

271 1131 336 1164 ρον
358 1117 524 1165 κερδανεῖ
542 1120 637 1165 πλὴν
660 1120 683 1165 ἢ
706 1122 959 1158 πεντακοσίους
981 1126 1129 1169 χρυσοῦς
1151 1126 1190 1159 ἐκ
1211 1126 1275 1160 τοῦ
1295 1138 1349 1159 τε·
1419 1125 1629 1170 quingentos
1651 1129 1687 1160 et
1703 1125 1796 1161 mille
1819 1135 1863 1161 ex
1886 1126 2009 1162 eadem
2033 1131 2170 1171 quarta,
2195 1131 2231 1163 et
2252 1129 2432 1172 tamquam
2454 1128 2491 1163 in

271 1161 414 1209 τάρτου,
439 1163 459 1198 ὁ
478 1163 517 1199 δὲ
531 1165 662 1208 χιλίους
686 1172 939 1203 πεντακοσίους
964 1172 1001 1203 ἐκ
1017 1170 1082 1204 τοῦ
1099 1166 1207 1204 αὐτοῦ
1224 1167 1349 1215 τετάρ-
1419 1171 1617 1214 aenigmate
1652 1171 1764 1206 multo
1794 1171 1970 1206 videbitur
2005 1176 2133 1217 quarta
2163 1173 2308 1208 alterius
2344 1175 2491 1218 quartae

270 1221 345 1250 του,
369 1213 429 1243 καὶ
445 1208 493 1244 ais
509 1212 549 1244 ἐν
565 1212 750 1259 αἰνίγματι
775 1212 897 1256 πολλῷ
923 1218 1089 1260 φαίνοιτο
1111 1215 1154 1249 τὸ
1175 1218 1349 1261 τέταρτον
1364 1218 1405 1249 20
1419 1216 1549 1251 minor:
1574 1226 1618 1251 ex
1643 1219 1811 1261 suspecta
1834 1226 1986 1262 namque
2005 1218 2100 1252 velut
2124 1218 2339 1263 aequalitate
2358 1222 2492 1263 quanta

271 1253 428 1300 θατέρου
447 1258 588 1299 μεῖζον·
620 1258 658 1290 ἐκ
678 1257 748 1304 γὰρ
763 1256 921 1293 ὑπούλου
945 1257 1063 1303 δῆθεν
1080 1257 1245 1303 ἰσότητος
1265 1259 1347 1307 ἅτρ-
1418 1261 1656 1306 inaequalitas
1676 1271 1719 1296 ex
1739 1261 1807 1297 hoc
1830 1261 1910 1307 ipso
1930 1262 2102 1308 procedit.
2149 1262 2247 1307 Quae
2261 1262 2368 1308 igitur
2391 1263 2490 1308 prius

271 1310 337 1333 πος
353 1296 524 1344 ἀνισότης
548 1298 712 1337 αὐτόθεν
736 1299 1080 1348 ἀποτελεσθήσεται.
1128 1305 1177 1339 Τὰ
1195 1308 1261 1350 μὲν
1283 1308 1349 1340 οὐν
1419 1306 1581 1351 exposita
1597 1309 1681 1341 sunt
1697 1306 1830 1342 dotalia
1852 1308 2046 1343 secundum
2092 1317 2172 1343 uem
2196 1308 2391 1344 constituta
2407 1311 2491 1344 sunt

271 1345 481 1390 ἔμπροσθεν
504 1346 699 1391 τεθειμένα
730 1350 896 1394 προικῷα
923 1347 1014 1384 καθ’
1040 1347 1086 1385 δν
1109 1350 1348 1397 συμπεφώνη-
1416 1351 1558 1386 modum
1582 1351 1782 1387 habeantur
1813 1352 1921 1397 (quod
1951 1353 2043 1387 enim
2084 1354 2207 1389 ’actum
2236 1357 2290 1388 est
2319 1353 2490 1389 infectum

270 1402 332 1423 ται
361 1389 502 1435 τρόπον
530 1394 640 1447 ἐχέτω
675 1396 748 1435 (καὶ
777 1393 845 1440 γὰρ
876 1394 918 1429 τὸ
949 1396 1144 1442 γενόμενον
1175 1394 1348 1443 ἀγένητον
1417 1406 1560 1432 manere
1594 1397 1802 1442 inpossibile
1833 1400 1909 1441 est),
1947 1398 1991 1433 de
2023 1401 2140 1434 cetero
2177 1402 2294 1434 autem
2326 1399 2363 1434 in
2394 1399 2490 1434 omni

269 1437 392 1489 μένειν
415 1437 492 1470 τῶν
515 1449 580 1471 ουκ
604 1438 863 1484 ἐγχειρούντων
882 1441 989 1483 ἐστί)·
1013 1441 1078 1474 τοῦ
1099 1439 1139 1475 δὲ
1157 1441 1285 1476 λοιποῦ
1308 1443 1347 1476 ἐν
1362 1443 1403 1476 25
1417 1441 1555 1477 dicione
1595 1442 1772 1477 sancimus
1812 1452 1943 1488 aequas
1983 1443 2122 1487 quidem
2160 1453 2241 1479 esse
2281 1443 2488 1486 oblationes,

270 1491 372 1527 πασῃ
395 1482 440 1528 τῇ
456 1479 606 1526 ὑπηκόῳ
632 1484 856 1527 θεσπίζομεν
878 1485 957 1519 ἴσας
979 1487 1046 1528 μὲν
1068 1486 1161 1520 εἶναι
1186 1487 1249 1521 τὰς
1273 1488 1346 1522 ἐπι·
1415 1487 1514 1532 ipsos
1546 1491 1664 1522 autem
1695 1487 1890 1523 mediocria
1918 1488 2019 1523 lucra
2049 1488 2199 1533 pacisci,
2229 1492 2270 1524 ut
2288 1499 2352 1534 per
2373 1489 2490 1525 omnia

271 1522 404 1568 δόσεις,
441 1526 503 1560 ἴσα
526 1525 567 1561 δὲ
588 1528 635 1562 τοὶ
658 1532 771 1575 μέτρα
794 1531 871 1563 τῶν
894 1529 1033 1577 κερδῶν
1056 1532 1347 1577 συμφωνεῖσθαι,
1414 1532 1586 1568 iustitiam
1609 1533 1892 1579 aequitatemque
1915 1533 2139 1569 honoremus.
2188 1533 2226 1569 Si
2244 1535 2338 1569 enim
2362 1534 2411 1570 ali
2435 1534 2489 1570 uis

271 1570 332 1604 ἵνα
355 1567 415 1604 διὰ
438 1571 593 1607 πάντων
617 1571 850 1617 δικαιοσύνην
873 1588 913 1609 τε
935 1579 996 1609 καὶ
1016 1577 1167 1619 ἰσότητα
1191 1578 1346 1621 τιμήσω·
1415 1577 1567 1622 amplius
1598 1577 1669 1613 alio
1701 1578 1797 1613 dives
1831 1582 1902 1622 est,
1934 1579 2019 1614 licet
2049 1578 2082 1614 ei
2112 1588 2176 1632 per
2207 1579 2315 1614 alium
2346 1590 2403 1615 mo
2429 1590 2490 1614 um

269 1628 345 1658 μεν.
393 1616 424 1650 εἰ
453 1616 522 1664 γάρ
552 1629 605 1652 τις
630 1618 766 1663 μᾶλλον
797 1619 956 1666 θατέρου
990 1620 1170 1666 πλουτοίη,
1204 1623 1348 1663 ἔξεστιν
1416 1623 1750 1667 legitimumtamen
1775 1627 1811 1658 et
1834 1623 1991 1668 agnitum
2014 1627 2145 1659 nostris
2169 1624 2306 1668 legibus
2339 1625 2488 1660 clemen-

271 1657 371 1713 αὖτῷ
393 1658 445 1695 δι’
464 1662 585 1708 ἑτέρου
609 1664 746 1710 τρόπου
771 1668 920 1709 νομίμου
945 1669 1005 1700 καὶ
1025 1668 1251 1713 ἐγνωσμένου
1275 1671 1348 1702 τοῖς
1361 1669 1402 1702 30
1416 1668 1503 1703 tiam
1524 1668 1696 1713 praebere
1715 1668 1796 1711 alio,
1822 1671 1857 1703 et
1873 1679 1944 1703 non
1963 1679 2027 1713 per
2042 1669 2330 1714 inaequalitatem
2350 1669 2489 1705 rediens

269 1708 451 1761 ημετέροις
472 1707 596 1753 νόμοις
617 1708 996 1756 φιλανθρωπεύεσθαι
1020 1716 1103 1757 περὶ
1125 1712 1194 1746 τὸν
1212 1714 1347 1758 ἕτερον,
1416 1713 1463 1748 ad
1485 1714 1737 1758 aequalitatem
1766 1713 1904 1749 lucrum
1927 1714 2039 1749 maius
2069 1714 2173 1749 alteri
2196 1715 2393 1760 adquirere.
2441 1715 2489 1749 Et

271 1747 353 1785 αλλ’
378 1748 421 1785 οὗ
445 1750 506 1786 διὰ
537 1755 600 1797 τῆς
630 1751 840 1797 ἀνισότητος
864 1753 1106 1801 ὑποδυομένης
1129 1758 1281 1801 ἰσότητα
1303 1757 1346 1793 τὸ
1416 1759 1506 1793 haec
1541 1759 1681 1803 quidem
1716 1758 1759 1794 de
1790 1758 1858 1794 hoc
1893 1759 1950 1793 lex
1983 1760 2035 1793 ita
2067 1759 2323 1804 quodammodo
2358 1760 2490 1796 habeat

270 1793 391 1842 κέρδος
418 1799 542 1841 μεῖζον
576 1798 724 1845 θατέρῳ
761 1804 971 1846 περιποιεῖν.
1019 1805 1079 1836 καὶ
1110 1800 1129 1836 ὁ
1162 1805 1230 1847 μὲν
1264 1807 1349 1849 περὶ
1417 1813 1519 1839 suam
1541 1804 1712 1839 iustitiam
1736 1804 1908 1840 universis
1932 1804 2132 1840 ostendens.

270 1840 399 1893 ‘courcy
430 1840 539 1886 νόμος
561 1840 658 1878 οὕτω
682 1856 759 1879 πως
782 1846 893 1888 ἐχέτω
926 1846 995 1891 τὴν
1018 1848 1145 1881 ἑαυτοῦ
1170 1846 1349 1882 δικαιοσύ-

269 1899 338 1929 νην
360 1883 500 1922 ἆπασιν
523 1887 799 1934 ἐνδεικνύμενος.
1363 1895 1406 1929 35

1264 2005 1421 2041 CAPUT
1444 2006 1491 2042 11.

328 2070 402 2102 Καὶ
425 2069 549 2117 ἕτερον
572 2066 615 2103 δέ
634 2082 669 2103 τι
694 2070 772 2104 τῶν
795 2074 879 2118 περὶ
909 2083 974 2107 τας
994 2071 1147 2119 γαμικάς
1170 2070 1349 2107 ἐπιδόσεις
1471 2073 1580 2109 Aliud
1603 2084 1744 2119 quoque
1772 2074 1869 2119 quod
1899 2074 1995 2110 circa
2023 2074 2200 2119 nuptiales
2228 2074 2425 2111 oblationes
2446 2075 2486 2110 fit

266 2117 470 2161 γινομένων
499 2113 761 2162 έθεωρήσαμέν
784 2128 825 2150 τε
847 2119 907 2150 καὶ
931 2116 1256 2162 κατεσκεψάμεθα,
1281 2131 1349 2164 φα·
1416 2117 1635 2163 inspeximus
1658 2124 1765 2164 atque
1789 2119 2100 2163 consideravimus,
2131 2120 2279 2156 dicimus
2302 2124 2421 2156 autem
2443 2120 2487 2156 de

403 2226 434 2261 Ι.
481 2225 563 2262 Hoc
582 2226 696 2278 iqitur
714 2230 799 2262 ante
819 2232 938 2264 cetera
954 2229 1075 2264 omnia
1092 2229 1318 2276 corriqimus,
1341 2234 1382 2265 ut
1427 2229 1509 2264 aria
1529 2230 1603 2264 sint
1622 2230 1659 2264 in
1676 2229 1819 2265 dotibus
1838 2234 1873 2264 et
1895 2229 2151 2265 donationibus
2167 2236 2324 2277 propter
2341 2232 2487 2278 nuptias

265 2274 376 2319 pacta
407 2276 480 2306 tam
511 2271 549 2306 in
580 2271 627 2306 iis
658 2282 752 2317 quae
780 2271 916 2308 dantur
948 2284 1057 2319 quam
1088 2274 1126 2308 in
1156 2274 1387 2321 stipulationi
1410 2285 1464 2316 us,
1497 2279 1534 2310 et
1566 2279 1703 2310 tantam
1734 2275 1972 2320 quantitatem
2004 2276 2059 2310 vir
2081 2275 2285 2311 conscribat
2315 2281 2486 2322 quantam

267 2317 405 2360 mulier,
428 2317 645 2397 paritessque
669 2320 806 2352 tantum
830 2318 970 2353 lucrum
993 2319 1188 2365 stipuletur
1219 2324 1329 2366 atque
1347 2330 1419 2366 pro
1445 2323 1546 2354 tanta
1563 2324 1674 2366 parte
1703 2330 1774 2372 pro
1799 2325 1936 2366 quanta
1960 2319 2155 2361 voluerint,
2187 2321 2294 2357 modo
2318 2321 2487 2367 aequales

266 2363 341 2397 sint
359 2366 497 2408 partes.
589 2372 679 2407 eque
701 2362 794 2397 enim
818 2363 925 2399 aliter
947 2364 1108 2399 iustitiae
1138 2369 1173 2400 et
1197 2365 1429 2411 aequalitatis
1457 2365 1553 2400 ratio
1577 2365 1789 2406 servabitur,
1812 2365 1986 2410 siquidem
2017 2365 2281 2412 neqotiatorum
2311 2366 2419 2402 modo
2447 2378 2487 2402 se

267 2407 416 2443 invicem
440 2406 735 2443 circumscribant
758 2412 793 2443 et
815 2408 986 2455 aequales
1009 2409 1152 2455 quidem
1173 2410 1426 2456 stipulationes
1447 2410 1574 2455 facere
1594 2409 1794 2453 videantur,
1817 2421 1944 2446 revera
1970 2415 2086 2445 tamen
2109 2411 2313 2457 inaequalis
2335 2411 2486 2456 effectus

266 2456 430 2495 maneat,
464 2463 539 2488 non
560 2453 666 2499 prius
689 2453 894 2498 quantitate
915 2465 1038 2490 eorum
1095 2465 1164 2490 uae
1187 2455 1322 2490 dantur
1344 2455 1467 2491 eadem
1491 2455 1696 2490 constituta.
1744 2455 1892 2500 Alioqui
1914 2455 2110 2491 deridenda
2133 2456 2257 2502 utique
2279 2456 2343 2492 lex
2364 2458 2423 2500 sit,
2454 2458 2489 2492 si

267 2498 322 2533 vir
345 2497 417 2533 duo
442 2498 542 2533 milia
564 2508 756 2533 aureorum
779 2499 977 2545 scripserit,
1001 2500 1131 2535 maier
1153 2504 1272 2536 autem
1293 2500 1396 2546 forte
1418 2511 1487 2536 sex
1506 2500 1607 2535 milia
1629 2500 1667 2534 in
1687 2499 1806 2535 dotem
1829 2499 1979 2542 dederit,
2003 2505 2038 2535 et
2056 2500 2220 2547 stipulati
2243 2501 2314 2536 sint
2337 2502 2484 2538 invicem

267 2547 436 2588 quartam
464 2546 606 2590 partem
638 2543 714 2578 eius
742 2543 842 2589 quod
867 2545 1043 2591 scriptum
1071 2549 1126 2580 est
1156 2545 1195 2579 in
1227 2545 1365 2580 lucrum
1397 2546 1580 2591 accipere,
1613 2544 1739 2581 deinde
1770 2545 1951 2581 eveniente
1983 2545 2086 2581 lucro
2116 2546 2234 2582 altera
2264 2545 2357 2582 nillil
2385 2546 2487 2582 aliud

267 2598 375 2640 quam
398 2588 615 2634 quinqentos
635 2598 764 2624 aureos
788 2600 837 2625 ex
857 2594 991 2635 quarta
1008 2595 1120 2636 parte
1141 2590 1311 2633 lucretur,
1335 2591 1428 2627 alter
1448 2596 1566 2626 autem
1590 2589 1685 2625 mille
1708 2590 1925 2636 quinqentos
1947 2601 1997 2626 ea:
2015 2590 2138 2626 eadem
2184 2595 2303 2634 uarta,
2327 2601 2371 2626 ac
2392 2592 2486 2628 velut

267 2644 305 2668 ιιι
329 2635 414 2669 aeni
437 2637 532 2669 mate
554 2633 672 2668 altera
694 2640 828 2679 quarta
852 2635 962 2670 multo
987 2635 1104 2670 maior
1135 2635 1253 2671 altera
1284 2640 1484 2682 appareat:
1519 2646 1569 2670 ex
1588 2635 1726 2680 ficticia
1755 2637 1847 2671 enim
1878 2635 2099 2681 aequalitate
2128 2602 2288 2672 alisurda
2311 2636 2483 2688 inaequa-

268 2678 352 2714 litas
382 2690 406 2714 u
423 2683 479 2714 tro
511 2678 559 2724 ef
579 2678 702 2714 cietur.
750 2680 869 2726 Atque
903 2680 1043 2716 dotalia
1078 2680 1221 2726 quidem
1255 2681 1494 2716 instrumenta
1529 2684 1636 2716 antea
1669 2681 1775 2725 faeta
1810 2680 2003 2716 secundum
2033 2692 2138 2726 quem
2169 2685 2367 2728 composita
2401 2687 2486 2718 sunt

267 2723 410 2759 modum
432 2734 472 2759 se
494 2722 518 2759 Ιι
565 2727 651 2759 eant
673 2725 800 2770 (neque
822 2724 916 2760 enim
936 2725 1019 2770 fieri
1039 2730 1172 2772 potest,
1197 2730 1238 2761 ut
1260 2725 1360 2771 quod
1379 2727 1522 2772 factum
1544 2729 1600 2761 est
1621 2725 1796 2770 infectum
1818 2729 1996 2767 maneat);
2018 2725 2055 2759 in
2071 2730 2257 2772 posterum
2277 2730 2394 2762 autem
2415 2738 2485 2774 per

267 2771 470 2804 universam
504 2768 679 2804 dicionem
710 2774 874 2805 nostram
903 2771 1085 2806 sancimus
1111 2781 1227 2817 pares
1259 2775 1294 2807 et
1325 2771 1488 2807 dationes
1516 2781 1591 2806 esse
1625 2775 1661 2806 et
1692 2770 1875 2805 lucrorum
1910 2781 2096 2806 mensuras
2130 2781 2207 2806 com
2235 2771 2314 2813 oni,
2349 2775 2390 2806 ut
2415 2783 2484 2818 per

268 2816 390 2850 omnia
412 2814 586 2850 iustitiam
609 2817 643 2849 et
665 2815 881 2860 aequitatem
904 2816 1075 2851 colamus.
1123 2815 1165 2852 Si
1180 2816 1263 2863 quis
1282 2817 1376 2852 enim
1399 2817 1514 2853 altero
1539 2815 1650 2851 ditior
1665 2821 1731 2859 est,
1754 2815 1838 2851 licet
1855 2816 1890 2850 ei
1902 2826 1975 2862 per
1990 2815 2101 2850 alium
2126 2826 2182 2850 mo
2210 2826 2268 2850 um
2288 2815 2482 2861 leqitimum

267 2859 472 2905 nostrisque
501 2858 640 2906 leqibus
662 2858 860 2905 probatum
892 2860 1144 2897 liberalitatem
1175 2872 1265 2908 erqa
1297 2862 1448 2897 alterum
1477 2860 1666 2903 eaehibere‚
1702 2871 1817 2906 neque
1847 2871 1931 2896 vero
1993 2871 2032 2896 er
2063 2860 2354 2912 inaequalitatem
2390 2872 2484 2907 quae

267 2904 519 2986 aequcglitatdem
542 2903 685 2940 simulet
713 2905 830 2940 maius
859 2904 996 2941 lucrum
1020 2906 1127 2942 alteri
1147 2906 1342 2953 impertire.
1388 2908 1507 2953 Atque
1527 2905 1590 2942 lex
1609 2916 1652 2942 ea
1669 2905 1714 2941 de
1734 2916 1775 2941 re
1794 2906 1845 2941 ita
1863 2916 1902 2942 se
1918 2905 1966 2940 lta
1989 2908 2059 2947 eat,
2084 2916 2177 2950 quae
2193 2910 2366 2941 iustitiam
2381 2917 2483 2942 suam

267 2949 365 2984 omni
388 2959 431 2985 us
478 2953 679 2985 emonstret.

401 2994 450 3031 11.
497 2993 571 3030 Sed
593 2993 695 3030 aliud
717 3005 861 3041 quoque
889 2995 978 3042 quid
999 3007 1123 3031 eorum
1147 3007 1239 3043 quae
1262 2996 1306 3032 de
1329 2996 1552 3042 nuptialibus
1573 2995 1830 3032 donationibus
1845 2995 1940 3041 fiunt
1961 2995 2199 3040 spectavimus
2221 2999 2255 3030 et
2277 2995 2482 3032 considera-

284 3109 334 3163 ,13
358 3109 440 3161 περὶ
465 3107 542 3140 τῶν
563 3104 692 3162 γάμων
708 3108 739 3140 L
758 3107 771 3150 ΙΙ
787 3110 804 3141 7
824 3108 1027 3154 ἰσομέτρους
1043 3109 1074 3142 L
1091 3108 1104 3153 ΙΙ
1122 3111 1142 3143 9
1157 3107 1259 3154 εἴπερ
1273 3109 1342 3149 Me]
1376 3118 1378 3157 Ι
1411 3109 1540 3141 titatem
1565 3108 1616 3159 lia
1651 3108 1802 3159 quantite
1836 3108 1885 3141 1⁷¹
1913 3107 1941 3159 ss·
1957 3108 1998 3142 12
2021 3110 2055 3139 et
2077 3107 2122 3147 R]
2154 3120 2211 3172 ⁰1m‘
2236 3106 2390 3150 VTvulq.
2421 3110 2482 3160 aut

267 3164 327 3232 ‘13‘
327 3152 603 3240 ἓῗιῶἶδέμόὲὶ
627 3153 867 3243 ffisszfflff
869 3155 915 3232 ’²1⁶'
907 3165 990 3240 {231⁶
990 3155 1082 3235 ²252
1097 3153 1344 3243 ffi‘Mffl
1377 3172 1378 3182 ’
1412 3153 1546 3231 &still
1562 3154 1602 3242 ⁸11¹]
1613 3155 1719 3239 1312}
1744 3151 2482 3242 111110ιῖῗιῇρῗέωιιιὲόὶεῖιεῃνὶίὸι1ξοῖἰῖῗῖόὲ

268 3245 364 3275 σίους
380 3244 406 3275 L
425 3242 437 3286 ΙΙ
462 3243 502 3276 21
522 3239 667 3284 ἄτοπος]
715 3245 818 3275 nanta
834 3245 869 3285 (ι’.
884 3257 909 3277 e.
923 3240 1043 3284 ὁπόση
1054 3244 1083 3286 Ῠ)
1102 3256 1121 3280 ς
1137 3244 1150 3288 ΙΙ
1174 3245 1218 3278 24
1241 3240 1343 3289 ἀγέν-
1377 3261 1378 3271 1
1414 3243 1463 3276 Τι
1479 3242 1492 3286 ΙΙ
1513 3244 1552 3277 18
1566 3245 1599 3275 et
1611 3245 1778 3284 tamquam
1791 3261 1835 3267 —
1850 3243 1891 3276 20
1905 3242 2106 3284 aequalitate
2122 3255 2184 3295 scr:
2197 3241 2246 3295 If?
2259 3244 2290 3275 in
2303 3254 2368 3276 rae.
2382 3244 2396 3276 1
2410 3254 2456 3275 υε.
2467 3240 2481 3285 ss

267 3299 379 3329 νητον
404 3288 475 3320 ML
498 3288 512 3332 fl
542 3289 584 3321 27
608 3287 670 3320 ἴσα
693 3252 734 3320 δὲ
762 3286 808 3321 τὰ
838 3290 950 3334 μέτρα
981 3289 1059 3322 τῶν
1088 3286 1229 3333 κερδῶν
1259 3299 1343 3332 συμ-
1414 3290 1454 3322 19
1475 3287 1722 3330 enicmateR12)
1739 3288 1752 3332 [Ι
1769 3290 1893 3330 quanta
1915 3288 1964 3320 V⁴⁸
1980 3287 1993 3331 ΙΙ
2010 3290 2147 3329 quartae
2171 3288 2291 3320 antarta
2315 3286 2477 3320 delendum

298 3332 489 3374 ωνεῖσθαι]
525 3332 614 3375 ipsos
648 3335 758 3365 autem
794 3334 973 3366 mediocria
1011 3336 1047 3373 (i.
1072 3347 1096 3367 e.
1127 3333 1173 3367 τὰ
1203 3335 1343 3378 μέτρια)
1412 3340 1515 3367 censet
1542 3334 1769 3378 Osenbruqqen
1785 3333 1797 3377 ΙΙ
1824 3334 1865 3367 20
1890 3334 1941 3373 ex]
1966 3336 1998 3365 et
2021 3343 2060 3365 ex
2085 3330 2189 3376 ΒΘΗ
2211 3341 2302 3364 susae
2312 3332 2360 3382 ‘ta
2381 3329 2450 3362 ΒΤ
2468 3331 2478 3367 1!

284 3388 363 3410 uera
378 3377 500 3420 pacisci
519 3389 538 3413 ς
555 3377 568 3420 ΙΙ
585 3379 627 3411 30
644 3380 797 3421 νομίμου
817 3380 876 3411 καὶ
896 3379 1133 3424 ἐγνωσμένου]
1159 3379 1344 3419 legitimum
1411 3377 1491 3411 *uel
1507 3377 1708 3419 aequalitate
1729 3378 1863 3422 Vvulq„
1888 3377 2106 3419 inequalitate
2121 3377 2164 3410 T¹
2193 3386 2276 3418 aequ
2321 3375 2390 3407 tate
2403 3373 2476 3414 ΙΨ)

268 3425 379 3456 tamen
403 3425 436 3455 et
458 3422 610 3465 agnitum
634 3434 654 3459 ς
670 3423 683 3466 ΙΙ
701 3425 738 3456 31
767 3425 849 3468 περὶ
873 3436 931 3457 om.
945 3424 977 3457 L
992 3423 1004 3462 ΙΙ
1023 3424 1067 3457 32
1091 3421 1343 3468 ὑποδυομένης]
1377 3439 1378 3469 j
1414 3423 1464 3455 Τ2
1475 3422 1487 3467 ΙΙ
1499 3425 1636 3465 quanta]
1649 3423 1764 3466 inepta
1776 3423 1906 3457 Gentius
1917 3421 1982 3467 1121
1997 3422 2214 3465 ineaqualitu
2230 3417 2355 3470 1711122
2367 3421 2476 3459 quem]

269 3468 399 3500 rediens
415 3469 448 3510 (ι’.
464 3481 490 3500 e.
508 3464 756 3510 ὑποδυόμενον
766 3468 795 3510 Ῡ)
819 3480 838 3505 ς
856 3468 869 3512 ΙΙ
885 3470 928 3502 36
948 3465 1052 3502 Ἀλλὰ
1077 3471 1137 3502 καὶ
1160 3467 1286 3514 ἕτερόν
1307 3480 1344 3502 τι
1377 3471 1378 3477 ’
1403 3478 1495 3512 guae
1517 3468 1573 3511 Vss
1600 3469 1642 3502 23
1666 3467 1851 3501 faciuntum
1871 3468 1924 3501 Ra
1984 3468 2143 3501 infectum
2165 3472 2301 3514 manere·
2317 3463 2475 3516 infectum

270 3512 346 3545 τῶν
370 3514 430 3546 inc.
455 3512 514 3553 Bt,
546 3508 695 3557 ’Ὲτερόν
717 3525 754 3546 τι
777 3513 855 3546 τῶν
877 3516 937 3547 ine.
962 3513 1009 3547 B¹
1413 3512 1459 3544 R¹
1478 3513 1490 3555 ΙΙ
1515 3514 1558 3546 24
1581 3516 1690 3546 autem
1715 3526 1772 3546 om.
1795 3512 1851 3556 V!
1874 3514 1915 3547 25
1962 3513 2084 3545 ictione
2106 3511 2140 3544 R
2192 3509 2233 3542 27
2257 3507 2390 3560 ahqmq]
2415 3509 2475 3541 alx-

276 3576 309 3579 —
523 3578 660 3581 ——m--ff-
741 3579 747 3581 -
767 3578 1342 3583 *>-*—›ss-——-—
1375 3540 1378 3612 l
1410 3558 1484 3598 quis
1507 3557 1593 3590 alius
1618 3559 1669 3591 T*
1693 3558 1705 3602 ΙΙ
1730 3559 1773 3592 28
1798 3557 1885 3591 diuis
1908 3558 1957 3592 R·
1977 3558 1990 3601 ΙΙ
2015 3558 2058 3591 29
2080 3556 2127 3588 ῐιῖι
2179 3553 2241 3603 ΤΙΙΙ
2271 3554 2313 3586 30
2337 3553 2403 3585 8110
2428 3554 2475 3587 R’

331 3602 343 3633 l
361 3604 446 3635 rubr.
474 3603 521 3634 De
544 3602 782 3643 exaequatione
806 3602 892 3635 dotis
916 3604 949 3635 et
971 3606 1106 3645 propter
1129 3604 1263 3646 nuptias
1286 3602 1341 3635 do·
1375 3613 1377 3637 ι’
1420 3603 1531 3643 V¹T¹1
1550 3603 1609 3636 alii
1622 3603 1672 3636 R*
1682 3603 1788 3636 V²T²
1798 3604 1884 3646 valq.
1900 3603 1912 3645 21
1930 3612 1997 3635 non
2006 3613 2067 3634 om.
2084 3598 2140 3642 V!
2157 3597 2283 3648 redieris
2299 3598 2340 3630 ad
2356 3608 2476 3650 aequa-

274 3644 417 3677 nationis
436 3646 568 3689 RTmy.
585 3648 638 3686 (ez-
655 3648 730 3685 Iul.)
745 3648 758 3690 u
776 3647 847 3680 Heo
869 3647 926 3691 Vfl
942 3649 1142 3690 corrigemus
1168 3648 1201 3681 T
1209 3648 1217 3668 ¹
1235 3648 1248 3692 Ι
1266 3649 1286 3683 3
1307 3648 1342 3680 in
1375 3650 1377 3682 ὲ
1410 3646 1538 3679 litatem
1555 3661 1612 3681 om.
1635 3648 1691 3691 Vn
1709 3649 1751 3682 32
1769 3648 1861 3689 haec]
1876 3648 1938 3679 hoe
1959 3645 2015 3688 V!
2031 3645 2074 3678 36
2089 3652 2220 3684 <lumine
2238 3653 2325 3675 ⁰¹¹⁰ss
2342 3647 2475 3686 nuptm*

274 3689 519 3729 stipulationem
537 3691 619 3734 vulq.
639 3692 689 3734 114
707 3695 739 3724 et
754 3695 894 3733 tantam]
919 3695 951 3725 et
974 3706 1032 3726 om.
1055 3692 1088 3726 V
1129 3695 1147 3727 7
1164 3693 1209 3725 tffi
1231 3693 1343 3736 RT⁰u
1374 3694 1376 3737 J
1410 3692 1457 3724 les
1480 3693 1568 3734 quod
1601 3692 1651 3725 V¹
1684 3693 1771 3734 quod
1796 3691 1884 3724 oin-oa
1906 3688 2070 3733 nuptiales
2092 3698 2223 3729 quoque
2256 3688 2303 3720 V³
2331 3688 2345 3732 ΙΙ
2374 3690 2477 3732 quoq]

275 3733 295 3766 8
319 3734 493 3774 ὓθὸθῑὶὃῦῠ
518 3734 566 3767 R¹
602 3736 735 3776 negotia
767 3737 828 3780 Vn
854 3739 875 3770 9
901 3737 1032 3779 equales
1058 3738 1090 3770 T
1134 3738 1147 3780 ΙΙ
1172 3739 1210 3771 11
1237 3747 1341 3779 quan·
1374 3757 1375 3763 1
1410 3738 1468 3778 qui
1492 3738 1542 3770 T¹
1565 3739 1579 3774 ll
1603 3737 1797 3777 oblationes]
1820 3735 2013 3768 donationes
2039 3733 2101 3774 T²,
2125 3746 2183 3766 om.
2202 3733 2253 3766 T¹
