2618 4010
246 164 352 207 Nov.
374 143 562 206 LXXIV
591 166 629 204 4.
662 165 687 204 5
753 130 787 205 ,Υ
1320 160 1407 209 376
1473 216 1475 219 Α
1839 176 2008 217 ‘omnus
2036 177 2172 211 nome
2201 176 2464 212 NATuaAnas

245 271 390 321 πρᾶγμά
422 274 500 308 ἐστι
529 271 846 321 περισπούδαστον
880 277 940 309 καὶ
976 273 1123 309 δικαίως
1158 263 1323 310 ἐπαινού-
1392 275 1486 311 bella
1503 274 1794 320 concupiscentia
1817 287 1928 314 sauss
1949 281 2004 315 est
2027 278 2187 315 studiosa
2210 279 2246 315 01
2269 278 2362 314 iuste
2384 278 2461 314 lau-

242 332 364 364 μενον.
411 315 500 353 aisn
531 319 596 352 ἐπί
616 331 657 352 τε
678 319 757 354 τῶν
780 317 936 355 εὐτελῶν
959 319 1180 365 προςώπων.
1197 322 1261 356 ἐπί
1281 334 1321 355 τε
1390 320 1536 356 dabilis:
1576 319 1630 355 sic
1643 343 1648 349 ·
1661 321 1704 356 ut
1729 321 1767 356 in
1795 321 1924 359 vilibus
1977 324 2115 360 arsonis
2137 324 2208 370 (et)
2230 324 2268 359 in
2291 323 2462 359 militibus

244 364 485 410 στρατιωτῶν
518 361 687 399 ἐνόπλων
721 361 878 411 ἀφανῶν
916 369 977 399 καὶ
1011 365 1185 411 γεωργῶν
1219 363 1322 400 ἄδεια
1390 365 1535 401 armatis
1567 365 1730 401 obscuris
1755 369 1796 402 ot
1826 367 1945 412 agrico
2018 370 2160 405 licentia
2190 369 2238 405 sit
2261 370 2311 404 eis
2335 372 2372 405 et
2389 379 2462 405 non

243 412 339 443 ἔστω
364 407 483 443 αὐτοῖς
505 412 566 443 καὶ
589 407 761 456 ἀγράφωο
783 413 944 445 συνιέναι
976 413 1035 444 καὶ
1059 413 1239 444 συνοικεῖν
1262 409 1320 444 ἆλ-
1391 411 1526 455 scripto
1571 411 1759 446 convenire
1805 414 1842 446 et
1880 414 2106 451 matrimonia
2149 415 2328 451 celebrare
2369 414 2462 450 inter

236 452 375 497 ’λήλοις·
399 457 460 488 καὶ
479 456 649 499 ἔστωσαν
669 453 704 488 οἱ
726 453 852 490 παῖδες
874 456 1026 502 γνήσιοι,
1050 455 1094 502 τῇ
1115 455 1193 489 τῶν
1213 458 1320 490 πατί-
1358 459 1377 491 5
1392 460 1580 501 utrosque3
1617 455 1758 500 sintque
1780 455 1845 491 filii
1866 456 2030 502 legitimi,
2059 460 2120 504 qui
2137 466 2279 506 patrum
2302 462 2366 495 aut
2388 469 2460 495 me-

244 512 321 544 ρων
331 496 541 554 μεξριότητι
556 496 579 543 ἢ
591 510 637 534 στ
661 504 867 535 ατιωτικαῖς
880 498 902 543 ἢ
915 502 1124 547 γεωργικαῖς
1142 498 1323 543 ἀσχολίαις
1391 500 1612 536 diocritatem
1629 504 1692 536 aut
1706 500 1877 537 militares
1899 502 1954 538 vel
1975 504 2128 541 rusticas
2153 505 2407 553 occupationes
2426 508 2462 542 et

243 557 284 579 τε
306 547 367 578 καὶ
382 548 541 592 αγνοίαιε
562 548 632 590 βοη
666 544 822 591 οὐμενοι.
1391 545 1814 591 ἰςηοταῐηίαιαὰίιινθῐή.

1247 659 1404 696 CAPUT
1428 659 1472 697 V.

296 724 439 781 Ἐπειδὴ
471 724 511 760 δὲ
541 727 580 760 ἐκ
609 728 688 761 τῶν
719 725 982 781 προςελεύσεων
1011 727 1098 780 τῶν
1116 729 1322 783 ’γινομένων
1459 728 1631 773 Quoniam
1676 733 1795 765 autem
1837 729 2180 774 interpellationibus
2226 743 2316 779 quae
2358 734 2460 770 nobis

243 770 329 828 ῥμῖν
354 774 409 806 αεὶ
441 772 657 819 συχνότερον
687 770 730 816 δὴ
755 785 908 807 παντων
939 786 1124 820 γυναικων
1148 771 1323 817 ακούομεν
1390 774 1483 809 fiunt
1513 785 1651 820 semper
1674 775 1829 810 omnium
1858 776 2001 811 assidue
2026 776 2190 813 mulieres
2222 779 2385 816 audimus
2407 779 2461 814 in·

243 815 475 864 οὸυρομᾰνων
504 821 565 851 καὶ
588 817 938 865 προςαγγελλουσῶν,
970 814 1018 852 ὥς
1040 829 1134 852 τινες
1165 829 1321 864 προςπα-
1337 822 1377 854 10
1390 820 1620 863 gemiscentes
1645 822 1682 856 et
1705 820 1881 862 dicentes,
1918 822 2002 866 quia
2027 821 2170 866 quidam
2188 832 2309 858 earum
2332 834 2462 860 concu-

245 863 332 906 θείᾳ
354 861 588 910 κρατούμενοι
620 863 708 910 πρὸς
733 861 839 897 αὐτὰς
870 863 949 897 εἶτα
972 862 1104 897 ταύτας
1128 860 1322 911 ἀνάγουσιν
1390 865 1567 910 piscentia
1610 866 1743 901 detenti
1781 865 1916 901 ducant
1960 867 1997 901 in
2036 866 2199 903 domibus
2233 868 2326 910 suis,
2360 878 2475 904 sacra·

244 908 345 950 οἴκοι,
374 910 434 942 καὶ
457 909 536 942 τῶν
559 908 679 942 θείων
708 906 905 954 ἁπτόμενοι
930 907 1063 956 λογίων
1090 905 1113 952 ἢ
1136 910 1176 943 ἐν
1200 905 1320 952 εὗκτη-
1389 914 1575 955 tangentes
1606 911 1746 955 eloquia
1776 915 1839 946 aut
1862 912 1898 946 in
1927 911 2096 948 orationis
2121 912 2283 949 domibus
2305 913 2464 950 iurantes

244 957 334 1000 ρίοις
364 954 470 987 οἴκοις
501 950 713 997 ὀμόσαντες,
744 955 766 997 ὴ
795 954 867 998 μὴν
890 954 984 995 ἕξειν
1018 950 1125 988 αὐτὰς
1153 957 1322 999 νομίμους
1391 956 1576 992 habituros
1594 967 1632 991 se
1653 966 1714 992 eas
1736 956 1909 1001 legitimas
1926 967 2068 999 uxores,
2085 957 2203 993 taliter
2216 967 2278 994 eas
2294 958 2464 995 habentes

243 998 412 1046 γαμετάς,
445 995 558 1033 οὕτως
581 994 688 1033 αὐτὰς
711 999 927 1033 οἰκειοῦνται
958 996 1089 1046 χρόνον
1117 998 1232 1034 πολὺν
1261 1002 1321 1034 καὶ
1391 1004 1549 1047 tempore
1579 1002 1690 1037 multo
1719 1005 1756 1037 et
1795 1001 1888 1037 forte
1925 1003 2157 1047 suscipientes
2192 1002 2304 1045 filios,
2340 1003 2465 1039 deinde

244 1041 523 1079 παιδοποιοῦσιν
554 1044 658 1085 ἴσως,
694 1044 774 1078 εἶτα
805 1042 953 1080 ἐπειδὰν
985 1043 1230 1088 ἐμπλησθεῖεν
1262 1046 1322 1088 τῆς
1338 1049 1378 1082 15
1392 1047 1475 1082 dum
1501 1057 1540 1082 se
1564 1047 1774 1083 satiaverint
1797 1057 1918 1083 earum
1943 1048 2137 1090 desiderio,
2161 1052 2226 1083 aut
2250 1052 2350 1083 extra
2372 1048 2466 1084 filios

245 1088 369 1123 αὐτῶν
397 1090 611 1132 ἐπιθυμίας,
642 1087 665 1133 ἢ
689 1090 767 1124 τῶν
790 1088 936 1125 παίδων
959 1093 1066 1138 χωρὶς
1087 1088 1108 1133 ἢ
1131 1090 1222 1135 μετὰ
1245 1091 1323 1124 τῶν
1391 1095 1456 1127 aui:
1479 1103 1560 1128 cum
1583 1092 1665 1128 filiis
1689 1092 1903 1138 proicientes
1936 1093 1980 1129 de
2011 1093 2085 1129 suis
2115 1093 2297 1137 domibus,
2329 1093 2466 1129 iudica-

245 1132 392 1170 παίδων
412 1133 673 1182 ἀπορρίπτουσι
693 1136 772 1170 τῶν
789 1135 910 1178 οἴκων,
930 1137 1120 1184 ἐκρίναμεν
1134 1136 1320 1170 καὶτοῦτο
1391 1138 1505 1173 vimus
1548 1138 1655 1174 etiam
1693 1139 1763 1174 hoc
1798 1141 1967 1183 oportere
2000 1148 2145 1174 sanare:
2192 1143 2233 1175 ut
2270 1140 2302 1175 si
2341 1139 2483 1174 mulier·

243 1181 372 1227 χρῆναι
395 1179 634 1227 θεραπεῦσαι.
681 1183 742 1214 καὶ
773 1182 873 1229 εἴπερ
903 1178 925 1224 ἡ
956 1181 1044 1228 γυνὴ
1076 1179 1190 1222 δεῖξαι
1218 1179 1321 1224 δυνη-
1392 1183 1579 1219 ostendere
1609 1183 1768 1228 potuerit
1797 1184 1911 1220 modis
1939 1184 2121 1228 legitimis,
2159 1184 2243 1229 quia
2273 1185 2467 1220 secundum

234 1226 330 1268 Ὶθἰἑίη
362 1224 508 1273 τρόποις
538 1229 720 1270 νομίμοις,
751 1222 809 1261 ὅτι
837 1227 930 1261 κατὰ
959 1227 1067 1261 τοῦτο
1098 1226 1140 1260 τὸ
1165 1227 1282 1271 σχῆμα
1301 1223 1321 1260 ὁ
1356 1259 1360 1263 .
1391 1228 1485 1264 hanc
1508 1228 1661 1274 figuram
1683 1229 1737 1264 vir
1761 1239 1840 1265 eam
1863 1231 2005 1275 accepit
2030 1229 2124 1265 domi
2148 1233 2190 1265 ut
2212 1240 2358 1266 uxorem
2381 1230 2466 1274 legi-

245 1270 335 1319 ἁνὴρ
362 1269 501 1314 ταύτην
528 1270 662 1316 ἐλαβεν
691 1271 782 1306 οἴκοι
812 1273 873 1307 ἐπὶ
902 1273 956 1315 τῷ
989 1274 1142 1319 γυναῖκα
1168 1275 1323 1319 γνησίαν
1336 1276 1377 1308 20
1391 1274 1513 1310 timam
1536 1274 1686 1310 haberet
1708 1276 1745 1310 et
1767 1274 1921 1310 filiorum
1943 1275 2178 1319 legitimorum
2201 1278 2368 1319 matrem,
2404 1286 2466 1311 ne-

244 1319 340 1359 ὲ’χοιν
362 1319 423 1350 καὶ
446 1314 594 1361 παίδων
616 1321 779 1364 γνησίων
801 1319 954 1362 μητέρα,
985 1320 1112 1361 μηκέτι
1136 1315 1323 1352 παντελῶς
1392 1329 1570 1365 quaquam
1601 1320 1744 1364 penitus
1775 1320 1956 1356 licentiam
1988 1320 2021 1355 ei
2051 1330 2129 1356 esse
2159 1321 2253 1356 hanc
2284 1321 2328 1356 de
2362 1321 2466 1357 domo

245 1360 371 1396 ἄδειαν
403 1358 503 1405 αὐτῷ
533 1360 761 1397 καθεστάναι
790 1360 928 1406 ταύτην
959 1362 1058 1411 παρὰ
1088 1362 1155 1406 τὴν
1177 1363 1241 1398 τοῦ
1264 1359 1322 1397 νό-
1391 1367 1535 1410 praeter
1570 1364 1729 1401 ordinem
1762 1365 1848 1410 legis
1886 1366 2080 1411 expellere,
2122 1366 2185 1402 sed
2219 1367 2354 1402 habere
2390 1377 2467 1402 eam

244 1420 313 1452 μου
336 1406 441 1448 τάξιν
462 1407 619 1451 ἐξωθεῖν
640 1409 702 1451 τῆς
722 1408 845 1451 οἰκίας,
869 1406 949 1442 ἀλλ’
971 1410 1067 1451 ἔχειν
1089 1411 1244 1455 γνησίαν
1263 1410 1324 1442 καὶ
1391 1411 1583 1455 legitimam
1615 1413 1652 1446 et
1677 1410 1771 1447 filios
1803 1421 1888 1447 suos
1921 1411 1953 1446 ei
1986 1421 2075 1446 esse.
2123 1411 2172 1446 Et
2195 1411 2291 1447 illam
2315 1412 2467 1457 quidem,

244 1452 328 1488 τοὺς
350 1450 483 1488 παῖδας
504 1456 670 1500 γνησίους
694 1451 793 1497 αὐτῷ
813 1452 1051 1488 καθεστάναι.
1098 1456 1158 1487 καὶ
1182 1454 1323 1496 ἐκείνην
1392 1456 1564 1501 siquidem
1587 1456 1752 1492 indotata
1775 1456 1839 1499 sit,
1868 1461 2014 1492 nostrae
2037 1457 2302 1492 constitutionis
2326 1457 2379 1492 uti
2403 1458 2466 1493 bo-

245 1501 323 1553 pg'v,
352 1498 453 1554 εἴπερ
476 1496 644 1546 ἄπροικος
674 1499 746 1542 εἴη,
776 1499 854 1533 τῶν
885 1500 924 1533 ἐκ
953 1501 1014 1542 τῆς
1044 1497 1216 1552 ἡμετέρας
1247 1497 1322 1533 δια·
1336 1503 1378 1536 25
1392 1502 1467 1543 nis,
1502 1504 1664 1546 quartam
1698 1502 1921 1537 substantiae
1951 1502 2019 1537 viri
2047 1502 2268 1547 percipiens,
2304 1502 2378 1538 sive
2407 1513 2467 1538 ex-

246 1544 381 1585 ταξεωε
410 1542 607 1579 απολαύειν
638 1542 806 1591 ἀγαθῶν,
834 1544 877 1579 τὸ
899 1547 1076 1591 τέταρτον
1099 1556 1160 1588 τηε
1183 1556 1322 1599 περιου-
1392 1548 1546 1592 pellatur
1569 1547 1642 1583 sive
1665 1548 1765 1592 prius
1789 1548 1962 1583 moriatur
1980 1548 2043 1590 vir,
2068 1558 2140 1583 non
2158 1549 2467 1593 perscrutantibus
2534 1577 2536 1580 .

246 1593 325 1624 σίας
347 1590 410 1623 τοῦ
435 1586 565 1635 ἀνδρὸς
590 1588 856 1644 λαμβάνουσαν,
887 1589 958 1624 εἴτε
982 1589 1140 1632 ἐξωθείη
1170 1591 1241 1624 εὶτε
1263 1593 1323 1624 καὶ
1392 1593 1495 1628 nobis
1515 1593 1589 1628 sive
1605 1593 1753 1638 repudio
1774 1597 1879 1629 utens
1899 1593 2055 1628 dimittat
2073 1603 2150 1628 eam
2175 1593 2247 1628 sive
2263 1593 2369 1628 etiam
2393 1594 2469 1629 sine

247 1633 498 1691 προαποβάλοι
530 1634 595 1669 τὸν
625 1634 759 1681 ανδρα·
797 1632 837 1670 οὗ
861 1637 1196 1683 περιεργαζομένων
1219 1633 1323 1680 ἡμῶν
1392 1638 1478 1674 hoc:
1500 1648 1616 1684 neque
1641 1639 1734 1673 enim
1750 1638 1941 1674 verisimile
1959 1641 2014 1674 est
2031 1648 2110 1674 eum
2125 1638 2264 1674 mittere
2280 1639 2469 1684 repudium

246 1682 318 1716 είτε
340 1678 485 1724 διαισίῳ
509 1678 725 1728 χρησάμενος
749 1679 978 1727 ἀποπέμψειε
1001 1680 1138 1723 ταύτην
1169 1680 1240 1715 εἴτε
1263 1683 1323 1715 καὶ
1393 1683 1453 1728 qui
1477 1687 1512 1718 et
1535 1685 1633 1729 ipsas
1655 1684 1798 1728 nuptias
1822 1684 1981 1729 denegat.
2030 1683 2098 1719 Sed
2120 1684 2150 1719 si
2174 1694 2251 1719 eam
2274 1684 2467 1720 inrationa-

245 1723 376 1760 τούτου
398 1729 522 1773 χωρίς·
558 1723 640 1760 οὐδὲ
668 1725 739 1773 γὰρ
769 1726 860 1760 εἰκὸς
891 1722 1003 1761 αὐτὸν
1034 1729 1177 1772 πέμψαι
1208 1726 1322 1783 ταύτῃ
1336 1730 1379 1763 30
1391 1729 1511 1765 biliter
1539 1729 1693 1774 expellat
1723 1729 1768 1765 de
1806 1729 1927 1773 domo,
1963 1730 2033 1765 hoc
2069 1729 2187 1774 ipsum
2219 1730 2265 1765 sit
2298 1730 2468 1766 adversus

235 1769 440 1818 4ῥεπούδιον
457 1769 524 1806 τόν
539 1784 580 1819 γε
599 1768 711 1806 αὐτὸν
727 1769 794 1806 τὸν
805 1772 923 1819 γάμον
935 1771 1205 1817 ἐξαρνούμενον.
1241 1770 1306 1806 ἀλλ
1391 1774 1505 1809 virum
1528 1774 1624 1810 iusta
1650 1775 1830 1817 causatio,
1867 1778 1902 1810 et
1925 1775 2051 1810 mulier
2073 1775 2142 1810 hoc
2165 1774 2270 1810 facto·
2283 1776 2470 1821 repudium

246 1817 347 1865 εἴπερ
377 1815 516 1859 ταύτην
548 1813 684 1863 ἀλόγως
715 1814 860 1861 ἐκβάλοι
880 1818 940 1860 τῆς
960 1818 1082 1859 οἰκίας,
1107 1815 1195 1851 αὐτὸ
1217 1819 1322 1852 τοῦτο
1391 1820 1423 1855 ei
1446 1819 1563 1854 mittat
1587 1824 1624 1855 et
1655 1820 1773 1865 exigat
1794 1824 1974 1866 quartam,
2011 1821 2040 1856 si
2072 1830 2163 1855 uxor
2187 1822 2332 1856 ostensa
2361 1821 2470 1857 fuerit

246 1865 342 1896 ἔστω
371 1861 464 1897 κατὰ
490 1863 554 1896 τοῦ
578 1860 708 1909 ἀνδρὸς
732 1863 847 1905 αἰτία,
879 1865 938 1896 καὶ
962 1859 983 1905 ἡ
1005 1861 1093 1908 γυνὴ
1117 1860 1245 1896 τούτου
1267 1877 1322 1910 γε·
1391 1865 1571 1908 extitisse,
1607 1865 1692 1900 licet
1727 1869 1829 1900 extra
1861 1866 1978 1901 dotem
2013 1866 2216 1901 convenerit
2247 1865 2466 1902 iuriiurando

245 1906 392 1961 γονότος
415 1904 608 1953 ῥεπούὃιόν
636 1921 676 1942 τε
701 1907 800 1951 αὐτῷ
824 1906 1002 1942 στελλέτω
1031 1911 1092 1941 καὶ
1121 1904 1322 1943 &nanuum
1393 1910 1551 1946 credens.
1600 1910 1693 1954 Quid
1715 1911 1808 1946 enim
1830 1914 1914 1955 agat
1937 1911 2035 1946 aliud
2067 1921 2159 1955 quae
2182 1911 2229 1946 ad
2252 1911 2371 1947 dotem
2395 1922 2466 1947 non

246 1967 289 1990 το
311 1955 498 2000 τέταρτον,
528 1953 560 1986 εἰ
583 1951 746 1996 δειχθείη
769 1952 905 2008 γαμετὴ
930 1953 1171 2006 καθεστῶσα,
1200 1952 1268 1988 κᾶν
1292 1955 1323 1988 εἰ
1334 1956 1378 1990 35
1391 1959 1446 1991 est
1480 1955 1627 1999 idonea,
1660 1966 1766 2002 quam
1801 1958 1984 1992 1110011101
2013 1957 2129 2002 ipsam
2158 1957 2225 1992 sub
2258 1958 2353 1992 omni
2386 1957 2469 1994 dote

247 1997 392 2045 προικὸς
420 2002 527 2042 χωρὶς
562 1997 723 2041 συνῆλθε
752 2009 826 2033 τοις
857 1997 973 2045 ὅρκοις
1002 2009 1239 2034 πιστευσασα.
1286 2003 1325 2034 τί
1393 2001 1607 2036 contradat?

245 2043 313 2090 γὰρ
336 2041 382 2078 ἂν
405 2043 573 2091 πράξειεν
595 2042 682 2078 ἄλλο
706 2041 727 2087 ἡ
750 2043 895 2089 προικὸς
918 2041 982 2078 οὐκ
1004 2041 1209 2089 εὖποροῦσα
1235 2041 1258 2088 ἢ
1279 2044 1322 2079 τὸ

245 2091 268 2126 1
313 2089 443 2133 ἑαυτὴν
474 2087 556 2123 ἀντὶ
587 2087 702 2133 πάσης
733 2087 921 2124 ἐπιδοῦναι
953 2087 1112 2138 προικός-ς
1156 2092 1251 2124 ἔστω
1284 2088 1324 2123 δὲ
1392 2093 1412 2126 1
1459 2090 1513 2126 Sit
1535 2094 1655 2126 autem
1683 2092 1719 2126 et
1747 2091 1887 2127 soboles
1911 2091 2067 2136 legitima
2089 2092 2196 2128 etiam
2220 2093 2329 2129 invito
2353 2096 2465 2139 patre.

246 2137 306 2169 καὶ
335 2133 357 2178 ἡ
385 2136 473 2182 γονὴ
494 2139 627 2190 γνησία
657 2130 717 2168 καὶ
740 2133 886 2169 ἄκοντος
917 2137 980 2169 τοῦ
1013 2132 1159 2181 πατρός.
1206 2132 1225 2177 ῥ
1253 2135 1322 2181 γὰρ
1390 2136 1457 2180 Qui
1488 2137 1580 2172 enim
1611 2136 1659 2171 ad
1688 2138 1759 2172 hoc
1790 2137 1936 2181 nuptias
1962 2137 2050 2172 fecit
2080 2140 2117 2173 et
2140 2138 2231 2174 filios
2254 2139 2467 2184 procreavit,

247 2182 308 2215 ἐπὶ
325 2181 441 2224 τούτῳ
460 2192 574 2227 γημας
589 2193 630 2214 τε
649 2182 709 2214 καὶ
729 2177 1092 2225 παιδοποιησάμενος,
1114 2180 1176 2226 ἐφ’
1193 2178 1224 2223 ᾧ
1243 2193 1324 2227 γνη-
1338 2184 1381 2216 40
1987 2202 1989 2204 -
2362 2187 2365 2190 ’

246 2272 285 2307 in
308 2270 409 2308 bellis
421 2273 662 2316 'consumptae
682 2280 726 2305 eu
753 2269 868 2305 iditas·
881 2279 940 2304 res
958 2273 1015 2305 est
1032 2280 1165 2315 maqno
1183 2268 1304 2305 studio
1326 2269 1438 2316 diqna
1461 2275 1497 2306 et
1515 2281 1610 2317 quae
1633 2271 1759 2306 merito
1784 2270 1962 2306 laudetur.
2010 2270 2141 2317 Itaque
2164 2272 2265 2318 quod
2286 2273 2415 2310 attinet
2437 2279 2472 2310 et

247 2317 296 2352 ad
318 2315 405 2352 viles
429 2326 613 2363 personas
634 2319 671 2351 et
693 2326 716 2351 a
765 2314 896 2354 milites
922 2319 1085 2350 armatos
1108 2314 1281 2351 obscuros
1303 2319 1339 2351 et
1358 2315 1548 2362 ‘ayrieolas
1577 2316 1727 2359 licentia,
1752 2316 1802 2351 sit
1829 2316 1875 2352 iis
1903 2317 2010 2352 etiam
2033 2317 2110 2353 sine
2139 2318 2323 2364 scriptura
2347 2330 2470 2356 conve-

247 2361 369 2399 niendi
397 2366 434 2397 et
461 2359 703 2407 eoniunqendi
730 2359 801 2396 sibi
828 2359 1008 2403 mulieres,
1043 2364 1152 2406 atque
1176 2359 1279 2396 liberi
1304 2360 1461 2407 leqitimi
1474 2361 1566 2404 sint,
1603 2361 1667 2407 qui
1693 2364 1887 2408 parentum
1917 2361 2198 2398 mediocritatem
2221 2363 2278 2399 vel
2299 2364 2472 2403 militaria

247 2411 311 2443 aut
340 2406 479 2442 rustica
502 2407 649 2453 neqotia
673 2409 708 2441 et
730 2406 955 2442 inscientiam
978 2405 1157 2441 adiuvent.
1252 2433 1258 2439 .

383 2452 425 2488 V.
473 2451 651 2495 Quoniam
676 2455 796 2487 autem
819 2462 870 2487 eoe
892 2450 1114 2487 aditionibus
1168 2451 1272 2487 uibus
1294 2462 1435 2498 semper
1464 2452 1621 2499 petimur
1644 2453 1800 2488 omnium
1826 2452 1967 2498 quidem
1990 2453 2277 2499 frequentissime
2305 2454 2473 2492 mulieres

247 2498 480 2545 eonqueriet
503 2497 674 2533 nuntiare
697 2496 875 2540 audimus,
907 2507 986 2533 esse
1008 2497 1072 2543 qui
1092 2462 1284 2543 affictione
1307 2508 1397 2544 erqa
1420 2499 1520 2544 ipsas
1537 2498 1622 2533 vieti
1642 2497 1786 2533 domum
1810 2508 1872 2533 eas
1896 2497 2031 2533 ducant
2061 2502 2095 2534 et
2127 2498 2258 2535 divinis
2279 2501 2472 2548 scripturis

248 2546 353 2580 tactis
376 2543 432 2579 vel
455 2544 492 2578 in
517 2543 699 2578 oratoriis>
714 2545 942 2578 sacramento
963 2542 1141 2589 praestito
1164 2552 1203 2578 se
1227 2553 1290 2578 eas
1313 2542 1494 2589 leqitimas
1517 2554 1654 2579 uxores
1681 2554 1758 2579 esse
1780 2543 1969 2579 habituros
1997 2544 2048 2579 ita
2099 2555 2139 2579 er
2162 2545 2310 2591 lonqum
2335 2550 2472 2593 tempus

247 2590 299 2626 eis
314 2593 467 2631 utantur
482 2593 517 2624 et
532 2588 664 2624 liberos
677 2588 842 2634 fortasse
883 2591 1062 2630 roereent,
1078 2587 1208 2623 deinde
1222 2588 1285 2623 ubi
1299 2588 1498 2640 eupiditate
1513 2599 1638 2625 earum
1653 2590 1780 2624 satiati
1791 2589 1865 2624 sint
1882 2588 1938 2624 vel
1951 2589 2028 2625 sine
2047 2555 2166 2625 alb'eris
2182 2591 2239 2626 vet
2253 2601 2333 2626 oum
2350 2591 2472 2628 liberis

247 2646 311 2672 eas
333 2634 497 2670 domibus
520 2633 670 2676 eiciant,
706 2634 814 2669 etiam
870 2633 929 2669 uic
957 2633 1012 2669 rei
1045 2633 1239 2669 remedium
1262 2633 1502 2670 adhibendum
1533 2644 1610 2670 esse
1642 2634 1888 2670 iudicavimus.
1935 2633 1987 2669 Et
2007 2634 2183 2680 siquidem
2205 2635 2335 2671 mulier
2357 2637 2473 2673 modis

249 2680 416 2727 leqitimis
440 2679 627 2715 ostendere
649 2680 830 2726 potuerit,
867 2679 983 2715 virum
1006 2690 1051 2714 ea
1072 2689 1110 2714 se
1133 2678 1344 2715 condicione
1366 2679 1406 2715 in
1428 2679 1572 2715 domum
1595 2680 1791 2726 recepisse,
1827 2682 1868 2714 ut
1891 2679 2086 2725 leqitimam
2109 2691 2262 2716 uxorem
2285 2686 2321 2717 et
2344 2681 2470 2718 libero-

248 2737 328 2762 rum
351 2725 592 2772 leqitimorum
615 2728 766 2760 matrem
789 2724 948 2767 haberet,
970 2724 1071 2760 nullo
1095 2725 1168 2759 iam
1188 2724 1294 2760 modo
1318 2725 1372 2760 illi
1396 2725 1541 2761 lieentia
1563 2724 1669 2760 detur
1692 2729 1819 2760 eontra
1844 2724 1934 2771 leqis
1956 2725 2245 2761 constitutionem
2270 2737 2348 2762 eam
2364 2726 2471 2763 domo

248 2770 465 2818 expellendi,
489 2769 554 2805 sed
572 2767 702 2806 habeat
726 2781 805 2817 eam
828 2770 1023 2821 leqitimam
1045 2769 1188 2816 sintque
1207 2769 1311 2806 liberi
1334 2771 1367 2806 ei
1391 2770 1550 2817 leqitimi.
1598 2770 1716 2816 Atque
1735 2770 1800 2805 illa
1822 2769 1998 2822 siquidem
2018 2770 2183 2806 indotata
2209 2771 2269 2814 sit,
2293 2771 2472 2817 beneficiis

248 2828 298 2853 ex
321 2815 576 2852 constitutione
598 2820 725 2851 nostra
749 2826 927 2851 eoneesszs
949 2815 1120 2859 fruatur,
1143 2820 1185 2851 ut
1207 2820 1375 2861 quartam
1390 2820 1535 2863 partem
1559 2815 1782 2851 substantiae
1805 2826 1872 2850 viri
1898 2815 2073 2861 accipiat,
2096 2815 2171 2852 sive
2193 2816 2307 2852 eiecta
2328 2818 2377 2853 sit
2399 2818 2473 2854 sive
2534 2845 2536 2848 >

249 2863 356 2898 etiam
379 2866 487 2896 antea
512 2861 627 2897 virum
650 2861 820 2896 amiserit.
868 2859 948 2903 Qua
971 2861 1010 2895 in
1032 2871 1074 2896 re
1097 2871 1171 2895 non
1195 2860 1420 2904 laboramus,
1455 2864 1577 2897 utrum
1605 2872 1684 2896 eam
1716 2859 1869 2908 repudio
1899 2871 1987 2896 usus
2018 2872 2066 2895 an
2096 2861 2175 2906 sine
2206 2872 2249 2897 eo
2281 2861 2473 2899 dimiserit.-

249 2918 364 2954 neque
387 2906 694 2942 enim'verisimile
716 2910 770 2941 est
793 2917 872 2942 eum
887 2917 932 2941 -re
959 2905 1082 2941 udium
1111 2905 1170 2941 illi
1190 2906 1329 2942 mittere
1353 2906 1417 2952 qui
1440 2906 1540 2953 ipsas
1563 2906 1710 2952 nuptias
1733 2906 1920 2951 infitiatur.
1978 2905 2108 2941 Verum
2137 2906 2171 2941 si
2200 2918 2279 2942 eam
2311 2908 2388 2944 sine
2410 2919 2472 2944 ra-

251 2953 347 2988 tione
362 2951 469 2988 domo
489 2951 642 2995 eiecerit,
667 2951 736 2987 hoe
758 2952 876 2998 ipsum
892 2917 1065 2988 adbersus
1080 2951 1196 2987 virum
1217 2962 1327 2987 eausa
1343 2953 1402 2994 sit,
1425 2956 1461 2987 et
1480 2951 1609 2986 mulier
1626 2951 1695 2987 Ιιοο
1717 2952 1820 2997 facto
1844 2955 1879 2987 et
1901 2950 2092 3004 repudium
2111 2952 2147 2987 ei
2163 2952 2281 2988 mittat
2303 2957 2340 2989 et
2361 2965 2471 3000 quar-

250 3004 323 3033 tam
340 3001 486 3044 partem
510 2998 657 3044 exiqat,
688 2997 720 3032 si
744 3008 844 3032 uxor
889 2998 983 3032 uisse
998 2996 1196 3044 probetur,
1228 2997 1369 3032 etiamsi
1388 2998 1466 3032 sine
1488 2996 1573 3032 dote
1597 2996 1646 3032 ad
1669 3008 1748 3032 eum
1772 2996 1908 3032 venerit
1937 2996 2153 3032 mriurando
2184 2998 2332 3043 confisa.
2379 2998 2475 3042 Quid

249 3046 270 3079 1
316 3043 409 3078 enim
433 3042 536 3077 aliud
557 3043 672 3089 eqerit
694 3053 738 3078 ea
762 3042 820 3078 cui
870 3043 940 3078 otis
963 3042 1071 3088 copia
1095 3053 1169 3077 non
1195 3046 1249 3078 est
1272 3042 1342 3077 nisi
1365 3046 1406 3078 ut
1428 3053 1467 3077 se
1498 3042 1617 3088 ipsam
1646 3042 1727 3078 loco
1761 3043 1875 3077 omnis
1906 3041 2002 3077 dotis
2029 3041 2177 3077 tradat?
2303 3042 2361 3079 Sit
2388 3055 2472 3080 vero

250 3089 358 3125 etiam
377 3087 522 3124 suboles
545 3087 705 3134 leqitima
728 3087 784 3124 vel
806 3088 916 3124 invito
933 3093 1057 3135 patre.
1104 3087 1200 3123 Nam
1223 3087 1286 3133 qui
1303 3091 1500 3135 propterea
1523 3098 1677 3123 uxorem
1701 3087 1810 3124 duxit
1831 3091 1868 3123 et
1890 3086 2021 3123 liberos
2038 3089 2258 3134 procreavit,
2283 3093 2325 3125 ut
2346 3089 2474 3126 mulier

295 3183 316 3216 6
327 3164 406 3224 μετ’
418 3176 547 3222 ιότητι]
567 3181 626 3212 aut
638 3179 899 3212 mediocritatem
916 3181 950 3221 (i.
965 3192 991 3213 e.
1006 3176 1260 3224 ἢμετριότητι)
1276 3190 1297 3214 ς
1316 3179 1328 3219 Η
1397 3181 1417 3214 9
1442 3179 1569 3212 fuerint
1589 3180 1622 3213 R
1647 3178 1660 3222 ΙΙ
1688 3178 1819 3221 assidue
1850 3179 1916 3212 VT
1930 3180 1987 3219 aL]
2013 3182 2121 3212 tamen
2141 3179 2272 3212 assidue
2295 3180 2329 3213 R
2351 3181 2437 3224 vuly.

251 3230 270 3260 7
295 3229 382 3270 βσυη
416 3223 560 3269 οὑμενοι
585 3225 630 3258 Μ
655 3230 668 3269 Ι]
694 3227 714 3259 9
739 3222 822 3267 *δὴ]
848 3222 887 3257 δὲ
912 3225 959 3258 Μ
975 3236 1067 3260 οηι.ς
1091 3228 1145 3268 (cf.
1172 3226 1294 3266 adnot.)
1317 3223 1329 3268 Ι]
1396 3224 1549 3257 audimus
1577 3226 1620 3265 T]
1645 3224 1836 3256 audiuimus
1859 3225 2028 3268 RVvuly.
2046 3225 2059 3269 ΙΙ
2077 3225 2334 3266 ingemescentes
2357 3223 2444 3258 ΕΤ*

253 3274 290 3306 11
303 3285 351 3314 sq.
376 3270 454 3305 εἶτα
477 3267 612 3304 ταύτας
636 3278 666 3303 et
687 3272 747 3303 καὶ
772 3283 830 3304 om.
846 3282 864 3306 ς
894 3270 906 3314 ΙΙ
933 3272 973 3304 15
997 3271 1056 3313 leq.
1072 3267 1328 3303 παιδοποιοῦν·
1400 3271 1441 3304 10
1454 3281 1567 3302 eorum
1583 3269 1627 3303 V¹
1642 3270 1655 3313 ss
1676 3271 1713 3304 11
1730 3269 1854 3302 ducant
1867 3270 2000 3309 om.R¹;
2017 3280 2070 3303 eas
2083 3271 2257 3314 add.vuiy.
2269 3269 2282 3314 ΙΙ
2302 3269 2343 3304 12
2357 3271 2470 3303 tenen-

250 3317 335 3350 ·raa?
352 3318 365 3360 Ι]
385 3318 424 3351 18
449 3318 510 3349 καὶ
530 3315 641 3362 εἴπερ]
666 3318 705 3348 111
728 3316 756 3349 si
780 3328 799 3352 ς
818 3315 830 3360 ΙΙ
847 3317 888 3350 25
909 3313 1115 3357 διατάξεως]
1139 3316 1222 3349 Νου.
1238 3315 1334 3348 LIII
1398 3318 1445 3348 tes
1470 3315 1518 3348 Β*
1547 3314 1560 3359 Ι]
1589 3317 1628 3350 15
1654 3315 1832 3348 saciauerit
1855 3325 1969 3348 eorum
1994 3316 2043 3349 Β*
2067 3315 2080 3359 ΙΙ
2112 3318 2150 3350 17
2177 3314 2329 3347 *sancire
2353 3314 2430 3347 libri

253 3364 309 3396 c.6
324 3362 338 3405 1]
357 3364 399 3396 29
411 3357 651 3405 *ἀποπέμψοι
665 3362 709 3394 Μ
721 3361 867 3393 dimittet
878 3373 909 3394 υ.
925 3361 945 3394 l.
959 3373 979 3396 ς
996 3360 1009 3405 ΙΙ
1026 3363 1068 3395 30
1081 3359 1195 3407 ταύτῃ
1215 3374 1273 3394 οηι.
1287 3371 1306 3396 ς
1318 3359 1330 3404 ΙΙ
1396 3362 1446 3401 111]
1473 3361 1532 3404 leq.
1551 3361 1608 3394 et?
1624 3360 1637 3404 ΙΙ
1658 3361 1698 3395 18
1718 3360 1809 3402 quia]
1835 3370 1933 3402 quam
1949 3360 2000 3393 R¹
2018 3359 2031 3412 [Ι
2049 3363 2096 3396 19.
2114 3360 2177 3402 vir]
2200 3349 2222 3393 ιιι
2247 3357 2450 3401 (ι’,ε.111)1).17

254 3409 295 3441 33
317 3406 427 3448 αἰτία]
453 3407 541 3439 iusta
565 3407 713 3439 causatio
737 3419 757 3443 ς
915 3432 918 3435 .
1398 3416 1510 3448 earum
1531 3406 1579 3439 V¹
1605 3404 1618 3450 ΙΙ
1643 3405 1771 3450 accepit
1791 3404 1840 3438 V²
1850 3406 1898 3447 T]
1923 3406 2045 3448 accipit
2068 3407 2110 3448 R,
2135 3418 2193 3439 om.
2217 3404 2266 3437 V¹
2296 3402 2309 3444 11
2337 3403 2386 3442 ut]
2404 3406 2469 3454 ’aut

256 3470 1320 3476 ————-—-——————-——-—-——————-
1397 3450 1446 3483 Β*
1466 3450 1478 3494 ΙΙ
1496 3452 1538 3485 23
1554 3451 1647 3484 illam
1667 3451 1800 3493 quidem
1818 3451 1982 3493 siquidem
1997 3452 2096 3492 Tul]
2121 3449 2212 3482 illam
2231 3446 2362 3489 quidem
2385 3457 2415 3479 ει
2437 3448 2470 3480 R

302 3499 317 3530 1
343 3497 659 3539 *concupiscentiae
685 3496 762 3530 libri
783 3496 796 3540 ΙΙ
830 3497 975 3529 studiose
1000 3496 1112 3530 RVT
1120 3497 1128 3517 ¹
1158 3496 1170 3539 ΙΙ
1200 3497 1220 3530 2
1243 3496 1331 3529 sicut
1397 3495 1457 3528 illa
1475 3496 1638 3537 siquidem
1659 3496 1715 3540 VH
1734 3498 1775 3530 25
1792 3497 2011 3529 substantiam
2033 3496 2086 3540 Vll
2103 3492 2337 3538 percipientem
2346 3492 2443 3543 ‘vna-lq.
2457 3492 2469 3536 ΙΙ

255 3541 329 3573 RV
348 3540 362 3583 ss
383 3544 415 3573 et
440 3543 516 3575 add.
535 3542 624 3585 vulq.
654 3540 667 3585 ΙΙ
696 3543 715 3576 3
740 3543 774 3574 01
796 3552 864 3575 11011
889 3542 1025 3585 scripto]
1051 3552 1089 3575 ex
1114 3552 1181 3574 non
1206 3541 1329 3584 scripto
1397 3542 1440 3575 26
1465 3542 1527 3582 vir]
1552 3554 1570 3575 u
1593 3543 1628 3583 (i.
1643 3555 1669 3576 e.
1683 3542 1754 3584 ubi)
1778 3542 1827 3575 17¹
1852 3541 1866 3586 ss
1896 3542 1937 3575 27
1964 3541 2110 3574 dimittat
2134 3536 2297 3588 T'vulqj
2322 3536 2469 3588 dimittet

257 3584 305 3617 Η2
339 3588 371 3617 01
393 3596 432 3617 ex
456 3597 522 3618 non
546 3587 670 3629 scripto
693 3588 779 3631 vulq.
807 3586 820 3631 ΙΙ
852 3588 872 3620 5
897 3588 1042 3629 sintque]
1080 3588 1148 3620 sint
1172 3586 1283 3620 R¹T¹
1318 3586 1330 3624 ΙΙ
1396 3587 1483 3620 RT¹
1508 3586 1680 3620 dimittens
1693 3588 1769 3629 (del.
1791 3585 1856 3629 1⁷⁸)
1880 3586 2068 3619 dimittatur
2088 3582 2202 3669 Vnu29
2223 3583 2394 3633 quq-qma
2414 3583 2468 3626 Vn

256 3629 409 3670 legitimi]
434 3631 636 3663 matrimonii
660 3631 707 3664 R·
726 3631 738 3675 ΙΙ
763 3633 834 3674 qui]
858 3633 939 3675 quia
962 3633 994 3666 R
1010 3632 1023 3676 11
1040 3635 1099 3665 aut
1123 3646 1181 3667 om.
1205 3632 1294 3676 ναῖς.
1317 3629 1330 3676 ΙΙ
1397 3633 1437 3666 31
1464 3632 1625 3673 causatio]
1657 3632 1808 3666 oooaotio
1828 3630 1879 3666 V·
1911 3630 2038 3664 exactio
2058 3627 2108 3662 V’
2175 3627 2217 3660 33
2241 3628 2468 3661 iurisiurando

255 3674 451 3706 mediocrem
464 3675 512 3707 12¹
531 3675 543 3718 n
559 3676 656 3716 oven
675 3679 733 3709 aut
748 3676 803 3721 Tu
822 3678 1030 3720 operationes
1046 3677 1140 3722 Tus
1155 3680 1242 3712 mor.
1261 3678 1328 3715 Qui
1396 3676 1446 3710 13¹
1467 3677 1702 3723 iusiurandum
1727 3678 1780 3711 T¹
1849 3676 1894 3710 35
1916 3676 2023 3718 ipsum
2049 3671 2097 3706 Β*
2123 3671 2137 3715 Ι
2164 3671 2237 3712 sub]
2260 3681 2321 3724 1³30
2344 3674 2402 3706 vul
2417 3698 2430 3725 ,-
2455 3673 2467 3716 ΙΙ

257 3721 335 3752 sunt
354 3718 511 3760 legittimi
529 3719 592 3752 filii
615 3721 669 3753 uel
686 3722 854 3755 naturales
875 3722 930 3756 uel
946 3726 1102 3756 neutrum
1127 3734 1239 3756 eorum
1261 3723 1285 3757 i.
1299 3733 1325 3756 0.
1395 3723 1499 3764 omni]
1523 3723 1556 3756 dl
1576 3725 1610 3766 (i.
1626 3736 1653 3757 e.
1667 3723 1735 3763 dei)
1752 3723 1785 3756 R
1809 3722 1815 3765 Ι
1831 3721 1875 3755 36
1889 3718 2055 3753 contraxit
2074 3715 2132 3760 Vll
2148 3717 2191 3751 39
2203 3717 2319 3750 fecerit
2334 3720 2367 3751 et
2379 3717 2400 3751 fi
2430 3729 2466 3752 os

255 3764 292 3806 (i.
305 3775 332 3797 0.
346 3776 404 3797 om.
414 3764 462 3805 R)
475 3773 514 3796 ex
527 3763 702 3806 dampnata
715 3767 926 3808 copulatione
933 3768 1003 3802 RT
1007 3770 1039 3802 in
1053 3781 1155 3811 τηαν-9.
1165 3769 1218 3811 (σε
1226 3768 1303 3811 Iul.)
1314 3765 1328 3813 ΙΙ
1393 3768 1619 3810 procreauerit
1639 3767 1727 3815 ΕΤ
