2586 3990
246 112 354 156 Nov.
375 109 532 154 CXVII
554 111 603 150 15
634 121 699 163 ep.

247 219 394 263 δάζουσι
417 214 710 263 διαπράττεσθαι
738 214 1015 263 συγχωρήσομεν
1036 227 1122 250 τινα
1136 214 1327 295 βοήθειαν

246 267 285 299 ἐκ
315 265 393 299 τῶν
416 261 721 305 ἐκκλησιαστικῶν
743 257 920 306 εὑρίσκειν
949 257 1051 306 ὅρων
1058 273 1070 301 ,-
1109 257 1131 293 α’
1158 258 1202 294 λὰ
1234 260 1327 296 πᾶσι

245 306 393 353 τρόποις
408 307 554 342 τούτους
573 308 646 340 τοῖς
661 304 808 351 ἄρχουσι
823 303 1112 349 παραδίδοσθαι,
1136 306 1196 339 καὶ
1216 316 1327 349 τιμω-

245 357 328 400 ρίαν
351 349 544 396 ὑπομένειν
566 343 607 394 ἧς
629 348 725 392 ἄξιοι
749 350 978 385 καθεστᾶσιν
1005 348 1041 384 οἱ
1062 348 1146 384 τοὺς
1169 347 1326 396 ἁγιωτά-

243 409 323 433 τους
347 395 479 431 τόπους
500 394 670 440 μολύνειν
693 394 904 438 τολμῶντες.
951 392 971 428 ὁ
993 393 1063 440 γὰρ
1079 396 1190 428 ἐκεῖσε
1213 392 1326 439 ἁμαρ·

244 441 367 477 τάνων
391 442 462 476 ποῦ
486 443 672 486 σωτηρίαν
697 438 856 483 αἰτήσει,·
888 441 948 473 καὶ
970 440 1119 486 γενικῶς
1142 436 1182 473 δὲ
1205 437 1325 473 διατυ-

244 488 394 530 ποῦμεν,
411 486 471 520 ἴνα
484 486 550 519 ἐάν
563 496 615 520 τις
627 482 726 531 εὕροι
742 484 810 528 τὴν
823 482 923 518 ἰδίαν
932 484 1092 531 γαμετὴν
1105 481 1128 527 ἢ
1139 483 1326 540 θυγατέρα

244 530 267 565 ⁷⁸
297 533 315 565 ἐ
337 530 452 578 γόνην
483 529 505 574 ἢ
535 530 683 576 νύμφην
713 531 753 563 ἐν
782 526 924 575 εύαγέσι
953 529 1079 565 τόποις
1108 541 1200 573 μετα
1228 539 1325 563 τινος

244 544 501 623 διαλεγομένην
524 578 583 609 καὶ
608 573 822 617 ὑπονοήσειε
838 575 983 629 αἰσχρᾷς
1000 573 1108 619 χάριν
1129 574 1245 608 αἰτίας
1263 571 1324 607 αὗ-

1308 101 1394 150 566

1801 117 1861 149 U'r
1890 116 2052 149 mcEA'r
2079 112 2219 148 MATRI
2248 117 2305 147 ΕΤ
2333 115 2472 148 ΑἮΑΕ

1395 214 1546 251 ecclesia
1577 214 1649 249 tale
1671 214 1788 250 scelus
1819 214 2030 251 studuerunt
2056 219 2265 261 perpetrare
2297 214 2470 259 permitti·
2529 214 2531 216 ’

1393 270 1473 296 mus
1505 259 1649 305 aliquod
1672 258 1844 294 auxilium
1873 269 1918 295 ex
1947 261 2201 297 ecclesiasticis
2232 259 2393 295 terminis
2416 259 2470 294 in-

1394 304 1538 341 venire?
1585 303 1655 339 Sed
1685 303 1847 340 omnibus
1876 304 1988 341 modis
2017 305 2083 342 hos
2110 305 2286 342 iudicibus
2310 303 2405 339 tradi
2435 307 2472 340 et

1420 359 1543 385 oenam
1575 348 1768 391 sustinere,
1804 358 1876 394 qua
1905 348 2002 395 digni
2035 354 2118 386 sunt
2152 350 2212 395 qui
2247 348 2473 386 sanctissima

1362 399 1381 430 5
1409 403 1476 430 oca
1509 394 1642 429 violare
1675 396 1918 438 praesumunt.
1973 393 2044 439 Qui
2075 395 2168 431 enim
2201 395 2252 430 ibi
2287 394 2471 447 delinquit²

1395 439 1456 475 ubi
1479 438 1630 474 salutem
1653 438 1775 483 petet?
1822 438 1871 473 Et
1892 439 2100 483 generaliter
2123 440 2359 485 disponimus,
2384 442 2425 474 ut
2441 450 2472 475 si

1394 484 1474 528 quis
1497 483 1672 520 invenerit
1700 493 1801 519 suam
1832 492 1978 519 uxorem
2011 487 2074 520 aut
2101 483 2210 520 filiam
2240 487 2306 520 aut
2327 487 2471 529 neptem

1394 532 1457 564 aut
1480 538 1648 574 sponsam
1669 528 1707 564 in
1731 527 1939 564 venerandis
1961 528 2051 564 locis
2078 539 2158 564 cum
2180 530 2299 576 aliquo
2323 531 2470 574 loquen-

1393 577 1463 609 tem
1488 577 1524 609 et
1539 573 1743 620 suspicatus
1766 573 1875 608 fuerit
1897 573 2015 618 turpis
2061 574 2152 610 ratia
2168 585 2298 611 causae
2318 585 2379 610 eos
2397 575 2470 610 col·

242 622 326 656 τοὺς
341 619 556 664 συνομιλεῖν,
579 618 827 664 παραδιδόναι
848 630 978 654 αυτους
996 620 1049 662 τῷ
1067 616 1196 662 ἐκδίκῳ
1215 617 1238 662 ἢ
1252 621 1326 672 τοῖς
1340 622 1380 654 10
1394 619 1503 664 loqui,
1528 619 1648 654 tradat
1671 629 1732 654 eos
1757 617 1935 655 defensori
1957 621 2021 653 aut
2073 618 2115 655 iis
2135 619 2212 656 eius
2226 620 2471 656 sanctissimae

243 664 363 701 ἄλλοις
385 666 447 709 τῆς
468 663 577 709 αὐτῆς
599 663 800 711 ἁγιωτάτης
822 663 1005 708 ἐκκλησίας
1029 662 1214 709 κληρικοῖς,
1238 674 1326 698 ωςτε

244 709 390 746 τούτους
414 712 467 753 τῷ
490 708 572 754 ἰδίῳ
596 707 756 753 κινδύνῳ
781 708 933 755 ἑκάτερα
959 709 1136 754 πρόςωπα
1158 720 1326 754 κεχωρισ-

242 758 360 800 μένως
382 754 550 801 φυλάξαι,
573 753 672 801 ἄχρις
695 753 741 789 ἄν
763 752 783 789 ὁ
808 755 873 788 τοῦ
897 751 1012 789 τόπου
1036 753 1159 799 ἅρχων
1182 753 1327 788 τούτους

243 799 473 857 παραλαβών
502 799 594 834 κατὰ
617 799 699 834 τοὺς
721 799 852 844 νόμους
882 799 925 834 τὸ
949 800 1099 853 πρᾶγμα
1123 799 1325 842 σκοπήσειε.

1394 663 1567 700 ecclesiae
1591 663 1746 706 clericis,
1778 667 1819 699 ut
1842 663 1911 708 ipsi
1934 673 1998 699 suo
2019 663 2176 708 periculo
2200 668 2370 710 utrasque
2389 674 2470 709 per-

1394 719 1502 745 sonas
1526 708 1636 745 divise
1660 707 1875 751 custodiant,
1908 707 2021 744 donec
2043 708 2152 744 iudex
2173 718 2236 746 eos
2259 710 2414 756 accipiat
2434 710 2471 745 et

1394 753 1590 791 secundum
1613 755 1707 798 leges
1733 763 1876 789 causam
1901 752 2091 789 discernat.

287 844 574 892 (Επίλογος.>
606 841 717 890 ’Ἀπερ
731 848 859 879 τοίνυν
884 842 944 878 διὰ
967 857 1032 879 του
1058 843 1238 890 παρόντος
1266 846 1326 877 καὶ
1344 848 1381 880 15
1460 843 1743 889 (Epilogus.)
1788 843 1887 887 Quae
1909 842 2015 887 igitur
2039 852 2102 888 per
2149 845 2346 879 raesentem
2376 846 2412 879 et
2433 845 2472 879 in

244 891 292 926 εἰς
314 891 358 925 τὸ
378 889 536 934 διηνεκὲς
557 891 742 933 ἰσχύοντος
763 887 878 934 νόμου
902 888 924 932 ἡ
945 887 1100 934 ἡμετέρα
1124 887 1326 924 διετύπωσε
1392 893 1605 934 perpetuum
1628 887 1816 923 valituram
1840 889 1951 933 legem
1972 892 2095 924 nostra
2119 854 2278 924 d’efinivit
2298 888 2471 933 tranquil·

243 935 460 982 γαληνότης,
485 937 525 970 ἐν
541 936 633 969 πᾶσι
648 937 723 969 τοῖς
738 936 1006 980 προειρημένοις
1030 935 1166 977 θέμασι
1182 937 1327 979 κρατεῖν
1392 934 1486 977 litas,
1518 934 1555 968 in
1579 933 1743 968 omnibus
1767 934 1960 978 praedietis
1993 934 2134 969 casibus
2158 933 2276 969 valere
2298 934 2471 976 volumus,

243 979 472 1025 βουλόμεθα,
506 979 603 1022 πλὴν
625 980 656 1014 εἰ
677 978 790 1024 μήπω
814 977 837 1033 ἢ
859 977 1047 1026 δικαστικῇ
1078 979 1130 1024 ψή
1161 993 1191 1022 ῳ
1224 977 1247 1022 ἢ
1271 992 1326 1024 φι-
1393 979 1462 1014 nisi
1486 981 1605 1013 tamen
1628 978 1784 1014 nondum
1808 982 1872 1013 aut
1893 978 2053 1014 iudiciali
2077 979 2219 1014 decreto
2245 981 2310 1014 aut
2331 979 2472 1014 amicali

244 1025 322 1068 λικῆ
347 1024 526 1070 συμβάσει
555 1023 787 1067 διετέθησαν,
820 1020 913 1069 α’περ
936 1027 994 1058 καὶ
1019 1024 1088 1067 τὴν
1111 993 1210 1058 igtur
1232 1022 1326 1067 ἔχειν
1394 1024 1626 1059 conventione
1658 1023 1779 1058 decisa
1811 1026 1910 1066 sunt,
1947 1034 2037 1068 quae
2067 1034 2171 1059 suum
2199 1024 2309 1059 robur
2340 1024 2471 1060 habere

243 1062 347 1113 ἰσχῗιν
371 1071 604 1114 θεσπίζομεν.
651 1067 673 1113 ἡ
699 1067 842 1110 ἔνδοξος
864 1073 987 1103 τοίνυν
1019 1072 1079 1103 καὶ
1105 1067 1326 1116 μεγαλοφυής
1339 1071 1380 1104 20
1393 1068 1583 1104 sancimus.
1633 1068 1797 1104 Gloriosa
1820 1069 1927 1113 igitur
1955 1073 1993 1104 et
2016 1068 2292 1104 eminentissima
2315 1069 2470 1105 auctori-

242 1126 308 1149 σου
331 1112 513 1150 αὐθεντία
537 1117 577 1148 έν
592 1113 709 1162 ταύτῃ
759 1116 798 1148 ἐν
821 1115 866 1162 τῇ
883 1112 1022 1158 ἐνδόξῳ
1047 1113 1151 1149 πόλει
1175 1112 1325 1148 ἱδίκτων
1393 1118 1449 1149 tas
1473 1116 1536 1149 tua
1561 1114 1596 1148 in
1621 1113 1689 1149 hac
1714 1114 1854 1159 quidem
1881 1114 2005 1150 inclita
2029 1114 2171 1149 civitate
2192 1113 2317 1150 edictis
2341 1125 2471 1160 propo-

242 1161 524 1207 προτιθεμένων
556 1159 649 1206 πρὸς
685 1160 720 1193 εἴ
740 1171 823 1203 ησιν
853 1158 1008 1194 πάντων
1040 1156 1180 1206 ἀγάγοι,
1215 1160 1255 1193 ἐν
1286 1156 1326 1192 δὲ
1393 1159 1470 1195 sitis
1494 1159 1541 1194 ad
1565 1159 1727 1194 notitiam
1751 1160 1925 1204 perducat
1948 1159 2200 1203 universorum,
2224 1159 2261 1194 in
2280 1159 2470 1204 provinciis

241 1208 320 1240 ταῖς
343 1207 527 1251 ἐπαρχίαις
559 1203 620 1239 διὰ
643 1203 932 1251 προς-ταγμάτων
955 1203 1045 1250 πρὸς
1067 1205 1150 1239 τοὺς
1165 1202 1324 1250 λαμπρο-
1392 1207 1512 1239 autem
1547 1214 1610 1248 per
1645 1208 1839 1249 praecepta
1873 1204 1919 1239 ad
1955 1204 2170 1240 clarissimos
2210 1204 2472 1249 provinciarum

241 1247 368 1285 τάτους
401 1252 479 1285 τῶν
510 1251 695 1295 ἐπαρχιῶν
727 1249 903 1295 ἄρχοντας
933 1251 1177 1293 πεμπομένων
1209 1250 1325 1284 ταῦτα
1391 1249 1525 1284 iudices
1549 1248 1728 1284 destinata
1757 1250 1847 1285 haec
1872 1249 2036 1285 omnibus
2065 1250 2186 1285 facere
2206 1250 2395 1285 manifesta
2418 1250 2470 1286 fe-

242 1296 334 1330 πᾶσι
357 1293 543 1338 κατάδηλα
572 1296 749 1342 γενέσθαι
774 1292 1018 1330 σπουδασάτω
1067 1291 1156 1329 εἵς-τε
1185 1292 1324 1338 μηδένα
1338 1297 1379 1330 25
1393 1295 1514 1336 stinet,
1548 1298 1588 1329 ut
1611 1294 1730 1329 nullus
1759 1295 1901 1340 penitus
1931 1295 2071 1339 ignoret
2099 1304 2191 1340 quae
2220 1305 2285 1340 pro
2315 1295 2472 1330 utilitate

243 1339 431 1375 παντελῶς
454 1339 598 1387 ἀγνοεῖν
629 1340 674 1375 τὰ
696 1338 787 1385 ὑπὲρ
810 1340 873 1383 τῆς
897 1321 1111 1374 λυσιτελείας
1140 1341 1219 1374 τῶν
1242 1337 1325 1383 ἡμε-
1394 1342 1598 1375 nostrorum
1623 1340 1834 1375 collatorum
1857 1349 1879 1375 a
1902 1340 2005 1375 nobis
2028 1340 2201 1385 disposita
2224 1343 2317 1382 sunt,
2341 1341 2393 1375 ita
2415 1342 2470 1376 ta-

242 1388 360 1431 τέρων
376 1382 564 1420 ὑποτελῶν
579 1383 672 1430 παρ’
690 1382 795 1429 ἡμῶν
812 1383 1107 1427 διατυπωθεντα,
1130 1382 1225 1419 οὕτω
1242 1387 1325 1428 με’ν-
1394 1395 1474 1421 men
1504 1388 1544 1419 ut
1574 1385 1738 1420 omnibus
1770 1395 1834 1429 per
1856 1385 2003 1430 propria
2059 1388 2227 1430 raecepta
2254 1385 2470 1430 pronuntiet,

242 1443 299 1464 τοι
323 1426 411 1465 aisn
436 1432 551 1466 πᾶσιν
574 1427 821 1477 ἀπαγορεῦσαι
845 1426 897 1464 δι’
917 1431 1061 1465 οἰκείων
1085 1428 1324 1476 προςτάξεων,
1395 1433 1569 1474 quatenus
1594 1430 1670 1465 sine
1694 1430 1853 1475 quolibet
1876 1430 2007 1466 iniusto
2057 1430 2216 1474 ’spendio
2241 1430 2372 1467 nostris
2397 1431 2469 1466 col-

243 1472 303 1521 ἐφ’
329 1468 362 1519 ὦ
393 1473 476 1519 δίχα
506 1474 605 1510 τινὸς
634 1475 848 1521 παρανόμου
882 1477 1007 1520 ζημίας
1042 1478 1115 1510 τοῖς
1145 1472 1326 1519 ἡμετέροις
1394 1475 1568 1512 latoribus
1592 1476 1791 1521 praesentis
1814 1475 1901 1520 legis
1925 1475 1988 1511 fiat
2010 1475 2213 1512 insinuatio.

242 1517 430 1556 ύποτελέσι
444 1520 514 1565 τὴν
527 1521 727 1568 ἐμφάνειαν
739 1521 803 1555 τοῦ
819 1533 870 1555 πα
895 1522 999 1555 όντος
1014 1520 1127 1563 νόμον
1138 1520 1324 1567 γενέσθαι.
1339 1523 1381 1556 30
2062 1550 2065 1553 ,

287 1565 370 1602 Dat.
383 1577 446 1602 xv.
465 1566 499 1601 k.
517 1565 660 1601 Ianuar.
678 1565 747 1601 ΟΡ.
767 1565 848 1610 'mp.
894 1575 929 1602 n.
946 1565 1135 1601 Iustiniani
1154 1576 1215 1611 pp.
1233 1566 1325 1609 Aug.

242 1620 335 1647 anno
355 1611 452 1647 XVI.
476 1614 559 1656 post
583 1621 679 1647 cons.
707 1611 831 1646 Basilii
852 1621 908 1646 vc.
933 1611 1003 1647 ind.
1019 1610 1058 1648 ς’.
1186 1613 1233 1652 [a.
1249 1613 1326 1652 542]

243 1765 352 1802 clesia
382 1765 559 1802 eiusmodi
584 1767 730 1813 flayitia
762 1771 982 1814 perpetrare
1019 1766 1163 1802 student
1199 1766 1451 1808 concedemus,
1491 1771 1532 1801 ut
1560 1765 1672 1801 ullum
1704 1765 1884 1802 auxilium
1914 1777 1963 1801 ex
1986 1765 2237 1802 ecclesiasticis
2257 1767 2394 1814 saeptis
2415 1779 2469 1804 re-

269 1810 413 1847 eriant?
467 1811 598 1848 Verum
622 1812 786 1847 omnibus
809 1811 925 1847 mode's
947 1812 1008 1848 isti
1043 1810 1221 1847 iudicibus
1246 1811 1451 1853 tradantur,
1484 1815 1593 1856 atque
1623 1811 1841 1857 supplicium
1872 1810 2041 1852 subeant,
2071 1822 2144 1857 quo
2169 1811 2270 1858 diqni
2291 1817 2378 1848 sunt
2408 1814 2474 1859 qui

257 1865 326 1892 oea
342 1859 471 1892 saneta
492 1856 657 1902 polluere
679 1856 823 1892 audent.
872 1857 966 1892 Nam
989 1857 1054 1902 qui
1076 1856 1151 1891 illic
1174 1855 1362 1901 delinquit,
1387 1856 1448 1892 ubi
1462 1856 1615 1891 salutem
1633 1857 1757 1901 petet?
1791 1857 1910 1902 Atque
1933 1856 1970 1890 in
1987 1856 2191 1891 universum
2213 1857 2470 1904 praecipimus,

242 1904 284 1936 ut
305 1901 340 1936 si
362 1902 443 1947 quis
465 1912 618 1937 uxorem
641 1913 743 1937 suam
774 1902 830 1938 vel
848 1902 962 1947 filiam
987 1901 1043 1937 vel
1064 1906 1205 1947 neptem
1237 1901 1293 1936 vel
1314 1911 1444 1936 nurum
1467 1901 1505 1935 in
1527 1902 1662 1936 sanclis
1686 1901 1774 1936 locis
1804 1912 1884 1936 cum
1909 1901 2033 1946 aliquo
2063 1901 2321 1947 colloquentem
2344 1902 2469 1955 depre-

243 1945 409 1982 henderit
430 1949 467 1981 et
483 1947 689 1999 suspicatus
703 1947 752 1982 sit
775 1957 837 1982 eos
859 1946 976 1993 turpis
1000 1957 1132 1982 causae
1155 1946 1279 1992 qratia
1303 1946 1521 1987 convenisse,
1546 1956 1608 1981 eos
1627 1945 1815 1991 defensori
1835 1945 1892 1982 vel
1906 1946 2035 1981 ceteris
2050 1946 2206 1982 eiusdem
2224 1948 2471 1984 sanctissimae

242 1989 414 2027 ecclesiae
437 1991 576 2027 clericis
599 1991 733 2034 tradat,
757 1995 794 2026 ut
818 1991 858 2027 Ιιι·
877 2003 944 2027 suo
961 1991 1131 2038 periculo
1156 1994 1347 2036 utramque
1364 2001 1565 2036 personam
1586 1991 1785 2037 separatim
1808 1991 2024 2033 custodiant,
2048 1990 2163 2027 donec
2186 1990 2257 2028 loci
2279 1994 2469 2039 maqistra-

244 2039 302 2072 tus
324 2035 371 2071 iis
393 2046 477 2071 acce
506 2036 552 2072 tis
573 2036 767 2072 secundum
791 2037 888 2083 leqes
911 2047 1057 2071 causam
1076 2036 1259 2081 exquirat.

379 2080 470 2133 Epa·
496 2091 620 2127 oqus.
665 2080 767 2124 Quae
795 2082 910 2128 iqitur
934 2092 1007 2128 per
1033 2084 1260 2127 praesentem
1289 2084 1325 2115 et
1355 2081 1394 2115 in
1422 2083 1636 2126 perpetuum
1665 2079 1856 2115 valituram
1886 2080 1998 2126 leqem
2029 2081 2206 2128 serenitas
2234 2086 2363 2118 nostra
2385 2092 2471 2119 oon·
2495 2120 2501 2126 ,

241 2125 372 2168 stituit,
403 2136 442 2160 tn
466 2126 630 2162 omnibus
654 2125 855 2173 praedictis
885 2126 1027 2162 casibus
1058 2127 1176 2161 valere
1206 2124 1381 2167 volumus,
1413 2125 1445 2159 si
1469 2136 1562 2171 quae
1592 2124 1752 2160 nondum
1782 2129 1845 2161 aut
1875 2125 2038 2161 iudiciali
2061 2126 2202 2161 calculo
2232 2131 2298 2163 aut
2327 2128 2471 2164 amicali

243 2170 502 2217 compositione
526 2170 646 2207 decisa
668 2176 764 2214 sunt,
796 2183 890 2217 quae
913 2170 1055 2217 quidem
1077 2181 1181 2205 suum
1203 2170 1318 2205 robur
1339 2169 1472 2206 habere
1493 2170 1684 2205 sancimus.
1734 2169 1903 2206 Gloriosa
1926 2171 2040 2216 iqitur
2071 2175 2105 2206 et
2127 2170 2290 2207 sublimis
2311 2173 2470 2209 auotori-

244 2219 301 2251 tas
323 2220 386 2251 tua
408 2216 447 2250 in
471 2215 540 2251 liae
563 2215 706 2262 quidem
763 2217 897 2252 loriosa
928 2217 1016 2253 urbe
1046 2216 1172 2251 edictis
1199 2215 1405 2261 propositis
1435 2214 1485 2250 acl
1506 2215 1673 2250 notitiam
1696 2216 1852 2250 omnium
1876 2215 1965 2252 haec
1981 2215 2181 2261 perducat,
2213 2217 2250 2251 in
2270 2218 2471 2263 provinciis

242 2265 362 2296 autem
382 2272 451 2308 per
471 2266 671 2307 praecepta
694 2228 761 2297 adq
765 2262 987 2298 clarissimos
1007 2261 1280 2308 provinciarum
1297 2260 1489 2307 praesides
1511 2260 1620 2295 missa
1651 2259 1741 2296 haec
1763 2261 1926 2296 omnibus
1949 2260 2143 2307 manifesta
2165 2261 2293 2306 facere
2314 2262 2469 2305 studeat,

243 2309 284 2340 ut
306 2316 409 2341 nemo
434 2306 580 2342 omnino
610 2307 757 2353 iqnoret
785 2318 880 2353 quae
908 2305 1158 2354 pro·utilitate
1181 2310 1390 2341 nostrorum
1419 2305 1658 2341 subiectorum
1681 2316 1705 2340 a
1728 2306 1831 2342 nobis
1855 2306 2051 2342 constituta
2074 2311 2177 2341 sunt:
2213 2307 2266 2342 ita
2290 2311 2407 2343 tamen
2429 2313 2471 2344 ut

243 2350 407 2386 omnibus
416 2361 490 2397 per
502 2356 701 2398 praecepta
717 2353 880 2399 propria
900 2352 1029 2394 edicat,
1053 2356 1094 2386 ut
1108 2352 1185 2386 sine
1200 2350 1275 2385 utto
1292 2351 1427 2386 iniusto
1452 2349 1583 2386 damno
1605 2361 1780 2396 praesens
1800 2351 1862 2387 lex
1877 2350 2046 2388 subiectis
2060 2351 2196 2386 nostris
2211 2352 2423 2389 insinuetur.

255 2548 263 2559 ‘
291 2509 306 2540 1
330 2504 718 2562 συγχωρήσωμξνπινα
738 2508 788 2540 ΒΓ
796 2507 933 2585 Εμὲᾼ
950 2504 1223 2559 καθεστήκασιν
1234 2507 1299 2550 Ep.
1314 2506 1325 2551 11

242 2552 452 2640 tami·
471 2551 820 2640 ”taluzatis
838 2552 916 2641 lari
934 2552 1324 2640 lutitianis}

242 2631 429 2688 ὑπᾶνοήσῃ
453 2608 631 2676 heimbach
655 2609 734 2686 filu
762 2638 851 2676 ῶςτε
873 2640 1033 2683 τούτους]
1065 2644 1103 2675 ut
1126 2642 1190 2685 ipsi
1215 2654 1234 2679 ς
1252 2642 1264 2686 11
1283 2643 1324 2677 12

243 2685 394 2732 ἑκάτερα
423 2685 472 2720 τὰ
503 2698 532 2720 π
556 2684 688 2721 όσωπα
717 2687 765 2721 13¹
791 2687 804 2731 11
835 2689 876 2721 14
908 2684 1208 2732 παραλαμβάνων
1238 2688 1290 2720 B!
1314 2687 1325 2732 11

243 2730 447 2774 *σκοπήσοι
470 2733 516 2765 Μ
582 2730 756 2774 σκοπήσει
782 2733 830 2774 L,
867 2730 1031 2778 σκοπήσῃ
1057 2733 1221 2776 Scrimyer
1243 2733 1256 2776 11
1281 2734 1321 2767 21

244 2773 397 2810 &dimam
413 2776 462 2810 L¹
480 2777 492 2820 11
517 2778 559 2811 22
579 2772 707 2823 ἀγάγοι
726 2779 1083 2821 suspectat.Zacharz'a
1105 2777 1118 2821 11
1142 2779 1181 2811 31
1202 2780 1322 2812 subscr.

244 2823 341 2855 habet
363 2819 457 2863 Iul.¹³‚
482 2834 574 2859 oms
590 2821 603 2866 11
618 2831 680 2856 xv.
705 2823 737 2855 k.
762 2822 940 2856 iannuuar.
964 2822 1011 2855 M
1035 2821 1106 2866 πρὸ
1132 2821 1172 2855 ιε’
1195 2820 1322 2857 καλαν-

243 2863 320 2900 δῶν
342 2863 574 2911 Ἰανουαρίων
585 2868 662 2901 ΑεΙι.
683 2869 781 2910 (μηνὶ
798 2867 991 2913 ἰανουαρίῳ
1012 2867 1158 2909 Theod.)]
1182 2879 1235 2901 111.
1249 2868 1324 2901 idus

243 2911 345 2954 (idem
357 2910 452 2955 law)
468 2912 613 2946 decemb.
629 2910 722 2954 lum,
743 2913 828 2957 vulq.
847 2912 859 2956 11
877 2913 943 2946 CP.
960 2931 1004 2936 —
1018 2911 1088 2945 ind.
1101 2911 1144 2954 ς’]
1167 2915 1244 2956 post
1266 2913 1322 2946 dn.

243 2957 321 2990 inst.
346 2966 423 2998 aug.
446 2967 524 2990 ann.
549 2957 626 2991 XV.
650 2957 772 2991 basilio
797 2968 848 2991 uo.
875 2968 979 2991 conss.
1003 2957 1073 2990 ind.
1089 2956 1118 2994 ς’
1133 2958 1181 2991 Μ
1204 2968 1322 3001 conpo.

243 3012 332 3035 anno
355 3001 437 3035 XCI
461 3002 537 3046 (leq.
561 3002 659 3044 XVI)
690 3003 768 3045 imp.
794 3002 973 3036 iustiniani
1000 3012 1051 3044 ag.
1072 3004 1148 3046 post
1176 3002 1322 3036 consola·

243 3049 317 3080 tum
337 3046 481 3080 uilisarii
500 3048 555 3080 uir
571 3058 614 3080 os.
632 3046 714 3081 lul!
737 3045 921 3091 βασιλείας
935 3043 1191 3082 Ἰουστινιανοῦ
1211 3047 1255 3082 τὸ
1273 3046 1320 3085 ις’

245 3092 331 3129 (ἔτει
355 3089 403 3128 ις’
421 3090 606 3135 βασιλείας
631 3093 766 3135 Theod.)
794 3091 883 3135 μετὰ
914 3091 985 3135 τὴν
1010 3088 1190 3126 ὑπατείαν
1212 3096 1321 3126 Βασι-

243 3134 339 3170 λείου
362 3133 432 3170 ivd.
455 3133 488 3173 ς’
505 3138 581 3173 Ath.
599 3137 721 3172 Theod.

1442 2508 1456 2540 1
1479 2506 1669 2540 studuerint
1690 2507 1723 2539 R
1738 2508 1823 2551 only.
1842 2507 1854 2550 11
1873 2508 1931 2550 leq.
1945 2507 2197 2550 permittemus?
2215 2507 2228 2551 11
2245 2509 2265 2542 2
2287 2509 2338 2550 ex]
2365 2519 2401 2542 eo
2421 2509 2470 2543 V¹

1392 2551 1434 2584 ab
1463 2552 1499 2591 T,
1524 2564 1582 2585 om.
1597 2551 1645 2584 Β*
1664 2550 1676 2596 11
1693 2553 1872 2585 terminum
1895 2552 1945 2585 R¹
1963 2551 1976 2596 11
2000 2555 2020 2587 3
2044 2553 2104 2586 hos
2122 2553 2290 2587 iudicibus
2313 2566 2371 2587 om.
2388 2554 2436 2587 R¹
2458 2553 2470 2598 11

1392 2598 1414 2631 4
1430 2598 1507 2638 qua]
1533 2607 1631 2639 quam
1652 2597 1684 2630 V
1704 2597 1783 2638 quia
1798 2597 1902 2630 R¹T¹
1921 2596 2007 2674 11)ᾳυί
2028 2598 2105 2639 VT]
2131 2598 2206 2640 quis
2225 2598 2276 2631 R²
2287 2599 2389 2642 vulq„
2411 2612 2468 2632 om.

1393 2642 1442 2675 ΕΙ
1459 2642 1472 2686 11
1489 2643 1508 2675 5
1533 2642 1620 2674 enim
1644 2653 1700 2675 om.
1717 2642 1750 2674 T
1756 2642 1767 2662 ²
1786 2641 1798 2685 11
1817 2641 1879 2683 ibi]
1904 2652 1927 2675 u
1950 2641 1964 2674 i
1982 2643 2014 2675 T
2032 2642 2096 2675 sibi
2113 2643 2165 2676 Ra
2180 2643 2192 2687 11
2218 2643 2397 2685 deliquerit
2418 2654 2469 2677 sa-

1392 2686 1496 2720 lutem
1519 2686 1568 2720 ibi
1594 2687 1626 2720 T
1633 2687 1645 2707 ¹
1681 2686 1824 2728 deliquit
1847 2686 1907 2719 ubi
1929 2686 2069 2720 salutem
2094 2687 2157 2730 2⁷²,

1391 2744 1470 2765 sura
1494 2732 1587 2775 dell}
1614 2733 1634 2766 6
1658 2733 1749 2775 petet
1770 2732 1814 2773 V]
1838 2733 1931 2774 petat
1953 2731 2117 2776 RTvulq.
2143 2732 2156 2775 11

1392 2779 1412 2811 9
1436 2777 1624 2820 suspicatur
1646 2777 1697 2809 V¹
1722 2777 1735 2819 11
1757 2777 1877 2820 turpis]
1901 2776 2084 2819 temporis?
2108 2777 2158 2810 Β*
2180 2778 2194 2819 11
2221 2778 2331 2819 gratia
2354 2788 2468 2811 causae

1390 2823 1492 2865 vulo-J
1516 2821 1642 2864 gratiae
1667 2831 1764 2854 causa
1789 2823 1865 2854 libri
1882 2820 1894 2866 11
1913 2823 1954 2855 10
1973 2831 2028 2854 eos
2051 2835 2108 2855 om.
2125 2823 2158 2855 Τ
2163 2821 2174 2843 ¹
2189 2822 2202 2866 11
2220 2823 2291 2855 eius
2314 2835 2372 2857 om.
2388 2823 2438 2856 T¹

1394 2868 1432 2900 13
1457 2877 1570 2900 causas
1592 2867 1626 2900 R
1642 2866 1654 2910 11
1671 2866 1825 2899 decernat
1848 2866 1963 2910 only-ss
1985 2867 2024 2901 16
2047 2866 2120 2909 lege
2142 2867 2196 2910 Vn
2224 2869 2371 2900 nostram
2386 2868 2436 2901 13¹

1395 2913 1433 2946 18
1453 2914 1497 2945 tffi
1520 2912 1591 2946 ΒΤ
1600 2911 1613 2956 11
1637 2911 1785 2944 nondum
1808 2924 1868 2945 om.
1885 2912 1946 2952 Τί,
1966 2913 2028 2945 del.
2044 2912 2121 2955 R³n
2145 2911 2245 2944 amali
2268 2912 2317 2945 R·
2348 2912 2467 2946 amica-

1390 2956 1452 2989 bili
1476 2956 1555 3001 1221!
1573 2958 1614 2991 21
1638 2956 1834 3000 praepositis
1858 2957 1922 2990 VT
1933 2956 1946 3000 11
1964 2957 2007 2990 22
2030 2957 2217 2998 prouintias
2243 2957 2319 3000 T⁰1
2342 2959 2384 2992 23
2408 2968 2468 3001 per

1390 3004 1576 3045 praecepta]
1600 3004 1755 3045 percepta
1776 3002 1810 3035 V
1830 3001 1843 3045 11
1873 3003 1913 3035 24
1936 3001 2111 3034 manifesta
2133 3002 2241 3035 facere
2263 3002 2297 3035 R
2324 3001 2330 3047 1
2357 3004 2400 3038 26
2424 3004 2470 3036 tm

1391 3047 1424 3079 R
1439 3046 1451 3090 11
1478 3048 1519 3080 27
1541 3046 1709 3091 propriam
1729 3049 1904 3090 praecepta
1924 3047 1958 3079 R
1987 3049 2160 3090 praecepta
2183 3047 2319 3090 propria
2344 3047 2378 3081 T
2390 3047 2404 3091 fl
2424 3049 2467 3082 28

1391 3091 1473 3133 sine]
1498 3092 1560 3125 sub
1584 3091 1634 3125 Τι
1652 3090 1666 3136 11
1687 3092 1729 3125 29
1754 3091 1949 3132 insinuatio]
1976 3093 2009 3125 in
2027 3092 2060 3125 T
2079 3092 2166 3125 nullo
2183 3093 2289 3135 spatio
2305 3093 2467 3126 interiecto

1392 3138 1533 3170 adicitur
1543 3137 1712 3180 particula
1728 3148 1798 3169 nov.
1816 3137 1908 3170 VIII
1917 3149 1943 3170 c.
1959 3138 1992 3171 9.
2007 3138 2048 3171 10
2071 3135 2291 3180 prouintiales
2314 3136 2344 3170 si
2362 3136 2468 3171 serint

1391 3182 1461 3223 (sic)
1475 3181 1792 3215 amministratorum
1806 3200 1846 3205 ——
1861 3191 1880 3214 a
1897 3181 1956 3215 deo
1972 3181 2143 3225 percipere
2154 3183 2269 3225 (supra
2276 3183 2466 3226 ρ.’12,84-

1391 3228 1445 3267 Ί4,
1459 3227 1521 3268 28).
1562 3227 1697 3260 Videtur
1716 3227 1749 3260 in
1771 3227 1944 3270 archetypo
1969 3227 2088 3261 codicis
2112 3228 2142 3260 Ιι.
2157 3227 2177 3260 l.
2192 3228 2314 3270 folium
2335 3227 2465 3261 alterius

1391 3272 1527 3315 exempli
1549 3272 1703 3305 intrusum
1718 3272 1828 3315 fuisse
1843 3271 1856 3314 11
1873 3273 2108 3315 subscriptione
2131 3278 2244 3305 carent
2267 3272 2344 3306 libri

2191 2695 2308 2732 postea
2332 2687 2393 2722 ubi
2414 2702 2468 2722 ra-

2185 2735 2204 2767 7
2229 2735 2382 2775 nepotem
2408 2734 2442 2767 T
2459 2734 2470 2775 11
