2586 3990
292 99 401 144 Nov.
427 99 606 143 CXXIII
634 102 673 144 3.
703 102 731 142 4

291 211 409 256 συμβῇ
459 208 602 245 διδόναι
639 207 731 256 ὑπὲρ
765 209 1081 256 ἐνθρονιαστικῶν
1114 212 1182 257 μὲν
1214 223 1293 256 vop.
1325 211 1371 258 ν’,

291 256 382 290 πᾶσι
428 256 445 288 ἑ
466 257 540 289 τοῖς
562 252 681 288 ἄλλοις
702 257 775 289 τοῖς
798 254 838 296 ἐξ
851 255 961 291 ἔθους
983 255 1210 301 λαμβάνουσι
1232 269 1312 302 νομ.
1329 255 1370 291 o‘.

290 300 321 334 εἰ
352 297 392 333 δὲ
422 298 577 334 ἔλαττον
605 300 673 344 μὲν
701 300 780 334 τῶν
809 303 918 336 πέντε
953 298 1017 335 οὐκ
1048 300 1204 337 ἔλαττον
1234 299 1274 337 δὲ
1296 303 1374 338 τῶν

289 344 403 388 τριῶν
433 345 501 399 τοῦ(
521 347 664 390 χρυσίου
688 342 824 391 λιτρῶν
851 343 1029 391 πρόςοδον
1052 344 1075 390 ἡ
1099 346 1267 403 ἐκκλησία
1291 349 1373 392 ἔχει,

1357 97 1442 147 598

2130 117 2190 151 DE
2219 116 2519 152 smonssnns

1439 213 1582 260 quidem
1606 213 1685 249 dari
1707 214 1841 251 solidos
1863 214 1915 261 L,
1943 217 2107 255 omnibus
2131 220 2251 255 autem
2270 218 2349 254 aliis
2373 227 2418 254 ex
2435 228 2518 255 con-

1440 258 1629 296 suetudine
1650 259 1929 305 percipientibus
1951 262 2083 300 solidos
2100 263 2169 300 CC.
2214 264 2252 299 Si
2268 265 2388 299 autem
2402 263 2519 300 minus

1442 305 1584 350 quidem
1607 303 1640 339 V
1670 314 1743 340 non
1765 304 1882 341 minus
1913 310 2033 343 autem
2055 308 2109 344 111
2131 309 2210 345 auri
2232 309 2341 345 libras
2365 309 2520 345 ecclesia

1440 350 1576 385 reditus
1607 348 1736 392 habet,
1770 349 1943 395 praebere
1974 363 2038 397 pro
2063 353 2297 391 intronisticis
2329 354 2462 390 solidos
2484 353 2520 389 X

288 391 456 434 παρέχειν
481 391 572 435 υπὲρ
593 390 662 434 μὲν
689 390 1005 436 ἐνθρονιαστικοῦν
1028 403 1108 437 νομ.
1128 404 1164 435 ιη
1178 419 1186 433 .
1217 393 1310 427 πᾶσι
1334 390 1374 427 δὲ
1408 398 1427 430 5
1441 397 1477 430 et
1493 394 1597 437 VIII,
1621 394 1784 430 omnibus
1805 397 1925 431 autem
1943 406 1989 432 ex
2009 400 2265 436 consuetudine
2289 399 2517 446 percipienti-

287 437 360 468 τοῖς
390 434 430 474 ἐξ
460 434 569 469 ἔθους
602 433 829 490 λαμξβάνουσι
864 449 942 515 mgni.
968 433 1036 471 κδ’.
1082 438 1115 472 εἰ
1146 435 1186 472 δὲ
1216 436 1373 472 ἔλαττον

285 481 353 523 μὲν
382 480 459 514 τῶν
482 480 597 525 τριῶν
627 492 691 514 ουκ
715 478 870 515 ἔλαττον
917 482 934 514 ἐ
954 482 1033 516 τῶν
1051 479 1116 517 δύο
1139 482 1204 517 τοῦ
1228 486 1372 529 χρυσίου

285 522 466 613 λθιᾶρίὦιὲῶἰ
491 524 647 568 ποσότης
669 526 747 560 τῶν
771 524 960 571 προςόὸων
983 527 1045 570 τῆς
1065 526 1250 571 ἐκκλησίας
1273 524 1371 584 εὗρε-

373 596 383 612 ἳ

1440 439 1508 475 bus
1525 438 1658 476 solidos
1672 439 1827 476 XXIIII.
1876 440 1914 476 Si
1929 445 2048 478 autem
2070 444 2185 481 minus
2207 447 2280 482 tres
2304 456 2377 482 non
2400 448 2519 481 autem

1439 484 1557 520 minus
1581 484 1671 539 duas
1695 485 1776 521 auri
1797 485 1909 522 libras
1935 489 2115 540 quantitas
2145 490 2322 527 redituum
2344 490 2518 527 ecclesiae

1443 532 1691 575 comperiatur,
1727 531 1813 567 dare
1847 542 1913 576 pro
1947 533 2180 571 mtronisticis
2216 536 2355 581 quidem
2385 536 2518 572 solidos

467 569 552 605 όναι
570 568 661 615 ὑπὲρ
678 570 992 616 ἐνθρονιαστικῶν
1004 574 1078 628 μὲν
1098 586 1177 617 νομ.
1195 570 1257 617 ιβ’,
1281 571 1372 619 ὑπερ
1438 575 1527 620 XII,
1563 586 1629 620 pro
1660 576 1755 612 omni
1789 586 1872 613 vero
1908 577 1979 613 alia
2012 580 2267 617 consuetudine
2298 581 2429 618 solidos
2454 581 2516 617 VI.

286 612 327 648 δὲ
356 613 474 659 πάσης
504 614 611 659 ἄλλης
642 616 836 660 συνηθείας
865 630 943 662 νομ.
970 631 1025 656 ις.
1074 619 1272 654 ἐπίσκοπον
1300 618 1370 666 γὰρ
1387 623 1426 656 10
1438 620 1663 666 Episcopum
1693 622 1787 657 enim
1819 622 1991 658 ecclesiae
2027 624 2143 661 minus
2177 625 2266 662 duas
2296 627 2377 663 auri
2406 627 2516 663 libras

285 659 471 704 ἐκκλησίας
494 660 649 696 ἔλαττον
674 659 738 696 δύο
758 665 902 707 χρυσίου
921 661 1057 709 λιτρῶν
1076 661 1253 708 πρόςοὸον
1273 662 1370 707 ἐχού-

285 716 347 748 σης
369 703 454 741 οὔτε
480 704 571 752 ὑπὲρ
594 706 911 752 ἐνθρονιαστικῶν
934 706 1019 743 οὔτε
1039 705 1128 755 ὑπὲρ
1153 707 1260 751 ἄλλης
1279 708 1370 744 οἵας·

285 749 421 794 δήποτε
441 752 636 796 συνηθείας
655 750 784 788 δοῦναί
802 765 838 787 τι
858 755 1120 801 συγχωροῦμεν.
1175 756 1296 789 Ταῦτα
1319 752 1370 798 δέ,

285 793 378 842 ἅπερ
409 798 637 844 παρέχεσθαι
666 795 951 843 ὃιετυπώσαμεν,
987 798 1008 833 ό
1041 801 1184 854 πρῶτος
1214 799 1369 855 πρεσβύ-

283 854 382 888 τερος
407 844 471 877 τοῦ
493 844 783 889 χειροτονοῦντος
806 845 1005 880 ἐπισκόπου
1034 848 1095 880 καὶ
1118 858 1138 879 ο
1163 842 1368 890 ἀρχιὸιακο-
1384 850 1424 882 15
1438 850 1491 884 tes
1525 858 1570 884 ex
1602 848 1860 884 consuetudine
1890 849 2168 895 percipientibus
2199 850 2369 888 dividant.

283 898 344 922 νος
367 886 627 934 ὑποδεχόμενοι
657 891 732 924 τοῖς
754 889 794 930 ἐξ
816 890 924 924 ἔθους
947 888 1197 936 λαμβάνουσιν
1222 888 1367 937 διαιρεί-

1438 666 1574 702 reditus
1598 666 1787 703 habentem
1818 677 1933 712 neque
1961 678 2028 713 pro
2051 669 2284 708 intronisticis
2313 681 2428 717 neque
2450 682 2515 717 pro

1438 711 1510 747 alia
1533 712 1691 757 qualibet
1715 713 1971 749 consuetudine
2002 713 2087 750 dare
2110 714 2242 760 aliquid
2266 717 2515 762 permittimus.

1437 756 1538 793 Haec
1552 759 1672 810 autem
1697 768 1788 810 quae
1811 758 1983 812 praebere
2007 759 2255 813 disposuimus,
2279 762 2415 815 primus
2437 772 2516 816 pre-

1438 803 1559 848 sbyter
1577 803 1775 839 ordinantis
1792 813 1952 849 episcopi
1972 805 2009 840 et
2026 804 2299 842 archidiaconus
2319 815 2416 844 susc1
2441 818 2515 843 ien-

1436 893 1545 938 igitur
1566 894 1730 929 iubemus
1755 894 1918 930 omnibus
1941 894 2057 931 modis
2087 896 2283 939 observari,
2314 899 2355 933 ut
2375 862 2518 934 nonae}²

283 945 419 968 τωσαν.
468 934 589 969 Ταῦτα
611 938 736 969 τοίνυν
759 933 949 980 κελεύομεν
973 937 1066 971 πᾶσι
1081 935 1230 983 τρόποις
1253 949 1368 982 παρα·
1436 939 1568 975 talibus
1599 939 1851 975 occasionibus
1882 940 2056 977 ecclesiae
2087 941 2216 977 debitis
2239 944 2517 988 praegraventur

282 977 553 1026 φυλάττεσθαι,
588 980 650 1014 ἵνα
677 979 727 1025 μὴ
758 981 798 1014 ἐκ
827 982 906 1015 τῶν
936 980 1117 1017 τοιούτων
1147 981 1368 1038 προφάσεων
1436 987 1472 1020 et
1506 984 1709 1021 sacerdotia
1742 985 1882 1020 venalia
1915 985 2018 1022 fiant.
2074 986 2111 1023 Si
2146 987 2226 1032 quis
2261 991 2379 1024 autem
2421 989 2517 1025 ultra

281 1027 342 1058 καὶ
366 1024 407 1059 αἱ
428 1024 609 1069 ἐκκλησίαι
630 1028 746 1071 χρέεσι
769 1025 1005 1072 βαρύνωνται
1028 1030 1089 1062 καὶ
1111 1026 1152 1061 αἱ
1173 1026 1367 1074 ιερωσύναι
1436 1030 1671 1075 quantitatem
1702 1040 1724 1065 a
1753 1030 1859 1067 nobis
1891 1030 2072 1067 definItam
2102 1042 2167 1078 pro
2190 1032 2422 1069 intronisticis
2453 1037 2517 1069 aut

281 1070 454 1115 πράσιμοι
481 1074 669 1118 γίνωνται.
716 1071 748 1104 εἰ
779 1069 821 1106 δέ
846 1083 900 1107 τις
927 1070 1019 1118 ὑπὲρ
1047 1072 1117 1117 τὴν
1146 1069 1236 1119 παρ’
1262 1070 1367 1118 ἡμῶν
1380 1076 1421 1110 20
1436 1075 1753 1112 consuetudinibus
1808 1076 1942 1112 uolibet
1970 1077 2076 1113 modo
2105 1082 2312 1123 praesumat
2342 1079 2515 1124 accipere,

281 1113 498 1160 ὁρισθεῖσαν
532 1117 722 1160 ποσότητα
757 1113 847 1163 ὑπὲρ
878 1118 1196 1164 ἑνθρονιαστικῶν
1230 1117 1252 1161 ἢ
1281 1130 1365 1154 συν·
1434 1121 1611 1164 iubemus,
1640 1121 1784 1167 quicqui
1840 1122 1920 1167 plus
1943 1123 2134 1168 acceperit,
2169 1123 2314 1169 triplum
2340 1134 2386 1161 ex
2408 1124 2516 1160 rebus

280 1161 423 1204 ηθειῶν
445 1158 541 1197 καθ’
558 1160 772 1205 οἱονὸήποτε
792 1161 933 1209 τρόπον
947 1162 1138 1208 τολμήσειε
1154 1162 1290 1209 λαβεῖν,
1310 1177 1365 1199 κε·
1435 1166 1512 1203 eius
1546 1166 1722 1202 vindicari
1755 1167 1928 1202 ecclesiae
1963 1167 2093 1204 dantis,
2146 1168 2217 1204 Sed
2251 1169 2341 1206 haec
2375 1169 2516 1215 quidem

280 1205 440 1252 λεύομεν,
463 1207 501 1242 εἴ
517 1221 554 1242 τι
578 1206 688 1243 πλέον
711 1206 835 1252 λάβοι,
859 1208 1077 1253 τριπλάσιον
1101 1210 1139 1244 ἐκ
1158 1211 1237 1244 τῶν
1253 1221 1365 1257 πραγ-
1435 1222 1501 1258 pro
1525 1212 1775 1259 episcoporum
1799 1212 2022 1250 ordinatione
2046 1213 2142 1251 dicta
2164 1217 2260 1252 sunt.

278 1250 410 1297 μάτων
433 1249 547 1288 αὐτοῦ
569 1251 794 1288 ἐκδικεῖσθαι
817 1254 862 1301 τῇ
877 1253 1047 1310 ἐκκλησία
1069 1255 1132 1289 τοῦ
1157 1252 1364 1290 δεδωκότος.

279 1300 354 1353 Καὶ
376 1299 496 1334 ταῦτα
522 1300 592 1344 μὲν
615 1295 708 1344 ὑπὲρ
731 1298 794 1343 τῆς
816 1299 894 1334 τῶν
913 1301 1127 1335 ἐπισκοπῶν
1149 1304 1367 1348 χειροτονίας
1380 1305 1423 1338 25

279 1355 428 1392 ειρηται.

1265 1415 1423 1452 CAPUT
1447 1415 1510 1453 IV.

345 1478 452 1516 Μετὰ
488 1477 529 1515 δὲ
561 1480 632 1526 τὴν
664 1484 890 1528 χειροτονίαν
924 1484 986 1517 καὶ
1021 1481 1184 1527 δουλικῆς
1217 1486 1279 1518 καί
1309 1485 1365 1519 ἐν·
1498 1483 1588 1520 Post
1612 1483 1872 1521 ordinationem
1894 1493 1977 1521 vero
2001 1484 2118 1522 servili
2141 1488 2176 1522 et
2197 1485 2418 1532 inscripticIa
2440 1486 2514 1523 for-

277 1523 490 1573 απογράφου
519 1527 625 1571 τύχης
659 1527 742 1562 τοὺς
774 1523 993 1563 ἐπισκόπους
1028 1527 1238 1575 ἐλευθέρους
1272 1528 1366 1565 εἶναι
1431 1532 1523 1566 tuna
1546 1529 1734 1575 episcopos
1758 1530 1891 1567 liberos
1914 1540 1993 1567 esse
2011 1531 2271 1577 praecipimus;
2306 1532 2374 1568 nisi
2398 1533 2514 1568 curia-

276 1571 480 1617 κελεύομεν·
516 1573 548 1606 εἰ
581 1572 632 1618 μὴ
666 1571 858 1618 βουλευτὴς
891 1570 916 1617 ἢ
949 1572 1129 1618 ταξεώτης
1163 1574 1264 1621 παρὰ
1297 1574 1365 1620 τὴν
1433 1575 1477 1611 lis
1500 1578 1564 1611 aut
1580 1574 1746 1612 officialis
1770 1576 1861 1613 citra
1880 1575 2099 1622 praedictam
2123 1577 2405 1614 observationem
2420 1578 2514 1614 ordi-

276 1619 540 1664 προειρημένην
571 1615 825 1665 παρατήρησιν
853 1620 1145 1665 χειροτονηθείη·
1180 1620 1264 1655 τοὺς
1290 1620 1364 1676 2'13‘9
1377 1623 1419 1657 30
1433 1623 1557 1657 netur:
1601 1621 1693 1657 tales
1727 1621 1820 1657 enim
1855 1622 2064 1668 episcopatu
2103 1625 2258 1659 remotos
2293 1623 2413 1659 curiae
2452 1626 2516 1660 aut

276 1662 459 1699 τοιούτους
473 1664 537 1707 τῆς
551 1665 749 1708 ἐπισκοπῆς
769 1659 1071 1721 οἷποκινουμένους
1091 1666 1139 1714 τῇ
1153 1665 1265 1713 βουλῇ
1282 1679 1364 1710 ητοι
1434 1666 1551 1703 officio
1575 1666 1716 1702 restitui
1738 1667 1913 1710 iubemus,
1938 1669 1979 1703 ut
1994 1678 2066 1703 non
2082 1677 2128 1703 ex
2143 1668 2208 1703 tali
2227 1668 2374 1705 fortuna
2394 1679 2513 1705 Sacer-

276 1709 321 1757 τῇ
352 1708 455 1750 τάξει
485 1707 820 1745 ἀποκαθίστασθαι
850 1709 1051 1756 κελευομεν,
1082 1711 1143 1746 ἴνα
1169 1711 1220 1757 μὴ
1244 1713 1284 1746 ἐκ
1300 1713 1364 1755 τῆς
1433 1712 1529 1749 dotio
1546 1711 1612 1748 fiat
1626 1711 1767 1748 iniuria.
1812 1713 1897 1749 Illos
1914 1715 2044 1758 autem,
2070 1714 2230 1758 quiante
2245 1714 2339 1750 hanc
2354 1719 2514 1750 nostram

276 1753 445 1799 τοιαύτης
467 1753 573 1799 τύχης
603 1756 648 1802 τῇ
674 1753 852 1803 ἱερωσύνῃ
881 1751 985 1802 ὕβρις
1005 1759 1163 1803 γένηται.
1211 1758 1365 1792 ἐκείνους

277 1798 334 1844 δέ,
357 1800 486 1835 οἵτινες
509 1800 581 1847 πρὸ
606 1798 713 1835 τοῦδε
736 1798 843 1846 ἡμῶν
865 1802 932 1835 τοῦ
955 1800 1069 1848 νόμου
1089 1798 1162 1838 ἀπὸ
1186 1802 1367 1847 βουλευτι-

345 1904 373 1927 c.
387 1892 453 1926 III
464 1899 543 1926 extr.
569 1891 709 1933 (Ταῦτα
730 1893 799 1937 μὲν
823 1889 915 1938 ὑπὲρ
934 1918 942 1926 .
957 1918 966 1926 .
980 1893 1003 1936 .)
1026 1900 1055 1927 et
1077 1893 1143 1927 IV
1161 1907 1198 1927 ex
1222 1894 1260 1928 B
1283 1895 1380 1929 habet
1402 1892 1583 1928 Nomoc.d'¹⁸
1597 1894 1661 1928 XI
1666 1894 1753 1929 Vtit.
1769 1897 1799 1937 1,
1812 1902 1859 1929 36.

345 1951 372 1973 c.
387 1937 540 1972 IVez-tr.
565 1939 656 1981 (599,
669 1939 766 1981 7—10)
790 1939 910 1973 habent
931 1938 1112 1974 Nomoc.L
1137 1941 1183 1973 tie.
1208 1941 1250 1974 14
1265 1952 1302 1983 p.
1316 1941 1381 1974 619
1403 1940 1504 1973 Voell.
1529 1952 1568 1973 ea·
1592 1940 1629 1981 S,
1654 1940 1704 1973 B·
1737 1940 1769 1972 P
1788 1942 1819 1983 5,
1836 1948 1850 1975 1
1868 1953 1904 1984 p.
1927 1942 1991 1975 648
2016 1941 2120 1975 ΖαοῙι.
2146 1953 2185 1975 ex
2207 1941 2254 1975 B.
2278 1961 2322 1967 —
2346 1942 2509 1978 Summam

275 1984 352 2019 Ath.
375 1997 404 2018 υ.
425 1990 544 2018 27-30.
569 1984 646 2026 599,
659 1990 746 2019 7-10
767 1990 915 2027 repetunt
933 1984 1099 2028 paratitla
1120 1984 1198 2019 Ath.
1218 1985 1258 2019 18
1278 1990 1323 2025 §1
1349 1992 1379 2019 et
1401 1985 1536 2019 Nomoc.
1560 1986 1622 2018 XI
1628 1985 1716 2019 Vtit.
1733 1987 1762 2028 1,
1779 1992 1827 2027 36,
1859 1987 2074 2029 usa—599,
2087 1994 2103 2020 ’1
2124 1987 2291 2030 paratitlo:
2314 1988 2391 2022 Am.
2417 1989 2438 2023 8
2464 1994 2512 2029 §2

277 2037 308 2064 et
329 2029 463 2064 Nomoe.
487 2029 520 2062 L
545 2029 591 2062 tit.
607 2029 628 2063 3
647 2042 685 2073 p.
698 2030 763 2064 607
785 2029 887 2064 Voell.

275 2120 366 2157 dare
380 2130 457 2167 pro
480 2117 727 2156 cathedratico
750 2117 888 2154 solidos
910 2119 1195 2166 quinquaqinta,
1226 2119 1356 2155 ceteris
1379 2122 1499 2154 autem
1523 2117 1688 2154 omnibus
1720 2118 1784 2164 qui
1806 2129 1857 2154 ex
1879 2130 1979 2155 more
2001 2119 2185 2167 accipiunt
2205 2120 2346 2157 solidos
2366 2124 2510 2168 septua-

275 2167 388 2213 qinta.
436 2163 503 2200 Sin
525 2164 699 2199 minorem
722 2162 867 2210 quidem
890 2164 1050 2210 quinque
1079 2175 1155 2200 non
1178 2164 1352 2200 minorem
1375 2167 1495 2200 autem
1525 2163 1641 2199 tribus
1664 2165 1750 2199 auri
1772 2163 1875 2200 libris
1897 2164 2053 2201 reditum
2075 2165 2226 2202 ecclesia
2248 2165 2370 2210 habet,
2394 2178 2509 2214 prae-

274 2218 374 2248 stare
401 2220 473 2258 pro
506 2208 754 2246 cathedratico
783 2209 923 2245 solidos
955 2209 1171 2253 octodecim,
1208 2209 1374 2246 omnibus
1402 2212 1521 2245 autem
1557 2208 1620 2255 qui
1651 2219 1700 2245 ecc
1728 2219 1828 2245 more
1860 2210 2044 2257 accipiunt
2075 2210 2214 2247 solidos
2242 2211 2373 2258 viqinti
2404 2216 2509 2258 quat-

277 2261 372 2294 tuor.
420 2254 488 2291 Sin
518 2255 638 2290 minor
672 2253 815 2301 quidem
852 2254 967 2291 tribus
999 2266 1075 2291 non
1104 2255 1224 2291 minor
1259 2258 1380 2291 autem
1410 2253 1551 2291 duabus
1580 2254 1665 2290 auri
1695 2253 1798 2290 libris
1828 2255 2015 2301 quantitas
2047 2255 2227 2292 redituum
2255 2256 2426 2294 ecclesiae
2453 2269 2509 2294 re-

271 2302 451 2350 periatur,
483 2300 572 2337 dare
589 2311 665 2347 pro
689 2299 935 2336 cathedratico
958 2300 1098 2337 solidos
1120 2300 1328 2343 duodecim,
1358 2310 1430 2347 pro
1456 2300 1554 2335 omni
1575 2303 1694 2336 autem
1724 2299 1867 2346 reliqua
1900 2301 2158 2338 consuetudine
2182 2301 2321 2338 solidos
2343 2302 2507 2339 sedecim.

275 2348 410 2396 Episco
439 2357 499 2382 um
529 2346 623 2382 enim
658 2345 828 2382 ecclesiae
863 2357 957 2392 quae
986 2346 1160 2382 minorem
1194 2345 1336 2382 duabus
1370 2345 1473 2381 libris
1504 2345 1589 2380 auri
1619 2344 1774 2381 reditum
1807 2345 1940 2382 habeat
1973 2356 2040 2383 nec
2062 2358 2137 2394 pro
2166 2346 2412 2384 cathedratico
2443 2359 2509 2384 nec

272 2404 344 2441 pro
376 2404 400 2428 a
414 2392 452 2428 ia
482 2391 559 2427 ulla
583 2390 841 2427 consuetudine
872 2392 1066 2438 quicquam
1097 2392 1187 2428 dare
1211 2391 1468 2438 permittimus.
1516 2390 1575 2426 Ea
1599 2394 1717 2426 autem
1749 2401 1842 2437 quae
1898 2392 2055 2428 raestari
2077 2393 2338 2436 constituimus,
2363 2393 2509 2441 primus

267 2438 464 2487 presbyter
493 2437 657 2490 episcopi
688 2437 846 2473 creantis
876 2440 914 2473 et
942 2436 1223 2473 archidiaconus
1252 2441 1403 2483 accepta
1436 2436 1483 2472 iis
1504 2436 1577 2483 >qui
1603 2446 1653 2472 ex
1676 2440 1846 2488 consuetu
1873 2437 1930 2473 ine
1946 2438 2110 2489 ‘capiunt
2131 2437 2359 2475 distribuant.
2407 2438 2509 2475 Haec

273 2486 287 2521 i
314 2486 387 2520 itur
411 2486 575 2519 omnibus
596 2481 712 2518 modis
735 2482 920 2519 observari
942 2482 1114 2526 iubemus,
1138 2494 1183 2518 ne
1207 2493 1257 2518 ex
1280 2481 1455 2518 eiusmodi
1477 2481 1598 2518 causis
1621 2484 1656 2517 et
1679 2481 1849 2518 ecclesiae
1872 2482 1999 2518 debitis
2047 2488 2308 2531 raeqraventur
2330 2487 2368 2520 et
2388 2495 2508 2520 sacer-

300 2530 376 2566 otia
399 2528 543 2566 venalia
563 2528 669 2573 siant.
715 2526 759 2563 Si
780 2529 862 2574 quis
890 2538 976 2565 vero
1007 2528 1106 2565 ultra
1137 2528 1322 2572 definitam
1346 2539 1370 2562 a
1393 2527 1497 2563 nobis
1520 2527 1757 2573 quantitatem
1775 2537 1855 2579 ‚pro
1871 2494 2135 2579 ‘cathedffatico
2167 2528 2224 2565 vel
2251 2529 2508 2566 consuetudine

273 2575 350 2612 ullo
374 2573 480 2610 modo
505 2573 671 2620 accipere
693 2573 888 2619 quicquam
911 2584 1024 2609 ausus
1040 2574 1100 2617 sit,
1125 2572 1297 2616 iubemus,
1322 2572 1502 2619 quidquid
1511 2571 1601 2619 plus
1617 2576 1808 2619 acceperit,
1822 2573 1978 2624 ,triplum
2000 2584 2050 2610 ex
2072 2574 2179 2611 rebus
2200 2574 2317 2621 ipsim
2337 2575 2507 2612 ecclesiae

273 2621 352 2658 eius
375 2621 441 2667 qui
462 2618 561 2656 dedit
584 2618 772 2655 vindicari.
820 2620 939 2665 Atque
963 2618 1052 2655 haec
1075 2618 1218 2666 quidem
1241 2619 1286 2655 de
1309 2618 1562 2672 episcoporum
1585 2618 1769 2669 creatione
1790 2616 1888 2654 dicta
1910 2622 2003 2655 sunt.
2073 2664 2079 2672 ⁸
2331 2665 2339 2672 ·

407 2664 471 2702 IV.
518 2663 609 2700 Post
640 2664 857 2700 creationem
886 2668 1005 2700 autem
1037 2668 1073 2701 et
1101 2664 1226 2701 servili
1253 2667 1291 2701 et
1319 2663 1556 2710 adscripttcta
1586 2661 1797 2699 condicione
1826 2664 2019 2711 episcopos
2053 2664 2185 2701 liberos
2219 2675 2296 2701 esse
2324 2664 2507 2708 iubemus;

272 2712 347 2748 nisi
367 2710 517 2748 curialis
539 2709 597 2747 vel
618 2709 794 2756 officialis
822 2713 952 2745 contra
976 2709 1207 2757 praedictam
1230 2709 1515 2746 observationem
1546 2712 1690 2745 creatus
1712 2708 1776 2744 sit:
1812 2708 1903 2744 tales
1925 2710 2019 2745 enim
2043 2709 2204 2746 homines
2227 2709 2271 2745 ab
2294 2710 2507 2758 episcopatu

272 2760 432 2794 remotos
455 2756 578 2792 curiae
600 2755 655 2792 vet
679 2755 807 2802 officio
831 2755 973 2791 restitui
996 2755 1168 2798 iubemus,
1197 2766 1242 2792 ne
1265 2765 1315 2791 ex
1339 2754 1404 2790 tali
1427 2753 1639 2791 condicione
1659 2752 1865 2789 sacerdotio
1889 2754 2026 2790 iniuria
2045 2755 2126 2800 fiat.
2174 2753 2267 2790 Illos
2289 2759 2419 2798 autem,
2444 2757 2507 2802 qui

1427 2857 1484 2879 om.
1497 2845 1667 2889 RVvulq.
1685 2843 1698 2888 ΙΙ
1713 2843 1943 2877 intronosticis
1964 2844 1997 2878 T
2007 2842 2020 2889 ΙΙ
2038 2843 2171 2886 solidos]
2196 2844 2329 2886 quidem
2349 2844 2423 2877 dari
2444 2845 2503 2878 sol.

1435 2891 1503 2933 V(²)
1514 2889 1526 2935 Η
1538 2890 1572 2922 Χ
1584 2892 1617 2923 et
1629 2889 1727 2931 VIII]
1745 2889 1799 2922 uel
1816 2889 1885 2933 V(2)
1902 2889 2024 2923 XVIII
2042 2888 2091 2923 V³
2107 2889 2119 2933 ΙΙ
2137 2891 2156 2923 5
2170 2892 2293 2931 autem]
2306 2892 2416 2922 autem
2429 2890 2505 2923 aliis

1434 2936 1501 2978 W)
1513 2936 1601 2980 vulq.
1621 2934 1634 2980 ΙΙ
1649 2937 1700 2976 ex]
1723 2945 1785 2978 pro
1807 2935 1839 2968 T
1851 2935 1864 2980 ΙΙ
1882 2935 2164 2979 praecipientibus
2181 2934 2277 2978 RVn
2303 2937 2323 2969 6
2347 2934 2503 2977 XXIIII]

1426 2980 1569 3014 XVIIII
1596 2982 1629 3014 T
1647 2979 1659 3026 ΙΙ
1677 2990 1745 3014 non
1763 2983 1822 3013 aut
1838 2980 1888 3014 R¹
1902 2980 1915 3025 ΙΙ
1934 2983 1953 3015 7
1969 2980 2177 3014 redditurum
2198 2979 2254 3025 Vfl
2271 2979 2426 3014 ecclesiae
2444 2994 2503 3015 om.

1427 3027 1477 3059 T¹
1496 3027 1509 3070 ΙΙ
1525 3027 1545 3060 8
1557 3028 1765 3069 comperatur
1779 3026 1845 3059 ΒΤ
1859 3028 1871 3069 ΙΙ
1887 3025 2121 3059 intremesticis
2137 3026 2231 3067 V(id.
2244 3027 2298 3067 11)
2316 3025 2329 3070 ΙΙ
2348 3028 2389 3060 10
2403 3026 2503 3060 eoele-

1425 3072 1505 3112 siae]
1529 3071 1644 3104 cedere
1663 3071 1715 3105 V¹
1733 3071 1745 3114 ΙΙ
1767 3070 1888 3104 liberas
1908 3072 1943 3105 V
1958 3070 1970 3116 ΙΙ
1999 3073 2038 3106 11
2052 3084 2100 3115 sq.
2125 3071 2300 3104 habentem
2316 3090 2358 3095 —
2376 3071 2454 3105 dare
2469 3073 2502 3106 in

1425 3129 1491 3151 ras.
1513 3117 1570 3161 Vn
1590 3118 1630 3151 12
1654 3116 1837 3158 quamlibet
1859 3116 1916 3160 Vn
1934 3117 2022 3158 dare]
2047 3127 2085 3150 ea
2106 3116 2167 3150 re?
2190 3116 2268 3160 12¹1}
2288 3118 2328 3151 13
2353 3116 2502 3160 praeberi

1424 3163 1512 3206 vulq.
1531 3162 1543 3206 ΙΙ
1559 3162 1687 3205 primus
1712 3173 1767 3195 om.
1787 3162 1816 3195 V
1828 3161 1840 3205 ΙΙ
1861 3163 1903 3196 14
1923 3162 2081 3205 episcopis
2099 3161 2149 3195 13¹
2173 3161 2343 3204 episcopus
2365 3161 2413 3196 V²
2421 3161 2471 3196 R*
2490 3161 2502 3204 ΙΙ

1810 3209 1849 3241 15
1874 3206 2155 3251 praecipientibus
2178 3207 2227 3240 R¹
2244 3207 2256 3251 ΙΙ
2273 3207 2432 3240 ᾱίαίὼιιιο
2454 3206 2502 3240 V¹

2027 3253 2131 3294 Haec]
2157 3263 2212 3285 om.
2236 3253 2270 3286 V
2295 3254 2386 3286 haec.
2408 3251 2501 3285 Haeo

332 2851 349 2884 1
364 2849 432 2893 μὲν
450 2861 509 2881 om.
523 2848 552 2881 S
569 2845 582 2891 ΙΙ
594 2846 711 2890 νομκῖν
737 2844 899 2887 SBAeh.]
923 2848 947 2880 Ξῖ
962 2857 1042 2890 vou-
1064 2846 1166 2892 MLu
1194 2848 1214 2880 2
1239 2844 1358 2879 ἄλλοις

271 2896 347 2929 τοῖς
369 2901 399 2928 et
422 2890 648 2938 λαμβάνουσι
671 2904 730 2925 om.
751 2893 781 2925 S
802 2890 814 2933 ΙΙ
841 2887 884 2932 ο’]
909 2887 963 2935 οβ’
983 2892 1015 2925 L
1050 2892 1105 2925 CO
1131 2893 1165 2935 (i.
1183 2905 1209 2926 e.
1234 2890 1280 2934 o')
1304 2903 1325 2928 ς
1347 2889 1360 2936 ΙΙ

273 2943 292 2975 3
315 2940 384 2985 μὲν
407 2951 466 2973 om.
484 2940 512 2972 S
528 2937 541 2981 11
563 2939 585 2972 4
609 2934 744 2984 λιτρῶν
766 2937 832 2971 τοῦ
858 2939 1001 2981 χρυσίου
1027 2938 1096 2970 LB
1113 2937 1125 2981 ΙΙ
1142 2934 1165 2980 ἦ
1190 2935 1358 2980 ἐκκλησία

273 2999 331 3019 om.
357 2983 417 3028 Lss
444 2985 464 3018 5
487 2984 556 3027 μὲν
579 2979 670 3027 ὑπὲρ
693 2983 762 3016 LB
786 2982 799 3026 ΙΙ
824 2982 1127 3026 ἐνθ’ρονιαστικοῦ
1151 2983 1183 3016 L
1207 2985 1265 3025 (id.
1290 2984 1324 3022 9)
1347 2981 1358 3025 ΙΙ

272 3030 364 3065 πᾶσι
388 3027 428 3063 δὲ
450 3030 525 3063 τοῖς
549 3028 744 3068 ΜΒςΙαΖ.]
780 3030 840 3060 καὶ
863 3029 937 3061 τοῖς
961 3029 990 3062 S
1019 3028 1112 3062 πᾶσι
1136 3025 1176 3062 δὲ
1199 3030 1272 3062 τοῖς
1295 3024 1357 3061 ἅλ-

271 3074 344 3110 λοις
368 3077 441 3109 τοῖς
462 3075 591 3118 Lvulq.
617 3073 630 3117 ΙΙ
659 3075 679 3108 9
705 3072 767 3116 ιβ’]
792 3072 831 3113 ἓξ
854 3074 929 3106 ΑίῙι.
957 3072 969 3117 ΙΙ
998 3075 1039 3108 10
1064 3072 1108 3110 ις’
1123 3074 1152 3107 S
1161 3075 1238 3114 lat]
1264 3071 1359 3110 ςὐεἰ

272 3121 311 3176 ἒξ
334 3121 473 3157 ΜΕΒς
497 3115 545 3164 ιβ’
560 3120 635 3153 ΑεῙι.
662 3117 675 3163 ss
701 3121 740 3153 11
765 3121 909 3163 χρυσίου
933 3131 991 3152 om.
1006 3119 1077 3152 LB
1100 3118 1113 3163 ΙΙ
1145 3121 1185 3153 12
1208 3114 1291 3152 οὐδὲ
1313 3137 1358 3143 -

271 3163 355 3200 ουδὲ
378 3168 406 3200 S
424 3165 436 3209 ΙΙ
455 3167 495 3200 19
520 3165 581 3197 καὶ
604 3177 663 3198 om.
677 3164 807 3200 LeIul.
826 3163 839 3207 ΙΙ
854 3159 1079 3208 βαρύνονται
1103 3165 1135 3198 L
1152 3164 1164 3208 ΙΙ
1184 3166 1226 3198 22
1251 3161 1356 3197 *τολ-

270 3210 379 3255 μήσοι
404 3211 514 3244 MLB
539 3207 725 3254 (τολμήσει
746 3209 923 3253 Serimyer)
945 3209 957 3253 ss
984 3211 1028 3243 24
1050 3209 1128 3251 τοῦ]
1153 3205 1264 3243 αὐτοῦ
1291 3210 1323 3242 L

273 3260 312 3291 27
340 3255 446 3291 Μετὰ
462 3252 503 3289 δὲ
522 3274 565 3279 -
586 3256 663 3298 599,
677 3263 693 3290 Ί
719 3250 994 3298 διετυπώσαμεν
1015 3267 1073 3287 om.
1088 3255 1118 3289 S
1135 3256 1190 3299 (cf.
1207 3255 1323 3333 αάλ33)

1424 3207 1676 3241 archidiaconos
1701 3207 1734 3240 T
1741 3206 1753 3228 ¹
1770 3206 1782 3251 [Ι

1424 3253 1555 3286 diuidat
1579 3253 1631 3287 T*
1662 3252 1836 3286 diuidatur
1858 3251 1970 3287 R²T²
1990 3252 2003 3296 ss

271 3304 330 3335 καὶ
355 3299 527 3343 δουλικῆς]
551 3302 612 3334 καὶ
636 3313 694 3334 om.
708 3311 728 3336 ς
754 3299 767 3344 ΙΙ
796 3298 1062 3346 ἐναπογράφου]
1094 3301 1155 3333 καὶ
1177 3302 1244 3344 βου
1268 3311 1357 3333 ευτι-
1424 3297 1474 3331 R2
1491 3298 1502 3341 ΙΙ
1523 3300 1562 3333 17
1579 3297 1737 3332 ecclesiae
1753 3297 1879 3331 debetis
1899 3298 1934 3332 V
1950 3297 2070 3331 debitis
2085 3297 2240 3331 ecclesiae
2255 3298 2313 3341 ΤΙΙ
2339 3298 2379 3332 18
2395 3306 2499 3348 saeer-

1425 3343 1550 3376 dotalia
1572 3343 1606 3377 R
1629 3343 1641 3387 ΙΙ
1672 3345 1713 3378 19
1737 3343 1978 3377 introniastiois
2003 3344 2035 3377 T
2043 3342 2084 3388 ιΙΙ
2108 3345 2179 3385 aut]
2202 3354 2222 3376 a
2247 3342 2297 3377 T¹
2312 3342 2333 3408 Ιι
2351 3342 2393 3376 22
2416 3344 2498 3382 elus]

1423 3387 1493 3422 suis
1519 3389 1558 3430 T,
1583 3399 1638 3422 om.
1661 3388 1719 3433 Vss
1734 3388 1905 3422 nendicati
1928 3387 2061 3422 ecclesie
2085 3387 2174 3434 dant}
2199 3401 2261 3423 scr.
2282 3387 2318 3422 V
2351 3387 2384 3420 in
2397 3398 2463 3419 ras.
2487 3387 2499 3430 ss

1424 3433 1545 3475 dantis]
1570 3434 1656 3467 datis
1679 3433 1742 3476 T²‚
1767 3434 1877 3467 dantis
1899 3443 1967 3467 esse
1990 3433 2211 3478 praecipimus
2233 3431 2311 3475 12¹1!
2337 3432 2425 3482 rubr-3
2449 3431 2499 3464 De

1423 3478 1528 3512 seruis
1552 3482 1584 3511 et
1607 3478 1803 3522 ascriptitiis
1827 3481 1860 3513 et
1883 3479 2019 3513 taxiotis
2042 3481 2076 3513 et
2098 3477 2280 3515 curialibus
2309 3475 2351 3508 ad
2375 3487 2497 3518 episco-

1422 3526 1538 3567 patum
1554 3524 1827 3568 per-uenientibus
1842 3525 1875 3558 T
1883 3526 1915 3559 in
1928 3538 2029 3569 marq.
2043 3526 2096 3567 (esc
2106 3524 2183 3565 Iul.)
2199 3522 2212 3566 ΙΙ
2228 3520 2303 3561 sed]
2323 3521 2369 3553 Et
2382 3521 2475 3573 Beck
2485 3522 2497 3566 ΙΙ

1423 3570 1486 3602 hoc
1506 3570 1564 3613 Vll
1580 3570 1622 3604 23
1635 3570 1847 3604 ordinatione
1861 3589 1903 3595 —-
1918 3571 1959 3604 27
1973 3571 2055 3603 Post
2070 3579 2125 3603 om.
2141 3567 2189 3601 Β*
2207 3566 2219 3608 ΙΙ
2235 3567 2275 3599 27
2289 3565 2497 3601 ordinatione

1431 3614 1487 3658 Vss
1504 3614 1661 3659 inseripti
1683 3615 1763 3659 R¹u
1788 3616 1830 3650 29
1854 3615 1949 3656 eitra]
1976 3616 2048 3647 ntra
2071 3613 2119 3647 Β*
2137 3615 2150 3655 fl
2169 3609 2411 3662 ordinationem
2437 3613 2470 3645 Τ
2485 3612 2497 3657 ΙΙ

1424 3662 1465 3695 31
1482 3661 1532 3701 ut]
1555 3663 1614 3694 aut
1631 3659 1711 3703 T²ss
1737 3670 1776 3693 ex
1791 3659 1865 3701 tali]
1890 3658 1999 3693 euali
2012 3658 2062 3692 Β*
2086 3666 2126 3690 ex
2140 3655 2201 3689 tali
2217 3665 2277 3688 nec
2299 3657 2342 3690 V¹
2359 3657 2371 3701 ΙΙ
2389 3667 2495 3692 sacer-

1423 3705 1514 3739 dotia
1535 3706 1588 3739 V⁰
1605 3706 1617 3750 ΙΙ
1635 3707 1678 3740 32
1701 3704 1829 3738 iniusta
1851 3704 1906 3738 T*

271 3348 333 3389 κῆς
355 3349 438 3381 addi
460 3347 551 3380 malit
573 3346 762 3379 Zachariae
787 3345 798 3388 ΙΙ
825 3346 867 3379 29
890 3342 1081 3389 βουλευτὴς
1104 3342 1127 3388 ἢ
1150 3358 1209 3379 om.
1230 3345 1266 3378 B
1282 3344 1295 3400 ΙΙ
1314 3346 1353 3378 31

272 3392 315 3437 τῇ
332 3390 443 3438 βουλῇ
460 3388 484 3434 ἢ
506 3392 548 3434 L,
562 3403 619 3425 om.
632 3391 669 3424 B
688 3390 701 3435 ΙΙ
716 3391 759 3424 33
785 3392 937 3424 ἐκείνους
950 3410 993 3415 -
1006 3392 1083 3431 599,
1097 3399 1112 3425 7
1135 3387 1356 3425 διετυπωσα-

272 3450 338 3479 μεν
362 3449 417 3470 om.
433 3438 468 3470 B
485 3437 498 3480 ΙΙ
516 3438 560 3472 34
583 3434 674 3483 πρὸς
696 3432 803 3470 τόνδε
825 3433 930 3480 ἡμῶν
952 3434 1021 3470 τὸν
1041 3434 1155 3480 νόμον
1178 3437 1210 3470 L

343 3528 359 3560 1
385 3529 435 3567 ex]
459 3537 520 3569 pro
546 3527 578 3560 T
592 3525 604 3571 ΙΙ
620 3527 641 3560 2
663 3526 716 3559 sin
741 3525 841 3570 3113
866 3525 1000 3568 quidem
1022 3525 1107 3567 ΕΤ]
1132 3535 1231 3568 quam
1253 3526 1356 3570 vuly„

275 3570 407 3610 quidem
423 3581 523 3612 quam
543 3572 581 3612 V,
598 3574 655 3605 ubi
679 3571 761 3617 {dem
780 3581 879 3613 quam
894 3590 936 3595 —
951 3572 971 3604 5
986 3580 1024 3603 ex
1036 3571 1278 3605 consuetudine
1293 3583 1354 3606 scr.

284 3613 333 3646 V²
348 3617 380 3647 in
397 3628 462 3648 ras.
481 3618 523 3660 33
536 3629 588 3648 υυ.
607 3617 619 3660 ΙΙ
637 3617 679 3658 V]
704 3617 815 3650 decem
835 3615 909 3659 V(²)
928 3615 940 3661 ΙΙ
955 3618 1067 3649 autem
1080 3616 1148 3658 ΠΙ]
1174 3616 1232 3650 ·V·
1254 3615 1329 3659 V(²)
1344 3614 1356 3660 ΙΙ

276 3657 412 3691 ecclesia
425 3661 474 3692 ed.
493 3661 565 3694 Ven.
581 3673 602 3694 a
617 3663 714 3702 1494]
729 3661 884 3694 ecclesiae
898 3662 984 3703 libri,
996 3663 1083 3705 vulq.
1096 3660 1109 3707 ΙΙ
1121 3663 1141 3695 4
1154 3660 1254 3695 habet
1268 3660 1354 3703 T(2)]

275 3703 394 3735 habeat
408 3703 676 3749 R(ochol.)‚vuly.
701 3715 771 3739 esse
786 3706 966 3748 contigerit
986 3705 1083 3751 Vfflfl
1094 3707 1251 3749 praebere
1265 3706 1354 3750 T(²)}
