2618 4010
92 186 94 188 ,
143 151 202 183 DE
231 149 520 184 PROOONSULE
550 149 866 183 GAPPADOCIAE

142 249 373 298 δικαστηρίου
388 248 496 292 τάξει,
518 251 579 285 ἵνα
598 250 839 294 πανταχόθεν
857 254 916 285 καὶ
936 249 1025 294 αὐτὴ
1044 251 1219 298 συναριθ·

140 299 244 340 μοῖτο
275 298 356 331 ταῖς
385 293 506 342 ἀρχαῖς
536 298 615 330 ταῖς
637 295 727 341 παρ’
755 294 858 340 ἡμῶν
890 296 1140 343 ἐξηυρημέναις
1163 298 1223 329 καὶ

141 341 190 376 εἰς
222 341 441 398 σεμνότερον
470 338 707 383 άναχθείσαις
738 343 864 386 σχῆμα.
911 343 1058 376 ἔσονται
1087 339 1155 387 γὰρ
1179 339 1223 383 δὴ

141 389 202 420 καὶ
225 389 332 420 amai
354 388 495 431 μείζους
523 388 583 419 καὶ
613 386 692 420 τῶν
715 390 905 434 προτέρων
932 385 1222 433 ἅξιολογώτεραι,

142 434 202 465 καὶ
233 429 366 478 ῥᾳδίως
395 428 481 475 ἡμῖν
510 429 598 477 πρὸς
628 430 674 465 τὰ
703 434 853 474 μείζονα
890 433 967 466 τῶν
998 430 1223 478 πραγμάτων

140 473 437 524 ὑπηρετήσονται.
471 474 585 520 μηδὲν
600 475 671 531 γὰρ
693 478 732 510 έν
747 478 865 531 μικρῷ
887 475 1113 511 καθεστάναι
1131 479 1223 523 μέγα

141 524 200 555 καὶ
230 523 305 555 τοῖς
334 520 406 565 πρὸ
437 518 543 566 ἡμῶν
572 522 710 567 εὶρηται
740 525 801 556 καὶ
829 525 914 566 ημῖν
943 535 984 568 γε
1015 521 1134 555 αὐτοῖς
1156 517 1219 556 ἐπ’

142 562 266 600 αὐτῶν
296 568 498 622 ἐγκέκριταί
530 579 571 600 τε
600 569 659 600 καὶ
691 564 948 621 ὃεδοκίμασται
983 567 1062 600 τῶν
1092 569 1220 613 ἔργων.

1209 134 1291 184 223

2028 134 2136 180 Nov.
2166 134 2291 179 XXX
2313 149 2375 191 pr.

1311 195 1457 202 .-..-——.--

1291 250 1372 295 ipsa
1398 251 1674 286 connumeretur
1702 247 2070 283 administrationibus
2103 257 2195 292 quae
2223 258 2245 282 a
2269 247 2374 283 nobis

1293 295 1506 331 adinventae
1524 296 1608 330 sunt
1627 296 1663 329 et
1683 293 1730 328 ad
1750 292 1989 328 honestiorem
2008 292 2190 345 repositae
2210 292 2372 336 figuram.

1291 340 1411 376 Erunt
1441 340 1534 375 enim
1565 342 1600 375 et
1628 338 1731 383 ipsae
1760 338 1910 373 maiores
1941 341 1976 373 et
2007 348 2168 389 priorum
2195 337 2373 382 digniores

1291 389 1328 421 et
1348 385 1454 421 facile
1470 385 1573 421 nobis
1592 383 1638 419 ad
1658 382 1810 418 maiores
1830 393 1958 418 causas
1974 382 2239 418 ministrabunt.
2275 383 2374 418 Nihil

1258 435 1276 466 5
1291 431 1384 466 enim
1407 431 1446 466 in
1469 440 1578 476 parvo
1604 429 1800 464 consistere
1824 437 1991 472 magnum
2021 432 2057 462 et
2080 438 2102 463 a
2125 427 2373 472 praecedenti-

1290 476 1358 512 bus
1382 486 1450 511 nos
1474 475 1607 511 dictum
1631 478 1688 510 est
1710 476 1747 509 et
1770 473 1867 518 apud
1891 484 1955 508 nos
1979 473 2077 524 ipsos
2104 473 2141 508 in
2165 473 2253 517 ipsis
2277 473 2373 508 valet

1291 524 1327 556 et
1358 521 1597 566 approbatum
1629 523 1683 555 est
1713 519 1832 554 rebus.
1882 517 2084 553 Subimetur
2115 518 2225 562 igitur
2249 520 2287 553 et
2311 519 2371 554 de-

1291 566 1440 611 scriptio
1465 566 1549 601 huic
1572 565 1641 610 legi
1666 564 1869 607 declarans,
1900 562 1987 608 quid
2010 561 2150 607 quidem
2174 563 2327 608 accipiet
2351 574 2374 598 a

140 606 426 655 Ὑποτεθησοται
454 615 578 645 τοίνυν
605 609 798 659 ἀπογραφη
829 615 890 646 καὶ
913 609 1011 655 τῷδε
1043 613 1094 655 τῷ
1119 609 1220 655 νόμῳ
1289 611 1378 647 fisco
1410 616 1484 646 tam
1514 611 1545 646 is
1578 610 1640 656 qui
1672 609 1852 654 cingulum
1883 611 1983 652 reget
2013 618 2120 652 quam
2150 618 2312 644 assessor
2336 612 2372 643 et

140 653 309 709 δηλοῇσα,
340 659 380 690 τί
405 657 473 701 μὲν
503 653 656 701 λήψεται
687 655 788 712 παρα
816 657 881 710 τοῦ
912 654 1083 700 δημοσίου
1114 657 1221 690 τοῦτο
1238 659 1277 691 10
1290 655 1449 692 officium
1473 656 1561 698 eius,
1593 655 1678 701 quid
1701 657 1822 690 autem
1845 653 1933 689 dans
1959 653 2091 697 cinguli
2114 653 2287 698 percipiet
2312 664 2372 689 co-

139 702 207 744 μὲν
230 713 250 735 ο
272 699 340 744 τὴν
363 702 540 747 ἐπαρχίαν
569 700 714 735 ἰθύνων
738 713 859 743 αυτος,
891 702 999 735 τοῦτο
1025 699 1066 734 δὲ
1088 697 1107 735 ὁ
1131 699 1220 754 πάρ-

140 743 240 790 εδρος
267 748 327 779 καὶ
358 742 381 789 ἡ
410 745 508 786 τάξις
539 744 660 789 αὐτοῦ,
692 750 732 781 τί
759 744 800 780 δὲ
820 744 937 780 διδοὺς
965 745 1010 779 τὰ
1033 747 1094 788 τῆς
1117 742 1222 792 ἄρχης

1290 701 1439 737 dioillos.

139 792 160 826 1
207 788 462 837 παραλήψεται
497 789 670 836 σύμβολα.
725 789 763 826 ‘0
794 789 836 825 δὲ
863 789 1012 846 τρόπος,
1049 788 1142 824 καθ’
1177 788 1221 824 ὃν
1288 793 1311 827 1
1356 790 1487 827 Modus
1511 794 1629 827 autem
1661 789 1860 826 secundum
1891 799 1994 834 quem
2018 787 2235 832 praesidebit
2258 790 2294 823 et
2317 789 2375 824 hic

139 834 253 892 ἄρξει,
277 834 471 870 κάνταῦθα
494 839 561 879 μὲν
585 839 626 871 ἐν
648 838 776 883 βραχεῖ
796 834 1040 883 ὃιηγορευται,
1068 833 1221 882 φανερὸς
1289 836 1429 880 quidem
1453 836 1607 871 breVIter
1631 835 1838 880 designatus
1862 838 1928 878 est,
1959 832 2170 869 manifestus
2198 835 2317 868 autem
2342 835 2375 869 ei

140 878 180 914 δε
211 878 313 924 αὐτῷ
348 884 408 915 καὶ
440 881 540 929 παρὰ
574 883 638 916 τοῦ
668 880 779 926 νόμου
813 878 1005 927 γενήσεται
1041 881 1105 914 τοῦ
1137 882 1220 926 περὶ
1236 884 1275 916 15
1290 883 1326 915 et
1350 891 1394 916 ex
1417 881 1495 925 lege
1518 881 1581 915 fiet
1611 891 1702 926 quae
1733 881 1777 916 de
1809 879 1972 914 omnibus
2004 878 2373 913 administrationibus

140 927 273 960 πασῶν
295 927 374 961 τῶν
384 926 514 980 (ἀρχῶν
534 928 574 960 ἐν
595 928 706 970 κοινῷ
726 929 926 979 γραφέντος
944 928 1003 959 καὶ
1024 923 1124 971 παρὰ
1143 926 1222 959 τῶν
1288 926 1326 961 in
1345 927 1522 961 communi
1542 927 1747 971 conscripta
1769 928 1824 961 est
1850 928 1886 959 et
1912 934 1956 959 ex
1974 923 2217 969 imperialibus
2240 924 2373 959 nostris

139 969 342 1015 βασιλικῶν
373 984 477 1015 ημων
509 970 831 1050 παραγγελέιάτων,
862 983 955 1018 απερ
983 967 1083 1014 αὐτῷ
1107 967 1222 1004 δώσο-

138 1029 216 1070 μεν,
241 1012 302 1050 ὅτε
324 1019 384 1050 καὶ
407 1016 453 1051 τὰ
471 1018 532 1060 τῆς
549 1013 655 1069 ἀρχῆς
701 1014 863 1068 ιὸοίῃμεν
886 1014 1060 1070 σύμβολαΙ
1072 1018 1133 1049 καὶ
1156 1014 1222 1068 ‘tow

1289 971 1480 1013 mandatis,
1499 981 1593 1050 quae
1613 971 1646 1006 ei
1667 970 1839 1012 dabimus,
1865 969 2008 1015 quando
2030 973 2066 1004 et
2087 968 2219 1022 cinguli
2236 968 2375 1004 dederi-

1497 1027 1508 1050 1

1291 1026 1370 1051 mus
1395 1016 1496 1051 codic
1524 1016 1577 1051 los
1602 1016 1678 1051 eius
1713 1020 1749 1051 et
1773 1014 2021 1050 iusiurandum
2044 1024 2273 1058 exegerimus,
2306 1014 2375 1049 hoc

139 1058 248 1114 ιξρκον
270 1058 520 1106 ἀπαιτοίημεν,
549 1074 656 1096 τουτο
680 1059 725 1104 ’δὴ
747 1074 790 1096 το
813 1074 908 1095 κατα
931 1073 997 1095 τον
1020 1073 1134 1104 νυμον
1156 1073 1224 1094 τον
1291 1061 1386 1106 quod
1409 1060 1605 1096 Secundum
1629 1062 1742 1106 legem
1764 1063 1927 1096 nostram
1953 1059 2196 1104 conscriptum
2221 1062 2287 1095 est.

139 1109 311 1152 ημέτερον
333 1120 442 1154 γεγρα
470 1109 590 1151 μένον.

184 1146 280 1203 <Fu
286 1155 303 1186 ί
308 1150 354 1186 λο
360 1165 383 1198 γ
392 1164 412 1186 0
420 1163 446 1186 ς.

508 1152 627 1186 Ταῦτα
645 1154 771 1185 τοίνυν
790 1146 939 1185 ἅπαντα
962 1148 984 1194 ἡ
1004 1149 1049 1193 σὴ
1067 1146 1224 1197 ὑπεροχὴ

1336 1150 1614 1196 <Epilogns.>
1667 1149 1767 1185 Haec
1801 1150 1920 1185 omnia
1950 1152 2014 1185 tua
2046 1149 2219 1185 celsitudo
2244 1159 2374 1194 cogno-

138 1207 368 1250 γινωσκουσα
389 1194 568 1250 τοσαύτας
589 1208 630 1230 τε
653 1193 745 1243 αὐτῇ
768 1194 830 1230 τὰς
847 1195 1000 1249 σιτήσεις
1025 1193 1222 1230 ἐπιδιδότω
1291 1206 1395 1232 scens
1428 1198 1464 1231 et
1486 1197 1607 1230 tantas
1638 1196 1671 1230 ei
1695 1205 1857 1230 annonas
1881 1197 2041 1240 praestet
2071 1198 2107 1230 et
2129 1194 2183 1229 sic
2207 1204 2286 1230 eam
2310 1205 2375 1230 no-

140 1254 238 1276 ουτω
257 1254 297 1276 τε
316 1238 428 1284 αὐτην
447 1242 539 1275 ἴστω
557 1239 694 1285 σεμνὴν
712 1243 920 1288 γενομένην,
946 1252 993 1275 ως
1013 1238 1158 1275 πολλοῖς
1176 1241 1222 1274 εἰ·

141 1284 255 1321 κότως
269 1285 425 1321 ἔσεσθαι
442 1283 760 1332 περισπούδαστον
774 1287 817 1330 τῆ
829 1287 894 1320 τοῦ
908 1287 974 1320 νῦν
986 1283 1079 1333 αὐτῇ
1092 1283 1221 1320 δοθέν-

138 1342 197 1365 τος
220 1328 310 1377 παρ’
337 1327 384 1375 ἡμ

183 1375 267 1412 Dat.
281 1386 377 1413 xv11.
397 1376 433 1412 k.
453 1377 543 1420 Aug.
558 1375 850 1423 <cP.>Be1isario
868 1387 901 1412 v.
916 1387 947 1412 c.
965 1386 1062 1412 cons.

668 1594 698 1628 A

260 1659 439 1712 ΠΕΡΙ
468 1659 614 1713 TOY
646 1659 748 1713 AN
753 1659 1107 1714 ΘῩΠΑΤΟΥ

396 1727 960 1782 ΚΑΠΠΑΔΟΚΙΑΣ.

170 1803 207 1840 Ὁ
229 1805 333 1840 αὐτὸς
356 1805 521 1850 βασιλεὺς
541 1803 692 1854 Ἰωάννῃ
715 1807 770 1851 τῷ
790 1804 1017 1862 ἐνδρξστόξττρ
1043 1803 1187 1851 ἐπάρχῳ
1235 1807 1278 1839 30

170 1852 249 1885 τῶν
281 1850 389 1897 ἱερῶν
420 1855 662 1898 πραιτωρίων
691 1850 733 1887 τὸ
757 1850 811 1896 β’,
842 1851 916 1885 απὸ
944 1863 1098 1885 υπατων
1127 1853 1188 1884 καὶ

581 1901 773 1944 πατρικίῳ.

182 1964 239 2010 (Π
243 1976 316 2007 ροο
324 1967 341 1997 ί
343 1978 369 2008 μ
377 1977 415 1999 ιο
423 1964 474 2009 ν.>
504 1961 658 1999 Ὁπόσον
674 1967 751 1999 ἐστὶ
766 1962 809 1998 τὸ
827 1961 1092 1999 Καππαδοκῶν
1109 1960 1222 2007 ὄνομά

137 2021 178 2042 τε
200 2011 259 2042 καὶ
282 2008 403 2052 ἔθνος,
427 2013 487 2043 καὶ
510 2007 610 2045 ὅπως
632 2008 698 2053 τὴν
716 2006 828 2064 ἀρχὴν
852 2010 913 2042 ἵνα
935 2008 1090 2051 κτηθείη
1111 2005 1222 2054 πράγ-

1290 1241 1381 1277 verit
1403 1240 1591 1276 honestam
1615 1240 1767 1282 factam,
1800 1244 1841 1275 ut
1863 1241 2025 1284 plurimis
2048 1240 2117 1275 rite
2142 1241 2190 1275 sit
2214 1240 2376 1276 studiosa

1291 1297 1386 1321 nunc
1418 1285 1452 1321 ei
1485 1285 1561 1321 dati
1590 1295 1613 1321 a
1644 1285 1748 1322 nobis
1779 1284 1879 1320 floris
1907 1285 2159 1330 dignitatisque
2185 1284 2374 1330 concupis-

386 1332 441 1365 ὧν
471 1330 607 1365 ἄνθους
638 1344 679 1365 τε
710 1334 770 1364 καὶ
795 1322 1005 1375 ιἀξιώματος
1027 1330 1221 1375 ἐπιθυμίᾳ.
1234 1334 1277 1366 25
1290 1331 1419 1367 centia.

1192 1380 1237 1418 [a.
1252 1379 1330 1419 535]
1377 1376 1460 1411 Dat.
1482 1386 1574 1412 xvn.
1597 1376 1669 1411 kal.
1692 1375 1783 1420 Aug.
1804 1375 1873 1410 GP.
1895 1375 2068 1411 Belisario
2092 1387 2123 1411 v.
2146 1386 2175 1412 c.
2199 1375 2356 1410 consule.

1775 1590 1878 1627 XXX

1415 1660 1509 1710 DE
1546 1619 1991 1711 PROCONSIJLE
2028 1658 2262 1709 CAPPA-

1693 1727 1964 1778 DOOIAE.

1478 1806 1565 1851 Imp.
1592 1806 1811 1842 Iustinianus
1834 1807 1927 1851 Aug.
1951 1805 2101 1840 Iohanni
2125 1816 2182 1850 pp.

1337 1962 1626 2008 (Praefatio.)
1679 1963 1861 2008 Quantum
1885 1963 1933 1999 sit
1956 1962 2007 1998 Ca
2034 1962 2223 2008 padocium
2248 1972 2376 1997 nomen

1293 2010 1329 2042 et
1348 2016 1447 2050 gens,
1472 2010 1510 2043 et
1528 2008 1704 2052 quomodo
1728 2008 1903 2054 principio
1925 2011 1966 2042 ut
1981 2018 2002 2042 a
2028 2008 2228 2053 quireretur
2248 2017 2374 2042 causas

137 2066 235 2108 ματα
258 2057 413 2110 παρέσχε
432 2051 625 2099 Ῥωμαίοις,
658 2054 693 2088 οἱ
715 2057 777 2108 τῆς
799 2057 949 2107 αρχαίας
973 2051 1224 2097 πολυμαθείας
1237 2055 1279 2087 35
1293 2052 1461 2096 praebuit
1480 2053 1662 2097 Romanis,
1687 2053 1855 2098 antiquae
1879 2053 2156 2088 multiscientiae
2179 2063 2251 2088 non
2275 2053 2374 2097 igno-

137 2112 200 2133 ουκ
223 2095 439 2146 ἠγνοηκασιν
463 2102 622 2147 ἐρασταί.
671 2113 736 2134 του
767 2112 808 2134 τε
835 2112 904 2147 γαρ
927 2095 1071 2132 Πόντου
1096 2095 1224 2139 σχεδὸν

1292 2101 1463 2132 raverunt
1482 2101 1672 2135 amatores.
1717 2099 1833 2134 Ponto
1849 2108 2001 2143 namque
2022 2108 2134 2143 paene
2156 2098 2252 2133 omni
2271 2107 2374 2142 prae-

183 2191 267 2225 Nov.
282 2191 401 2224 XXX
427 2191 553 2225 Graece
574 2198 662 2224 extat
684 2193 716 2223 in
742 2190 832 2231 ML,
857 2202 883 2222 c.
909 2191 924 2222 1
954 2193 998 2228 §1
1030 2190 1111 2221 Ταῖς
1133 2189 1201 2231 μὲν
1224 2185 1346 2220 ἄλλαις
1369 2183 1492 2232 ἀρχαῖς
1511 2213 1615 2223 .....
1629 2209 1674 2213 -
1697 2202 1723 2223 c.
1740 2192 1777 2223 11
1802 2191 1835 2222 in
1849 2189 1885 2222 B
1899 2191 1930 2230 6,
1944 2197 1988 2223 16.
2009 2208 2053 2213 -
2077 2190 2166 2232 Epit.
2183 2190 2305 2222 Theocl-
2321 2190 2374 2230 30,

138 2236 257 2269 Athan.
277 2238 309 2277 4,
323 2244 367 2270 10.
416 2237 536 2269 Iulian.
558 2243 656 2269 const.
674 2237 790 2268 XXII
806 2236 863 2277 (ef
879 2234 1004 2266 scholia
1025 2245 1060 2276 p.
1077 2234 1138 2267 181
1158 2233 1292 2273 Ht'inel.)

137 2323 242 2358 nobis
264 2324 417 2358 inventis
440 2327 475 2358 et
496 2324 534 2358 in
556 2323 793 2358 illustriorem
814 2322 976 2366 formam
1007 2319 1167 2355 redactis
1194 2318 1462 2355 adnumeretur.
1511 2319 1635 2356 Erunt
1656 2322 1750 2356 enim
1778 2326 1816 2357 et
1845 2322 1918 2367 ipsi
1946 2322 2102 2356 maiores
2132 2327 2167 2357 et
2184 2322 2375 2367 prioribus

138 2367 455 2407 memorabiliores,
488 2371 525 2402 et
544 2366 660 2412 facile
682 2366 788 2401 nobis
816 2366 854 2400 in
877 2363 1076 2400 maioribus
1098 2363 1205 2399 rebus
1226 2364 1430 2400 inservient.
1480 2363 1625 2400 Etenim
1649 2364 1741 2400 nihil
1763 2366 1800 2400 in
1818 2377 1940 2412 parvo
1964 2377 2024 2401 ma
2051 2376 2136 2401 num
2159 2366 2316 2402 existere
2339 2371 2375 2402 et

141 2412 186 2447 ab
211 2413 257 2447 iis
279 2412 343 2463 qui
363 2416 448 2448 ante
471 2422 539 2447 nos
560 2412 715 2458 fuerunt
738 2411 871 2446 dietum
904 2413 959 2445 est
987 2412 1023 2444 et
1044 2408 1148 2444 nobis
1170 2408 1263 2455 ipsis
1285 2408 1324 2443 in
1346 2409 1439 2456 ipsis
1469 2410 1577 2445 rebus
1600 2410 1846 2446 existimatum
1878 2421 1922 2446 ae
1937 2421 2014 2463 pro
2039 2416 2138 2446 atum
2161 2415 2225 2447 est.
2282 2410 2372 2446 Sub-

138 2458 267 2493 icietur
297 2457 414 2509 iqitur
443 2456 528 2492 huie
558 2467 702 2503 quoque
733 2456 807 2502 leqi
835 2454 878 2491 de

981 2454 1031 2489 tio
1063 2464 1158 2505 quae
1181 2453 1356 2496 declaret,
1389 2454 1479 2500 quid
1501 2454 1645 2500 quidem
1676 2460 1895 2502 accepturus
1924 2460 1975 2491 szt
1996 2467 2020 2491 a
2039 2456 2132 2507 fiseo
2158 2460 2231 2491 tam
2254 2458 2286 2491 is
2310 2457 2372 2503 qui

879 2465 949 2489 seri

137 2502 365 2550 provinciam
387 2506 490 2549 reqet
512 2513 621 2548 quam
645 2511 810 2536 assessor
833 2503 870 2536 et
893 2465 1056 2551 oflieium
1080 2508 1170 2540 eiu-5⁸,
1194 2498 1283 2544 quid
1305 2509 1389 2534 vero
1413 2499 1568 2535 daturus
1589 2500 1828 2547 maqistratus
1851 2501 2010 2582 ιἠςίἕηία
2032 2504 2292 2547 impetraturus
2314 2501 2372 2537 sit.

138 2550 160 2583 1
227 2546 363 2583 Modus
385 2557 471 2583 vero
494 2546 689 2582 secundum
714 2556 818 2592 quem
841 2547 1093 2591 magistratum
1116 2547 1289 2589 qesturus
1310 2543 1370 2586 sit,
1396 2544 1470 2579 iam
1494 2544 1637 2590 quidem
1667 2545 1726 2581 liic
1748 2556 1894 2598 quoque

1939 2546 2071 2581 reviter
2094 2546 2286 2598 expositus
2309 2550 2372 2588 est,

138 2592 355 2639 manifestus
373 2595 492 2627 autem
509 2593 545 2628 ei
562 2595 665 2628 etex
686 2591 764 2637 leqe
775 2591 841 2636 fiet
864 2589 909 2625 de
929 2587 1093 2640 omnious
1112 2587 1388 2639 magistratibus
1410 2589 1449 2624 in
1470 2600 1656 2625 commune
1678 2595 1819 2637 scripta
1842 2594 1878 2626 et
1896 2602 1946 2627 ex
1965 2590 2214 2637 imperialibus
2236 2591 2373 2626 nostris

139 2637 332 2680 mandatis,
357 2647 452 2683 quae
470 2636 527 2672 illi
545 2636 720 2678 dabimus,
744 2634 891 2682 quando
910 2634 1070 2680 insiqma
1091 2637 1328 2679 magistratus
1347 2634 1385 2668 in
1406 2645 1485 2670 eum
1507 2635 1736 2681 conferemus
1759 2640 1870 2681 atque
1892 2635 2144 2671 iusiurandum
2165 2637 2373 2682 exiqemus:

138 2682 179 2718 id
199 2681 300 2729 quod
321 2682 361 2717 in
384 2681 463 2728 leqe
486 2684 614 2717 nostra
637 2681 814 2733 seriptum
838 2685 901 2715 est.

275 2726 363 2774 Epi
371 2726 385 2761 l
391 2738 514 2774 oqus.
575 2726 678 2762 Haec
700 2730 815 2773 iqitur
839 2725 961 2760 omnia
994 2728 1057 2759 tua
1080 2722 1282 2774 sublimitas
1305 2733 1529 2769 coqnoscens
1559 2728 1596 2760 et
1618 2736 1786 2761 annonas
1811 2729 1933 2761 tantas
1961 2726 1995 2760 ei
2011 2726 2192 2772 praebeat
2222 2729 2257 2761 et
2280 2725 2372 2762 adeo

140 2772 358 2808 honoratum
381 2783 459 2807 eum
482 2772 624 2817 factum
648 2781 725 2807 esse
747 2771 857 2812 sciat,
889 2774 931 2805 ut
952 2780 975 2804 a
999 2767 1121 2804 multis
1152 2772 1279 2803 merito
1304 2767 1530 2814 expetendus
1561 2769 1611 2805 sit
1641 2770 1794 2815 futurus
1826 2770 1968 2806 decoris
1998 2774 2036 2806 et
2065 2770 2255 2817 diqnitatis
2278 2781 2373 2806 nunc

140 2818 174 2853 ei
197 2829 220 2853 a
240 2817 344 2852 nobis
367 2816 477 2853 datae
500 2817 689 2852 desiderio.

700 3027 801 3078 DE
831 2959 1815 3079 PROCONSU‘LYIJ'QPPADOCJAE.

268 3106 368 3144 Idem
392 3109 579 3154 Auqustus
603 3105 763 3142 Iohanni
786 3106 1050 3152 qloriosissimo
1068 3106 1265 3153 praefecto
1289 3116 1395 3141 sacro
1413 3104 1609 3152 praetorio
1632 3105 1779 3148 iterum,
1809 3107 2000 3142 exconsuli
2023 3112 2060 3143 et
2074 3107 2249 3154 patricio.

278 3174 541 3220 Praefatio.

590 3173 770 3217 Quantum
793 3172 842 3208 sit
862 3172 1122 3224 ‘Cappadocum
1142 3185 1271 3209 nomen
1294 3177 1331 3208 et
1352 3183 1452 3219 qens,
1484 3175 1520 3207 et
1540 3171 1720 3217 quomodo
1744 3172 1788 3208 ab
1811 3173 1916 3208 initio
1948 3177 1989 3208 ut
2017 3174 2056 3209 in
2079 3174 2254 3209 dicionem
2278 3174 2372 3210 redi-

142 3225 289 3268 qeretur
313 3220 460 3265 neqotia
483 3218 691 3255 exhibuerit
714 3218 898 3258 Romanis,
931 3229 1005 3252 non
1027 3219 1204 3264 ignorant
1227 3218 1400 3264 antiquae
1431 3216 1645 3252 eruditionis
1667 3217 1831 3252 studiosi.
1878 3217 1973 3253 Nam
1995 3222 2032 3254 et
2055 3219 2122 3254 coti
2142 3219 2226 3264 fere
2250 3218 2372 3254 Ponto

188 3315 209 3346 4
234 3303 340 3344 αὗται
365 3311 411 3343 Μ
430 3307 521 3343 αὐτὰ
545 3311 575 3342 L
606 3311 617 3352 11
646 3312 665 3343 5
688 3310 838 3352 μείζονα
864 3309 919 3349 M]
955 3310 1067 3352 μείζω
1096 3310 1165 3342 LB
1212 3308 1224 3354 11

144 3359 164 3391 6
188 3353 314 3399 μηδενὶ
337 3353 405 3407 γὰρ
428 3355 468 3387 ἐν
492 3353 631 3400 σμικρῷ
657 3355 693 3387 Β
714 3353 726 3398 11
754 3357 771 3386 7
796 3351 886 3396 πρὸς
908 3353 941 3386 L
964 3353 977 3397 11
1006 3355 1043 3388 11
1070 3352 1138 3397 τὴν
1161 3354 1221 3388 ἐπ-

145 3403 286 3448 αρχίαν]
317 3399 490 3454 clngulum
515 3402 550 3434 (i.
571 3412 596 3432 e.
618 3394 742 3451 ἀρχὴν)
768 3410 788 3435 ς
813 3397 825 3441 11
855 3394 897 3430 δὲ
919 3394 952 3439 ὁ]
984 3396 1024 3432 δὲ
1046 3401 1106 3432 καὶ
1130 3399 1167 3432 Β
1211 3399 1224 3442 11

150 3449 188 3480 14
213 3447 253 3479 ἐν
276 3448 390 3492 βραχυ
415 3445 460 3478 Μ
481 3443 493 3488 11
517 3453 681 3492 φανερως
706 3444 740 3476 Β
767 3444 778 3486 11
803 3444 842 3476 15
868 3438 988 3476 αὐτοῖς
1006 3444 1039 3476 L
1060 3444 1072 3486 11
1098 3440 1222 3487 νόμον]

146 3504 217 3524 που.
241 3491 330 3524 VIII
345 3492 356 3533 11
373 3491 467 3536 περὶ]
489 3501 541 3522 πα
566 3501 588 3520 α
606 3489 637 3521 L
656 3487 668 3532 11
688 3490 726 3522 16
746 3484 846 3566 aaa&
866 3500 924 3520 om.
944 3488 975 3521 L
990 3488 1003 3530 11
1025 3490 1062 3522 17
1085 3499 1224 3535 παραγ-

145 3533 346 3581 γελμάτων]
371 3548 441 3568 nov.
455 3535 493 3567 X
504 3501 576 3567 Vl'l
589 3533 600 3575 11
620 3535 659 3568 18
683 3530 802 3576 σύμβο
825 3533 860 3573 α]
886 3532 1056 3565 codicillos
1077 3534 1148 3566 eius
1171 3545 1191 3570 ς
1211 3531 1223 3578 11

154 3582 189 3614 19
211 3580 321 3614 τοῦτο
345 3577 389 3622 δὴ
411 3578 454 3613 τὸ
480 3580 526 3612 M
528 3580 584 3621 (ς)]
608 3578 717 3611 τοῦτο
736 3574 779 3620 δὴ
799 3575 866 3611 τὸν
887 3577 918 3610 L
942 3576 1075 3611 τοῦτον
1095 3574 1139 3620 δὴ
1157 3576 1225 3612 τὸν

148 3626 182 3658 Β
201 3624 269 3669 1121
295 3628 419 3659 τοίνυν
442 3638 500 3658 om.
514 3635 534 3660 ς
549 3623 561 3668 11
582 3625 622 3656 23
649 3619 759 3656 αὐτὸν
783 3623 843 3666 Lu
869 3623 912 3656 26
934 3632 1010 3654 xvn
1030 3623 1062 3654 k.
1082 3624 1166 3677 Aug.
1193 3634 1224 3665 ς’,

147 3680 223 3702 xvn
239 3669 286 3703 kl.
304 3672 435 3711 agustas
454 3667 550 3709 Iul.⁶]
573 3678 619 3700 xv
636 3668 667 3701 k.
687 3678 763 3709 aug.
778 3667 822 3700 M
840 3664 911 3713 πρὸ
936 3662 990 3710 ιβ’
1008 3664 1084 3701 καλ.
1100 3665 1224 3713 αυγού-

149 3724 249 3747 στων
262 3716 337 3747 Aah.
354 3715 453 3758 (μηνὶ
471 3709 659 3759 αὗγούστῳ
677 3713 811 3753 Theoti.)
835 3723 882 3746 VI.
898 3713 930 3744 k.
947 3712 1007 3746 iul.
1022 3712 1109 3745 lum
1126 3712 1138 3757 11
1157 3713 1222 3745 ΟΡ.

1293 3321 1351 3341 om.
1367 3309 1407 3340 M
1425 3307 1437 3350 11
1453 3307 1601 3339 bilisario
1622 3307 1670 3340 Μ
1677 3307 1689 3351 11
1705 3316 1781 3350 post
1794 3311 2057 3352 subscriptionem
2077 3322 2140 3342 non
2156 3318 2306 3344 servatur
2324 3312 2372 3344 in-

1293 3354 1355 3386 dex
1375 3354 1415 3386 de
1436 3364 1498 3394 quo
1518 3353 1627 3394 ayitur
1646 3365 1675 3385 v.
1694 3353 1715 3386 9
1728 3365 1776 3396 sq.
1793 3353 1805 3396 11
1825 3355 1867 3387 30
1892 3351 2036 3398 ἐπάρχῳ
2059 3366 2118 3387 om.
2131 3354 2164 3387 L
2179 3355 2191 3398 11
2211 3356 2253 3389 33
2271 3351 2374 3389 Ὁπό-

1292 3408 1358 3430 σον
1378 3397 1506 3436 LAth.]
1533 3394 1656 3430 Πόσον
1676 3397 1724 3430 M
1733 3396 1746 3441 11
1763 3396 1805 3431 τὸ
1825 3398 1903 3431 τῶν
1926 3395 2190 3432 Καππαδόκων
2210 3398 2310 3444 θέμα
2334 3410 2374 3434 τε

1293 3444 1366 3475 ΑεΙι.
1386 3441 1399 3486 11
1422 3443 1462 3475 35
1488 3443 1682 3486 παρέσχαις
1702 3443 1733 3475 L

1340 3580 1355 3611 1
1382 3579 1414 3618 a]
1440 3577 1481 3609 ad
1501 3577 1548 3611 V¹
1567 3577 1617 3620 113
1640 3577 1746 3619 priori
1767 3576 1824 3620 711
1842 3579 1882 3611 16
1906 3577 1955 3618 in]
1979 3580 2020 3610 ut
2042 3578 2077 3610 in
2099 3578 2156 3621 Vll
2170 3580 2296 3622 scripta
2314 3580 2347 3613 T
2362 3580 2374 3625 11

1295 3624 1336 3656 18
1358 3622 1562 3663 exigeremus
1582 3622 1660 3655 libri
1672 3621 1684 3665 11
1705 3623 1746 3655 19
1770 3621 1877 3664 legem
1894 3626 2040 3656 nostram
2062 3636 2120 3658 om.
2141 3624 2199 3664 Vn
2216 3625 2254 3659 21
2278 3624 2372 3658 celsi-

1293 3666 1375 3699 tudo
1397 3669 1456 3699 tua
1475 3666 1531 3710 Vl}
1558 3667 1601 3700 26
1625 3666 1705 3708 Cap.
1729 3667 1763 3700 T
1789 3666 2057 3712 Constantinopl.
2078 3667 2138 3713 711
2160 3668 2324 3703 bilisiario
2345 3670 2381 3704 V

1293 3711 1381 3745 bilis.
1398 3712 1429 3745 T
1435 3711 1478 3745 al.
1498 3709 1511 3756 11
1526 3711 1591 3745 uic.
1610 3711 1660 3755 1711
1677 3713 1719 3746 33
1732 3711 1941 3755 capadotium
1958 3713 2014 3758 1711
2032 3715 2074 3748 35
2087 3713 2193 3748 multe
2203 3716 2327 3748 sciente
2346 3715 2377 3748 V
