2618 4010
176 169 283 200 FILII
311 166 610 201 EFFICIUNTUR
638 165 842 196 LEGITIMI

174 267 292 316 γαλοπ
314 264 525 301 επεστάτων
557 263 792 312 ἰλλουστρίων
825 263 907 300 οὐδὲ
929 266 1101 312 γίνεσθαι
1131 267 1249 300 ταῦτα

174 325 288 350 παντε
312 312 359 346 ὦς
389 306 613 354 ἀνεχόμεθα,
644 308 724 344 ἀλλ’
752 314 847 345 ἔστω
881 313 1028 345 πάντως
1059 313 1118 345 καὶ
1142 310 1249 357 προὶξ

175 362 234 394 καὶ
263 359 485 402 προγαμιαία
518 353 636 401 δωρεὰ
667 360 727 390 καὶ
752 356 797 391 τὰ
821 356 912 391 ἄλλα
936 354 1058 391 πάντα
1084 352 1152 391 ὅσα
1176 359 1249 390 τοῖς

174 405 394 448 σεμνοτέροις
412 403 542 447 πρέπει
565 402 642 435 τῶν
661 399 863 446 ὀνομάτων.
894 399 1003 436 Ὅσον
1023 399 1064 436 δὲ
1082 403 1121 436 ἐν
1141 413 1247 448 στρα-

174 451 345 484 rotate-w
368 449 599 492 σεμνοτέραις
624 450 682 480 καὶ
707 449 893 494 ἐμπορίαις
915 450 975 481 καὶ
999 446 1089 481 ὅλως
1112 448 1152 481 ἐν
1173 449 1248 481 ἐπι-

172 489 380 537 τηδεύσεσιν
403 488 700 538 ἄξιολογωτέραις
720 494 831 534 ἐστίν,
855 494 886 528 εἰ
902 491 1068 536 βούλοιτο
1089 496 1248 537 νομίμως

171 539 310 586 γυναικὶ
333 535 526 570 συνελθεῖν
550 541 609 571 καὶ
641 537 691 582 μὴ
715 536 943 581 ποιήσασθαι
966 538 1093 584 γάμων
1117 537 1248 582 συμβό-

173 583 263 623 λαια,
294 580 344 626 μὴ
367 577 480 616 οὕτως
504 582 580 629 εἰκῇ
603 586 662 616 καὶ
686 580 1000 631 ἀπαραφυλάκτως
1028 587 1088 617 καὶ
1113 585 1247 626 ἐκκεχυ-

169 631 285 673 μένως
305 630 364 660 καὶ
382 624 651 662 ἀναποδείκτως
671 630 778 663 τοῦτο
798 631 1002 675 πραττέτω,
1023 626 1113 662 ἀλλὰ
1132 641 1184 664 πα
1211 642 1246 661 α-

1232 151 1317 198 375

2029 152 2133 194 Nov.
2168 150 2343 193 LXXIV
2373 154 2396 192 4

1317 265 1475 301 illustres
1504 274 1620 310 neque
1650 264 1727 299 fieri
1761 265 1849 300 haec
1877 265 2019 300 omnino
2044 264 2218 309 patimur,
2258 263 2320 299 sed
2351 264 2397 299 sit

1318 311 1460 346 omnino
1486 314 1520 346 et
1545 311 1609 346 dos
1634 314 1670 345 et
1694 310 1945 354 antenuptialis
1968 310 2112 345 donatio
2131 313 2165 344 et
2188 309 2260 343 alia
2279 309 2396 344 omnia

1318 366 1411 399 quae
1447 355 1652 392 honestiora
1687 355 1791 390 decet
1827 356 1981 391 nomina.
2030 355 2210 398 Quantum
2244 363 2325 389 vero
2359 354 2396 389 in

1318 401 1453 436 militiis
1477 400 1739 437 honestioribus
1775 402 1811 435 et
1846 401 1996 444 negotiis
2031 405 2067 435 et
2090 400 2232 435 omnino
2257 399 2395 444 profes-

1286 450 1304 481 5
1319 447 1480 483 sionibus
1506 446 1724 491 dignioribus
1750 449 1823 489 est,
1860 446 1891 480 si
1914 446 2091 482 voluerint
2114 446 2267 489 legitime
2291 440 2395 480 uxori

1320 493 1482 538 copulari
1505 494 1542 528 et
1565 502 1637 527 non
1656 491 1777 527 facere
1797 491 1971 536 nuptialia
1992 492 2222 534 documenta,
2248 501 2319 526 non
2344 491 2395 526 sic

1319 538 1650 591 quomodocumque
1667 538 1703 572 et
1724 536 1801 572 sine
1819 537 1959 572 cautela
1976 537 2085 571 effuse
2109 540 2146 570 et
2164 537 2240 571 sine
2264 537 2394 580 proba-

1318 587 1416 619 none
1448 584 1517 619 hoc
1541 587 1684 627 agatur:
1724 582 1786 617 sed
1810 582 1928 617 veniat
1952 582 1998 616 ad
2045 581 2198 616 uandam
2225 582 2394 617 orationis

1319 630 1460 665 domum
1483 631 1519 664 et
1541 629 1700 663 fateatur
1725 627 1971 662 sanctissimae
1999 627 2093 662 ilius
2127 627 2299 662 ecclesiae
2333 627 2394 662 de-

169 672 332 720 γινέσθω
350 670 438 718 πρός
454 686 539 707 τινα
558 674 635 707 τῶν
653 671 851 718 εὐκτηρίων
870 676 982 708 atnam
1000 673 1183 708 κοινωσάσ
1218 687 1247 707 ω
1264 678 1304 709 10
1317 674 1462 717 femori,
1487 675 1546 709 ille
1571 677 1690 709 autem
1714 673 1888 708 adhibens
1905 676 1979 708 tres
1999 675 2062 707 aut
2079 674 2249 716 quattuor
2269 672 2395 707 exinde

171 731 211 752 τε
236 719 288 761 τῷ
314 719 374 760 τῆς
395 715 596 765 ἁγιωτάτης
629 721 762 762 ἐκείνης
786 718 971 763 ἐκκλησίας
994 717 1135 762 ἐκδίκῳ,
1164 717 1183 753 ὁ
1209 717 1249 753 δὲ

170 762 397 810 παραλαβὼν
429 767 521 810 τρεῖς
543 763 565 807 ἢ
589 766 764 810 τέσσαρας
793 766 870 799 τῶν
891 766 1002 798 ἐκεῖσε
1035 763 1247 809 εὐλαβεστά-

169 822 247 843 των
278 808 320 842 κλ
345 810 458 856 ρικῶν
482 812 723 857 ἐκμαρτυρίαν
748 808 953 844 συνιστάτω
978 808 1167 852 δηλοῦσαν,
1201 806 1249 843 αἷς

169 856 230 888 ἐπὶ
259 823 361 897 τῆςδε
393 855 455 897 τῆς
479 853 720 900 ἐπινεμησεως
751 854 856 889 τοῦδε
880 857 943 890 τοῦ
965 854 1077 898 μηνὸς
1099 854 1248 899 ἄγοντος

1317 719 1682 755 reverentissimorum
1707 719 1918 754 clericorum
1943 718 2210 753 attestationem
2231 717 2396 752 conficiat

1318 765 1575 807 declarantem,
1609 765 1692 809 quia
1717 764 1782 799 sub
1805 764 1864 799 illa
1888 763 2082 799 indictione
2106 764 2166 798 illo
2191 773 2312 798 mense
2335 763 2396 797 illa

1318 810 1374 844 die
1399 811 1528 846 mensis
1553 811 1613 845 illo
1635 810 1749 845 nostri
1773 809 1912 854 imperii
1936 820 2029 844 anno
2064 809 2211 844 consule
2242 809 2303 843 illo
2337 819 2393 843 ve-

1318 859 1448 891 nerunt
1471 856 1568 900 apud
1593 866 1673 891 eum
1704 855 1741 891 in
1773 856 1870 890 illam
1894 855 2065 891 orationis
2098 854 2239 889 domum
2270 854 2329 889 ille
2361 858 2396 888 et

168 898 281 942 τόσην
315 897 453 946 ἡμέραν
487 902 548 943 τῆς
582 900 766 945 βασιλείας
800 903 899 935 ἔτους
932 901 1039 935 τόσου
1075 899 1378 935 ὑπατείαςῙῦἱΠᾶ
1402 906 1437 935 et
1463 901 1645 937 coniuncti
1669 904 1753 936 sunt
1777 901 1949 936 alterutri.
1998 901 2046 935 Et
2078 899 2281 935 huiusmodi
2312 910 2394 944 pro-

168 943 308 979 τοιᾶςδε
347 939 465 989 ἦλθον
506 945 597 993 παρ’
637 945 736 990 αὐτῷ
774 947 814 980 ἐν
848 944 943 990 τῷδε
983 947 1036 990 τῷ
1071 943 1246 992 εὐκτηρίῳ

169 991 255 1034 οἴκῳ
280 987 299 1024 ὁ
325 989 424 1025 δεῖνα
456 994 516 1025 καὶ
540 989 561 1034 ἡ
585 989 686 1025 δεῖνα
715 995 775 1025 καὶ
806 991 1117 1038 συνηρμόσθησαν
1144 989 1245 1034 ἀλλη-

170 1035 251 1069 λοις.
299 1039 358 1069 καὶ
378 1035 448 1091 τὴν3
468 1035 640 1090 τοιαύτην
664 1038 905 1093 ἐκμαρτυρίαν
937 1038 968 1071 εἰ
990 1039 1058 1081 μὲν
1082 1035 1246 1080 ἐκλαβεῖν

389 1079 405 1090 n

168 1080 362 1133 βούλονται
385 1096 406 1126 η
428 1095 625 1128 αμφοτεροι
648 1095 683 1116 οι
707 1080 889 1117 συνιόντες
917 1082 1022 1137 ἢικαὶ
1047 1085 1163 1127 ἕτερος
1187 1079 1246 1115 αὖ-

1318 947 1545 982 testationem
1587 947 1617 982 si
1657 947 1797 991 quidem
1837 947 2001 991 accipere
2038 946 2162 981 volunt
2199 948 2262 980 aut
2291 946 2394 980 ambo

1318 993 1569 1027 convenientes
1606 994 1670 1027 aut
1702 993 1872 1028 alteruter
1900 1002 2040 1034 eorum,
2077 993 2113 1026 et
2136 991 2205 1027 hoc
2230 993 2337 1035 agant
2361 993 2396 1025 et

1317 1038 1546 1072 subscribant
1577 1038 1609 1072 ei
1642 1042 1677 1072 et
1706 1038 1951 1073 sanctissimae
1976 1037 2148 1072 ecclesiae
2172 1037 2337 1071 defensor
2362 1040 2397 1070 et

1316 1083 1443 1127 reliqui
1467 1086 1539 1118 tres
1563 1085 1627 1117 aut
1647 1087 1953 1128 quantoscumque
1978 1083 2163 1127 voluerint,
2189 1093 2260 1118 non
2277 1086 2395 1117 tamen

168 1139 257 1180 των,
294 1130 353 1182 καὶ
388 1140 494 1162 τουτο
530 1130 793 1182 πραττέτωσαν
834 1131 894 1162 καὶ
933 1131 1249 1183 υπογραφέτωσαν(
1261 1129 1302 1162 20
1316 1128 1433 1164 minus
1454 1128 1572 1170 trium,
1597 1128 1725 1164 litteriS
1750 1129 1820 1164 hoc
1844 1129 2140 1174 significantibus.

168 1184 284 1219 ταυτῃ
315 1187 334 1207 ο
365 1187 404 1207 τε
439 1174 499 1216 τῆς
522 1173 723 1219 αγιωτάτης
754 1172 938 1216 ἐκκλησίας
964 1173 1100 1208 ἔκδικος
1132 1176 1191 1207 καὶ
1214 1186 1247 1206 οι

169 1215 288 1252 λοιποὶ
326 1221 419 1264 τρεῖς
453 1216 475 1261 ἢ
509 1215 610 1252 ὅσους
648 1216 694 1252 ἂν
728 1218 926 1263 βουληθείη
973 1216 1048 1262 (οὐκ
1082 1217 1248 1253 ἐλάττους

167 1265 292 1306 μέντοι
323 1265 401 1297 τῶν
433 1265 559 1310 τριῶν)
584 1263 778 1310 γράμματα
810 1265 918 1299 τοῦτο
948 1268 1183 1309 σημαίνοντα.

168 1307 192 1342 2
238 1309 285 1342 Εἰ
316 1306 355 1342 δὲ
385 1312 445 1342 καὶ
473 1310 579 1343 τοῦτο
601 1308 650 1353 μὴ
680 1309 858 1363 πράξαιεν
891 1312 1035 1352 ἐκεῖνοι,
1068 1307 1158 1343 ἀλλὰ
1181 1308 1247 1344 τὸν

1315 1308 1339 1343 2
1386 1308 1448 1343 Sin
1472 1319 1553 1343 vero
1581 1309 1687 1343 etiam
1716 1309 1784 1344 hoc
1815 1309 1867 1344 illi
1895 1320 1967 1345 non
1999 1310 2154 1353 egerint,
2190 1309 2250 1345 ille
2279 1313 2396 1345 tamen

167 1354 334 1388 τοιοῦτον
365 1351 612 1388 &uomentem
646 1368 782 1401 χαρτην
813 1369 832 1389 o
861 1356 922 1399 τῆς
948 1354 1247 1411 ξτεβασμιωτάτης
1261 1356 1302 1389 25
1315 1353 1422 1388 talem
1460 1359 1612 1399 reponat
1648 1355 1810 1389 chartam
1843 1356 2054 1390 venerabilis
2091 1356 2183 1390 illius
2223 1356 2397 1390 ecclesiae

169 1397 353 1443 ἐκκλησίας
373 1401 507 1441 ἐκείνης
525 1398 660 1434 ἔκδικος
681 1402 721 1434 ἐν
738 1403 811 1435 τοῖς
830 1402 892 1444 τῆς
916 1404 1023 1445 αυτῆς
1046 1399 1246 1448 αγιωτάτης

169 1443 353 1487 ἐκκλησίας
376 1443 526 1490 ἀρχείοις
559 1448 757 1487 (τουτέστιν
789 1448 828 1480 ἐν
851 1448 904 1489 τῷ
931 1447 1050 1494 εὖαγεῖ
1071 1445 1246 1491 κειμηλιο-

169 1488 344 1535 φυλακίῳ)
367 1490 429 1524 τὰς
458 1492 642 1536 εἰρημένας
672 1490 955 1536 ὑποσημειώσεις
984 1494 1124 1535 ἔχοντα,
1157 1489 1245 1526 ὤςτε

168 1534 388 1570 ἀποκεῖσθαι
412 1539 484 1570 τοῖς
511 1535 722 1582 ἀνθρώποις
746 1536 812 1580 τὴν
836 1538 1011 1572 ἐντεῦθεν
1035 1536 1246 1584 ἀσφάλειαν,

1316 1399 1483 1434 defensor
1514 1400 1551 1434 in
1583 1400 1741 1436 eiusdem
1766 1401 2012 1435 sanctissimae
2044 1401 2218 1435 ecclesiae
2243 1401 2396 1436 archivis

1316 1445 1399 1487 (hoc
1431 1447 1487 1480 est
1518 1446 1579 1480 ubi
1611 1446 1828 1481 venerabilia
1852 1456 1938 1481 vasa
1971 1450 2170 1489 servantur)
2194 1446 2396 1490 praedictas

1317 1491 1598 1536 subscriptiones
1623 1492 1832 1534 habentem,
1866 1494 1907 1526 ut
1930 1491 2153 1527 reconditum
2179 1492 2226 1526 sit
2248 1492 2397 1526 homini-

1316 1536 1383 1571 bus
1408 1546 1452 1571 ex
1477 1537 1545 1572 hoc
1569 1538 1760 1579 munimen,
1783 1540 1819 1571 et
1842 1548 1915 1572 non
1939 1537 2043 1572 aliter
2061 1537 2223 1572 videatur
2246 1537 2398 1582 nuptiali

168 1583 227 1614 καὶ
249 1579 298 1625 μὴ
322 1579 437 1615 ἄλλως
460 1580 578 1616 δοκεῖν
599 1583 734 1638 γαμικῇ
758 1581 923 1638 διαθέσει
951 1582 1097 1617 τούτους
1122 1580 1248 1617 αὐτοὺς
1262 1585 1303 1618 30
1317 1581 1448 1616 affectu
1480 1582 1622 1618 eosdem
1652 1582 1860 1618 convenisse
1890 1583 1959 1618 nisi
1995 1583 2066 1618 tale
2103 1582 2238 1628 aliquid
2272 1585 2398 1626 agatur

168 1625 450 1669 συνεληλυθέναι
482 1625 576 1670 πλὴν
609 1642 639 1661 ει
662 1642 711 1672 μη
733 1630 875 1663 τοιοῦτο
909 1643 944 1662 τι
974 1629 1157 1675 πραχθείη
1188 1631 1248 1662 καὶ

168 1668 259 1706 ὅλως
282 1674 320 1705 ἐκ
343 1672 568 1718 γραμμάτων
591 1672 634 1707 τὸ
659 1674 807 1720 πρᾶγμα
830 1678 1055 1722 μαρτυροῖτο.
1104 1673 1248 1708 τούτων

168 1715 208 1750 δὲ
231 1713 326 1751 οὕτω
350 1721 554 1764 γενομένων
586 1721 645 1752 καὶ
678 1717 742 1753 τὸν
764 1718 881 1765 γάμον
905 1723 964 1753 καὶ
988 1720 1050 1754 τὰς
1075 1720 1113 1760 ἐξ
1137 1718 1247 1754 αὐτοῦ

168 1761 273 1815 γονὰς
291 1763 384 1796 εἶναι
403 1768 581 1808 νομίμους.
632 1766 750 1798 Ταῦτα
773 1763 814 1798 δέ
831 1778 949 1811 φαμεν
969 1765 1067 1799 ἔνθα
1081 1764 1131 1810 μὴ
1146 1778 1247 1813 προι-

1317 1630 1353 1662 et
1377 1627 1519 1663 omnino
1545 1638 1591 1662 ex
1615 1628 1742 1663 litteris
1769 1638 1879 1663 causa
1903 1628 2143 1664 testimonium
2163 1628 2307 1664 habeat.
2331 1627 2398 1663 His

1316 1673 1368 1707 ita
1391 1674 1500 1717 gestis
1526 1677 1561 1708 et
1577 1674 1721 1718 nuptias
1737 1675 1775 1709 et
1792 1684 1835 1708 ex
1851 1674 1903 1709 eis
1923 1674 2080 1709 sobolem
2099 1683 2177 1709 esse
2194 1673 2396 1718 legitimam.

1317 1719 1415 1754 Haec
1439 1721 1559 1754 autem
1584 1719 1743 1761 dicimus,
1770 1720 1831 1754 ubi
1854 1730 1927 1754 non
1948 1720 2042 1754 dotis
2061 1721 2124 1754 aut
2143 1719 2398 1764 antenuptialis

1317 1764 1519 1800 donationis
1554 1764 1597 1799 fit
1632 1765 1896 1800 documentum.
1951 1765 2074 1800 Fidem
2111 1766 2204 1799 enim
2240 1765 2277 1799 in
2314 1766 2399 1800 solis

169 1819 226 1859 κος
250 1822 270 1851 η
294 1813 535 1863 προγαμιαίας
568 1807 703 1863 δωρεᾶς
734 1814 875 1856 γίνεται
898 1809 1130 1864 ἔτυμβόλαιον.
1180 1809 1247 1853 τὴν
1261 1812 1302 1844 35
1318 1810 1471 1845 testibus
1497 1813 1701 1854 suspectam
1726 1811 1898 1846 habentes
1922 1810 1968 1846 ad
1992 1813 2217 1855 praesentem
2239 1810 2399 1846 venimus

167 1866 236 1900 γαρ
272 1856 309 1887 ἐκ
342 1868 467 1898 μονων
497 1868 615 1900 μαρτυ
641 1868 694 1889 ων
728 1860 854 1890 πίστιν
888 1854 1152 1891 υποπτεύοντες
1188 1858 1248 1891 ἐπὶ

169 1899 193 1934 3
238 1898 305 1942 τὴν
335 1901 523 1946 παροῦσαν
560 1869 786 1945 ἐληῇύθαμεν
816 1899 1053 1936 διατύπωσιν.
1130 1901 1175 1936 Τὸ
1207 1900 1246 1936 δὲ

169 1941 255 1978 ὅσον
290 1946 329 1978 ἐν
364 1949 720 1991 καταπεφρονημένῳ
759 1945 863 1994 διαζῇ
899 1950 983 1991 βίῳ,
1019 1948 1144 1993 μικρᾶς
1178 1949 1245 1992 μὲν

169 1989 289 2023 οὐσίας
320 1989 444 2035 κύριον
474 1991 666 2026 καθεστὼς
696 1993 744 2025 εἰς
775 1994 928 2035 ἔσχατον
965 1991 1005 2026 δὲ
1035 1995 1099 2026 τοῦ
1134 1990 1245 2036 δήμου

1318 1855 1596 1900 dispositionem.
1615 1877 1619 1880 -

1314 1901 1340 1937 3
1386 1901 1553 1945 Quisquis
1577 1903 1696 1937 autem
1721 1901 1758 1936 in
1782 1901 1924 1937 abiecta
1949 1901 2044 1946 degit
2067 1901 2150 1939 vita,
2172 1910 2304 1945 parvae
2322 1901 2399 1946 qui-

1316 1947 1395 1981 dem
1431 1947 1655 1983 substantiae
1691 1947 1854 1982 dominus
1892 1947 2091 1982 consistens
2134 1947 2171 1982 in
2207 1947 2400 1982 novissima

1315 2002 1397 2027 vero
1414 1992 1507 2027 vitae
1525 1995 1627 2037 parte
1643 1993 1776 2035 iacens,
1800 1993 1932 2027 habeat
1949 1993 2055 2028 etiam
2077 1993 2112 2027 in
2130 1992 2185 2028 his
2202 1992 2395 2028 licentiam.
2420 2013 2424 2017 -

169 2037 271 2081 μέρος
294 2032 540 2080 ἀποκείμενον,
571 2039 678 2071 τοῦτο
703 2039 812 2091 ἐχέξω
844 2041 903 2071 καὶ
927 2037 994 2081 τὴν
1024 2040 1084 2073 ἐπὶ
1108 2038 1246 2072 τούτοις
1259 2040 1301 2072 40
1316 2038 1385 2073 Sed
1409 2048 1525 2083 neque
1545 2038 1721 2082 agricolas
1753 2043 1816 2073 aut
1847 2039 1976 2074 milites
2008 2041 2186 2081 armatos,
2225 2049 2313 2082 quos
2342 2039 2399 2074 lex

170 2078 306 2116 ἄδειαν.
353 2078 432 2115 ἀλλ’
458 2079 540 2115 οὐδὲ
562 2094 738 2128 γεωργους
761 2097 782 2125 η
808 2082 1035 2129 στρατιώτας
1062 2081 1244 2125 ἐνόπλους,

170 2122 228 2159 οὓς
257 2124 276 2159 ὁ
309 2123 417 2170 νόμος
447 2125 655 2173 καλιγάτους
686 2127 799 2170 καλεῖ,
831 2131 1019 2162 τουτέστιν
1050 2126 1244 2162 εὐτελεστέ-

171 2182 250 2215 ρους
278 2174 337 2204 καὶ
363 2170 640 2217 ἇφανεστέρους,
673 2172 1003 2219 περιεργαζόμεθα,
1037 2173 1088 2207 οἷς
1116 2172 1137 2216 ἡ
1169 2174 1246 2206 τῶν

171 2215 370 2249 πολιτικῶν
394 2215 619 2262 πραγμάτων
642 2214 788 2260 ἀμαθία
808 2221 877 2272 χκαὶ
901 2216 922 2260 ἦ
947 2216 1056 2262 μόνης
1079 2220 1139 2261 τῆς
1164 2221 1245 2262 περὶ

1317 2084 1488 2128 caligatos
1519 2085 1698 2128 appellat,
1743 2084 1812 2119 hoc
1842 2087 1898 2119 est
1927 2084 2069 2120 viliores
2094 2087 2130 2119 et
2155 2084 2397 2125 obscuriores,

1315 2139 1387 2163 non
1410 2131 1697 2173 perscrutamur,
1735 2130 1864 2173 quibus
1897 2130 2052 2166 civilium
2078 2139 2269 2165 causarum
2300 2130 2399 2174 igno-

1316 2174 1408 2209 ratio
1433 2175 1489 2209 est
1513 2177 1549 2209 et
1572 2175 1682 2210 solius
1707 2175 1804 2210 circa
1834 2179 1966 2211 terram
1999 2175 2218 2223 operationis
2244 2178 2281 2211 et
2304 2177 2401 2211 circa

171 2259 239 2303 τὴν
261 2261 329 2307 γῆν
354 2262 520 2307 ἐργασίας
552 2264 613 2295 καὶ
642 2266 725 2308 περὶ
756 2274 838 2296 τους
864 2261 1037 2307 πολέμους
1071 2263 1252 2306 ἐπιθυμία
1266 2266 1308 2298 45

171 2399 315 2432 nostros
330 2400 366 2431 et
383 2396 755 2442 maqnificentissimos
774 2396 933 2432 illustres
947 2401 1032 2432 sunt
1051 2407 1095 2431 ea
1118 2408 1162 2432 ne
1179 2397 1262 2442 fieri

172 2447 256 2477 ante
280 2443 428 2488 nuptias
450 2441 599 2477 donatio
624 2447 658 2477 et
681 2442 822 2488 reliqua
847 2442 968 2477 omnia
1000 2453 1245 2493 quaecumque

1313 2397 1428 2432 uidem
1447 2397 1518 2431 ullo
1541 2396 1647 2432 modo
1665 2397 1844 2443 patimur,
1867 2398 1932 2432 sed
1950 2401 2025 2433 esto
2052 2399 2198 2434 omnino
2223 2403 2259 2435 et
2278 2399 2345 2435 dos
2366 2407 2401 2435 et

1301 2446 1403 2478 ecent
1430 2441 1640 2477 honestiora
1670 2442 1734 2477 illa
1764 2443 1921 2477 nomina.
1970 2442 2190 2489 Quicumque
2215 2448 2334 2480 autem
2364 2446 2401 2480 in

172 2487 310 2522 militiis
333 2486 596 2522 honestioribus
619 2492 654 2523 et
678 2487 984 2534 neqotiationibus
1009 2492 1044 2522 et
1067 2498 1211 2522 omnino
1244 2488 1283 2522 in
1312 2487 1607 2534 professionibus
1637 2487 1865 2533 cliqnioribus
1897 2493 2081 2530 versatur,
2112 2490 2144 2524 si
2174 2491 2288 2525 uxori
2315 2490 2400 2536 leqi-

173 2533 255 2568 time
287 2532 350 2567 iun
377 2532 390 2567 i
420 2543 535 2579 neque
558 2533 768 2579 nuptiarum
800 2533 1037 2568 instrumenta
1059 2533 1186 2577 facere
1211 2533 1309 2575 velit,
1346 2544 1390 2568 ne
1415 2536 1546 2568 temere
1575 2536 1610 2568 et
1632 2534 1708 2567 sine
1732 2533 1875 2568 cautela
1898 2538 1934 2569 et
1957 2533 2130 2570 dissolute
2153 2539 2190 2570 et
2212 2536 2290 2571 sine
2306 2547 2399 2582 pro-

172 2578 316 2613 batione
365 2588 408 2612 oc
432 2581 539 2624 aqat,
575 2578 640 2613 sed
659 2578 768 2613 adeat
792 2589 900 2613 unum
931 2589 982 2614 ex
1013 2578 1186 2613 oratoriis
1217 2589 1363 2624 remque
1395 2589 1474 2613 cum
1498 2578 1748 2625 sanctissimae
1771 2578 1868 2613 illius
1893 2579 2065 2614 ecclesiae
2089 2580 2283 2625 defensore
2306 2592 2399 2617 com-

171 2623 345 2665 municet,
381 2626 489 2668 atque
511 2623 544 2658 is
568 2623 738 2658 adhibitis
763 2623 877 2658 tribus
900 2623 955 2658 vel
978 2627 1152 2669 quattuor
1175 2623 1460 2669 reliqiosissimis
1484 2623 1623 2658 clericis
1647 2623 1745 2658 illius
1776 2623 1848 2658 loci
1885 2625 2109 2660 testationem
2134 2626 2305 2671 conficiat
2328 2637 2401 2678 qua

170 2667 330 2703 declaret
355 2667 424 2703 hac
448 2668 645 2704 indictione
664 2667 733 2704 hoc
757 2679 875 2704 mense
898 2667 966 2703 hoc
990 2668 1047 2703 die
1071 2669 1202 2704 mensis
1226 2668 1293 2703 hoc
1317 2672 1414 2703 ann'o
1436 2670 1483 2703 im
1512 2669 1579 2704 erii
1609 2668 1678 2704 hoc
1710 2670 1858 2704 consule
1881 2669 1931 2704 ad
1959 2681 1998 2705 se
2028 2670 2066 2704 in
2098 2670 2165 2706 hoc
2198 2676 2399 2707 oratorium

169 2713 306 2749 venisse
328 2713 428 2748 illum
452 2717 488 2749 et
509 2713 609 2749 illam
641 2718 676 2749 et
706 2714 801 2749 inter
830 2725 869 2749 se
901 2714 1092 2760 copulatos
1115 2725 1199 2748 esse.
1249 2713 1298 2748 Et
1328 2714 1463 2748 eiusmo
1491 2714 1504 2748 i
1538 2714 1761 2749 testationem
1791 2715 1968 2760 siquidem
1998 2716 2163 2761 accipere
2192 2717 2302 2752 velint
2326 2718 2400 2753 sive

169 2758 273 2794 ambo
298 2758 553 2795 contrahentes
575 2761 649 2794 sive
673 2759 781 2795 etiam
807 2760 980 2794 alteruter
1005 2770 1148 2801 eorum,
1185 2758 1253 2794 hoc
1284 2763 1398 2804 aqant
1428 2760 1532 2804 eique
1554 2759 1785 2795 subscribant
1806 2761 2121 2805 et‚sanctz·ssimae
2146 2762 2318 2798 ecclesiae
2341 2762 2399 2799 de-

167 2805 298 2850 fensor
316 2807 352 2839 et
369 2804 501 2850 reliqui
522 2809 594 2840 tres
614 2805 670 2840 vel
691 2808 932 2850 quotcumque
956 2805 1110 2840 voluerit
1132 2807 1218 2847 (non
1242 2804 1360 2838 minus
1385 2808 1502 2839 tamen
1526 2816 1634 2850 quam
1660 2809 1744 2847 tres)
1770 2805 1911 2840 litteras
1933 2805 1973 2840 id
1995 2806 2115 2853 ipsum
2139 2808 2398 2853 siqnificantes.

170 2851 191 2885 2
240 2849 284 2884 Si
305 2861 389 2885 vero
414 2860 457 2885 ne
481 2849 550 2885 hoc
574 2849 716 2895 quidem
739 2850 793 2885 illi
817 2861 836 2885 e
862 2850 974 2892 erint,
1002 2855 1117 2885 tamen
1142 2849 1314 2884 eiusmodi
1338 2848 1501 2884 chartam
1525 2850 1685 2896 deponat
1707 2851 1933 2886 venerandae
1957 2852 2128 2888 ecclesiae
2153 2853 2251 2889 illius
2274 2853 2399 2899 defen-

169 2906 232 2930 sor
255 2895 293 2929 in
317 2895 473 2930 eiusdem
496 2896 744 2931 sanctissimae
767 2895 936 2931 eccesiae
961 2894 1117 2931 archivis
1133 2894 1213 2938 (hoc
1233 2899 1285 2929 est
1309 2894 1346 2929 in
1367 2905 1472 2929 sacro
1492 2894 1573 2929 loco
1592 2895 1652 2930 ubi
1669 2906 1757 2931 vasa
1780 2899 1984 2939 servantur)
2007 2908 2101 2943 quae
2117 2899 2401 2945 subscriptiones

170 2951 262 2986 quas
285 2940 446 2975 diximus
469 2939 616 2982 habeat,
641 2944 682 2976 ut
704 2944 906 2976 reservetur
930 2940 1131 2976 hominibus
1154 2940 1331 2975 securitas
1361 2951 1455 2985 quae
1485 2940 1569 2975 inde
1598 2945 1757 2986 paratur
1787 2953 1874 2977 neve
1897 2942 2003 2978 aliter
2027 2943 2219 2979 videantur
2242 2945 2400 2990 nuptiali

170 2985 305 3065 ‹Jzffectu
335 2985 391 3020 illi
422 2985 495 3031 ipsi
525 2986 730 3021 convenisse
762 2986 831 3021 nisi
863 2986 951 3031 quid
982 2985 1158 3021 eiusmodi
1186 2986 1328 3031 factum
1360 2986 1408 3020 sit
1430 2989 1465 3020 et
1488 2996 1547 3020 res
1571 2986 1715 3020 omnino
1739 2997 1789 3022 ex
1813 2986 1942 3022 litteris
1968 2989 2206 3024 testimonium
2231 2990 2399 3036 accipiat.

209 3031 241 3065 is
264 3034 383 3066 autem
406 3031 459 3065 ita
481 3031 595 3075 factis
619 3035 654 3066 et
673 3031 822 3077 nuptiae
845 3035 881 3066 et
902 3031 1026 3077 proles
1049 3042 1098 3067 ex
1121 3042 1161 3066 eo
1183 3035 1381 3077 procreata
1407 3030 1585 3076 leqitimae
1600 3031 1682 3065 sint.
1734 3031 1835 3067 Haec
1850 3042 1935 3067 vero
1953 3033 2104 3069 dicimus
2124 3034 2185 3069 ubi
2205 3035 2343 3070 nullum
2355 3036 2401 3080 sit

171 3075 266 3110 dotis
288 3079 353 3110 aut
372 3076 632 3122 antenuptialis
655 3076 863 3111 donationis
887 3077 1170 3112 instrumentum.
1221 3076 1305 3112 Cum
1326 3077 1417 3111 enim
1436 3087 1515 3111 eam
1562 3087 1631 3111 uae
1647 3087 1670 3111 a
1686 3076 1775 3112 solis
1800 3077 1947 3113 testibus
1962 3082 2176 3124 praestatur
2196 3079 2305 3124 fidem
2327 3091 2400 3126 pro

171 3121 195 3156 3
241 3123 409 3165 suspecta
433 3119 626 3156 habeamus
649 3121 699 3156 ad
717 3124 944 3167 praesentem
968 3122 1127 3157 venimus
1150 3121 1450 3157 constitutionem.
1566 3121 1703 3167 uisquis
1727 3125 1846 3157 autem
1870 3122 2044 3158 abiectam
2069 3124 2171 3171 deqit
2193 3126 2313 3167 vitam,
2338 3126 2401 3171 qui

171 3164 313 3210 quidem
336 3169 370 3200 et
393 3165 550 3211 exiquae
571 3166 794 3201 substantiae
817 3166 984 3201 dominus
1014 3168 1062 3202 sit
1092 3170 1127 3202 et
1157 3166 1196 3201 in
1220 3167 1342 3211 infima
1366 3167 1480 3212 plebis
1501 3168 1609 3212 parte
1630 3170 1832 3209 censeatur,
1856 3167 1918 3202 ille
1941 3168 1979 3203 in
2009 3168 2067 3204 his
2087 3181 2230 3216 quoque
2255 3170 2400 3205 licentia
2434 3169 2438 3174 '

171 3213 306 3245 utatur.
353 3208 426 3245 Secl
445 3222 490 3246 ne
509 3212 664 3246 rusticos
683 3211 825 3257 quidem
841 3211 1002 3248 homines
1023 3223 1137 3258 neque
1156 3211 1285 3248 milites
1303 3213 1342 3246 in
1359 3212 1470 3247 armis
1491 3217 1697 3257 occupatos,
1722 3223 1815 3257 quos
1839 3212 1901 3248 leoe
1919 3213 2098 3260 caliqatos
2120 3219 2237 3257 vocat,
2263 3215 2332 3250 hoc
2348 3219 2402 3251 est

170 3256 315 3290 viliores
339 3259 373 3291 et
397 3254 642 3299 obscuriores,
677 3267 879 3299 moramur,
916 3257 1044 3302 quibus
1080 3256 1233 3293 civilium
1266 3268 1388 3292 rerum
1419 3257 1630 3303 iqnorantia
1661 3261 1694 3291 et
1719 3257 1835 3292 solius
1860 3268 1994 3304 operae
2030 3259 2067 3294 in
2093 3263 2211 3296 terrae
2238 3260 2335 3296 cultu
2365 3265 2402 3297 et

229 3395 249 3427 8
278 3394 338 3425 καὶ
368 3394 614 3435 ἐκκεχυμένως]
648 3394 706 3424 καὶ
732 3406 789 3426 om.
814 3404 833 3428 ς
861 3392 874 3436 ΙΙ
902 3395 942 3426 15
967 3393 1027 3434 τῆς
1053 3392 1252 3436 βασιλείας]

172 3439 278 3472 nostri
302 3438 434 3480 imperii
461 3450 478 3474 ς
496 3437 508 3481 ΙΙ
535 3440 576 3471 19
601 3433 724 3482 ἅτερος
749 3438 840 3471 malit
852 3438 1039 3471 Zachariae
1055 3438 1067 3479 ΙΙ
1087 3440 1129 3472 24
1154 3437 1253 3481 ἀλλὰ]

175 3483 233 3517 ille
255 3486 365 3517 tamen
390 3495 409 3519 ς
438 3483 450 3526 ΙΙ
480 3485 523 3518 33
549 3480 589 3516 δὲ
612 3496 669 3521 am.
685 3495 703 3519 ς
734 3483 757 3525 ΙΙψ
781 3484 822 3517 39
846 3484 910 3517 τοῦ
936 3479 1058 3527 δήμου]
1083 3485 1172 3519 vitae
1196 3497 1215 3521 ς
1244 3487 1254 3529 Η

176 3530 220 3563 42
243 3526 474 3574 καλλιγάτους
499 3529 544 3562 Μ

226 3664 246 3696 2
270 3663 336 3696 alia
357 3663 464 3705 Beck]
495 3664 537 3696 ad
563 3665 638 3697 libri
660 3664 673 3705 ss
701 3666 719 3698 5
745 3663 890 3696 voluerit
913 3665 999 3708 vulq.
1024 3663 1036 3707 ΙΙ
1066 3666 1086 3699 6
1111 3665 1257 3707 nuptiali

177 3707 240 3750 Rll
268 3710 285 3742 ’ἶ
312 3709 410 3742 effuse
435 3711 479 3750 et]
505 3711 537 3742 et
562 3722 619 3743 om.
642 3709 676 3742 V
692 3709 704 3752 ΙΙ
733 3711 752 3744 8
778 3711 854 3751 agat
879 3710 964 3753 ναῖς.
980 3709 993 3753 ΙΙ
1022 3712 1061 3744 11
1087 3708 1256 3744 atestatio-

178 3762 253 3785 nem
272 3753 306 3786 R
329 3754 523 3787 atestatione
545 3755 583 3797 V,
602 3768 659 3788 om.
676 3755 726 3787 T¹
746 3754 758 3798 ss
777 3755 817 3789 12
838 3755 1004 3788 inditione
1025 3755 1177 3800 RVT¹fl
1196 3756 1256 3789 illo

1323 3394 1376 3426 die
1396 3395 1448 3436 VH
1471 3394 1509 3426 13
1529 3393 1636 3425 nostri
1654 3393 1714 3425 illo
1729 3393 1862 3435 imperii
1879 3394 1931 3426 Ra
1954 3394 2015 3426 illo
2039 3395 2171 3437 imperii
2196 3397 2302 3429 nostri
2320 3395 2371 3430 Rb
2389 3397 2401 3442 ΙΙ

1324 3439 1454 3472 uenerit
1470 3439 1522 3471 Τι
1538 3438 1549 3481 l}
1571 3440 1612 3472 14
1629 3438 1700 3479 ille]
1723 3441 1754 3470 et
1775 3438 1832 3471 ille
1847 3439 1895 3472 122
1912 3439 1923 3482 ΙΙ
1945 3441 1984 3473 15
1998 3441 2145 3472 conuicti
2159 3442 2191 3474 R
2207 3442 2219 3485 ΙΙ
2239 3444 2280 3476 17
2296 3446 2402 3485 agunt

1324 3487 1356 3517 et
1379 3483 1591 3516 subscribunt
1608 3484 1640 3515 R
1656 3483 1667 3522 ΙΙ
1696 3486 1737 3517 19
1762 3486 1842 3525 non]
1868 3487 1900 3517 et
1924 3496 1991 3518 non
2015 3486 2048 3518 R
2067 3485 2078 3528 ΙΙ
2103 3487 2146 3520 24
2171 3490 2311 3528 egerunt
2333 3489 2366 3521 R
2389 3487 2402 3533 ΙΙ

1325 3532 1366 3563 25
1391 3529 1490 3561 talem
1515 3531 1678 3571 reponant
1702 3529 1751 3562 Βι
1786 3533 1925 3572 reponat
1948 3530 2047 3563 talem
2081 3531 2115 3564 V
2137 3531 2149 3576 ΙΙ
2187 3534 2230 3567 28
2254 3533 2399 3566 homini—

1324 3575 1384 3607 bus
1411 3575 1456 3616 T]
1482 3574 1634 3607 omnibus
1657 3574 1755 3619 RVH
1782 3576 1824 3609 29
1849 3586 1968 3608 nomen
1990 3576 2041 3609 V¹
2059 3575 2071 3620 ΙΙ
2098 3577 2142 3610 33
2167 3577 2310 3611 diximus
2333 3579 2368 3612 R
2390 3578 2402 3624 ΙΙ

1324 3623 1401 3653 ante
1425 3621 1558 3662 nuptias
1578 3620 1611 3653 V
1624 3619 1636 3663 ΙΙ
1652 3621 1695 3654 34
1720 3620 1808 3652 enim
1830 3622 1891 3653 del.
1906 3621 1954 3654 R2
1968 3621 1980 3665 ΙΙ
2001 3622 2041 3655 3ἵ
2067 3622 2194 3656 adiecta
2212 3623 2262 3656 13¹
2281 3623 2293 3667 ss
2309 3624 2401 3666 diget

1324 3666 1358 3698 R
1382 3665 1478 3707 deget
1496 3666 1528 3698 T
1546 3664 1560 3709 ΙΙ
1589 3666 1630 3699 39
1651 3668 1743 3708 parte
1763 3665 1832 3698 uite
1847 3666 1881 3698 R
1904 3665 1915 3711 ΙΙ
1943 3669 1985 3701 40
2004 3667 2167 3709 agricolas
2187 3669 2286 3713 vulq.]
2312 3670 2400 3711 agri-

1325 3710 1551 3744 colamRVT
1562 3710 1574 3755 ΙΙ
1593 3713 1632 3744 41
1653 3710 1872 3752 calligatosR
1895 3711 2055 3754 coligatos
2070 3713 2121 3746 Τ1
2147 3712 2160 3759 ss
2186 3715 2230 3749 42
2252 3725 2319 3748 non
2341 3728 2399 3749 om.

1324 3757 1429 3799 vulq.;
1456 3757 1515 3801 leq.
1541 3756 1625 3789 nos?
1651 3756 1663 3800 ΙΙ
1686 3756 1877 3798 ignorantia
1900 3758 1988 3803 ναῖς.
2033 3772 2039 3777 ·
