2586 3990
213 140 271 171 ΕΤ
298 139 388 173 1)Εο
416 140 687 174 AMABILIBUS

1286 128 1367 177 613

1940 134 2049 178 Nov.
2074 105 2254 178 ome
2283 137 2450 179 24—26

1183 266 1339 303 CAPUT
1364 266 1497 303 XXIV.

277 341 332 375 Εἴ
347 353 399 376 τις
423 340 463 375 δὲ
485 343 679 377 ἐπίσκοπος
703 340 725 386 ἢ
750 342 912 390 κληρικὸς
936 345 975 386 ἐξ
999 343 1211 389 οἱαςδήποτε
1236 346 1295 380 ἐπ-

213 390 335 431 αρχίας
359 388 398 421 ἐν
422 389 812 424 Κωνσταντινουπόλει
842 388 1022 435 εὑρεθείη,
1054 395 1116 424 καί
1138 402 1190 424 τις
1212 394 1294 435 βου-

212 430 310 478 ληθῇ
343 432 531 478 ἐναγωγὴν
566 431 648 467 κατ’
676 430 789 468 αὐτοῦ
818 436 1031 482 προθεῖναι,
1065 436 1096 469 εἰ
1118 438 1185 479 μὲν
1208 449 1294 481 προ-

211 477 379 522 κάταρξις
409 479 449 512 ἐν
483 478 527 524 τῇ
553 479 706 523 ἐπαρχίᾳ
735 478 826 524 ὑπὲρ
857 482 920 523 τῆς
952 478 1060 523 αὐτῆς
1084 478 1296 516 ὑποθέσεως

1412 345 1451 381 Si
1475 345 1553 390 quis
1577 346 1767 392 episcopus
1788 348 1853 383 aut
1877 346 2030 383 clericus
2054 357 2098 384 ex
2122 357 2344 394 quacumque
2364 357 2448 393 pro-

1364 391 1480 426 vincia
1512 391 1548 426 in
1574 392 1885 438 Constantinopoli
1908 393 2118 438 reperiatur,
2152 398 2187 429 et
2209 393 2361 430 voluerit
2384 393 2448 427 ali-

1365 437 1445 481 quis
1474 437 1644 472 adversus
1676 447 1757 472 eum
1790 439 1966 474 actionem
1994 448 2211 484 proponere,
2247 439 2278 474 si
2308 438 2450 483 quidem

1364 482 1435 517 litis
1461 482 1674 518 contestatio
1703 483 1740 517 in
1764 484 1948 527 provincia
1980 494 2044 528 pro
2067 485 2146 529 ipso
2177 485 2319 528 negotio
2349 483 2449 518 facta

210 523 456 578 γεγονεν,’έκεῖ
469 523 536 565 τὴν
549 521 652 567 δίκην
670 523 918 570 πληροῦσθαι·
936 526 968 559 εἰ
985 524 1025 559 δὲ
1039 525 1294 582 μήπωηῆρχθη,
1333 530 1435 570 5est,
1471 527 1522 562 ibi
1554 527 1651 562 litem
1685 528 1872 572 compleri3
1909 529 1940 563 si
1971 539 2054 565 vero
2089 529 2246 564 nondum
2281 528 2449 564 incohata

211 579 310 611 παρα
325 579 450 611 μονοις
470 571 543 602 τοῖς
560 567 807 610 ἐνδοξοτάτοις
830 569 998 615 ἐπάρχοις
1022 573 1099 604 τῶν
1122 582 1184 614 της
1208 585 1294 611 ανα-

209 610 315 655 τολῆς
344 617 583 659 πραιτωρίων
613 611 636 657 ἢ
668 617 742 649 τοῖς
772 613 863 661 παρ’
887 613 994 660 ἡμῶν
1026 612 1296 661 ἀφοριζομένοις

212 653 395 692 δικασταῖς
418 661 491 693 τοῖς
515 659 705 706 ἐνάγουσιν
729 656 842 695 αὐτὸν
866 658 1144 707 ἀποκρίνεσθαι.

1366 573 1436 613 est,
1469 571 1566 617 apud
1597 572 1887 615 gloriosissimum
1918 574 2139 618 praefectum
2164 574 2319 610 Orientis
2345 583 2448 618 prae-

1364 617 1537 653 toriorum
1567 620 1632 652 aut
1655 617 1752 661 apud
1776 627 1838 653 eos
1871 619 1933 663 qui
1956 629 1978 653 a
2001 619 2105 654 nobis
2129 619 2262 655 fuerint
2285 617 2449 664 deputati

1364 662 1501 699 iudices
1525 662 1816 698 convenientibus
1839 673 1921 699 eum
1944 664 2171 708 respondere.

1179 795 1337 832 CAPUT
1361 796 1474 832 XXV.

256 871 300 905 Οἱ
323 869 362 906 δὲ
378 866 636 917 εὖλαβέστατοι
660 873 926 922 ἀποκρισιάριοι
949 873 1161 917 οἱαςδήποτε
1184 872 1293 920 ἁγιω-

1419 874 1707 910 Reverentissimi
1731 885 1815 911 vero
1833 875 2061 928 apocrisiarii
2085 876 2341 921 cuiuscumque
2365 886 2447 911 san-

208 916 315 970 ἶιὲτης
340 917 524 972 ἐκκλησίας
547 920 583 953 οἱ
604 922 644 954 ἐν
672 921 718 974 τῇ
741 919 902 964 βασιλίδι
923 918 1027 955 πόλει
1049 918 1296 974 διατρίβοντες
1311 923 1351 955 10
1366 919 1546 956 ctissimae
1569 921 1751 963 ecclesiae,
1783 932 1842 965 qul
1865 922 1902 956 in
1927 922 2024 966 regia
2048 921 2192 957 civitate
2216 922 2358 967 degunt,
2386 924 2449 956 aut

207 976 229 1003 η
261 963 360 1007 παρὰ
392 976 475 998 τους
506 977 802 1010 μακαριωτατους
827 966 1048 1012 πατριάρχας
1071 979 1092 1008 η
1114 977 1293 1009 μητροπο-

209 1005 307 1041 λίτας
331 1009 431 1054 παρὰ
455 1011 533 1042 τῶν
558 1008 664 1044 ἰδίων
696 1010 910 1045 ἐπισκόπων
942 1009 1173 1055 στελλόμενοι
1204 1008 1296 1054 μήτε

209 1050 299 1097 ὑπὲρ
335 1055 412 1087 τῶν
448 1052 553 1088 ἰδίων
587 1055 802 1090 ἐπισκόπων
836 1055 927 1100 μήτε
963 1053 1054 1100 ὑπὲρ
1087 1054 1296 1101 πράγματος

207 1099 270 1140 τῆς
293 1098 479 1155 ἐκκλησίας
503 1098 524 1142 ἢ
543 1103 661 1145 χρέους
685 1099 856 1154 δημοσίου
880 1099 901 1144 ἢ
928 1099 1111 1135 ἰδιωτικοῦ
1133 1113 1217 1134 τινα
1241 1102 1294 1134 ἐν·

1364 965 1411 999 ad
1435 965 1659 1001 beatissimos
1690 966 1917 1011 patriarchas
1949 969 2013 1002 aut
2040 968 2285 1012 metropolitas
2319 977 2341 1002 a
2373 967 2447 1002 suis

1365 1010 1544 1055 episcopis
1577 1011 1743 1046 destinati
1774 1022 1888 1056 neque
1920 1023 1984 1057 pro
2015 1013 2089 1047 suis
2121 1012 2299 1057 episcopis
2334 1022 2448 1056 neque

1364 1066 1429 1099 pro
1464 1066 1575 1091 causa
1607 1056 1781 1092 ecclesiae
1812 1060 1876 1091 aut
1899 1057 2018 1093 debito
2047 1058 2191 1102 publico
2223 1061 2287 1092 aut
2310 1057 2448 1102 privato

1365 1100 1520 1145 aliquam
1546 1102 1815 1137 conventionem
1840 1102 2051 1146 sustineant,
2076 1103 2144 1138 nisi
2159 1103 2365 1139 mandatum
2385 1103 2448 1136 ha-

209 1155 355 1189 αγωγην
387 1158 408 1187 η
440 1149 640 1187 απαίτησιν
675 1149 968 1200 υπομενέτωσαν,
1005 1147 1035 1180 εἰ
1066 1146 1114 1199 μὴ
1148 1145 1294 1198 ἐντολὰς
1314 1148 1351 1180 15
1365 1146 1507 1181 buerint
1539 1157 1561 1182 a
1591 1147 1663 1182 suis
1690 1147 1868 1191 episcopis
1899 1150 1962 1182 aut
1994 1148 2213 1191 oeconomis,
2246 1151 2287 1183 ut
2310 1148 2448 1192 aliquos

208 1189 322 1229 ἔχοιεν
345 1190 444 1235 παρὰ
467 1192 544 1224 τῶν
569 1189 673 1224 ἰδίων
699 1189 912 1226 ἐπισκόπων
929 1190 950 1234 ⁷}
966 1192 1181 1235 οἰκονομων,
1207 1202 1294 1225 ωςτε

207 1237 306 1267 τισὶν
323 1233 483 1281 ἐνάγειν·
509 1238 708 1278 τηνικαῦτα
730 1237 797 1282 γὰρ
816 1234 940 1280 μόνοις
964 1240 1036 1271 τοῖς
1061 1234 1151 1281 παρ’
1173 1233 1295 1270 αὐτῶν

207 1280 435 1325 ε’ναγομένοις
457 1278 604 1325 δίδομεν
629 1280 767 1324 ἄδειαν,
789 1281 855 1316 ἐάν
875 1295 959 1316 τινα
978 1281 1168 1336 ἐναγωὶγὴν
1187 1282 1295 1324 ἔχωσι

207 1325 298 1358 κατὰ
316 1326 379 1368 τῆς
395 1325 579 1368 ἐκκλησίας
596 1323 619 1369 ἢ
635 1328 699 1360 τοῦ
717 1326 927 1369 ἐπισκόπου,
952 1325 1036 1361 κατ’
1057 1328 1180 1361 αυτιῦν
1204 1339 1293 1372 προ-

1365 1191 1592 1226 conveniant:
1630 1195 1716 1227 tunc
1740 1193 1834 1227 enim
1865 1193 1950 1228 solis
1981 1193 2050 1228 illis
2082 1194 2141 1238 qui
2171 1194 2217 1228 ab
2242 1193 2293 1229 eis
2318 1202 2447 1228 conve-

1363 1236 1512 1271 niuntur
1536 1237 1661 1272 damus
1685 1237 1884 1281 licentiam,
1917 1238 1947 1272 si
1971 1247 2076 1282 quam
2108 1239 2360 1283 obligationem
2383 1238 2447 1272 ha-

1363 1281 1449 1315 bent
1482 1285 1606 1316 contra
1637 1283 1826 1317 ecclesiam
1858 1285 1923 1318 aut
1952 1286 2078 1318 contra
2103 1284 2291 1328 episcopos
2325 1294 2448 1319 eorum

1362 1336 1575 1370 proponere.
1613 1327 1650 1362 Si
1666 1337 1749 1362 vero
1772 1328 1862 1362 etin
1880 1328 2091 1371 quibusdam
2116 1330 2235 1364 causis
2259 1329 2314 1364 vel
2334 1329 2446 1364 actio-

207 1370 364 1403 τιθέναι.
413 1372 443 1404 εἰ
467 1369 507 1404 δὲ
526 1374 586 1405 καὶ
606 1373 670 1406 ἐπί
687 1383 760 1405 τισι
782 1370 995 1425 πράγμασιν
1015 1370 1054 1428 ἢῗ
1067 1371 1190 1427 ἀγωγῇ
1215 1372 1292 1404 ἑαυ-
1308 1373 1349 1405 20
1362 1371 1468 1407 nibus
1500 1375 1612 1407 semet
1641 1373 1739 1417 ipSOS
1773 1372 1948 1417 obligatos
1980 1374 2129 1408 fecerint
2160 1374 2197 1409 in
2221 1378 2380 1419 tempore
2409 1373 2448 1408 in

206 1415 288 1449 τοὺς
304 1414 447 1458 ἐνόχους
463 1416 677 1459 ποιήσουσιν
701 1419 741 1451 ἐν
756 1431 809 1459 τῳ
828 1431 941 1465 καιρῳ
960 1419 999 1452 ἐν
1021 1431 1050 1460 ῳ
1068 1429 1130 1451 τας
1147 1420 1292 1461 αποκρί-

206 1471 277 1494 σεις
301 1463 504 1505 ποιοῦνται,
529 1465 588 1495 καὶ
608 1462 673 1496 τὰς
690 1459 780 1508 ὑπὲρ
796 1462 938 1498 τούτων
955 1463 1141 1510 ἐναγωγάς
1165 1459 1293 1496 αὐτοὺς

206 1503 463 1549 ὑποδέχεσθαι.

1363 1427 1433 1469 quo
1447 1427 1632 1498 t:responsa
1654 1418 1803 1462 faciunt,
1828 1422 1864 1454 et
1885 1428 1951 1463 pro
1976 1418 2032 1454 his
2057 1419 2309 1455 conventiones
2333 1419 2446 1455 susci-

1360 1473 1445 1506 pien
1465 1490 1472 1497 .

1162 1619 1318 1655 CAPUT
1342 1619 1472 1655 XXVI.

274 1697 320 1730 Εἰ
344 1694 383 1730 δὲ
406 1699 466 1730 καὶ
491 1698 681 1732 ἐπίσκοποι
712 1695 736 1741 ἢ
760 1696 919 1742 κληρικοὶ
950 1694 1041 1743 ὑπὲρ
1070 1700 1132 1741 τῆς
1157 1696 1296 1733 πόλεως

1411 1699 1449 1734 Si
1470 1708 1554 1734 vero
1577 1701 1613 1733 et
1632 1698 1794 1744 episcopi
1817 1699 1873 1735 vel
1894 1699 2014 1734 clerici
2037 1710 2102 1745 pro
2128 1701 2271 1736 civitate
2295 1703 2359 1736 aut
2382 1712 2448 1746 pro

206 1740 229 1784 ἢ
252 1743 315 1785 τῆς
339 1739 430 1775 ἰδίας
455 1741 640 1785 ἐκκλησίας
671 1741 730 1776 διὰ
755 1747 953 1789 πρεσβείαν
983 1743 1068 1777 τινὰ
1094 1742 1117 1787 ἢ
1141 1747 1350 1789 χειροτο-25
1365 1744 1439 1780 suis
1475 1744 1636 1779 ecclesiis
1672 1749 1820 1789 propter
1854 1745 2064 1789 legationem
2100 1746 2155 1781 vel
2190 1747 2449 1782 ordinationem

204 1790 289 1821 νίαν
322 1786 522 1822 ἐπισκόπου
554 1789 602 1821 εἰς
630 1788 697 1832 τὴν
729 1786 900 1832 βασιλίδα
930 1787 1041 1823 πόλιν
1069 1786 1094 1844 ᾗ
1126 1791 1165 1822 ἐν
1195 1788 1319 1832 ἄλλῳ>

205 1830 410 1876 οἱῳδήποτε
426 1831 530 1876 τόπῳ
549 1832 800 1877 ἐνδημήσουσι,
824 1830 1014 1877 κελεύομεν
1036 1834 1165 1868 αυτους
1189 1833 1294 1878 μηδε-

204 1882 292 1922 μίαν
317 1875 523 1919 ἐπάχθειαν
547 1876 569 1921 ἢ
593 1878 741 1922 ὄχλησιν
765 1876 839 1913 άπὸ
865 1877 1079 1922 οἱουδήποτε
1103 1877 1294 1923 προςώπου

205 1921 447 1968 ὑφίστασθαι,
466 1920 587 1957 ἀδείας
603 1924 709 1967 οὔσης
726 1927 796 1958 τοῖς
812 1922 1040 1958 ὑπευθύνους
1055 1920 1184 1958 αὐτοὺς
1200 1926 1295 1967 ἐχειν

1363 1789 1525 1834 episcopi
1548 1789 1595 1824 ad
1619 1790 1752 1833 regiam
1775 1790 1951 1826 civitatem
1975 1791 2030 1825 vel
2053 1791 2100 1826 ad
2124 1791 2232 1826 alium
2257 1792 2449 1836 quemlibet

1363 1835 1480 1870 locum
1505 1834 1790 1879 proficiscantur,
1822 1836 1987 1870 iubemus
2011 1845 2071 1871 eos
2094 1837 2229 1872 nullam
2251 1838 2448 1873 molestiam

1363 1884 1427 1915 aut
1449 1880 1756 1924 importunitatem
1780 1891 1803 1916 a
1827 1881 1984 1925 qualibet
2007 1891 2164 1926 persona
2188 1883 2373 1926 sustinere,
2405 1883 2447 1919 li-

1365 1925 1482 1960 centia
1505 1926 1680 1960 existente
1702 1926 1758 1961 his
1792 1927 1852 1971 qui
1877 1926 2052 1970 obligatos
2083 1937 2145 1963 eos
2170 1930 2299 1972 putant
2322 1938 2361 1963 se
2384 1928 2447 1963 ha-

205 1970 407 2012 νομίζουσι,
438 1965 531 2012 μεθ’
559 1966 582 2002 ὂ
612 1970 660 2003 εἰς
691 1969 759 2012 τὴν
791 1971 969 2014 ἐπαρχίαν
1000 1967 1292 2016 ὑποστρέφουσιν
1306 1973 1348 2005 30
1362 1971 1457 2013 bere,
1482 1974 1672 2015 postquam
1696 1971 1741 2006 ad
1757 1971 1974 2016 provinciam
1997 1976 2234 2016 revertuntur,
2259 1974 2448 2009 convenire

274 2073 300 2092 c.
315 2059 667 2091 XXIV—XXVIII
686 2071 724 2093 ex
749 2061 784 2092 B
809 2062 924 2102 repetit
946 2059 1128 2094 Νοιηοι,·.(17η
1141 2061 1294 2094 XIVtit.
1309 2063 1377 2103 9,1,
1402 2074 1553 2095 summam
1575 2070 1725 2104 praestat
1749 2063 1882 2096 Nomoc.
1909 2064 1950 2096 ib.
1973 2075 2008 2105 p.
2023 2065 2088 2096 540
2101 2064 2209 2098 Pitra.

275 2118 300 2138 c.
316 2104 451 2137 XXVI
470 2116 621 2137 summam
641 2104 718 2137 Ath.
739 2107 855 2148 repetit
877 2106 1004 2138 libellus
1027 2107 1109 2149 περὶ
1131 2101 1322 2149 διαφόρων
1342 2102 1646 2151 ἀναγνωσμάτων
1669 2107 1690 2150 ξ
1710 2110 1724 2140 1
1746 2120 1781 2150 p.
1798 2110 1857 2141 191
1879 2108 2070 2140 Heimbaclz.

341 2226 472 2261 XXIV.
522 2224 564 2260 Si
588 2226 650 2271 qui
673 2229 790 2261 autem
814 2236 863 2261 ex
887 2236 1114 2278 quacumqae
1131 2226 1327 2277 provincia
1349 2238 1369 2262 e
1397 2227 1542 2272 iscopus
1564 2226 1622 2262 vel
1644 2227 1797 2263 clericus
1823 2227 2137 2274 Constantinopoli
2159 2229 2376 2273 inveniatur,
2411 2236 2448 2268 et

207 2273 289 2319 quis
313 2272 487 2307 actionem
520 2276 650 2306 contra
677 2281 756 2305 eum
781 2281 923 2306 movere
946 2270 1117 2313 voluerit,
1141 2281 1172 2305 ει
1198 2271 1340 2317 quidem
1378 2271 1438 2306 itis
1462 2272 1674 2308 contestatio
1707 2273 1745 2308 in
1765 2273 1956 2319 provincia
1988 2273 2032 2308 de
2054 2273 2177 2308 eadem
2209 2284 2320 2310 causa
2341 2278 2447 2328 facta

206 2322 270 2360 est,
303 2317 352 2352 ibi
376 2316 421 2351 lis
439 2319 669 2363 peraqatur;
703 2316 759 2350 sin
783 2315 943 2350 nondum
968 2319 1098 2361 coepta
1122 2319 1186 2358 est,
1219 2316 1321 2362 apud
1342 2316 1442 2352 solos
1465 2317 1748 2362 qloriosissimos
1768 2318 1980 2364 praefectos
1996 2319 2189 2365 praetorio
2211 2319 2368 2356 Orientis
2392 2322 2447 2358 vel

207 2362 308 2409 apud
330 2361 468 2396 iudices
491 2373 513 2395 a
537 2361 641 2396 nobis
665 2360 861 2395 destinatos
885 2361 930 2395 iis
954 2361 1017 2406 qui
1041 2372 1120 2395 eum
1145 2362 1362 2397 conveniunt
1386 2361 1615 2407 respondeat.

342 2406 455 2442 XXV.
504 2406 782 2451 Reliqiosissimi
811 2409 929 2441 autem
960 2406 1198 2451 apocrisiarii
1226 2407 1481 2452 cuiuscumque
1512 2407 1759 2442 sanctissimae
1790 2407 1978 2449 ecclesiae,
2011 2407 2074 2452 qui
2104 2408 2143 2442 in
2165 2409 2269 2454 reqia
2302 2410 2447 2447 civitate

207 2453 343 2498 dequnt
367 2455 432 2487 ant
455 2451 504 2486 acl
527 2451 749 2486 beatissimos
767 2450 1006 2496 patriarchas
1030 2455 1095 2485 aut
1117 2451 1420 2497 metropolitanos
1444 2452 1488 2487 ab
1513 2451 1693 2498 episcopis
1716 2451 1793 2486 suis
1817 2451 2020 2493 mittuntur,
2043 2463 2159 2498 neque
2175 2464 2245 2499 pro
2268 2456 2447 2502 episcopis

206 2499 282 2533 sais
307 2503 422 2542 neque
442 2508 514 2543 pro
531 2496 676 2541 neqolio
701 2497 872 2531 ecclesiae
894 2506 983 2530 suae
1001 2496 1057 2531 vel
1071 2495 1190 2531 debito
1208 2496 1357 2543 publico
1382 2500 1447 2532 aut
1461 2498 1612 2543 privato
1630 2496 1807 2531 actionem
1832 2496 1942 2532 ullam
1963 2496 2019 2532 vel
2033 2498 2259 2534 eecaclionem
2282 2501 2445 2544 subeant,

206 2543 277 2578 nisi
301 2542 510 2577 mandatum
534 2541 691 2577 habeant
722 2540 766 2576 ab
791 2540 973 2587 episcopis
1002 2541 1078 2575 suis
1110 2544 1176 2576 aut
1200 2542 1413 2583 oeconomis,
1446 2546 1485 2577 ut
1510 2542 1652 2587 aliquos
1683 2541 1916 2577 conveniant:
1954 2545 2037 2576 tunc
2068 2543 2162 2577 enim
2193 2544 2282 2578 solis
2305 2545 2352 2580 iis
2383 2548 2446 2592 qui

206 2588 251 2624 ab
275 2588 366 2634 ipsis
390 2587 651 2622 conveniuntur
674 2586 892 2631 facultatem
915 2585 1059 2628 damas,
1091 2586 1123 2620 si
1148 2597 1255 2631 quam
1279 2587 1456 2622 actionem
1481 2591 1611 2633 contra
1634 2586 1820 2622 ecclesiam
1845 2590 1909 2622 aut
1932 2587 2139 2633 episcopum
2163 2586 2335 2632 habeant,
2367 2602 2446 2626 eam

206 2633 380 2669 adversus
403 2631 487 2666 illos
510 2630 730 2666 instituendi.
781 2630 916 2673 Quodsi
939 2631 1045 2665 etiam
1077 2631 1115 2666 in
1140 2631 1352 2676 quibusdam
1384 2632 1505 2667 causis
1535 2631 1593 2667 vel
1614 2631 1756 2666 actione
1782 2642 1820 2666 se
1845 2631 2086 2677 obliqaverint
2115 2643 2156 2667 eo
2182 2636 2343 2680 tempore
2374 2647 2445 2681 qao

205 2688 382 2724 responsa
403 2677 562 2722 faciunt,
586 2676 631 2711 de
655 2675 711 2711 his
735 2686 879 2722 quoque
902 2676 1064 2711 actiones
1086 2676 1297 2722 suscipiant.

340 2722 472 2757 XXVI.
521 2720 565 2756 Si
586 2725 705 2756 autem
728 2720 890 2767 episcopi
912 2720 968 2756 vel
990 2721 1115 2756 elerici
1135 2732 1212 2767 pro
1237 2721 1380 2757 civitate
1411 2721 1469 2757 vel
1490 2721 1641 2757 ecclesia
1671 2732 1739 2756 sua
1756 2725 1916 2767 propter
1940 2722 2155 2768 leqationem
2188 2723 2350 2769 aliquam
2382 2731 2446 2762 aut

206 2768 371 2816 episcopi
396 2766 612 2802 creationem
636 2767 674 2800 in
698 2767 837 2812 rcqiam
861 2766 1038 2801 civitatem
1053 2767 1135 2818 ‚sive
1155 2767 1192 2801 in
1216 2766 1327 2801 alium
1340 2777 1608 2819 guemcumqae
1632 2766 1749 2802 locum
1768 2767 2012 2818 pervenerint,
2041 2767 2201 2803 iubemus
2224 2779 2286 2803 eos
2309 2771 2446 2806 nullam

206 2823 297 2848 onus
321 2816 385 2848 aut
407 2811 607 2847 molestiam
631 2811 676 2846 ab
700 2812 776 2846 ulla
791 2822 955 2857 persona
978 2814 1076 2856 pati,
1100 2821 1180 2846 cam
1206 2811 1311 2847 liceat
1333 2822 1378 2847 iis
1402 2823 1463 2857 qui
1488 2822 1526 2846 se
1549 2811 1634 2847 illos
1658 2812 1840 2847 obnoxios
1861 2811 1992 2848 habere
2010 2816 2159 2859 putant,
2187 2817 2384 2860 postquam
2407 2817 2445 2851 in

278 2951 291 2982 l
319 2949 353 2981 in
377 2961 438 2982 nm.
461 2945 522 2978 λύ’
538 2947 655 2989 capitis
679 2959 841 2979 numerum
865 2953 956 2979 notat
980 2946 1026 2978 M
1044 2942 1091 2987 (μ’
1103 2952 1149 2978 est
1165 2947 1196 2979 in
1211 2946 1260 2986 B)
1278 2945 1290 2988 ΙΙ

205 2992 240 3026 εἴ
259 3002 312 3025 τις
337 2988 377 3024 δὲ
398 2993 436 3031 S]
462 2991 492 3023 εἰ
509 2988 551 3023 δέ
564 3001 616 3023 τις
632 2991 663 3023 L
688 2990 724 3023 εἴ
733 3001 787 3023 τις
805 2991 881 3023 MB
897 2991 908 3034 ss
929 2992 948 3024 2
973 2987 1108 3035 εὑρεθῇ
1133 2991 1161 3023 S
1179 2989 1191 3034 ss
1206 2993 1288 3033 βου-

206 3036 335 3078 ληθέίη
361 3036 389 3069 S
397 3037 430 3068 B
445 3035 650 3075 (Nomocflm)
674 3035 686 3073 ΙΙ
713 3038 733 3069 4
758 3036 802 3077 τῆ
828 3036 981 3079 ἐπαρχία
1005 3038 1038 3068 in
1061 3037 1160 3068 litura
1182 3047 1220 3068 ea:
1245 3035 1288 3077 τῆ

206 3080 280 3114 ἰδία
298 3082 453 3125 ἐπαρχία
471 3093 564 3121 corr„
581 3080 625 3121 τῆ
644 3077 718 3113 ἰδία
735 3078 840 3113 πόλει
855 3093 880 3114 s.
891 3093 919 3114 υ.
936 3081 1012 3113 add.
1023 3080 1054 3113 L
1073 3079 1085 3122 ΙΙ
1102 3082 1122 3113 6
1137 3079 1234 3124 παρὰ
1246 3098 1287 3104 -—

207 3126 384 3170 ἐπάρχοις]
410 3125 499 3167 apud.
518 3125 790 3166 gloriosissimum
810 3125 1012 3167 praefectum
1038 3136 1057 3160 ς
1083 3125 1094 3168 ΙΙ
1119 3120 1290 3168 ὑπάρχοις

206 3173 368 3206 Nomoc.m
385 3171 397 3213 ΙΙ
417 3173 435 3204 8
453 3167 636 3203 δικασταῖς
650 3171 866 3211 ΜΒδςΙιιί]
886 3172 959 3203 τοῖς
978 3169 1091 3202 θείοις
1107 3166 1290 3202 δικασταῖς

205 3217 238 3250 L
255 3217 341 3259 vulq.
362 3217 443 3248 male
462 3216 686 3257 interpolatam
706 3215 717 3256 ΙΙ
735 3211 849 3248 αὐτὸν
874 3226 929 3248 om.
944 3215 972 3247 S
989 3214 1001 3258 ΙΙ
1017 3210 1290 3257 ἀποκρίνασθαι

206 3261 236 3294 S
259 3260 272 3304 ΙΙ
297 3263 334 3295 11
363 3258 476 3303 παρὰ]
501 3258 591 3302 πρὸς
608 3260 636 3293 S
658 3258 758 3304 παρὰ
774 3260 868 3304 (τῶν
883 3257 1178 3303 μητροπολίτιῦν)
1201 3257 1291 3304 πρὸς

207 3314 237 3340 et
256 3307 371 3339 deinde
395 3302 418 3347 ἢ
441 3303 548 3349 (πρὸς
572 3302 671 3345 roim>
692 3302 958 3348 μητροπολίτας
982 3306 1064 3337 coni.
1087 3305 1289 3343 Zachariae;

205 3352 264 3384 sed
287 3351 439 3383 traditam
466 3351 626 3382 lectionem
642 3350 761 3390 firmat
784 3350 848 3382 Iul.
875 3349 887 3392 ΙΙ
914 3351 954 3383 12
979 3347 1208 3392 στελλόμενοι
1233 3360 1289 3383 om.

200 3409 267 3440 pr„
291 3403 365 3439 post
389 3393 608 3440 πατριάρχας
631 3406 659 3427 υ.
677 3396 713 3428 11
741 3397 846 3437 suppl.
860 3395 1021 3428 Nomoan
1047 3393 1060 3438 ΙΙ
1079 3391 1202 3460 ,ἴμηδὲ
1219 3395 1290 3435 SL,

243 3439 251 3448 Ι
397 3441 405 3457 )ι
508 3437 514 3447 Ρ
931 3444 957 3460 m
1185 3440 1194 3450 1

204 3453 300 3525 ’ἕζέῗι
320 3459 364 3519 1-4
386 3450 603 3528 {tzitta}
618 3439 929 3527 fflffffiffffiffi
949 3437 1289 3527 eisissna‘tffffmff'i

209 3532 250 3563 16
274 3527 308 3571 ἢ]
333 3526 356 3571 ἢ
380 3533 440 3562 καὶ
463 3530 582 3562 Sanus
598 3529 610 3572 ΙΙ
633 3531 670 3563 17
697 3530 781 3570 τοῖς]
805 3530 951 3562 ἐκείνοις
974 3530 1046 3570 (om.
1059 3531 1152 3572 unus)
1173 3531 1201 3563 S
1216 3529 1229 3581 fl
1250 3531 1289 3564 18

207 3574 397 3620 ἐναγωγὴν
411 3575 521 3615 SLB]
548 3569 695 3619 ἀγωγὴν
709 3575 755 3607 Μ
771 3574 1009 3616 obligationem
1033 3574 1066 3615 (i.
1083 3587 1110 3607 e.
1123 3574 1290 3616 ένοχηνῗ)

208 3631 227 3655 ς
250 3619 261 3661 ΙΙ
289 3621 329 3652 19
354 3618 388 3661 ἢ]
421 3616 443 3661 ἢ
467 3618 560 3652 κατὰ
586 3621 640 3655 Sg
669 3619 680 3662 ΙΙ
709 3619 773 3652 τοῦ
805 3619 880 3662 (τοῦ
907 3631 962 3652 om.
982 3620 1043 3661 La)
1079 3618 1290 3662 ἐπισκόπου,

209 3660 292 3696 κατ’
309 3659 443 3705 αὐτῶν]
467 3665 635 3706 episcopos
652 3675 765 3696 corum
784 3676 803 3700 ς
818 3665 830 3708 ΙΙ
850 3666 891 3699 20
913 3661 1037 3710 ἀγωγῇ
1051 3665 1173 3706 MLB]
1198 3661 1291 3710 άγω-

208 3710 287 3759 γαῖς
310 3709 339 3742 S
347 3721 366 3746 ς
381 3709 394 3754 ΙΙ
413 3711 452 3743 21
480 3708 622 3752 ἐνόχους
643 3707 848 3752 ποιήσωσιν
865 3710 894 3743 S
923 3708 1134 3753 ποιήσουσιν
1151 3709 1293 3751 ἐνόχους

1359 2946 1410 2978 B⁰
1434 2945 1447 2988 ΙΙ
1471 2947 1600 2990 κρίσεις
1620 2946 1671 2979 La
1688 2945 1700 2989 11
1720 2947 1762 2979 23
1787 2942 2040 2985 ὑποδέξασθαι
2065 2949 2093 2981 S
2108 2948 2120 2992 ΙΙ
2139 2949 2183 2982 24
2207 2949 2400 2985 ἐπίσκοπος
2423 2949 2446 2995 ἢ

1358 2988 1521 3034 κληρικός
1534 2991 1696 3024 Νοιηοε.’”
1720 2991 1731 3033 ΙΙ
1758 2993 1799 3023 25
1820 2987 1843 3032 ἢ
1862 3011 1901 3014 -
1920 2990 2104 3035 ἐκκλησίας
2128 3005 2184 3027 om.
2199 2995 2231 3028 L
2249 2995 2261 3038 ΙΙ
2278 2996 2362 3029 τινὰ
2387 3009 2434 3030 om

1360 3036 1512 3077 Salat.)
1529 3037 1539 3078 ΙΙ
1560 3037 1600 3069 27
1626 3032 1865 3078 ἐκδημήσουσι
1889 3037 1918 3069 S

1427 3126 1447 3158 2
1471 3125 1518 3165 in]
1544 3127 1577 3157 et
1600 3125 1637 3157 in
1667 3126 1703 3167 V,
1729 3137 1783 3158 om.
1814 3125 1862 3158 T¹
1887 3126 1899 3168 ss
1924 3127 2097 3159 noluerint
2125 3128 2159 3160 V
2187 3127 2337 3160 noluerit
2361 3128 2411 3160 R¹
2433 3127 2445 3173 Η

1360 3172 1378 3204 3
1401 3169 1482 3210 quid
1506 3169 1554 3201 R¹
1573 3170 1585 3212 ΙΙ
1603 3172 1624 3203 4
1647 3171 1853 3212 prouintiam
1879 3170 1936 3214 ΤΗ
1954 3173 1974 3204 6
1997 3172 2172 3214 praefectis
2195 3173 2246 3204 Va
2263 3172 2275 3214 ss
2302 3174 2320 3205 7
2343 3173 2445 3205 fuerit

1358 3215 1427 3247 ΕΤ
1446 3214 1458 3256 ΙΙ
1486 3215 1504 3248 8
1530 3215 1665 3247 reddere
1689 3215 1722 3247 R
1750 3216 1761 3255 ΙΙ
1789 3217 1808 3248 9
1832 3215 2120 3249 Reuerentissimis
2142 3217 2188 3250 V¹
2212 3217 2225 3260 ΙΙ
2250 3218 2445 3259 apocrisarii

1357 3259 1452 3292 RV2
1475 3259 1684 3300 apocrisariis
1708 3260 1758 3292 V¹
1789 3262 1932 3302 aposarii
1959 3262 2009 3294 Τ1
2042 3262 2203 3305 apofarii,
2230 3263 2345 3295 deinde
2365 3273 2443 3304 apo-

1358 3304 1519 3346 cripharii
1550 3305 1602 3337 T2
1630 3305 1642 3348 ΙΙ
1670 3305 1832 3346 cuiusque
1863 3306 1894 3338 T
1920 3305 1932 3349 ΙΙ
1962 3308 2003 3341 12
2033 3307 2191 3339 destinati
2224 3306 2385 3349 episcopis
2418 3308 2450 3341 V

1359 3350 1520 3391 episcopis
1544 3350 1689 3382 ordinati
1714 3350 1875 3392 (ordinari
1899 3351 1945 3393 R)
1970 3352 2039 3385 ΒΤ
2058 3352 2070 3394 ss
2104 3354 2141 3385 13
2167 3352 2322 3384 ecclesiae
2347 3362 2444 3385 causa

1363 3396 1394 3427 Τ
1406 3394 1417 3437 ΙΙ
1436 3397 1494 3426 aut
1516 3395 1659 3435 privato]
1685 3405 1705 3427 a
1727 3395 1862 3437 priuato
1888 3397 1919 3428 R
1937 3396 1949 3439 ΙΙ
1970 3398 2012 3431 14
2035 3397 2190 3430 habuerit
2218 3397 2251 3430 V
2269 3397 2280 3439 ΙΙ
2309 3399 2348 3431 15
2368 3408 2442 3441 yco-

1359 3450 1458 3472 nomo
1483 3439 1605 3472 RVT²
1632 3442 1664 3472 et
1689 3441 1839 3472 conomio
1867 3440 1916 3473 Τ1
1932 3441 1944 3484 ΙΙ
1969 3443 2024 3483 ut]
2041 3444 2099 3474 aut
2126 3443 2158 3476 T
2165 3442 2175 3462 ¹
2193 3442 2205 3485 ΙΙ
2223 3441 2346 3483 aliquis
2366 3453 2444 3475 con-

1359 3485 1473 3516 ueniat
1498 3484 1530 3516 R
1554 3484 1565 3527 ΙΙ
1592 3486 1631 3518 16
1656 3484 1710 3517 illi
1736 3485 1786 3518 T¹
1803 3485 1815 3528 ΙΙ
1841 3486 2047 3519 conueniunt
2073 3487 2123 3520 Τι
2140 3487 2153 3531 ΙΙ
2181 3490 2221 3522 19
2246 3489 2278 3519 et
2302 3498 2357 3520 om.
2383 3488 2417 3520 V
2433 3487 2444 3531 ΙΙ

1359 3529 1493 3570 quidam
1517 3529 1566 3561 R¹
1591 3529 1603 3572 ΙΙ
1621 3531 1663 3563 20
1689 3530 1803 3563 fecerit
1825 3531 1857 3563 R
1880 3530 1892 3574 ss
1911 3533 1949 3564 21
1974 3533 2157 3574 suscipient
2178 3533 2224 3573 V]
2255 3533 2444 3575 suscipiunt

1360 3575 1428 3607 ΕΤ
1457 3574 1640 3616 suscipiant
1663 3576 1748 3618 vuly.
1779 3575 1790 3618 ΙΙ
1821 3577 1864 3609 24
1885 3578 1916 3607 et
1942 3588 1996 3609 om.
2023 3577 2156 3622 Rvuly.
2188 3576 2200 3618 ΙΙ
2229 3578 2270 3611 25
2296 3580 2442 3620 propter]

1359 3630 1417 3662 per
1431 3619 1478 3651 R¹
1496 3619 1508 3661 ΙΙ
1525 3619 1735 3661 legationem]
1758 3631 1850 3652 suam
1867 3621 2068 3663 legationem
2088 3623 2121 3656 V
2134 3622 2339 3665 legacionem
2351 3634 2444 3655 suam

1360 3664 1410 3697 R²
1433 3665 1445 3707 ΙΙ
1467 3664 1530 3705 vel]
1556 3668 1614 3697 aut
1636 3665 1670 3697 R
1695 3665 1706 3708 ΙΙ
1733 3667 1774 3699 29
1800 3666 1862 3706 his]
1889 3667 1918 3699 is
1942 3667 1992 3699 R¹
2014 3666 2027 3711 ΙΙ
2052 3677 2106 3701 eos
2130 3669 2234 3701 om.R
2251 3667 2263 3711 ΙΙ
2289 3669 2330 3702 30
2354 3670 2442 3711 post-

1361 3720 1460 3751 quam
1483 3729 1528 3734 ——
1552 3711 1657 3752 614‚1
1681 3710 1801 3743 habere
1826 3721 1880 3744 om.
1897 3711 1950 3744 Τι
