2586 3990
218 133 327 176 Nov.
356 131 494 175 CXIX
524 133 633 174 3—-5

1288 125 1376 174 574

1809 142 1871 174 m*
1899 140 2191 174 SPONSALIGIA
2218 136 2443 175 LARGITAS

1215 236 1374 273 CAPUT
1398 237 1462 273 111.

275 310 347 341 Καὶ
366 307 474 341 τοῦτο
496 304 586 349 πρὸς
606 305 667 338 ἐπὶ
687 303 827 340 τούτοις
849 300 1186 350 παρακελευόμεθα,
1211 300 1299 337 ὤςτε

216 353 315 396 εἴπερ
338 363 392 386 τις
415 351 455 385 ἔν
470 362 544 383 τινι
561 347 771 392 συμβολαίῳ
795 350 916 395 ἑτέρου
937 346 1132 391 ποιήσηται
1153 345 1299 403 μνήμην

217 396 447 441 συμβολαίου,
478 391 657 439 μηδεμίαν
682 395 720 427 ἐκ
743 393 877 437 ταύτης
899 394 962 436 τῆς
984 393 1123 436 μνήμης
1147 396 1298 437 απαίτη-

217 455 276 476 σιν
298 441 488 488 γίνεσθαι,
521 437 616 482 πλὴν
640 439 670 471 εἰ
721 439 743 481 ὴ
767 442 827 472 καὶ
850 438 894 472 τὸ
919 440 1043 483 ἕτερον
1067 437 1299 481 συμβόλαιον,

215 480 356 521 οὗτινος
370 483 493 530 μνήμη
510 483 603 518 κατὰ
619 483 662 517 τὸ
681 452 848 529 δ’ἔύτερον
862 486 998 529 γέγονε,
1023 482 1299 528 προκομισθείη,

222 529 237 541 “
271 531 375 575 ἑτέρα
410 528 661 576 παρασχεθείη
695 528 789 562 κατὰ
824 528 907 562 τοὺς
942 524 1074 572 νόμους
1108 524 1300 570 ἀπόδειξις,

215 573 344 620 ὅτιπερ
362 578 422 609 καὶ
443 571 464 617 ἡ
482 572 639 616 ποσά-της
661 564 702 616 ἧς
723 570 846 618 μνήμη
869 575 994 619 γέγονε
1013 574 1091 607 ταῖς
1111 568 1301 626 ἀληθείαις

216 619 453 666 έποφείλεται.
497 619 606 653 τοῦτο
629 618 699 664 γὰρ
723 621 783 652 καὶ
807 620 847 652 έν
862 621 935 652 τοῖς
951 616 1117 653 παλαιοῖς
1141 621 1299 664 ευρίσκο-

214 679 282 705 μεν
305 664 438 710 νόμοις.

1435 304 1486 339 Ει
1520 304 1589 340 hoc
1624 304 1772 350 insuper
1804 304 1978 350 iubemus,
2012 309 2055 343 ut
2083 307 2114 344 si
2143 307 2223 353 quis
2256 306 2295 342 in
2325 306 2444 351 aliquo

1369 348 1581 384 documento
1604 348 1752 385 alterius
1775 349 1888 393 faciat
1902 351 2114 388 mentionem
2129 352 2344 396 documenti,
2367 352 2444 387 nul-

1367 394 1438 429 lam
1462 403 1509 429 ex
1532 393 1601 429 hac
1623 394 1793 430 memoria
1820 393 1900 430 fieri
1923 397 2159 442 exactionem,
2191 397 2260 433 nisi
2291 401 2327 433 et
2349 396 2446 433 aliud

1367 438 1634 481 documentum,
1667 439 1770 475 cuius
1797 440 1968 476 memoria
1995 441 2033 477 in
2063 443 2221 480 secundo
2251 442 2351 478 facta
2378 445 2444 486 est,

1335 487 1354 519 5
1367 483 1582 528 proferatur,
1614 487 1679 519 aut
1709 484 1780 520 alia
1804 485 1999 520 secundum
2029 487 2126 531 leges
2157 487 2322 533 probatio
2347 487 2445 523 exhi-

1369 530 1506 570 beatur,
1538 529 1622 573 quia
1645 531 1681 564 et
1704 529 1897 573 quantitas,
1930 530 2032 566 cuius
2056 533 2226 568 memoria
2256 533 2356 569 facta
2379 535 2445 575 est,

1367 584 1434 653 Ero
1450 573 1598 655 qeritat?
1621 574 1782 610 debetur.
1829 574 1908 610 Hoc
1931 575 2026 611 enim
2049 582 2086 612 et
2106 576 2145 613 in
2159 578 2337 615 veteribus
2359 577 2444 623 legi-

1394 629 1436 654 us
1460 629 1646 655 inveniar.

1205 729 1362 765 CAPUT
1386 730 1448 766 IV.
1486 731 1499 742 ²

284 802 358 833 Καὶ
388 801 497 834 τοῦτο
527 797 568 833 δὲ
590 798 828 842 θεσπίζομεν,
859 794 948 832 ὥςτε
977 797 1098 832 εἴποτε
1130 796 1300 841 ἐκκλήτου
1314 800 1354 833 10

215 842 586 890 παρακολουθησάσης
602 846 642 878 έν
655 845 700 890 τῇ
717 842 905 887 τελευταίᾳ
921 844 1169 887 έμπροθέσμῳ
1186 840 1301 888 ἡμέρᾳ,

215 888 239 933 ἢ
261 892 365 934 μέρος
395 889 565 935 ἑκάτερον
597 887 621 932 ἢ
650 887 761 932 μόνος
785 886 805 922 ὁ
830 889 874 935 τῇ
899 887 1059 931 ἐκκλήτῳ
1083 887 1302 933 χρησάμενος

216 934 376 981 φθάσειε
396 938 456 968 καὶ
474 935 542 978 τὴν
557 934 683 968 ἑαυτοῦ
704 938 907 978 παρουσίαν
926 932 1145 979 φανερώσειε
1165 934 1220 975 τῷ
1236 932 1298 978 ἅρ-

215 993 317 1022 χοντι
342 981 393 1022 τῷ
410 978 577 1022 μέλλοντι
601 979 670 1021 τὴν
694 980 755 1021 τῆς
779 977 949 1021 έκκλήτου
970 977 1156 1013 ὑπόθεσιν
1179 978 1297 1018 ἐξετά-

1437 797 1515 833 Hoc
1540 808 1682 843 quoque
1706 798 1896 842 sancimus,
1923 802 1964 835 ut
1986 799 2018 835 si
2041 799 2182 844 quando
2206 800 2446 846 appellatione

1370 849 1494 879 secuta
1523 843 1560 879 iu
1592 844 1783 880 novissimo
1814 844 2031 880 indutiarum
2062 845 2118 881 die
2149 848 2214 881 aut
2240 855 2324 890 pars
2348 850 2446 881 utra-

1371 898 1438 932 que
1469 892 1533 923 aut
1564 889 1662 924 solus
1695 890 1755 934 qui
1787 890 2027 934 appellatione
2058 900 2144 926 usus
2176 895 2230 926 est
2250 892 2448 926 occurrerit

1368 938 1404 969 et
1427 943 1526 969 suam
1550 935 1789 978 praesentiam
1812 935 2093 971 manifestaverit
2114 935 2223 971 iudici
2246 935 2367 972 futuro
2384 946 2446 990 ap-

1369 978 1572 1024 pellationis
1605 979 1807 1015 examinare
1836 980 2004 1015 iudicium
2035 983 2100 1016 aut
2129 981 2204 1016 eius
2234 981 2447 1017 consiliarus

217 1026 294 1067 ζειν
316 1023 340 1068 ἢ
355 1027 427 1059 τοῖς
443 1022 556 1059 αὐτοῦ
572 1021 754 1070 συνέδροις
776 1023 799 1066 ἢ
824 1026 897 1058 τοῖς
913 1024 978 1057 τὰς
998 1021 1097 1057 δίκας
1113 1020 1299 1077 εἱςᾴγουσι,
1314 1026 1354 1058 15
1368 1027 1432 1059 aut
1463 1024 1523 1068 qui
1555 1024 1634 1059 lites
1666 1025 1924 1066 intromittunt,
1955 1029 1991 1061 et
2021 1026 2052 1061 Si
2082 1025 2191 1061 iudex
2214 1036 2295 1062 eum
2325 1026 2363 1061 in
2387 1026 2446 1061 de-

216 1072 276 1103 καὶ
306 1068 326 1103 ὁ
359 1067 530 1112 δικαστὴς
557 1071 690 1103 τοῦτον
725 1071 765 1103 έν
796 1072 873 1102 ταῖς
908 1067 1122 1114 ὡρισμέναις
1156 1072 1300 1114 ημέραις

216 1113 407 1159 δέξασθαι,ὴ
429 1113 676 1159 ἄναβάληται,
708 1112 822 1158 μηδὲν
846 1113 1031 1159 πρόκριμα
1061 1116 1134 1147 τοῖς
1184 1116 1301 1158 ἐρεσιν

216 1156 310 1203 ἢὲνὶ
325 1159 470 1195 τούτων
494 1162 532 1193 έκ
547 1157 677 1194 τούτου
701 1157 889 1194 παντελῶς
910 1158 1099 1205 γίνεσθαι,
1124 1127 1216 1192 ἀλλὰ
1240 1161 1300 1193 καὶ

1366 1069 1477 1104 finitis
1502 1068 1625 1104 diebus
1651 1070 1832 1114 suscipere
1857 1069 2008 1114 differat,
2032 1071 2170 1106 nullum
2191 1071 2447 1116 praeiudicium

1367 1114 1531 1159 partibus
1555 1117 1619 1149 aut
1642 1115 1703 1149 uni
1727 1115 1852 1150 harum
1876 1125 1920 1150 ex
1942 1115 2010 1151 hoc
2032 1116 2174 1160 penitus
2197 1116 2293 1158 fieri,
2325 1116 2388 1151 sed
2412 1119 2448 1151 et

1368 1162 1452 1204 post
1474 1159 1565 1194 haec
1588 1159 1786 1195 examinari
1807 1160 2063 1212 appellationes
2086 1161 2291 1197 huiusmodi
2315 1164 2351 1197 et
2365 1171 2446 1198 sen-

215 1205 307 1259 μετὰ
330 1205 448 1240 ταῦτα
473 1204 711 1248 ἐξετάζεσθαι
743 1204 808 1239 τὰς
830 1203 1000 1239 τοιαύτας
1024 1202 1210 1247 ἐκκλήτους
1240 1206 1301 1238 καὶ
1368 1204 1483 1239 tentia
1504 1204 1662 1248 legitima
1685 1206 1879 1240 terminari.

216 1262 330 1296 ψηφῳ
355 1251 602 1297 περαιοῦσθαι
626 1253 779 1294 νομίμῳ.

1314 1251 1356 1284 20

1216 1338 1374 1374 CAPUT
1399 1338 1442 1374 V.

265 1394 415 1443 εἘτερον
432 1397 521 1442 πρὸς
536 1397 676 1431 τούτοις
695 1394 892 1442 κεφάλαιον
910 1395 973 1438 τῆς
990 1392 1161 1440 ἡμετέρας
1181 1392 1300 1438 δεόμε-

215 1456 283 1478 νον
307 1442 527 1486 νομοθεσίας
550 1441 759 1485 συνείδομεν
779 1437 1135 1485 ἐπανορθώσασθαι.
1175 1438 1300 1483 ἐπειδὴ

215 1488 285 1535 γὰρ
309 1487 345 1521 οἱ
366 1485 532 1532 ἡμέτεροι
562 1485 669 1530 νόμοι
694 1485 922 1532 διορίζουσιν,
955 1485 1076 1519 εἴποτε
1100 1484 1136 1518 οἱ
1158 1483 1300 1526 ἐνδοξό-

216 1546 320 1567 τατοι
337 1534 487 1579 ἔπαρχοι
504 1533 582 1567 τῶν
600 1531 707 1578 ἱερῶν
723 1534 960 1586 πραξτιιζρίων
984 1531 1109 1575 ψ”φον
1134 1533 1301 1576 προενέγ-

1435 1394 1546 1430 Aliud
1577 1395 1623 1431 ad
1647 1394 1738 1430 haec
1762 1394 1959 1439 capitulum
1989 1399 2113 1432 nostra
2138 1397 2299 1442 indigens
2330 1397 2448 1443 provi-

1370 1439 1492 1475 dentia
1528 1441 1772 1485 perspeximus
1802 1440 2000 1476 emendare.
2048 1441 2140 1486 Quia
2176 1443 2269 1477 enim
2303 1446 2448 1479 nostrae

1368 1485 1462 1529 leges
1498 1485 1712 1527 decernunt,
1756 1485 1787 1520 si
1820 1485 1961 1530 quando
1995 1486 2241 1530 gloriosissimi
2274 1488 2449 1532 praefecti

1369 1540 1553 1566 sacrorum
1569 1530 1831 1575 praetoriorum
1847 1532 2058 1566 sententiam
2075 1532 2299 1584 protulerint,
2314 1534 2448 1569 nullam

216 1591 322 1618 κοιεν,
339 1575 520 1622 μηδεμίαν
536 1576 708 1619 ἔκκλητον
725 1589 794 1611 κατ
823 1587 932 1655 αυτᾌς
955 1577 1015 1610 ἐπι
1042 1573 1211 1618 ίδοσθαι,
1235 1576 1300 1609 θε-
1314 1578 1355 1611 25
1369 1575 1644 1620 appellationem
1676 1575 1844 1611 adversus
1869 1585 1947 1611 eam
1970 1577 2107 1621 offerri,
2138 1578 2330 1620 sancimus,
2361 1589 2447 1623 quo-

217 1625 403 1667 σπίζομεν,
438 1621 564 1656 ὁσάκις
594 1624 714 1668 ψῆφος
742 1622 821 1655 τῶν
852 1622 892 1655 ἐν
917 1618 1103 1661 οξοτάτων
1133 1618 1301 1666 ἐπάρχων

216 1666 430 1711 οἱανδήποτε
453 1667 621 1712 κλίματος
640 1666 887 1713 προενεχθείη,
912 1669 971 1700 καὶ
987 1664 1036 1700 εἶς
1051 1663 1100 1700 ais
1116 1665 1207 1700 εἰκὸς
1222 1667 1300 1700 τῶν

217 1712 467 1757 δικαζομένων
498 1715 655 1756 νομίσειε
680 1712 813 1746 ἑαυτὸν
834 1711 1086 1756 βεβαρῆσθαι,
1117 1712 1211 1753 ἔχειν
1232 1710 1300 1745 τὸν

216 1759 384 1793 τοιοῦτον
408 1756 536 1792 ἄδειαν
561 1755 819 1811 διδασκαλικὸν
842 1759 1053 1810 προςφέρειν
1070 1759 1143 1790 τοῖς
1158 1753 1300 1796 ἐνδοξο-

1367 1622 1459 1656 tiens
1485 1622 1662 1656 sententia
1685 1621 2020 1665 gloriosissimorum
2042 1623 2307 1666 praefectorum
2327 1625 2446 1659 cuius-

1371 1676 1521 1711 cumque
1544 1666 1698 1710 regionis
1723 1666 1914 1711 profertur,
1940 1670 1976 1702 et
1988 1677 2081 1702 unus
2098 1668 2221 1703 forsan
2235 1668 2448 1713 litigantium

1369 1711 1549 1756 putaverit
1580 1721 1618 1746 se
1641 1711 1798 1754 gravari,
1833 1712 1964 1747 habere
1988 1722 2068 1747 eum
2098 1712 2282 1749 licentiam.
2307 1714 2447 1759 petitio-

1369 1767 1449 1791 nem
1481 1756 1609 1792 offerre
1631 1756 1894 1800 gloriosissimis
1925 1757 2118 1801 praefectis
2151 1758 2212 1803 qui
2235 1759 2448 1794 sententiam

216 1803 340 1838 τάτοις
370 1802 539 1848 ἐπάρχοις
569 1805 643 1858 τοῖς
673 1816 741 1845 την
770 1803 896 1856 ψῆφον
927 1811 1151 1847 προαγουσιν
1184 1799 1206 1844 ἢ
1227 1803 1301 1835 τοῖς
1315 1803 1356 1836 30
1369 1802 1597 1847 protulerunt
1625 1805 1688 1836 aut
1711 1812 1834 1837 eorum
1860 1802 2068 1838 consiliariis
2097 1805 2161 1838 aut
2184 1813 2311 1840 causas
2334 1804 2447 1840 intro-

216 1848 360 1883 τούτων
383 1847 581 1892 συμπόνοις
611 1861 633 1890 η
666 1850 738 1882 τοῖς
769 1858 832 1881 τας
856 1844 956 1880 δίκας
979 1847 1177 1893 εἰςάγουσιν
1200 1845 1302 1880 ἐντὸς

217 1892 303 1928 δέκα
336 1890 481 1938 ἡμερῶν
504 1892 731 1947 προθεσμίας
753 1890 846 1937 μετὰ
870 1891 912 1925 τὸ
937 1890 1207 1936 προενεχθῆναι
1232 1890 1301 1934 τὴν

217 1941 354 1985 ψῆφον,
374 1935 467 1973 ὥςτε
485 1951 615 1974 τουτου
639 1936 1005 1984 παρακολουθοῦντος
1031 1936 1080 1981 μὴ
1104 1935 1221 1970 ἄλλως
1243 1937 1298 1970 ἐκ-

1371 1846 1583 1882 ducentibus
1614 1846 1709 1881 intra
1733 1847 1855 1882 decem
1879 1846 2015 1882 dierum
2041 1847 2198 1884 indutias
2222 1852 2306 1893 post
2327 1849 2446 1894 prola-

1370 1894 1443 1927 tam
1467 1892 1697 1934 sententiam,
1722 1895 1763 1926 ut
1786 1892 1855 1927 hoc
1879 1892 2071 1928 subsecuto
2095 1904 2168 1929 non
2191 1894 2296 1930 aliter
2318 1904 2447 1931 execu-

285 2021 312 2042 ο.
336 2008 400 2041 ΙΙΙ
420 2015 507 2041 extat
532 2008 564 2040 B
589 2008 649 2048 22,
675 2014 708 2049 4,
734 2014 747 2041 1
772 2013 850 2040 extr.
875 2005 938 2047 (B⁸
959 2007 993 2038 Β
1017 2006 1049 2046 5,
1070 2013 1087 2038 2
1106 2017 1141 2047 p.
1167 2005 1230 2038 138
1256 2005 1389 2047 ΖαεΙι.);
1428 2006 1448 2038 2
1473 2003 1539 2038 ἐάν
1562 2015 1616 2038 τις
1639 2004 1679 2038 ἔν
1702 2016 1777 2038 τινι
1800 2023 1845 2028 —-
1870 2006 1890 2038 6
1914 2001 2099 2045 ἀπόδειξις
2118 2007 2239 2050 paucis
2261 2009 2389 2042 mutatis
2413 2010 2447 2043 in

217 2054 366 2098 Epitome
392 2053 444 2092 12,
458 2060 493 2086 34
513 2065 548 2095 p.
564 2053 630 2086 354
647 2052 747 2085 Zack.
773 2070 817 2075 —
841 2051 975 2084 Summa
1001 2051 1121 2083 Theod.
1147 2051 1301 2093 repetitur
1325 2051 1358 2083 in
1382 2047 1455 2090 ΒΣ,
1479 2051 1554 2082 Aah.
1581 2051 1614 2083 in
1636 2050 1805 2092 paratitlis
1828 2050 1902 2083 Ath.
1921 2053 1963 2084 14
1982 2056 1997 2090 ς’
2015 2059 2042 2084 9.

284 2111 312 2132 c.
337 2098 401 2131 IV
417 2098 643 2141 Θεσπίζομεν
667 2091 763 2130 ὥστε
787 2121 888 2129 .....
914 2103 944 2128 et
975 2095 1010 2128 V
1028 2102 1137 2129 extant
1161 2095 1197 2128 Β
1222 2096 1253 2136 9,
1273 2102 1307 2137 2,
1331 2103 1347 2128 8
1379 2095 1418 2136 (c.
1448 2095 1483 2128 V
1502 2095 1724 2138 Θεσπίζομεν
1749 2090 1871 2128 ὁσάκις
1895 2096 2015 2141 ψῆφος
2040 2121 2138 2129 .....
2169 2097 2201 2131 in
2227 2098 2276 2131 B⁸
2299 2100 2335 2131 E
2355 2100 2386 2141 9,
2411 2106 2447 2134 23

213 2158 249 2188 p.
266 2145 332 2178 294
356 2143 484 2185 zach).
516 2162 559 2166 —
591 2143 724 2176 Summa
747 2142 824 2175 Atlz.
849 2142 1002 2184 repetitur
1026 2142 1059 2174 in
1086 2141 1257 2184 paratitlis
1282 2141 1358 2173 Ath.
1377 2142 1395 2173 7
1421 2144 1486 2180 §95
1526 2153 1552 2173 c.
1580 2140 1615 2173 V
1630 2141 1835 2174 summarium
1859 2141 1992 2175 habetur
2015 2137 2107 2176 Ῥοπ.
2133 2142 2169 2183 8,
2195 2150 2212 2178 8
2237 2144 2310 2185 (ubi
2330 2145 2448 2179 citatur

216 2187 327 2234 νεαρὰ
343 2186 426 2233 ρς’).

351 2265 416 2301 111.
465 2263 549 2300 Hoc
571 2274 715 2310 quoque
737 2268 929 2309 praeterea
941 2262 1207 2315 praecipimus,
1238 2266 1280 2297 ut
1300 2262 1333 2297 si
1356 2261 1439 2308 quis
1461 2262 1500 2296 in
1522 2261 1759 2298 instrumento
1782 2262 1906 2308 aliquo
1930 2262 2081 2298 alterius
2103 2263 2331 2301 instrumenti
2352 2277 2447 2302 men-

218 2312 350 2348 tionem
370 2310 514 2357 secerit‚
546 2309 648 2344 nulla
671 2319 721 2344 ex
744 2308 813 2343 liae
836 2311 1016 2344 mentione
1037 2307 1167 2354 petitio
1192 2311 1379 2350 nascatur,
1411 2307 1483 2342 nisi
1504 2307 1656 2342 alterum

1715 2317 1834 2353 uoque
1863 2308 2156 2351 instrumentum,
2189 2309 2291 2345 cuius
2313 2313 2446 2347 mentio

216 2358 255 2392 in
275 2356 391 2392 altero
412 2356 519 2402 facta
539 2358 603 2398 est,
621 2354 813 2401 prolatum
828 2353 886 2396 sit,
911 2352 969 2389 vel
986 2352 1062 2388 alia
1085 2352 1280 2388 seeundum
1304 2352 1402 2398 leqes
1414 2351 1587 2404 probatio
1608 2351 1696 2387 adlii
1719 2353 1771 2388 ita
1795 2353 2044 2398 quantitatem,
2069 2353 2171 2389 cuius
2189 2355 2321 2391 mentio
2339 2356 2448 2402 facta

216 2406 281 2445 est,
305 2412 431 2437 revera
454 2399 586 2436 deberi.
632 2399 716 2435 Hoc
739 2399 833 2435 enim
856 2398 964 2434 etiam
987 2398 1026 2433 in
1048 2397 1226 2434 veteribus
1249 2398 1388 2443 legibus
1411 2397 1618 2433 invenimus.

350 2445 413 2482 IV.
461 2445 544 2480 Hoc
568 2455 712 2491 quoque
733 2443 927 2486 sancimus,
955 2447 996 2478 ut
1016 2443 1048 2478 si
1072 2442 1219 2489 quando
1244 2442 1494 2489 appellatione
1515 2446 1639 2478 secuta
1663 2442 1788 2478 ultimo
1811 2443 1926 2494 fatali
1947 2443 2004 2479 die
2027 2443 2083 2479 vel
2105 2447 2258 2490 utraque
2272 2455 2370 2491 pars
2392 2446 2450 2482 vel

215 2493 315 2528 solus
337 2491 370 2527 is
393 2491 457 2537 qui
480 2490 725 2537 appellatione
748 2499 836 2524 usus
858 2492 913 2524 est
935 2489 1072 2525 venerit
1094 2494 1128 2524 et
1145 2488 1395 2541 praesentiam
1418 2498 1521 2523 suam
1546 2487 1834 2533 manifestaverit
1855 2488 2086 2534 maqistratui
2114 2499 2260 2525 causam
2283 2501 2306 2525 a
2330 2490 2446 2537 pella-

218 2538 327 2573 tionis
350 2536 608 2572 examinaturo
640 2534 696 2571 vel
717 2533 937 2569 consiliariis
960 2534 1037 2570 eius
1060 2533 1116 2569 vel
1137 2533 1182 2568 tis
1205 2534 1271 2579 qui
1293 2533 1373 2568 lites
1396 2532 1643 2575 introducunt,
1676 2538 1713 2568 et
1736 2532 1849 2569 iudea:
1872 2544 1951 2569 eum
1980 2534 2078 2569 intra
2100 2538 2258 2570 statutos
2308 2536 2360 2571 ies
2383 2535 2446 2571 ad-

216 2583 356 2618 mittere
379 2580 576 2623 distulerit,
607 2579 745 2615 nullum
762 2578 1032 2626 praeiudicium
1047 2578 1222 2624 partibus
1252 2578 1309 2614 vel
1330 2578 1394 2613 uni
1417 2589 1466 2614 ex
1489 2578 1536 2613 iis
1566 2576 1650 2613 inde
1674 2578 1820 2613 omnino
1846 2579 1999 2621 oriatur,
2029 2578 2093 2614 sed
2115 2581 2151 2615 et
2166 2583 2298 2625 postea
2322 2580 2446 2617 huius-

215 2627 314 2663 modi
336 2638 359 2662 a
384 2626 602 2673 pellationes
624 2624 880 2660 examinentur
902 2628 936 2660 et
960 2624 1120 2669 leqitima
1142 2623 1320 2659 sententia
1345 2623 1589 2659 terminentur.

350 2637 396 2708 θ.
443 2669 555 2706 Aliud
570 2675 767 2716 praeterea
790 2668 1025 2721 eaput-quod
1046 2668 1271 2715 leqislatione
1295 2672 1423 2704 nostra
1448 2667 1585 2714 indiqet
1614 2667 1804 2704 emendare
1829 2668 1933 2703 nobis
1954 2667 2103 2714 placuit.
2151 2668 2330 2712 Quoniam
2353 2671 2446 2706 enim

217 2718 313 2765 loyes
344 2719 493 2753 nostrae
521 2715 756 2762 praecipiunt
818 2759 826 2766 ·

216 2763 318 2798 nulla
340 2762 514 2798 adversus
544 2741 845 2812 eamtappellatio
875 2762 1104 2805 porrzqatur,

809 2719 850 2750 ut
879 2724 911 2749 st
943 2714 1089 2760 quando
1121 2713 1375 2760 qloriosissimi
1401 2713 1588 2760 praefecti
1614 2724 1721 2748 sacro
1750 2713 1940 2759 praetorio
1970 2714 2184 2749 sententiam
2207 2714 2446 2760 protulerint,

975 2760 982 2766 '
1135 2759 1328 2800 sancimuS,
1360 2763 1402 2794 ut
1424 2758 1564 2805 quoties
1593 2758 1772 2793 sententia
1802 2757 2145 2804 qloriosissimorum
2168 2759 2446 2811 praefectorum

216 2810 399 2844 cuiuscum
426 2817 471 2842 ue
500 2806 663 2852 reqionts
692 2805 841 2851 prolata
871 2805 920 2840 sit
946 2809 982 2840 et
1004 2815 1098 2840 unus
1120 2804 1222 2849 forte
1246 2803 1466 2849 litiqantium
1496 2815 1535 2839 se
1558 2808 1748 2850 qravatum
1773 2814 1854 2854 esse.
1865 2803 2074 2854 putaverit,
2081 2847 2087 2854 Ι
2104 2803 2211 2855 liceat
2233 2814 2265 2855 ep
2289 2803 2446 2840 libellum

217 2865 238 2889 ο
271 2865 352 2889 erre
375 2864 400 2898 9
416 2851 647 2887 oriosissimis
663 2850 871 2896 praefectis
901 2850 964 2895 qui
986 2849 1199 2886 sententiam
1226 2848 1464 2895 protulerunt
1492 2847 1549 2885 vel
1570 2859 1693 2884 eorum
1725 2848 1944 2883 cons-alearias
1975 2847 2032 2884 vel
2060 2858 2106 2882 iis
2137 2858 2198 2899 qui
2228 2848 2309 2884 lites
2331 2850 2446 2901 int-ro·-

243 2902 352 2934 ucunt
380 2898 478 2933 intra
506 2895 626 2932 decem
663 2895 801 2931 dierum
831 2895 990 2942 spatium
1018 2898 1105 2940 post
1134 2894 1347 2930 sententiam
1377 2893 1578 2940 prolatam,
1611 2897 1651 2928 ut
1678 2892 1745 2929 Ιιοο
1775 2893 1965 2929 subsecuto
1996 2903 2071 2927 non
2101 2892 2208 2928 aliter
2238 2898 2444 2929 executioni

287 2991 301 3022 1
331 2990 363 3022 in
375 3000 477 3030 marq.
499 2989 547 3029 βι.
572 2986 649 3020 τῶν
671 2983 873 3030 βασιλικῶν
890 2984 946 3028 κβ’
970 2988 1015 3018 τί.
1033 2981 1064 3017 δ’
1083 2983 1202 3029 ’νεαρὰ
1219 2983 1298 3032 (uus⁴

217 3046 263 3067 κε.
279 3032 308 3068 δ’
327 3034 358 3066 L
377 3032 390 3076 ΙΙ
405 3033 526 3073 τοῦτο]
547 3029 607 3064 διὰ
624 3031 685 3073 τῆς
700 3030 882 3077 παρούσης
897 3029 1124 3074 θεσπίζομεν
1139 3031 1214 3063 add.
1226 3030 1276 3062 L⁰
1288 3028 1299 3072 ΙΙ

218 3078 304 3123 πρὸς
328 3079 389 3112 ἐπὶ
407 3078 490 3118 ML]
515 3075 604 3122 πρὸς
629 3077 664 3110 Β
677 3077 764 3120 vuly.
783 3076 795 3119 ΙΙ
813 3078 833 3109 2
857 3075 1048 3118 ποιήσεται
1064 3074 1116 3108 B!
1130 3074 1143 3119 ΙΙ
1162 3076 1181 3109 8
1206 3071 1297 3119 εὑρί-

218 3125 360 3168 σκομεν]
384 3122 558 3155 invenitur
582 3133 601 3158 ς
624 3122 636 3165 ΙΙ
666 3124 687 3156 9
710 3118 846 3165 νόμοις]
872 3123 914 3164 ej:
940 3122 1191 3154 additamentum
1217 3121 1297 3163 Diq-

219 3171 271 3211 22,
285 3177 301 3204 3
326 3170 359 3203 in
411 3181 448 3201 ne
470 3169 651 3211 appositum
675 3167 712 3210 (I
725 3179 761 3210 p.
776 3168 841 3200 (349
862 3179 892 3199 n.
906 3174 919 3200 ι
934 3165 1096 3207 Momms.)
1119 3165 1132 3209 ΙΙ
1160 3167 1200 3199 10
1225 3160 1251 3219 ε’
1266 3164 1298 3196 L

219 3228 288 3247 mar
312 3239 319 3246 .
339 3213 352 3258 ΙΙ
391 3214 408 3245 ἃ
431 3225 489 3246 om.
506 3213 534 3245 L
553 3211 565 3255 ΙΙ
581 3211 702 3246 εἴποτε
725 3224 784 3245 om.
800 3212 850 3244 ΒΟ
868 3211 880 3253 ΙΙ
899 3213 935 3245 11
957 3208 1299 3254 παρακολουθουσης

221 3258 286 3304 ΒῧΙ
308 3260 347 3294 13
363 3257 533 3303 *φθάσοι
547 3258 624 3291 libri
634 3258 646 3294 11
661 3252 771 3289 αὐτοῦ
785 3256 836 3289 B‘
847 3255 859 3300 Η
875 3251 1108 3301 *φανερώσοι
1123 3254 1298 3300 (φανερώ-

219 3315 272 3337 σει
287 3305 349 3346 B‘)
375 3305 451 3336 libri
465 3302 478 3346 ΙΙ
499 3304 539 3337 16
556 3303 616 3334 καὶ
632 3298 651 3334 ὁ
671 3299 849 3343 δικαστὴς]
875 3304 908 3334 et
922 3301 952 3333 si
967 3300 1067 3333 iudex
1083 3312 1103 3336 ς
1119 3300 1132 3344 ΙΙ
1153 3302 1191 3334 17
1211 3296 1298 3332 ἀνα-

218 3348 374 3391 βιίληται
401 3347 503 3389 ΜΒἿ
527 3343 779 3390 ἆναβάλληται
803 3345 889 3379 LBr
901 3346 914 3385 ΙΙ
934 3348 975 3380 19
999 3346 1133 3379 vairas·
1148 3346 1218 3387 (sic)
1233 3345 1264 3377 L
1288 3344 1300 3387 ss

221 3396 261 3427 20
285 3393 338 3438 ψή
370 3395 412 3435 ῳ]
435 3393 480 3438 τῇ
505 3391 618 3437 ψήφῳ
635 3393 670 3424 Β
688 3392 699 3434 ΙΙ
717 3394 871 3433 νομίμῳ]
897 3387 1036 3424 δικαίου
1051 3390 1103 3423 B⁶
1120 3390 1132 3434 ΙΙ
1158 3391 1197 3424 21
1225 3387 1253 3426 ς’
1268 3389 1299 3422 L

221 3452 321 3482 mary.
354 3440 359 3481 Ι
385 3439 426 3472 23
443 3437 562 3481 νόμοι]
588 3437 673 3471 Νου.
687 3437 876 3469 LXXXII
891 3449 917 3469 c.
935 3437 975 3470 12
999 3437 1055 3479 (cf.
1077 3437 1154 3469 cod.
1170 3438 1200 3476 7,
1214 3442 1261 3476 42,
1277 3441 1298 3467 l.

222 3476 1300 3570 5323).ssff⁵25⁷233³2553313532¹¹232⁶'sani33⁸{exivit}

223 3572 386 3614 *νομίσοι
408 3540 559 3615 (νομίέει
577 3585 608 3604 υ.
623 3539 793 3614 Ι.χνομίση
815 3539 876 3612 Εἴ)
903 3571 981 3604 libri
1004 3559 1016 3613 Ι]
1038 3569 1238 3615 βαρεῖσθαι
1251 3569 1300 3602 Β*

224 3628 252 3648 ι’.
269 3618 287 3646 l.
305 3619 315 3656 Ι;
343 3619 384 3649 29
410 3619 625 3662 προσφέρειν
640 3617 746 3657 MBs]
771 3607 966 3661 ιπροφέρειν
983 3615 1066 3649 LB⁸
1082 3618 1094 3658 ss
1121 3617 1163 3650 30
1184 3612 1298 3658 ὑπάρ-

222 3669 294 3699 χοις
314 3661 372 3702 Lfl,
388 3662 434 3693 B«
444 3674 474 3693 v.
489 3663 510 3694 l.
528 3662 540 3705 ΙΙ
558 3660 581 3703 ἧ
597 3665 669 3695 τοῖς
684 3661 828 3695 τούτων
842 3681 883 3685 -
898 3663 938 3695 31
954 3659 1151 3706 εἰςάγουσιν
1165 3667 1239 3704 post
1255 3661 1297 3694 33

223 3703 348 3748 ψῆφον
373 3706 443 3738 coll.
465 3706 512 3748 L,
547 3703 570 3748 ἢ
594 3709 667 3740 τοῖς
696 3706 758 3740 τὰς
781 3703 881 3739 δίκας
903 3703 1102 3751 εἰςάγουσιν
1127 3718 1184 3739 om.
1206 3705 1258 3738 B‘
1285 3702 1299 3749 ΙΙ

1368 2986 1410 3018 32
1435 2982 1721 3031 προςενεχθῆναι
1745 2985 1794 3017 B³

1414 3076 1430 3108 1
1445 3076 1534 3107 rubr.
1558 3074 1594 3107 Si
1618 3074 1692 3115 quis
1714 3073 1752 3105 in
1775 3072 1890 3114 aliquo
1913 3073 2134 3105 instrumento
2157 3072 2296 3106 alterius
2320 3073 2443 3107 instru-

1366 3119 1471 3151 menti
1495 3119 1696 3152 mentionem
1718 3118 1833 3151 fecerit
1856 3117 2072 3159 (mentionem
2095 3117 2174 3150 fecit
2198 3117 2296 3151 alteri
2318 3117 2445 3151 instru-

1366 3165 1471 3197 menti
1490 3165 1535 3206 T)
1559 3165 1626 3197 ΒΤ
1638 3166 1669 3197 in
1687 3176 1789 3207 marq.
1803 3164 1856 3204 (ex
1870 3163 1949 3204 Iul.)
1968 3163 1980 3206 ΙΙ
1996 3164 2016 3196 2
2041 3161 2136 3195 nulla
2156 3163 2188 3195 V
2200 3161 2213 3206 ΙΙ
2229 3165 2248 3197 3
2274 3163 2444 3196 exactione

1377 3210 1430 3252 Vn
1454 3209 1571 3242 aeliud
1595 3210 1629 3242 Τ
1646 3207 1659 3252 ΙΙ
1689 3210 1709 3241 5
1735 3210 1805 3249 aut]
1829 3210 1867 3240 ut
1891 3208 1970 3252 R¹u
1995 3207 2062 3240 alia
2085 3219 2143 3240 om.
2160 3208 2192 3241 T
2211 3207 2223 3251 ΙΙ
2249 3207 2444 3251 probatione

1370 3254 1415 3286 12¹
1441 3254 1454 3297 ΙΙ
1484 3256 1503 3286 (ἱ
1526 3262 1600 3297 post
1622 3253 1710 3286 facta
1733 3255 1782 3285 est
1804 3265 1856 3286 vv.
1880 3254 2068 3295 proferatur
2092 3271 2134 3277 —
2159 3253 2330 3286 exibeatur
2352 3253 2395 3294 (υ.
2410 3252 2443 3293 5)

1368 3301 1482 3341 repetit
1505 3300 1554 3332 Rss
1571 3299 1583 3342 ΙΙ
1603 3301 1644 3334 10
1658 3301 1745 3332 rubr.
1770 3298 1820 3330 De
1843 3297 2126 3340 appellationibus
2149 3298 2260 3331 RTin
2276 3310 2378 3341 mar-9·
2392 3297 2443 3337 (ex

1367 3345 1444 3386 Iul.)
1462 3344 1474 3386 ΙΙ
1494 3346 1534 3378 12
1559 3344 1707 3377 occurrit
1727 3343 1776 3377 R¹
1795 3342 1807 3386 ΙΙ
1830 3345 1870 3377 15
1893 3343 2150 3375 contremittunt
2170 3342 2265 3375 R¹T¹
2281 3341 2294 3382 Ι
2310 3341 2372 3375 etsi
2394 3339 2440 3384 iul

1367 3400 1428 3421 scr.
1451 3389 1499 3422 V²
1521 3391 1552 3422 in
1573 3391 1681 3432 spatio
1693 3400 1764 3421 vac.
1783 3388 1795 3431 ΙΙ
1812 3387 1967 3421 diffinitis
1987 3387 2104 3420 diebus
2123 3387 2289 3429 suscipere
2313 3387 2361 3418 bis
2379 3397 2440 3418 scr.

1368 3433 1417 3466 R¹
1439 3433 1452 3477 ΙΙ
1483 3436 1521 3468 17
1547 3436 1580 3467 et
1604 3447 1663 3467 om.
1680 3433 1750 3466 ΒΤ
1773 3433 1785 3476 ΙΙ
1814 3434 1853 3467 21
1870 3435 1957 3468 rubr.
1983 3433 2032 3465 De
2055 3429 2345 3465 retractationibus
2368 3439 2441 3462 sen-

1367 3478 1547 3511 tentiarum
1572 3478 1733 3522 praefecti
1757 3479 1830 3511 Tin
1848 3491 1949 3520 mary-
1963 3478 2016 3520 (εκ
2027 3478 2104 3519 Ιιιί.)
2121 3477 2134 3520 ΙΙ
2151 3477 2212 3508 hoo
2234 3473 2290 3514 ΤΙΙ
2308 3475 2350 3507 22
2367 3485 2442 3516 per-

1367 3524 1533 3564 speximus
1557 3524 1602 3565 11¹]
1637 3523 1864 3566 prospeximus
1894 3523 1964 3556 VT
1976 3523 2064 3566 vulq.
2093 3521 2107 3564 ΙΙ
2135 3521 2177 3555 23
2201 3518 2354 3551 decenter
2383 3518 2443 3608 Tu

1366 3568 1597 3610 gloriosissimi
1621 3581 1678 3602 om.
1703 3567 1764 3612 VH
1790 3570 1832 3602 24
1854 3567 2068 3613 protulerunt
2089 3564 2146 3608 ΤΙ
2170 3565 2212 3598 25
2236 3563 2353 3595 offerre
2367 3564 2410 3614 Τ

1367 3615 1410 3647 26
1432 3613 1686 3656 praefectorum]
1711 3623 1767 3656 pp.
1795 3614 1828 3646 Τ
1844 3613 1856 3656 ΙΙ
1887 3615 1929 3646 30
1954 3610 2148 3644 obtulerunt
2171 3608 2204 3640 R
2229 3606 2241 3651 ΙΙ
2268 3608 2442 3640 conscilia-

1366 3659 1433 3691 rios
1458 3659 1512 3691 ΤΕ
1540 3658 1553 3702 ΙΙ
1583 3660 1623 3693 31
1649 3659 1819 3700 probatam
1843 3658 1934 3691 RT⁸
1959 3655 1972 3700 Η
2003 3655 2046 3690 32
2066 3654 2178 3687 secuto
2210 3652 2276 3696 Vfl
2306 3663 2441 3686 excusa-

1365 3704 1456 3737 tione
1479 3703 1529 3736 13²
