2580 4022
227 148 267 189 N
269 162 333 190 ov.
359 147 470 190 CXL
503 150 520 187 1

227 257 322 291 ἔνθα
355 257 401 289 τὰ
431 257 494 298 τῆς
524 258 758 299 μικροψυχίας
787 254 835 288 εἰς
865 254 1040 288 τοσοῦτον
1075 251 1227 298 ἇρθείη,
1262 251 1310 287 (ἇς

226 304 285 335 καὶ
322 303 423 344 μῖσος
461 298 699 333 ἀδιάλλακτον
738 299 952 345 ἐγγενέσθαι
989 301 1061 332 τοῖς
1096 298 1309 332 συνοικοῦσι.

225 345 268 379 τὸ
297 347 364 388 μὲν
396 337 462 377 οὗν
490 343 651 378 παλαιὸν
682 343 767 386 ἐξῆν
796 341 994 377 ἀκινδύνως
1024 342 1106 376 τοὺς
1129 342 1310 377 τοιούτους

227 387 288 423 ἀπ’
314 387 480 431 ἀλλήλων
503 388 727 431 χωρίζεσθαι
751 388 844 422 κατὰ
867 387 992 430 κοινὴν
1015 388 1164 433 γνώμην
1187 402 1226 422 τε
1250 391 1309 421 καὶ

226 437 432 468 συναίνεσιν
451 434 559 467 τοῦτο
576 431 811 477 πράττοντας,
837 429 925 467 ὥςτε
940 435 1000 465 καὶ
1018 431 1148 476 νόμους
1163 433 1309 467 κεῖσθαι

226 477 377 512 πολλοὺς
407 478 515 511 τοϊτο
547 476 713 523 λέγοντάς
743 490 783 511 τε
810 480 869 510 καὶ
890 475 1113 522 διορίζοντας
1136 481 1195 511 καὶ
1214 478 1310 512 bona

224 523 338 566 gratia
362 522 429 564 τὴν
454 519 551 556 οὕτω
577 522 775 567 προϊοῦσαν
800 520 903 556 λύσιν
925 524 1003 556 τῶν
1026 521 1155 568 γάμων
1179 523 1223 569 τῇ
1241 534 1309 556 πα-

225 571 314 611 τρίῳ
355 566 552 601 καλοῦντας
592 568 708 621 φωνῇ.
757 564 908 612 ὕστερον
947 565 987 600 δὲ
1025 568 1077 609 τῷ
1110 569 1169 609 τῆς
1206 567 1310 601 θείας

225 612 357 654 λήξεως
376 614 558 665 γενομένῳ
583 612 688 655 ημῶν
712 615 823 656 πατρὶ
847 609 1011 655 εὐσεβείᾳ
1034 624 1074 645 τε
1089 615 1149 645 καὶ
1169 623 1308 658 σωφρο-

1290 141 1374 188 702

1873 158 1934 189 UT
1962 157 2112 190 POSSIT
2142 159 2204 189 EX
2234 159 2459 192 CONSENSU

1378 252 1451 287 illic
1482 253 1543 288 ubi
1565 255 1840 299 pusillanimitas
1864 255 1901 290 in
1924 258 2064 292 tantum
2087 257 2244 300 erigitur,
2269 258 2320 292 ita
2343 261 2383 293 ut
2404 259 2457 294 in-

1378 298 1564 342 placabilis
1588 299 1727 342 ,horror
1766 299 1829 334 fiat
1866 301 2072 345 coniugibus
2110 312 2183 337 una
2221 303 2457 339 manentibus.

1378 342 1585 393 Antiquitns
1617 343 1757 388 quidem
1787 344 1921 380 licebat
1943 346 2019 381 siue
2039 347 2198 391 periculo
2222 347 2312 382 tales
2336 348 2382 383 ab
2405 348 2459 382 in-

1378 397 1488 422 v1cem
1520 388 1681 432 separari
1712 389 1907 424 secundum
1938 401 2158 427 communem
2185 392 2401 428 voluntatem
2425 395 2461 428 et

1345 435 1363 466 5
1379 442 1592 467 consensum
1615 433 1683 468 hoc
1707 435 1862 477 agentes,
1888 435 1938 470 sic
1962 439 2002 470 ut
2022 440 2058 471 et
2073 437 2249 481 plurimae
2264 440 2350 471 tunc
2365 437 2460 481 leges

1377 481 1542 512 extarent
1572 478 1640 512 hoc
1672 478 1830 514 dicentes
1862 482 1898 513 et
1928 480 2049 516 bona
2080 482 2235 525 gratia
2260 482 2312 517 sic
2335 491 2459 526 proce-

1378 522 1519 556 dentem
1542 522 1753 558 solutionem
1776 524 1981 568 nuptiarum
2005 527 2120 570 patria
2142 527 2338 562 vocitantes
2363 537 2459 562 voce.

1379 567 1511 601 Postea
1541 577 1623 603 vero
1655 568 1754 603 divae
1785 569 1976 604 memoriae
2005 575 2127 606 nostro
2151 572 2246 615 patri
2270 572 2401 616 pietate
2426 575 2462 606 et

1378 612 1613 656 temperantia
1646 623 1768 648 omnes
1795 613 2008 659 ubicumque
2032 615 2221 659 aliquando
2246 616 2459 660 imperantes

226 669 315 703 συνῃ
347 656 429 690 τοὺς
461 669 610 711 mamre
641 655 940 711 βεβασιλευκότας
969 653 1135 691 ἅπαντας
1156 654 1308 701 ὑπερβα-
1326 660 1365 692 10
1379 657 1562 692 excedenti
1591 657 1703 693 visum
1734 661 1806 699 est,
1835 659 1895 703 qui
1927 659 1973 694 ad
1997 669 2097 694 suam
2121 661 2242 696 utilem
2265 665 2301 696 et
2323 661 2461 695 firmam

225 701 384 744 λομένῳ,
422 702 511 746 πρὸς
545 715 611 744 την
646 702 773 735 εαυτοῦ
808 702 962 746 χρηστήν
998 715 1036 735 τε
1068 704 1128 735 καὶ
1155 705 1310 745 βεβαίαν

226 744 479 792 ἀποβλέψαντι
503 750 731 792 προαίρεσιν,
762 742 802 779 οὗ
825 747 899 789 μὴν
922 748 985 789 τῆς
1007 746 1084 780 τῶν
1108 745 1228 781 ἄλλων
1249 759 1310 780 τα-

225 791 410 836 λαιπώρου
447 803 487 825 τε
521 794 581 824 καὶ
614 791 837 836 μικροψύχου
873 791 1016 837 γνώμης
1052 794 1309 835 στοχασαμένῳ

224 839 425 883 γέγραπται
461 834 569 890 νόμος
609 837 737 882 εἴργων
775 836 868 870 κατὰ
908 840 1116 870 συναίνεσιν
1156 835 1310 870 λύεσθαι

1379 701 1572 745 respiciens
1597 703 1825 743 voluntatem,
1855 714 1928 738 non
1952 707 2070 739 autem
2093 705 2251 740 miserias
2275 706 2460 751 pusillani-

1379 747 1511 781 mitatis
1537 747 1728 791 coniciens,
1753 749 1865 791 legem
1890 749 2040 784 sancivit
2063 750 2256 794 prohibens
2280 761 2360 785 cum
2377 761 2461 786 con-

1380 801 1486 827 sensu
1522 792 1685 836 coniugia
1720 793 1822 837 solv13
1860 793 1954 838 quod
1988 805 2054 829 nos
2087 805 2225 839 quoque
2255 795 2460 830 volebamus

1379 836 1483 871 nimis
1511 838 1672 881 optinere
1705 837 1741 871 in
1765 837 1834 872 hoo
1857 839 1949 882 ipso.
1997 839 2145 874 Plurimi
2166 843 2283 875 autem
2308 851 2373 875 nos
2398 840 2461 875 ad-

225 893 307 915 τους
338 891 488 927 γαμους·
528 894 573 914 ον
596 878 832 935 ἠρξουλόμεθα
855 883 914 914 καὶ
937 879 1036 924 ἡμεῖς
1059 879 1202 926 σφόδρα
1226 881 1498 925 upa-15ierunt
1527 883 1619 916 inter
1650 891 1690 917 se
1718 882 1918 926 coniugium
1949 883 2134 919 horrentes
2158 887 2194 919 et
2216 885 2461 920 abominantes

225 929 301 960 τεῒν
331 929 390 959 καὶ
425 929 546 969 μένειν
581 927 625 970 ἐφ
682 926 821 959 ἑαυτοῦ.
870 924 995 959 πολλοὶ
1032 924 1071 959 δὲ
1104 924 1311 971 προςῆλθον

225 970 312 1014 ἡμῖν
335 970 403 1005 τὸν
427 970 516 1015 πρὸς
540 967 708 1013 ἀλλήλους
731 970 845 1017 γάμον
867 973 1057 1014 μισοῦντές
1080 984 1119 1005 τε
1143 974 1203 1004 καὶ
1225 968 1309 1005 ἀπο-

226 1014 484 1061 στρεφόμενοι,
516 1015 689 1059 πολέμους
718 1029 759 1049 τε
786 1019 844 1048 καὶ
868 1016 982 1059 μάχας
1004 1016 1094 1049 οἴκοι
1119 1014 1178 1049 διὰ
1202 1017 1310 1049 τοῦτο

225 1064 433 1106 γενομένους
459 1058 666 1104 αἰτιώμενοι
689 1062 808 1103 (τοῦτο
828 1057 918 1104 ὅπερ
942 1059 1023 1094 λίαν
1046 1059 1234 1096 ἐπώδυνον
1252 1063 1312 1094 καὶ

227 1104 343 1139 ἄλλως
375 1102 531 1150 ἀνιαρὸν
562 1105 777 1148 καθέστηκε)
811 1104 970 1139 διαλύειν
1001 1119 1039 1141 τε
1067 1107 1199 1148 τρῦτον
1232 1103 1310 1139 δεό-
1325 1109 1366 1142 20
1380 1107 1504 1141 timore
1534 1107 1603 1141 hoc
1635 1106 1693 1141 lex
1724 1108 1832 1142 dabat
1862 1107 1982 1143 facere
2012 1109 2121 1153 ipsos.

225 1164 346 1194 μενοι,
381 1147 450 1184 κᾶν
487 1151 601 1185 αἰτίας
636 1147 700 1184 οὐκ
735 1150 829 1193 εἶχον
850 1149 983 1196 λέγειν,
1016 1151 1054 1189 ἐξ
1078 1150 1131 1184 ὡν
1155 1147 1310 1184 adstas?-

226 1192 336 1239 νόμος
359 1193 477 1229 ἐδίδου
501 1197 608 1229 τοῦτο
632 1198 750 1229 ποιεῖν
774 1193 902 1229 αὐτοῖς.
942 1195 1011 1239 τὴν
1035 1194 1075 1229 δὲ
1094 1199 1175 1241 περὶ
1195 1197 1312 1230 ταῦτα

227 1241 371 1274 τούτων
402 1239 605 1284 ἐπιθυμίαν
633 1253 673 1274 τε
705 1242 764 1273 καὶ
796 1238 958 1283 σπουδὴν
989 1242 1052 1274 ἐπί
1074 1254 1157 1275 τινα
1180 1240 1311 1285 χρόνον

228 1282 527 1330 ἄνεβαλλόμεθα,
560 1286 649 1320 ποτὲ
678 1287 744 1328 μὲν
776 1287 1039 1331 παραινοῦντες
1069 1287 1158 1321 ποτε
1190 1284 1229 1319 δὲ
1251 1288 1311 1319 καὶ

228 1328 460 1365 ἀπειλοῦντες
497 1329 715 1365 παύσασθαι
754 1343 818 1364 του
858 1328 935 1364 κατ’
977 1328 1144 1374 ἀλλήλων
1181 1327 1310 1376 ἀλόγου
1326 1333 1366 1365 25
1381 1331 1457 1366 fieri
1481 1332 1684 1367 voluntatis.

226 1379 348 1419 μίσους
384 1374 474 1419 πρὸς
513 1372 688 1418 ὁμόνοιάν
723 1389 763 1409 τε
788 1379 918 1420 χωρεῖν
948 1378 1008 1409 καὶ
1038 1376 1100 1418 τῆς
1129 1375 1312 1410 καλλίονος

227 1421 398 1467 γίνεσθαι
453 1419 579 1463 νώμης.
628 1421 853 1464 ἐπράττομεν
885 1419 925 1454 δὲ
955 1419 1065 1455 πλέον
1089 1418 1203 1463 οὐδέν,
1234 1422 1311 1455 ἐπεὶ

229 1464 394 1499 δύςκολον
419 1432 608 1504 δἰαλλάξαι
633 1465 714 1499 τοὺς
737 1462 838 1505 ἅπαξ
861 1462 1040 1511 ἀλογίστῳ
1062 1463 1182 1500 πάθει
1197 1478 1236 1499 τε
1252 1467 1312 1498 καὶ

228 1515 323 1552 μίσει
347 1512 632 1555 κεκρατημένους.
668 1511 780 1544 ἐνίους
821 1510 865 1555 ἀρ
880 1510 1023 1544 τούτων
1038 1513 1237 1555 συμβέβηκε
1252 1513 1312 1543 καὶ

1380 930 1416 961 et
1438 926 1575 971 proelia
1599 926 1865 972 discordiasque
1887 931 2035 973 propter
2058 929 2126 963 hoc
2151 928 2244 964 domi
2259 929 2462 973 contingere

1380 975 1589 1007 accusantes
1612 973 1694 1014 (hoc
1718 974 1814 1016 quod
1837 972 1938 1008 valde
1963 973 2190 1008 doloriferum
2206 976 2242 1009 et
2255 973 2358 1009 'triste
2376 984 2460 1009 con-

1380 1017 1497 1059 sistit),
1521 1016 1714 1052 dissolvere
1737 1019 1885 1062 propter
1904 1018 1972 1053 hoc
1995 1022 2183 1063 precantes
2208 1019 2371 1059 conubia,
2407 1019 2461 1053 vel

1380 1061 1410 1096 si
1434 1061 1641 1097 occasiones
1672 1072 1744 1097 non
1774 1062 1978 1098 habuerunt
2008 1064 2144 1106 dicere,
2202 1073 2240 1099 er
2272 1074 2360 1108 quas
2385 1063 2462 1098 sine

2205 1109 2356 1144 esideria
2379 1118 2461 1144 vero

1379 1154 1416 1186 et
1439 1151 1592 1186 studium
1617 1161 1739 1186 eorum
1763 1162 1828 1196 pro
1852 1152 1921 1187 hac
1943 1163 1983 1188 re
2006 1154 2041 1187 in
2061 1153 2241 1197 aliquanto
2260 1154 2462 1189 distulimus

1379 1197 1550 1241 tempore,
1575 1196 1765 1241 aliquando
1786 1197 1927 1241 quidem
1954 1199 2137 1233 monentes
2162 1198 2354 1243 aliquando
2378 1208 2462 1233 vero

1380 1242 1555 1277 minantes
1580 1242 1761 1286 quiescere
1785 1251 1844 1277 eos
1869 1242 1914 1277 ab
1938 1242 2182 1278 inrationabili
2202 1243 2297 1278 circa
2312 1242 2462 1278 invicem

1380 1286 1529 1322 horrore
1563 1291 1599 1322 et
1633 1287 1679 1321 ad
1716 1287 1982 1322 unanimitatem
2014 1297 2205 1332 properare
2239 1292 2274 1324 et
2305 1287 2462 1323 melioris

1734 1333 1935 1375 Agebamus
1959 1342 2041 1368 vero
2065 1333 2146 1377 plus
2165 1333 2270 1368 nihil:
2296 1333 2462 1378 quoniam

1381 1380 1486 1419 [vero]
1518 1376 1661 1411 difficile
1692 1379 1747 1411 est
1777 1377 1954 1412 inmutare
1985 1378 2092 1412 semel
2123 1378 2286 1413 detentos
2318 1378 2463 1412 inratio-

1379 1421 1491 1456 nabili
1520 1421 1687 1466 passione
1719 1426 1754 1456 et
1777 1422 1935 1457 horrore.
1983 1423 2151 1457 Forsitan
2174 1422 2267 1457 enim
2292 1423 2463 1465 contingit

1380 1467 1458 1502 istis
1490 1470 1526 1501 et
1558 1466 1707 1501 insidias
1731 1466 1875 1510 adgredi
1899 1466 1945 1502 ad
1967 1467 2116 1502 invicem
2140 1471 2176 1502 et
2199 1468 2343 1503 venenis
2366 1467 2462 1502 aliis-

1381 1521 1448 1556 que
1479 1512 1525 1546 ad
1554 1514 1703 1546 mortem
1735 1511 1919 1556 agentibus
1950 1512 2020 1553 uti,
2051 1512 2103 1547 ita
2134 1514 2176 1547 ut
2207 1523 2272 1548 nec
2294 1512 2387 1547 filios
2412 1512 2462 1547 eis

229 1555 318 1601 πρὸς
342 1554 532 1599 ἐπιβουλὰς
550 1556 709 1599 χωρῆσαι
730 1568 798 1589 κατ
829 1552 1005 1609 ἀκλλὴλων,
1031 1553 1255 1611 ’δηλητηρίοιξ
1273 1568 1312 1589 τε
1325 1557 1366 1590 30
1380 1557 1496 1591 factos
1526 1557 1643 1592 valere
1674 1557 1720 1593 ad
1752 1566 1860 1591 unam
1890 1557 2108 1602 similemque
2131 1558 2221 1593 tales
2244 1555 2463 1593 voluntatem

228 1604 291 1634 καί
312 1612 409 1634 τισιν
438 1598 556 1634 ἄλλοις
579 1601 626 1633 εἰς
649 1597 820 1634 θάνατον
839 1612 964 1647 αγουσι
978 1601 1199 1645 χρησασθαι,
1224 1611 1312 1634 ωςτε
1379 1601 1575 1637 inmiscere.

228 1643 318 1688 μηδὲ
348 1643 478 1678 παῖδας
511 1641 628 1678 αἰτοῒς
656 1648 865 1690 γενομένους
895 1645 1065 1680 πολλάκις
1097 1645 1233 1688 ἰσχύειν
1265 1646 1313 1679 εἰς

229 1694 318 1733 μίαν
339 1692 399 1723 καὶ
422 1689 490 1732 τὴν
513 1686 627 1731 αὐτὴν
651 1687 797 1723 τούτους
817 1689 968 1735 γνώμην
991 1689 1200 1725 συνάπτειν.

281 1845 401 1878 Ταῦτα
432 1848 557 1879 τοίνυν
590 1841 763 1889 ἀλλότρια
796 1846 873 1879 τῶν
906 1844 1091 1890 ἡμετέρων
1121 1845 1212 1879 εἴναι
1241 1849 1314 1892 κρί-

1426 1846 1525 1881 Haec
1548 1845 1654 1890 igitur
1677 1846 1793 1881 aliena
1815 1847 1947 1883 nostris
1970 1847 2168 1883 iudicantes
2192 1847 2411 1892 temporibus
2427 1848 2464 1883 in

230 1901 358 1933 ναντεὲ
379 1888 522 1934 χρόνων
546 1890 606 1924 ἐπὶ
629 1889 697 1923 τὸν
720 1889 888 1938 παρόντα
911 1892 1016 1925 θεῖον
1031 1889 1172 1935 εἴδομεν
1187 1890 1313 1946 νᾴμον,
1328 1894 1369 1926 35
1383 1891 1562 1935 praesenti
1584 1900 1723 1926 sacram
1747 1892 1995 1927 constituimus
2018 1893 2140 1937 legem,
2168 1903 2240 1945 per‘
2255 1903 2358 1938 quam
2383 1903 2464 1927 san—

231 1932 275 1967 δι’
307 1934 349 1968 οὑ
380 1935 605 1978 θεσπίζομεν
636 1935 766 1974 ἐξεῖναι
796 1936 889 1969 κατὰ
919 1936 962 1969 τὸ
994 1935 1154 1971 παλαιὸν
1184 1947 1248 1970 τας
1276 1937 1314 1969 ἐκ

231 1981 466 2013 συναινέσεως
490 1977 665 2013 διαλύσεις
685 1981 747 2013 ἐπὶ
770 1981 848 2014 τῶν
863 1978 993 2026 γάμων
1009 1981 1207 2025 ποιεῖσθαι,
1232 1994 1313 2025 κρα-

1383 1937 1493 1971 cimus
1525 1935 1632 1970 licere
1660 1940 1701 1971 ut
1731 1938 1927 1982 antiquitus
1957 1947 2132 1973 consensu
2161 1948 2348 1981 coniugum
2372 1939 2465 1973 solu-

1383 1981 1499 2016 tiones
1534 1981 1739 2024 nuptiarum
1775 1981 1870 2026 fieri,
1904 1982 2022 2026 (non)
2057 1983 2153 2018 ultra
2187 1992 2269 2018 vero
2305 1984 2464 2028 optinere

367 2081 394 2101 c.
410 2069 502 2112 Ipr.
529 2070 768 2112 (Θεσπίζομεν
792 2069 925 2108 ἐξεῖναι
950 2094 1073 2102 ......
1075 2070 1088 2112 )
1113 2071 1191 2103 citat
1212 2070 1311 2102 schol.
1337 2070 1387 2102 B⁸
1412 2071 1448 2101 Γ
1466 2071 1497 2110 4,
1515 2078 1531 2103 5
1554 2083 1587 2113 p.
1608 2071 1672 2104 156
1695 2071 1798 2104 ΖασΙι.

229 2205 339 2237 aucta
368 2204 439 2244 est,
466 2204 507 2236 ut
537 2202 593 2237 vel
622 2200 705 2236 odio
736 2201 958 2248 implacabili
987 2202 1158 2248 coniuqes
1187 2201 1440 2237 imbuerentur.
1488 2202 1606 2248 Atque
1636 2202 1835 2248 antiquitus
1867 2203 2008 2248 quidem
2043 2203 2172 2239 licebat
2201 2204 2278 2239 sine
2297 2205 2463 2250 periculo

229 2246 404 2282 eiusmodi
433 2246 602 2291 coniuqes
631 2247 725 2280 inter
754 2257 792 2281 se
823 2246 1010 2292 separari,
1039 2249 1102 2292 qui
1132 2247 1312 2282 communi
1332 2246 1517 2282 voluntate
1539 2251 1573 2282 et
1597 2257 1773 2282 consensu
1807 2246 1876 2282 hoc
1899 2251 2067 2293 aqerent,
2100 2249 2153 2283 ita
2177 2252 2216 2284 ut
2238 2249 2344 2284 etiam
2369 2249 2464 2295 leqes

229 2292 363 2326 multae
401 2291 497 2326 latae
530 2292 604 2326 sint
642 2302 735 2336 quae
766 2291 834 2326 ltoc
861 2291 1020 2327 dicerent
1049 2296 1084 2327 et
1116 2292 1389 2336 constituerent,
1420 2302 1463 2326 ac
1494 2292 1704 2338 nuptiarum
1734 2291 1950 2328 solutionem
1981 2293 2034 2328 ita
2062 2293 2314 2339 procedentem
2346 2293 2464 2329 bona

229 2337 387 2382 qratia
405 2336 535 2382 patria
559 2335 684 2381 linqua
708 2340 887 2371 vocarent.
937 2336 1069 2372 Postea
1093 2341 1211 2372 autem
1235 2347 1258 2371 a
1277 2340 1386 2382 patre
1410 2340 1534 2372 nostro
1559 2336 1702 2372 divinae
1724 2337 1936 2379 memoriae,
1970 2338 2032 2382 qui
2063 2337 2201 2383 pietate
2225 2342 2261 2373 et
2282 2339 2465 2385 sapientia

231 2391 352 2416 omnes
376 2382 438 2426 qui
461 2391 630 2426 umquam
654 2381 855 2416 eoetiterunt
878 2381 1127 2427 imperatores,
1151 2382 1346 2427 superavit,
1369 2392 1448 2416 cum
1472 2381 1522 2416 ad
1544 2382 1674 2418 bonum
1698 2392 1801 2416 suum
1824 2385 1858 2416 et
1877 2382 2021 2426 firmum
2046 2383 2234 2417 consilium
2258 2384 2464 2429 respiceret,

229 2436 294 2460 nec
317 2437 400 2461 vero
425 2425 474 2460 ad
496 2430 695 2461 ceterorum
719 2426 884 2460 miseram
907 2431 943 2461 et
965 2426 1145 2471 infirmam
1168 2426 1387 2461 voluntatem
1409 2426 1610 2462 intenderet
1632 2426 1807 2468 animum,
1839 2426 1901 2462 lea:
1923 2427 2061 2473 scripta
2085 2431 2156 2469 est,
2185 2438 2280 2472 quae
2303 2431 2398 2463 vetat
2420 2439 2464 2463 ne

230 2481 279 2506 ex
310 2481 487 2506 consensu
518 2471 668 2516 nuptiae
698 2470 906 2505 solvantur:
941 2482 1050 2516 quam
1078 2482 1147 2507 nos
1175 2481 1319 2516 quoque
1350 2481 1459 2516 quam
1487 2471 1645 2506 maxime
1677 2471 1853 2507 voluimus
1885 2471 2004 2507 valere
2035 2475 2071 2506 et
2098 2472 2134 2507 in
2158 2482 2225 2507 sua
2250 2472 2284 2508 vi
2309 2483 2465 2509 manere.

238 2515 368 2551 Verum
388 2515 490 2550 multi
512 2526 580 2550 nos
603 2514 772 2550 adierunt
795 2516 858 2560 qui
881 2516 1146 2551 matrimonium
1169 2517 1264 2550 inter
1286 2526 1324 2550 se
1343 2519 1568 2551 contractum
1589 2527 1699 2561 aeqre
1719 2517 1863 2560 ferrent
1878 2520 1914 2551 et
1929 2519 2193 2558 aversarentur,
2219 2521 2255 2552 et
2263 2521 2465 2562 propterea

229 2560 358 2595 bellum
382 2563 417 2595 et
433 2559 581 2606 proelia
604 2560 702 2594 domi
724 2563 826 2595 ortas
849 2571 925 2595 esse
948 2565 1143 2607 arquerent
1165 2560 1217 2603 (id
1240 2560 1338 2605 quod
1360 2560 1464 2596 valde
1493 2561 1594 2596 triste
1616 2565 1724 2606 atque
1748 2560 1839 2596 adeo
1863 2561 2107 2606 importunum
2131 2563 2207 2604 est),
2241 2566 2351 2607 utque
2374 2562 2467 2596 illud

229 2605 429 2640 solveretur
452 2609 635 2650 roqarent,
661 2606 731 2639 etsi
751 2615 892 2647 causas,
916 2616 966 2641 ex
989 2605 1119 2651 quibus
1141 2606 1287 2651 impune
1309 2605 1349 2639 id
1371 2606 1416 2639 iis
1437 2605 1564 2651 facere
1585 2605 1646 2652 lex
1662 2605 1879 2648 concederet,
1904 2605 2040 2651 afferre
2065 2616 2136 2640 non
2145 2611 2308 2652 possent.
2348 2608 2466 2652 Atque

228 2649 374 2685 illorum
398 2660 442 2684 ea
464 2649 508 2684 de
530 2661 571 2685 re
594 2649 809 2685 desiderium
841 2655 877 2685 et
906 2650 1062 2685 studium
1120 2661 1159 2686 er
1189 2649 1341 2695 aliquod
1372 2654 1511 2696 tempus
1533 2649 1749 2691 distulimus,
1781 2650 1885 2685 modo
1909 2650 2096 2685 hortantes
2119 2650 2225 2686 modo
2248 2650 2466 2694 minitantes,

228 2698 270 2729 ut
297 2695 341 2729 ab
371 2695 499 2729 insano
530 2695 630 2740 quod
658 2695 753 2730 inter
784 2704 823 2729 se
853 2693 1027 2730 haberent
1054 2661 1138 2731 odio
1170 2694 1382 2730 desisterent
1409 2701 1444 2730 et
1474 2694 1524 2730 ad
1553 2694 1783 2730 concordiam
1807 2695 1968 2730 redirent
1989 2699 2025 2731 et
2047 2695 2228 2730 meliorem
2252 2696 2464 2731 sententiam

229 2739 537 2785 amplecterentur.
585 2740 633 2774 At
656 2738 748 2774 nillil
766 2740 1002 2785 profecimus,
1029 2740 1199 2786 quoniam
1223 2739 1376 2784 difficile
1399 2744 1455 2775 est
1477 2740 1672 2775 conciliare
1695 2749 1758 2774 eos
1789 2740 1855 2784 qui
1875 2739 1985 2775 semel
2014 2741 2142 2774 insano
2166 2740 2300 2784 affectu
2324 2743 2360 2775 et
2383 2740 2466 2775 odio

231 2787 404 2819 tenentur.
456 2783 613 2829 Contiqit
635 2785 749 2826 enim,
776 2789 818 2819 ut
841 2785 1010 2820 nonnulli
1030 2796 1079 2820 ex
1101 2785 1147 2820 iis
1170 2784 1277 2820 etiam
1301 2785 1351 2819 ad
1372 2788 1514 2819 mutuas
1537 2784 1688 2819 insidias
1704 2783 1920 2829 prodirent,
1952 2787 1988 2819 et
2018 2784 2161 2819 venenis
2184 2784 2338 2829 aliisque
2359 2784 2466 2820 rebus

230 2839 323 2873 quae
355 2832 504 2864 mortem
536 2829 694 2873 afferunt
726 2832 931 2864 uterentur:
962 2833 1003 2865 ut
1033 2841 1078 2866 ne
1109 2829 1214 2866 liberi
1241 2829 1382 2874 quidem
1412 2829 1514 2874 forte
1545 2830 1590 2864 iis
1620 2828 1697 2863 nati
1729 2829 1766 2863 in
1789 2838 1897 2863 unam
1922 2827 2141 2874 eandemque
2163 2828 2383 2864 voluntatem
2407 2839 2467 2864 eos

229 2873 424 2908 conciliare
447 2873 616 2909 valerent.

364 2918 394 2952 I.
445 2918 546 2953 Haec
577 2918 691 2963 iqitur
722 2929 801 2953 oum
833 2930 857 2954 a
889 2918 1108 2966 temporibus
1138 2917 1272 2954 nostris
1302 2917 1422 2953 aliena
1454 2928 1538 2954 esse·
1560 2917 1819 2958 iudicaremus,
1853 2917 1902 2952 ad
1928 2920 2158 2963 praesentem
2189 2927 2331 2952 sacram
2355 2917 2466 2963 leqem

230 2962 387 2997 animum
412 2962 639 3006 attendimus,
658 2974 733 3008 per
755 2974 863 3008 quam
886 2965 1077 3008 sancimus,
1101 2968 1141 2998 ut
1163 2962 1358 2999 secundum
1376 2963 1575 3008 pristinum
1597 2963 1656 2998 ius
1677 2962 1988 2997 matrimoniorum
2011 2961 2210 2997 solutiones
2225 2972 2275 2998 etc
2291 2973 2466 2998 consensu

275 3098 294 3129 5
327 3092 421 3130 ὥστε
451 3099 510 3130 καὶ
542 3093 672 3140 νόμους
699 3097 843 3130 κεῖσθαι
867 3095 1028 3137 πολλοὺς]
1054 3097 1100 3128 sio
1123 3099 1161 3129 ut
1185 3100 1217 3130 et
1239 3097 1314 3140 plu-

230 3141 331 3174 rimae
363 3145 470 3175 tunc
501 3142 589 3184 leges
620 3144 769 3174 extarent
792 3143 875 3175 Iutv
903 3144 937 3183 (f.
963 3155 989 3175 e.
1014 3140 1166 3175 πολλοὺς
1189 3140 1315 3186 <τότε>

230 3186 337 3218 τοῦτο
348 3186 377 3227 ’.9)
400 3186 412 3230 ΙΙ
432 3189 452 3219 6
476 3199 516 3220 τε
540 3188 599 3218 καὶ
624 3184 847 3228 διορίζοντας
862 3199 918 3220 om.
936 3187 1020 3220 IulJ'
1044 3187 1056 3230 ss
1073 3189 1166 3230 βονα
1179 3187 1314 3238 γράτια

230 3232 277 3262 M
295 3231 307 3273 ΙΙ
336 3232 376 3265 12
400 3231 463 3272 τῆς
482 3251 522 3255 -
545 3233 816 3274 στοχασαμένῳ]
848 3231 996 3264 miserias
1028 3231 1315 3275 pusillanimitatis

230 3275 397 3307 coniciens
421 3277 503 3308 Iam>
526 3277 538 3316 ΙΙ
560 3278 601 3310 14
625 3274 743 3318 νόμος]
766 3290 835 3309 nov.
858 3277 1004 3310 CXVII
1016 3290 1041 3309 c.
1059 3278 1079 3310 8
1095 3290 1138 3310 ss.
1155 3276 1167 3319 11
1189 3280 1229 3310 15
1255 3272 1311 3316 δν]

231 3320 317 3359 quod
343 3321 375 3361 (ι’.
392 3333 415 3353 e.
433 3317 491 3362 3?)
515 3321 598 3353 Iule
622 3321 634 3364 ΙΙ
655 3323 695 3355 16
708 3323 767 3353 καὶ
790 3322 913 3364 μένειν
930 3322 1084 3354 om.1ul.v
1107 3322 1119 3364 ΙΙ
1138 3323 1179 3355 20
1197 3318 1313 3354 ἄλλως

232 3375 287 3395 om.
322 3365 406 3397 lum
440 3366 452 3407 ΙΙ
488 3362 649 3398 διαλύειν
684 3377 723 3398 τε
758 3367 889 3399 τοῦτον
925 3363 1100 3408 δεόμενοι]
1137 3366 1313 3399 dissolvere

230 3410 363 3449 propter
383 3409 445 3441 hoc
468 3412 639 3451 precantes
665 3410 807 3442 conubia
831 3411 913 3444 lum
937 3412 949 3453 ΙΙ
978 3413 1020 3444 24
1050 3408 1313 3454 ἀνεβαλόμεθα

231 3453 281 3492 Μ,
307 3465 387 3485 corr.
414 3454 577 3497 Scrimyer
602 3454 614 3497 ΙΙ
638 3456 679 3488 29
704 3456 815 3487 ἐνίους
838 3454 908 3500 γὰρ
929 3454 1071 3488 τούτων
1100 3457 1311 3499 συμβέβηκε]

230 3495 369 3528 forsitan
394 3498 482 3528 enim
499 3499 665 3540 contingit
680 3500 752 3531 istis
768 3501 851 3532 Iutv
874 3500 886 3543 ΙΙ
906 3502 947 3534 32
965 3496 1133 3534 πολλάκις
1150 3514 1207 3534 om.
1224 3502 1312 3534 Iam

231 3538 295 3580 1133
319 3540 475 3581 τούτους]
499 3543 579 3574 tales
604 3544 638 3583 (ι’.
659 3556 684 3576 e.
708 3544 790 3577 τοὺς
810 3541 1024 3583 τοιούτουςὶἳ)
1049 3546 1131 3579 ΙιιΙ.Ρ
1158 3546 1168 3587 ΙΙ
1186 3548 1228 3580 35
1253 3546 1314 3579 ἐπὶ

231 3579 297 3631 τόν
310 3583 477 3627 παρόντα
491 3585 595 3619 θεῖον
607 3584 748 3630 εἴδομεν
764 3587 880 3630 νόμον
892 3590 948 3631 (cs.
966 3591 1040 3631 192,
1055 3598 1082 3624 8.
1096 3591 1191 3624 n.CL
1202 3591 1312 3632 Vc.1)]

232 3635 267 3656 m
300 3630 463 3668 praesenti
493 3641 618 3662 sacram
643 3632 875 3664 constituimus
899 3633 1003 3674 legem
1028 3635 1112 3667 Iul!J
1135 3635 1146 3677 ΙΙ
1172 3631 1314 3677 εἴδομεν

236 3669 406 3713 Scrimqer]
426 3670 560 3715 ἴδωμεν
584 3676 625 3706 M
641 3675 653 3718 ΙΙ
670 3677 710 3708 37
737 3677 797 3708 ἐπὶ
819 3689 875 3709 om.
901 3678 983 3709 Iul-P

1428 3099 1447 3131 2
1480 3109 1574 3130 orror
1607 3098 1675 3130 cod.
1704 3097 1716 3141 ΙΙ
1747 3099 1765 3131 8
1798 3097 1958 3130 diuinae?
1991 3110 2029 3130 m.
2057 3099 2071 3130 1
2103 3098 2172 3130 cod.
2202 3096 2215 3134 ΙΙ
2243 3097 2349 3129 nostri
2377 3098 2467 3140 patri

1380 3142 1503 3184 pietate
1535 3145 1568 3175 et
1591 3142 1809 3185 temperantia
1830 3155 1894 3185 pr„
1930 3142 2035 3174 nostri
2058 3141 2163 3183 patris
2186 3142 2304 3183 pietati
2328 3144 2361 3174 et
2384 3145 2466 3175 tem-

1381 3187 1552 3230 perantiae
1569 3200 1650 3221 corr.
1669 3189 1738 3220 cod.
1756 3186 1768 3230 ss
1790 3189 1830 3221 10
1855 3186 2035 3227 excedenti]
2061 3186 2202 3219 excede*
2217 3199 2233 3216 ι
2248 3199 2264 3216 ιι
2291 3199 2330 3219 m.
2357 3189 2386 3228 1,
2411 3197 2466 3219 ex-

1381 3233 1495 3265 cedere
1518 3245 1557 3265 m.
1583 3233 1602 3265 2
1628 3233 1695 3265 cod.
1724 3231 1736 3275 ΙΙ
1766 3231 1947 3264 utilitatem
1976 3234 2065 3270 eod,
2096 3243 2179 3264 corr.
2204 3230 2354 3264 Alii-aeus
2381 3231 2393 3274 ΙΙ
2424 3233 2465 3265 12

1381 3276 1552 3309 *sancivit
1582 3276 1773 3319 prohibens]
1804 3276 1932 3309 sancire
1962 3275 2082 3318 prohib
2098 3288 2114 3305 ι
2132 3288 2148 3305 ιι
2166 3288 2182 3305 2
2209 3288 2248 3308 m.
2275 3278 2310 3318 1,
2339 3276 2465 3308 sancire

1381 3321 1557 3363 prohibuit
1573 3335 1611 3354 m.
1630 3323 1649 3355 2
1669 3323 1750 3363 cod.,
1773 3322 1899 3353 sancire
1923 3331 1988 3362 qua
2011 3320 2186 3363 prohibuit
2202 3320 2366 3363 Pithoeus,
2389 3330 2463 3352 sau-

1381 3366 1448 3399 cire
1471 3366 1701 3409 prohibentem
1725 3367 1815 3399 malit
1837 3366 1931 3399 Kroll
1946 3366 1958 3407 ΙΙ
1977 3374 2279 3398 concumconcensu
2298 3377 2352 3408 pr.
2374 3364 2466 3408 cod.fl

1383 3412 1424 3444 15
1450 3411 1701 3443 habominantes
1725 3412 1794 3443 cod.
1811 3411 1822 3453 ΙΙ
1845 3412 1884 3444 16
1908 3409 2035 3453 proelia
2060 3422 2117 3443 om.
2137 3422 2191 3452 pr.
2217 3411 2286 3442 cod.
2306 3411 2318 3450 H
2337 3410 2375 3442 18
2402 3409 2461 3451 leq.

1380 3453 1459 3499 (et)
1482 3455 1685 3488 dissolvere?
1705 3454 1716 3498 ΙΙ
1735 3457 1775 3489 19
1801 3457 1892 3496 quas]
1918 3465 1983 3496 qua
2002 3467 2055 3497 pr.
2082 3456 2150 3487 cod.
2177 3453 2189 3497 ΙΙ
2211 3455 2252 3487 20
2277 3454 2349 3493 hoc]
2375 3454 2464 3494 quod

1383 3501 1453 3532 cod.
1470 3498 1481 3543 H
1497 3500 1595 3542 ipsos]
1621 3502 1653 3532 et
1677 3501 1765 3542 ipsos
1790 3501 1871 3540 σαὶ,
1895 3499 1976 3542 ipsis
2001 3501 2071 3533 edd.
2096 3499 2108 3541 ΙΙ
2135 3497 2339 3530 Desiderium
2364 3499 2434 3531 edd.
2450 3498 2462 3541 ΙΙ

1384 3545 1426 3577 24
1451 3555 1563 3577 orrore
1587 3547 1656 3578 cod.
1680 3545 1692 3588 ΙΙ
1717 3546 1758 3578 26
1783 3546 1888 3577 *vero
1911 3544 2029 3577 seclusi
2048 3544 2059 3586 ΙΙ
2086 3545 2127 3577 27
2151 3541 2313 3584 passione]
2337 3551 2463 3582 posses-

1381 3588 1473 3621 sione
1498 3591 1567 3622 cod.
1596 3589 1608 3632 ΙΙ
1637 3590 1680 3623 30
1711 3589 1900 3622 uoluntates
1924 3589 1993 3621 cod.
2022 3588 2035 3631 ΙΙ
2063 3589 2106 3620 36
2139 3585 2367 3618 consensuales
2392 3588 2461 3621 cod.

1382 3634 1438 3675 (an
1462 3644 1622 3666 consensu
1646 3633 1754 3667 tales?
1779 3634 1896 3675 Kroll)
1914 3632 1926 3675 ΙΙ
1945 3633 1985 3665 37
2011 3642 2078 3664 non
2102 3643 2159 3663 om.
2185 3630 2254 3662 cod.
