2618 4010
106 199 108 201 v
162 154 224 185 An
253 152 592 186 ORDINA'ronEM
620 152 792 184 Dnnucr
1248 133 1306 183 47
2111 140 2219 183 Nov.
2250 139 2309 182 VI
2340 153 2404 195 ep.

162 254 254 288 θεοῦ
281 251 507 300 λειτουργίαν
532 255 593 286 καὶ
615 251 684 296 τὴν
714 250 813 300 ἱερὰν
842 248 1036 295 εὐκοσμίαν
1064 253 1255 298 τηροῦντες
1324 250 1566 287 custodientes
1581 249 1797 293 inviolatam,
1821 260 1939 295 poena
1961 250 2165 287 imminente
2188 250 2279 286 haec
2302 261 2407 297 prae-

162 295 344 346 οἷκέραιον,
369 299 494 342 ποινῆς
518 299 633 333 ἐπικει
662 301 741 342 ἕνης
763 298 818 341 τῷ
843 297 960 332 ταῦτα
983 300 1255 344 παραβαίνοντι
1323 296 1509 339 varicanti,
1534 295 1628 341 quod
1651 295 1796 340 penitus
1811 296 1948 332 alienus
1973 296 2020 332 sit
2043 306 2066 331 a
2089 295 2156 332 deo
2181 300 2217 332 et
2239 296 2406 342 imposito

160 346 225 379 τοῦ
249 342 438 379 παντελῶς
462 339 574 378 αὐτὸν
597 340 619 377 ἆ
644 341 788 391 λάτριον
811 342 904 377 εἶναι
927 343 1018 378 θεοῦ
1042 355 1083 377 τε
1106 345 1167 377 καὶ
1190 343 1251 386 τῆς
1320 342 1389 377 sibi
1414 341 1605 377 sacerdotii
1629 341 1769 386 ordine3
1801 351 1884 376 nam
1914 342 2012 377 velut
2042 342 2209 387 indignus
2239 341 2311 378 hoc
2344 353 2406 378 ex-

161 392 385 435 ἐπικειμένης
409 387 507 433 αὐτῷ
533 388 625 427 κατὰ
647 388 715 432 τὴν
740 386 940 436 ἱερωσύνην
962 386 1082 429 άξίας’
1108 385 1156 423 ως
1180 387 1249 436 γὰρ
1319 387 1487 424 cluditur.
1542 386 1742 422 Licentiam
1778 396 1862 422 vero
1897 387 2070 423 universis
2106 388 2249 432 damus,
2286 388 2406 424 cuius-

160 438 204 473 ΙΘ
239 433 382 476 ἀνάξιος
413 434 546 477 ταύτης
574 431 846 478 ἐξελαθήσεται.
923 432 1068 469 ’Ἀδειαν
1095 432 1135 468 δὲ
1158 435 1247 468 πᾶσι
1283 437 1302 468 5
1320 443 1471 478 cumque
1496 433 1568 468 sint
1591 431 1702 468 officii
1725 432 1781 467 vel
1805 433 2103 476 conversationis,
2132 433 2405 479 respicientibus

162 481 310 526 δίδομεν
330 482 370 514 ἐν
385 477 495 523 ὁποίᾳ
519 477 654 523 δήποτε
671 479 771 521 τάξει
788 480 991 514 καθεστᾶσι
1010 483 1070 513 καὶ
1095 476 1249 524 σχήματι
1318 478 1452 524 aliquid
1476 479 1604 514 horum
1627 477 1879 523 praevaricari,
1904 478 2071 514 nuntiare
2094 479 2197 515 nobis
2215 482 2251 515 et
2273 479 2320 515 ad
2341 479 2405 514 im-

159 532 241 572 βίου
271 526 472 571 θεωμένοις
502 538 539 560 τι
571 525 715 560 τούτων
745 522 1068 572 παραβαινόμενον
1099 523 1250 570 μηνύειν
1320 525 1459 569 perium
1482 523 1578 569 quod
1602 533 1740 569 semper
1760 526 1831 558 est:
1856 526 1898 557 ut
1917 534 1995 566 nos,
2021 524 2082 569 qui
2103 525 2194 560 haec
2211 525 2407 560 secundum

160 571 246 618 ἡμῖν
268 584 309 606 τε
331 574 392 606 καὶ
415 571 464 605 εἰς
485 570 553 615 τὴν
582 568 638 605 ἀεὶ
661 570 863 616 βασιλείαν,
896 568 996 606 ὅπως
1018 568 1066 604 ἂν
1094 567 1191 615 ἡμεῖς
1215 570 1251 604 οἱ
1318 580 1505 605 sacrarum
1538 569 1742 614 regularum
1779 568 2065 613 explanationem
2102 570 2407 615 apostolicamque

161 620 277 654 ταῦτα
300 615 394 652 κατὰ
416 615 483 660 τὴν
514 617 593 651 τῶν
626 616 746 652 θείων
776 613 945 651 κανόνων
978 612 1157 662 ὑφήγησιν
1188 618 1247 649 καὶ
1317 615 1546 651 traditionem
1567 614 1828 653 constituimus,
1853 614 2036 649 decentem
2060 615 2167 650 etiam
2191 616 2406 660 indignatio-

159 662 227 708 τὴν
257 660 498 706 άποστολικὴν
530 660 735 707 παράδοσιν
771 660 1004 702 διατάξαντες
1035 664 1248 708 πρέπουσαν
1266 665 1304 697 10
1317 671 1398 696 nem
1416 660 1766 706 praevaricatoribus
1785 659 1992 695 inferamus
2024 660 2144 695 Etiam
2168 661 2224 697 his
2244 661 2408 697 videlicet

160 712 219 743 καὶ
244 710 305 743 ἐπὶ
328 711 401 742 τοῖς
432 711 725 755 παραβαίνουσιν
757 709 961 755 ἐνέγκοιμεν
991 703 1247 752 ἀγανάκτησιν.
1318 717 1410 751 quae
1430 706 1570 742 sancita
1593 708 1678 741 sunt
1698 716 1720 741 a
1744 704 1849 741 nobis
1873 706 1917 740 de
1938 705 2197 741 hereditatibus
2220 706 2287 742 deo
2308 718 2405 743 ama-

136 790 144 798 ,
160 752 300 797 Anias*
335 756 396 787 καὶ
419 754 497 788 τῶν
526 754 751 799 νενομοθετη
781 756 877 787 ε’νων
910 749 1001 797 παρ’
1029 748 1131 796 ἡμῶν
1166 755 1249 798 περὶ
1319 752 1444 787 bilium
1468 752 1720 798 episcoporum
1745 751 1998 787 custodiendis.

159 801 239 835 τῶν
262 767 513 847 κῖηρονομιῶν
531 800 610 833 τῶν
635 800 744 845 &corpu
767 796 932 832 εστάτων
951 795 1166 832 ἐπισκόπων
1186 811 1248 842 φυ-

128 838 138 848 “
158 847 180 881 1
221 844 466 890 λαττομένων.
562 844 607 880 Οἱ
627 846 696 890 μὲν
719 836 783 878 οὗν
805 839 1004 890 ἁγιώτατοι
1027 842 1249 890 πατριάρχαι
1321 844 1342 878 1
1390 842 1616 878 Sanctissimi
1649 842 1821 888 siquidem
1859 842 2088 888 patriarchae
2123 843 2408 887 uniuscuiusque

159 889 366 934 διοικήσεως
397 889 546 934 ἑκάστης
577 891 693 924 ταῦτα
724 886 978 936 προθήσουσιν
1002 889 1042 922 ἐν
1073 891 1152 921 ταῖς
1181 885 1244 934 ὑφ’
1266 891 1302 923 15
1318 888 1472 924 diocesis
1504 889 1593 924 haec
1626 890 1833 934 proponant
1854 888 1893 924 in
1921 889 2084 924 ecclesiis
2114 890 2182 924 sub
2207 899 2246 925 se
2275 889 2407 924 consti-

160 936 305 970 ἑαυτούς
326 934 547 983 ἁγιωτάταις
565 933 772 979 ἐκκλησίαις,
798 932 888 977 δῆλα
907 931 947 967 δὲ
967 929 1156 976 ποιήσουσι
1174 936 1248 967 τοῖς
1317 934 1424 977 tutis,
1459 936 1495 969 et
1518 935 1709 970 manifesta
1732 934 1869 970 faciant
1898 933 1965 970 deo
1990 934 2203 970 amabilibus
2226 936 2408 979 metropo-

160 980 454 1028 θεοφιλεστάτοις
481 980 761 1038 μιζι-ροπολίταις
791 978 836 1013 τὰ
868 976 960 1025 παρ’
994 976 1099 1023 ἡμῶν
1130 976 1246 1013 διατε-
1316 979 1400 1021 litis,
1427 989 1518 1024 quae
1539 989 1562 1014 a
1578 980 1682 1016 nobis
1703 980 1900 1016 constituta
1921 984 2014 1016 sunt.
2052 980 2109 1015 Illi
2127 990 2268 1026 quoque
2282 991 2408 1016 rursus

159 1030 340 1075 ταγμένα,
374 1026 411 1061 οἱ
432 1025 473 1061 δὲ
497 1027 604 1061 αυθις
627 1028 687 1059 καὶ
711 1019 813 1058 αύτοὶ
838 1021 1071 1070 προθήσουσί
1091 1037 1132 1058 τε
1157 1021 1248 1058 αὐτὰ
1319 1024 1426 1059 etiam
1449 1025 1520 1070 ipsi
1551 1027 1757 1070 proponant
1786 1035 1829 1061 ea
1863 1025 1903 1060 in
1925 1025 2157 1071 metropolita
2181 1026 2409 1062 sanctissima

160 1072 252 1107 κατὰ
275 1072 343 1116 τὴν
366 1074 428 1116 τῆς
450 1069 705 1118 μητροπόλεως
726 1067 937 1117 άγιωτάτην
961 1069 1152 1113 ἐκκλησίαν
1175 1073 1249 1104 τοῖς
1319 1070 1481 1113 ecclesia,
1508 1073 1543 1105 et
1568 1071 1771 1106 constitutis
1802 1071 1869 1106 sub
1895 1081 1933 1106 se
1953 1071 2134 1116 episcopis
2157 1072 2247 1107 haec
2272 1071 2410 1108 faciant

159 1131 199 1153 τε
226 1115 291 1166 ὑφ’
324 1116 467 1152 ἑαυτοὺς
501 1115 709 1152 ἐπισκόποις
744 1114 883 1163 φανερὰ
917 1116 1034 1150 ταῦτα
1070 1113 1246 1159 καταστή-
1261 1119 1304 1151 20
1319 1115 1528 1159 manifesta,
1561 1116 1703 1151 illorum
1734 1127 1818 1152 vero
1850 1117 1980 1162 singuli
2008 1118 2046 1152 in
2076 1118 2225 1162 propria
2257 1117 2410 1153 ecclesia

160 1175 276 1206 σουσι,
311 1159 487 1197 κάκείνων
523 1160 562 1196 δὲ
598 1164 746 1196 ἕκαστος
778 1163 819 1195 ἐν
854 1163 900 1209 τῇ
930 1162 1043 1204 οἰκείᾳ
1080 1159 1248 1204 ἐκκλησίᾳ
1318 1161 1409 1196 haec
1436 1166 1660 1206 proponant:
1687 1164 1728 1196 ut
1751 1162 1872 1197 nullus
1896 1165 2041 1198 nostrae
2065 1163 2285 1208 reipublicae
2308 1163 2408 1208 igno-

159 1211 275 1244 ταῦτα
295 1205 495 1256 προθήσει·
518 1204 606 1242 ὥςτε
621 1205 761 1252 μηδένα
780 1208 858 1241 τῶν
875 1208 937 1250 τῆς
954 1203 1124 1254 ἡμετέρας
1148 1205 1247 1242 πολι·
1318 1210 1393 1251 ret,
1419 1217 1510 1251 quae
1535 1217 1557 1242 a
1580 1207 1685 1242 nobis
1710 1206 1756 1242 ad
1779 1207 1952 1243 honorem
1977 1210 2014 1244 et
2037 1212 2267 1253 augmentum
2290 1208 2410 1253 magni

159 1258 256 1289 τείας
278 1252 421 1301 ἀγνοεῖν
443 1252 489 1287 τὰ
513 1251 606 1299 παρ’
628 1250 732 1297 ἡμῶν
754 1253 802 1287 εἰς
821 1252 930 1298 τιμήν
949 1266 989 1287 τε
1013 1256 1071 1286 καὶ
1097 1251 1248 1295 αὔξησιν
1318 1252 1375 1287 dei
1407 1257 1443 1287 et
1476 1252 1664 1288 salvatoris
1695 1252 1812 1288 nostri
1834 1252 1917 1288 Iesu
1942 1253 2074 1290 Christi
2107 1253 2281 1300 disposita
2312 1258 2408 1290 sunt.

158 1301 221 1334 τοῦ
244 1295 397 1346 μεγάλου
421 1299 512 1333 θεοῦ
536 1299 790 1343 καὶθσωτῆρος
821 1295 924 1343 ἡμῶν
946 1296 1058 1342 Ἰησοῦ
1083 1299 1245 1345 Χριστοῦ
1317 1298 1469 1343 Insuper
1490 1308 1641 1343 sequens
1663 1298 1753 1334 haec
1773 1302 1838 1333 tua
1862 1299 2036 1335 sanctitas
2059 1299 2234 1343 omnibus,
2257 1300 2319 1344 qui
2343 1300 2409 1335 sub

158 1343 469 1389 διατετυπωμένα.
517 1341 578 1390 ἐφ’
599 1344 629 1388 ᾡ
656 1357 696 1378 τε
719 1342 992 1378 ἀκολουθοῦσαν
1017 1342 1156 1378 τούτοις
1179 1343 1248 1388 την
1260 1346 1302 1379 25
1317 1353 1361 1379 ea
1385 1346 1480 1386 sunt,
1517 1344 1754 1379 sanctissimis
1780 1344 2018 1390 metropolitis
2042 1345 2133 1381 haec
2156 1345 2270 1381 faciat
2296 1346 2409 1381 mani-

157 1389 225 1433 σὴν
246 1387 456 1438 ἁγιωσύνην
479 1387 595 1425 ἅπασι
614 1393 688 1424 τοῖς
713 1387 780 1425 ὑπ’
808 1389 921 1433 αὐτὴν
945 1387 1159 1424 ὁσιωτάτοις
1181 1403 1247 1434 μη·
1316 1388 1421 1435 festa,
1446 1389 1613 1426 universo
1639 1393 1799 1435 tempore
1825 1390 2081 1427 contradenda.

155 1434 387 1483 τροπολίταις
410 1434 548 1483 φανερὰ
569 1436 686 1470 ταῦτα
705 1437 932 1479 καταστῆσαι
949 1437 1004 1479 τῷ
1023 1438 1136 1470 παντὶ
1160 1447 1245 1480 συμ-

156 1478 495 1530 σξι-ιραδοθησόμενα
515 1479 647 1528 χρόνῳ.
792 1513 795 1515 o

156 1529 216 1574 (Κ)
247 1527 272 1563 2
305 1524 462 1574 Ἐγράφη
486 1526 532 1562 τὰ
554 1526 711 1561 ἰσότυπα
734 1526 946 1573 <Τιμοθέῳ>
971 1528 1025 1570 τῷ
1051 1524 1245 1571 ὁσιωτάτῳ
1316 1526 1340 1562 2
1387 1527 1531 1572 Scripta
1549 1527 1769 1573 exemplaria
1784 1527 1842 1563 Eu
1869 1527 2027 1563 hraemio
2047 1527 2274 1564 sanctissimo
2291 1528 2409 1564 archi·
2465 1532 2469 1536 ”

155 1569 432 1622 άρχιεπισκόπῳ
451 1571 729 1618 Ἀλεξανδρείας,
753 1569 953 1619 Ἐφραὶμίῳ
977 1574 1032 1616 τῷ
1056 1569 1249 1616 ὁσιωτάτῳ
1264 1576 1306 1609 30
1319 1572 1489 1618 episcopo
1519 1573 1795 1618 Theopolitano.
1872 1573 1988 1618 cripta
2018 1574 2237 1619 exemplaria
2267 1574 2412 1620 (Petro)

156 1615 429 1667 ἀρχιεπισκόπῳ
445 1617 684 1660 Θεουπόλεως,
709 1621 839 1665 Πέτρῳ
863 1619 917 1662 τῷ
940 1615 1129 1662 ὁσιωτάτῳ
1154 1617 1248 1667 ἀρχι-
1320 1619 1548 1655 sanctissimo
1581 1619 1751 1664 episcopo
1783 1618 2126 1665 Hierosolymorum.
2177 1619 2320 1664 Scripta
2349 1629 2410 1655 ex-

157 1661 778 1711 επισκόπῳἹεροσολύμων,Ἰωάννῃ
791 1665 846 1708 τῷ
862 1662 1088 1708 ἐνδοξοτάτῳ
1103 1664 1248 1712 ἐπάρχῳ
1318 1664 1492 1710 emplaria
1518 1665 1673 1700 Iohanni
1696 1665 1771 1700 viro
1797 1665 2052 1709 gloriosissimo
2076 1665 2263 1710 praefecto
2288 1675 2410 1701 sacro-

156 1711 234 1745 τῶν
259 1709 368 1756 ἱερῶν
387 1709 603 1755 praetoriam
627 1709 668 1744 τὸ
701 1707 880 1753 δεύτερον,
913 1709 986 1744 ἀπὸ
1010 1707 1164 1745 ὑπάτων
1188 1714 1250 1744 καὶ
1317 1721 1397 1745 rum
1433 1711 1694 1757 praetoriorum
1731 1710 1909 1753 secundo,
1950 1711 2134 1746 exconsuli
2174 1714 2210 1746 et
2244 1711 2409 1756 patricio.

156 1759 349 1802 πατρικίῳ,
374 1757 543 1800 Δομνίκῳ
568 1756 622 1799 τῷ
645 1754 870 1800 ἐνδοξοτάτῳ
887 1754 1032 1804 ἐπάρχῳ
1052 1757 1131 1791 ’τῶν
1150 1755 1250 1803 παρὰ
1365 1756 1432 1791 Cui
1455 1756 1563 1791 etiam
1587 1757 1657 1792 hoc
1678 1756 1858 1792 adiectum
1878 1759 1953 1792 est:
1978 1756 2029 1791 Et
2052 1759 2117 1792 tua
2141 1767 2282 1802 quoque
2306 1757 2409 1792 celsi·-

154 1799 332 1848 Ἰλλυριοῖς
357 1799 466 1848 ἱερῶν
489 1801 715 1846 praetoriam.
1262 1805 1303 1837 35
1317 1801 1405 1838 tudo
1430 1802 1520 1837 haec
1546 1802 1663 1838 sciens
1683 1812 1754 1838 una
1772 1813 1853 1838 cum
1877 1812 2019 1847 semper
2042 1802 2265 1847 suscepturis
2291 1803 2410 1839 sedem

160 1866 164 1875 »
200 1847 286 1883 Dat.
307 1857 393 1883 xvn.
406 1847 442 1882 k.
457 1847 572 1892 April.
587 1846 657 1882 ΟΡ.
671 1847 844 1883 Belisario
862 1859 894 1883 v.
910 1858 941 1883 c.
957 1857 1056 1884 cons.
1091 1850 1138 1890 [a.
1154 1850 1243 1890 535.]
1314 1849 1416 1883 tuam
1440 1848 1532 1883 haec
1557 1858 1700 1883 servare
1720 1848 1887 1891 festinet,
1912 1852 1948 1884 et
1972 1848 2004 1884 si
2028 1848 2278 1884 denuntiatum
2300 1848 2411 1885 fuerit

1313 1893 1460 1938 aliquod
1491 1895 1565 1929 tale
1589 1893 1777 1938 delictum,
1808 1894 2016 1939 prohibeat,
2050 1898 2085 1930 et
2115 1894 2269 1930 maxime
2301 1904 2409 1939 quae-

1315 1949 1466 1984 cumque
1501 1939 1538 1974 in
1579 1939 1864 1975 ordinationibus
1900 1939 2090 1975 curialium
2125 1941 2163 1975 et
2198 1939 2409 1975 officialium

1312 1985 1504 2020 interdicta
1529 1989 1623 2021 sunt.
1671 1985 1826 2021 Nuntiet
1849 1988 1971 2021 autem
1995 1986 2103 2021 etiam
2127 1985 2250 2030 nobis,
2274 1989 2316 2021 ut
2346 1986 2408 2022 de-

1256 2034 1299 2066 40
1314 2041 1398 2067 cens
1422 2041 1530 2076 super
1555 2031 1606 2067 eis
1630 2031 1838 2076 imponatur
1869 2031 2059 2068 correctio.
2107 2031 2240 2067 Utatur
2265 2042 2408 2077 quoque

1312 2077 1517 2122 praeceptis
1550 2077 1597 2112 ad
1629 2077 1847 2112 clarissimos
1880 2077 2146 2122 provinciarum
2179 2077 2335 2118 iudices,
2367 2079 2410 2113 ut

1313 2125 1350 2158 et
1373 2123 1442 2168 ipsi
1466 2132 1559 2166 quae
1577 2122 1672 2157 fiunt
1694 2122 1925 2167 inspicientes
1946 2133 2019 2158 non
2043 2123 2253 2168 permittant
2272 2123 2409 2168 aliquid

1312 2171 1415 2203 extra
1447 2168 1518 2203 hoc
1543 2168 1639 2213 quod
1664 2179 1686 2203 a
1710 2169 1814 2203 nobis
1849 2168 2085 2203 constitutum
2120 2173 2175 2204 est
2205 2168 2293 2204 fieri.
2339 2169 2408 2203 Im-

1315 2214 1464 2248 minebit
1488 2214 1582 2249 enim
1606 2214 1658 2249 eis
1679 2217 1716 2248 et
1738 2224 1855 2258 poena
1885 2214 2042 2258 quinque
2065 2213 2239 2249 librarum
2263 2214 2352 2257 auri,
2378 2214 2408 2249 si

157 2281 319 2318 omnibus
343 2281 450 2317 rebus
474 2281 532 2317 dei
556 2281 690 2316 cultum
711 2285 747 2316 et
764 2291 909 2316 sacram
933 2281 1165 2327 disciplinam
1188 2282 1402 2318 inviolatam
1425 2287 1632 2318 servantes:
1649 2293 1776 2329 poena
1801 2287 2077 2329 transqressuro
2096 2283 2303 2319 imminente
2327 2283 2406 2325 hac,

156 2331 198 2363 ut
216 2331 252 2363 et
266 2338 289 2362 a
306 2326 375 2362 deo
396 2330 432 2362 et
453 2337 477 2361 a
501 2325 679 2372 diqnitate
701 2325 899 2360 sacerdotii
921 2325 960 2360 in
978 2336 1059 2361 eum
1083 2326 1221 2361 collata
1234 2326 1355 2406 glane
1372 2326 1514 2362 alienus
1536 2328 1587 2363 sit
1606 2327 1780 2373 futurus;
1803 2338 1889 2362 nam
1912 2331 1954 2363 ut
1976 2328 2150 2380 indignus
2173 2339 2216 2364 ea
2239 2333 2405 2365 exuetur.

159 2372 358 2408 Licentiam
378 2382 463 2407 vero
490 2370 655 2406 omnibus
686 2370 833 2412 damus,
867 2370 907 2404 in
938 2380 1166 2415 quocumque
1189 2381 1234 2406 or
1266 2371 1318 2406 'ne
1341 2376 1378 2407 et
1409 2372 1505 2407 vitae
1535 2372 1751 2408 condicione
1772 2376 1877 2415 sunt,
1909 2372 1972 2408 ubi
2002 2373 2093 2419 quid
2122 2372 2253 2409 horum
2274 2373 2408 2410 violari
2436 2413 2438 2415 μ

157 2417 320 2459 videant,
352 2421 394 2451 ut
423 2415 463 2450 id
494 2420 530 2451 et
559 2415 664 2450 nobis
687 2419 724 2450 et
746 2415 963 2461 quicumque
985 2415 1187 2460 imperator
1208 2416 1363 2461 futurus
1386 2420 1441 2452 est
1463 2416 1642 2452 indicent:
1679 2428 1752 2463 quo
1777 2427 1865 2460 nos,
1897 2417 1960 2463 qui
1982 2418 2178 2454 secundum
2202 2418 2406 2455 divinorum

158 2472 337 2497 canonum
386 2464 595 2507 raeceptum
618 2463 655 2496 et
668 2471 690 2495 a
720 2459 909 2495 ostolicam
927 2459 1159 2495 traditionem
1182 2459 1272 2496 haec
1289 2461 1552 2505 constituimus,
1574 2461 1729 2497 debitam
1747 2462 1857 2498 etiam
1882 2463 2215 2509 transqressoribus
2237 2463 2405 2510 indiqna—

160 2508 291 2543 tionem
307 2518 356 2543 ea:
381 2505 550 2541 ibeamus.
596 2505 686 2541 Vide
701 2505 771 2541 icet
793 2516 837 2541 ea
861 2515 1006 2557 quoque
1030 2516 1123 2551 quae
1139 2517 1163 2540 a
1186 2506 1291 2542 nobis
1313 2506 1358 2542 de
1381 2506 1642 2543 hereditatibus
1666 2507 1733 2543 deo
1750 2507 2023 2543 carissimorum
2046 2508 2304 2561 episcoporum
2321 2518 2405 2545 san-

157 2554 177 2588 1
213 2552 285 2588 cita
296 2555 392 2594 sunt,
414 2550 656 2588 observentur.
720 2549 946 2586 Sanctissimi
965 2551 1081 2597 iqitur
1101 2551 1275 2598 cuiusque
1292 2551 1468 2588 dioecesis
1480 2552 1724 2599 patriarchae
1737 2552 1826 2589 haec
1843 2553 1882 2588 in
1901 2554 2140 2589 sanctissimis
2159 2554 2320 2590 ecclesiis
2338 2555 2404 2591 sub

156 2609 195 2634 se
218 2597 425 2643 constitutis
442 2600 659 2644 proponent
681 2600 718 2632 et
744 2607 823 2632 cum
844 2595 911 2631 deo
933 2596 1131 2632 carissimis
1151 2597 1444 2644 metropolitanis
1461 2608 1556 2644 quae
1581 2609 1604 2634 a
1628 2598 1734 2636 nobis
1751 2599 1933 2647 imperata
1957 2603 2045 2635 sunt
2067 2599 2405 2643 communicabunt;

157 2642 195 2679 hi
218 2653 303 2679 vero
326 2653 456 2678 rursus
479 2646 515 2678 et
536 2641 609 2689 ipsi
631 2642 670 2677 in
693 2642 923 2678 sanctissima
946 2641 1099 2678 ecclesia
1122 2642 1408 2689 metropolitana
1431 2654 1475 2679 ea
1499 2647 1536 2679 et
1558 2648 1778 2691 proponent
1807 2648 1844 2680 et
1872 2643 1997 2680 eadem
2020 2645 2220 2692 episcopis,
2251 2646 2315 2692 qui
2337 2646 2404 2682 sub

156 2688 248 2736 ipsis
269 2691 374 2731 sunt,
398 2688 596 2734 manifesta
617 2687 761 2734 facient
767 2699 782 2730 ;
810 2687 965 2733 denique
988 2687 1135 2723 illorum
1158 2687 1266 2723 etiam
1289 2688 1329 2723 in
1351 2699 1420 2724 sua
1443 2690 1597 2735 quisque
1620 2689 1773 2725 ecclesia
1798 2688 1888 2725 haec
1909 2695 2116 2743 proponet:
2150 2695 2193 2727 ut
2214 2702 2318 2727 nemo
2343 2703 2402 2728 eo-

155 2745 237 2770 rum
280 2733 319 2769 ui
334 2733 373 2768 in
394 2736 524 2769 nostra
546 2736 633 2769 sunt
654 2732 842 2780 republica
862 2744 905 2769 ea
930 2743 1024 2779 quae
1039 2744 1063 2768 a
1082 2732 1187 2768 nobis
1204 2733 1243 2769 in
1259 2732 1434 2770 honorem
1457 2739 1493 2770 et
1510 2734 1768 2771 incrementum
1784 2735 1909 2782 maqni
1926 2735 1982 2771 det
2003 2739 2040 2771 et
2059 2737 2260 2772 servatoris
2280 2738 2403 2773 nostri

158 2777 242 2815 Iesu
283 2778 391 2814 hristi
408 2779 605 2814 constituta
623 2782 719 2822 sunt,
744 2778 898 2825 iqnoret.
932 2778 1065 2825 Itaque
1084 2778 1141 2814 his
1158 2778 1358 2825 obsequens
1372 2780 1551 2821 sanctitas
1573 2784 1635 2816 tua
1652 2781 1816 2816 omnibus
1835 2781 2075 2817 sanctissimis
2094 2786 2209 2818 metro
2240 2782 2402 2825 olitanis,

156 2824 181 2859 2
219 2825 283 2871 qui
299 2823 364 2860 sub
380 2824 464 2871 ipsa
483 2828 580 2867 sunt,
605 2823 694 2860 haec
717 2824 915 2870 manifesta
936 2824 1060 2869 faciat
1083 2824 1181 2859 omni
1206 2825 1362 2871 tempori
1381 2825 1490 2860 simul
1505 2825 1712 2872 prodenda.
1802 2825 1951 2873 Scripta
1971 2831 2058 2863 sunt
2076 2838 2206 2874 exemp
2224 2828 2307 2863 aria
2326 2828 2402 2875 <Ti-

156 2869 316 2910 motheo>
338 2870 568 2905 sanctissimo
593 2869 871 2916 archiepiscopo
894 2869 1158 2912 Alexandriae,
1184 2866 1400 2916 Ephraimio
1425 2871 1654 2907 sanctissimo
1679 2871 1956 2919 archiepiscopo
1982 2869 2264 2919 Theopolitano,
2288 2873 2402 2910 Petro

156 2915 385 2952 sanctissimo
411 2914 688 2962 archiepiscopo
718 2914 1078 2961 Hierosolymorum,
1104 2914 1265 2951 Iohanni
1287 2915 1552 2962 qloriosissimo
1579 2917 1780 2963 praefecto
1810 2928 1918 2954 sacro
1938 2919 2131 2965 praetorio
2155 2919 2303 2962 iterum,
2337 2930 2401 2956 ex-

157 2960 297 2997 consuli
320 2965 356 2996 et
375 2961 553 3007 patricio,
577 2960 769 2996 Dominico
793 2960 1058 3007 gloriosissimo
1076 2961 1275 3007 praefecto
1300 2972 1407 2998 sacro
1429 2962 1624 3008 praetorio
1650 2961 1752 3009 apud
1774 2961 1936 3010 Illyrios.

204 3033 218 3065 1
248 3029 358 3071 ἱεοὰν]
383 3028 565 3077 ἱερατικὴν
589 3031 620 3064 Α
647 3029 659 3074 11
684 3033 703 3066 3
728 3030 835 3071 *τοῦ]
860 3028 903 3063 τὸ
930 3031 1007 3064 libri
1036 3029 1048 3073 11
1077 3033 1098 3065 6
1123 3027 1243 3064 διδόα-
1362 3033 1378 3065 1
1402 3042 1543 3074 poenam
1568 3031 1796 3069 imminentem
1821 3032 1926 3067 RTV
1931 3033 1941 3053 ¹
1957 3031 2083 3112 alhaec]
2109 3047 2125 3065 ι
2153 3034 2191 3068 V
2196 3034 2205 3055 ¹
2230 3035 2293 3067 hac
2318 3034 2356 3068 V
2359 3025 2402 3071 311

156 3089 224 3120 μεν
236 3077 268 3110 Α
279 3062 299 3120 11
315 3076 356 3109 ἐν
368 3076 413 3117 Α]
427 3089 485 3109 om.
499 3077 547 3109 M
555 3074 567 3118 11
585 3075 799 3109 καθεστῶσι
811 3076 843 3108 A
862 3075 873 3117 11
890 3072 1044 3119 σχήματι
1056 3077 1150 3118 βίον]
1165 3087 1243 3108 con·
1312 3077 1536 3119 praeuaricati
1561 3076 1593 3110 V
1604 3077 1614 3097 ¹
1630 3076 1642 3122 11
1662 3079 1681 3111 2
1707 3078 1808 3119 quod]
1835 3088 1901 3120 quo
1922 3079 1954 3112 R
2018 3079 2030 3123 11
2082 3079 2192 3112 enitus
2211 3079 2314 3112 alieni
2334 3080 2402 3112 sint

157 3121 355 3154 uersationis
375 3122 410 3162 (i.
425 3133 450 3154 e.
464 3117 622 3163 ἀσκήσει)
637 3132 655 3157 ς
673 3119 685 3165 11
705 3123 743 3155 12
759 3123 801 3165 cf.
821 3121 898 3154 cod.
918 3124 943 3161 1,
961 3128 987 3162 3⁷
1004 3128 1031 3154 41
1050 3123 1123 3163 (42),
1138 3121 1244 3163 5-911
1312 3122 1346 3155 R
1365 3121 1377 3166 11
1395 3123 1413 3155 3
1438 3121 1542 3155 uelud
1558 3122 1719 3164 indignus
1733 3123 1771 3157 V
1776 3122 1790 3144 ³
1811 3124 1843 3157 in
1857 3137 1923 3158 ras.
1938 3126 1955 3157 7
1972 3124 2031 3159 litt.
2052 3124 2056 3167 Ι
2081 3124 2276 3158 excludetur
2289 3127 2374 3169 vulq.
2390 3124 2401 3164 11

161 3169 200 3201 13
221 3164 470 3212 κληρονομιῶν
487 3166 552 3207 Ας]
578 3163 812 3210 κληοονόμων
832 3163 876 3199 M
895 3164 907 3210 11
931 3167 970 3200 14
993 3163 1029 3199 οἱ
1049 3166 1116 3210 μὲν
1135 3162 1241 3200 ὁσιώ-
1312 3169 1334 3202 4
1358 3167 1522 3200 universis
1543 3167 1624 3211 dam!
1646 3167 1692 3201 V*
1715 3168 1830 3201 damus
1851 3169 2020 3203 uniuersis
2036 3169 2070 3202 R
2086 3169 2099 3214 11
2118 3170 2278 3212 cuiusque
2299 3170 2373 3203 RV
2388 3165 2393 3212 1

157 3223 262 3245 τατοι
286 3212 317 3245 A
332 3210 344 3256 11
367 3213 404 3245 15
431 3211 548 3245 ταῦτα
572 3197 835 3257 προθήσουσιν]
860 3210 1061 3257 προθέντες
1083 3212 1115 3244 A
1138 3211 1150 3256 11
1177 3209 1239 3256 ἐφ’
1313 3216 1332 3248 5
1358 3212 1669 3246 conuersationibus
1692 3213 1742 3246 13¹
1767 3213 1779 3258 11
1802 3216 1822 3249 8
1848 3225 1940 3247 sacra
1962 3215 2012 3248 R¹
2029 3214 2042 3259 11
2061 3215 2306 3258 apostolicaque
2330 3216 2366 3248 R

158 3254 302 3290 ἑαυτοὺς
314 3257 346 3289 A
362 3255 376 3301 11
394 3258 435 3291 16
457 3253 548 3298 δῆλα
562 3253 773 3298 ποιήσουσιν
785 3257 825 3289 ἐν
837 3257 909 3289 τοῖς
921 3257 953 3289 A
971 3256 983 3301 11
1003 3258 1042 3291 18
1065 3257 1123 3290 καὶ
1140 3251 1241 3290 αὐτοὶ
1314 3260 1355 3292 10
1381 3259 1480 3291 etiam
1494 3277 1536 3282 —-
1553 3259 1592 3291 12
1618 3258 1842 3292 custodiendis
1866 3273 1924 3294 om.
1939 3260 1972 3293 R
1989 3259 2002 3304 11
2022 3262 2060 3295 15
2081 3263 2288 3303 praeponant
2313 3260 2381 3294 VT
2396 3258 2401 3301 1

155 3310 231 3346 post
258 3299 351 3335 αὐτὰ
377 3302 450 3336 coll.
468 3302 499 3335 A
517 3303 522 3346 1
545 3299 797 3346 προσθήσουσι
815 3302 847 3335 A
862 3301 874 3345 11
893 3303 936 3335 20
960 3301 1077 3335 ταῦτα
1101 3315 1160 3337 om.
1179 3303 1211 3336 A
1230 3305 1243 3347 11
1316 3306 1355 3338 16
1379 3303 1440 3336 deo
1465 3316 1523 3337 om.
1549 3303 1597 3336 13¹
1623 3303 1636 3347 11
1663 3305 1701 3338 18
1722 3304 1980 3347 metropolitana
1999 3305 2051 3338 12²
2073 3306 2161 3350 vuly.
2180 3305 2192 3348 11
2211 3307 2251 3339 19
2278 3306 2400 3339 fatiant

157 3349 200 3382 22
213 3346 505 3393 προθήσουσινΑ
531 3346 629 3391 Ιτῶν
642 3361 700 3382 om.
712 3348 744 3381 A
762 3347 774 3391 11
791 3349 832 3381 23
845 3344 868 3380 ἀ
891 3347 1090 3380 νοοῦνταΑ
1105 3346 1118 3391 11
1137 3344 1241 3390 αὔξη·
1310 3349 1485 3381 manifesta
1498 3349 1581 3389 RT]
1602 3350 1778 3382 manifesta
1799 3350 1920 3383 fatiant
1933 3350 1971 3384 V
1985 3352 2070 3395 vuly.
2087 3351 2100 3394 11
2119 3352 2158 3384 21
2183 3350 2312 3384 nullius
2331 3352 2370 3385 V
2388 3353 2400 3395 11

158 3395 230 3434 σιν]
243 3393 304 3435 τῆς
316 3395 472 3427 πίστεως
482 3394 600 3427 add.A
612 3391 624 3437 11
637 3395 678 3428 26
691 3392 820 3426 πᾶσιΑ
833 3392 845 3433 11
855 3358 1097 3426 ι’ζειοτάτοιςΑ
1110 3391 1122 3438 11
1136 3395 1177 3427 29
1190 3395 1241 3436 §2
1311 3396 1354 3429 25
1390 3394 1589 3427 sanctissimi
1621 3394 1659 3428 V
1663 3395 1674 3416 ¹
1705 3394 1718 3440 11
1747 3395 1870 3428 fatiant
1901 3395 1934 3429 V
1939 3396 1949 3417 ¹
1977 3395 1989 3440 11
2020 3397 2062 3431 26
2101 3397 2161 3441 leq.
2189 3397 2357 3439 tempori?
2385 3395 2398 3441 11

159 3439 265 3473 om.A.
296 3439 345 3483 Os.
360 3451 434 3472 ηου.
450 3438 523 3472 VII
534 3445 611 3472 extr.
626 3433 1041 3483 Μνῷ-Ἀλεξανδρείας]
1058 3450 1155 3475 ome.
1188 3441 1240 3472 Τι-
1311 3439 1537 3473 contrahenda
1556 3439 1661 3474 RVT
1685 3439 1697 3484 11
1726 3442 1769 3474 29
1792 3441 2020 3484 Euphraemio
2045 3443 2103 3484 (cfi
2125 3442 2304 3476 Liberatus
2328 3445 2397 3476 bre-

156 3483 285 3527 μοθέῳ
293 3485 413 3518 addidi
422 3482 434 3528 11
446 3483 763 3529 30*ΑἰφρεμίῳΜ
770 3481 969 3529 1131Πέτρῳ
979 3482 1089 3529 omen
1101 3486 1144 3518 34
1157 3481 1241 3517 *δο-
1310 3487 1393 3519 viar.
1426 3498 1452 3518 c.
1477 3485 1539 3525 23)]
1576 3486 1765 3528 eupraemio
1796 3487 1822 3528 (i
1850 3494 1925 3530 post
1952 3497 2031 3529 prae
2061 3488 2139 3521 add.
2161 3487 2224 3530 Rb)
2253 3488 2288 3521 R
2321 3498 2397 3521 cum

159 3531 275 3571 ιινίνῳ
287 3530 334 3563 Μ
341 3528 353 3573 11
374 3529 591 3573 Δομνίκῳ-
612 3529 815 3571 praetoriana
828 3541 884 3562 om.
903 3540 932 3565 ς.
962 3529 1052 3567 Quae
1064 3538 1241 3572 sequuntur
1310 3530 1470 3563 eufremio
1485 3530 1523 3563 V
1534 3530 1548 3575 11
1563 3531 1714 3574 episcopo
1735 3532 1985 3574 archiepiscopo
2009 3533 2167 3576 (archiep.
2183 3535 2243 3568 del.
2259 3533 2292 3567 V
2294 3533 2322 3575 2)
2336 3533 2374 3567 V
2385 3533 2397 3578 11

159 3577 191 3615 in
201 3586 231 3617 ς,
244 3587 302 3608 om.
313 3575 362 3608 M
360 3587 372 3615 ;
387 3582 537 3619 excerpta
551 3575 750 3608 habentAth.
765 3575 854 3616 (inde
862 3574 906 3615 A)
921 3581 949 3607 et
961 3575 1079 3608 Theod.
1091 3573 1104 3620 11
1117 3577 1159 3609 36
1173 3575 1239 3608 dat.
1311 3578 1352 3610 30
1366 3577 1466 3608 Petro
1478 3588 1536 3609 om.
1552 3577 1644 3609 codd.
1662 3578 1674 3620 11
1694 3579 1733 3610 31
1749 3578 1967 3619 sanctissimo]
1984 3578 2131 3611 *nimio
2143 3578 2194 3611 R¹
2213 3579 2224 3622 11
2242 3581 2284 3613 33
2300 3589 2395 3622 prae-

157 3620 190 3674 l}.
208 3620 315 3662 April.
329 3619 396 3674 GP‘.
410 3620 572 3654 Belisario
591 3630 620 3654 v,
639 3629 666 3652 c.
688 3630 775 3678 cons.
790 3619 872 3678 Iul·;
895 3616 1030 3674 ἐγράφη
1049 3617 1241 3674 καλάνδαις
1309 3622 1484 3673 teritorum
1507 3621 1542 3654 R
1559 3620 1572 3666 11
1589 3623 1630 3655 35
1651 3621 1851 3675 susceptoris
1870 3622 1956 3656 R¹V
1959 3623 1991 3656 T
2001 3622 2014 3668 11
2031 3623 2143 3658 sedere
2163 3623 2201 3658 V
2212 3623 2225 3667 11
2242 3625 2395 3677 38.οι·ᾶί-

158 3662 1144 3762 3⁷5.ss{24155922‘233223522{sstzssx‘tgcfss'ssfissiz‘sst'st‘t
1153 3666 1240 3745 {²32²}
1309 3665 1520 3745 1ῧίἷίΠῖῑῖῗῖ
1529 3666 1547 3755 11
1559 3667 1767 3745 illim?
1769 3680 1803 3746 i>
1814 3667 1867 3758 1¹1⁷}
1873 3667 2175 3748 οΒζΞῚηιῖῗῗοζὲῑθιὲ
2180 3668 2195 3736 1
2209 3671 2278 3759 ιῗῗι
2287 3672 2396 3750 1ῗᾶἱέ

160 3754 221 3799 τῆς
231 3755 622 3803 υπατείαςΒελισαρίου
635 3757 676 3790 τὲ
687 3758 744 3790 καὶ
760 3753 1246 3804 ΕὗτροπίουΑΙῑΒίΙίεεατίιιΜ
1308 3758 1358 3792 13¹
1376 3756 1447 3803 1142
1467 3758 1564 3800 quae]
1589 3768 1721 3801 quoque
1745 3758 1779 3794 V
1784 3759 1792 3781 ¹
1818 3759 1877 3803 qui
1902 3760 1940 3795 V
1941 3760 1955 3780 ²
1970 3759 1983 3806 11
2002 3760 2131 3803 aliquid
2156 3762 2189 3795 in
2213 3773 2279 3797 ras.
2306 3760 2344 3799 V
2363 3803 2365 3805 r
