2618 4010
173 144 716 180 consummorommms
1171 191 1173 193 Ι
1251 130 1339 178 337
2077 131 2185 176 Nov.
2217 132 2356 175 LXIV
2391 135 2408 174 1

173 248 234 281 καὶ
255 248 360 293 ἕτερα
383 242 724 292 καταφυτεύσουσιν.
770 243 858 279 ἀλλὰ
879 243 945 280 τὸν
961 243 1177 291 διατιμητὴν
1194 249 1254 280 καὶ
1325 247 1362 281 et
1382 245 1471 280 alias
1495 243 1724 290 plantabunt.
1772 244 1844 281 Sed
1862 243 2072 281 aestimator
2095 246 2131 281 et
2153 244 2192 280 in
2216 244 2412 291 semetipso

174 289 234 339 ἐφ’
268 291 388 336 ἑαυτῷ
417 289 459 325 τὸ
490 286 617 336 ὅμοιον
648 292 796 338 πρᾶγμα
826 288 912 336 μετ’
945 288 1068 339 ὀλίγον
1098 291 1254 326 ἔσεσθαι
1324 290 1487 327 similiter
1518 300 1665 326 causam
1695 291 1780 335 post
1801 300 1958 335 paucum
1989 292 2133 336 tempus
2157 289 2319 326 futuram
2342 301 2411 336 pu-

174 338 371 382 νομίζοντα
400 333 546 371 εἰκότως
574 333 665 381 ὑπὲρ
696 336 822 371 ἑαυτοῦ
854 334 922 380 τὴν
944 334 1120 380 τοιαύτην
1143 334 1252 381 ἆπλη-
1323 339 1405 372 tans
1428 335 1554 372 merito
1584 345 1652 381 pro
1686 345 1725 371 se
1756 335 1865 371 talem
1889 335 2078 372 avaritiam
2100 335 2229 381 infert,
2261 336 2357 372 unde
2381 336 2413 372 si

174 386 282 417 στίαν
307 382 488 428 εἶςφέρειν,
521 377 609 416 ὥςτε
641 381 741 428 εἴπερ
765 378 784 416 ὁ
807 380 1039 429 ταλαίπωρος
1061 380 1253 426 ἀνάσχοιτο
1322 380 1449 417 infelix
1486 381 1646 427 patiatur
1678 380 1843 417 dominus
1882 391 1926 416 ex
1966 381 2147 427 imperItia
2182 384 2287 418 tanta
2326 381 2413 418 dare

175 425 350 471 δεσπότης
374 427 413 467 ἐξ
429 423 592 474 ἀπειρίας
615 426 795 471 τοσαύτην
818 425 945 462 δοῦναι
971 429 1104 472 ζημίαν
1127 431 1187 463 καὶ
1208 428 1254 462 τὰ
1290 431 1309 463 5
1324 427 1492 463 damnum
1522 429 1558 463 et
1582 436 1649 463 sua
1675 426 1848 471 recipere,
1881 426 2024 472 alioque
2055 427 2176 463 tradat
2198 427 2343 463 hortum
2376 430 2413 463 et

174 472 299 507 ἑαυτοῦ
322 471 459 517 λαβεῖν,
490 472 603 519 ἑτέρῳ
628 470 669 506 δὲ
691 470 810 516 ἐκδοίη
835 474 1005 519 κηπουρῷ
1036 472 1102 508 τὸν
1125 475 1252 518 κῆπον,
1322 483 1448 508 rursus
1483 472 1522 508 in
1556 471 1619 508 illo
1654 471 1725 507 hoc
1760 471 1931 517 patiatur,
1966 472 2133 518 <insuper
2166 475 2202 509 et
2238 483 2282 508 ex
2302 474 2410 510 tertio

173 520 233 552 καὶ
262 515 374 553 πάλιν
404 514 467 552 ἐπ’
494 519 621 562 ἐκείνῳ
651 517 694 553 τὸ
727 517 815 552 αὐτὸ
846 517 981 560 πάθοι,
1014 521 1074 553 καὶ
1104 518 1194 567 πρός
1216 532 1257 566 γε
1325 518 1419 554 forte
1442 521 1506 553 aut
1530 519 1658 563 quarto
1681 517 1831 553 similem
1854 517 2031 563 patiatur>
2051 517 2286 560 nimietatem,
2312 518 2411 572 peri-

173 564 212 596 ἐκ
231 565 354 609 τρίτου
373 562 484 606 τυχὸν
506 559 529 607 ἢ
548 561 721 610 τετάρτου
744 563 805 607 τῆς
825 564 902 607 ἴσης
920 561 1112 607 ἀνάσχοιτο
1129 563 1256 599 πλεον-
1327 563 1510 599 clitabitur
1541 566 1579 599 et
1609 563 1690 608 ipso
1721 563 1866 608 penitus
1900 562 2031 598 cadere
2062 563 2160 599 horti
2190 563 2345 599 domimo
2377 565 2413 600 et

173 607 282 650 εξίας,
313 605 535 643 κινδυνεύειν
562 611 623 643 καὶ
653 606 760 664 αὐτῆς
792 608 980 643 παντελῶς
1008 611 1173 644 ἐκπεσεῖν
1197 610 1257 653 τῆς
1326 610 1517 644 extraneus
1533 608 1608 644 suis
1625 608 1733 643 rebus
1753 608 1842 644 fieri.
1890 607 2029 643 Facere
2046 618 2188 654 quoque
2213 618 2275 645 eos
2300 619 2411 654 agno-

172 653 235 687 τοῦ
260 651 375 696 κήπου
401 651 612 689 δεσποτείας
635 658 696 688 καὶ
718 653 909 700 αλλότριον
932 655 1010 688 τῶν
1034 655 1178 690 οἰκείων
1200 668 1254 701 ye-
1272 658 1312 691 10
1325 654 1438 689 vimus
1461 656 1497 689 et
1513 654 1694 698 quandam
1713 653 1885 688 maiorem
1907 652 2141 689 absurditatis
2162 654 2409 690 adiectionem,

173 698 318 733 νέσθαι.
361 700 555 734 ποιεῖσθαι
587 697 627 734 δὲ
659 699 786 734 αὐτοὺς
815 702 879 733 καί
905 712 991 734 τινα
1021 702 1172 743 μείζονα
1195 700 1256 743 τῆς
1326 698 1364 734 Si
1390 699 1483 734 enim
1507 699 1569 743 qui
1592 701 1721 743 postea
1745 698 1926 733 subintrat
1949 698 2163 734 hortulanus
2188 699 2321 735 adiciat
2347 700 2411 734 ali-

172 742 324 778 ιῖτοπίας
353 742 574 791 προς-θήκην.
622 745 654 778 εἰ
683 743 751 792 γὰρ
784 742 803 778 ὃ
825 743 916 789 μετὰ
945 745 1062 779 ταῦτα
1085 742 1256 780 ὑπειςιιὸν
1326 744 1412 788 quid
1432 743 1544 788 priori
1559 742 1790 788 possessioni,
1812 746 1849 778 et
1864 743 1934 778 hac
1953 742 2034 788 ipsa
2055 744 2295 780 conductione
2314 755 2411 780 com-

172 788 348 835 κηπουρὸς
368 790 543 844 προςθείη
568 803 605 824 τι
623 791 667 837 τῇ
687 792 846 836 προτέρᾳ
866 786 1042 836 προςόδῳ,
1067 793 1128 823 καὶ
1149 787 1256 824 αὐτὸς
1325 789 1424 833 pleta
1458 788 1567 832 exigit
1602 787 1885 823 aestimationem
1925 790 2108 833 tamquam
2147 799 2192 824 ex
2226 789 2412 826 laboribus

171 834 303 878 ταύτης
326 836 388 878 τῆς
409 836 631 880 μισθωσεως
655 834 881 879 παυσάμενος
912 831 1059 869 ἀπαιτεῖ
1087 833 1155 878 τὴν
1179 833 1254 869 ὃια-
1325 834 1399 869 suis
1424 832 1570 877 factam,
1596 843 1677 868 cum
1701 833 1825 878 utique
1848 843 1921 869 non
1945 833 2090 874 omnino
2112 837 2344 879 augmentum
2368 845 2413 871 ex

172 883 319 923 τίμησιν
350 874 399 914 αἷς
430 882 468 914 ἐκ
499 882 578 916 τῶν
609 877 877 925 ἐμπονημάτων
905 879 1015 914 αὐτοῦ
1045 882 1254 926 γενομένην,
1270 882 1310 914 15
1323 878 1420 914 illius
1451 878 1633 922 diligentia
1662 878 1800 913 factum
1829 878 1893 923 sit,
1927 878 1990 915 sed
2019 879 2113 916 forte
2135 880 2313 926 principio
2349 884 2414 916 aut

172 928 330 972 καίτοιγε
361 923 402 959 ού
435 924 583 962 πάντως
616 927 677 969 τῆς
713 923 918 972 προςθήκης
952 926 991 958 ἐκ
1025 926 1087 968 τῆς
1118 927 1254 960 ἐκείνου
1323 933 1387 969 per
1410 924 1632 969 proditiones
1664 923 1931 959 aestimantium
1962 926 2027 960 aut
2050 934 2116 970 per
2139 925 2411 970 neglegentiam,

173 968 395 1017 καλλιεργίας
422 974 631 1018 γενομένης,
663 968 743 1005 ἀλλ’
769 970 855 1004 ἴσως
885 969 953 1013 τὴν
976 968 1089 1016 ἀρχὴν
1118 967 1140 1014 ἢ
1162 970 1254 1005 κατὰ
1325 969 1409 1004 dum
1432 969 1470 1004 in
1494 969 1611 1005 minus
1635 979 1743 1015 quam
1768 969 1898 1005 debeat
1920 970 2065 1006 traditio
2090 970 2189 1006 facta
2212 972 2270 1007 sit.
2312 971 2412 1016 Quae

173 1013 374 1062 προδοσίαν
408 1018 486 1051 τῶν
522 1014 744 1051 ἐκδιδόντων
779 1011 800 1058 ἢ
836 1015 928 1050 κατὰ
964 1016 1154 1061 ῥᾳθυμίαν
1188 1013 1251 1051 ἐπ’
1323 1015 1428 1050 nobis
1453 1014 1572 1050 omnia
1596 1014 1692 1050 ultra
1716 1025 1855 1050 omnem
1878 1015 2045 1051 videntur
2076 1026 2154 1052 esse
2180 1016 2413 1052 calliditatem

173 1059 362 1095 ἐλάττοσιν
385 1060 476 1107 ἤπερ
500 1063 605 1107 ἐχρῆν
635 1062 697 1105 τῆς
720 1059 894 1095 ἐκδόσεως
915 1064 1114 1107 γινομένης.
1162 1058 1255 1107 ἅπερ
1323 1063 1359 1096 et
1383 1070 1423 1096 as
1452 1060 1624 1103 eritatem,
1651 1070 1758 1105 quam
1781 1060 1927 1106 reprimi
1950 1061 2114 1098 volumus
2138 1072 2161 1097 a
2180 1066 2245 1098 tua.
2267 1062 2411 1098 celsitu-

173 1102 257 1150 ἦμῖν
280 1102 431 1141 ἅπαντα
455 1104 570 1150 πάσης
593 1108 758 1141 ἐπέκεινα
787 1109 956 1151 φαίνεται
980 1110 1191 1154 κακουργίας
1214 1119 1255 1141 τε
1269 1108 1311 1141 20
1324 1106 1405 1141 dine
1455 1115 1523 1141 anc
1547 1115 1690 1141 sacram
1722 1109 1882 1141 nostram
1914 1107 2174 1152 pragmaticam
2197 1108 2412 1154 respiciente

173 1154 233 1185 καὶ
264 1151 511 1198 θρασύτητος,
546 1149 590 1196 ἢν
622 1149 871 1194 ἀνασταλῆναι
906 1150 1119 1196 βουλόμεθα
1156 1150 1255 1198 παρὰ
1323 1151 1447 1196 legem.
1496 1151 1546 1186 Et
1570 1151 1665 1187 sicut
1688 1151 1904 1188 hortulanus
1928 1153 2087 1198 suscepit
2110 1153 2256 1189 hortum
2280 1164 2302 1188 a
2326 1164 2411 1198 pos-

172 1197 233 1239 τῆς
257 1197 318 1240 σῆς
340 1194 512 1245 ὑπεροχῆς
542 1195 638 1241 τῷδε
669 1198 723 1240 τῷ
748 1197 844 1252 θείῳ
876 1193 981 1241 ἡμῶν
1012 1198 1253 1244 πραγματικῷ
1323 1206 1475 1240 sessore,
1498 1197 1552 1232 ita
1575 1207 1657 1233 eum
1681 1197 1930 1241 recontradat3
1964 1198 1996 1233 si
2019 1198 2163 1243 quidem
2188 1199 2266 1235 olus
2291 1199 2412 1242 habet,

173 1239 405 1288 προςεχούσης
427 1242 539 1287 νόμῳ.
585 1244 646 1276 καὶ
668 1239 784 1288 ὥςπερ
808 1255 828 1276 ο
852 1241 1027 1288 κηπουρὸς
1047 1241 1254 1289 παραλάβοι
1324 1252 1406 1278 cum
1428 1242 1644 1278 hortulanus
1668 1252 1750 1277 eum
1774 1243 1945 1288 suscepit,
1970 1246 2007 1279 et
2029 1244 2233 1280 aestimatio
2259 1244 2325 1280 fiat
2344 1244 2411 1279 hu-

171 1287 238 1322 τὸν
268 1288 384 1331 κῆπον
414 1287 514 1333 παρὰ
548 1288 613 1322 τοῦ
646 1290 878 1333 κεκτημένου,
914 1283 1030 1322 οὕτως
1054 1285 1168 1323 αὐτὸν
1194 1291 1254 1322 καὶ
1322 1288 1397 1330 ius,
1429 1287 1590 1323 similiter
1624 1289 1661 1323 et
1693 1287 1731 1322 in
1760 1288 1989 1331 restitutione
2020 1290 2271 1335 scrupulosam
2303 1289 2411 1325 aesti-

171 1328 516 1377 άντιπαραδιδόναι·
551 1333 583 1367 εἰ
604 1334 673 1377 μὲν
704 1331 863 1376 λάχανον
894 1336 986 1376 ἔχοι,
1019 1329 1125 1376 ἡνίκα
1147 1331 1167 1368 ὁ
1193 1346 1250 1376 κη-
1266 1336 1307 1369 25
1321 1333 1514 1369 mationem
1538 1332 1645 1369 oleris
1671 1333 1781 1369 solius
1805 1334 2000 1379 percipiat3
2026 1334 2057 1369 si
2082 1344 2165 1371 vero
2189 1346 2263 1371 non
2287 1335 2410 1377 habet,

171 1376 303 1423 πουρὸς
326 1376 438 1413 αὐτὸν
461 1376 755 1425 παραλαμβάνει,
788 1381 848 1413 καὶ
876 1376 1081 1423 διατίμησις
1103 1381 1252 1426 γένηται
1322 1379 1386 1415 sed
1408 1389 1539 1424 purum
1562 1378 1740 1424 percipiat
1763 1378 1926 1421 hortum,
1954 1379 2028 1415 sive
2051 1379 2244 1416 habentem
2270 1382 2411 1416 stercus

171 1422 316 1467 τούτου,
348 1422 479 1467 ὁμοίως
505 1423 574 1458 κάν
596 1425 642 1467 τῆ
666 1422 868 1470 παραδόσει
890 1423 959 1467 τὴν
982 1421 1114 1469 ἀκριβῆ
1137 1422 1252 1459 διατί-
1321 1425 1394 1460 sive
1419 1424 1525 1460 etiam
1548 1434 1632 1467 non,
1659 1423 1712 1459 sic
1736 1424 1843 1460 etiam
1864 1425 2127 1461 restitutionem
2150 1425 2239 1469 fieri,
2267 1428 2303 1461 et
2328 1426 2411 1462 sim-

171 1482 196 1513 μ
221 1478 281 1503 σιν
303 1469 367 1503 τοῦ
390 1466 544 1511 λαχάνου
567 1460 680 1513 μόνου
705 1468 922 1515 λαμβάνειν·
958 1469 990 1503 εἰ
1013 1467 1053 1504 δὲ
1078 1467 1143 1504 οὐκ
1165 1472 1252 1513 ἔχοι,
1322 1470 1464 1515 pliciter
1494 1470 1546 1505 ita
1575 1469 1711 1505 servari
1744 1479 1876 1506 causae
1911 1470 2072 1506 ordinem
2104 1481 2214 1516 super
2247 1471 2413 1507 tradente

170 1510 192 1547 ά
215 1512 259 1547 λὰ
290 1512 400 1559 ψιλὸν
432 1513 640 1561 παραλάβοι
672 1513 739 1549 τὸν
769 1516 894 1559 κῆπον,
931 1515 1002 1549 εἴτε
1033 1517 1164 1558 ἔχοντα
1195 1514 1251 1550 κό-
1322 1516 1512 1551 hortulano
1538 1515 1654 1561 qualis
1686 1514 1755 1550 fuit
1780 1525 1862 1551 cum
1885 1516 2107 1561 perciperet,
2139 1517 2238 1552 nulla
2261 1517 2333 1552 alia
2356 1517 2412 1552 in-

170 1571 264 1604 προν
296 1559 366 1593 εἰτε
389 1562 450 1593 καὶ
471 1559 539 1604 μή,
573 1556 670 1594 οὕτω
700 1563 760 1594 καὶ
791 1559 859 1603 τὴν
887 1557 1178 1608 ἀντιπαράδοσιν
1200 1564 1250 1607 γί-
1265 1562 1308 1595 30
1322 1560 1472 1598 ferenda
1488 1560 1631 1597 domino
1649 1560 1820 1596 laesione.
1860 1561 2157 1597 Aestimationem
2173 1572 2257 1598 vero
2276 1562 2412 1598 olerum

170 1604 323 1639 νεσθαι·
347 1607 407 1639 καὶ
426 1602 550 1639 ἁπλῶς
573 1601 670 1640 οὕτω
694 1606 888 1652 τηρεῖσθαι
912 1604 979 1648 τὴν
1003 1607 1066 1640 τοῦ
1087 1606 1249 1653 πράγμα-
1319 1617 1393 1642 11011
1417 1607 1533 1642 solum
1557 1606 1603 1642 ab
1628 1606 1831 1642 hortulanis
1856 1606 1952 1650 fieri,
1979 1607 2042 1643 sed
2066 1607 2174 1643 etiam
2197 1607 2243 1643 ab
2269 1607 2325 1643 his
2350 1607 2412 1652 qui

170 1660 230 1684 τος
244 1649 349 1690 τάξιν
369 1651 429 1684 ἐπὶ
445 1651 499 1694 τῷ
516 1649 760 1695 παραδιδόντι
776 1651 958 1697 κηπουρῷ,
979 1649 1087 1686 ὁποία
1104 1654 1252 1698 γε’γονεν
1320 1655 1494 1689 vocantur
1529 1651 1711 1687 summarii
1747 1654 1783 1688 et
1819 1652 1881 1697 qui
1914 1652 2003 1688 talia
2038 1655 2236 1697 noverunt,
2277 1653 2412 1698 quippe

170 1691 276 1736 ἡνίκα
300 1692 575 1742 παρελάμβανε,
606 1695 780 1741 μηδεμιᾶς
804 1697 925 1742 ἑτέρας
950 1697 1172 1742 ἐπαγομένης
1198 1698 1249 1740 τῷ
1321 1697 1516 1743 propositis
1545 1697 1657 1734 sacris
1689 1697 1851 1742 eloquiis.
1900 1698 1982 1735 Non
2007 1698 2101 1734 enim
2133 1699 2300 1736 volumus
2324 1709 2410 1744 pos-

170 1737 328 1788 ὃεσπότῃ
360 1737 506 1785 βλάβης.
553 1740 622 1785 τὴν
651 1740 691 1776 δὲ
721 1739 944 1785 ἀποτίμησιν
973 1742 1052 1776 τῶν
1084 1741 1253 1785 λαχάνων

170 1784 220 1830 μὴ
240 1785 357 1830 μόνον
388 1786 487 1832 παρὰ
510 1788 704 1834 κηπουρῶν
727 1787 916 1834 γίνεσθαι,
949 1784 1039 1821 ἀλλὰ
1068 1791 1129 1821 καὶ
1154 1787 1253 1834 παρὰ
1267 1790 1308 1823 35

169 1831 248 1865 τῶν
270 1830 501 1876 καλουμένων
531 1832 768 1875 summarium,
802 1835 862 1866 καὶ
885 1829 1010 1867 αὐτῶν
1033 1831 1079 1866 τὰ
1102 1834 1255 1867 τοιαῦτα

171 1877 440 1921 ἐπισταμένων,
477 1878 555 1912 τῶν
590 1878 709 1912 θείων
745 1876 882 1922 δηλαδὴ
917 1880 1164 1924 προκειμένων
1196 1876 1254 1912 λο-

170 1925 273 1968 γίων.
320 1920 361 1956 οὐ
385 1921 453 1969 γὰρ
477 1920 690 1968 βουλόμεθα
718 1927 791 1958 τοῖς
815 1925 1040 1968 κεκτημένοις
1063 1921 1258 1969 ἀχρήστους

228 2014 270 2047 23
296 2013 532 2058 Θεσπίζομεν,
558 2011 681 2061 ὥσπερ
705 2010 724 2048 ὁ
748 2012 925 2061 κηπουρὸς
948 2034 992 2039 --
1021 2016 1065 2049 34
1089 2011 1226 2058 βλάβης
1251 2028 1289 2048 ex
1310 2016 1359 2048 B⁸
1384 2015 1434 2058 (p.
1449 2016 1516 2050 398
1538 2015 1656 2057 Zac-h.)
1681 2022 1793 2048 extant
1819 2015 1855 2048 B
1880 2016 1934 2056 55,
1958 2022 2001 2056 14,
2021 2023 2038 2049 2

172 2103 419 2139 custodituros
442 2108 478 2140 et
501 2105 596 2139 alias
620 2105 827 2139 consituros
851 2114 935 2139 esse.
990 2105 1110 2150 Atque
1133 2104 1421 2146 aestimatorem,
1454 2115 1534 2139 cum
1566 2104 1616 2140 ad
1637 2115 1676 2140 se
1699 2105 1820 2150 ipsum
1850 2115 1994 2150 quoque
2023 2115 2097 2139 rem
2126 2104 2277 2140 similem
2294 2105 2412 2151 paulo

167 2151 257 2194 post
269 2148 459 2195 pertinere
475 2152 596 2195 putet,
620 2148 785 2184 videlicet
801 2159 878 2194 pro
902 2159 941 2184 se
963 2148 1045 2195 ipso
1071 2148 1179 2184 talem
1203 2149 1437 2195 cupiditatem
1460 2149 1643 2191 adbibere,
1667 2149 1720 2185 ita
1744 2153 1785 2184 ut
1807 2150 1843 2184 si
1860 2149 2004 2195 quidem
2028 2149 2137 2185 miser
2159 2149 2222 2186 ille
2244 2148 2414 2186 dominus

172 2193 331 2228 animum
355 2193 503 2229 inducat
525 2204 575 2229 ex
588 2194 779 2240 ‘imperitia
811 2196 950 2228 tantum
980 2193 1149 2228 damnum
1171 2194 1300 2239 facere
1330 2198 1442 2240 atque
1463 2205 1532 2229 sua
1557 2194 1636 2229 acci
1663 2205 1739 2236 ere,
1774 2194 1881 2229 alteri
1904 2197 2024 2230 autem
2047 2193 2245 2230 hortulano
2269 2193 2413 2230 hortum

174 2239 266 2274 locet
288 2242 325 2273 et
343 2249 472 2273 rursus
494 2239 532 2273 in
555 2238 619 2274 illo
642 2238 735 2273 idem
751 2238 937 2284 patiatur,
960 2242 1071 2291 atque
1087 2240 1195 2274 etiam
1210 2238 1249 2272 in
1275 2239 1380 2274 tertio
1399 2239 1562 2284 fortasse
1586 2250 1628 2274 ve
1658 2242 1792 2285 quarto
1810 2250 1943 2285 parem
1967 2239 2160 2274 avaritiam
2182 2240 2412 2286 experiatur,

169 2283 374 2330 periculum
402 2283 450 2318 sit
473 2294 518 2319 ne
541 2284 621 2329 ipso
643 2282 756 2330 plane
780 2282 879 2318 horti
910 2282 1071 2318 dominio
1091 2284 1257 2329 privetur
1287 2287 1323 2318 et
1352 2294 1474 2318 rerum
1497 2294 1647 2318 suarum
1674 2293 1811 2330 expers
1830 2284 1910 2328 fiat.
1959 2283 2034 2319 Sed
2055 2284 2141 2319 illos
2163 2285 2272 2320 etiam
2296 2285 2412 2321 maio-

173 2339 248 2365 rem
272 2328 432 2374 aliquam
455 2327 693 2364 absurditatis
723 2327 964 2363 accessionem
989 2328 1217 2363 committere.
1266 2327 1362 2363 Nam
1384 2329 1419 2363 si
1440 2328 1530 2374 quid
1551 2327 1771 2363 hortulanus
1794 2329 1861 2374 qui
1878 2332 2009 2375 postea
2037 2329 2198 2365 succedit
2221 2330 2414 2376 prioribus

173 2373 349 2409 reditibus
372 2373 571 2416 addiderit,
603 2373 681 2420 ipse
705 2383 850 2419 quoque
870 2372 977 2417 finita
1007 2371 1076 2407 hac
1099 2372 1339 2408 conductione
1369 2374 1656 2408 aestimationem
1679 2373 1800 2419 exiqit
1823 2377 2006 2420 tamquam
2029 2385 2079 2410 ex
2101 2374 2414 2411 meliorationibus

173 2419 251 2455 suis
265 2419 430 2499 laetam,
464 2419 547 2454 licet
571 2418 718 2454 omnino
742 2429 818 2453 non
841 2428 890 2453 ex
912 2417 1012 2452 illius
1034 2417 1216 2452 industria
1238 2418 1380 2463 factum
1403 2419 1452 2453 sit
1473 2418 1749 2461 incrementum,
1780 2418 1847 2454 sed
1867 2419 2032 2464 fortasse
2061 2419 2106 2454 ab
2130 2420 2236 2455 initio
2268 2420 2325 2456 vel
2374 2432 2414 2456 er

174 2463 263 2499 indu
277 2465 437 2510 qentiam
469 2463 525 2500 vel
548 2475 621 2516 per
651 2463 916 2510 neqleqentiam
947 2473 1072 2498 eorum
1104 2463 1169 2508 qui
1199 2462 1370 2498 locarunt
1399 2463 1550 2498 minoris
1581 2474 1691 2509 quam
1708 2474 1786 2509 par
1808 2467 1891 2499 erat
1919 2463 2054 2500 locatio
2077 2464 2183 2510 facta
2207 2465 2263 2501 sit.
2370 2477 2414 2503 ae

176 2509 298 2545 omnia
321 2520 460 2545 omnem
482 2509 587 2544 nobis
607 2509 780 2555 fraudem
803 2511 841 2544 et
861 2506 1054 2543 audaciam
1077 2518 1254 2554 superare
1277 2507 1455 2551 videntur,
1487 2519 1596 2554 quam
1626 2509 1779 2555 reprimi
1800 2519 1824 2543 a
1848 2512 1911 2544 tua
1933 2508 2154 2545 sublimitate
2176 2509 2342 2546 volumus
2365 2511 2416 2547 ad

175 2554 270 2590 banc
291 2565 436 2590 sacram
459 2557 621 2590 nostram
641 2554 909 2601 praqmaticam
934 2552 1047 2599 leqem
1071 2553 1293 2599 respiciente.
1342 2551 1395 2588 Et
1416 2553 1716 2599 quemadmodum
1740 2553 1957 2589 hortulanus
1982 2553 2127 2590 hortum
2155 2566 2179 2590 a
2195 2566 2415 2602 possessore

175 2601 367 2647 acceperit,
392 2600 444 2635 ita
467 2610 547 2635 eum
570 2599 721 2635 reddat:
744 2600 779 2634 si
823 2597 941 2633 uidem
966 2597 1047 2633 olus
1064 2597 1240 2641 babuerit,
1263 2609 1343 2633 cum
1363 2597 1581 2634 hortulanus
1604 2609 1683 2638 eum
1704 2599 1897 2645 acciperet,
1921 2602 1956 2634 et
1979 2601 2183 2636 aestimatio
2208 2600 2285 2636 eius
2308 2601 2415 2646 facta

174 2647 233 2688 sit,
256 2645 421 2681 similiter
441 2645 548 2680 etiam
573 2644 719 2690 quando
738 2610 904 2679 redqditur
926 2643 1091 2678 subtilem
1113 2643 1398 2679 aestimationem
1421 2643 1537 2679 solius
1561 2644 1673 2679 oleris
1689 2643 1841 2686 kabeat;
1863 2645 1922 2680 sin
1946 2645 2027 2680 olus
2050 2656 2124 2681 non
2148 2644 2326 2689 habuerit,
2350 2646 2416 2682 sed

175 2691 237 2727 ille
259 2690 394 2726 nudum
419 2689 564 2726 hortum
588 2690 787 2736 acceperit,
817 2690 892 2725 sive
914 2692 1139 2724 stercoratus
1162 2688 1211 2723 sit
1232 2688 1307 2724 sive
1328 2699 1401 2724 non
1423 2690 1489 2731 sit,
1518 2688 1572 2725 ita
1596 2690 1704 2725 etiam
1731 2689 1912 2725 restitutio
1934 2690 2022 2735 fiat:
2058 2694 2169 2736 atque
2191 2691 2338 2727 omnino
2362 2693 2415 2727 ita

177 2736 283 2772 huius
304 2736 358 2772 rei
380 2736 477 2771 ratio
501 2739 664 2771 servetur
686 2735 725 2769 in
749 2733 945 2770 hortulano
971 2734 1036 2780 qui
1057 2733 1197 2776 reddat,
1223 2734 1343 2779 qualis
1364 2733 1442 2780 fuit
1465 2745 1545 2769 cum
1570 2735 1762 2781 acciperet,
1786 2745 1873 2771 neve
1892 2735 2006 2771 ullum
2023 2739 2221 2782 praeterea
2245 2735 2415 2772 damnum

177 2781 321 2817 domino
344 2781 540 2826 inferatur.
588 2780 799 2816 Aestimatio
823 2783 943 2815 autem
969 2778 1105 2814 olerum
1128 2789 1202 2814 non
1226 2778 1343 2814 solum
1377 2778 1421 2814 ab
1447 2778 1653 2815 hortulanis
1669 2780 1751 2825 siat,
1780 2779 1845 2816 sed
1866 2781 1974 2816 etiam
1997 2792 2021 2817 a
2039 2781 2246 2816 summariis
2269 2782 2333 2828 qui
2356 2793 2415 2818 vo-

178 2831 321 2869 cantur,
349 2827 413 2873 qui
437 2826 510 2872 ipsi
531 2836 676 2872 quoque
700 2825 826 2861 talium
849 2835 971 2861 rerum
989 2824 1106 2871 periti
1125 2827 1226 2866 sunt,
1258 2824 1375 2859 sacris
1398 2824 1535 2860 scilicet
1565 2824 1721 2871 eloquiis
1738 2826 1955 2872 propositis.
2002 2826 2131 2872 Neque
2153 2826 2247 2862 enim
2269 2837 2415 2873 posses-

225 2922 245 2953 5
267 2915 462 2960 τοσαύτην]
488 2920 582 2951 tanta
606 2920 642 2961 (i.
668 2931 695 2952 e.
719 2915 908 2959 τοσαύτης)
934 2929 952 2953 ς
982 2917 995 2961 Ι]
1026 2918 1170 2960 ζημίαν]
1203 2917 1262 2948 καὶ
1393 2917 1407 2948 1
1435 2915 1518 2947 alios
1540 2916 1572 2948 V
1599 2925 1700 2949 anoas
1723 2930 1741 2950 r
1769 2916 1782 2959 ΙΙ
1811 2918 1831 2949 2
1856 2918 1985 2959 tempus
2009 2929 2068 2949 om.
2089 2917 2125 2950 V
2148 2920 2162 2961 ss
2188 2917 2341 2950 futurum
2364 2931 2382 2951 r
2404 2918 2418 2962 11

180 2966 311 3007 ζημίαν
325 2965 356 2997 L
373 2963 386 3007 ΙΙ
403 2965 424 2998 6
446 2963 615 3007 κηπουρῷ
640 2976 698 2996 om.
714 2975 733 2999 ς
748 2963 760 3006 ss
786 2965 804 2996 7
826 2962 987 2995 ἐπεκεῖνο
999 2963 1031 2995 L
1049 2961 1061 3007 ΙΙ
1087 2963 1107 2996 8
1126 2963 1262 3006 τρίτου]
1333 2961 1353 2993 3
1377 2960 1406 2992 si
1430 2972 1489 2993 om.
1511 2959 1568 3004 Vll
1586 2962 1607 2994 4
1622 2962 1754 2993 tantum
1774 2962 1866 2995 malit
1889 2962 2132 3005 Osenbru'qyen,
2157 2964 2239 2996 idem
2260 2964 2279 2996 5
2298 2963 2415 2996 hortu-

179 3007 308 3042 τούτου
323 3010 354 3041 L
373 3009 386 3052 ss
411 3011 452 3042 10
473 3008 600 3042 οἰκίων
612 3009 660 3042 Μ
669 3008 682 3051 ΙΙ
702 3009 742 3042 13
764 3003 869 3040 αὐτὸς
885 3006 1016 3049 ταύτης
1037 3007 1098 3049 τῆς
1116 3004 1262 3050 μισθώ-
1332 3005 1411 3038 lano
1437 3012 1510 3038 ante
1534 3005 1671 3038 hortum
1696 3007 1852 3040 excidisse
1863 3013 1963 3050 putat
1977 3005 1991 3050 ΙΙ
2019 3008 2039 3040 6
2054 3006 2191 3049 insuper
2210 3009 2244 3040 et
2264 3026 2307 3032 —
2326 3010 2345 3041 7
2359 3018 2417 3051 pa-

180 3056 281 3095 σεως]
305 3054 367 3086 hae
390 3053 462 3095 ipsa
486 3054 707 3086 conductione
732 3054 766 3095 (ι’.
792 3065 818 3085 e.
846 3048 952 3093 αὐτῆς
976 3049 1107 3094 ταύτης
1129 3052 1191 3093 τῆς
1214 3052 1263 3095 μ.)
1332 3051 1437 3083 tiatur
1467 3051 1586 3083 omissa
1617 3052 1650 3084 in
1684 3052 1776 3085 libris
1807 3053 1931 3085 inserui
1955 3052 2038 3093 (sim.
2062 3052 2170 3094 Beck)
2199 3052 2212 3096 ΙΙ
2243 3055 2261 3086 7
2286 3052 2416 3085 minue-

182 3111 201 3135 ς
223 3098 236 3143 ΙΙ
268 3099 309 3132 16
333 3099 469 3131 ἐκείνου
500 3096 734 3144 καλλιεργίας]
771 3094 994 3142 καλλιεργίας
1021 3097 1155 3138 ἐκείνης
1187 3098 1218 3130 L
1253 3096 1265 3141 {l
1332 3097 1434 3128 tatem
1454 3108 1471 3128 r
1485 3095 1498 3137 ΙΙ
1518 3096 1537 3128 8
1557 3095 1641 3137 ipso]
1667 3096 1808 3138 imperio
1830 3095 1885 3141 Vss
1906 3096 2033 3137 cadere]
2059 3097 2194 3129 eandem
2216 3110 2234 3130 r
2249 3096 2262 3141 ΙΙ
2280 3097 2416 3130 domino

185 3145 224 3178 18
238 3139 437 3189 προδοσίαν
451 3143 494 3176 Μ
495 3143 551 3185 (ς)]
565 3139 807 3187 προσοδίανΙὶ
824 3143 1045 3184 προπέτειαν
1056 3142 1263 3175 Haloander.
1341 3141 1394 3193 V‘}
1408 3140 1422 3185 ΙΙ
1447 3142 1468 3174 9
1493 3141 1689 3192 extranoeus
1710 3141 1763 3192 Va
1786 3141 1796 3182 ΙΙ
1827 3143 1867 3175 10
1890 3141 2134 3193 absurditatem
2157 3155 2175 3175 r
2197 3142 2209 3185 ΙΙ
2237 3144 2277 3176 11
2302 3143 2416 3184 postea

181 3231 440 3268 ἐπελαττοῦσιν
453 3233 484 3265 L
500 3231 512 3276 ΙΙ
539 3234 581 3267 19
593 3230 694 3277 ἤπερ]
715 3231 814 3275 εἴπερ
829 3231 876 3264 L¹
894 3231 906 3274 ΙΙ
930 3233 968 3265 21
986 3228 1196 3264 ἀναστεῖλαι
1209 3232 1240 3264 L
1334 3196 1401 3263 sldlrli
1416 3199 1436 3264 ζ
1452 3184 1617 3273 'iigsdsletslgib
1631 3185 1996 3272 ssngiisibiiiagiilrigr
2008 3185 2416 3275 ἣλῗέἓῂἧΙΙῢὲῑῖρξὲῗῗ-ἿΙ

183 3280 225 3313 23
251 3275 444 3323 παραλάβῃ
468 3278 510 3315 (υ.
533 3278 552 3310 Ζ.
576 3273 866 3322 παραλαμβάνει)
888 3276 923 3308 Β
947 3275 959 3319 ΙΙ
987 3277 1030 3309 24
1054 3278 1113 3308 καὶ
1137 3289 1195 3310 om.
1212 3288 1231 3312 ς
1337 3278 1377 3311 13
1400 3275 1501 3316 erigit
1519 3289 1535 3308 r
1560 3275 1649 3316 exigi
1669 3275 1724 3318 Vn
1752 3277 1792 3309 15
1815 3274 2023 3317 diligentiam
2044 3275 2100 3319 VH
2132 3278 2172 3310 16
2191 3276 2417 3318 proditionem

184 3325 225 3358 25
247 3324 319 3365 ἔχει
334 3323 396 3358 Βς
426 3322 437 3365 ΙΙ
466 3322 507 3355 28
527 3323 671 3363 ε’χειΒς
695 3322 707 3364 ss
736 3323 779 3355 29
801 3317 1007 3365 παραλάβοι
1020 3322 1125 3363 MLa]
1150 3333 1267 3367 παρα·
1335 3322 1431 3354 Beck
1458 3320 1471 3364 ΙΙ
1499 3322 1539 3353 17
1565 3319 1773 3363 inmilminus
1797 3333 1815 3353 r
1844 3320 1856 3363 ΙΙ
1888 3322 1929 3354 19
1954 3320 2091 3363 reprimi
2121 3321 2168 3362 V]
2203 3321 2323 3363 perimi
2347 3332 2369 3354 r
2404 3320 2418 3365 ΙΙ

183 3366 275 3411 λάβη
290 3366 376 3400 LvB
400 3366 412 3410 H
437 3368 475 3400 31
489 3379 537 3410 sq.
556 3365 750 3411 τηρεῖσθαι
771 3385 813 3390 -
833 3362 939 3404 τάξιν
962 3367 996 3399 in
1015 3367 1112 3399 litura
1137 3366 1169 3399 L
1194 3368 1265 3408 (καὶ
1335 3367 1377 3399 20
1398 3365 1628 3407 respicientem
1650 3364 1705 3409 Vll
1725 3367 1764 3399 21
1788 3365 1927 3408 suscipit
1947 3366 2000 3399 V⁰
2016 3365 2029 3409 ΙΙ
2046 3375 2065 3397 a
2080 3375 2264 3407 possessore
2277 3366 2415 3407 Biener]

183 3404 409 3456 τὴν’άντιπα
434 3408 560 3445 άδοσιν
580 3410 756 3457 γίνεσθαι
769 3411 831 3453 La)
849 3410 862 3454 ΙΙ
886 3411 928 3444 32
947 3407 1190 3455 παραδιδόντι
1207 3424 1266 3453 κη·
1334 3421 1549 3453 possessorem
1570 3410 1625 3443 Vr
1642 3408 1655 3454 ΙΙ
1680 3411 1722 3443 22
1740 3411 1827 3450 eum]
1852 3412 1884 3443 et
1905 3411 1982 3443 add.
1997 3411 2091 3444 Beck
2108 3409 2121 3454 ΙΙ
2137 3411 2348 3443 recontradat
2368 3411 2416 3452 V]

184 3457 320 3503 πουρῷ]
346 3453 406 3489 αδι
433 3452 512 3489 όντι
535 3467 650 3498 κηπου
669 3458 703 3489 in
717 3454 876 3489 lituraM
894 3455 906 3498 ΙΙ
932 3457 974 3489 35
996 3453 1095 3500 παρὰ
1110 3457 1189 3489 τῶν
1205 3469 1266 3489 κα-
1335 3455 1493 3488 recondat
1517 3468 1534 3488 r
1549 3454 1562 3499 ΙΙ
1593 3456 1635 3488 23
1661 3455 1762 3487 huius
1783 3456 1830 3496 V]
1855 3456 1918 3488 hoo
1943 3468 1961 3488 r
1984 3454 1996 3498 ΙΙ
2027 3457 2071 3488 24
2095 3455 2341 3489 restitutionem
2365 3469 2383 3489 r
2405 3456 2418 3500 ΙΙ

184 3502 379 3546 λουμένων]
404 3502 482 3535 τῶν
502 3498 881 3546 παρακαλουμένωνΕ
898 3499 911 3544 ΙΙ
938 3501 980 3534 36
998 3501 1212 3534 summai-iam
1226 3502 1271 3535 M
1335 3502 1377 3534 26
1401 3501 1481 3541 sive]
1506 3510 1602 3532 suum
1627 3513 1644 3533 r
1662 3499 1675 3544 H
1699 3501 1826 3533 stercus
1846 3501 1891 3541 V]
1916 3502 2039 3533 stratus
2062 3513 2078 3533 r
2098 3499 2111 3544 ss
2138 3501 2179 3534 27
2204 3501 2416 3534 restitutione

185 3547 364 3580 sumariam
376 3548 428 3580 La
446 3546 458 3590 ΙΙ
483 3548 543 3579 καὶ
563 3542 686 3579 αὐτῶν
705 3544 750 3579 τὰ
770 3544 922 3578 τοιαῦτα
942 3545 1209 3589 ἐπισταμένων]
1233 3549 1266 3579 et
1342 3546 1373 3578 V
1387 3549 1399 3588 ΙΙ
1424 3547 1466 3579 28
1491 3545 1676 3578 tradentem
1701 3558 1718 3578 r
1742 3545 1755 3589 ΙΙ
1785 3546 1828 3579 29
1852 3545 2037 3588 perciperet
2062 3547 2090 3586 r]
2114 3545 2278 3589 percipiet
2301 3548 2334 3579 et
2354 3546 2390 3580 V
2405 3545 2418 3589 ΙΙ

186 3593 245 3634 qui
267 3594 302 3635 (i.
317 3605 343 3626 e.
368 3593 428 3624 καὶ
450 3592 565 3634 τῶνῗ)
589 3591 672 3624 talia
695 3591 861 3623 noverunt
885 3600 905 3626 ς
1333 3590 1508 3623 inserenda
1544 3589 1693 3623 dominio
1727 3590 1887 3623 lesionem
1910 3590 1944 3623 V
1966 3590 1978 3634 ΙΙ
2012 3592 2052 3625 31
2092 3590 2151 3632 qui
2186 3593 2327 3624 uocatur
2362 3601 2417 3623 su-

1332 3635 1429 3667 marii
1453 3648 1471 3668 r
1497 3634 1511 3678 ΙΙ
1541 3636 1584 3670 33
1614 3635 1715 3668 sacris
1747 3635 1890 3677 eloquiis
1913 3654 1959 3660 —
1983 3636 2059 3677 338,
2079 3643 2111 3669 12
2136 3636 2208 3669 sine
2231 3635 2291 3669 lite
2315 3634 2413 3678 disce!

1333 3693 1422 3713 om.r
1446 3681 1479 3713 in
1502 3681 1612 3723 spatio
1635 3693 1738 3714 vacuo
1762 3682 1800 3715 11
1827 3693 1972 3714 versuum
1990 3680 2003 3725 ΙΙ
2029 3681 2266 3723 possessoribus
2279 3682 2416 3722 Biener]

1331 3735 1529 3767 possessores
1552 3724 1586 3758 V

245 3781 303 3829 in.
2100 3784 2145 3817 43

182 3189 300 3222 Malim
318 3185 532 3231 προθυμίαν
551 3187 564 3231 ΙΙ
585 3188 664 3221 τῶν
687 3182 919 3227 ἐκδιδόντων]
945 3187 1191 3219 aestimantium
1213 3198 1232 3223 ς
1254 3186 1258 3230 Ι
