2586 3990
146 172 205 201 DE
234 168 628 201 RESTITUTIONIBUS

147 270 319 313 θέτηται·
356 270 386 303 εἰ
411 266 450 302 δὲ
471 268 637 301 τοιοῦτον
660 261 683 313 ᾗ
707 267 748 301 τὸ
775 266 1072 313 φιὸεϊκόμμισσον
1096 264 1224 302 ὁποῖον

147 314 351 357 ὑπόκειται,
373 313 494 347 καὶτὰ
512 310 748 358 εὑρισκόμενα
780 311 860 356 ἤτοι
891 311 1225 358 περιλιμπανύμενα

146 363 186 394 έν
209 361 320 405 καιρῷ
346 358 509 400 τελευτῆς
532 354 551 391 ὁ
578 356 794 401 διαθέμενος
818 356 949 404 ὑπάγει
972 358 1067 399 μόνα
1090 358 1142 399 τῷ
1168 370 1226 403 φι-

147 404 403 449 δεϊκομμίσσῳ,
435 404 636 444 τηνικαῦτα
665 403 707 436 τὸ
734 401 911 448 ἀορίστως
940 403 1125 448 εἰρημένον
1154 403 1226 435 τοῖς

148 450 358 495 ιἔμπροσθεν
391 445 463 483 ὑπό
488 462 571 482 τινα
595 452 855 492 νενομισμένην
879 445 1027 494 ἀγαγεῖν
1052 446 1225 492 ὃιαίρεσίν

147 509 186 529 τε
216 498 275 528 καὶ
306 493 421 534 τάξιν.
469 494 499 527 εἰ
530 493 599 540 γάρ
630 505 682 528 τις
713 495 829 528 ταῦτα
862 491 884 535 ἢ
910 497 972 527 καί
1001 507 1037 527 τι
1060 493 1225 526 τοιοῦτον

147 542 269 585 ἕτερον
293 539 426 585 φήσειε,
451 539 686 582 θεσπίζομεν,
716 536 804 573 ὦςτε
825 542 926 584 μέχρι
949 540 1012 572 τοῦ
1038 535 1226 584 φαλκιδίου

145 584 258 629 μόνου
274 585 337 627 τῆς
353 585 482 618 οἰκείας
506 585 706 618 ἐνστάσεως
730 582 891 630 ἀνάγκην
916 585 1009 625 ἔχειν
1033 581 1226 628 φυλάττειν

145 630 213 664 τὸν
228 633 477 674 βεβαρημένον
500 631 564 663 τοῦ
590 627 884 676 φιδεϊκομμίσσου
908 630 951 672 τῆ
969 625 1222 663 ἀποκαταστά-

1211 151 1291 197 515

1972 151 2080 193 Nov.
2114 149 2247 192 CVIII
2278 153 2314 191 1.
2344 150 2369 188 2

1293 264 1366 299 tale
1397 264 1444 299 sit
1466 263 1775 299 fideicommissum
1808 263 1911 306 quale
1934 263 2112 303 subiacet,
2147 264 2182 296 et
2207 271 2249 296 ea
2280 270 2370 304 quae

1293 310 1519 344 inveniuntur
1543 319 1606 344 seu
1630 312 1814 342 remanent
1837 308 1873 341 in
1893 310 2050 351 tempore
2074 307 2196 341 mortis
2220 309 2371 340 testator

1295 355 1479 389 submittet
1503 355 1579 389 sola
1602 353 1889 392 fideicommisso,
1923 356 2008 386 tunc
2031 352 2212 386 indefinite
2237 352 2370 386 dictum

1294 400 1470 443 prioribus
1496 401 1562 434 sub
1587 398 1740 443 quadam
1763 397 1919 441 legitima
1943 398 2117 431 deducere
2142 397 2311 431 divisione
2334 400 2371 430 et

1262 445 1429 479 5ordine.
1479 445 1516 479 Si
1548 445 1627 488 quis
1659 443 1751 478 enim
1785 443 1873 476 haec
1905 447 1968 476 aut
1998 443 2102 477 etiam
2139 442 2271 485 aliquid
2299 441 2371 475 tale

1295 490 1392 525 aliud
1421 490 1565 531 dixerit,
1599 489 1779 524 sancimus
1812 498 1922 531 usque
1954 487 1999 521 ad
2030 487 2227 522 Falcidiam
2257 486 2370 521 solum

1295 545 1381 570 suae
1411 534 1646 570 institutionis
1677 533 1926 568 necessitatem
1957 532 2088 566 habere
2120 542 2259 566 servare
2289 542 2370 565 eum

1296 581 1354 625 qui
1386 583 1556 615 oneratus
1590 582 1646 614 est
1677 578 1938 613 fideicommissi
1967 577 2201 618 restitutione,
2235 580 2271 611 et
2298 586 2370 610 non

1291 636 1397 670 posse
1421 626 1554 669 aliquid
1578 625 1721 669 penitus
1746 634 1789 658 ex
1812 623 1873 658 illa
1898 623 2066 663 minuere,
2092 622 2272 656 sufficiens
2297 622 2370 654 exi-

146 687 219 728 σει,
251 678 310 730 καὶ
333 675 382 718 μὴ
408 673 596 729 δύνασθαί
623 688 658 708 τι
683 673 868 709 παντελῶς
893 665 1087 714 έξιέκείνου
1121 671 1222 705 ἐλατ-
1238 676 1279 706 10
1293 676 1402 712 stens‚
1438 672 1467 705 si
1499 670 1619 705 heredi
1655 669 1795 714 quidem
1827 669 2008 712 supersint
2041 673 2114 702 tres
2146 672 2285 711 partes,
2320 666 2371 700 illi

145 733 242 754 τουν.
290 721 417 754 ικανὸν
440 734 520 766 γαρ,
545 721 574 753 εἰ
597 721 650 762 τῷ
675 722 742 764 μὲν
762 717 972 764 κληρονόμῳ
996 721 1223 763 περιέσονται

144 765 191 798 τὰ
215 769 300 808 τρία
322 769 421 812 μέρη,
452 767 504 808 τῷ
531 764 570 799 δὲ
593 763 612 798 ὁ
637 766 702 798 τοῦ
727 762 898 809 τετάρτου
930 762 1042 807 μόνου
1073 761 1223 806 περιλει-

146 809 331 855 φθήσεται
355 810 466 857 λόγος,
514 807 598 844 οὐδὲ
620 810 689 856 γὰρ
713 809 892 856 ἑψήσομεν
914 810 966 851 τῷ
987 808 1223 852 βεβαρημένῳ

145 859 205 888 καὶ
222 854 371 901 δωρεαῖς
389 856 551 899 χρῆσθαί
565 867 649 897 τισι,
673 858 732 888 καὶ
749 855 834 888 ἴσως
855 852 1055 896 ἐξεπίτηδες
1079 850 1182 897 (ὅπερ
1203 852 1222 885 0‘

1292 720 1410 750 autem
1440 721 1589 760 quartae
1624 715 1733 750 solius
1765 713 1989 757 relinquatur
2020 714 2122 747 ratio.
2170 712 2253 747 Non
2278 712 2371 745 enim

1293 761 1519 796 concedimus
1551 761 1582 795 ei
1614 760 1674 804 qui
1704 762 1871 803 gravatus
1897 764 1950 793 est
1981 758 2087 792 etiam
2119 757 2370 792 donationibus

1293 807 1344 840 uti
1367 806 1556 851 aliquibus,
1590 810 1625 840 et
1648 806 1772 840 forsan
1802 814 1846 838 ex
1870 804 1986 838 studio
2019 804 2128 847 (quod
2152 803 2371 846 Papinianus

1292 852 1435 887 dicebat
1457 849 1721 886 ‘intervertendi
1744 848 2008 884 fideicommissi
2030 844 2182 890 causa‘)‚
2208 851 2248 881 ut
2264 848 2372 881 etiam

147 901 374 950 11απινιανὸς
398 901 521 947 ἔλεγεν
544 900 794 936 intervertendi
815 899 1075 936 fideicommissi
1091 901 1224 939 causa),
1241 901 1281 933 15
1295 902 1422 941 quarta
1452 898 1631 931 minuatur
1659 895 1890 931 institutionis
1915 894 2001 935 eius,
2034 894 2096 928 sed
2128 894 2197 927 hoc
2228 892 2370 927 omnino

147 943 234 980 ὡςτε
265 950 323 980 καὶ
354 946 396 979 τὸ
428 950 601 990 τέταρτον
625 942 824 987 ἀπομειοῦν
855 946 916 988 τῆς
940 943 1140 978 ἐνστάσεως
1163 944 1225 985 τῆς

147 988 269 1033 αὐτοῦ,
301 989 391 1025 ἀλλὰ
415 993 523 1025 τοῦτο
554 989 701 1026 πάντως
729 987 1014 1033 καταλιμπάνειν
1045 989 1087 1022 τὸ
1113 986 1225 1033 φιδεϊ-

146 1036 355 1080 κόμμισσον,
381 1038 456 1070 τῶν
480 1035 600 1070 ἄλλων
624 1031 804 1070 ἁπάντων
828 1037 888 1070 ἐπὶ
912 1036 954 1081 τῇ
978 1031 1088 1068 αὐτοῦ
1112 1036 1223 1077 κειμέ-

147 1096 223 1114 νων
244 1083 398 1124 &gavata
420 1078 507 1116 ὥςτε
529 1079 656 1115 ἄδειαν
676 1082 768 1123 ekae
786 1077 899 1114 αὐτὸν
919 1079 1055 1113 τούτοις
1074 1076 1121 1112 ὠς
1141 1077 1221 1122 βού-

1294 942 1493 986 relinquere
1515 941 1835 979 fideicommissum,
1862 940 1940 974 aliis
1962 939 2126 974 omnibus
2149 938 2187 972 in
2209 938 2283 971 eius
2307 947 2370 980 po-

1294 987 1370 1022 sitis
1401 990 1596 1031 potestate,
1633 990 1669 1021 et
1699 986 1878 1021 licentiam
1910 985 2043 1019 habere
2076 994 2155 1019 eum
2187 983 2243 1017 his
2279 982 2373 1016 sicut

1293 1032 1442 1067 voluerit
1472 1033 1540 1074 uti,
1574 1031 1868 1075 quemadmodum
1900 1030 2066 1074 perfectis
2096 1028 2244 1064 dominis
2276 1037 2370 1062 com-

1293 1078 1393 1121 petit.
1442 1077 1479 1112 Si
1502 1087 1585 1112 vero
1611 1082 1646 1111 et
1669 1078 1782 1121 ipsam
1809 1083 1970 1120 quartam
1994 1076 2023 1110 is
2049 1075 2110 1119 qui
2133 1078 2299 1118 gravatus
2319 1076 2373 1107 est

148 1126 247 1160 λεται
271 1125 515 1181 χρήσασθριικ
529 1126 631 1159 καθὰ
654 1127 798 1160 τελείοις
830 1125 1023 1159 δεσπόταις
1050 1125 1222 1169 προςήκει.
1239 1127 1280 1158 20
1295 1123 1488 1166 contingat,
1513 1124 1754 1157 necessarium
1770 1127 1824 1157 est
1840 1121 2058 1166 perscrutari
2075 1130 2219 1154 causam
2244 1128 2370 1153 secun-

147 1173 176 1205 εἰ
191 1175 316 1216 μέντοι
332 1175 391 1205 καὶ
408 1185 516 1206 αυτου
541 1172 604 1205 τοῦ
621 1170 794 1215 τετάρτου
819 1169 837 1204 ὁ
864 1173 1105 1216 βεβαρημένος
1121 1181 1223 1217 προς-

148 1218 298 1263 άψεται,
331 1214 530 1264 ἀναγκαῖόν
562 1219 638 1250 ἐστι
670 1216 1054 1262 πολυπραγμονεῖσθαι
1082 1214 1149 1258 τὴν
1173 1215 1224 1247 αἰ-

147 1269 230 1296 τίαν
259 1260 351 1297 καθ7
378 1260 423 1305 ἣν
454 1264 563 1296 τοῦτο
595 1265 763 1306 πέπραχε.
818 1265 877 1295 καὶ
910 1262 1009 1306 εἴπερ
1040 1258 1063 1303 ἢ
1095 1263 1225 1305 προῖκα

146 1307 315 1362 βούλοιτο
347 1306 474 1342 δοῦναι
503 1305 526 1350 ἢ
551 1311 802 1362 ,προγαμιαίαν
827 1305 978 1352 δωρεάν,
1012 1306 1138 1350 ἑτέραν
1162 1301 1225 1339 οἰκ

148 1355 240 1396 ἔχων
258 1357 394 1394 ουσίαν,
602 1353 617 1360 ”’
693 1354 707 1360 ”

147 1399 239 1432 κατὰ
253 1400 361 1432 τοῦτο
383 1397 426 1441 δη
442 1398 484 1432 τὸ
502 1399 555 1440 τῷ
572 1396 732 1442 ἡμετέρῳ
754 1398 1009 1442 περιεχόμενον
1026 1395 1094 1439 ἤδη
1110 1396 1225 1439 νόμῳ,

148 1445 194 1477 εἰς
217 1440 308 1489 ὅπερ
332 1440 433 1486 αὐτῷ
457 1441 643 1477 παντελῶς
672 1440 735 1476 οὐκ
756 1441 996 1486 ἠρνησάμεθα
1019 1443 1087 1484 τὴν
1107 1438 1225 1475 τοιαύ-

147 1503 214 1532 την
236 1486 468 1533 ἄπομείωσιν.
505 1489 536 1521 εἰ
555 1485 594 1521 δὲ
613 1491 672 1521 καὶ
692 1489 739 1521 εἰς
755 1486 996 1531 αἰχμαλώτων
1012 1486 1114 1520 λύσιν
1132 1486 1226 1527 (ταύ-

147 1547 214 1577 την
236 1535 305 1581 γὰρ
330 1535 539 1579 ἐξαιροῦμεν
569 1547 609 1566 τε
638 1537 698 1566 καὶ
722 1530 946 1577 ἀνατίθεμεν
977 1534 1031 1575 τῷ
1055 1533 1133 1574 θεῷ
1159 1531 1227 1574 τὴν

1293 1168 1377 1202 dum
1409 1178 1515 1212 quam
1546 1167 1616 1202 hoc
1648 1168 1728 1211 egit.
1778 1168 1826 1201 Et
1856 1167 1887 1201 si
1910 1166 2049 1210 quidem
2081 1168 2144 1199 aut
2172 1165 2289 1199 dotem
2311 1173 2370 1197 vo-

1293 1213 1398 1247 luerit
1428 1213 1513 1247 dare
1545 1222 1608 1247 aut
1632 1213 1883 1257 sponsaliciam
1912 1211 2128 1254 largitatem,
2160 1210 2267 1244 aliam
2299 1219 2372 1243 non

1292 1258 1429 1292 habens
1455 1258 1707 1298 substantiam,
1741 1261 1883 1302 oportet
1914 1257 1945 1290 ei
1975 1257 2043 1291 hoc
2074 1255 2231 1300 permitti
2256 1264 2371 1297 agere,

1294 1303 1490 1338 secundum
1514 1303 1583 1338 hoc
1607 1304 1770 1338 videlicet
1802 1302 1895 1347 quod
1919 1307 2042 1336 nostra
2074 1302 2273 1336 continetur
2302 1300 2373 1333 iam

420 1351 494 1387 δεῖν
519 1366 617 1394 αυτῳ
643 1365 750 1386 τουτο
767 1351 1033 1398 συγχωρεῖσθαι
1050 1350 1225 1395 πράττειν
1239 1354 1279 1385 25
1293 1350 1378 1392 lege,
1410 1349 1448 1383 in
1472 1359 1541 1393 quo
1575 1349 1608 1383 ei
1632 1349 1773 1383 Omnino
1807 1359 1878 1382 non
1910 1347 2112 1390 negavimus
2141 1346 2249 1380 talem
2273 1344 2372 1379 dimi-

1293 1395 1484 1429 nutionem.
1534 1393 1573 1429 Si
1603 1405 1685 1429 vero
1721 1401 1756 1428 et
1786 1394 1824 1428 in
1848 1393 2067 1436 captivorum
2098 1391 2374 1434 redemptionem

1295 1440 1401 1481 (hanc
1432 1439 1524 1474 enim
1556 1440 1752 1483 excipimus
1784 1443 1820 1473 et
1851 1439 2011 1473 dicamus
2043 1437 2108 1471 deo
2139 1439 2307 1477 causam),
2339 1438 2375 1469 et

1293 1485 1363 1519 hoc
1386 1485 1566 1519 licentiam
1597 1495 1677 1519 eum
1702 1485 1833 1519 habere
1856 1485 1986 1525 facere,
2019 1487 2053 1517 et
2076 1482 2236 1516 minuere
2269 1481 2374 1515 etiam

1295 1535 1459 1575 quartam
1491 1530 1634 1574 pietatis
1665 1531 1821 1571 ratione,
1854 1528 1949 1574 quod
1981 1528 2137 1563 omnium
2167 1527 2270 1562 nobis
2293 1535 2372 1570 pre-

149 1582 292 1623 αίτίαν),
314 1583 374 1612 καὶ
389 1581 497 1613 τοῦτο
514 1576 641 1612 ἄδειαν
662 1575 774 1612 αὐτὸν
794 1580 886 1620 ἔχειν
903 1581 1030 1618 ποιεῖν,
1049 1581 1108 1610 καὶ
1126 1576 1226 1610 ἐλατ-
1240 1579 1281 1611 30
1295 1576 1421 1611 tiosius
1445 1576 1594 1611 videtur.

146 1626 234 1658 τοῦν
262 1628 321 1658 καὶ
345 1625 388 1659 τὸ
413 1627 597 1669 τέταρτον,
630 1625 694 1657 τοῦ
717 1625 778 1666 τῆς
802 1621 982 1668 εὐσεβείας
1005 1622 1111 1669 λόγου
1136 1621 1227 1656 πάν-

148 1683 224 1704 των
248 1668 332 1714 ἡμῖν
356 1673 569 1714 τιμιωτέρου
595 1672 823 1714 φαινομένου.

1148 1758 1305 1793 CAPUT
1331 1758 1376 1793 ΙΙ.

210 1817 256 1849 Εἰ
281 1813 319 1848 δὲ
343 1820 498 1860 συμβαίη
521 1814 612 1860 μηδὲ
636 1813 748 1850 αὐτὸν
777 1817 816 1849 ἔκ
839 1829 956 1849 τινων
980 1816 1111 1849 αἰτιῶν
1135 1817 1228 1857 ἔχειν

148 1858 244 1895 ὅθεν
268 1864 408 1895 ποιοῖτο
433 1859 616 1903 δαπάνας,
641 1863 678 1894 ἐκ
702 1862 764 1903 τῆς
784 1860 950 1903 τοιαύτης
975 1857 1228 1895 ἀποκαταστά-

1365 1813 1403 1848 Si
1426 1823 1508 1848 vero
1535 1813 1722 1857 contigerit
1744 1823 1859 1856 neque
1884 1813 2000 1856 ipsum
2024 1812 2156 1846 habere
2181 1820 2224 1845 ex
2248 1808 2375 1852 aliqui-

1297 1860 1364 1895 bus
1389 1859 1507 1894 causis
1531 1858 1625 1893 unde
1648 1858 1758 1893 faciat
1780 1868 1967 1902 expensas,
1998 1867 2041 1891 ex
2064 1857 2128 1891 tali
2151 1854 2376 1890 restitutione

147 1918 235 1941 σεως
258 1909 318 1940 καὶ
336 1907 470 1940 ταύτας
494 1907 683 1940 ποιεῖσθαι
708 1904 854 1950 δίδομεν
878 1903 977 1948 αὐτῷ
1003 1909 1226 1959 παρρησίαν·
1243 1908 1284 1940 35
1300 1905 1407 1939 etiam
1437 1905 1502 1939 has
1532 1904 1653 1939 facere
1684 1903 1809 1938 damus
1839 1903 1872 1937 ei
1895 1903 2093 1937 licentiam:
2130 1902 2199 1936 hoc
2214 1900 2318 1952 'quod
2342 1903 2377 1934 et

147 1954 253 1986 τοῦτο
286 1948 375 1996 ὅπερ
405 1955 464 1985 καὶ
498 1950 516 1984 ὁ
543 1950 757 1995 διαθέμενος
782 1954 967 1997 ἐπέτρεψε,
999 1964 1042 1984 το
1068 1950 1228 1996 περιλιμ-

148 1997 358 2040 πανόμενον
389 1993 479 2030 ὅλως
502 1998 610 2031 τοῦτο
634 1996 850 2041 βουλόμενος
881 1998 928 2030 εἰς
955 1996 1023 2040 τὴν
1047 1993 1229 2030 ἀποκατά-

149 2054 278 2075 στασιν
302 2041 491 2084 ἕλκεσθαι,
515 2045 574 2075 καὶ
598 2041 646 2076 ως
676 2042 721 2076 ἄν
752 2054 803 2076 τις
827 2043 922 2076 εἴποι
953 2044 991 2075 ἐκ
1021 2042 1083 2075 τοῦ
1109 2055 1227 2086 περιτ-

149 2086 312 2121 τεὺοντος
346 2085 445 2129 αὐτῷ
477 2087 544 2129 τὴν
576 2084 874 2121 ἀποκατάστασιν
903 2086 1083 2132 γίνεσθαι.
1132 2087 1162 2119 εἰ
1193 2084 1232 2120 δὲ

1298 1954 1450 1985 testator
1483 1950 1660 1995 permisit,
1705 1949 1800 1993 quod
1834 1948 2092 1992 relinqueretur
2129 1956 2271 1982 omnmo
2306 1945 2376 1979 hoc

1298 1996 1420 2030 volens
1444 1995 1490 2029 ad
1513 1995 1771 2030 restitutionem
1794 1994 1906 2036 trahi,
1938 1996 1975 2029 et
1999 1993 2100 2037 quasi
2128 1991 2256 2036 aliquis
2281 1991 2378 2025 dicat

1300 2052 1344 2075 ex
1379 2041 1448 2076 hoc
1484 2040 1580 2085 quod
1612 2044 1810 2074 remaneret
1845 2039 1878 2074 ei
1911 2039 2172 2074 restitutionem
2203 2036 2291 2071 fieri.
2339 2035 2378 2070 Si

150 2171 249 2204 sunt;
286 2165 342 2199 sin
367 2169 486 2200 autem
512 2165 583 2199 tate
605 2165 653 2199 sit
672 2165 985 2208 fideicommissum
1018 2164 1123 2209 quale
1140 2164 1374 2210 propositum
1398 2168 1463 2204 est,
1495 2167 1531 2197 et
1554 2174 1597 2197 ea
1621 2174 1715 2208 quae
1741 2166 1898 2208 tempore
1923 2161 2049 2195 mortis
2072 2166 2218 2206 reperta
2243 2160 2300 2195 vel
2320 2171 2376 2195 re-

152 2211 237 2245 licta
261 2211 345 2251 sint,
369 2210 450 2244 sola
475 2213 626 2244 testator
645 2209 922 2253 fideicommisso
946 2209 1146 2250 subiecerit,
1174 2214 1246 2243 tum
1267 2207 1367 2252 quod
1387 2218 1520 2253 parum
1544 2207 1690 2251 definite
1715 2218 1738 2241 a
1759 2206 1946 2252 prioribus
1969 2206 2103 2240 dictum
2127 2210 2181 2240 est
2203 2205 2268 2239 sub
2290 2205 2377 2250 ἱερέ-

153 2256 273 2290 timum
305 2254 486 2300 quandam
516 2254 726 2289 'divisionem
756 2258 792 2288 et
824 2254 986 2288 ordinem
1015 2253 1242 2288 deducamus.
1292 2252 1386 2287 Nam
1418 2253 1449 2286 si
1481 2253 1562 2297 quis
1595 2251 1684 2286 haee
1719 2252 1775 2286 vet
1808 2251 1916 2286 etiam
1951 2251 2126 2285 eiusmodi
2157 2250 2260 2284 aliud
2290 2250 2378 2294 quid

152 2300 303 2341 dixerit,
335 2301 515 2334 sancimus
547 2304 587 2334 ut
619 2299 680 2344 qui
706 2303 879 2333 oneratus
908 2304 961 2333 est
989 2298 1260 2343 fideicommissi
1288 2298 1514 2332 restitutione
1545 2307 1658 2341 usque
1690 2296 1738 2330 ad
1768 2296 1884 2330 solam
1909 2295 2110 2330 Falcidiam
2141 2295 2377 2330 institutionis

152 2356 239 2380 suae
254 2356 400 2380 servare
424 2355 565 2379 neeesse
585 2344 726 2386 habeat,
750 2354 835 2378 neve
856 2345 1047 2389 quicquam
1069 2344 1213 2377 omnino
1238 2342 1321 2376 inde
1336 2342 1540 2376 deminuere
1560 2341 1686 2386 possit.
1736 2340 1885 2385 Sufficit
1906 2341 2009 2381 enim,
2034 2341 2068 2374 si
2086 2339 2210 2375 heredi
2234 2340 2376 2385 quidem

154 2398 225 2425 tres
246 2396 372 2435 partes
394 2394 630 2435 supererunt,
659 2388 714 2422 itti
738 2394 855 2423 autem
888 2392 1042 2433 quartae
1071 2388 1266 2422 dumtaxat
1296 2387 1393 2421 ratio
1424 2387 1657 2430 relinquetur.
1706 2385 1831 2431 Neque
1862 2386 1954 2419 enim
1983 2386 2229 2431 permittemus
2259 2385 2291 2419 ei
2314 2386 2377 2430 qui

154 2441 325 2470 oneratus
349 2439 412 2476 est,
437 2442 477 2468 ut
492 2435 598 2469 etiam
619 2433 876 2468 donationibus
898 2433 1110 2478 quibusdam
1127 2436 1262 2473 utatur,
1287 2432 1394 2477 idque
1413 2431 1575 2475 fortasse
1594 2431 1638 2465 de
1659 2431 1838 2465 industria
1859 2430 1971 2475 (quod
1989 2429 2219 2475 Papinianus
2238 2430 2378 2465 dicebat

152 2479 408 2515 intervertendi
427 2479 693 2523 fideicommissi
717 2482 853 2521 eausa),
886 2479 938 2512 ita
968 2483 1009 2512 ut
1032 2477 1138 2512 etiam
1170 2481 1336 2523 quartam
1361 2476 1597 2511 institutionis
1627 2487 1713 2510 suae
1744 2475 1944 2516 deminuat,
1977 2486 2098 2510 verum
2130 2477 2199 2510 Ιιοο
2231 2476 2376 2510 omnino

153 2526 334 2570 relinquat
354 2524 684 2569 fideicommissum,
716 2523 866 2568 reliquis
895 2522 1058 2558 omnibus
1088 2523 1126 2556 in
1155 2526 1334 2568 potestate
1365 2521 1441 2556 eius
1465 2522 1611 2567 positis,
1643 2526 1683 2555 ut
1707 2521 1812 2555 liceat
1841 2522 1876 2555 ei
1906 2520 1961 2554 his
1993 2520 2173 2565 quomodo
2204 2520 2288 2555 velit
2311 2521 2376 2561 uti,

154 2570 448 2615 quemadmodum
471 2570 648 2615 perfectis
671 2569 826 2604 dominis
849 2569 1021 2603 convenit.
1071 2566 1207 2610 Quodsi
1237 2568 1342 2602 etiam
1374 2573 1541 2611 quartam
1573 2566 1729 2611 attinget
1751 2567 1815 2611 qui
1837 2571 2008 2600 oneratus
2032 2571 2103 2606 est,
2136 2566 2376 2600 necessarium

154 2622 207 2650 est
223 2617 453 2661 perscrutari
473 2625 618 2649 eausam
635 2616 678 2650 ob
697 2625 804 2660 quam
822 2613 891 2648 lzoe
905 2614 1047 2659 jecerit.
1096 2612 1146 2647 Et
1163 2613 1195 2646 si
1211 2612 1352 2657 quidem
1374 2612 1428 2646 vel
1444 2612 1558 2646 dotem
1578 2612 1666 2646 dare
1686 2611 1770 2646 velit
1789 2611 1845 2645 vel
1863 2611 2094 2646 donationem
2115 2617 2199 2646 ante
2217 2611 2377 2656 nuptias,

154 2672 233 2695 cum
257 2661 365 2695 aliam
389 2660 624 2695 substantiam
648 2671 721 2694 non
746 2658 887 2702 habeat,
911 2658 980 2693 ltoe
1003 2658 1036 2693 ei
1055 2656 1333 2710 permittendum
1356 2658 1404 2691 sit
1428 2668 1537 2702 aqere
1559 2656 1751 2691 secundnm
1775 2656 1814 2689 id
1829 2655 1928 2700 quod
1951 2655 2029 2701 leqe
2050 2660 2175 2690 nostra
2200 2657 2271 2690 iam
2293 2666 2376 2690 con-

154 2706 298 2747 tinetur,
324 2717 395 2751 quo
416 2705 558 2740 nomine
578 2706 610 2739 ei
632 2705 775 2739 omnino
800 2715 871 2739 non
889 2704 1141 2749 deneqavzmus
1164 2701 1337 2736 eiusmodi
1357 2701 1643 2736 deminutionem.
1693 2701 1758 2736 Sin
1781 2702 1888 2736 etiam
1913 2701 2139 2747 captivorum
2162 2701 2376 2746 redemptio-

153 2752 210 2785 nis
234 2762 343 2785 causa
369 2749 475 2791 (Itane
491 2751 582 2784 enim
607 2760 753 2784 eausam
779 2749 981 2795 excipimus
1004 2754 1039 2783 et
1061 2749 1126 2783 deo
1150 2748 1334 2789 dieamus),
1360 2746 1427 2781 Ιιοο
1447 2757 1588 2791 quoque
1611 2746 1719 2781 liceat
1737 2747 1772 2781 ei
1786 2746 1926 2791 faeere,
1951 2752 2059 2791 atque
2077 2747 2184 2780 etiam
2209 2751 2377 2791 quartam

153 2796 322 2836 minuere,
348 2807 427 2830 eum
450 2795 597 2841 pietatis
619 2796 713 2830 ratio
739 2794 903 2830 omnibus
926 2794 1033 2828 rebus
1050 2793 1250 2840 pretiosior
1273 2792 1376 2827 nobis
1399 2791 1574 2826 videatur.

277 2841 323 2876 ΙΙ.
373 2839 414 2875 Si
434 2845 551 2875 autem
576 2840 766 2885 contineat
788 2843 829 2874 ut
848 2850 893 2873 ne
915 2839 993 2885 ipse
1017 2838 1159 2884 quidem
1183 2848 1232 2872 ex
1252 2847 1362 2871 eausa
1383 2837 1507 2881 aliqua
1531 2835 1662 2871 habeat
1683 2835 1778 2871 unde
1794 2847 1976 2882 expensas
1997 2836 2127 2881 faciat,
2153 2836 2219 2871 lias
2235 2848 2378 2883 quoque

153 2898 203 2922 ex
226 2886 401 2922 eiusmodi
424 2886 650 2920 restitutione
670 2884 836 2930 faciendi
867 2885 1005 2920 veniam
1029 2884 1061 2918 ei
1086 2883 1229 2918 damus:
1263 2881 1302 2916 id
1325 2882 1423 2927 quod
1446 2881 1552 2916 etiam
1578 2885 1730 2916 testator
1754 2882 1940 2928 permisit,
1973 2891 2052 2915 cum
2077 2882 2174 2926 quod
2195 2883 2377 2928 relinqua-

156 2938 214 2967 tur
238 2932 361 2976 utique
394 2930 461 2965 Ιιοο
493 2931 542 2964 ad
568 2930 829 2965 restitutionem
864 2929 962 2963 trahi
983 2929 1086 2963 vellet
1110 2933 1145 2963 et
1168 2927 1285 2969 (sicuti
1308 2928 1390 2972 quis
1414 2926 1562 2967 dixerit)
1594 2937 1643 2961 eoe
1665 2937 1707 2961 eo
1738 2927 1837 2971 quod
1866 2927 2022 2971 supersit
2052 2928 2084 2960 ei
2115 2928 2376 2962 restitutionem

200 3023 220 3054 2
244 3019 337 3063 ἤτοι]
362 3017 385 3062 ἢ
407 3018 454 3053 τὰ
480 3021 509 3053 L
534 3021 545 3063 ΙΙ
571 3022 589 3053 3
616 3017 719 3063 μόνω
745 3020 790 3052 L¹
809 3020 821 3062 11
845 3022 864 3053 9
889 3020 1134 3062 βεβαρυμένον
1160 3019 1199 3049 M
1221 3017 1231 3061 ΙΙ
1300 3019 1320 3050 4
1344 3016 1404 3048 sub
1430 3016 1593 3057 quandam
1617 3016 1802 3058 legitimam
1825 3017 1985 3049 deducere
2008 3016 2204 3049 divisionem
2232 3021 2264 3050 et
2288 3019 2376 3050 ordi-

155 3066 218 3099 τοῦ
237 3063 479 3111 φειδικοῐηίεειι
495 3067 539 3097 M
556 3066 607 3097 τῶ
629 3062 887 3109 φιδεικομίσσω
902 3065 931 3096 L
951 3066 961 3105 ΙΙ
982 3066 1022 3097 10
1047 3061 1230 3104 ἐλαττοῦν]
1300 3072 1373 3094 nem
1392 3062 1619 3104 Osenbrii‘qyen
1639 3061 1650 3104 11
1668 3061 1817 3102 legitima
1842 3061 2001 3094 deducere
2023 3062 2071 3094 V²
2085 3065 2116 3095 in
2130 3076 2195 3094 ras.
2216 3064 2227 3104 11
2245 3066 2264 3097 5
2290 3065 2376 3095 enim

155 3109 341 3144 παντελῶς
366 3112 415 3143 La
433 3111 444 3152 11
472 3113 508 3143 11
537 3108 663 3143 ἱκανὸν
686 3109 767 3155 γὰρ]
799 3110 965 3141 sufficiens
990 3110 1131 3140 existens
1156 3109 1189 3148 (ι’.
1205 3121 1230 3140 e.

157 3156 284 3189 ἱκανὸν
309 3153 389 3197 (tvi)
415 3167 432 3190 ς
449 3155 460 3199 11
483 3157 523 3188 14
542 3154 622 3188 ἶσον
639 3155 685 3188 L¹
704 3155 715 3199 11
742 3157 780 3187 15
805 3151 1018 3187 παππιανὸς
1040 3154 1069 3186 L
1094 3165 1231 3186 παπια-

155 3202 217 3234 νὸς
231 3203 271 3233 ss!
285 3202 297 3243 11
316 3201 555 3232 intervertendi
571 3203 665 3240 (idem
680 3202 901 3233 restituendum
918 3202 948 3232 in
962 3200 1042 3241 Diy.
1054 3212 1115 3241 pro
1128 3199 1229 3230 inter-

158 3246 324 3285 veniendi)
348 3245 588 3277 fideicommissi
613 3247 643 3286 ς]
678 3244 927 3278 interuentendi
956 3243 1053 3276 fidico
1077 3243 1170 3275 missi
1194 3244 1239 3276 M

157 3290 584 3324 interuertendeicommissi
608 3292 638 3322 L
664 3291 675 3333 ΙΙ
700 3292 810 3330 causa]
835 3289 943 3331 gratia
970 3290 1046 3331 Dio.
1076 3288 1087 3332 11
1114 3291 1152 3321 17
1178 3289 1230 3330 τῷ

157 3334 484 3382 φιδικομμισσαρίῳ
510 3337 600 3368 malit
623 3338 809 3368 Zachariae
828 3336 839 3377 11
868 3337 906 3367 19
930 3329 1035 3374 ὥστε]
1062 3340 1092 3365 et
1117 3345 1136 3369 ς
1155 3335 1165 3376 11
1191 3335 1228 3367 21

157 3379 377 3428 προσάγεται
402 3383 451 3414 La
469 3382 480 3422 11
507 3383 549 3414 24
573 3380 710 3425 ἑτέραν]
735 3377 891 3426 ὑστέραν
917 3379 961 3411 M
979 3380 990 3421 11
1016 3380 1056 3412 25
1082 3376 1137 3411 δεῖ
1164 3380 1231 3411 Ha-

159 3430 293 3460 loander
317 3440 354 3460 ex
379 3439 397 3462 ς
416 3427 427 3470 11
452 3429 646 3471 συγχωρεῖν
670 3427 719 3458 La
738 3425 750 3469 11
775 3427 817 3458 26
841 3421 957 3468 νόμῳ]
983 3437 1051 3456 ποι
1068 3425 1236 3456 XXXIX

159 3486 184 3506 c.
212 3475 228 3507 l
258 3473 270 3516 11
300 3474 341 3506 33
373 3469 485 3515 μηδὲν
510 3472 540 3503 L
571 3471 583 3515 ΙΙ
610 3473 651 3505 35
684 3471 801 3503 ταῦτα
827 3471 855 3502 L
883 3471 895 3512 11
929 3472 968 3502 37
1000 3467 1118 3511 τούτῳ
1144 3471 1233 3502 malit

161 3519 344 3551 Zachariae
615 3532 625 3539 2

208 3653 222 3684 1
249 3651 497 3684 fideicomissum
519 3653 576 3691 (id.
595 3654 628 3693 3)
649 3650 706 3692 Vll
723 3652 742 3684 2
765 3649 949 3682 ueniuntur
970 3649 1029 3690 17²,
1055 3662 1135 3682 corr.
1158 3649 1207 3682 V³
1222 3649 1232 3693 11

161 3700 348 3729 remaneant
367 3698 398 3730 T
410 3701 420 3737 11
441 3699 460 3732 3
482 3697 656 3729 submittat
680 3698 766 3736 vulo.
785 3696 797 3739 11
814 3694 1124 3726 *fideicommissum
1147 3696 1231 3734 libri,

161 3741 196 3773 in
221 3741 507 3775 fideicommissum
531 3745 614 3786 only.
645 3742 658 3786 11
685 3741 827 3773 diffinite
847 3741 894 3773 R¹
932 3740 1117 3771 indeffiuite
1140 3740 1187 3771 R²
1222 3741 1232 3782 11

1300 3120 1357 3140 om.
1376 3107 1425 3139 T¹
1445 3105 1456 3149 ΙΙ
1481 3107 1500 3139 6
1520 3105 1626 3147 aliud]
1652 3107 1788 3147 aliquod
1805 3108 1836 3139 lt
1853 3108 1863 3148 ΙΙ
1892 3109 1910 3139 7
1929 3108 2017 3146 suae]
2042 3107 2112 3138 siue
2136 3108 2185 3139 R·
2201 3110 2212 3145 11
2233 3111 2251 3141 8
2275 3110 2376 3141 hone-

1300 3155 1391 3184 ratus
1410 3152 1440 3183 T
1462 3152 1642 3183 honoratus
1663 3153 1694 3184 R
1707 3152 1738 3183 V
1754 3152 1765 3194 11
1791 3151 2035 3183 restitutionem
2051 3152 2158 3183 lt¹Va
2170 3154 2221 3185 Ta
2244 3154 2255 3196 11
2286 3156 2325 3187 10
2350 3154 2378 3186 si

1300 3197 1424 3237 heredi]
1450 3199 1497 3228 set
1515 3197 1643 3228 heredis
1666 3196 1743 3239 11111
1761 3197 1895 3237 quidam
1918 3197 1971 3239 Vn
1998 3199 2037 3230 11
2058 3197 2148 3229 solus
2167 3198 2216 3230 T¹
2239 3198 2250 3240 11
2281 3200 2319 3231 13
2347 3202 2378 3230 et

1302 3256 1358 3275 orn.
1376 3242 1420 3273 13¹
1439 3241 1450 3284 11
1478 3241 1639 3284 papianus
1667 3242 1697 3273 'l’
1709 3241 1720 3284 11
1750 3243 1790 3274 14
1814 3241 1953 3282 dicebat]
1980 3245 2010 3273 et
2031 3242 2159 3274 dicebat
2184 3243 2228 3274 R¹
2249 3243 2260 3286 ΙΙ
2286 3243 2376 3275 fidei-

1301 3287 1466 3319 commissi
1490 3305 1531 3310 —
1560 3289 1598 3319 18
1625 3286 1675 3318 uti
1700 3285 1804 3330 quem}
1832 3299 1891 3319 scr.
1908 3287 1956 3318 1ss2
1977 3289 2008 3318 in
2023 3300 2087 3319 ras.
2105 3289 2123 3319 2
2138 3301 2185 3319 vv.
2215 3288 2226 3330 11
2261 3290 2300 3322 15
2325 3290 2377 3320 in-

1302 3332 1467 3364 stitutoris
1485 3331 1557 3371 312)
1573 3333 1584 3374 11
1614 3333 1654 3365 16
1672 3331 1916 3372 relinqueretur
1939 3332 1992 3375 ΤΗ
2015 3334 2052 3365 17
2081 3335 2166 3372 euni]
2193 3344 2266 3364 cuni
2295 3335 2341 3366 T¹
2366 3333 2377 3375 ΙΙ

1305 3380 1344 3411 19
1368 3379 1440 3420 ipsa
1466 3377 1515 3409 T¹
1545 3377 1556 3419 ΙΙ
1589 3378 1630 3409 22
1655 3377 1881 3418 sponsalitiam
1916 3377 1963 3408 V²
1988 3379 2018 3409 in
2045 3391 2109 3409 ras.
2142 3379 2152 3419 11
2182 3380 2221 3410 23
2248 3382 2379 3420 oportet

1302 3424 1331 3454 ei
1356 3424 1417 3454 hoc
1442 3422 1602 3464 permitti]
1635 3422 1696 3453 hoc
1720 3422 1869 3463 permitti
1891 3425 2022 3464 oportet
2044 3423 2076 3455 V
2095 3422 2106 3464 ΙΙ
2133 3424 2174 3456 24
2199 3425 2378 3456 secundum

1307 3469 1406 3507 Beck]
1432 3470 1464 3499 et
1482 3468 1558 3500 libri
1575 3467 1586 3510 11
1604 3469 1645 3500 25
1662 3466 1710 3506 in]
1736 3477 1757 3498 n
1780 3467 1835 3509 Vss
1854 3478 1919 3508 qua
1941 3468 1987 3499 T²
2001 3469 2084 3506 vulo.
2103 3467 2114 3510 ΙΙ
2134 3468 2175 3507 ei]
2201 3470 2286 3500 enim
2306 3469 2352 3501 [ἐι
2367 3471 2378 3511 11

1303 3515 1343 3546 26
1362 3512 1545 3553 capitorum
1560 3513 1606 3543 lss¹
1626 3512 1637 3554 11
1660 3513 1700 3544 2ῖ
1720 3513 1906 3554 excepimus
1927 3513 1988 3545 VT
2008 3512 2019 3554 11
2042 3512 2227 3545 dicauimus
2250 3515 2299 3546 V¹
2323 3514 2378 3546 de—

1301 3558 1484 3590 dicauimus
1507 3557 1558 3589 V³
1573 3557 1584 3600 11
1613 3558 1654 3589 28
1676 3557 1755 3588 haec
1777 3558 1805 3588 Ιι’
1823 3557 1834 3599 ΙΙ
1859 3558 1957 3589 etiam
1971 3558 2004 3588 R
2018 3558 2115 3599 vulo]
2143 3562 2174 3589 et
2199 3560 2232 3599 V,
2250 3573 2308 3592 om,
2325 3561 2357 3592 T
2368 3558 2379 3604 ΙΙ

1301 3605 1342 3636 29
1368 3602 1519 3634 omnibus
1540 3603 1572 3634 V
1590 3603 1602 3644 11
1630 3604 1671 3635 33
1693 3602 1859 3643 contingit
1886 3603 1916 3634 'J’
1933 3602 1944 3644 11
1971 3603 2014 3634 34
2040 3603 2160 3635 fatiens
2187 3605 2219 3636 Τ
2239 3604 2250 3647 ΙΙ
2281 3606 2321 3637 35
2347 3610 2379 3636 et

1302 3662 1358 3680 om..
1376 3649 1421 3679 T¹
1442 3649 1454 3690 11
1473 3649 1514 3679 36
1532 3650 1726 3679 testatorum
1748 3648 1793 3679 Τι
1813 3649 1823 3688 11
1840 3647 2008 3689 praemisit
2031 3648 2063 3680 V
2073 3648 2084 3690 ΙΙ
2104 3649 2161 3689 qui
2182 3650 2228 3681 T¹
2245 3650 2256 3694 11
2275 3650 2377 3682 relin-

1301 3696 1457 3734 queretur
1472 3693 1516 3732 Τ1
1541 3692 1751 3733 relinquetur
1774 3693 1895 3736 anly.
1920 3692 2123 3733 relinquitur
2140 3695 2168 3725 lt
2185 3694 2196 3737 11
2217 3696 2294 3728 haec
2322 3694 2378 3739 ΤΙΙ

1301 3740 1342 3772 38
1369 3741 1515 3770 remanet
1542 3739 1572 3770 T
1585 3739 1596 3780 11
1614 3739 1665 3769 sin
1695 3738 1744 3769 1'2

2045 3795 2109 3829 65*
