2580 4022
1333 141 1417 188 696

258 258 325 303 γὰρ
359 256 395 290 οἱ
426 257 725 301 ἐπιτετραμμένοι
748 253 924 298 εὔχεσθαι
944 253 1034 298 ὑπὲρ
1058 255 1122 288 τοῦ
1148 253 1234 288 λαοῦ
1259 251 1401 295 ἀνάξιοι
1424 256 1487 298 τῆς
1510 255 1573 288 τοῦ
1598 254 1689 289 θεοῦ
1702 253 1897 299 ὑπηρεσίας
1909 253 2100 302 εὑρεθεῖεν,
2126 258 2204 291 πῶς
2221 255 2312 302 ὑπὲρ
2327 258 2404 292 τῶν
2420 258 2485 292 τοῦ

258 303 344 336 λαοῦ
369 299 688 345 πλημμελημάτων
711 299 940 341 ἐξιλεοῦσθαι
963 297 1182 342 δυνήσονται
1205 299 1273 334 τὸν
1298 300 1406 341 θεόν;
1433 296 1492 333 ὅτι
1512 298 1550 333 δὲ
1573 299 1634 334 τὰς
1657 303 1876 343 χειροτονίας
1898 302 1974 335 τῶν
1998 301 2123 347 ἱερέων
2145 301 2235 346 μετὰ
2252 305 2369 345 πάσης
2385 300 2483 348 ἄκρι-

256 350 354 391 βείας
383 344 546 391 προςήκει
565 346 756 392 γίνεσθαι,
781 343 942 379 διδάσκει
965 341 1057 387 ἡμᾶς
1083 346 1142 378 καὶ
1172 341 1192 378 ὁ
1226 347 1265 378 ἐν
1293 342 1408 390 ἁγίοις
1431 344 1687 391 Γρηγόριος
1711 344 1730 378 ὁ
1758 344 1939 391 θεολόγος,
1964 346 2139 391 ἑπόμενος
2162 351 2234 381 τοῖς
2258 344 2368 393 ἁγίοις
2391 343 2481 381 εἷπο-

257 389 398 425 στόλοις
419 393 478 423 καὶ
502 394 574 424 τοῖς
597 391 714 425 θείοις
736 388 877 424 κανόσι.
924 388 1015 435 λέγει
1038 387 1107 435 γὰρ
1132 389 1173 423 ἐν
1195 391 1248 433 τῷ
1275 389 1430 436 Μεγάλῳ
1453 386 1718 436 Ἀπολογητικῷ
1740 386 1868 424 οὕτως·
1908 394 1977 425 τίς
2001 389 2048 425 δὲ
2071 395 2167 427 τοῖς
2190 394 2272 427 τοῦ
2297 390 2482 425 Παύλου

256 432 423 469 κανόσι
458 438 531 469 καὶ
566 433 694 478 ὅροις
728 435 895 468 ἑαυτὸν
929 437 1269 479 παρεκτείνων,
1306 433 1378 469 οὒς
1412 438 1516 479 περὶ
1553 435 1823 469 ἐπισκόπων
1855 436 1986 476 ἔταξε
2021 440 2096 470 καὶ
2133 439 2480 482 πρεσβυτέρων,

256 478 529 525 νηφαλέους,
558 480 801 525 σώφρονας
832 479 969 520 εἶναι,
1000 477 1057 523 μὴ
1091 483 1357 524 παροίνους,
1386 478 1445 524 μὴ
1470 478 1691 522 πλήκτας,
1726 478 2039 524 διδακτικούς,
2069 478 2411 525 ἀνεπιλήπτους
2435 483 2483 515 ἐν

256 522 403 560 ἅπασι
434 527 509 558 καὶ
540 522 853 568 ἀνεπιβάτους
883 527 976 558 τοῖς
1007 527 1243 568 πονηροῖς,
1276 521 1325 558 οὗ
1358 523 1473 559 πολὺ
1498 524 1549 558 τὸ
1573 523 1825 571 διαφεῦγον
1848 524 2031 570 εὑρήσει
2053 526 2134 569 τὴν
2155 528 2248 560 τῶν
2271 525 2482 561 κανόνων

256 567 502 611 εὐθύτητα.
540 573 601 605 καὶ
617 567 764 605 πάλινό
783 568 892 603 αὐτὸς
907 568 999 615 λέγει
1015 565 1148 603 οὕτως·
1172 569 1483 615 καθαρθῆναι
1508 567 1575 604 δεῖ
1597 571 1805 615 πρῶτον,
1830 570 1929 604 εἶτα
1953 571 2174 618 καθᾶραι,
2195 572 2482 618 σοφισθῆναι

255 618 329 648 καὶ
360 611 504 649 οὕτως
533 619 746 660 σοφίσαι,
782 615 1007 660 γενέσθαι
1039 615 1128 659 φῶς
1158 617 1234 648 καὶ
1265 618 1482 659 φωτίσαι,
1520 616 1698 661 ἐγγίσαι
1729 615 1823 657 θεῷ
1856 618 1930 648 καὶ
1961 620 2265 672 προςαγαγεῖν
2301 615 2482 655 ἄλλους,

255 657 547 706 ἁγιασθῆναι
578 664 653 693 καὶ
676 657 884 706 ἁγιάσαι,
915 660 1261 706 χειραγωγῆσαι
1282 658 1396 703 μετὰ
1419 662 1608 704 χειρῶν,
1642 658 1984 704 συμβουλεῦσαι
2006 673 2116 704 μετα
2143 664 2374 696 συνέσεως.
2421 664 2482 694 καὶ

255 703 367 740 πάλιν
391 700 410 738 ὃ
437 703 544 740 αὐτὸς
567 707 607 739 ἐν
631 703 745 751 ἁγίοις
769 704 961 751 Γρηγόριος
985 707 1068 748 περὶ
1091 705 1169 738 τῶν
1200 703 1327 739 αὐτῶν
1351 706 1390 739 ἐν
1418 706 1473 748 τῷ
1501 703 1602 748 αὐτῷ
1636 703 1730 751 λόγῳ
1763 706 1870 739 τοῦτο
1900 704 2049 751 γράφει·
2089 709 2156 740 τίς
2187 706 2207 740 ὁ
2242 705 2479 742 πλάττων.

254 747 471 794 καθάπερ
501 747 770 795 αὐθημερὸν
799 749 904 783 τοὺς
935 747 1171 792 πηλίνους,
1200 748 1283 784 τὸν
1313 750 1390 793 τῆς
1415 748 1612 790 ἀληθοῦς
1636 749 1924 796 λειτουργίας
1948 749 2235 794 προστάτην,
2259 750 2344 785 τὸν
2367 750 2481 794 μετὰ

194 798 202 805 “
255 791 463 841 ἀγγέλων
497 794 792 840 στησόμενον
823 797 896 828 καὶ
931 793 1044 839 μετὰ
1081 791 1376 840 ἀρχαγγέλων
1413 793 1673 834 δοξάσοντα
1708 798 1783 828 καὶ
1818 797 2007 840 Χριστῷ
2048 795 2479 841 συνιερατεύσοντα;

254 843 314 873 καὶ
346 837 405 873 διὰ
436 838 578 876 τούτων
608 842 677 884 μὲν
707 837 887 873 δείκνυσιν
910 836 929 873 ὁ
962 839 1149 885 θεολόγος,
1194 837 1339 874 ὁποίους
1370 838 1425 874 δεῖ
1455 839 1545 886 πρὸς
1576 840 1643 883 τὴν
1679 838 1876 883 ἱερωσύνην
1900 839 2188 885 προβάλλεσθαι.
2235 844 2318 886 περὶ
2343 839 2382 874 δὲ
2404 843 2481 874 τῶν

254 882 413 924 ἀναξίως
431 887 758 931 χειροτονουμένων
776 882 796 918 ὁ
817 882 922 919 αὐτὸς
938 882 1027 918 τάδε
1044 883 1135 930 λέγει
1152 886 1192 918 έν
1208 885 1261 927 τῷ
1287 881 1387 927 αύτῷ
1411 884 1526 931 λόγῳ·
1551 885 1595 918 οἳ
1615 883 1757 929 μηδὲν
1780 886 1830 931 τῇ
1855 884 2085 929 ἱεοωσύνη
2110 885 2481 932 προειςενεγκόν-

253 941 323 964 τες
344 928 460 974 μηδὲ
483 932 561 964 τοῦ
585 929 726 964 καλοῦ
749 927 1292 974 προταλαιπωρήσαντες
1315 929 1424 972 ὁμοῦ
1448 943 1495 964 τε
1516 930 1723 974 μαθηταὶ
1748 934 1821 963 καὶ
1846 916 2120 965 διδάσκαλοι
2143 931 2220 973 τῆς
2244 929 2483 974 εὐσεβείας

254 970 641 1019 οἷναδείκνυνται,
670 977 746 1008 καὶ
779 977 888 1019 πρὶν
917 975 1227 1019 καθαρθῆναι
1259 975 1559 1019 καθαίρουσι,
1595 975 1701 1017 χθὲς
1733 971 1963 1019 ἱερόσυλοι
1994 978 2064 1009 καὶ
2096 973 2295 1022 σήμερον
2329 975 2482 1019 ἱερεῖς,

252 1019 358 1061 χθὲς
392 1022 483 1053 τῶν
518 1018 666 1065 ἁγίων
701 1019 786 1060 ἔξω
823 1022 902 1052 καὶ
936 1021 1231 1066 μυσταγωγοὶ
1267 1020 1487 1064 σήμερον,
1523 1019 1716 1055 παλαιοὶ
1751 1019 1834 1063 τὴν
1868 1024 2033 1054 κακίαν
2068 1023 2143 1054 καὶ
2180 1018 2364 1062 σχέδιοι
2400 1019 2483 1063 τὴν

252 1061 516 1108 εὐσέβειαν,
550 1061 574 1098 δ’
604 1066 739 1110 ἔργον
768 1063 820 1107 χά
857 1075 950 1098 ιτος
977 1063 1299 1109 ἀνθρωπίνης,
1322 1064 1371 1098 οὖ
1396 1066 1471 1107 τῆς
1494 1066 1573 1099 τοῦ
1597 1063 1871 1109 πνεύματος.
1918 1062 1978 1099 ὅτι
2002 1063 2042 1099 δὲ
2064 1064 2101 1099 οἱ
2123 1066 2220 1099 θεῖοι
2242 1063 2388 1099 κανόνες
2411 1078 2480 1098 κω·

261 149 302 191 Ν
303 162 368 191 ov.
390 146 630 192 CXXXVII
663 148 697 189 1.
728 148 754 187 2
1809 158 1868 188 m:
1897 157 2146 190 CREATIONE
2174 157 2484 191 EPISGOPORUM

2509 665 2548 696 10

2508 888 2548 921 15

253 1107 377 1143 λύουσι
399 1109 584 1154 κληρικοὺς
605 1109 699 1144 εἶναι
722 1109 803 1144 τοὺς
850 1111 998 1154 ευτέραν
1018 1107 1400 1164 γαμετὴνὶλαβόνταςῖ,
1431 1113 1491 1143 καὶ
1516 1108 1534 1144 ὁ
1559 1111 1599 1143 ἐν
1623 1107 1741 1156 ἁγίοις·
1762 1108 1999 1144 Βασίλειος
2024 1107 2211 1144 διδάσκων
2234 1106 2348 1144 οὕτως
2372 1108 2479 1155 λέγει·
2505 1112 2546 1145 20

251 1153 356 1188 τοὺς
380 1154 751 1201 δευτερογάμους
774 1154 1014 1189 παντελῶς
1037 1168 1056 1187 ο
1081 1168 1235 1189 κανων
1258 1166 1334 1197 της
1364 1159 1615 1198 υπηρεσίας
1646 1152 1898 1190 ἀπέκλεισε.
1946 1157 2146 1189 καὶταῦτα
2169 1156 2237 1199 μὲν
2260 1152 2279 1189 ὁ
2304 1157 2345 1188 ἐν
2368 1154 2482 1201 ἁγίοις

252 1198 449 1234 Βασίλειος.
490 1201 666 1234 τοσοῦτον
683 1197 722 1233 δὲ
737 1199 774 1234 οἱ
788 1197 884 1246 ἅγιοι
908 1203 1058 1245 πατέρες
1081 1201 1144 1243 τῆς
1168 1198 1362 1246 ἱερωσύνης
1385 1199 1615 1246 ἐφρόντισαν,
1640 1196 1698 1234 ὅτι
1721 1199 1757 1233 οἱ
1780 1201 1797 1233 ἐ
1805 1213 1827 1235 ν
1844 1202 1883 1234 Ν
1889 1204 1986 1234 ικαί
1992 1214 2016 1243 α
2040 1199 2281 1234 συνελθόντες
2304 1199 2481 1234 κανόνα

252 1244 423 1284 ἐξέθεντο
455 1240 572 1279 οὕτως
595 1247 741 1287 ἔχοντα·
780 1241 1070 1291 ἀπηγόρευσε
1102 1244 1309 1279 καθόλου
1339 1242 1361 1288 ἦ
1393 1243 1566 1291 μεγάλη
1599 1242 1791 1279 σύνοδος
1822 1244 1932 1288 μήτε
1963 1244 2201 1288 ἐπισκὸπῳ
2232 1244 2344 1289 μήτε
2376 1256 2482 1290 πρε·

252 1292 460 1335 σβυτέρῳ
496 1287 608 1333 μήτε
643 1287 845 1333 διακόνῳ
879 1288 998 1333 μήτε
1031 1286 1146 1324 ὅλως
1180 1291 1270 1324 τῶν
1304 1293 1354 1325 ἂν
1388 1291 1448 1333 τῷ
1484 1288 1624 1337 κλήρῳ
1660 1293 1755 1324 τινὶ
1789 1291 1964 1330 ἐξεῖναι
1999 1293 2303 1325 συνείςακτον
2339 1291 2482 1333 ἔχειν,

251 1333 367 1378 πλὴν
390 1335 505 1379 εἰμὴ
530 1334 613 1381 ἄρα
635 1331 849 1381 μητέραῆ
873 1335 1013 1369 θείαν
1036 1332 1059 1379 ἢ
1082 1331 1107 1367 δι’
1130 1332 1247 1379 μόνα
1271 1334 1487 1381 πρόςωπα
1511 1332 1717 1382 ὑποψίαν
1742 1333 1997 1382 διαφεύγει.

1242 1424 1399 1462 CAPUT
1422 1425 1470 1462 11.

391 1483 467 1515 Τοῖς
494 1475 561 1516 οὖν
586 1479 659 1517 ὑπὸ
692 1482 770 1518 τῶν
800 1481 919 1516 θείων
950 1480 1120 1516 κανόνων
1152 1479 1359 1527 ὁρισθεῖσιν
1389 1480 1674 1517 ἀκολουθοῦντες
1696 1481 1765 1516 τὸν
1789 1479 1957 1526 παρόντα
1981 1480 2191 1525 ποιούμεθα
2213 1479 2341 1525 νόμον,
2366 1476 2410 1514 δι’
2436 1470 2478 1514 οὗ

251 1526 497 1571 θεσπίζομεν,
529 1523 655 1561 ὁσάκις
683 1530 783 1572 χρεία
809 1529 956 1574 γένηται
980 1528 1181 1562 ἐπίσκοπον
1203 1527 1521 1572 χειροτονηθῆναι,
1552 1529 1715 1562 συνιέναι
1738 1526 1819 1561 τοὺς
1842 1525 2025 1572 κληρικοὺς
2049 1529 2110 1560 καὶ
2133 1526 2216 1560 τοὺς
2238 1523 2401 1570 πρώτους
2420 1526 2481 1568 τῆς

386 1618 412 1639 c.
430 1605 475 1638 II
501 1608 533 1640 in
557 1608 718 1651 epitomen
751 1607 913 1640 redactum
945 1608 1070 1640 exhibet

1093 1607 1298 1651 Epanayoqe
1323 1609 1354 1649 8,
1372 1614 1407 1646 33
1438 1620 1491 1651 pr.
1525 1607 1583 1650 (—
1594 1605 1895 1651 χειροτονοῦντος)
1926 1619 1964 1640 ex
1989 1607 2025 1640 B
2058 1607 2229 1650 exscripsit
2251 1605 2413 1639 Balsama
2437 1606 2484 1639 ad

250 1651 388 1684 Numae.
414 1651 571 1684 XIVtit.
591 1653 622 1693 1,
637 1658 673 1685 23
692 1663 728 1694 p·
747 1652 811 1685 840
837 1651 938 1685 Voell.
1623 1670 1627 1675 »
1666 1673 1668 1679 .

251 1748 358 1794 diqni
384 1748 583 1785 ministerio
614 1748 671 1783 dei
693 1749 937 1791 inveniantur,
969 1750 1149 1800 quomodo
1178 1761 1249 1796 pro
1269 1751 1400 1797 populi
1422 1750 1562 1786 delictis
1577 1751 1732 1796 placare
1755 1751 1859 1786 deum
1881 1752 2081 1796 poterunt?
2129 1751 2333 1787 Creationes
2362 1754 2482 1785 autem

251 1792 479 1829 sacerdotum
503 1796 670 1840 oportere
701 1803 781 1828 cum
813 1793 910 1828 omni
940 1792 1129 1839 diligentia
1148 1794 1233 1838 fieri
1263 1794 1368 1830 docet
1398 1805 1466 1829 nos
1490 1796 1597 1830 etiam
1624 1795 1823 1841 Gregorius
1847 1794 2036 1841 theoloqus
2056 1796 2152 1831 inter
2174 1798 2319 1830 sanctos
2341 1794 2483 1830 habitus

251 1842 399 1874 sanctos
430 1838 616 1885 apostolos
644 1848 842 1890 sacrosque
873 1848 1030 1873 canones
1059 1842 1213 1874 secutus.
1260 1837 1322 1874 Ita
1345 1840 1439 1875 enim
1463 1838 1551 1874 dicit
1574 1840 1612 1874 in
1635 1850 1768 1885 maqno
1791 1841 2049 1886 Apoloqetico:
2091 1840 2195 1886 quis
2225 1843 2372 1875 autem
2403 1840 2484 1885 qui

252 1883 308 1918 ad
337 1893 540 1919 canones
571 1887 613 1918 et
634 1882 775 1918 Pauli
804 1893 850 1918 se
880 1883 1072 1928 requlas
1102 1882 1301 1929 diriqat,
1337 1894 1450 1930 quas
1481 1884 1532 1919 de
1562 1884 1798 1930 episcopis
1829 1889 1870 1919 et
1893 1885 2188 1931 presbyteris
2210 1885 2399 1927 statuit,
2433 1888 2482 1919 ut

252 1928 400 1964 sobrii
421 1928 532 1971 sint,
557 1927 695 1970 casti,
719 1938 806 1963 non
831 1927 1075 1969 vinolenti,
1099 1938 1185 1963 non
1207 1939 1535 1974 percussores,
1560 1928 1617 1964 ad
1647 1928 1897 1964 docendum
1923 1929 2099 1971 idonei,
2133 1929 2306 1975 inteqri
2329 1929 2374 1964 in
2399 1939 2479 1964 om-

251 1972 392 2008 nibus
414 1973 566 2015 rebus,
605 1976 647 2007 et
680 1971 733 2007 ab
764 1971 1079 2018 improborum
1117 1975 1387 2009 commercio
1422 1974 1603 2015 remoti,
1638 1984 1727 2009 non
1763 1974 1950 2009 multum
1981 1985 2076 2009 csse
2108 1974 2230 2019 quod
2251 1974 2435 2009 recedat
2459 1985 2482 2009 a

251 2028 471 2052 canonum
493 2016 780 2053 rectitudine
803 2016 1081 2062 comperiet?
1120 2016 1169 2051 Et
1183 2028 1311 2052 rursus
1325 2017 1416 2053 idem
1433 2018 1486 2053 sic
1501 2017 1606 2053 dicit:
1626 2028 1787 2063 purum
1811 2029 1909 2054 esse
1928 2019 2067 2065 prius
2091 2022 2294 2065 oportet,
2318 2019 2480 2054 deinde

245 2072 397 2107 puros
423 2062 606 2107 facere,
637 2061 892 2107 sapientem
921 2071 1020 2096 esse
1051 2064 1190 2106 atque
1221 2063 1288 2097 ita
1318 2062 1556 2108 sapientes
1580 2063 1762 2107 facere,
1795 2063 1940 2098 lucem
1971 2063 2092 2108 fieri
2132 2067 2175 2099 et
2206 2063 2479 2106 illuminare,

251 2106 488 2152 appropin
532 2116 645 2141 uare
668 2106 750 2141 deo
776 2110 818 2141 et
840 2105 1073 2141 adducere
1096 2106 1233 2148 alios,
1257 2110 1463 2142 sanctum
1488 2117 1584 2142 esse
1607 2110 1647 2142 et
1669 2107 2005 2152 sanctificare,
2036 2109 2082 2142 in
2114 2109 2227 2144 viam
2251 2108 2480 2144 deducere

250 2162 344 2186 cum
375 2151 497 2186 mani
534 2161 604 2193 us,
636 2150 748 2186 dare
779 2150 1031 2186 consilium
1055 2161 1150 2186 cum
1173 2151 1444 2198 prudentia.
1492 2151 1542 2187 Et
1564 2162 1694 2187 rursus
1715 2152 1807 2187 idem
1831 2153 1868 2187 in
1891 2153 2026 2188 sanctis
2050 2152 2193 2188 habitus
2218 2153 2414 2200 Greqorius
2436 2153 2481 2188 de

250 2196 375 2231 iisdem
398 2196 437 2231 in
460 2196 581 2231 eodem
604 2205 769 2231 sermone
791 2195 860 2230 hoc
874 2194 1020 2231 scribit.-
1044 2196 1151 2241 quis
1173 2200 1260 2239 est,
1284 2197 1364 2242 qui
1386 2200 1614 2242 tamquam
1636 2196 1821 2243 fiqlina
1845 2208 1933 2232 uno
1958 2197 2204 2243 eodemque
2227 2197 2300 2233 die
2320 2198 2481 2244 finqat

250 2251 383 2276 verae
407 2240 636 2287 liturqiae
659 2241 942 2285 antistitem,
966 2242 1162 2286 quicum
1186 2241 1371 2287 anqelis
1393 2245 1610 2277 staturus
1632 2247 1794 2277 etcum
1823 2242 2130 2288 archanqelis
2162 2242 2323 2278 laudes
2344 2253 2479 2289 prae-

250 2285 499 2321 dicaturus
526 2290 569 2320 et
598 2295 693 2320 cum
716 2285 904 2321 Christo
934 2285 1250 2321 sacerdotium
1281 2290 1506 2332 qesturus
1537 2286 1624 2322 sit?
1670 2287 1790 2332 Atque
1817 2297 1885 2333 per
1916 2287 2005 2322 haec
2034 2287 2176 2333 quidem
2200 2287 2357 2323 ostendit
2380 2286 2477 2322 theo-

250 2331 366 2376 loqus,
391 2330 517 2376 quales
538 2341 614 2366 esse
638 2333 808 2376 oporteat
830 2330 894 2375 qm·
917 2329 967 2365 ad
988 2330 1230 2366 sacerdotium
1249 2335 1542 2377 promoveantur.
1591 2331 1645 2367 De
1667 2331 1714 2366 iis
1736 2342 1820 2367 vero
1837 2331 1901 2377 qui
1916 2332 2064 2378 indiqne
2079 2335 2260 2375 creantur,
2284 2331 2377 2368 idem
2391 2330 2480 2368 haec

249 2375 337 2410 dicit
359 2376 397 2409 in
422 2375 544 2411 eodem
568 2386 753 2411 sermone:
783 2374 988 2418 Quicum
1012 2374 1289 2422 nihilprius
1311 2376 1720 2423 suppeditaverint
1743 2375 1800 2411 ad
1821 2376 2156 2420 sacerdotium,
2176 2387 2256 2413 nec
2276 2378 2410 2424 prius
2431 2377 2479 2412 in

249 2421 426 2456 virtute
450 2420 742 2462 laborarint,
766 2419 906 2455 simul
926 2424 969 2455 et
993 2419 1227 2466 discipuli
1246 2424 1290 2456 et
1311 2421 1533 2467 maqistri
1594 2421 1762 2457 ietatis
1792 2420 2128 2468 desiqnantvn,
2159 2424 2202 2457 et
2231 2425 2479 2468 antequam

243 2465 445 2511 purqati
470 2465 567 2500 sint
599 2465 724 2500 alios
748 2469 985 2511 purqant‚
1018 2465 1117 2500 heri
1147 2465 1376 2511 sacrileqi
1406 2470 1449 2502 et
1479 2431 1618 2501 hoclie
1648 2465 1935 2509 sacerdotes,
1967 2465 2065 2501 heri
2096 2477 2120 2501 a
2149 2467 2299 2502 sacris
2330 2466 2482 2502 alieni

249 2514 292 2545 et
325 2509 463 2545 hodie
492 2510 827 2556 mysteriorum
857 2510 1126 2552 antistites,
1155 2511 1364 2546 veterani
1395 2510 1578 2546 malitia
1609 2515 1655 2546 et
1685 2511 1865 2546 tirones
1890 2511 2092 2558 pietate,
2124 2511 2245 2557 quod
2273 2515 2342 2547 est
2363 2521 2479 2557 opus

248 2554 471 2590 humanae
502 2554 705 2600 qratiae,
738 2565 828 2589 non
860 2555 1053 2600 qratiae
1081 2555 1296 2601 spiritus.
1344 2554 1478 2591 Sacros
1507 2559 1625 2591 autem
1655 2566 1813 2591 canones
1840 2555 2035 2602 prohibere
2058 2556 2209 2592 clericos
2231 2566 2308 2591 esse
2330 2566 2393 2591 eos
2415 2556 2480 2601 qui

247 2599 441 2635 secundam
466 2610 618 2635 umorem
650 2599 825 2635 duxerint
853 2599 961 2635 etiam
993 2599 1032 2634 in
1062 2600 1198 2635 sanctis
1219 2598 1363 2635 habitus
1386 2600 1550 2636 Basilius
1572 2599 1704 2636 docens
1725 2601 1778 2636 ita
1801 2600 1908 2636 dicit:
1938 2601 2021 2647 qui
2050 2600 2291 2637 secundum
2319 2601 2478 2636 matri-

247 2645 438 2679 monium
461 2647 825 2686 contraoeerunt,
849 2655 926 2679 eos
950 2646 1129 2679 omnino
1154 2654 1301 2680 canon
1324 2655 1347 2678 a
1371 2645 1635 2682 ministerio
1652 2645 1866 2681 eoeclusit.
1892 2644 1942 2681 Et
1961 2644 2050 2681 haec
2065 2645 2207 2691 quidem
2222 2645 2318 2682 inter
2333 2649 2478 2681 sanctos

249 2689 391 2725 habitus
416 2689 588 2725 Basilius.
639 2688 792 2724 Tantam
823 2693 941 2724 autem
972 2699 1097 2724 curam
1129 2690 1248 2725 sancti
1268 2694 1395 2735 patres
1417 2690 1620 2726 sacerdotio
1644 2689 1903 2734 adhibuerunt,
1932 2695 1974 2726 ut
1996 2691 2059 2736 qui
2084 2689 2241 2726 Nicaeae
2264 2690 2479 2736 conqreqati

247 2738 344 2776 sunt,
369 2744 543 2770 canonem
566 2733 755 2775 ediderint,
780 2735 845 2778 qui
865 2734 918 2769 ita
940 2744 980 2769 se
1001 2733 1127 2769 habet:
1149 2737 1297 2770 vetuit
1327 2735 1372 2769 in
1402 2735 1672 2770 universum
1703 2745 1868 2781 maqna
1897 2735 2121 2779 synodus,
2153 2746 2205 2770 ne
2240 2735 2379 2771 liceat
2401 2738 2479 2770 aut

247 2779 470 2824 episcopo
494 2778 869 2824 autpresbytero
894 2782 971 2814 aut
999 2778 1196 2814 diacono
1229 2783 1308 2814 aut
1338 2780 1518 2815 omnino
1548 2779 1641 2815 ulli
1667 2790 1822 2814 eorum
1853 2772 2005 2825 quiin
2035 2779 2159 2815 clero
2189 2783 2295 2815 sunt
2325 2790 2477 2815 secum

246 2822 479 2859 mulierem
503 2822 696 2912 snubere,
728 2824 823 2858 nisi
849 2824 982 2869 forte
1011 2827 1200 2859 matrem
1236 2823 1306 2859 vel
1336 2825 1519 2860 amitam
1554 2823 1624 2860 vel
1653 2834 1731 2859 eas
1759 2823 1894 2860 solas
1923 2834 2157 2870 personas
2187 2835 2301 2870 quae
2330 2825 2478 2870 suspi-

248 2871 427 2903 cionem
450 2879 470 2904 e
532 2878 556 2902 u
595 2868 709 2903 iunt.

381 2912 430 2947 II.
476 2868 675 2958 gequqentes
697 2912 812 2958 iqilur
835 2923 878 2948 ea
899 2923 993 2958 quae
1016 2924 1040 2948 a
1062 2913 1179 2948 sacris
1202 2912 1400 2948 canonibus
1422 2917 1560 2950 statuta
1583 2916 1678 2957 sunt,
1695 2916 1926 2960 praesentem
1950 2913 2063 2960 leqem
2084 2913 2254 2959 facimus,
2274 2924 2344 2960 per
2365 2924 2473 2960 quam

249 2957 445 2999 sancimus,
469 2960 508 2992 ut
531 2958 673 3003 quoties
693 2958 900 3004 episcopum
924 2958 1042 2993 creari
1066 2968 1160 3004 opus
1181 2958 1247 3001 sit,
1270 2958 1392 2993 clerici
1414 2963 1451 2994 et
1471 2959 1652 3005 primores
1676 2959 1849 3001 civitatis,
1873 2959 1976 2994 cuius
1998 2958 2190 3005 episcopus
2213 2957 2391 2994 creandus
2413 2962 2476 3000 est,

294 3063 314 3094 4
337 3062 410 3093 τοῖς
433 3059 547 3093 θείοις
576 3061 645 3101 CL]
677 3036 757 3093 τοῖς.
774 3073 832 3094 om.
857 3061 902 3094 M
921 3061 1008 3104 vulq.
1026 3060 1038 3104 ΙΙ
1053 3057 1330 3106 Ἀπολογητικῷ]
1399 3061 1458 3102 (ον.
1479 3061 1588 3102 ΧΧΙ)
1613 3073 1639 3094 c.
1657 3062 1677 3094 9
1702 3061 1735 3101 (l.
1761 3073 1787 3093 c.
1806 3061 1864 3094 col.
1883 3062 1969 3094 1089
1999 3061 2121 3104 Miqne)
2150 3060 2162 3103 ΙΙ
2192 3061 2476 3103 προειςενέγκαν-

252 3106 390 3148 Greyor.
407 3105 492 3139 Naz.
518 3106 649 3149 apoloy.
668 3107 728 3146 (ον.
741 3105 798 3147 ΙΙ)
812 3118 837 3138 c.
852 3106 895 3139 69
909 3105 1037 3147 (Mz'yne
1054 3106 1338 3138 Patrol.XXXV
1397 3116 1454 3139 τες
1481 3107 1553 3139 C'v.
1573 3106 1594 3138 l.
1623 3105 1635 3148 ΙΙ
1666 3107 1707 3140 19
1738 3101 1762 3138 ὃ
1784 3106 1830 3138 Μ
1850 3105 1919 3138 Cv.
1935 3106 1968 3146 1.]
2000 3103 2055 3138 ὠν
2083 3106 2153 3139 Ου.
2172 3105 2213 3145 ί.,
2250 3117 2309 3137 om.
2331 3105 2363 3136 L
2389 3103 2402 3147 ss
2433 3106 2474 3138 20

247 3151 305 3183 col.
322 3151 400 3191 477)
418 3149 431 3193 ΙΙ
448 3150 513 3182 τοῦ
546 3162 605 3182 om.
639 3150 774 3194 (ἔνεμον.
794 3149 807 3194 ΙΙ
824 3148 980 3191 Παύλου]
1012 3150 1037 3183 I
1058 3151 1193 3183 Timoth.
1218 3152 1250 3191 3,
1268 3157 1294 3183 2.
1313 3157 1330 3183 3

246 3196 309 3238 (cf.
331 3195 397 3228 Tit.
415 3202 440 3236 1,
458 3202 473 3227 7
489 3196 552 3237 sq.)
569 3194 581 3237 ΙΙ
600 3197 619 3228 5
651 3194 781 3227 κανόσι
812 3197 872 3227 καὶ
900 3196 929 3228 C
954 3196 1103 3238 Θαρσῇ]
1132 3193 1285 3228 κανόσιν
1307 3191 1330 3236 ἢ

247 3239 319 3272 ML
346 3238 359 3282 ΙΙ
388 3239 444 3272 ἐπ.
476 3241 536 3271 καὶ
566 3241 823 3283 πρεσβυτέρων
854 3238 957 3278 ἔταξε
984 3239 1190 3282 Greyor.116
1216 3251 1329 3284 νηφα-

246 3281 340 3316 λίους
367 3284 401 3324 C,
430 3283 567 3327 Greqor.
582 3296 614 3316 υ.
632 3286 651 3316 l.
680 3283 693 3327 11
724 3280 904 3325 ἀλήπτους
935 3284 975 3317 ἐν
999 3284 1090 3318 πᾶσι
1113 3286 1174 3317 καὶ
1194 3280 1328 3318 ἀνεπά-

247 3338 332 3369 φους
359 3328 495 3371 Greqor.
521 3327 533 3372 ΙΙ
553 3331 571 3362 7
597 3327 666 3370 τὴν
695 3329 724 3363 C
747 3329 896 3371 Greyor.]
921 3327 1011 3372 πρὸς
1033 3328 1102 3370 τὴν
1127 3330 1199 3361 ML
1223 3328 1235 3373 ΙΙ
1263 3330 1282 3362 8
1306 3325 1326 3360 ὁ

247 3368 367 3412 αὐτὸς]
394 3373 414 3405 l.
431 3385 457 3405 c.
483 3385 555 3416 cap.
571 3375 610 3406 71
628 3373 700 3415 (col.
715 3375 780 3407 479
795 3373 921 3416 Miyne)
939 3373 951 3416 ΙΙ
969 3370 1023 3406 δεῖ
1044 3372 1286 3417 καθαρθῆναι
1303 3374 1332 3406 C

245 3417 257 3453 ΙΙ
274 3415 452 3460 πρότερον
475 3418 507 3450 L
539 3417 551 3460 ΙΙ
586 3419 624 3452 11
660 3416 865 3462 Γρηγόριος]
899 3419 919 3450 l.
937 3430 963 3451 c.
999 3430 1070 3461 cap.
1090 3419 1131 3451 73
1162 3419 1234 3458 (col.
1260 3418 1322 3452 481

247 3460 373 3503 Mz'qne)
404 3461 416 3504 ΙΙ
445 3463 486 3494 12
513 3461 581 3494 τὸν
613 3469 687 3495 ante
710 3459 921 3505 προστάτην
945 3463 1017 3495 coll.
1042 3463 1074 3495 L
1098 3462 1110 3505 ΙΙ
1137 3462 1201 3504 τῆς
1223 3461 1326 3495 θείας

247 3502 462 3549 λειτουργίας
491 3507 519 3539 G
537 3506 600 3548 τῆς
623 3501 796 3549 ἀληθείας
822 3507 957 3550 Greyor.
973 3506 987 3551 ΙΙ
1008 3508 1046 3540 13
1072 3504 1257 3552 ἀγγέλλων
1279 3509 1325 3546 (in

249 3548 346 3580 litura
382 3562 420 3581 ea.-
443 3546 576 3592 ἄλλων)
601 3551 633 3583 L
655 3552 667 3594 ΙΙ
693 3548 907 3591 δοξάσοντα]
938 3548 1158 3590 δοξάσοντας
1181 3553 1241 3584 καὶ
1265 3551 1325 3585 ἐπὶ

247 3590 290 3622 τὸ
310 3589 387 3624 ἅνω
406 3592 667 3638 θυσιαστήριον
685 3591 950 3640 ἀναπέμψοντα
962 3595 1026 3629 τὰς
1039 3595 1170 3629 θυσίας
1187 3597 1322 3635 Greaor.

247 3634 259 3672 ΙΙ
280 3637 317 3685 14
341 3633 404 3675 δεῖ]
428 3633 468 3668 δὲ
492 3638 537 3670 M
555 3651 612 3670 om.
631 3640 661 3671 L
677 3638 690 3678 ΙΙ
710 3641 751 3673 15
775 3639 845 3681 τὴν
862 3653 920 3673 om.
938 3641 970 3673 L
985 3640 998 3683 ΙΙ
1019 3642 1059 3675 15
1083 3641 1123 3673 ἐν
1145 3641 1198 3682 τῷ
1223 3633 1322 3682 αύτῷ

247 3674 357 3722 λογῳ]
380 3682 470 3713 immo
494 3683 527 3714 in
551 3682 739 3717 laudatione
752 3684 931 3718 Athanasii
952 3686 1097 3727 episcopi
1105 3685 1326 3719 Alexandrini

1399 3151 1435 3183 S.
1450 3151 1602 3184 Basilius
1627 3151 1717 3192 epist.
1746 3150 1810 3184 188
1834 3150 1893 3188 (ad
1905 3149 2173 3193 Amphilochium)
2195 3161 2267 3192 cap.
2287 3150 2328 3182 12
2346 3149 2476 3192 (Miqne

1397 3195 1522 3229 Patrol.
1538 3195 1693 3228 XXXII
1705 3195 1763 3227 col.
1781 3196 1861 3235 681)
1881 3193 1893 3238 fl
1911 3196 1948 3227 21
1983 3191 2152 3248 διγάμους
2175 3193 2298 3234 Βαςίί.,
2330 3194 2363 3227 G.
2379 3205 2410 3225 v.
2428 3194 2447 3226 l.
2463 3192 2476 3238 ss

1396 3237 1583 3273 παντελῶς
1616 3240 1645 3273 C
1667 3240 1791 3280 Basti]
1823 3251 1881 3272 om.
1908 3239 1980 3272 ML
2006 3238 2018 3282 ΙΙ
2050 3236 2237 3272 απέκλεισε
2264 3238 2321 3271 CL
2345 3238 2471 3279 Basil.]

1396 3280 1592 3326 ἀπέκλεισε,
1615 3286 1675 3316 καὶ
1698 3281 1782 3317 τοὺς
1803 3285 2029 3327 τικτομένους
2043 3283 2081 3315 ἐκ
2100 3280 2242 3316 τούτων
2259 3283 2306 3315 M
2317 3282 2329 3323 ΙΙ
2345 3283 2387 3316 22
2410 3294 2472 3314 κα-

1394 3328 1496 3370 νόνα]
1514 3330 1641 3372 Synodi
1655 3329 1792 3361 Nicaen.
1811 3340 1882 3361 can.
1897 3330 1916 3362 3
1933 3329 2063 3370 (Mansi
2078 3328 2198 3362 Concil.
2213 3327 2283 3360 coll.
2297 3327 2380 3369 IIp.
2395 3327 2473 3368 670)

1393 3372 1405 3416 Η
1422 3375 1463 3407 23
1493 3373 1583 3416 μήτε
1610 3373 1809 3406 ἐπίσκοπον
1838 3370 1929 3416 μήτε
1959 3369 2205 3417 πρεσβύτερον
2234 3370 2324 3414 μήτε
2351 3367 2472 3402 διάκο-

1393 3429 1459 3451 νον
1487 3419 1516 3452 C
1540 3417 1552 3462 ΙΙ
1583 3419 1626 3452 24
1656 3419 1730 3450 τινὶ
1752 3417 1830 3450 τῶν
1853 3417 1893 3450 ἐν
1914 3417 1967 3459 τῷ
1989 3413 2106 3461 κλήρῳ
2129 3418 2209 3460 Syn.
2234 3416 2308 3450 Mc.
2334 3413 2348 3457 ss
2374 3415 2416 3447 25
2441 3414 2472 3446 εἰ

1391 3461 1441 3504 μὴ
1471 3460 1543 3506 ἄρα
1571 3463 1706 3506 μητέρα
1734 3462 1764 3495 0
1777 3462 1857 3505 Syn.
1882 3462 1970 3502 Nic.]
2002 3461 2034 3494 εἰ
2063 3460 2134 3507 ἄρα
2155 3461 2290 3504 μητέρα
2313 3458 2345 3490 L
2367 3457 2398 3489 εἰ
2420 3456 2469 3500 μὴ

1393 3504 1464 3548 ἄρα
1484 3501 1700 3550 Μυα19.11ἢ
1730 3505 1852 3546 θείαν]
1882 3502 1905 3547 ἢ
1929 3502 2088 3559 ἀδελιρὴν
2111 3502 2135 3547 ἢ
2154 3504 2263 3537 θείαν
2287 3503 2367 3556 Syn'.
2393 3503 2468 3535 Nic.

1391 3550 1404 3593 ΙΙ
1426 3547 1450 3592 ἢ
1478 3553 1612 3585 alterum
1636 3552 1697 3584 del.
1720 3551 1859 3584 Skutsch
1887 3550 1900 3594 ΙΙ
1929 3547 1966 3591 δι’]
1991 3548 2028 3583 δι
2067 3545 2092 3582 ἃ
2119 3550 2148 3583 G
2156 3561 2188 3580 v.
2204 3548 2226 3580 l.
2255 3546 2268 3588 ΙΙ
2293 3555 2470 3589 προςωπα

1391 3595 1517 3629 πᾶσαν
1532 3592 1696 3638 ὑποψίαν
1714 3592 1929 3640 διαπέφευγε
1940 3595 2020 3638 Syn.
2034 3594 2108 3627 Nic.
2127 3591 2141 3635 ΙΙ
2156 3592 2198 3625 26
2213 3589 2330 3633 νόμον
2346 3590 2469 3624 ποιού-

1389 3639 1492 3684 μεθα
1514 3641 1627 3684 01127
1650 3641 1797 3686 γένηται
1825 3640 1919 3674 CLB
1941 3640 1998 3682 (cs.
2021 3638 2097 3678 594,
2111 3637 2151 3678 1)]
2176 3647 2234 3667 om.
2257 3636 2300 3667 M

2506 1335 2547 1368 25
