2618 4010
184 138 486 171 EFFICIUNTUR
513 137 587 170 SUI

185 237 351 285 βασιλεία
379 238 487 272 τοῦτο
519 236 702 283 λέγουσαν,
739 234 788 272 αἶς
818 233 990 282 βούλεται
1021 237 1102 273 τοὺς
1132 237 1268 273 νόθους

187 282 298 319 αὑτοῦ
329 281 461 319 παῖδας
491 280 791 326 ἀποκαταστῆναι
824 285 868 330 τῇ
895 282 1000 329 φύσει
1031 286 1092 317 καὶ
1114 284 1158 330 τῇ
1175 281 1272 318 ἅνω-

187 330 259 365 θεν
291 325 452 376 εὐγενείᾳ
484 341 523 362 τε
558 331 618 362 καὶ
653 325 883 374 γνησιότητι,
920 324 1008 363 ὥςτε
1042 325 1271 370 ύπεξουσιόυς

186 371 284 418 αὐτῷ
309 372 536 408 καθεστάναι
563 371 677 428 μηδὲν
708 374 786 408 τῶν
811 377 977 419 νομίμων
1001 372 1148 410 παίδων
1172 372 1269 409 διαλ-

1266 120 1352 170 439

1893 123 2002 168 Nov.
2032 123 2259 167 LXXXIX
2279 124 2413 166 9-11

1338 237 1466 274 offerre
1501 237 1571 274 hoc
1606 236 1849 279 declarantes,
1886 236 1969 281 quia
2003 237 2079 272 vult
2114 236 2296 272 naturales
2331 246 2416 271 suos

1341 283 1434 319 filios
1469 283 1656 319 restituere
1691 285 1842 317 naturae
1875 286 1912 317 et
1941 282 2109 327 antiquae
2139 282 2350 326 ingenuitati
2381 283 2418 316 et

1338 329 1408 363 iuri
1431 328 1598 381 legitimo,
1630 329 1671 364 ut
1694 327 1760 363 sub
1784 330 1963 371 potestate
1994 327 2070 363 eius
2100 327 2300 363 consistant
2327 326 2416 361 nihil

1339 384 1361 409 a
1383 374 1547 419 legitimis
1571 373 1652 409 filiis
1676 372 1899 417 differentes3
1935 383 2004 418 quo
2028 373 2125 409 facto
2156 383 2200 408 ex
2229 373 2299 408 hoc
2323 371 2416 407 filios

185 419 399 454 λάττοντας·
436 421 496 453 καὶ
525 432 654 453 τουτου
683 422 872 466 γινομένου
904 419 946 454 τὸ
979 421 1156 455 ἐντεῦθεν
1185 419 1269 454 τοὺς
1306 419 1408 455 5frui
1436 418 1639 455 huiusmodi
1674 417 1865 454 adiutorio.
1914 418 1993 453 Uno
2023 428 2176 462 namque
2211 418 2280 454 hoc
2310 416 2415 453 modo

186 462 317 500 παῖδας
340 461 539 499 ἀπολαύειν
562 465 624 508 τῆς
644 464 812 508 τοιαύτης
834 465 1018 509 βοηθείας.
1066 466 1121 499 ἑνὶ
1135 465 1205 513 γὰρ
1223 462 1267 508 δὴ

184 509 302 553 τούτῳ
323 510 376 552 τῷ
400 508 528 555 τρόπῳ
554 509 672 546 πάσας
694 510 759 544 τὰς
782 508 950 545 τοιαύτας
973 512 1035 554 τῆς
1059 510 1199 556 φύσεως
1214 512 1268 544 ἐκ-

184 552 307 599 βάσεις
329 568 369 589 τε
391 557 451 588 καὶ
469 557 631 591 ἐπινοίας
652 557 713 591 ἐπὶ
733 557 811 590 τῶν
826 559 996 600 νομίμους
1019 553 1083 590 ούκ
1107 555 1269 599 ἑχόντων

185 598 315 635 παῖδας
339 599 627 646 θεραπεύσομεν,
661 597 757 635 οὕτω
782 598 952 645 συντόμῳ
978 606 1158 646 συμμαχίᾳ
1187 613 1268 636 τοσ-

185 644 298 689 αύτην
321 642 436 693 ὁρμὴν
461 646 775 692 ἐπανορθούμενοι
799 645 949 692 φύσεως.

1339 474 1461 500 omnes
1491 463 1695 500 huiusmodi
1718 466 1870 499 naturae
1903 463 2138 507 digressiones
2169 466 2205 498 et
2231 463 2416 508 opiniones

1336 510 1374 546 in
1398 511 1453 546 his
1485 510 1546 556 qui
1569 509 1743 554 legitimos
1773 519 1845 544 non
1868 507 2003 543 habent
2024 509 2115 544 fillos
2147 518 2330 549 curamus,
2362 508 2415 543 sic

1337 555 1436 592 brevi
1460 556 1594 591 solacio
1618 557 1760 591 tantum
1782 553 1952 599 impetum
1973 557 2124 589 naturae
2144 554 2368 598 corrigentes.

1195 757 1351 794 CAPUT
1378 757 1425 794 X.

242 827 287 861 Εἰ
308 829 474 873 μέντοιγε
498 824 517 860 ὁ
542 826 671 872 μόνων
695 828 858 873 φυσικῶν
886 824 1032 862 παίδων
1062 826 1183 873 πατὴρ
1209 824 1265 860 διά

183 883 285 906 τινας
308 873 459 917 τυχηρὰς
482 873 710 918 περιστάσεις
733 872 795 906 ούκ
814 871 968 915 ἰσχύσειε
992 872 1100 905 τοῦτο
1122 872 1268 917 πρᾶξαι,

184 916 363 951 τελευτῶν
385 916 424 951 δὲ
449 919 512 953 ἐπί
533 929 630 952 τινος
652 919 730 952 τῶν
754 917 966 962 ἔμπροσθεν
989 918 1188 962 εἰρημένων
1207 917 1268 950 θε-

183 962 314 1007 μάτων
337 960 488 1009 γράψειε
512 962 706 1005 διαθ’κην,
731 963 947 1007 βουλόμενος
972 959 1070 1005 αύτῷ
1103 966 1268 1009 γνησίους

186 1008 278 1042 εἶναι
302 1008 384 1042 τοὺς
400 1006 531 1042 παῖδας
548 978 631 1042 &call
643 1007 650 1017 ‘
900 1007 908 1017 '

185 1058 408 1100 παρρησίαν·
450 1051 631 1099 δεομένων
654 1057 778 1098 μέντοι
812 1056 871 1087 καὶ
894 1049 990 1088 οὕτω
1022 1066 1099 1087 των
1123 1051 1268 1088 παίδων

184 1099 276 1143 μετὰ
310 1098 478 1142 τελευτὴν
508 1100 572 1133 τοῦ
603 1098 755 1144 πατρός,
786 1102 846 1132 καὶ
877 1099 985 1132 τοῦτο
1015 1095 1268 1133 διδασκόντων

185 1147 246 1178 καὶ
271 1142 514 1179 δεικνυόντων
535 1144 599 1179 τὰς
621 1145 687 1178 τοῦ
711 1144 847 1189 πατρὸς
878 1141 1074 1187 διαθήκας,
1106 1147 1166 1178 καὶ
1189 1143 1266 1187 κλη-

185 1189 443 1234 ρονομούντων
466 1189 559 1224 κατὰ
583 1189 651 1224 τὸν
674 1187 806 1234 νόμον·
838 1193 897 1223 καὶ
921 1190 1028 1223 τοῦτο
1053 1187 1173 1236 δῶρον
1197 1191 1267 1231 ἐχέ-

1393 826 1430 861 Si
1454 836 1535 861 vero
1560 824 1589 860 is
1615 825 1676 870 qui
1700 825 1919 861 solummodo
1945 825 2161 861 naturalium
2185 825 2337 861 filiorum
2361 828 2417 861 est

1338 874 1441 916 pater
1464 882 1530 916 per
1553 872 1726 916 quosdam
1750 871 1917 906 fortuitos
1949 882 2053 906 casus
2078 882 2150 906 non
2172 871 2324 906 valuerit
2347 871 2416 906 hoc

1337 927 1453 960 agere,
1478 916 1633 951 moriens
1657 918 1777 952 autem
1800 917 1866 952 sub
1892 917 2044 961 quodam
2067 916 2332 962 praedictorum
2356 925 2415 951 ca-

1339 972 1442 997 suum
1475 962 1658 1006 scripserit
1687 965 1955 1004 testamentum,
1990 962 2114 998 volens
2143 962 2210 997 sibi
2241 961 2416 1006 legitimos

632 1020 742 1050 οχους,
766 1011 825 1042 καὶ
846 1021 976 1042 τουτου
994 1005 1141 1060 δίδομεν
1165 1005 1263 1050 αὐτῷ
1282 1011 1322 1042 15
1336 1017 1414 1042 esse
1439 1007 1529 1042 filios
1555 1016 1792 1051 successores,
1817 1009 1854 1042 et
1876 1007 1913 1043 in
1937 1008 2006 1043 boc
2030 1007 2154 1043 damus
2178 1007 2212 1042 ei
2230 1007 2414 1043 fiduciam:

1336 1052 1625 1097 supplicantibus
1660 1054 1779 1088 tamen
1811 1052 1916 1088 etiam
1951 1053 2003 1088 sic
2033 1053 2116 1088 filiis
2151 1055 2234 1098 post
2267 1054 2417 1087 mortem

1335 1098 1461 1142 patris,
1479 1100 1515 1132 et
1531 1098 1600 1132 hoc
1617 1097 1826 1133 docentibus
1844 1101 1880 1133 et
1896 1098 2163 1135 ostendentibus
2206 1098 2294 1134 atris
2308 1100 2416 1133 testa-

1336 1146 1466 1186 menta,
1501 1145 1537 1177 et
1567 1142 1760 1178 heredibus
1792 1144 2026 1180 existentibus
2061 1154 2171 1179 secun
2199 1155 2257 1179 um
2292 1143 2415 1187 legem,

1337 1189 1477 1233 hocque
1501 1187 1632 1223 donum
1656 1188 1812 1223 habeant
1861 1189 1947 1225 atris
1972 1193 2008 1226 et
2031 1189 2212 1234 principis,
2245 1189 2339 1225 idem
2361 1191 2418 1224 est

185 1246 311 1269 τωσαν
335 1234 472 1289 πατρός
495 1248 535 1269 τε
558 1233 840 1289 καὶβασιλειάς,
864 1234 1002 1269 ταυτὸν
1026 1232 1068 1269 δέ
1089 1236 1189 1270 ἐστιν
1222 1235 1269 1269 εἰ·
1283 1237 1325 1269 20
1338 1234 1455 1270 dicere
1479 1235 1629 1269 naturae
1653 1234 1759 1269 simul
1783 1238 1819 1269 et
1856 1235 1939 1280 egis.

186 1282 269 1314 πεῖν
293 1279 432 1326 φύσεως
454 1293 494 1314 τε
514 1284 574 1314 καὶ
594 1294 716 1325 νομου.

1172 1393 1329 1429 CAPUT
1356 1392 1420 1428 XI.
2007 1398 2026 1410 ⁸

242 1459 419 1495 Καθόλου
448 1459 488 1495 δὲ
518 1460 579 1507 ἐφ’
612 1457 791 1496 ἁπάντων
821 1462 898 1495 τῶν
930 1458 991 1495 διὰ
1026 1462 1104 1495 τῶν
1136 1462 1267 1506 ὲζιιπρο-

184 1507 280 1541 σθεν
315 1507 514 1551 εἰρημένων
552 1506 704 1552 τρόπων
739 1504 929 1553 ἀγομένων
965 1507 1012 1541 εἰς
1046 1506 1267 1553 γνησιότητα

184 1550 268 1586 τότε
291 1552 409 1586 ταῦτα
433 1555 577 1597 κρατεῖν
600 1551 829 1596 βουλόμεθα,
860 1550 967 1596 ἡνίκα
998 1556 1058 1586 καὶ
1086 1552 1122 1586 οἱ
1144 1551 1268 1587 παῖδες

690 1598 697 1608 ἱ

1393 1460 1615 1496 Generaliter
1637 1463 1756 1496 autem
1779 1460 1815 1495 in
1841 1460 2004 1495 omnibus
2036 1461 2096 1504 qui
2127 1470 2191 1506 per
2215 1460 2416 1505 praedictos

1335 1507 1460 1542 modos
1493 1506 1718 1541 deducuntur
1749 1506 1796 1540 ad
1819 1506 2014 1550 legitimum
2044 1507 2100 1541 ius
2124 1509 2211 1541 tunc
2242 1507 2332 1541 haec
2356 1517 2415 1541 vo-

1336 1553 1453 1587 lumus
1485 1551 1664 1594 obtinere,
1698 1551 1780 1586 dum
1813 1553 1849 1586 et
1879 1551 1944 1586 filii
1974 1552 2043 1587 hoc
2066 1553 2186 1587 ratum
2214 1551 2415 1587 habuerint.

187 1596 324 1652 τούτοις
355 1600 546 1650 στέργοιεν.
595 1598 626 1631 εἰ
655 1611 725 1652 γοξρ
751 1597 848 1631 λύειν
879 1597 941 1631 τὰς
965 1595 1268 1641 ὑπεξουσιότητας
1281 1600 1322 1632 25
1336 1597 1428 1632 Nam
1452 1597 1484 1632 Si
1507 1597 1643 1632 solvere
1673 1597 1728 1632 ius
1752 1597 1941 1642 potestatis
1972 1596 2090 1632 invitis
2122 1596 2206 1632 filiis
2239 1607 2311 1632 non
2334 1606 2416 1641 per-

184 1656 353 1677 ακοντων
376 1655 454 1677 των
485 1640 631 1677 παίδων
663 1657 727 1677 ουκ
760 1644 948 1688 ἐφειμένον
983 1645 1060 1677 ἐστὶ
1094 1646 1167 1678 τοῖς
1198 1656 1266 1678 πα-

183 1687 309 1733 τράσι,
349 1687 471 1731 πολλῷ
503 1688 642 1732 μᾶλλον
675 1688 718 1723 τὸ
754 1689 801 1722 εἰς
832 1686 1117 1732 ὑπεξουσιότητα
1146 1692 1268 1734 φέρειν

183 1732 318 1768 ἄκοντα
349 1733 415 1768 τὸν
445 1732 560 1769 παῖδα
590 1736 650 1767 καὶ
679 1733 729 1778 μὴ
753 1732 986 1778 βουλόμενον,
1019 1735 1089 1768 εἴτε
1121 1731 1181 1768 διὰ
1205 1736 1268 1778 τῆς

183 1780 230 1813 εἰς
260 1777 395 1824 βουλὴν
431 1777 629 1814 ἐπιδόσεως
663 1779 735 1814 εἴτε
771 1777 831 1813 διὰ
866 1781 929 1823 τῆς
962 1781 1041 1814 τῶν
1072 1779 1268 1825 προικῴων

1335 1643 1483 1678 missum
1522 1646 1577 1678 est
1614 1642 1794 1688 patribus,
1836 1643 1948 1678 multo
1987 1642 2100 1686 magis
2136 1642 2202 1677 sub
2239 1644 2417 1688 potestate

1336 1688 1494 1733 redigere
1525 1688 1674 1723 invitum
1702 1688 1814 1723 filium
1845 1690 1883 1722 et
1906 1687 2103 1730 nolentem,
2134 1688 2207 1723 sive
2229 1697 2295 1733 per
2317 1688 2416 1723 obla-

1337 1734 1467 1769 tionem
1492 1735 1539 1769 ad
1561 1734 1695 1769 curiam
1725 1733 1797 1769 sive
1820 1744 1887 1778 per
1910 1734 2229 1769 instrumentorum
2259 1733 2417 1768 celebra-

1336 1779 1468 1814 tionem
1488 1779 1561 1814 sive
1576 1789 1640 1824 per
1657 1779 1764 1814 aliam
1782 1778 1977 1824 quamlibet
1993 1778 2304 1822 machinationem,
2325 1781 2417 1814 tam-

185 1823 416 1879 ovpssolafoev
439 1824 618 1869 ποιήσεως
648 1825 719 1859 εἴτε
744 1822 796 1858 δι’
824 1825 944 1870 ἑτέρας
966 1823 1180 1880 οἱαςὸήῖτοτε
1202 1839 1266 1870 μη-
1280 1827 1323 1860 30
1337 1835 1442 1870 quam
1467 1828 1598 1860 sortem
1629 1827 1842 1860 metuentem
1873 1828 2075 1869 paternam,
2108 1824 2243 1860 iustum
2267 1835 2340 1860 non
2363 1827 2419 1859 est

184 1871 308 1913 χανῆς,
340 1872 426 1904 ὶσως
450 1873 510 1904 καὶ
533 1869 645 1914 τύχην
668 1868 816 1904 δεδιότα
840 1869 1030 1916 πατρῴαν,
1061 1884 1101 1904 ου
1126 1869 1267 1905 δίκαιον

185 1913 267 1950 οὐδὲ
290 1915 473 1960 βασιλείας
496 1929 536 1950 τε
559 1919 619 1950 καὶ
642 1916 862 1959 νομοθεσίας
886 1916 1040 1960 τίθεμεν
1071 1914 1174 1950 ἴδιον.

184 1963 205 1996 1
251 1962 296 1995 Εἰ
314 1959 353 1995 δὲ
369 1960 552 1996 πλειόνων
576 1959 699 1996 ὄντων
722 1962 800 1995 τῶν
815 1960 962 1996 παίδων
985 1961 1022 1996 οἱ
1042 1964 1110 2006 μὲν
1126 1961 1265 1996 ἕλοιντο

185 2006 221 2040 οἱ
251 2005 291 2040 δὲ
320 2004 621 2052 παραιτήσαιντο,
652 2006 735 2041 τοὺς
766 2006 952 2051 ἑλομένους
981 2008 1154 2053 γίνεσθαι
1184 2021 1268 2054 γνη-

1336 1880 1451 1916 neque
1474 1870 1612 1915 imperii
1637 1874 1673 1905 et
1696 1870 1928 1915 legislationis
1951 1870 2116 1916 ponimus
2140 1869 2339 1915 proprium.

1335 1963 1356 1997 1
1404 1961 1441 1996 Si
1473 1971 1556 1997 vero
1591 1960 1752 2006 plurimis
1788 1960 2025 1996 existentibus
2061 1959 2142 1996 filiis
2178 1960 2240 1995 alii
2275 1960 2418 2006 quidem

1338 2007 1469 2050 eligant
1503 2007 1563 2042 alii
1598 2008 1788 2051 respuant,
1826 2006 1863 2041 hi
1895 2006 1957 2051 qui
1991 2006 2114 2041 volunt
2148 2005 2294 2051 legitimi
2329 2006 2418 2049 fieri,

187 2055 297 2095 σίους,
320 2064 398 2086 των
415 2050 538 2085 ἄλλων
560 2053 599 2086 ἐν
616 2053 660 2099 τῇ
676 2052 809 2095 νοθείᾳ
827 2052 1028 2096 μενόντων.
1074 2056 1134 2087 καὶ
1149 2050 1266 2087 ταῦτά
1282 2055 1325 2088 35
1339 2053 1417 2087 aliis
1448 2053 1484 2087 in
1505 2052 1583 2087 iure
1606 2052 1763 2087 naturali
1785 2051 2023 2087 manentibus.
2070 2051 2122 2087 Et
2144 2051 2233 2086 haec
2266 2051 2418 2087 dicimus

187 2110 305 2142 φαμεν
336 2094 467 2131 οὐδένα
498 2098 576 2131 τῶν
606 2098 816 2142 ἑζιιπροσθεν
846 2101 1011 2142 νομίμων
1037 2097 1269 2141 ἀναιροῦντες
1337 2098 1473 2132 nullum
1523 2097 1657 2132 riorum
1681 2097 1915 2140 legitimorum
1939 2097 2153 2142 perimentes
2174 2097 2330 2140 modum,
2355 2097 2419 2133 sed

187 2140 347 2187 τρόπων,
381 2139 473 2175 ἀλλὰ
509 2145 569 2176 καὶ
601 2143 732 2176 τοῦτον
762 2143 1017 2188 προςτιθέντες
1053 2147 1126 2176 τοῖς
1154 2142 1271 2177 ἄλλοις
1340 2144 1436 2178 hunc
1468 2152 1490 2177 a
1515 2143 1664 2178 icientes
1696 2142 1774 2177 aliis
1806 2143 1844 2177 in
1877 2142 2005 2194 quibus
2037 2142 2117 2178 illos
2148 2142 2313 2187 accipere
2346 2153 2419 2178 non

188 2185 248 2233 ἐφ’
269 2187 323 2221 ὧν
347 2188 499 2221 ἐκείνους
523 2186 648 2230 λαβεῖν
671 2184 733 2220 οὐκ
758 2189 867 2221 ἔστιν.
916 2184 1009 2221 ὅλως
1023 2187 1091 2234 γὰρ
1106 2192 1268 2234 γνησίων
1336 2188 1430 2223 licet.
1480 2187 1631 2223 Omnino
1667 2187 1761 2223 enim
1798 2187 1962 2232 legitimis
1997 2187 2253 2231 existentibus,
2291 2187 2419 2224 deinde

188 2277 274 2313 licta
297 2276 510 2322 imperatori
534 2286 664 2322 preces
695 2276 840 2328 offerre,
872 2287 966 2327 quae
995 2276 1064 2312 Ιιοο
1087 2276 1210 2312 dicant
1241 2276 1329 2312 velle
1352 2286 1390 2311 se
1413 2276 1601 2311 naturales
1631 2287 1716 2312 suos
1741 2276 1872 2312 liberos
1895 2276 2078 2312 natalibus
2104 2281 2141 2312 et
2155 2277 2342 2323 pristinae
2364 2279 2417 2314 in-

188 2323 366 2368 qenuitati
386 2326 421 2356 et
444 2321 477 2356 le
503 2322 682 2357 itimorum
706 2322 779 2356 iuri
801 2326 1000 2364 restituere,
1023 2325 1064 2356 ut
1079 2320 1143 2356 sub
1155 2325 1340 2367 potestate
1358 2332 1426 2355 sua
1444 2321 1517 2356 sint
1539 2332 1626 2357 neve
1642 2322 1835 2367 quicquam
1856 2333 1879 2357 a
1897 2321 2065 2367 leqitimz's
2085 2321 2207 2357 liberis
2222 2322 2419 2367 differant:

188 2372 224 2403 et
245 2368 312 2403 Ιιοο
333 2367 438 2412 facto
483 2366 573 2403 iberi
596 2365 724 2401 dehinc
755 2366 821 2401 tali
844 2366 986 2402 auxilio
1008 2367 1196 2411 fruantur.
1249 2364 1325 2400 Uno
1350 2366 1443 2401 enim
1467 2365 1536 2401 hoc
1558 2366 1665 2402 modo
1691 2377 1813 2402 omnes
1843 2366 2017 2402 eiusmodi
2046 2372 2201 2403 naturae
2232 2367 2357 2414 lapsus
2384 2372 2419 2403 et

188 2412 410 2448 inventiones
436 2412 474 2447 in
497 2412 543 2446 iis
575 2412 639 2457 qui
661 2411 839 2458 leqitimos
862 2411 995 2447 liberos
1025 2422 1099 2446 non
1123 2411 1255 2446 habent
1276 2410 1495 2454 sanabimus,
1527 2421 1606 2446 cum
1632 2415 1703 2446 tam
1732 2411 1870 2458 exiquo
1894 2411 2054 2447 subsidio
2086 2415 2224 2447 tantum
2247 2412 2417 2459 impetum

188 2462 343 2493 naturae
366 2458 466 2492 corri
490 2468 602 2492 amus,

323 2502 368 2538 X.
417 2468 575 2538 Siqvero
600 2504 712 2548 pater
741 2501 965 2537 naturalium
997 2505 1135 2536 tantum
1167 2501 1361 2537 liberorum
1389 2504 1551 2548 propter
1579 2501 1759 2547 fortuitas
1787 2501 1966 2547 quasdam
1996 2501 2226 2538 necessitates
2255 2502 2325 2539 hoc
2354 2504 2416 2549 fa-

189 2559 269 2584 cere
299 2559 373 2583 non
406 2547 534 2588 valeat,
570 2547 728 2583 moriens
750 2551 869 2583 autem
900 2547 945 2582 de
968 2557 1040 2582 uno
1072 2558 1122 2582 ex
1145 2547 1287 2582 casibus
1315 2556 1430 2598 supra
1462 2546 1568 2582 dictis
1600 2551 1848 2582 testamentum
1870 2547 2014 2592 fecerit,
2046 2547 2170 2583 volens
2194 2547 2326 2584 liberos
2348 2548 2417 2584 sibi

189 2594 369 2639 leqitimos
392 2604 468 2629 esse
490 2602 724 2635 successores,
758 2592 864 2628 liuius
887 2603 1029 2638 quoque
1051 2592 1106 2627 rei
1130 2591 1310 2628 licentiam
1335 2602 1367 2626 ei
1392 2591 1540 2626 damus:
1571 2595 1612 2627 ut
1635 2595 1753 2626 tamen
1776 2592 1829 2626 sic
1853 2602 1996 2637 quoque
2026 2591 2128 2628 liberi
2157 2598 2245 2639 post
2267 2597 2416 2629 mortem

185 2639 308 2685 patris
339 2638 546 2685 supplicent
575 2642 611 2673 et
641 2637 710 2673 boc
740 2637 893 2673 doceant
922 2642 958 2673 et
980 2638 1105 2684 patris
1137 2641 1381 2672 testamentum
1406 2636 1607 2679 ostendant,
1640 2641 1676 2672 et
1705 2635 1854 2672 heredes
1881 2639 2043 2673 existant
2072 2638 2267 2674 secundum
2292 2638 2415 2685 leqem,

189 2688 299 2730 atque
323 2683 392 2718 hoc
415 2683 548 2718 donum
573 2682 729 2719 habeant
751 2687 787 2719 et
807 2684 927 2730 patris
949 2689 985 2718 et
1007 2683 1250 2729 imperatoris,
1274 2681 1331 2716 vel
1354 2681 1452 2727 quod
1473 2681 1566 2717 idem
1590 2685 1642 2717 est
1666 2686 1701 2717 et
1724 2687 1878 2717 naturae
1903 2686 1937 2717 et
1960 2682 2061 2728 leqis.

322 2728 385 2764 XI.
438 2728 589 2764 Omnino
620 2732 740 2763 autem
771 2729 809 2763 in
841 2728 1004 2763 omnibus
1036 2729 1098 2773 qui
1120 2738 1193 2774 per
1221 2738 1335 2774 supra
1366 2726 1482 2762 dictos
1511 2727 1638 2762 modos
1661 2726 1711 2762 ad
1733 2728 1790 2762 ius
1813 2727 2056 2773 leqitimorum
2080 2727 2311 2764 adducuntur
2343 2733 2416 2765 tum

188 2775 328 2810 demum
351 2773 440 2810 baec
463 2773 583 2810 valere
605 2773 781 2816 volumus,
813 2773 877 2809 ubi
897 2773 999 2809 liberi
1023 2783 1095 2818 quo
1123 2785 1167 2809 ue
1190 2783 1233 2808 ea
1256 2775 1340 2807 rata
1364 2772 1526 2807 babeant.
1574 2771 1668 2807 Nam
1691 2773 1726 2807 si
1740 2776 1958 2819 potestatem
1980 2772 2119 2810 solvere
2149 2774 2271 2810 invitis
2295 2773 2417 2810 liberis

187 2831 261 2855 non
285 2822 338 2855 est
355 2819 571 2866 permissum
589 2818 772 2865 patribus,
795 2818 907 2854 multo
931 2819 1048 2865 maqis
1068 2818 1096 2864 fi
1120 2820 1184 2853 'um
1207 2818 1356 2853 invitum
1380 2820 1416 2851 et
1437 2816 1615 2853 nolentem
1637 2817 1703 2853 sub
1717 2821 1934 2864 potestatem
1957 2817 2144 2864 rediqere,
2168 2819 2243 2855 sive
2263 2830 2334 2866 per
2353 2820 2414 2855 ob-

189 2865 359 2901 lationem
383 2866 421 2900 in
445 2864 583 2899 curiam
613 2864 687 2899 sive
704 2875 776 2910 per
800 2865 1062 2909 confectionem
1086 2864 1260 2899 dotalium
1291 2862 1608 2897 instrumentorum
1638 2863 1713 2898 sive
1741 2873 1810 2909 per
1830 2863 1940 2897 alium
1972 2874 2230 2910 quemcumque
2258 2865 2415 2907 modum,

189 2921 268 2945 cum
289 2910 391 2955 forte
410 2910 517 2945 etiam
568 2913 732 2945 aternam
755 2909 1001 2945 condicionem
1024 2913 1176 2951 metuat,
1200 2919 1315 2954 neque
1335 2908 1466 2942 iustum
1490 2917 1605 2953 neque
1623 2908 1854 2954 imperatoris
1877 2912 1942 2943 aut
1960 2908 2201 2961 leqislationis
2216 2911 2415 2957 proprium

188 2958 209 2991 1
254 2955 427 2991 ducimus.
520 2921 565 2990 §i
585 2965 669 2990 vero
688 2955 818 3001 plures
848 2954 923 2990 sint
946 2955 1049 2990 liberi
1080 2959 1116 2990 et
1145 2965 1269 2990 eorum
1301 2952 1366 2987 alii
1395 2951 1573 2987 voluerint
1605 2953 1669 2987 alii
1698 2953 1964 2996 recusaverint,
1993 2954 2020 2988 ii
2040 2954 2104 3000 qui
2124 2954 2306 2991 voluerint
2328 2955 2415 3002 leqi—

189 3001 265 3035 timi
284 3000 393 3044 fiant,
425 3010 503 3035 cum
528 3000 636 3035 ceteri
666 3000 703 3035 in
729 3000 952 3035 naturalium
983 2999 1190 3035 condicione
1213 3001 1391 3034 maneant.
1439 2998 1557 3043 Atque
1581 2997 1668 3033 haec
1691 2998 1843 3033 dicimus
1874 2998 2011 3033 nullum
2042 3010 2092 3035 ex
2113 3000 2305 3046 prioribus
2328 3000 2414 3046 leqi-

192 3045 286 3080 timis
308 3044 423 3079 modis
447 3044 621 3086 tollentes,
653 3044 760 3080 immo
792 3044 887 3080 hunc
915 3044 1087 3080 addentes
1110 3045 1276 3090 reliquis,
1307 3043 1368 3078 ubi
1390 3042 1473 3077 illos
1503 3041 1673 3078 adhibere
1695 3054 1767 3079 non
1792 3043 1885 3079 licet.
1941 3043 2065 3090 Utique
2088 3045 2182 3080 enim
2209 3045 2242 3080 si
2267 3045 2416 3092 leqitimi

236 3135 256 3168 2
281 3130 392 3167 αὐτοῦ
412 3134 483 3167 ML
501 3134 513 3178 ΙΙ
531 3136 590 3178 leq.
612 3130 910 3178 ἀποκαταστῆσαι
929 3136 983 3179 (cf.
998 3147 1017 3171 ς
1030 3143 1060 3169 et
1072 3137 1147 3175 373,
1163 3135 1235 3187 iol?
1258 3134 1270 3180 ΙΙ

1337 3134 1493 3166 fiduciam
1506 3132 1668 3174 (fidutiam
1687 3134 1749 3167 del.
1761 3133 1824 3175 ΤΞ)
1842 3134 1875 3166 R
1885 3134 1948 3168 VT
1962 3134 2132 3167 licentiam
2149 3138 2182 3167 et
2197 3135 2352 3168 fiduciam
2366 3134 2416 3168 R³

192 3181 212 3213 9
233 3177 487 3224 θεραπεύομεν
508 3181 630 3221 373,19
650 3183 661 3223 ΙΙ
681 3183 722 3215 14
743 3177 842 3222 αὑτῷ
864 3177 975 3221 (αὐτῶ
991 3181 1050 3221 L¹)
1067 3182 1130 3221 Le]
1156 3176 1271 3214 οὕτως

1338 3181 1425 3223 vuly.
1446 3178 1458 3222 ΙΙ
1485 3180 1525 3212 16
1549 3178 1849 3221 supplicationibus
1873 3179 1917 3211 Τι
1933 3180 1945 3222 ΙΙ
1964 3182 2093 3212 tantum
2112 3181 2143 3213 R
2160 3180 2173 3224 ss
2190 3181 2289 3213 etiam
2307 3181 2356 3213 sic
2372 3198 2415 3204 —

192 3225 302 3267 M(cf.
317 3226 393 3265 373,
407 3226 456 3266 25)
481 3224 493 3268 ΙΙ
524 3227 562 3258 15
587 3225 696 3258 τοῦτο
723 3227 771 3258 L‘·
797 3225 809 3269 ΙΙ
842 3228 879 3259 17
903 3224 994 3268 μετὰ
1019 3224 1088 3268 τὴν
1112 3226 1176 3258 τοῦ
1202 3237 1270 3259 πα-

191 3268 275 3315 τρὸς
298 3267 467 3312 τελευτὴν
490 3270 521 3302 L
537 3272 548 3310 11
576 3272 616 3304 19
640 3269 733 3303 κατὰ
757 3269 825 3304 τὸν
848 3268 964 3313 νόμον
988 3284 1045 3304 om.
1061 3272 1092 3304 L
1108 3270 1119 3314 ΙΙ
1148 3272 1189 3304 20
1214 3268 1270 3312 δέ]

192 3315 261 3361 γάρ
274 3316 305 3348 L
323 3315 336 3359 u
354 3317 396 3350 25
413 3316 591 3360 στέργειεν
611 3316 642 3348 L
658 3314 670 3359 ΙΙ
690 3317 732 3350 29
749 3313 945 3359 προικῴων
966 3329 1023 3349 om.
1041 3327 1060 3351 ς
1075 3317 1087 3358 ΙΙ
1112 3318 1156 3350 34
1175 3316 1271 3350 *πα-

192 3358 423 3404 ραιτήσοιντο
455 3363 688 3405 (παραίτησιν
711 3360 754 3394 τὸ
780 3362 841 3401 L¹)
868 3362 938 3394 ML
967 3361 979 3404 ΙΙ
1008 3360 1181 3405 γενέσθαι
1208 3362 1237 3394 L
1261 3360 1272 3406 ΙΙ

194 3406 236 3439 36
253 3408 419 3450 νομίμων
436 3418 493 3439 om.
508 3406 539 3438 L
557 3405 570 3449 ss
587 3402 830 3450 ἀναιροῦντες]
855 3407 973 3451 φαμὲν
989 3401 1206 3451 ἀναιροῦμεν
1224 3407 1270 3440 L¹

254 3541 270 3574 1
294 3540 370 3581 hoc]
402 3541 482 3573 haec
505 3541 555 3583 R,
587 3553 646 3574 om.
673 3541 722 3574 T¹
751 3541 763 3585 ΙΙ

195 3583 270 3618 iuro
296 3585 351 3618 Τί*
379 3585 391 3629 ΙΙ
420 3588 441 3620 4
465 3588 514 3627 ex]
540 3587 572 3619 et
595 3597 634 3618 ex
659 3587 692 3619 R
719 3586 732 3630 ΙΙ
761 3589 780 3620 5
805 3597 873 3619 uno
896 3586 957 3626 ΕΒ]
994 3597 1062 3619 una
1085 3586 1270 3629 R¹Vvul9.

198 3639 298 3662 unam
321 3630 372 3663 132
382 3632 414 3664 T
437 3630 449 3675 ΙΙ
477 3634 494 3664 ἰ’
521 3631 665 3664 habeant
689 3631 722 3664 R
749 3632 760 3675 ΙΙ
791 3633 811 3665 8
835 3632 998 3674 impeeum
1031 3631 1084 3664 Va
1153 3634 1192 3666 11
1219 3631 1272 3664 his

200 3673 278 3708 VR¹
291 3675 338 3709 Τι
355 3675 367 3719 ΙΙ
384 3676 589 3709 naturalium
604 3676 810 3710 solummodo
828 3677 861 3710 T
874 3676 887 3721 ΙΙ
906 3678 946 3711 12
967 3677 1046 3709 haec
1065 3676 1099 3709 R
1111 3631 1129 3721 'l'
1147 3678 1187 3710 13
1203 3688 1271 3710 mo-

197 3718 285 3753 riens
308 3719 338 3753 is
360 3723 470 3754 autem
502 3723 552 3757 Va
569 3723 582 3766 11
603 3725 641 3757 15
659 3722 695 3755 in
712 3736 769 3756 om.
787 3723 820 3756 T
826 3721 838 3742 ¹
854 3721 868 3767 ss
885 3721 1078 3764 *fiduciam]
1100 3722 1272 3756 licentiam

791 3540 877 3573 filios
900 3551 976 3573 suos
1002 3541 1034 3574 T
1058 3540 1071 3585 ΙΙ
1097 3541 1117 3575 3
1141 3541 1213 3574 iure
1245 3541 1279 3575 V

1340 3227 1381 3259 19
1404 3224 1567 3267 principis
1589 3223 1624 3256 id
1648 3236 1710 3256 scr.
1735 3223 1785 3255 R²
1809 3226 1842 3257 in
1865 3237 1931 3257 ras·
1958 3226 1978 3258 2
2002 3237 2146 3258 versuum
2165 3225 2177 3269 ΙΙ
2202 3225 2249 3258 sie
2272 3238 2331 3259 om.
2354 3225 2389 3259 V
2403 3224 2416 3271 ΙΙ

1342 3272 1380 3303 17
1407 3271 1485 3302 haec
1510 3268 1584 3310 Ro)
1599 3267 1612 3312 ΙΙ
1635 3267 1849 3301 *dicentibus
1874 3269 1951 3302 libri
1964 3268 1976 3313 ΙΙ
1994 3271 2122 3312 patrem
2145 3269 2193 3303 V¹
2208 3270 2221 3314 ΙΙ
2239 3272 2415 3303 testamen-

1338 3317 1410 3348 tum
1432 3315 1518 3357 vuly.
1536 3313 1548 3357 ΙΙ
1576 3315 1616 3348 19
1641 3314 1780 3355 hocque]
1805 3314 1868 3346 hoc
1889 3314 1968 3348 VT¹
1991 3313 2004 3358 ΙῙ
2030 3314 2153 3347 habent
2173 3316 2204 3347 V
2219 3315 2231 3358 ΙΙ
2253 3315 2341 3348 idem
2366 3317 2416 3349 est

1339 3360 1459 3400 dicere]
1484 3359 1570 3392 idem
1595 3358 1703 3392 dicere
1727 3362 1776 3391 est
1797 3359 1845 3392 V²
1877 3359 1912 3392 id
1936 3360 1984 3392 est
2008 3359 2116 3393 dicere
2144 3360 2210 3393 ΕΤ
2235 3360 2247 3402 ΙΙ
2275 3361 2318 3395 22
2342 3360 2413 3403 qui]

1339 3405 1459 3447 quibus
1481 3405 1544 3438 VT
1545 3403 1617 3445 ¹12²,
1641 3417 1700 3438 om.
1715 3403 1765 3436 12¹
1789 3403 1801 3448 ΙΙ
1829 3415 1888 3447 per
1912 3417 1970 3437 om.
1985 3405 2017 3437 R
2039 3403 2052 3449 ΙΙ
2083 3406 2124 3439 23
2147 3406 2208 3438 hac
2227 3405 2262 3439 V
2280 3407 2292 3448 ΙΙ
2321 3406 2363 3440 25
2386 3405 2415 3438 si

1340 3464 1398 3483 om.
1414 3451 1445 3483 T
1454 3449 1463 3470 ¹
1481 3449 1493 3493 ΙΙ
1511 3451 1553 3483 26
1567 3449 1626 3482 sub
1643 3452 1802 3492 potestate
1816 3449 1848 3482 R
1858 3449 1919 3490 V2]
1942 3452 2104 3492 potestate
2119 3450 2180 3483 sub
2192 3450 2265 3492 (sub
2279 3451 2342 3485 del.
2353 3450 2415 3494 V0)

1346 3496 1396 3529 V²
1427 3495 1488 3528 sub
1512 3497 1705 3538 potestatem
1732 3495 1764 3528 T
1779 3496 1863 3536 vulo.
1892 3494 1905 3538 n
1937 3496 1978 3529 29
2003 3495 2071 3528 sive
2093 3506 2153 3538 per
2176 3495 2276 3529 aliam
2300 3506 2414 3538 quam-

1338 3541 1420 3573 libet
1444 3540 1723 3573 machinationem
1747 3553 1805 3573 om.
1828 3539 1882 3583 ῙῙΙΙ
1901 3541 1944 3573 30
1968 3539 2088 3573 fortem
2107 3540 2142 3573 R
2156 3541 2168 3584 ΙΙ
2188 3542 2229 3576 31
2247 3541 2415 3584 legislato-

1338 3587 1384 3618 ris
1404 3586 1438 3619 V
1455 3585 1467 3629 ΙΙ
1493 3586 1536 3619 34
1560 3584 1689 3626 eligunt
1715 3585 1748 3619 V
1766 3585 1778 3629 ΙΙ
1803 3586 1978 3628 respitiant
2005 3586 2053 3619 Τι
2077 3585 2090 3629 ΙΙ
2114 3585 2165 3618 hii
2190 3585 2319 3631 RVTn
2343 3587 2416 3620 fieri

1339 3630 1414 3672 (filii
1437 3630 1499 3672 R¹)
1520 3630 1604 3671 ΒΤ]
1635 3630 1717 3663 fiant
1739 3633 1836 3674 yloss.
1857 3643 1883 3663 s.
1899 3643 1928 3664 υ.
1944 3630 2004 3673 Τθ,
2035 3630 2124 3673 fieri,
2146 3630 2229 3664 fiant
2249 3632 2381 3676 Vvulq.
2405 3631 2418 3677 ΙΙ

1339 3678 1380 3710 35
1406 3676 1485 3709 haec
1508 3676 1592 3716 ΕΤ]
1617 3676 1679 3708 hoc
1698 3676 1823 3719 Vvulq.
1843 3676 1855 3718 ll
1873 3677 1914 3710 36
1939 3677 2150 3719 propriorum
2170 3675 2244 3722 3¹1
2262 3678 2318 3711 sed
2334 3678 2416 3719 ΒΤ]

1339 3724 1372 3755 et
1392 3720 1451 3766 Vll
1466 3722 1508 3756 38
1532 3721 1632 3762 enim]
1657 3731 1732 3755 cum
1756 3720 1817 3763 12¹,
1842 3734 1900 3755 om.
1918 3722 1969 3755 Ta
