2580 4022
1249 835 1298 897 Ι.

289 958 546 1023 IUSTI
559 959 616 1022 N
627 957 829 1022 IANI
885 959 1054 1022 XIII
1115 958 1435 1023 EDICTA
1494 956 1734 1025 QUAE
1782 949 2279 1020 VOOANTUR.

160 1279 457 1333 ΙΔΙΚΤΟΝ
497 1282 784 1335 ΓΡΑΦΕΝ
833 1283 1002 1336 ΤΟΙΣ
1048 1217 1517 1336 AHANATAXOY
1567 1281 1712 1333 ΓΗΣ
1757 1275 2395 1333 ΘΕΟΦΙΛΕΣΤΑΤΟΙΣ

416 1361 878 1415 ΕΠΙΣΚΟΠΟΙΣ
927 1363 1067 1416 ΚΑΙ
1116 1360 1555 1416 ΟΣΙῼΤΑΤΟΙΣ
1603 1357 2126 1414 ΠΑΤΡΙΑΡΧΑΙΣ.
2419 1375 2439 1406 5

1262 1556 1311 1565 μ.-

1275 1567 1302 1600 Β

162 1631 339 1686 ΠΕΡΙ.
378 1630 520 1684 TOY
558 1632 680 1684 ΜΗ
717 1632 1106 1685 ΠΑΡΕΧΕΙΝ
1145 1633 1332 1686 ΤΟῩΣ
1362 1630 1754 1685 ΑΡΧΟΝΤΑΣ
1786 1629 2111 1683 ΑΣῩΛΙΑΣ
2141 1627 2396 1681 ΛΟΓΟΝ

716 1712 851 1764 Em
899 1711 1308 1764 ΔΗΜΟΣΙΑΙΣ
1354 1709 1839 1766 ΠΡΟΦΑΣΕΣΙΝ.

785 1786 825 1823 Ὁ
849 1788 958 1824 αὐτὸς
980 1788 1150 1834 βασιλεὺς
1170 1788 1322 1836 Ἰωάννῃ
1348 1787 1495 1835 ἐπάρχῳ
1521 1791 1769 1834 πραιτωρίων.

295 1857 608 1901 (Προοίμιον.)
652 1853 712 1890 Ἐκ
743 1857 820 1890 τῶν
845 1853 1122 1899 ἀνενεχθέντων
1142 1855 1229 1901 ἡμῖν
1254 1854 1345 1903 ἀγρά
1379 1868 1425 1890 ως
1448 1856 1548 1901 παρὰ
1573 1857 1634 1899 τῆς
1658 1856 1720 1898 σῆς
1744 1852 1978 1897 ἐνδοξότητος
1997 1854 2171 1899 ἔγνωμεν,
2196 1850 2238 1887 οὗ
2263 1851 2397 1898 μικρὰν
2424 1853 2465 1888 10

162 1904 396 1944 πεποιηκέναι
427 1899 614 1936 δυςκολίαν
644 1902 689 1948 τῇ
721 1903 799 1936 τῶν
830 1899 1016 1945 δημοσίων
1048 1900 1175 1948 φόρων
1206 1902 1335 1944 εἰςκομι
1361 1903 1384 1946 ᾗ
1416 1901 1498 1935 τοὺς
1529 1902 1607 1935 τῶν
1640 1901 1827 1943 ἐπαοχιιῦν
1859 1898 2046 1945 ἄρχοντας,
2079 1898 2129 1932 οἷς
2162 1895 2210 1933 ἂν
2232 1898 2398 1932 ἐθέλοιεν

161 1946 270 1993 λόγον
302 1944 445 1980 ἀσυλίας
476 1950 708 1991 παρέχοντας.
755 1946 825 1989 τὴν
859 1947 897 1986 ἐξ
929 1946 1040 1981 αὐτοῦ
1069 1949 1140 1993 γὰρ
1171 1947 1254 1981 τοὺς
1286 1945 1568 1990 ὑποδεχομένους
1598 1945 1680 1980 τούς
1712 1932 1901 1988 δημοσίους
1931 1943 2060 1990 φόρους
2085 1942 2399 1989 προβαλλομένους

162 1990 367 2037 ἀσφάλειαν
398 1991 446 2035 μὴ
480 1994 676 2035 ἐκπέμπειν
704 1991 746 2026 τὸ
771 1988 826 2026 ἐπ’
853 1991 983 2025 αὐτοὺς
1013 1989 1335 2035 καταβαλλόμενον
1368 1995 1524 2036 χρυσίον,
1556 1990 1729 2032 πλείστην
1754 1988 1793 2024 δὲ
1815 1993 1945 2034 μοῖραν
1970 1987 2098 2023 αὐτοὺς
2122 1991 2398 2034 παρακατέχειν,

160 2039 181 2072 1
228 2039 287 2069 καὶ
319 2034 470 2071 ἐπειδὰν
499 2034 697 2081 ὄφλήσειαν
727 2040 885 2081 χρυσίον,
916 2033 1192 2083 ἄποκεχρῆσθαι
1224 2038 1277 2078 τῷ
1307 2039 1425 2069 κακῶς
1450 2033 1568 2070 αὐτοῖς
1592 2037 1654 2078 τῆς
1678 2032 1823 2068 ἀσυλίας
1847 2036 2081 2079 παρεχομένῳ
2107 2031 2214 2079 λόγῳ.
2264 2036 2396 2068 Θεσπί-

163 2083 271 2125 ζομεν
295 2085 420 2115 τοίνυν
443 2078 539 2123 τῷδε
561 2081 614 2123 τῷ
640 2081 734 2123 θείῳ
760 2082 998 2126 πραγματικῷ
1023 2078 1202 2126 χρώμενοι
1226 2080 1332 2123 τύπῳ
1357 2081 1447 2126 πρὸς
1470 2079 1539 2123 τὴν
1563 2079 1631 2123 σὴν
1656 2076 1847 2124 ὑπεροχήν,
1873 2077 1932 2112 διὰ
1949 2079 2239 2124 προςταγμοίτων
2253 2079 2397 2112 οἰκείων
2425 2080 2464 2111 15

163 2124 411 2171 ἀπαγορεῦσαι
440 2127 532 2160 πᾶσι
563 2128 637 2159 τοῖς
667 2124 934 2170 λαμπροτάτοις
963 2126 1041 2159 τῶν
1071 2127 1256 2170 ἐπαρχιῶν
1287 2123 1434 2169 ἄρχουσι
1459 2123 1569 2171 λόγον
1594 2123 1740 2157 ἀσυλίας
1764 2126 1935 2169 παρέχειν
1958 2125 2018 2157 ἐπὶ
2044 2121 2230 2167 δημοσίαις
2255 2123 2397 2165 αἰτίαις,

164 2168 254 2216 ὑπὲρ
279 2169 319 2205 δὲ
341 2172 420 2205 τῶν
444 2169 640 2204 ἰδιωτικῶν
662 2170 789 2212 μόνων
811 2183 882 2217 προ
912 2169 1034 2204 άσεων
1058 2170 1189 2210 ἐξεῖναι
1213 2168 1330 2204 αὐτοῖς
1361 2173 1435 2204 τοῖς
1459 2168 1637 2214 δεομένοις
1662 2171 1832 2213 παρέχειν
1855 2169 1923 2203 τὸν
1947 2170 2010 2211 τῆς
2036 2167 2183 2202 ἀσυλίας
2205 2167 2316 2214 λόγον
2339 2172 2399 2202 καὶ

163 2217 222 2250 ἐπὶ
255 2215 368 2261 ῥητὸν
398 2214 538 2260 χρόνον,
565 2214 607 2249 οὗ
641 2213 850 2258 δυναμένοις
905 2216 1052 2258 ιηνεκῶς
1080 2212 1196 2249 αὐτὸν
1226 2218 1484 2261 περαιουμένης
1515 2216 1578 2258 τῆς
1607 2214 1835 2260 προθεσμίας
1869 2206 1978 2247 αὖθις
2001 2212 2191 2247 ἀνανεοῦν.
2239 2211 2397 2248 εἰδότων

163 2257 343 2296 ἁπάντων
373 2259 422 2294 ὠς
453 2257 559 2295 οὐδὲν
591 2257 898 2306 ὠφεληθήσονται
928 2260 997 2295 τὸν
1026 2262 1192 2295 τοιοῦτον
1222 2257 1306 2308 παρ’
1333 2259 1456 2295 αὐτῶν
1486 2259 1733 2304 λαμβάνοντες
1762 2257 1884 2306 λόγον,
1911 2255 1988 2293 ἀλλ’
2024 2256 2130 2293 ἄδεια
2154 2260 2256 2293 ἔσται
2282 2261 2396 2293 παντὶ

299 2352 450 2384 Edictum
466 2351 491 2384 I
501 2352 636 2405 ‘Graece
660 2359 749 2385 extat
768 2353 801 2385 in
819 2352 863 2385 M
883 2352 942 2386 hoc
966 2351 1046 2395 loco,
1071 2353 1104 2386 in
1120 2352 1153 2385 L
1172 2359 1249 2395 post
1272 2364 1343 2386 nov.
1358 2352 1458 2395 VIII,
1483 2353 1516 2385 in
1535 2351 1570 2385 B
1584 2351 1617 2395 6,
1629 2357 1658 2393 3,
1671 2357 1719 2384 48.
1733 2357 1769 2384 49
1778 2361 1794 2391 ;
1817 2351 1935 2384 editum
1959 2357 2007 2384 est
2020 2362 2122 2394 supra
2134 2357 2211 2393 post
2226 2362 2297 2383 nov.
2308 2349 2404 2383 VIII

163 2397 218 2440 (p.
238 2397 670 2476 η’ἒᾱῗέίλιήιυιῗΙυῗέίαεεε
694 2448 816 2475 tantum
839 2448 927 2475 extat
949 2442 983 2476 in
1007 2441 1051 2475 M
1062 2443 1097 2485 f.
1117 2443 1210 2476 391⁹.

1270 2585 1297 2621 I

166 2652 500 2704 EDICTUM
527 2652 890 2703 SCRIPTUM
923 2651 1020 2702 AD
1061 2651 1204 2703 ΒΕΘ
1248 2613 1684 2705 ΟᾎΕΙΒΕῙΜΟΒ,
1714 2649 1982 2711 UBJQIJE
2011 2650 2402 2702 TERRARUM

472 2719 855 2771 EPISCOPOS
897 2719 1000 2770 ET
1039 2718 1554 2772 SANOTJSSJMOS
1595 2718 2100 2770 PATRIARCHAS.

254 2976 355 3026 NE
393 2977 794 3028 PRAESJDES
834 2976 926 3027 IN
962 2909 1380 3027 FISCALIIIUS
1423 2976 1665 3027 CAUSIS
1706 2975 1920 3028 ASYLI
1955 2976 2075 3027 IUS
2117 2977 2316 3030 DENT.

827 3054 928 3090 Idem
952 3053 1159 3102 Imperator
1182 3054 1316 3091 Ioanni
1337 3055 1529 3102 praesecto
1550 3056 1751 3102 praetorio.

305 3123 571 3168 Praefatio.
622 3122 684 3158 Ex
708 3123 763 3165 iis,
787 3133 882 3168 quae
904 3122 982 3157 sine
1004 3122 1142 3168 scripto
1167 3133 1190 3157 a
1213 3122 1336 3168 qloria
1361 3125 1423 3157 tua
1447 3121 1497 3157 ad
1518 3132 1586 3156 nos
1609 3122 1727 3157 relata
1749 3125 1846 3164 sunt,
1870 3123 2104 3167 coqnovimus
2126 3134 2200 3158 non
2224 3123 2399 3169 eoeiquam

165 3170 394 3216 publicorum
430 3168 645 3203 tributorum
672 3167 828 3203 illationi
858 3166 1113 3212 difficultatem
1145 3166 1309 3202 attulisse
1338 3166 1608 3212 provinciarum
1633 3166 1836 3213 praesides,
1866 3167 1950 3202 dum
1983 3168 2198 3213 quibuslibet
2224 3169 2280 3203 ius
2304 3169 2400 3214 asyli

170 3215 268 3250 dant.
318 3214 414 3249 Hine
444 3214 537 3248 enim
570 3223 643 3254 eos,
678 3213 742 3258 qui
775 3212 909 3248 tributa
934 3211 1085 3258 publica
1114 3212 1334 3258 suscipiunt,
1364 3211 1434 3247 sibi
1464 3212 1695 3247 securitatem
1725 3212 2022 3257 praetendentes,
2054 3223 2128 3248 non
2157 3214 2400 3248 transmittere

170 3271 300 3294 aarum
331 3258 423 3305 ipsis
445 3258 614 3300 solutum,
646 3257 915 3302 maximamque
932 3262 1080 3302 partem
1104 3256 1205 3302 ipsos
1228 3257 1394 3298 retinere,
1418 3261 1453 3292 et
1477 3267 1556 3291 cum
1589 3267 1731 3298 aarum,
1751 3255 1916 3299 debeant,
1949 3258 2028 3292 iure
2059 3258 2154 3304 asyli
2184 3258 2279 3293 male
2308 3259 2323 3292 i
2349 3259 2401 3293 sis

170 3307 192 3340 1
239 3304 325 3340 dato
350 3303 459 3338 abuti.
509 3302 700 3338 Sancimus
725 3303 838 3348 iyitur
861 3301 930 3336 leae
953 3311 1061 3336 sacra
1080 3311 1154 3347 pra
1182 3301 1314 3336 matiea
1337 3301 1461 3346 forma
1484 3305 1624 3337 utentes
1648 3301 1698 3337 ad
1719 3301 1969 3338 excellentiam
1996 3306 2106 3344 tuam,
2131 3307 2172 3338 ut
2191 3314 2260 3349 per
2282 3268 2400 3339 effeta

170 3360 238 3384 sua
270 3349 432 3384 omnibus
465 3348 676 3382 clarissimis
698 3346 970 3392 provinciaram
991 3345 1158 3392 praesidi
1182 3357 1224 3380 us
1247 3345 1451 3390 interdicat,
1476 3357 1520 3382 ne
1544 3347 1583 3380 in
1603 3346 1790 3391 fiscalibus
1814 3347 1934 3382 causis
1957 3347 2013 3382 ius
2036 3347 2134 3394 asyli
2154 3347 2250 3390 dent,
2276 3348 2341 3384 sed
2361 3350 2400 3383 in

168 3395 324 3441 privatis
346 3393 435 3429 solis
459 3393 579 3428 causis
602 3392 648 3427 iis
673 3392 780 3427 liceat
798 3390 1007 3438 petentibus
1031 3390 1126 3437 asyli
1149 3390 1206 3425 ius
1230 3391 1318 3426 dare
1342 3396 1451 3436 atque
1475 3390 1525 3426 ad
1547 3395 1682 3426 certum
1708 3395 1859 3437 tempus,
1892 3393 1945 3427 ita
1969 3396 2009 3427 ut
2027 3403 2101 3428 non
2125 3393 2161 3428 in
2183 3398 2400 3440 perpetuum

166 3439 311 3486 possint
341 3438 467 3484 elapso
494 3438 616 3484 spatio
647 3447 726 3472 eam
758 3436 876 3471 denuo
908 3445 1092 3471 renovare.
1140 3434 1344 3471 Scientibus
1375 3435 1550 3480 omnibus,
1574 3436 1712 3471 nullum
1733 3436 1899 3482 fractum
1923 3447 1962 3473 se
1985 3447 2061 3473 esse
2082 3443 2334 3485 percepturos,
2367 3449 2398 3474 st

1323 3581 1477 3624 ναμένης
1502 3582 1548 3616 Μ
1565 3582 1578 3625 ΙΙ
1608 3578 1720 3616 αὐτὸν
1743 3584 1934 3627 (παρέχειν
1957 3579 2001 3628 ἢ>
2024 3584 2212 3619 Zachariae
2233 3598 2296 3619 non
2319 3587 2402 3620 male

219 3587 239 3620 9
272 3581 310 3620 ‘0
336 3581 569 3629 αὐτοκράτωρ
593 3580 842 3617 ’Ῑουστινιανὸς
864 3579 1017 3627 Ἰωάννῃ
1041 3594 1109 3615 cum
1130 3582 1254 3615 Serim-

1323 3629 1335 3674 Η
1363 3629 1401 3660 19
1426 3624 1722 3672 ὄφεληθήσονται
1743 3628 1790 3661 Μ

171 3643 249 3674 yero
266 3631 352 3674 vuly.
369 3630 382 3674 ΙΙ
401 3631 614 3674 πραιτωρίῳ
631 3629 681 3670 M,
698 3641 780 3662 corr.
790 3628 978 3661 Zachariae
993 3627 1006 3671 ΙΙ
1028 3628 1067 3661 10
1083 3623 1255 3668 ἇνεχθέν-

173 3687 252 3709 των
272 3676 331 3709 M¹²
348 3675 360 3719 ΙΙ
380 3677 422 3710 16
446 3672 696 3721 ἆπαγορεῦσαί
717 3683 757 3706 σε
781 3674 862 3707 coni.
887 3672 1100 3715 Zachariaefl
1131 3674 1170 3707 18
1197 3668 1255 3705 ὃυ-
1287 3695 1289 3697 .
