<?xml version="1.0" encoding="UTF-8"?>
<!DOCTYPE html PUBLIC "-//W3C//DTD XHTML 1.0 Transitional//EN"
    "http://www.w3.org/TR/xhtml1/DTD/xhtml1-transitional.dtd">
<html xmlns="http://www.w3.org/1999/xhtml" xml:lang="en" lang="en">
 <head>
  <title>
</title>
<meta http-equiv="Content-Type" content="text/html;charset=utf-8" />
  <meta name='ocr-system' content='tesseract 3.04.00' />
  <meta name='ocr-capabilities' content='ocr_page ocr_carea ocr_par ocr_line ocrx_word'/>
</head>
<body>
  <div class='ocr_page' id='page_1' title='image "./corpusiuriscivil03krueuoft_0457.png"; bbox 0 0 2618 4010; ppageno 0'>
   <div class='ocr_carea' id='block_1_1' title="bbox 176 161 965 199">
    <p class='ocr_par' dir='ltr' id='par_1_1' title="bbox 176 161 965 199">
     <span class='ocr_line' id='line_1_1' title="bbox 176 161 965 199; baseline 0.001 -7"><span class='ocrx_word' id='word_1_1' title='bbox 176 161 611 194; x_wconf 85' lang='lat' dir='ltr'>DENUNTIATIONIBUS</span> <span class='ocrx_word' id='word_1_2' title='bbox 640 162 965 199; x_wconf 87' lang='lat' dir='ltr'>INQUILINORUM</span> 
     </span>
    </p>
   </div>
   <div class='ocr_carea' id='block_1_2' title="bbox 1094 207 1224 213">
    <p class='ocr_par' dir='ltr' id='par_1_2' title="bbox 1094 207 1224 213">
     <span class='ocr_line' id='line_1_2' title="bbox 1094 207 1224 213; baseline 0 0"><span class='ocrx_word' id='word_1_3' title='bbox 1094 207 1224 213; x_wconf 95' lang='lat' dir='ltr'><strong> </strong></span> 
     </span>
    </p>
   </div>
   <div class='ocr_carea' id='block_1_3' title="bbox 177 259 1258 669">
    <p class='ocr_par' dir='ltr' id='par_1_3' title="bbox 177 259 1258 669">
     <span class='ocr_line' id='line_1_3' title="bbox 178 259 1258 316; baseline -0.003 -20"><span class='ocrx_word' id='word_1_4' title='bbox 178 260 343 316; x_wconf 65' lang='grc' dir='ltr'><strong><em>λομένους</em></strong></span> <span class='ocrx_word' id='word_1_5' title='bbox 366 259 622 305; x_wconf 66' lang='grc' dir='ltr'><strong><em>ἀπαρτηθῆναι</em></strong></span> <span class='ocrx_word' id='word_1_6' title='bbox 640 262 708 303; x_wconf 80' lang='grc' dir='ltr'><strong>τὴν</strong></span> <span class='ocrx_word' id='word_1_7' title='bbox 726 265 895 308; x_wconf 58' lang='grc' dir='ltr'><strong><em>χορηγίαν</em></strong></span> <span class='ocrx_word' id='word_1_8' title='bbox 919 264 977 294; x_wconf 82' lang='grc' dir='ltr'><strong>καὶ</strong></span> <span class='ocrx_word' id='word_1_9' title='bbox 994 261 1061 295; x_wconf 84' lang='grc' dir='ltr'><strong>τὸν</strong></span> <span class='ocrx_word' id='word_1_10' title='bbox 1086 261 1258 295; x_wconf 71' lang='grc' dir='ltr'><strong><em>ἐντεῦθεν</em></strong></span> 
     </span>
     <span class='ocr_line' id='line_1_4' title="bbox 177 304 1257 353; baseline 0.001 -14"><span class='ocrx_word' id='word_1_11' title='bbox 177 321 292 351; x_wconf 58' lang='grc' dir='ltr'><strong><em>μονον</em></strong></span> <span class='ocrx_word' id='word_1_12' title='bbox 309 304 355 341; x_wconf 73' lang='grc' dir='ltr'><strong>ὡς</strong></span> <span class='ocrx_word' id='word_1_13' title='bbox 375 307 465 340; x_wconf 80' lang='grc' dir='ltr'><strong><em>εἰκὸς</em></strong></span> <span class='ocrx_word' id='word_1_14' title='bbox 486 306 709 352; x_wconf 59' lang='grc' dir='ltr'><strong><em>τρεφόμενοι·</em></strong></span> <span class='ocrx_word' id='word_1_15' title='bbox 727 306 973 352; x_wconf 60' lang='grc' dir='ltr'><strong><em>ἀποστερῆσαι</em></strong></span> <span class='ocrx_word' id='word_1_16' title='bbox 999 308 1062 350; x_wconf 74' lang='grc' dir='ltr'><strong>τῆς</strong></span> <span class='ocrx_word' id='word_1_17' title='bbox 1084 310 1257 353; x_wconf 78' lang='grc' dir='ltr'><strong><em>χορηγίας,</em></strong></span> 
     </span>
     <span class='ocr_line' id='line_1_5' title="bbox 178 348 1257 398; baseline -0.001 -12"><span class='ocrx_word' id='word_1_18' title='bbox 178 351 227 387; x_wconf 82' lang='grc' dir='ltr'><strong>δι’</strong></span> <span class='ocrx_word' id='word_1_19' title='bbox 254 350 294 395; x_wconf 80' lang='grc' dir='ltr'><strong>ἡς</strong></span> <span class='ocrx_word' id='word_1_20' title='bbox 318 348 415 394; x_wconf 67' lang='grc' dir='ltr'><strong><em>αὐτῷ</em></strong></span> <span class='ocrx_word' id='word_1_21' title='bbox 442 353 542 386; x_wconf 87' lang='grc' dir='ltr'><strong><em>πᾶσα</em></strong></span> <span class='ocrx_word' id='word_1_22' title='bbox 574 355 760 397; x_wconf 75' lang='grc' dir='ltr'><strong><em>πορίζεται</em></strong></span> <span class='ocrx_word' id='word_1_23' title='bbox 790 354 854 386; x_wconf 84' lang='grc' dir='ltr'><strong>τοῦ</strong></span> <span class='ocrx_word' id='word_1_24' title='bbox 880 357 958 395; x_wconf 83' lang='grc' dir='ltr'><strong><em>βίου</em></strong></span> <span class='ocrx_word' id='word_1_25' title='bbox 982 351 1171 398; x_wconf 80' lang='grc' dir='ltr'><strong><em>πρόφασις.</em></strong></span> <span class='ocrx_word' id='word_1_26' title='bbox 1215 350 1257 385; x_wconf 83' lang='grc' dir='ltr'><strong>τὸ</strong></span> 
     </span>
     <span class='ocr_line' id='line_1_6' title="bbox 178 394 1256 444; baseline -0.001 -13"><span class='ocrx_word' id='word_1_27' title='bbox 178 396 217 431; x_wconf 79' lang='grc' dir='ltr'><strong><em>δὲ</em></strong></span> <span class='ocrx_word' id='word_1_28' title='bbox 244 399 298 431; x_wconf 73' lang='grc' dir='ltr'><strong>ἔτι</strong></span> <span class='ocrx_word' id='word_1_29' title='bbox 329 395 457 430; x_wconf 80' lang='grc' dir='ltr'><strong><em>τούτου</em></strong></span> <span class='ocrx_word' id='word_1_30' title='bbox 486 396 738 444; x_wconf 82' lang='grc' dir='ltr'><strong><em>χαλεπώτερον</em></strong></span> <span class='ocrx_word' id='word_1_31' title='bbox 772 402 831 431; x_wconf 82' lang='grc' dir='ltr'><strong>καὶ</strong></span> <span class='ocrx_word' id='word_1_32' title='bbox 857 396 1116 444; x_wconf 81' lang='grc' dir='ltr'><strong><em>δυςκολώτερον</em></strong></span> <span class='ocrx_word' id='word_1_33' title='bbox 1144 394 1256 430; x_wconf 84' lang='grc' dir='ltr'><strong><em>ἐκεῖνό</em></strong></span> 
     </span>
     <span class='ocr_line' id='line_1_7' title="bbox 178 440 1257 489; baseline 0 -13"><span class='ocrx_word' id='word_1_34' title='bbox 178 445 264 477; x_wconf 80' lang='grc' dir='ltr'><strong><em>ἐστι.</em></strong></span> <span class='ocrx_word' id='word_1_35' title='bbox 312 440 436 476; x_wconf 88' lang='grc' dir='ltr'><strong><em>πολλοὶ</em></strong></span> <span class='ocrx_word' id='word_1_36' title='bbox 464 443 534 489; x_wconf 82' lang='grc' dir='ltr'><strong>γὰρ</strong></span> <span class='ocrx_word' id='word_1_37' title='bbox 567 447 639 477; x_wconf 80' lang='grc' dir='ltr'><strong><em>τοῖς</em></strong></span> <span class='ocrx_word' id='word_1_38' title='bbox 669 444 780 478; x_wconf 85' lang='grc' dir='ltr'><strong><em>οἰκίας</em></strong></span> <span class='ocrx_word' id='word_1_39' title='bbox 811 446 1035 488; x_wconf 71' lang='grc' dir='ltr'><strong><em>κεκτημένοις</em></strong></span> <span class='ocrx_word' id='word_1_40' title='bbox 1058 442 1151 477; x_wconf 86' lang='grc' dir='ltr'><strong><em>κατὰ</em></strong></span> <span class='ocrx_word' id='word_1_41' title='bbox 1174 440 1257 477; x_wconf 89' lang='grc' dir='ltr'><strong><em>ταύ-</em></strong></span> 
     </span>
     <span class='ocr_line' id='line_1_8' title="bbox 177 485 1255 533; baseline 0 -11"><span class='ocrx_word' id='word_1_42' title='bbox 177 501 244 531; x_wconf 91' lang='grc' dir='ltr'><strong>την</strong></span> <span class='ocrx_word' id='word_1_43' title='bbox 273 487 341 530; x_wconf 84' lang='grc' dir='ltr'><strong>τὴν</strong></span> <span class='ocrx_word' id='word_1_44' title='bbox 372 485 569 532; x_wconf 76' lang='grc' dir='ltr'><strong><em>εὐδαίμονα</em></strong></span> <span class='ocrx_word' id='word_1_45' title='bbox 594 485 704 524; x_wconf 91' lang='grc' dir='ltr'><strong><em>πόλιν</em></strong></span> <span class='ocrx_word' id='word_1_46' title='bbox 735 492 1011 533; x_wconf 75' lang='grc' dir='ltr'><strong><em>βασκαίνοντες,</em></strong></span> <span class='ocrx_word' id='word_1_47' title='bbox 1040 485 1147 531; x_wconf 80' lang='grc' dir='ltr'><strong><em>ἡνίκα</em></strong></span> <span class='ocrx_word' id='word_1_48' title='bbox 1177 486 1255 532; x_wconf 83' lang='grc' dir='ltr'><strong><em>με’λ-</em></strong></span> 
     </span>
     <span class='ocr_line' id='line_1_9' title="bbox 178 531 1254 580; baseline 0.001 -13"><span class='ocrx_word' id='word_1_49' title='bbox 178 533 273 567; x_wconf 85' lang='grc' dir='ltr'><strong><em>λοιεν</em></strong></span> <span class='ocrx_word' id='word_1_50' title='bbox 296 531 342 566; x_wconf 80' lang='grc' dir='ltr'><strong>τὰ</strong></span> <span class='ocrx_word' id='word_1_51' title='bbox 367 533 586 579; x_wconf 87' lang='grc' dir='ltr'><strong><em>στεγονόμια</em></strong></span> <span class='ocrx_word' id='word_1_52' title='bbox 602 533 702 580; x_wconf 86' lang='grc' dir='ltr'><strong><em>παροὶ</em></strong></span> <span class='ocrx_word' id='word_1_53' title='bbox 728 535 805 569; x_wconf 79' lang='grc' dir='ltr'><strong>τῶν</strong></span> <span class='ocrx_word' id='word_1_54' title='bbox 828 532 1028 568; x_wconf 81' lang='grc' dir='ltr'><strong><em>οἰκούντων</em></strong></span> <span class='ocrx_word' id='word_1_55' title='bbox 1044 532 1254 578; x_wconf 79' lang='grc' dir='ltr'><strong><em>λαμβάνειν,</em></strong></span> 
     </span>
     <span class='ocr_line' id='line_1_10' title="bbox 177 577 1255 626; baseline 0.001 -15"><span class='ocrx_word' id='word_1_56' title='bbox 177 577 436 623; x_wconf 78' lang='grc' dir='ltr'><strong><em>ἐπηρεάζουσιν</em></strong></span> <span class='ocrx_word' id='word_1_57' title='bbox 468 580 702 626; x_wconf 80' lang='grc' dir='ltr'><strong><em>ἐκμαρτυρίας</em></strong></span> <span class='ocrx_word' id='word_1_58' title='bbox 733 583 807 614; x_wconf 85' lang='grc' dir='ltr'><strong><em>τοῖς</em></strong></span> <span class='ocrx_word' id='word_1_59' title='bbox 838 580 1015 614; x_wconf 73' lang='grc' dir='ltr'><strong><em>ἐνοικοῦσι</em></strong></span> <span class='ocrx_word' id='word_1_60' title='bbox 1039 577 1255 620; x_wconf 74' lang='grc' dir='ltr'><strong><em>στέλλοντες,</em></strong></span> 
     </span>
     <span class='ocr_line' id='line_1_11' title="bbox 177 620 1255 669; baseline 0 -12"><span class='ocrx_word' id='word_1_61' title='bbox 177 620 264 657; x_wconf 67' lang='lat' dir='ltr'><strong>siim</strong></span> <span class='ocrx_word' id='word_1_62' title='bbox 288 623 336 666; x_wconf 87' lang='grc' dir='ltr'><strong>μὴ</strong></span> <span class='ocrx_word' id='word_1_63' title='bbox 358 624 577 669; x_wconf 75' lang='grc' dir='ltr'><strong><em>καταβαλεῖν</em></strong></span> <span class='ocrx_word' id='word_1_64' title='bbox 603 623 664 660; x_wconf 81' lang='grc' dir='ltr'><strong><em>ἐπ’</em></strong></span> <span class='ocrx_word' id='word_1_65' title='bbox 694 622 837 659; x_wconf 75' lang='grc' dir='ltr'><strong><em>αὐτούς·</em></strong></span> <span class='ocrx_word' id='word_1_66' title='bbox 867 624 903 659; x_wconf 79' lang='grc' dir='ltr'><strong>οἱ</strong></span> <span class='ocrx_word' id='word_1_67' title='bbox 931 622 972 658; x_wconf 75' lang='grc' dir='ltr'><strong><em>δὲ</em></strong></span> <span class='ocrx_word' id='word_1_68' title='bbox 1000 622 1148 668; x_wconf 79' lang='grc' dir='ltr'><strong><em>ἅσμενοι</em></strong></span> <span class='ocrx_word' id='word_1_69' title='bbox 1173 624 1255 658; x_wconf 83' lang='grc' dir='ltr'><strong><em>ταύ-</em></strong></span> 
     </span>
    </p>
   </div>
   <div class='ocr_carea' id='block_1_4' title="bbox 1246 145 1330 193">
    <p class='ocr_par' dir='ltr' id='par_1_4' title="bbox 1246 145 1330 193">
     <span class='ocr_line' id='line_1_12' title="bbox 1246 145 1330 193; baseline 0 -1"><span class='ocrx_word' id='word_1_70' title='bbox 1246 145 1330 193; x_wconf 82' lang='lat'><strong>427</strong></span> 
     </span>
    </p>
   </div>
   <div class='ocr_carea' id='block_1_5' title="bbox 1953 148 2403 192">
    <p class='ocr_par' dir='ltr' id='par_1_5' title="bbox 1953 148 2403 192">
     <span class='ocr_line' id='line_1_13' title="bbox 1953 148 2403 192; baseline -0.007 0"><span class='ocrx_word' id='word_1_71' title='bbox 1953 149 2061 192; x_wconf 83' lang='lat' dir='ltr'>NOV.</span> <span class='ocrx_word' id='word_1_72' title='bbox 2083 148 2345 192; x_wconf 88' lang='lat' dir='ltr'>LXXXVIII</span> <span class='ocrx_word' id='word_1_73' title='bbox 2378 150 2403 189; x_wconf 83' lang='lat'><strong>2</strong></span> 
     </span>
    </p>
   </div>
   <div class='ocr_carea' id='block_1_6' title="bbox 1295 260 2406 670">
    <p class='ocr_par' dir='ltr' id='par_1_6' title="bbox 1295 260 2406 670">
     <span class='ocr_line' id='line_1_14' title="bbox 1327 260 2404 307; baseline -0.001 -11"><span class='ocrx_word' id='word_1_74' title='bbox 1327 260 1459 296; x_wconf 88' lang='lat' dir='ltr'><strong>tionem</strong></span> <span class='ocrx_word' id='word_1_75' title='bbox 1474 261 1545 307; x_wconf 88' lang='lat' dir='ltr'><strong>&lt;et&gt;</strong></span> <span class='ocrx_word' id='word_1_76' title='bbox 1560 270 1621 297; x_wconf 90' lang='lat' dir='ltr'><strong>eos</strong></span> <span class='ocrx_word' id='word_1_77' title='bbox 1639 261 1699 306; x_wconf 88' lang='lat' dir='ltr'><strong>qui</strong></span> <span class='ocrx_word' id='word_1_78' title='bbox 1716 270 1759 296; x_wconf 84' lang='lat' dir='ltr'><strong>ex</strong></span> <span class='ocrx_word' id='word_1_79' title='bbox 1775 261 1844 297; x_wconf 93' lang='lat' dir='ltr'><strong>hoc</strong></span> <span class='ocrx_word' id='word_1_80' title='bbox 1861 261 2082 297; x_wconf 82' lang='lat' dir='ltr'>solummodo</span> <span class='ocrx_word' id='word_1_81' title='bbox 2100 261 2223 296; x_wconf 85' lang='lat' dir='ltr'>forsan</span> <span class='ocrx_word' id='word_1_82' title='bbox 2241 260 2404 296; x_wconf 90' lang='lat' dir='ltr'><strong>nutriun-</strong></span> 
     </span>
     <span class='ocr_line' id='line_1_15' title="bbox 1327 305 2405 353; baseline -0.001 -12"><span class='ocrx_word' id='word_1_83' title='bbox 1327 308 1386 341; x_wconf 87' lang='lat' dir='ltr'><strong>tur</strong></span> <span class='ocrx_word' id='word_1_84' title='bbox 1417 306 1622 342; x_wconf 86' lang='lat' dir='ltr'><strong>defraudari</strong></span> <span class='ocrx_word' id='word_1_85' title='bbox 1653 306 1970 350; x_wconf 80' lang='lat' dir='ltr'>administratione,</span> <span class='ocrx_word' id='word_1_86' title='bbox 2003 317 2067 353; x_wconf 90' lang='lat' dir='ltr'><strong>per</strong></span> <span class='ocrx_word' id='word_1_87' title='bbox 2091 317 2195 352; x_wconf 87' lang='lat' dir='ltr'><strong>quam</strong></span> <span class='ocrx_word' id='word_1_88' title='bbox 2229 306 2260 342; x_wconf 87' lang='lat' dir='ltr'><strong>ei</strong></span> <span class='ocrx_word' id='word_1_89' title='bbox 2291 305 2405 341; x_wconf 92' lang='lat' dir='ltr'><strong>omnis</strong></span> 
     </span>
     <span class='ocr_line' id='line_1_16' title="bbox 1329 351 2406 388; baseline -0.001 -2"><span class='ocrx_word' id='word_1_90' title='bbox 1329 351 1497 387; x_wconf 84' lang='lat' dir='ltr'><strong>tribuitur</strong></span> <span class='ocrx_word' id='word_1_91' title='bbox 1521 353 1618 388; x_wconf 87' lang='lat' dir='ltr'><strong>vitae</strong></span> <span class='ocrx_word' id='word_1_92' title='bbox 1642 352 1796 388; x_wconf 82' lang='lat' dir='ltr'>occasio.</span> <span class='ocrx_word' id='word_1_93' title='bbox 1844 352 1938 387; x_wconf 90' lang='lat' dir='ltr'><strong>Huic</strong></span> <span class='ocrx_word' id='word_1_94' title='bbox 1962 356 2081 388; x_wconf 89' lang='lat' dir='ltr'><strong>autem</strong></span> <span class='ocrx_word' id='word_1_95' title='bbox 2106 352 2158 388; x_wconf 92' lang='lat' dir='ltr'><strong>rei</strong></span> <span class='ocrx_word' id='word_1_96' title='bbox 2181 351 2338 388; x_wconf 90' lang='lat' dir='ltr'><strong>severius</strong></span> <span class='ocrx_word' id='word_1_97' title='bbox 2370 354 2406 386; x_wconf 91' lang='lat' dir='ltr'><strong>et</strong></span> 
     </span>
     <span class='ocr_line' id='line_1_17' title="bbox 1329 396 2404 443; baseline 0 -12"><span class='ocrx_word' id='word_1_98' title='bbox 1329 396 1508 433; x_wconf 88' lang='lat' dir='ltr'><strong>difficilius</strong></span> <span class='ocrx_word' id='word_1_99' title='bbox 1527 397 1613 433; x_wconf 90' lang='lat' dir='ltr'><strong>illud</strong></span> <span class='ocrx_word' id='word_1_100' title='bbox 1634 401 1697 432; x_wconf 90' lang='lat' dir='ltr'><strong>est.</strong></span> <span class='ocrx_word' id='word_1_101' title='bbox 1745 397 1852 432; x_wconf 87' lang='lat' dir='ltr'><strong>Multi</strong></span> <span class='ocrx_word' id='word_1_102' title='bbox 1873 397 1964 433; x_wconf 87' lang='lat' dir='ltr'><strong>enim</strong></span> <span class='ocrx_word' id='word_1_103' title='bbox 1989 398 2112 433; x_wconf 85' lang='lat' dir='ltr'><strong>domos</strong></span> <span class='ocrx_word' id='word_1_104' title='bbox 2136 396 2404 443; x_wconf 83' lang='lat' dir='ltr'><strong>possidentibus</strong></span> 
     </span>
     <span class='ocr_line' id='line_1_18' title="bbox 1295 442 2404 485; baseline -0.001 -8"><span class='ocrx_word' id='word_1_105' title='bbox 1295 442 1363 477; x_wconf 87' lang='lat' dir='ltr'><strong>5in</strong></span> <span class='ocrx_word' id='word_1_106' title='bbox 1394 443 1462 478; x_wconf 89' lang='lat' dir='ltr'><strong>hac</strong></span> <span class='ocrx_word' id='word_1_107' title='bbox 1491 442 1696 479; x_wconf 86' lang='lat' dir='ltr'><strong>felicissima</strong></span> <span class='ocrx_word' id='word_1_108' title='bbox 1725 442 1868 478; x_wconf 88' lang='lat' dir='ltr'><strong>civitate</strong></span> <span class='ocrx_word' id='word_1_109' title='bbox 1898 443 2062 485; x_wconf 84' lang='lat' dir='ltr'><strong>[inbatiti]</strong></span> <span class='ocrx_word' id='word_1_110' title='bbox 2094 443 2290 479; x_wconf 85' lang='lat' dir='ltr'><strong>invidentes</strong></span> <span class='ocrx_word' id='word_1_111' title='bbox 2322 452 2404 477; x_wconf 83' lang='lat' dir='ltr'><strong>mox</strong></span> 
     </span>
     <span class='ocr_line' id='line_1_19' title="bbox 1325 487 2402 541; baseline 0 -19"><span class='ocrx_word' id='word_1_112' title='bbox 1325 488 1455 524; x_wconf 87' lang='lat' dir='ltr'><strong>futuris</strong></span> <span class='ocrx_word' id='word_1_113' title='bbox 1488 488 1678 534; x_wconf 87' lang='lat' dir='ltr'><strong>pensiones</strong></span> <span class='ocrx_word' id='word_1_114' title='bbox 1709 488 1755 523; x_wconf 88' lang='lat' dir='ltr'><strong>ab</strong></span> <span class='ocrx_word' id='word_1_115' title='bbox 1779 488 1961 533; x_wconf 90' lang='lat' dir='ltr'><strong>inquilinis</strong></span> <span class='ocrx_word' id='word_1_116' title='bbox 1993 488 2158 541; x_wconf 84' lang='lat' dir='ltr'><strong>accipere</strong></span> <span class='ocrx_word' id='word_1_117' title='bbox 2183 487 2402 524; x_wconf 88' lang='lat' dir='ltr'><strong>calumnian-</strong></span> 
     </span>
     <span class='ocr_line' id='line_1_20' title="bbox 1325 533 2402 578; baseline -0.002 -9"><span class='ocrx_word' id='word_1_118' title='bbox 1325 536 1385 569; x_wconf 89' lang='lat' dir='ltr'><strong>tur</strong></span> <span class='ocrx_word' id='word_1_119' title='bbox 1415 544 1480 578; x_wconf 88' lang='lat' dir='ltr'><strong>per</strong></span> <span class='ocrx_word' id='word_1_120' title='bbox 1507 533 1776 569; x_wconf 76' lang='lat' dir='ltr'><strong>interdictiones</strong></span> <span class='ocrx_word' id='word_1_121' title='bbox 1807 533 1987 578; x_wconf 89' lang='lat' dir='ltr'><strong>inquilinis</strong></span> <span class='ocrx_word' id='word_1_122' title='bbox 2018 534 2225 578; x_wconf 79' lang='lat' dir='ltr'><strong>dirlgentes‚</strong></span> <span class='ocrx_word' id='word_1_123' title='bbox 2261 537 2303 568; x_wconf 86' lang='lat' dir='ltr'><strong>ut</strong></span> <span class='ocrx_word' id='word_1_124' title='bbox 2331 543 2402 568; x_wconf 92' lang='lat' dir='ltr'><strong>non</strong></span> 
     </span>
     <span class='ocr_line' id='line_1_21' title="bbox 1324 578 2403 623; baseline 0 -10"><span class='ocrx_word' id='word_1_125' title='bbox 1324 579 1480 614; x_wconf 88' lang='lat' dir='ltr'><strong>inferant</strong></span> <span class='ocrx_word' id='word_1_126' title='bbox 1504 579 1574 623; x_wconf 80' lang='lat' dir='ltr'><strong>eis3</strong></span> <span class='ocrx_word' id='word_1_127' title='bbox 1605 579 1657 614; x_wconf 94' lang='lat' dir='ltr'><strong>illi</strong></span> <span class='ocrx_word' id='word_1_128' title='bbox 1680 589 1762 615; x_wconf 84' lang='lat' dir='ltr'><strong>vero</strong></span> <span class='ocrx_word' id='word_1_129' title='bbox 1787 579 1882 614; x_wconf 86' lang='lat' dir='ltr'><strong>ultro</strong></span> <span class='ocrx_word' id='word_1_130' title='bbox 1907 588 1967 614; x_wconf 86' lang='lat' dir='ltr'><strong>eas</strong></span> <span class='ocrx_word' id='word_1_131' title='bbox 1991 579 2226 623; x_wconf 85' lang='lat' dir='ltr'><strong>suscipientes</strong></span> <span class='ocrx_word' id='word_1_132' title='bbox 2260 578 2403 623; x_wconf 86' lang='lat' dir='ltr'><strong>quidam</strong></span> 
     </span>
     <span class='ocr_line' id='line_1_22' title="bbox 1325 624 2402 670; baseline -0.001 -11"><span class='ocrx_word' id='word_1_133' title='bbox 1325 628 1471 669; x_wconf 89' lang='lat' dir='ltr'><strong>propter</strong></span> <span class='ocrx_word' id='word_1_134' title='bbox 1493 624 1648 670; x_wconf 81' lang='lat' dir='ltr'><strong>inopiam</strong></span> <span class='ocrx_word' id='word_1_135' title='bbox 1679 624 1804 660; x_wconf 83' lang='lat' dir='ltr'><strong>forsan</strong></span> <span class='ocrx_word' id='word_1_136' title='bbox 1830 624 2019 659; x_wconf 89' lang='lat' dir='ltr'><strong>comedunt</strong></span> <span class='ocrx_word' id='word_1_137' title='bbox 2043 634 2120 664; x_wconf 83' lang='lat' dir='ltr'><strong>eas,</strong></span> <span class='ocrx_word' id='word_1_138' title='bbox 2154 624 2295 669; x_wconf 89' lang='lat' dir='ltr'><strong>quidam</strong></span> <span class='ocrx_word' id='word_1_139' title='bbox 2319 633 2402 658; x_wconf 91' lang='lat' dir='ltr'><strong>vero</strong></span> 
     </span>
    </p>
   </div>
   <div class='ocr_carea' id='block_1_7' title="bbox 175 665 2404 717">
    <p class='ocr_par' dir='ltr' id='par_1_7' title="bbox 175 665 2404 717">
     <span class='ocr_line' id='line_1_23' title="bbox 175 665 2404 717; baseline 0 -14"><span class='ocrx_word' id='word_1_140' title='bbox 175 680 238 703; x_wconf 85' lang='grc' dir='ltr'><strong>τας</strong></span> <span class='ocrx_word' id='word_1_141' title='bbox 261 665 448 712; x_wconf 80' lang='grc' dir='ltr'><strong><em>δεξάμενοι</em></strong></span> <span class='ocrx_word' id='word_1_142' title='bbox 472 669 507 704; x_wconf 89' lang='grc' dir='ltr'><strong>οἱ</strong></span> <span class='ocrx_word' id='word_1_143' title='bbox 528 672 594 714; x_wconf 77' lang='grc' dir='ltr'><strong>μὲν</strong></span> <span class='ocrx_word' id='word_1_144' title='bbox 619 668 671 704; x_wconf 79' lang='grc' dir='ltr'><strong>δι’</strong></span> <span class='ocrx_word' id='word_1_145' title='bbox 699 669 855 717; x_wconf 80' lang='grc' dir='ltr'><strong><em>ἀπορίαν</em></strong></span> <span class='ocrx_word' id='word_1_146' title='bbox 884 670 970 704; x_wconf 78' lang='grc' dir='ltr'><strong><em>ἴσως</em></strong></span> <span class='ocrx_word' id='word_1_147' title='bbox 998 670 1256 704; x_wconf 75' lang='grc' dir='ltr'><strong><em>κατεσθίουσιν</em></strong></span> <span class='ocrx_word' id='word_1_148' title='bbox 1273 672 1312 705; x_wconf 89' lang='grc'><strong>10</strong></span> <span class='ocrx_word' id='word_1_149' title='bbox 1326 671 1432 705; x_wconf 84' lang='lat' dir='ltr'><strong>etiam</strong></span> <span class='ocrx_word' id='word_1_150' title='bbox 1465 671 1585 705; x_wconf 79' lang='lat' dir='ltr'><strong>exules</strong></span> <span class='ocrx_word' id='word_1_151' title='bbox 1617 680 1640 704; x_wconf 80' lang='lat' dir='ltr'><strong>a</strong></span> <span class='ocrx_word' id='word_1_152' title='bbox 1663 680 1792 715; x_wconf 84' lang='lat' dir='ltr'><strong>magna</strong></span> <span class='ocrx_word' id='word_1_153' title='bbox 1822 669 1890 705; x_wconf 86' lang='lat' dir='ltr'><strong>hac</strong></span> <span class='ocrx_word' id='word_1_154' title='bbox 1914 669 2006 705; x_wconf 76' lang='lat' dir='ltr'><strong>fiunt</strong></span> <span class='ocrx_word' id='word_1_155' title='bbox 2029 669 2181 711; x_wconf 77' lang='lat' dir='ltr'><strong>civitate,</strong></span> <span class='ocrx_word' id='word_1_156' title='bbox 2213 672 2250 704; x_wconf 81' lang='lat' dir='ltr'><strong>et</strong></span> <span class='ocrx_word' id='word_1_157' title='bbox 2273 668 2404 704; x_wconf 80' lang='lat' dir='ltr'><strong>decidit</strong></span> 
     </span>
    </p>
   </div>
   <div class='ocr_carea' id='block_1_8' title="bbox 174 711 1258 1134">
    <p class='ocr_par' dir='ltr' id='par_1_8' title="bbox 174 711 1258 1134">
     <span class='ocr_line' id='line_1_24' title="bbox 176 711 1256 762; baseline 0.003 -16"><span class='ocrx_word' id='word_1_158' title='bbox 176 711 281 756; x_wconf 76' lang='grc' dir='ltr'><strong><em>αὐτά,</em></strong></span> <span class='ocrx_word' id='word_1_159' title='bbox 306 714 341 748; x_wconf 86' lang='grc' dir='ltr'><strong>οἱ</strong></span> <span class='ocrx_word' id='word_1_160' title='bbox 364 713 403 748; x_wconf 80' lang='grc' dir='ltr'><strong><em>δὲ</em></strong></span> <span class='ocrx_word' id='word_1_161' title='bbox 425 719 483 749; x_wconf 84' lang='grc' dir='ltr'><strong>καὶ</strong></span> <span class='ocrx_word' id='word_1_162' title='bbox 507 715 654 759; x_wconf 80' lang='grc' dir='ltr'><strong><em>ἔκδημοι</em></strong></span> <span class='ocrx_word' id='word_1_163' title='bbox 679 717 741 759; x_wconf 84' lang='grc' dir='ltr'><strong>τῆς</strong></span> <span class='ocrx_word' id='word_1_164' title='bbox 766 714 917 762; x_wconf 77' lang='grc' dir='ltr'><strong><em>μεγάλης</em></strong></span> <span class='ocrx_word' id='word_1_165' title='bbox 939 714 1070 756; x_wconf 84' lang='grc' dir='ltr'><strong><em>ταύτης</em></strong></span> <span class='ocrx_word' id='word_1_166' title='bbox 1091 719 1256 761; x_wconf 84' lang='grc' dir='ltr'><strong><em>γίνονται</em></strong></span> 
     </span>
     <span class='ocr_line' id='line_1_25' title="bbox 175 756 1256 807; baseline 0.001 -15"><span class='ocrx_word' id='word_1_167' title='bbox 175 756 330 801; x_wconf 85' lang='grc' dir='ltr'><strong><em>πόλεως,</em></strong></span> <span class='ocrx_word' id='word_1_168' title='bbox 357 764 415 794; x_wconf 86' lang='grc' dir='ltr'><strong>καὶ</strong></span> <span class='ocrx_word' id='word_1_169' title='bbox 440 759 629 795; x_wconf 81' lang='grc' dir='ltr'><strong><em>διαπίπτει</em></strong></span> <span class='ocrx_word' id='word_1_170' title='bbox 655 760 842 796; x_wconf 84' lang='grc' dir='ltr'><strong><em>παντελῶς</em></strong></span> <span class='ocrx_word' id='word_1_171' title='bbox 865 758 886 805; x_wconf 84' lang='grc' dir='ltr'><em>ἡ</em></span> <span class='ocrx_word' id='word_1_172' title='bbox 911 761 987 795; x_wconf 81' lang='grc' dir='ltr'><strong>τῶν</strong></span> <span class='ocrx_word' id='word_1_173' title='bbox 1011 764 1256 807; x_wconf 87' lang='grc' dir='ltr'><strong><em>στεγονομίων</em></strong></span> 
     </span>
     <span class='ocr_line' id='line_1_26' title="bbox 174 802 1254 852; baseline 0.001 -14"><span class='ocrx_word' id='word_1_174' title='bbox 174 809 322 852; x_wconf 80' lang='grc' dir='ltr'><strong><em>χορηγία</em></strong></span> <span class='ocrx_word' id='word_1_175' title='bbox 345 809 418 840; x_wconf 88' lang='grc' dir='ltr'><strong><em>τοῖς</em></strong></span> <span class='ocrx_word' id='word_1_176' title='bbox 443 807 618 840; x_wconf 72' lang='grc' dir='ltr'><strong><em>ἐντεῦθεν</em></strong></span> <span class='ocrx_word' id='word_1_177' title='bbox 647 803 694 840; x_wconf 66' lang='lat' dir='ltr'><strong>ais</strong></span> <span class='ocrx_word' id='word_1_178' title='bbox 718 807 810 841; x_wconf 85' lang='grc' dir='ltr'><strong><em>εἰκὸς</em></strong></span> <span class='ocrx_word' id='word_1_179' title='bbox 834 810 893 840; x_wconf 82' lang='grc' dir='ltr'><strong>καὶ</strong></span> <span class='ocrx_word' id='word_1_180' title='bbox 916 805 1031 850; x_wconf 88' lang='grc' dir='ltr'><strong><em>μόνον</em></strong></span> <span class='ocrx_word' id='word_1_181' title='bbox 1054 802 1254 851; x_wconf 80' lang='grc' dir='ltr'><strong><em>ἆποτρεφο-</em></strong></span> 
     </span>
     <span class='ocr_line' id='line_1_27' title="bbox 175 850 1254 897; baseline -0.001 -13"><span class='ocrx_word' id='word_1_182' title='bbox 175 853 312 894; x_wconf 84' lang='grc' dir='ltr'><strong><em>με’νοις,</em></strong></span> <span class='ocrx_word' id='word_1_183' title='bbox 345 850 514 897; x_wconf 72' lang='grc' dir='ltr'><strong><em>καθάπερ</em></strong></span> <span class='ocrx_word' id='word_1_184' title='bbox 539 851 751 897; x_wconf 67' lang='grc' dir='ltr'><strong><em>φθάσαντες</em></strong></span> <span class='ocrx_word' id='word_1_185' title='bbox 781 854 841 886; x_wconf 79' lang='grc' dir='ltr'><strong><em>ἐπὶ</em></strong></span> <span class='ocrx_word' id='word_1_186' title='bbox 869 853 947 886; x_wconf 80' lang='grc' dir='ltr'><strong>τῶν</strong></span> <span class='ocrx_word' id='word_1_187' title='bbox 979 850 1178 885; x_wconf 78' lang='grc' dir='ltr'><strong><em>πολιτικῶν</em></strong></span> <span class='ocrx_word' id='word_1_188' title='bbox 1202 863 1254 884; x_wconf 88' lang='grc' dir='ltr'><strong>σι-</strong></span> 
     </span>
     <span class='ocr_line' id='line_1_28' title="bbox 175 896 645 940; baseline 0.002 -11"><span class='ocrx_word' id='word_1_189' title='bbox 175 897 195 930; x_wconf 88' lang='lat' dir='ltr'><strong>l</strong></span> <span class='ocrx_word' id='word_1_190' title='bbox 242 908 285 938; x_wconf 88' lang='grc' dir='ltr'><strong>τη</strong></span> <span class='ocrx_word' id='word_1_191' title='bbox 311 900 421 930; x_wconf 85' lang='grc' dir='ltr'><strong><em>εσίων</em></strong></span> <span class='ocrx_word' id='word_1_192' title='bbox 445 896 645 940; x_wconf 80' lang='grc' dir='ltr'><strong><em>εἰρήκαμεν.</em></strong></span> 
     </span>
     <span class='ocr_line' id='line_1_29' title="bbox 174 939 1257 987; baseline 0.002 -14"><span class='ocrx_word' id='word_1_193' title='bbox 174 954 241 984; x_wconf 90' lang='grc' dir='ltr'><strong>μεν</strong></span> <span class='ocrx_word' id='word_1_194' title='bbox 265 940 288 974; x_wconf 76' lang='grc' dir='ltr'><em>ἅ</em></span> <span class='ocrx_word' id='word_1_195' title='bbox 315 955 402 983; x_wconf 85' lang='grc' dir='ltr'><strong><em>ειαν,</em></strong></span> <span class='ocrx_word' id='word_1_196' title='bbox 427 939 506 976; x_wconf 65' lang='grc' dir='ltr'><strong><em>ἀλλ’</em></strong></span> <span class='ocrx_word' id='word_1_197' title='bbox 524 944 670 977; x_wconf 78' lang='grc' dir='ltr'><strong><em>ἕκαστος</em></strong></span> <span class='ocrx_word' id='word_1_198' title='bbox 690 943 725 976; x_wconf 85' lang='grc' dir='ltr'><strong>εἴ</strong></span> <span class='ocrx_word' id='word_1_199' title='bbox 743 956 826 976; x_wconf 93' lang='grc' dir='ltr'><strong><em>τινα</em></strong></span> <span class='ocrx_word' id='word_1_200' title='bbox 848 944 919 985; x_wconf 51' lang='lat' dir='ltr'><strong>ekae</strong></span> <span class='ocrx_word' id='word_1_201' title='bbox 943 939 1052 985; x_wconf 87' lang='grc' dir='ltr'><strong><em>λόγον</em></strong></span> <span class='ocrx_word' id='word_1_202' title='bbox 1076 941 1166 987; x_wconf 86' lang='grc' dir='ltr'><strong><em>πρὸς</em></strong></span> <span class='ocrx_word' id='word_1_203' title='bbox 1191 941 1257 976; x_wconf 85' lang='grc' dir='ltr'><strong>τὸν</strong></span> 
     </span>
     <span class='ocr_line' id='line_1_30' title="bbox 176 983 1256 1032; baseline -0.001 -13"><span class='ocrx_word' id='word_1_204' title='bbox 176 983 385 1021; x_wconf 70' lang='grc' dir='ltr'><strong><em>ὑπεύθυνον</em></strong></span> <span class='ocrx_word' id='word_1_205' title='bbox 409 986 476 1021; x_wconf 86' lang='grc' dir='ltr'><strong>τὸν</strong></span> <span class='ocrx_word' id='word_1_206' title='bbox 502 984 628 1029; x_wconf 78' lang='grc' dir='ltr'><strong><em>αὑτοῦ,</em></strong></span> <span class='ocrx_word' id='word_1_207' title='bbox 659 986 708 1032; x_wconf 84' lang='grc' dir='ltr'><strong>μὴ</strong></span> <span class='ocrx_word' id='word_1_208' title='bbox 733 986 850 1031; x_wconf 82' lang='grc' dir='ltr'><strong><em>τούτῳ</em></strong></span> <span class='ocrx_word' id='word_1_209' title='bbox 880 990 945 1031; x_wconf 81' lang='grc' dir='ltr'><strong>μὲν</strong></span> <span class='ocrx_word' id='word_1_210' title='bbox 972 986 1256 1028; x_wconf 71' lang='grc' dir='ltr'><strong><em>ἐπικαθευδέτω,</em></strong></span> 
     </span>
     <span class='ocr_line' id='line_1_31' title="bbox 175 1030 1258 1078; baseline 0.001 -13"><span class='ocrx_word' id='word_1_211' title='bbox 175 1032 239 1065; x_wconf 80' lang='grc' dir='ltr'><strong>τὰς</strong></span> <span class='ocrx_word' id='word_1_212' title='bbox 273 1031 312 1066; x_wconf 81' lang='grc' dir='ltr'><strong><em>δὲ</em></strong></span> <span class='ocrx_word' id='word_1_213' title='bbox 347 1030 600 1078; x_wconf 73' lang='grc' dir='ltr'><strong><em>ἀνελευθέρους</em></strong></span> <span class='ocrx_word' id='word_1_214' title='bbox 629 1036 688 1066; x_wconf 87' lang='grc' dir='ltr'><strong>καὶ</strong></span> <span class='ocrx_word' id='word_1_215' title='bbox 723 1037 923 1077; x_wconf 82' lang='grc' dir='ltr'><strong><em>βασκανίας</em></strong></span> <span class='ocrx_word' id='word_1_216' title='bbox 957 1030 1095 1075; x_wconf 77' lang='grc' dir='ltr'><strong><em>ἁπάσης</em></strong></span> <span class='ocrx_word' id='word_1_217' title='bbox 1125 1032 1258 1077; x_wconf 79' lang='grc' dir='ltr'><strong><em>μεστὰς</em></strong></span> 
     </span>
     <span class='ocr_line' id='line_1_32' title="bbox 177 1075 1256 1124; baseline 0.001 -13"><span class='ocrx_word' id='word_1_218' title='bbox 177 1079 368 1112; x_wconf 79' lang='grc' dir='ltr'><strong><em>ἐπινοείτω</em></strong></span> <span class='ocrx_word' id='word_1_219' title='bbox 393 1076 662 1124; x_wconf 81' lang='grc' dir='ltr'><strong><em>διαμαρτυρίας,</em></strong></span> <span class='ocrx_word' id='word_1_220' title='bbox 689 1076 711 1122; x_wconf 83' lang='grc' dir='ltr'><em>ἢ</em></span> <span class='ocrx_word' id='word_1_221' title='bbox 733 1082 942 1124; x_wconf 77' lang='grc' dir='ltr'><strong><em>γινωσκέτω</em></strong></span> <span class='ocrx_word' id='word_1_222' title='bbox 974 1075 1021 1112; x_wconf 66' lang='grc' dir='ltr'><strong>αἷς</strong></span> <span class='ocrx_word' id='word_1_223' title='bbox 1053 1078 1090 1112; x_wconf 86' lang='grc' dir='ltr'><strong>εἴ</strong></span> <span class='ocrx_word' id='word_1_224' title='bbox 1115 1091 1151 1113; x_wconf 90' lang='grc' dir='ltr'><strong>τι</strong></span> <span class='ocrx_word' id='word_1_225' title='bbox 1182 1091 1256 1113; x_wconf 46' lang='grc' dir='ltr'><strong><em>τοι-</em></strong></span> 
     </span>
     <span class='ocr_line' id='line_1_33' title="bbox 649 1124 730 1134; baseline -0.012 0"><span class='ocrx_word' id='word_1_226' title='bbox 649 1124 656 1134; x_wconf 65' lang='grc'><strong><em>,</em></strong></span> <span class='ocrx_word' id='word_1_227' title='bbox 724 1124 730 1133; x_wconf 65' lang='grc'><strong><em>,</em></strong></span> 
     </span>
    </p>
   </div>
   <div class='ocr_carea' id='block_1_9' title="bbox 1325 714 2403 842">
    <p class='ocr_par' dir='ltr' id='par_1_9' title="bbox 1325 714 2403 842">
     <span class='ocr_line' id='line_1_34' title="bbox 1326 714 2403 760; baseline -0.002 -10"><span class='ocrx_word' id='word_1_228' title='bbox 1326 716 1468 751; x_wconf 91' lang='lat' dir='ltr'><strong>omnino</strong></span> <span class='ocrx_word' id='word_1_229' title='bbox 1492 716 1704 760; x_wconf 90' lang='lat' dir='ltr'><strong>pensionum</strong></span> <span class='ocrx_word' id='word_1_230' title='bbox 1727 715 1937 750; x_wconf 84' lang='lat' dir='ltr'><strong>ministratio</strong></span> <span class='ocrx_word' id='word_1_231' title='bbox 1962 715 2016 750; x_wconf 90' lang='lat' dir='ltr'><strong>his</strong></span> <span class='ocrx_word' id='word_1_232' title='bbox 2042 715 2102 759; x_wconf 91' lang='lat' dir='ltr'><strong>qui</strong></span> <span class='ocrx_word' id='word_1_233' title='bbox 2126 725 2170 750; x_wconf 89' lang='lat' dir='ltr'><strong>ex</strong></span> <span class='ocrx_word' id='word_1_234' title='bbox 2193 714 2262 750; x_wconf 90' lang='lat' dir='ltr'><strong>hoc</strong></span> <span class='ocrx_word' id='word_1_235' title='bbox 2278 714 2403 749; x_wconf 80' lang='lat' dir='ltr'><strong>forsan</strong></span> 
     </span>
     <span class='ocr_line' id='line_1_35' title="bbox 1325 759 2402 806; baseline -0.001 -11"><span class='ocrx_word' id='word_1_236' title='bbox 1325 761 1402 796; x_wconf 94' lang='lat' dir='ltr'><strong>solo</strong></span> <span class='ocrx_word' id='word_1_237' title='bbox 1427 761 1645 805; x_wconf 90' lang='lat' dir='ltr'><strong>nutriuntur,</strong></span> <span class='ocrx_word' id='word_1_238' title='bbox 1676 761 1872 797; x_wconf 88' lang='lat' dir='ltr'><strong>secundum</strong></span> <span class='ocrx_word' id='word_1_239' title='bbox 1902 761 1997 806; x_wconf 90' lang='lat' dir='ltr'><strong>quod</strong></span> <span class='ocrx_word' id='word_1_240' title='bbox 2027 762 2255 796; x_wconf 88' lang='lat' dir='ltr'><strong>occurrentes</strong></span> <span class='ocrx_word' id='word_1_241' title='bbox 2286 759 2324 794; x_wconf 93' lang='lat' dir='ltr'><strong>in</strong></span> <span class='ocrx_word' id='word_1_242' title='bbox 2356 759 2402 794; x_wconf 90' lang='lat' dir='ltr'><strong>ci-</strong></span> 
     </span>
     <span class='ocr_line' id='line_1_36' title="bbox 1325 806 1809 842; baseline 0.002 -2"><span class='ocrx_word' id='word_1_243' title='bbox 1325 806 1453 841; x_wconf 89' lang='lat' dir='ltr'><strong>vilibus</strong></span> <span class='ocrx_word' id='word_1_244' title='bbox 1477 806 1627 842; x_wconf 91' lang='lat' dir='ltr'><strong>annonis</strong></span> <span class='ocrx_word' id='word_1_245' title='bbox 1648 806 1809 841; x_wconf 83' lang='lat' dir='ltr'><strong>diximus.</strong></span> 
     </span>
    </p>
   </div>
   <div class='ocr_carea' id='block_1_10' title="bbox 709 894 2405 941">
    <p class='ocr_par' dir='ltr' id='par_1_10' title="bbox 709 894 2405 941">
     <span class='ocr_line' id='line_1_37' title="bbox 709 894 2405 941; baseline -0.001 -10"><span class='ocrx_word' id='word_1_246' title='bbox 709 895 838 931; x_wconf 80' lang='grc' dir='ltr'><strong><em>Οὗδενῑ</em></strong></span> <span class='ocrx_word' id='word_1_247' title='bbox 862 901 985 931; x_wconf 78' lang='grc' dir='ltr'><strong><em>τοίνυν</em></strong></span> <span class='ocrx_word' id='word_1_248' title='bbox 1008 895 1136 930; x_wconf 82' lang='grc' dir='ltr'><strong><em>τούτου</em></strong></span> <span class='ocrx_word' id='word_1_249' title='bbox 1163 894 1255 930; x_wconf 79' lang='grc' dir='ltr'><strong><em>ὃίδο-</em></strong></span> <span class='ocrx_word' id='word_1_250' title='bbox 1272 898 1345 932; x_wconf 87' lang='grc'><strong>151</strong></span> <span class='ocrx_word' id='word_1_251' title='bbox 1402 896 1543 932; x_wconf 90' lang='lat' dir='ltr'><strong>Nemini</strong></span> <span class='ocrx_word' id='word_1_252' title='bbox 1574 896 1681 941; x_wconf 86' lang='lat' dir='ltr'><strong>igitur</strong></span> <span class='ocrx_word' id='word_1_253' title='bbox 1712 895 1915 932; x_wconf 87' lang='lat' dir='ltr'><strong>huiusmodi</strong></span> <span class='ocrx_word' id='word_1_254' title='bbox 1950 895 2074 930; x_wconf 87' lang='lat' dir='ltr'><strong>damus</strong></span> <span class='ocrx_word' id='word_1_255' title='bbox 2105 894 2304 938; x_wconf 86' lang='lat' dir='ltr'><strong>licentiam,</strong></span> <span class='ocrx_word' id='word_1_256' title='bbox 2341 894 2405 930; x_wconf 88' lang='lat' dir='ltr'><strong>sed</strong></span> 
     </span>
    </p>
   </div>
   <div class='ocr_carea' id='block_1_11' title="bbox 1325 939 2405 1123">
    <p class='ocr_par' dir='ltr' id='par_1_11' title="bbox 1325 939 2405 1123">
     <span class='ocr_line' id='line_1_38' title="bbox 1325 939 2405 986; baseline -0.002 -9"><span class='ocrx_word' id='word_1_257' title='bbox 1325 942 1570 986; x_wconf 90' lang='lat' dir='ltr'><strong>unusquisque</strong></span> <span class='ocrx_word' id='word_1_258' title='bbox 1595 942 1626 977; x_wconf 90' lang='lat' dir='ltr'><strong>si</strong></span> <span class='ocrx_word' id='word_1_259' title='bbox 1645 942 1800 986; x_wconf 86' lang='lat' dir='ltr'><strong>aliquam</strong></span> <span class='ocrx_word' id='word_1_260' title='bbox 1824 941 1956 976; x_wconf 84' lang='lat' dir='ltr'><strong>habeat</strong></span> <span class='ocrx_word' id='word_1_261' title='bbox 1979 950 2126 975; x_wconf 90' lang='lat' dir='ltr'><strong>causam</strong></span> <span class='ocrx_word' id='word_1_262' title='bbox 2146 940 2193 976; x_wconf 87' lang='lat' dir='ltr'><strong>ad</strong></span> <span class='ocrx_word' id='word_1_263' title='bbox 2210 939 2405 976; x_wconf 85' lang='lat' dir='ltr'><strong>obnoxium</strong></span> 
     </span>
     <span class='ocr_line' id='line_1_39' title="bbox 1326 986 2403 1031; baseline -0.002 -9"><span class='ocrx_word' id='word_1_264' title='bbox 1326 987 1412 1029; x_wconf 89' lang='lat' dir='ltr'><strong>sibi,</strong></span> <span class='ocrx_word' id='word_1_265' title='bbox 1445 998 1516 1022; x_wconf 89' lang='lat' dir='ltr'><strong>non</strong></span> <span class='ocrx_word' id='word_1_266' title='bbox 1541 987 1756 1028; x_wconf 84' lang='lat' dir='ltr'><strong>obdormiat,</strong></span> <span class='ocrx_word' id='word_1_267' title='bbox 1788 986 2034 1022; x_wconf 85' lang='lat' dir='ltr'><strong>inliberalibus</strong></span> <span class='ocrx_word' id='word_1_268' title='bbox 2059 989 2179 1021; x_wconf 87' lang='lat' dir='ltr'><strong>autem</strong></span> <span class='ocrx_word' id='word_1_269' title='bbox 2203 988 2239 1021; x_wconf 87' lang='lat' dir='ltr'><strong>et</strong></span> <span class='ocrx_word' id='word_1_270' title='bbox 2261 995 2403 1031; x_wconf 86' lang='lat' dir='ltr'><strong>perver-</strong></span> 
     </span>
     <span class='ocr_line' id='line_1_40' title="bbox 1326 1032 2403 1077; baseline -0.002 -9"><span class='ocrx_word' id='word_1_271' title='bbox 1326 1033 1433 1068; x_wconf 87' lang='lat' dir='ltr'><strong>sitate</strong></span> <span class='ocrx_word' id='word_1_272' title='bbox 1465 1033 1559 1068; x_wconf 91' lang='lat' dir='ltr'><strong>omni</strong></span> <span class='ocrx_word' id='word_1_273' title='bbox 1583 1033 1696 1077; x_wconf 89' lang='lat' dir='ltr'><strong>plenis</strong></span> <span class='ocrx_word' id='word_1_274' title='bbox 1721 1032 1880 1077; x_wconf 84' lang='lat' dir='ltr'><strong>adspiret</strong></span> <span class='ocrx_word' id='word_1_275' title='bbox 1902 1032 2233 1067; x_wconf 87' lang='lat' dir='ltr'><strong>interdictionibus:</strong></span> <span class='ocrx_word' id='word_1_276' title='bbox 2276 1041 2403 1075; x_wconf 87' lang='lat' dir='ltr'><strong>cogno-</strong></span> 
     </span>
     <span class='ocr_line' id='line_1_41' title="bbox 1326 1077 2403 1123; baseline 0 -11"><span class='ocrx_word' id='word_1_277' title='bbox 1326 1081 1403 1113; x_wconf 87' lang='lat' dir='ltr'><strong>scat</strong></span> <span class='ocrx_word' id='word_1_278' title='bbox 1424 1078 1533 1121; x_wconf 89' lang='lat' dir='ltr'><strong>enim,</strong></span> <span class='ocrx_word' id='word_1_279' title='bbox 1568 1078 1649 1123; x_wconf 89' lang='lat' dir='ltr'><strong>quia</strong></span> <span class='ocrx_word' id='word_1_280' title='bbox 1679 1078 1710 1113; x_wconf 88' lang='lat' dir='ltr'><strong>si</strong></span> <span class='ocrx_word' id='word_1_281' title='bbox 1741 1078 1812 1113; x_wconf 90' lang='lat' dir='ltr'><strong>tale</strong></span> <span class='ocrx_word' id='word_1_282' title='bbox 1843 1077 1977 1123; x_wconf 90' lang='lat' dir='ltr'><strong>aliquid</strong></span> <span class='ocrx_word' id='word_1_283' title='bbox 2009 1078 2119 1121; x_wconf 86' lang='lat' dir='ltr'><strong>egerit</strong></span> <span class='ocrx_word' id='word_1_284' title='bbox 2150 1079 2185 1113; x_wconf 89' lang='lat' dir='ltr'><strong>et</strong></span> <span class='ocrx_word' id='word_1_285' title='bbox 2211 1086 2276 1122; x_wconf 90' lang='lat' dir='ltr'><strong>per</strong></span> <span class='ocrx_word' id='word_1_286' title='bbox 2299 1086 2403 1112; x_wconf 86' lang='lat' dir='ltr'><strong>occa-</strong></span> 
     </span>
    </p>
   </div>
   <div class='ocr_carea' id='block_1_12' title="bbox 177 1121 2405 1178">
    <p class='ocr_par' dir='ltr' id='par_1_12' title="bbox 177 1121 2405 1178">
     <span class='ocr_line' id='line_1_42' title="bbox 177 1121 2405 1178; baseline 0 -22"><span class='ocrx_word' id='word_1_287' title='bbox 177 1124 260 1157; x_wconf 75' lang='grc' dir='ltr'><strong><em>οὗτο</em></strong></span> <span class='ocrx_word' id='word_1_288' title='bbox 293 1121 439 1178; x_wconf 64' lang='grc' dir='ltr'><strong><em>πράξειε</em></strong></span> <span class='ocrx_word' id='word_1_289' title='bbox 471 1127 530 1157; x_wconf 84' lang='grc' dir='ltr'><strong>καὶ</strong></span> <span class='ocrx_word' id='word_1_290' title='bbox 562 1136 660 1170; x_wconf 87' lang='grc' dir='ltr'><strong><em>παρα</em></strong></span> <span class='ocrx_word' id='word_1_291' title='bbox 693 1136 760 1165; x_wconf 83' lang='grc' dir='ltr'><strong>την</strong></span> <span class='ocrx_word' id='word_1_292' title='bbox 791 1125 914 1158; x_wconf 83' lang='grc' dir='ltr'><strong><em>αἰτίαν</em></strong></span> <span class='ocrx_word' id='word_1_293' title='bbox 944 1124 1013 1167; x_wconf 83' lang='grc' dir='ltr'><strong>τὴν</strong></span> <span class='ocrx_word' id='word_1_294' title='bbox 1038 1122 1148 1158; x_wconf 75' lang='grc' dir='ltr'><strong><em>αὐτοῦ</em></strong></span> <span class='ocrx_word' id='word_1_295' title='bbox 1179 1121 1256 1158; x_wconf 84' lang='grc' dir='ltr'><strong><em>δια-</em></strong></span> <span class='ocrx_word' id='word_1_296' title='bbox 1270 1127 1311 1159; x_wconf 86' lang='grc'><strong>20</strong></span> <span class='ocrx_word' id='word_1_297' title='bbox 1325 1123 1460 1159; x_wconf 77' lang='lat' dir='ltr'><strong>Sionem</strong></span> <span class='ocrx_word' id='word_1_298' title='bbox 1498 1124 1572 1159; x_wconf 79' lang='lat' dir='ltr'><strong>eius</strong></span> <span class='ocrx_word' id='word_1_299' title='bbox 1609 1123 1777 1159; x_wconf 77' lang='lat' dir='ltr'><strong>ceciderit</strong></span> <span class='ocrx_word' id='word_1_300' title='bbox 1817 1127 1880 1159; x_wconf 79' lang='lat' dir='ltr'><strong>aut</strong></span> <span class='ocrx_word' id='word_1_301' title='bbox 1915 1123 2130 1159; x_wconf 73' lang='lat' dir='ltr'><strong>ministratio</strong></span> <span class='ocrx_word' id='word_1_302' title='bbox 2167 1133 2301 1168; x_wconf 81' lang='lat' dir='ltr'><strong>panum</strong></span> <span class='ocrx_word' id='word_1_303' title='bbox 2341 1125 2405 1157; x_wconf 75' lang='lat' dir='ltr'><strong>aut</strong></span> 
     </span>
    </p>
   </div>
   <div class='ocr_carea' id='block_1_13' title="bbox 176 1168 1258 1354">
    <p class='ocr_par' dir='ltr' id='par_1_13' title="bbox 176 1168 1258 1354">
     <span class='ocr_line' id='line_1_43' title="bbox 178 1168 1256 1217; baseline 0.001 -15"><span class='ocrx_word' id='word_1_304' title='bbox 178 1171 280 1202; x_wconf 80' lang='grc' dir='ltr'><strong><em>πέσοι</em></strong></span> <span class='ocrx_word' id='word_1_305' title='bbox 305 1183 325 1212; x_wconf 92' lang='grc' dir='ltr'><strong>η</strong></span> <span class='ocrx_word' id='word_1_306' title='bbox 351 1183 397 1203; x_wconf 90' lang='grc' dir='ltr'><strong>τα</strong></span> <span class='ocrx_word' id='word_1_307' title='bbox 428 1170 490 1212; x_wconf 84' lang='grc' dir='ltr'><strong>τῆς</strong></span> <span class='ocrx_word' id='word_1_308' title='bbox 513 1173 678 1215; x_wconf 83' lang='grc' dir='ltr'><strong><em>χορηγίας</em></strong></span> <span class='ocrx_word' id='word_1_309' title='bbox 707 1171 784 1202; x_wconf 77' lang='grc' dir='ltr'><strong>τῶν</strong></span> <span class='ocrx_word' id='word_1_310' title='bbox 809 1168 934 1217; x_wconf 77' lang='grc' dir='ltr'><strong><em>ἄρτων</em></strong></span> <span class='ocrx_word' id='word_1_311' title='bbox 965 1169 989 1213; x_wconf 83' lang='grc' dir='ltr'><em>ἢ</em></span> <span class='ocrx_word' id='word_1_312' title='bbox 1009 1170 1056 1204; x_wconf 82' lang='grc' dir='ltr'><strong>τὰ</strong></span> <span class='ocrx_word' id='word_1_313' title='bbox 1087 1171 1150 1213; x_wconf 85' lang='grc' dir='ltr'><strong>τῆς</strong></span> <span class='ocrx_word' id='word_1_314' title='bbox 1179 1171 1256 1203; x_wconf 84' lang='grc' dir='ltr'><strong>τῶν</strong></span> 
     </span>
     <span class='ocr_line' id='line_1_44' title="bbox 177 1211 1257 1258; baseline 0 -11"><span class='ocrx_word' id='word_1_315' title='bbox 177 1216 343 1248; x_wconf 80' lang='grc' dir='ltr'><strong><em>ἐνοικίων</em></strong></span> <span class='ocrx_word' id='word_1_316' title='bbox 379 1211 526 1256; x_wconf 81' lang='grc' dir='ltr'><strong><em>δόσεως,</em></strong></span> <span class='ocrx_word' id='word_1_317' title='bbox 562 1214 630 1248; x_wconf 87' lang='grc' dir='ltr'><strong>τὸν</strong></span> <span class='ocrx_word' id='word_1_318' title='bbox 663 1214 837 1249; x_wconf 72' lang='grc' dir='ltr'><strong><em>ἐντεῦθεν</em></strong></span> <span class='ocrx_word' id='word_1_319' title='bbox 873 1213 977 1249; x_wconf 81' lang='grc' dir='ltr'><strong><em>αὐτὸς</em></strong></span> <span class='ocrx_word' id='word_1_320' title='bbox 1012 1213 1257 1258; x_wconf 80' lang='grc' dir='ltr'><strong><em>ὑποστήσετσι</em></strong></span> 
     </span>
     <span class='ocr_line' id='line_1_45' title="bbox 176 1257 1258 1305; baseline 0.001 -12"><span class='ocrx_word' id='word_1_321' title='bbox 176 1259 355 1301; x_wconf 87' lang='grc' dir='ltr'><strong><em>κίνδυνον,</em></strong></span> <span class='ocrx_word' id='word_1_322' title='bbox 390 1258 496 1303; x_wconf 81' lang='grc' dir='ltr'><strong><em>ἡνίκα</em></strong></span> <span class='ocrx_word' id='word_1_323' title='bbox 525 1257 787 1305; x_wconf 77' lang='grc' dir='ltr'><strong><em>διαμαρτυρίαν</em></strong></span> <span class='ocrx_word' id='word_1_324' title='bbox 810 1264 883 1295; x_wconf 86' lang='grc' dir='ltr'><strong><em>τοῖς</em></strong></span> <span class='ocrx_word' id='word_1_325' title='bbox 907 1262 1108 1295; x_wconf 78' lang='grc' dir='ltr'><strong><em>ἐνοικοῦσιν</em></strong></span> <span class='ocrx_word' id='word_1_326' title='bbox 1139 1258 1161 1304; x_wconf 81' lang='grc' dir='ltr'><em>ἢ</em></span> <span class='ocrx_word' id='word_1_327' title='bbox 1185 1263 1258 1294; x_wconf 86' lang='grc' dir='ltr'><strong><em>τοῖς</em></strong></span> 
     </span>
     <span class='ocr_line' id='line_1_46' title="bbox 176 1303 1256 1354; baseline 0.001 -16"><span class='ocrx_word' id='word_1_328' title='bbox 176 1306 365 1351; x_wconf 73' lang='grc' dir='ltr'><strong><em>χορηγοῦσι</em></strong></span> <span class='ocrx_word' id='word_1_329' title='bbox 388 1304 456 1339; x_wconf 85' lang='grc' dir='ltr'><strong>τὸν</strong></span> <span class='ocrx_word' id='word_1_330' title='bbox 480 1303 592 1350; x_wconf 74' lang='grc' dir='ltr'><strong><em>ἄρτον</em></strong></span> <span class='ocrx_word' id='word_1_331' title='bbox 615 1304 787 1339; x_wconf 87' lang='grc' dir='ltr'><strong><em>στείλειεν</em></strong></span> <span class='ocrx_word' id='word_1_332' title='bbox 811 1303 834 1349; x_wconf 82' lang='grc' dir='ltr'><em>ἢ</em></span> <span class='ocrx_word' id='word_1_333' title='bbox 858 1303 1070 1354; x_wconf 77' lang='grc' dir='ltr'><strong><em>ἀναρτήσειε</em></strong></span> <span class='ocrx_word' id='word_1_334' title='bbox 1094 1305 1136 1340; x_wconf 86' lang='grc' dir='ltr'><strong>τὸ</strong></span> <span class='ocrx_word' id='word_1_335' title='bbox 1158 1318 1256 1348; x_wconf 81' lang='grc' dir='ltr'><strong><em>σιτη-</em></strong></span> 
     </span>
    </p>
   </div>
   <div class='ocr_carea' id='block_1_14' title="bbox 1323 1167 2406 1350">
    <p class='ocr_par' dir='ltr' id='par_1_14' title="bbox 1323 1167 2406 1350">
     <span class='ocr_line' id='line_1_47' title="bbox 1323 1167 2405 1214; baseline -0.002 -10"><span class='ocrx_word' id='word_1_336' title='bbox 1323 1169 1535 1214; x_wconf 87' lang='lat' dir='ltr'><strong>pensionum</strong></span> <span class='ocrx_word' id='word_1_337' title='bbox 1571 1168 1683 1211; x_wconf 88' lang='lat' dir='ltr'><strong>datio,</strong></span> <span class='ocrx_word' id='word_1_338' title='bbox 1721 1179 1764 1204; x_wconf 86' lang='lat' dir='ltr'><strong>ex</strong></span> <span class='ocrx_word' id='word_1_339' title='bbox 1796 1169 1865 1204; x_wconf 90' lang='lat' dir='ltr'><strong>hoc</strong></span> <span class='ocrx_word' id='word_1_340' title='bbox 1897 1169 2064 1204; x_wconf 90' lang='lat' dir='ltr'><strong>accidens</strong></span> <span class='ocrx_word' id='word_1_341' title='bbox 2098 1169 2177 1213; x_wconf 90' lang='lat' dir='ltr'><strong>ipse</strong></span> <span class='ocrx_word' id='word_1_342' title='bbox 2214 1167 2405 1204; x_wconf 87' lang='lat' dir='ltr'><strong>sustinebit</strong></span> 
     </span>
     <span class='ocr_line' id='line_1_48' title="bbox 1324 1213 2406 1259; baseline -0.001 -10"><span class='ocrx_word' id='word_1_343' title='bbox 1324 1215 1538 1259; x_wconf 88' lang='lat' dir='ltr'><strong>periculum,</strong></span> <span class='ocrx_word' id='word_1_344' title='bbox 1580 1225 1663 1249; x_wconf 86' lang='lat' dir='ltr'><strong>mox</strong></span> <span class='ocrx_word' id='word_1_345' title='bbox 1698 1214 1792 1259; x_wconf 91' lang='lat' dir='ltr'><strong>quod</strong></span> <span class='ocrx_word' id='word_1_346' title='bbox 1830 1214 2114 1249; x_wconf 87' lang='lat' dir='ltr'><strong>interdictionem</strong></span> <span class='ocrx_word' id='word_1_347' title='bbox 2149 1213 2332 1258; x_wconf 91' lang='lat' dir='ltr'><strong>inquilinis</strong></span> <span class='ocrx_word' id='word_1_348' title='bbox 2369 1216 2406 1248; x_wconf 85' lang='lat' dir='ltr'><strong>et</strong></span> 
     </span>
     <span class='ocr_line' id='line_1_49' title="bbox 1325 1259 2404 1305; baseline -0.001 -11"><span class='ocrx_word' id='word_1_349' title='bbox 1325 1259 1608 1295; x_wconf 80' lang='lat' dir='ltr'><strong>ministrantibus</strong></span> <span class='ocrx_word' id='word_1_350' title='bbox 1638 1270 1767 1304; x_wconf 91' lang='lat' dir='ltr'><strong>panem</strong></span> <span class='ocrx_word' id='word_1_351' title='bbox 1792 1260 1928 1295; x_wconf 89' lang='lat' dir='ltr'><strong>miserit</strong></span> <span class='ocrx_word' id='word_1_352' title='bbox 1958 1264 2020 1295; x_wconf 89' lang='lat' dir='ltr'><strong>aut</strong></span> <span class='ocrx_word' id='word_1_353' title='bbox 2044 1259 2271 1305; x_wconf 88' lang='lat' dir='ltr'><strong>suspenderit</strong></span> <span class='ocrx_word' id='word_1_354' title='bbox 2293 1269 2404 1294; x_wconf 89' lang='lat' dir='ltr'><strong>anno-</strong></span> 
     </span>
     <span class='ocr_line' id='line_1_50' title="bbox 1325 1303 2405 1350; baseline -0.001 -10"><span class='ocrx_word' id='word_1_355' title='bbox 1325 1315 1417 1340; x_wconf 89' lang='lat' dir='ltr'><strong>nam.</strong></span> <span class='ocrx_word' id='word_1_356' title='bbox 1466 1305 1564 1340; x_wconf 89' lang='lat' dir='ltr'><strong>Nihil</strong></span> <span class='ocrx_word' id='word_1_357' title='bbox 1595 1306 1689 1340; x_wconf 90' lang='lat' dir='ltr'><strong>enim</strong></span> <span class='ocrx_word' id='word_1_358' title='bbox 1720 1305 1847 1340; x_wconf 90' lang='lat' dir='ltr'><strong>horum</strong></span> <span class='ocrx_word' id='word_1_359' title='bbox 1880 1305 1939 1350; x_wconf 87' lang='lat' dir='ltr'><strong>agi</strong></span> <span class='ocrx_word' id='word_1_360' title='bbox 1969 1307 2111 1340; x_wconf 92' lang='lat' dir='ltr'><strong>omnino</strong></span> <span class='ocrx_word' id='word_1_361' title='bbox 2135 1305 2309 1348; x_wconf 88' lang='lat' dir='ltr'><strong>volumus,</strong></span> <span class='ocrx_word' id='word_1_362' title='bbox 2342 1303 2405 1340; x_wconf 90' lang='lat' dir='ltr'><strong>sed</strong></span> 
     </span>
    </p>
   </div>
   <div class='ocr_carea' id='block_1_15' title="bbox 177 1347 2406 1397">
    <p class='ocr_par' dir='ltr' id='par_1_15' title="bbox 177 1347 2406 1397">
     <span class='ocr_line' id='line_1_51' title="bbox 177 1347 2406 1397; baseline 0 -13"><span class='ocrx_word' id='word_1_363' title='bbox 177 1364 306 1394; x_wconf 84' lang='grc' dir='ltr'><strong><em>ρεσιυν.</em></strong></span> <span class='ocrx_word' id='word_1_364' title='bbox 343 1347 449 1384; x_wconf 78' lang='grc' dir='ltr'><strong><em>οὐδὲν</em></strong></span> <span class='ocrx_word' id='word_1_365' title='bbox 468 1350 536 1397; x_wconf 78' lang='grc' dir='ltr'><strong>γὰρ</strong></span> <span class='ocrx_word' id='word_1_366' title='bbox 552 1350 694 1393; x_wconf 59' lang='grc' dir='ltr'><strong><em>τορτων</em></strong></span> <span class='ocrx_word' id='word_1_367' title='bbox 714 1350 946 1395; x_wconf 72' lang='grc' dir='ltr'><strong><em>πράττεσθαι</em></strong></span> <span class='ocrx_word' id='word_1_368' title='bbox 968 1350 1154 1387; x_wconf 77' lang='grc' dir='ltr'><strong><em>παντελῶς</em></strong></span> <span class='ocrx_word' id='word_1_369' title='bbox 1173 1355 1256 1395; x_wconf 83' lang='grc' dir='ltr'><strong><em>βου·</em></strong></span> <span class='ocrx_word' id='word_1_370' title='bbox 1269 1355 1310 1387; x_wconf 83' lang='lat'><strong>25</strong></span> <span class='ocrx_word' id='word_1_371' title='bbox 1326 1361 1369 1385; x_wconf 86' lang='lat' dir='ltr'><strong>ex</strong></span> <span class='ocrx_word' id='word_1_372' title='bbox 1402 1361 1470 1396; x_wconf 91' lang='lat' dir='ltr'><strong>quo</strong></span> <span class='ocrx_word' id='word_1_373' title='bbox 1507 1351 1776 1386; x_wconf 86' lang='lat' dir='ltr'><strong>interdictiones</strong></span> <span class='ocrx_word' id='word_1_374' title='bbox 1809 1350 1936 1395; x_wconf 87' lang='lat' dir='ltr'><strong>egerit,</strong></span> <span class='ocrx_word' id='word_1_375' title='bbox 1973 1350 2153 1386; x_wconf 86' lang='lat' dir='ltr'><strong>sancimus</strong></span> <span class='ocrx_word' id='word_1_376' title='bbox 2189 1361 2270 1386; x_wconf 92' lang='lat' dir='ltr'><strong>eum</strong></span> <span class='ocrx_word' id='word_1_377' title='bbox 2302 1360 2406 1386; x_wconf 89' lang='lat' dir='ltr'><strong>omne</strong></span> 
     </span>
    </p>
   </div>
   <div class='ocr_carea' id='block_1_16' title="bbox 176 1393 1256 1588">
    <p class='ocr_par' dir='ltr' id='par_1_16' title="bbox 176 1393 1256 1588">
     <span class='ocr_line' id='line_1_52' title="bbox 177 1393 1255 1443; baseline 0.001 -13"><span class='ocrx_word' id='word_1_378' title='bbox 177 1396 335 1439; x_wconf 64' lang='grc' dir='ltr'><strong><em>λόμεθα,</em></strong></span> <span class='ocrx_word' id='word_1_379' title='bbox 379 1393 458 1429; x_wconf 69' lang='grc' dir='ltr'><strong><em>ἀλλ’</em></strong></span> <span class='ocrx_word' id='word_1_380' title='bbox 494 1396 531 1436; x_wconf 79' lang='grc' dir='ltr'><strong>ἐξ</strong></span> <span class='ocrx_word' id='word_1_381' title='bbox 561 1395 601 1429; x_wconf 80' lang='grc' dir='ltr'><strong>οὑ</strong></span> <span class='ocrx_word' id='word_1_382' title='bbox 640 1396 685 1430; x_wconf 83' lang='grc' dir='ltr'><strong>τοὶ</strong></span> <span class='ocrx_word' id='word_1_383' title='bbox 717 1398 779 1440; x_wconf 70' lang='grc' dir='ltr'><strong>τῆς</strong></span> <span class='ocrx_word' id='word_1_384' title='bbox 811 1395 1068 1443; x_wconf 79' lang='grc' dir='ltr'><strong><em>διαμαρτυρίας</em></strong></span> <span class='ocrx_word' id='word_1_385' title='bbox 1099 1396 1255 1443; x_wconf 79' lang='grc' dir='ltr'><strong><em>πράξειε,</em></strong></span> 
     </span>
     <span class='ocr_line' id='line_1_53' title="bbox 176 1438 1256 1488; baseline -0.001 -12"><span class='ocrx_word' id='word_1_386' title='bbox 176 1442 402 1485; x_wconf 75' lang='grc' dir='ltr'><strong><em>θεσπίζομεν</em></strong></span> <span class='ocrx_word' id='word_1_387' title='bbox 435 1438 547 1475; x_wconf 74' lang='grc' dir='ltr'><strong><em>αὐτὸν</em></strong></span> <span class='ocrx_word' id='word_1_388' title='bbox 572 1443 693 1476; x_wconf 83' lang='grc' dir='ltr'><strong><em>πᾶσαν</em></strong></span> <span class='ocrx_word' id='word_1_389' title='bbox 718 1444 849 1486; x_wconf 79' lang='grc' dir='ltr'><strong><em>ζημίαν</em></strong></span> <span class='ocrx_word' id='word_1_390' title='bbox 873 1441 1093 1488; x_wconf 73' lang='grc' dir='ltr'><strong><em>θεραπεύειν</em></strong></span> <span class='ocrx_word' id='word_1_391' title='bbox 1123 1444 1174 1485; x_wconf 78' lang='grc' dir='ltr'><strong>τῷ</strong></span> <span class='ocrx_word' id='word_1_392' title='bbox 1200 1456 1256 1476; x_wconf 83' lang='grc' dir='ltr'><strong>κυ-</strong></span> 
     </span>
     <span class='ocr_line' id='line_1_54' title="bbox 180 1485 1253 1535; baseline 0.002 -15"><span class='ocrx_word' id='word_1_393' title='bbox 180 1491 243 1532; x_wconf 80' lang='grc' dir='ltr'><strong>ρίῳ</strong></span> <span class='ocrx_word' id='word_1_394' title='bbox 268 1488 344 1520; x_wconf 84' lang='grc' dir='ltr'><strong>τῶν</strong></span> <span class='ocrx_word' id='word_1_395' title='bbox 366 1486 600 1533; x_wconf 80' lang='grc' dir='ltr'><strong><em>πραγμάτων,</em></strong></span> <span class='ocrx_word' id='word_1_396' title='bbox 625 1490 684 1520; x_wconf 88' lang='grc' dir='ltr'><strong>καὶ</strong></span> <span class='ocrx_word' id='word_1_397' title='bbox 709 1485 799 1534; x_wconf 86' lang='grc' dir='ltr'><strong><em>πρός</em></strong></span> <span class='ocrx_word' id='word_1_398' title='bbox 821 1502 861 1535; x_wconf 89' lang='grc' dir='ltr'><strong>γε</strong></span> <span class='ocrx_word' id='word_1_399' title='bbox 884 1492 944 1521; x_wconf 84' lang='grc' dir='ltr'><strong>καὶ</strong></span> <span class='ocrx_word' id='word_1_400' title='bbox 964 1489 1072 1522; x_wconf 84' lang='grc' dir='ltr'><strong><em>τόκον</em></strong></span> <span class='ocrx_word' id='word_1_401' title='bbox 1095 1488 1163 1522; x_wconf 79' lang='grc' dir='ltr'><strong>τὸν</strong></span> <span class='ocrx_word' id='word_1_402' title='bbox 1183 1485 1253 1522; x_wconf 75' lang='grc' dir='ltr'><strong><em>ἀπὸ</em></strong></span> 
     </span>
     <span class='ocr_line' id='line_1_55' title="bbox 176 1530 1254 1588; baseline 0.002 -22"><span class='ocrx_word' id='word_1_403' title='bbox 176 1535 296 1577; x_wconf 79' lang='grc' dir='ltr'><strong><em>τρίτης</em></strong></span> <span class='ocrx_word' id='word_1_404' title='bbox 312 1532 505 1574; x_wconf 83' lang='grc' dir='ltr'><strong><em>ἑκατοστῆς</em></strong></span> <span class='ocrx_word' id='word_1_405' title='bbox 522 1533 775 1578; x_wconf 79' lang='grc' dir='ltr'><strong><em>ἐπιγινώσκειν</em></strong></span> <span class='ocrx_word' id='word_1_406' title='bbox 795 1535 872 1588; x_wconf 73' lang='grc' dir='ltr'><strong>τῶν</strong></span> <span class='ocrx_word' id='word_1_407' title='bbox 888 1535 1083 1588; x_wconf 64' lang='grc' dir='ltr'><strong><em>χρημάτων</em></strong></span> <span class='ocrx_word' id='word_1_408' title='bbox 1102 1530 1123 1577; x_wconf 81' lang='grc' dir='ltr'>ἢ</span> <span class='ocrx_word' id='word_1_409' title='bbox 1144 1546 1254 1580; x_wconf 85' lang='grc' dir='ltr'><strong><em>πραγ-</em></strong></span> 
     </span>
    </p>
   </div>
   <div class='ocr_carea' id='block_1_17' title="bbox 1324 1396 2406 1578">
    <p class='ocr_par' dir='ltr' id='par_1_17' title="bbox 1324 1396 2406 1578">
     <span class='ocr_line' id='line_1_56' title="bbox 1326 1396 2404 1441; baseline 0.001 -11"><span class='ocrx_word' id='word_1_410' title='bbox 1326 1397 1493 1431; x_wconf 88' lang='lat' dir='ltr'><strong>damnum</strong></span> <span class='ocrx_word' id='word_1_411' title='bbox 1525 1397 1659 1432; x_wconf 89' lang='lat' dir='ltr'><strong>sarcire</strong></span> <span class='ocrx_word' id='word_1_412' title='bbox 1689 1396 1830 1431; x_wconf 93' lang='lat' dir='ltr'><strong>domino</strong></span> <span class='ocrx_word' id='word_1_413' title='bbox 1860 1406 1996 1438; x_wconf 89' lang='lat' dir='ltr'><strong>rerum,</strong></span> <span class='ocrx_word' id='word_1_414' title='bbox 2031 1406 2140 1441; x_wconf 88' lang='lat' dir='ltr'><strong>super</strong></span> <span class='ocrx_word' id='word_1_415' title='bbox 2162 1396 2232 1431; x_wconf 92' lang='lat' dir='ltr'><strong>hoc</strong></span> <span class='ocrx_word' id='word_1_416' title='bbox 2262 1399 2298 1431; x_wconf 89' lang='lat' dir='ltr'><strong>et</strong></span> <span class='ocrx_word' id='word_1_417' title='bbox 2320 1406 2404 1431; x_wconf 86' lang='lat' dir='ltr'><strong>usu-</strong></span> 
     </span>
     <span class='ocr_line' id='line_1_57' title="bbox 1324 1442 2405 1487; baseline -0.001 -11"><span class='ocrx_word' id='word_1_418' title='bbox 1324 1452 1400 1477; x_wconf 85' lang='lat' dir='ltr'><strong>ram</strong></span> <span class='ocrx_word' id='word_1_419' title='bbox 1431 1442 1573 1476; x_wconf 86' lang='lat' dir='ltr'><strong>tertiam</strong></span> <span class='ocrx_word' id='word_1_420' title='bbox 1606 1442 1819 1477; x_wconf 88' lang='lat' dir='ltr'><strong>centesimae</strong></span> <span class='ocrx_word' id='word_1_421' title='bbox 1851 1452 2045 1486; x_wconf 86' lang='lat' dir='ltr'><strong>agnoscere</strong></span> <span class='ocrx_word' id='word_1_422' title='bbox 2076 1442 2307 1487; x_wconf 88' lang='lat' dir='ltr'><strong>pecuniarum</strong></span> <span class='ocrx_word' id='word_1_423' title='bbox 2341 1444 2405 1477; x_wconf 86' lang='lat' dir='ltr'><strong>aut</strong></span> 
     </span>
     <span class='ocr_line' id='line_1_58' title="bbox 1324 1487 2406 1533; baseline -0.001 -11"><span class='ocrx_word' id='word_1_424' title='bbox 1324 1498 1453 1531; x_wconf 89' lang='lat' dir='ltr'><strong>rerum,</strong></span> <span class='ocrx_word' id='word_1_425' title='bbox 1478 1497 1565 1532; x_wconf 88' lang='lat' dir='ltr'><strong>quas</strong></span> <span class='ocrx_word' id='word_1_426' title='bbox 1590 1498 1662 1523; x_wconf 93' lang='lat' dir='ltr'><strong>non</strong></span> <span class='ocrx_word' id='word_1_427' title='bbox 1686 1487 1851 1532; x_wconf 84' lang='lat' dir='ltr'><strong>accipere</strong></span> <span class='ocrx_word' id='word_1_428' title='bbox 1874 1497 1939 1533; x_wconf 91' lang='lat' dir='ltr'><strong>per</strong></span> <span class='ocrx_word' id='word_1_429' title='bbox 1963 1497 2044 1522; x_wconf 90' lang='lat' dir='ltr'><strong>eum</strong></span> <span class='ocrx_word' id='word_1_430' title='bbox 2068 1487 2099 1522; x_wconf 91' lang='lat' dir='ltr'><strong>is</strong></span> <span class='ocrx_word' id='word_1_431' title='bbox 2127 1487 2186 1532; x_wconf 94' lang='lat' dir='ltr'><strong>qui</strong></span> <span class='ocrx_word' id='word_1_432' title='bbox 2210 1487 2406 1522; x_wconf 89' lang='lat' dir='ltr'><strong>secundum</strong></span> 
     </span>
     <span class='ocr_line' id='line_1_59' title="bbox 1324 1532 2405 1578; baseline -0.001 -10"><span class='ocrx_word' id='word_1_433' title='bbox 1324 1533 1420 1568; x_wconf 90' lang='lat' dir='ltr'><strong>hunc</strong></span> <span class='ocrx_word' id='word_1_434' title='bbox 1457 1533 1600 1568; x_wconf 88' lang='lat' dir='ltr'><strong>modum</strong></span> <span class='ocrx_word' id='word_1_435' title='bbox 1637 1533 1756 1569; x_wconf 90' lang='lat' dir='ltr'><strong>laesus</strong></span> <span class='ocrx_word' id='word_1_436' title='bbox 1792 1537 1847 1568; x_wconf 84' lang='lat' dir='ltr'><strong>est</strong></span> <span class='ocrx_word' id='word_1_437' title='bbox 1876 1533 1996 1568; x_wconf 91' lang='lat' dir='ltr'><strong>valuit.</strong></span> <span class='ocrx_word' id='word_1_438' title='bbox 2044 1533 2094 1567; x_wconf 92' lang='lat' dir='ltr'><strong>Et</strong></span> <span class='ocrx_word' id='word_1_439' title='bbox 2126 1542 2240 1578; x_wconf 91' lang='lat' dir='ltr'><strong>neque</strong></span> <span class='ocrx_word' id='word_1_440' title='bbox 2276 1532 2405 1578; x_wconf 87' lang='lat' dir='ltr'><strong>aliquis</strong></span> 
     </span>
    </p>
   </div>
   <div class='ocr_carea' id='block_1_18' title="bbox 175 1574 2404 1633">
    <p class='ocr_par' dir='ltr' id='par_1_18' title="bbox 175 1574 2404 1633">
     <span class='ocr_line' id='line_1_60' title="bbox 175 1574 2404 1633; baseline 0.001 -23"><span class='ocrx_word' id='word_1_441' title='bbox 175 1574 434 1632; x_wconf 32' lang='grc' dir='ltr'><strong><em>μρὶτωνκᾶπερ</em></strong></span> <span class='ocrx_word' id='word_1_442' title='bbox 459 1576 505 1611; x_wconf 76' lang='grc' dir='ltr'><strong>ἄν</strong></span> <span class='ocrx_word' id='word_1_443' title='bbox 527 1577 575 1621; x_wconf 80' lang='grc' dir='ltr'><strong>μὴ</strong></span> <span class='ocrx_word' id='word_1_444' title='bbox 602 1576 725 1622; x_wconf 81' lang='grc' dir='ltr'><strong><em>λαβεῖν</em></strong></span> <span class='ocrx_word' id='word_1_445' title='bbox 748 1576 796 1612; x_wconf 72' lang='grc' dir='ltr'><strong>δι’</strong></span> <span class='ocrx_word' id='word_1_446' title='bbox 825 1593 938 1613; x_wconf 82' lang='grc' dir='ltr'><strong><em>αυτον</em></strong></span> <span class='ocrx_word' id='word_1_447' title='bbox 963 1593 982 1612; x_wconf 86' lang='grc' dir='ltr'><strong>ο</strong></span> <span class='ocrx_word' id='word_1_448' title='bbox 1008 1579 1100 1614; x_wconf 78' lang='grc' dir='ltr'><strong><em>κατὰ</em></strong></span> <span class='ocrx_word' id='word_1_449' title='bbox 1125 1581 1257 1633; x_wconf 60' lang='grc' dir='ltr'><strong><em>τοῦτον</em></strong></span> <span class='ocrx_word' id='word_1_450' title='bbox 1270 1582 1311 1614; x_wconf 87' lang='lat'><strong>30</strong></span> <span class='ocrx_word' id='word_1_451' title='bbox 1325 1583 1484 1623; x_wconf 91' lang='lat' dir='ltr'><strong>opponat</strong></span> <span class='ocrx_word' id='word_1_452' title='bbox 1508 1578 1742 1620; x_wconf 88' lang='lat' dir='ltr'><strong>defensiones,</strong></span> <span class='ocrx_word' id='word_1_453' title='bbox 1773 1579 1855 1623; x_wconf 88' lang='lat' dir='ltr'><strong>quia</strong></span> <span class='ocrx_word' id='word_1_454' title='bbox 1879 1588 2050 1624; x_wconf 88' lang='lat' dir='ltr'><strong>praesens</strong></span> <span class='ocrx_word' id='word_1_455' title='bbox 2075 1582 2128 1614; x_wconf 91' lang='lat' dir='ltr'><strong>est</strong></span> <span class='ocrx_word' id='word_1_456' title='bbox 2153 1578 2185 1613; x_wconf 90' lang='lat' dir='ltr'><strong>ei</strong></span> <span class='ocrx_word' id='word_1_457' title='bbox 2208 1578 2404 1613; x_wconf 82' lang='lat' dir='ltr'><strong>exactionis</strong></span> 
     </span>
    </p>
   </div>
   <div class='ocr_carea' id='block_1_19' title="bbox 175 1620 1258 1814">
    <p class='ocr_par' dir='ltr' id='par_1_19' title="bbox 175 1620 1258 1814">
     <span class='ocr_line' id='line_1_61' title="bbox 175 1620 1257 1669; baseline 0.002 -13"><span class='ocrx_word' id='word_1_458' title='bbox 175 1637 242 1657; x_wconf 88' lang='grc' dir='ltr'><strong>τον</strong></span> <span class='ocrx_word' id='word_1_459' title='bbox 266 1635 405 1667; x_wconf 88' lang='grc' dir='ltr'><strong><em>τροπον</em></strong></span> <span class='ocrx_word' id='word_1_460' title='bbox 437 1620 645 1666; x_wconf 75' lang='grc' dir='ltr'><strong><em>ἠδικημένος</em></strong></span> <span class='ocrx_word' id='word_1_461' title='bbox 678 1624 840 1666; x_wconf 85' lang='grc' dir='ltr'><strong><em>ἰσχύσειε.</em></strong></span> <span class='ocrx_word' id='word_1_462' title='bbox 889 1628 948 1658; x_wconf 89' lang='grc' dir='ltr'><strong>καὶ</strong></span> <span class='ocrx_word' id='word_1_463' title='bbox 971 1622 1019 1669; x_wconf 80' lang='grc' dir='ltr'><strong>μή</strong></span> <span class='ocrx_word' id='word_1_464' title='bbox 1044 1636 1097 1659; x_wconf 87' lang='grc' dir='ltr'><strong>τις</strong></span> <span class='ocrx_word' id='word_1_465' title='bbox 1120 1638 1257 1658; x_wconf 84' lang='grc' dir='ltr'><strong><em>αντιτι-</em></strong></span> 
     </span>
     <span class='ocr_line' id='line_1_62' title="bbox 177 1665 1258 1715; baseline 0.001 -13"><span class='ocrx_word' id='word_1_466' title='bbox 177 1669 278 1702; x_wconf 69' lang='grc' dir='ltr'><strong><em>θέτω</em></strong></span> <span class='ocrx_word' id='word_1_467' title='bbox 310 1668 373 1702; x_wconf 81' lang='grc' dir='ltr'><strong>τὰς</strong></span> <span class='ocrx_word' id='word_1_468' title='bbox 405 1668 647 1710; x_wconf 67' lang='lat' dir='ltr'><strong>defensionne,</strong></span> <span class='ocrx_word' id='word_1_469' title='bbox 684 1665 742 1703; x_wconf 74' lang='grc' dir='ltr'><strong>ὅτι</strong></span> <span class='ocrx_word' id='word_1_470' title='bbox 774 1670 950 1715; x_wconf 87' lang='grc' dir='ltr'><strong><em>πάρεστιν</em></strong></span> <span class='ocrx_word' id='word_1_471' title='bbox 982 1667 1081 1714; x_wconf 72' lang='grc' dir='ltr'><strong><em>αὐτῷ</em></strong></span> <span class='ocrx_word' id='word_1_472' title='bbox 1112 1672 1164 1713; x_wconf 77' lang='grc' dir='ltr'><strong>τῷ</strong></span> <span class='ocrx_word' id='word_1_473' title='bbox 1195 1671 1258 1713; x_wconf 81' lang='grc' dir='ltr'><strong>τῆς</strong></span> 
     </span>
     <span class='ocr_line' id='line_1_63' title="bbox 176 1711 1256 1761; baseline 0.002 -15"><span class='ocrx_word' id='word_1_474' title='bbox 176 1711 403 1756; x_wconf 77' lang='grc' dir='ltr'><strong><em>ἀπαιτήσεως</em></strong></span> <span class='ocrx_word' id='word_1_475' title='bbox 423 1717 532 1760; x_wconf 85' lang='grc' dir='ltr'><strong><em>κυρίῳ</em></strong></span> <span class='ocrx_word' id='word_1_476' title='bbox 558 1712 661 1748; x_wconf 86' lang='grc' dir='ltr'><strong><em>δόντι</em></strong></span> <span class='ocrx_word' id='word_1_477' title='bbox 682 1714 892 1750; x_wconf 69' lang='lat' dir='ltr'><strong>defensionne</strong></span> <span class='ocrx_word' id='word_1_478' title='bbox 924 1713 946 1759; x_wconf 82' lang='grc' dir='ltr'><em>ἢ</em></span> <span class='ocrx_word' id='word_1_479' title='bbox 971 1717 1031 1750; x_wconf 81' lang='grc' dir='ltr'><strong><em>ἐπὶ</em></strong></span> <span class='ocrx_word' id='word_1_480' title='bbox 1055 1717 1117 1759; x_wconf 78' lang='grc' dir='ltr'><strong>τῆς</strong></span> <span class='ocrx_word' id='word_1_481' title='bbox 1140 1728 1256 1761; x_wconf 66' lang='lat' dir='ltr'><strong>napa-</strong></span> 
     </span>
     <span class='ocr_line' id='line_1_64' title="bbox 175 1756 1254 1814; baseline 0.002 -22"><span class='ocrx_word' id='word_1_482' title='bbox 175 1756 385 1814; x_wconf 54' lang='grc' dir='ltr'><strong><em>καταᾷήκης</em></strong></span> <span class='ocrx_word' id='word_1_483' title='bbox 417 1757 438 1802; x_wconf 86' lang='grc' dir='ltr'><em>ἢ</em></span> <span class='ocrx_word' id='word_1_484' title='bbox 470 1762 528 1793; x_wconf 77' lang='grc' dir='ltr'><strong><em>ἐπὶ</em></strong></span> <span class='ocrx_word' id='word_1_485' title='bbox 561 1761 637 1794; x_wconf 77' lang='grc' dir='ltr'><strong>τῶν</strong></span> <span class='ocrx_word' id='word_1_486' title='bbox 669 1758 791 1795; x_wconf 74' lang='grc' dir='ltr'><strong><em>ἄλλων</em></strong></span> <span class='ocrx_word' id='word_1_487' title='bbox 822 1758 1021 1806; x_wconf 75' lang='grc' dir='ltr'><strong><em>ἀναλαβεῖν</em></strong></span> <span class='ocrx_word' id='word_1_488' title='bbox 1056 1762 1102 1796; x_wconf 89' lang='grc' dir='ltr'><strong>τὰ</strong></span> <span class='ocrx_word' id='word_1_489' title='bbox 1134 1762 1254 1795; x_wconf 88' lang='grc' dir='ltr'><strong><em>οἰκεῖα.</em></strong></span> 
     </span>
    </p>
   </div>
   <div class='ocr_carea' id='block_1_20' title="bbox 1325 1623 2406 1806">
    <p class='ocr_par' dir='ltr' id='par_1_20' title="bbox 1325 1623 2406 1806">
     <span class='ocr_line' id='line_1_65' title="bbox 1325 1623 2405 1669; baseline -0.001 -10"><span class='ocrx_word' id='word_1_490' title='bbox 1325 1624 1467 1660; x_wconf 92' lang='lat' dir='ltr'><strong>domino</strong></span> <span class='ocrx_word' id='word_1_491' title='bbox 1501 1624 1600 1659; x_wconf 91' lang='lat' dir='ltr'><strong>danti</strong></span> <span class='ocrx_word' id='word_1_492' title='bbox 1633 1623 1874 1660; x_wconf 87' lang='lat' dir='ltr'><strong>defensionem</strong></span> <span class='ocrx_word' id='word_1_493' title='bbox 1905 1626 1967 1659; x_wconf 90' lang='lat' dir='ltr'><strong>aut</strong></span> <span class='ocrx_word' id='word_1_494' title='bbox 1991 1624 2028 1659; x_wconf 88' lang='lat' dir='ltr'><strong>in</strong></span> <span class='ocrx_word' id='word_1_495' title='bbox 2052 1623 2252 1669; x_wconf 89' lang='lat' dir='ltr'><strong>depositum</strong></span> <span class='ocrx_word' id='word_1_496' title='bbox 2283 1623 2405 1659; x_wconf 85' lang='lat' dir='ltr'><strong>autin</strong></span> 
     </span>
     <span class='ocr_line' id='line_1_66' title="bbox 1326 1668 2406 1715; baseline -0.001 -10"><span class='ocrx_word' id='word_1_497' title='bbox 1326 1670 1406 1705; x_wconf 87' lang='lat' dir='ltr'><strong>aliis</strong></span> <span class='ocrx_word' id='word_1_498' title='bbox 1430 1670 1590 1714; x_wconf 88' lang='lat' dir='ltr'><strong>recipere</strong></span> <span class='ocrx_word' id='word_1_499' title='bbox 1613 1670 1768 1715; x_wconf 85' lang='lat' dir='ltr'><strong>propria.</strong></span> <span class='ocrx_word' id='word_1_500' title='bbox 1816 1670 1898 1705; x_wconf 89' lang='lat' dir='ltr'><strong>Non</strong></span> <span class='ocrx_word' id='word_1_501' title='bbox 1918 1670 2012 1705; x_wconf 89' lang='lat' dir='ltr'><strong>enim</strong></span> <span class='ocrx_word' id='word_1_502' title='bbox 2037 1670 2201 1705; x_wconf 91' lang='lat' dir='ltr'><strong>omnibus</strong></span> <span class='ocrx_word' id='word_1_503' title='bbox 2225 1671 2280 1705; x_wconf 90' lang='lat' dir='ltr'><strong>est</strong></span> <span class='ocrx_word' id='word_1_504' title='bbox 2299 1668 2406 1704; x_wconf 86' lang='lat' dir='ltr'><strong>facile</strong></span> 
     </span>
     <span class='ocr_line' id='line_1_67' title="bbox 1325 1714 2405 1760; baseline -0.001 -10"><span class='ocrx_word' id='word_1_505' title='bbox 1325 1715 1569 1751; x_wconf 89' lang='lat' dir='ltr'><strong>fideiussorem</strong></span> <span class='ocrx_word' id='word_1_506' title='bbox 1594 1716 1783 1760; x_wconf 90' lang='lat' dir='ltr'><strong>praebere,</strong></span> <span class='ocrx_word' id='word_1_507' title='bbox 1808 1714 1940 1751; x_wconf 89' lang='lat' dir='ltr'><strong>nostris</strong></span> <span class='ocrx_word' id='word_1_508' title='bbox 1965 1715 2102 1759; x_wconf 87' lang='lat' dir='ltr'><strong>legibus</strong></span> <span class='ocrx_word' id='word_1_509' title='bbox 2128 1715 2263 1750; x_wconf 92' lang='lat' dir='ltr'><strong>nullam</strong></span> <span class='ocrx_word' id='word_1_510' title='bbox 2284 1714 2405 1750; x_wconf 89' lang='lat' dir='ltr'><strong>defen-</strong></span> 
     </span>
     <span class='ocr_line' id='line_1_68' title="bbox 1326 1760 2405 1806; baseline -0.002 -10"><span class='ocrx_word' id='word_1_511' title='bbox 1326 1761 1460 1796; x_wconf 87' lang='lat' dir='ltr'><strong>sionem</strong></span> <span class='ocrx_word' id='word_1_512' title='bbox 1484 1762 1627 1796; x_wconf 91' lang='lat' dir='ltr'><strong>omnino</strong></span> <span class='ocrx_word' id='word_1_513' title='bbox 1651 1765 1767 1796; x_wconf 87' lang='lat' dir='ltr'><strong>ratam</strong></span> <span class='ocrx_word' id='word_1_514' title='bbox 1791 1771 1869 1796; x_wconf 90' lang='lat' dir='ltr'><strong>esse</strong></span> <span class='ocrx_word' id='word_1_515' title='bbox 1892 1760 2107 1806; x_wconf 84' lang='lat' dir='ltr'><strong>ponentibus</strong></span> <span class='ocrx_word' id='word_1_516' title='bbox 2132 1761 2201 1796; x_wconf 92' lang='lat' dir='ltr'><strong>nisi</strong></span> <span class='ocrx_word' id='word_1_517' title='bbox 2222 1771 2302 1796; x_wconf 89' lang='lat' dir='ltr'><strong>cum</strong></span> <span class='ocrx_word' id='word_1_518' title='bbox 2318 1760 2405 1795; x_wconf 90' lang='lat' dir='ltr'><strong>fide-</strong></span> 
     </span>
    </p>
   </div>
   <div class='ocr_carea' id='block_1_21' title="bbox 176 1802 2404 1861">
    <p class='ocr_par' dir='ltr' id='par_1_21' title="bbox 176 1802 2404 1861">
     <span class='ocr_line' id='line_1_69' title="bbox 176 1802 2404 1861; baseline 0.001 -23"><span class='ocrx_word' id='word_1_519' title='bbox 176 1818 216 1838; x_wconf 87' lang='lat' dir='ltr'><strong>ov</strong></span> <span class='ocrx_word' id='word_1_520' title='bbox 248 1818 317 1851; x_wconf 80' lang='grc' dir='ltr'><strong>γαρ</strong></span> <span class='ocrx_word' id='word_1_521' title='bbox 349 1809 488 1839; x_wconf 83' lang='grc' dir='ltr'><strong><em>απασίν</em></strong></span> <span class='ocrx_word' id='word_1_522' title='bbox 519 1806 605 1859; x_wconf 46' lang='grc' dir='ltr'><strong><em>ἐστι(</em></strong></span> <span class='ocrx_word' id='word_1_523' title='bbox 629 1802 756 1851; x_wconf 74' lang='grc' dir='ltr'><strong><em>ῥᾴδιον</em></strong></span> <span class='ocrx_word' id='word_1_524' title='bbox 777 1807 950 1861; x_wconf 70' lang='grc' dir='ltr'><strong><em>ἐγγυητὴν</em></strong></span> <span class='ocrx_word' id='word_1_525' title='bbox 982 1809 1043 1841; x_wconf 83' lang='grc' dir='ltr'><strong><em>ἐπὶ</em></strong></span> <span class='ocrx_word' id='word_1_526' title='bbox 1065 1808 1109 1854; x_wconf 82' lang='grc' dir='ltr'><strong>τῇ</strong></span> <span class='ocrx_word' id='word_1_527' title='bbox 1134 1807 1252 1842; x_wconf 88' lang='lat' dir='ltr'><strong>defen·</strong></span> <span class='ocrx_word' id='word_1_528' title='bbox 1270 1809 1310 1841; x_wconf 88' lang='lat'><strong>35</strong></span> <span class='ocrx_word' id='word_1_529' title='bbox 1325 1807 1463 1842; x_wconf 90' lang='lat' dir='ltr'><strong>iussore</strong></span> <span class='ocrx_word' id='word_1_530' title='bbox 1487 1806 1568 1849; x_wconf 88' lang='lat' dir='ltr'><strong>fiat,</strong></span> <span class='ocrx_word' id='word_1_531' title='bbox 1598 1806 1842 1842; x_wconf 89' lang='lat' dir='ltr'><strong>fideiussorem</strong></span> <span class='ocrx_word' id='word_1_532' title='bbox 1875 1817 1957 1842; x_wconf 90' lang='lat' dir='ltr'><strong>vero</strong></span> <span class='ocrx_word' id='word_1_533' title='bbox 1982 1806 2125 1842; x_wconf 89' lang='lat' dir='ltr'><strong>omnino</strong></span> <span class='ocrx_word' id='word_1_534' title='bbox 2150 1806 2306 1841; x_wconf 88' lang='lat' dir='ltr'><strong>dandum</strong></span> <span class='ocrx_word' id='word_1_535' title='bbox 2328 1805 2404 1841; x_wconf 92' lang='lat' dir='ltr'><strong>ido-</strong></span> 
     </span>
    </p>
   </div>
   <div class='ocr_carea' id='block_1_22' title="bbox 176 1850 1255 2032">
    <p class='ocr_par' dir='ltr' id='par_1_22' title="bbox 176 1850 1255 2032">
     <span class='ocr_line' id='line_1_70' title="bbox 176 1850 1255 1897; baseline 0 -12"><span class='ocrx_word' id='word_1_536' title='bbox 176 1850 267 1897; x_wconf 75' lang='lat' dir='ltr'><strong>Sioni</strong></span> <span class='ocrx_word' id='word_1_537' title='bbox 287 1853 464 1896; x_wconf 79' lang='grc' dir='ltr'><strong><em>παρέχειν,</em></strong></span> <span class='ocrx_word' id='word_1_538' title='bbox 490 1851 566 1884; x_wconf 77' lang='grc' dir='ltr'><strong>τῶν</strong></span> <span class='ocrx_word' id='word_1_539' title='bbox 585 1865 606 1893; x_wconf 87' lang='grc' dir='ltr'><strong>η</strong></span> <span class='ocrx_word' id='word_1_540' title='bbox 636 1854 769 1896; x_wconf 88' lang='grc' dir='ltr'><strong><em>ετέρων</em></strong></span> <span class='ocrx_word' id='word_1_541' title='bbox 792 1866 920 1896; x_wconf 87' lang='grc' dir='ltr'><strong><em>νομων</em></strong></span> <span class='ocrx_word' id='word_1_542' title='bbox 936 1851 1114 1897; x_wconf 84' lang='grc' dir='ltr'><strong><em>μηδεμίαν</em></strong></span> <span class='ocrx_word' id='word_1_543' title='bbox 1135 1852 1255 1887; x_wconf 81' lang='lat' dir='ltr'><strong>defen-</strong></span> 
     </span>
     <span class='ocr_line' id='line_1_71' title="bbox 176 1894 1252 1943; baseline 0.002 -13"><span class='ocrx_word' id='word_1_544' title='bbox 176 1895 279 1931; x_wconf 82' lang='lat' dir='ltr'><strong>siona</strong></span> <span class='ocrx_word' id='word_1_545' title='bbox 304 1894 490 1930; x_wconf 81' lang='grc' dir='ltr'><strong><em>παντελῶς</em></strong></span> <span class='ocrx_word' id='word_1_546' title='bbox 514 1894 594 1936; x_wconf 63' lang='lat' dir='ltr'><strong>«igni</strong></span> <span class='ocrx_word' id='word_1_547' title='bbox 618 1910 703 1943; x_wconf 89' lang='grc' dir='ltr'><strong><em>ογον</em></strong></span> <span class='ocrx_word' id='word_1_548' title='bbox 727 1897 819 1931; x_wconf 84' lang='grc' dir='ltr'><strong><em>εἶναι</em></strong></span> <span class='ocrx_word' id='word_1_549' title='bbox 844 1898 1030 1932; x_wconf 68' lang='grc' dir='ltr'><strong><em>τιθέντων</em></strong></span> <span class='ocrx_word' id='word_1_550' title='bbox 1053 1899 1083 1932; x_wconf 85' lang='grc' dir='ltr'><strong>εἰ</strong></span> <span class='ocrx_word' id='word_1_551' title='bbox 1098 1897 1147 1943; x_wconf 84' lang='grc' dir='ltr'><strong>μὴ</strong></span> <span class='ocrx_word' id='word_1_552' title='bbox 1169 1896 1252 1942; x_wconf 68' lang='grc' dir='ltr'><strong><em>μετ’</em></strong></span> 
     </span>
     <span class='ocr_line' id='line_1_72' title="bbox 177 1940 1251 1988; baseline 0.003 -15"><span class='ocrx_word' id='word_1_553' title='bbox 177 1942 346 1987; x_wconf 79' lang='grc' dir='ltr'><strong><em>ἐγγυητοῦ</em></strong></span> <span class='ocrx_word' id='word_1_554' title='bbox 377 1944 528 1987; x_wconf 77' lang='grc' dir='ltr'><strong><em>γένοιτο,</em></strong></span> <span class='ocrx_word' id='word_1_555' title='bbox 563 1943 732 1988; x_wconf 81' lang='grc' dir='ltr'><strong><em>ἐγγυητοῦ</em></strong></span> <span class='ocrx_word' id='word_1_556' title='bbox 768 1941 807 1977; x_wconf 77' lang='grc' dir='ltr'><strong><em>δὲ</em></strong></span> <span class='ocrx_word' id='word_1_557' title='bbox 838 1944 986 1978; x_wconf 85' lang='grc' dir='ltr'><strong><em>πάντως</em></strong></span> <span class='ocrx_word' id='word_1_558' title='bbox 1017 1940 1181 1987; x_wconf 73' lang='grc' dir='ltr'><strong><em>εὐπορεῖν</em></strong></span> <span class='ocrx_word' id='word_1_559' title='bbox 1212 1940 1251 1977; x_wconf 68' lang='grc' dir='ltr'><strong>οὗ</strong></span> 
     </span>
     <span class='ocr_line' id='line_1_73' title="bbox 176 1983 1254 2032; baseline 0.004 -13"><span class='ocrx_word' id='word_1_560' title='bbox 176 1988 252 2020; x_wconf 80' lang='grc' dir='ltr'><strong>τῶν</strong></span> <span class='ocrx_word' id='word_1_561' title='bbox 284 1984 422 2032; x_wconf 79' lang='grc' dir='ltr'><strong><em>ῥᾳδίων</em></strong></span> <span class='ocrx_word' id='word_1_562' title='bbox 453 1983 536 2021; x_wconf 75' lang='grc' dir='ltr'><strong><em>οὐδὲ</em></strong></span> <span class='ocrx_word' id='word_1_563' title='bbox 566 1988 643 2021; x_wconf 78' lang='grc' dir='ltr'><strong>τῶν</strong></span> <span class='ocrx_word' id='word_1_564' title='bbox 674 1986 842 2023; x_wconf 81' lang='grc' dir='ltr'><strong><em>δυνατῶν</em></strong></span> <span class='ocrx_word' id='word_1_565' title='bbox 874 1986 1026 2023; x_wconf 76' lang='grc' dir='ltr'><strong><em>εὐκόλως</em></strong></span> <span class='ocrx_word' id='word_1_566' title='bbox 1049 1991 1136 2023; x_wconf 80' lang='grc' dir='ltr'><strong><em>ἐστι’.</em></strong></span> <span class='ocrx_word' id='word_1_567' title='bbox 1185 1990 1254 2023; x_wconf 78' lang='grc' dir='ltr'><strong>Διά</strong></span> 
     </span>
    </p>
   </div>
   <div class='ocr_carea' id='block_1_23' title="bbox 1325 1851 2405 1897">
    <p class='ocr_par' dir='ltr' id='par_1_23' title="bbox 1325 1851 2405 1897">
     <span class='ocr_line' id='line_1_74' title="bbox 1325 1851 2405 1897; baseline -0.002 -9"><span class='ocrx_word' id='word_1_568' title='bbox 1325 1863 1430 1888; x_wconf 90' lang='lat' dir='ltr'><strong>neum</strong></span> <span class='ocrx_word' id='word_1_569' title='bbox 1460 1863 1533 1888; x_wconf 90' lang='lat' dir='ltr'><strong>non</strong></span> <span class='ocrx_word' id='word_1_570' title='bbox 1565 1852 1671 1888; x_wconf 81' lang='lat' dir='ltr'><strong>facile</strong></span> <span class='ocrx_word' id='word_1_571' title='bbox 1702 1862 1818 1897; x_wconf 86' lang='lat' dir='ltr'><strong>neque</strong></span> <span class='ocrx_word' id='word_1_572' title='bbox 1844 1851 2019 1897; x_wconf 89' lang='lat' dir='ltr'><strong>possibile</strong></span> <span class='ocrx_word' id='word_1_573' title='bbox 2047 1851 2180 1897; x_wconf 86' lang='lat' dir='ltr'><strong>passim</strong></span> <span class='ocrx_word' id='word_1_574' title='bbox 2204 1854 2270 1888; x_wconf 87' lang='lat' dir='ltr'><strong>est.</strong></span> <span class='ocrx_word' id='word_1_575' title='bbox 2317 1851 2405 1886; x_wconf 90' lang='lat' dir='ltr'><strong>Pro-</strong></span> 
     </span>
    </p>
   </div>
   <div class='ocr_carea' id='block_1_24' title="bbox 178 2077 2410 2850">
    <p class='ocr_par' dir='ltr' id='par_1_24' title="bbox 178 2077 2410 2850">
     <span class='ocr_line' id='line_1_75' title="bbox 178 2077 2408 2124; baseline 0 -11"><span class='ocrx_word' id='word_1_576' title='bbox 178 2078 421 2124; x_wconf 79' lang='lat' dir='ltr'><strong>eroqationem</strong></span> <span class='ocrx_word' id='word_1_577' title='bbox 451 2077 558 2113; x_wconf 85' lang='lat' dir='ltr'><strong>velint</strong></span> <span class='ocrx_word' id='word_1_578' title='bbox 590 2082 696 2123; x_wconf 84' lang='lat' dir='ltr'><strong>atque</strong></span> <span class='ocrx_word' id='word_1_579' title='bbox 727 2089 806 2113; x_wconf 85' lang='lat' dir='ltr'><strong>eum</strong></span> <span class='ocrx_word' id='word_1_580' title='bbox 837 2078 900 2124; x_wconf 89' lang='lat' dir='ltr'><strong>qui</strong></span> <span class='ocrx_word' id='word_1_581' title='bbox 923 2079 1006 2114; x_wconf 85' lang='lat' dir='ltr'><strong>inde</strong></span> <span class='ocrx_word' id='word_1_582' title='bbox 1028 2079 1162 2120; x_wconf 82' lang='lat' dir='ltr'><strong>solum,</strong></span> <span class='ocrx_word' id='word_1_583' title='bbox 1197 2085 1236 2114; x_wconf 86' lang='lat' dir='ltr'><strong>ut</strong></span> <span class='ocrx_word' id='word_1_584' title='bbox 1258 2079 1376 2124; x_wconf 84' lang='lat' dir='ltr'><strong>ferme</strong></span> <span class='ocrx_word' id='word_1_585' title='bbox 1397 2079 1458 2124; x_wconf 81' lang='lat' dir='ltr'><strong>fit,</strong></span> <span class='ocrx_word' id='word_1_586' title='bbox 1491 2078 1604 2113; x_wconf 87' lang='lat' dir='ltr'><strong>alitur</strong></span> <span class='ocrx_word' id='word_1_587' title='bbox 1627 2078 1837 2123; x_wconf 79' lang='lat' dir='ltr'><strong>eroqatione</strong></span> <span class='ocrx_word' id='word_1_588' title='bbox 1864 2077 2030 2124; x_wconf 87' lang='lat' dir='ltr'><strong>privare,</strong></span> <span class='ocrx_word' id='word_1_589' title='bbox 2062 2089 2111 2114; x_wconf 77' lang='lat' dir='ltr'><strong>ex</strong></span> <span class='ocrx_word' id='word_1_590' title='bbox 2139 2089 2212 2124; x_wconf 87' lang='lat' dir='ltr'><strong>qua</strong></span> <span class='ocrx_word' id='word_1_591' title='bbox 2236 2078 2268 2114; x_wconf 89' lang='lat' dir='ltr'><strong>ei</strong></span> <span class='ocrx_word' id='word_1_592' title='bbox 2292 2078 2408 2114; x_wconf 88' lang='lat' dir='ltr'><strong>omnis</strong></span> 
     </span>
     <span class='ocr_line' id='line_1_76' title="bbox 178 2121 2407 2170; baseline 0 -12"><span class='ocrx_word' id='word_1_593' title='bbox 178 2123 290 2159; x_wconf 83' lang='lat' dir='ltr'><strong>victus</strong></span> <span class='ocrx_word' id='word_1_594' title='bbox 313 2123 408 2158; x_wconf 84' lang='lat' dir='ltr'><strong>ratio</strong></span> <span class='ocrx_word' id='word_1_595' title='bbox 433 2121 650 2168; x_wconf 86' lang='lat' dir='ltr'><strong>suppeditat.</strong></span> <span class='ocrx_word' id='word_1_596' title='bbox 697 2121 770 2157; x_wconf 85' lang='lat' dir='ltr'><strong>Sed</strong></span> <span class='ocrx_word' id='word_1_597' title='bbox 793 2122 862 2158; x_wconf 77' lang='lat' dir='ltr'><strong>lioc</strong></span> <span class='ocrx_word' id='word_1_598' title='bbox 883 2124 989 2158; x_wconf 88' lang='lat' dir='ltr'><strong>etiam</strong></span> <span class='ocrx_word' id='word_1_599' title='bbox 1013 2124 1162 2170; x_wconf 81' lang='lat' dir='ltr'><strong>qravius</strong></span> <span class='ocrx_word' id='word_1_600' title='bbox 1195 2129 1304 2169; x_wconf 86' lang='lat' dir='ltr'><strong>atque</strong></span> <span class='ocrx_word' id='word_1_601' title='bbox 1328 2123 1518 2169; x_wconf 75' lang='lat' dir='ltr'><strong>difficilius</strong></span> <span class='ocrx_word' id='word_1_602' title='bbox 1547 2123 1640 2158; x_wconf 88' lang='lat' dir='ltr'><strong>illud</strong></span> <span class='ocrx_word' id='word_1_603' title='bbox 1662 2128 1723 2158; x_wconf 84' lang='lat' dir='ltr'><strong>est.</strong></span> <span class='ocrx_word' id='word_1_604' title='bbox 1773 2122 1884 2159; x_wconf 88' lang='lat' dir='ltr'><strong>Multi</strong></span> <span class='ocrx_word' id='word_1_605' title='bbox 1913 2123 2007 2159; x_wconf 88' lang='lat' dir='ltr'><strong>enim</strong></span> <span class='ocrx_word' id='word_1_606' title='bbox 2038 2123 2235 2160; x_wconf 77' lang='lat' dir='ltr'><strong>invidentes</strong></span> <span class='ocrx_word' id='word_1_607' title='bbox 2268 2123 2312 2159; x_wconf 90' lang='lat' dir='ltr'><strong>iis</strong></span> <span class='ocrx_word' id='word_1_608' title='bbox 2345 2124 2407 2169; x_wconf 88' lang='lat' dir='ltr'><strong>qui</strong></span> 
     </span>
     <span class='ocr_line' id='line_1_77' title="bbox 179 2166 2407 2215; baseline 0.001 -13"><span class='ocrx_word' id='word_1_609' title='bbox 179 2168 305 2203; x_wconf 89' lang='lat' dir='ltr'><strong>domos</strong></span> <span class='ocrx_word' id='word_1_610' title='bbox 334 2168 372 2202; x_wconf 87' lang='lat' dir='ltr'><strong>in</strong></span> <span class='ocrx_word' id='word_1_611' title='bbox 403 2168 471 2202; x_wconf 75' lang='lat' dir='ltr'><strong>hac</strong></span> <span class='ocrx_word' id='word_1_612' title='bbox 501 2166 605 2212; x_wconf 82' lang='lat' dir='ltr'><strong>felici</strong></span> <span class='ocrx_word' id='word_1_613' title='bbox 637 2167 724 2202; x_wconf 84' lang='lat' dir='ltr'><strong>urbe</strong></span> <span class='ocrx_word' id='word_1_614' title='bbox 753 2168 958 2215; x_wconf 69' lang='lat' dir='ltr'><strong>possident,</strong></span> <span class='ocrx_word' id='word_1_615' title='bbox 992 2179 1070 2204; x_wconf 86' lang='lat' dir='ltr'><strong>cum</strong></span> <span class='ocrx_word' id='word_1_616' title='bbox 1094 2170 1292 2215; x_wconf 74' lang='lat' dir='ltr'><strong>pensiones</strong></span> <span class='ocrx_word' id='word_1_617' title='bbox 1323 2169 1367 2204; x_wconf 87' lang='lat' dir='ltr'><strong>ab</strong></span> <span class='ocrx_word' id='word_1_618' title='bbox 1398 2168 1585 2214; x_wconf 79' lang='lat' dir='ltr'><strong>inquilinis</strong></span> <span class='ocrx_word' id='word_1_619' title='bbox 1616 2168 1803 2214; x_wconf 82' lang='lat' dir='ltr'><strong>accepturi</strong></span> <span class='ocrx_word' id='word_1_620' title='bbox 1826 2172 1928 2210; x_wconf 85' lang='lat' dir='ltr'><strong>sunt,</strong></span> <span class='ocrx_word' id='word_1_621' title='bbox 1961 2179 2024 2204; x_wconf 90' lang='lat' dir='ltr'><strong>eos</strong></span> <span class='ocrx_word' id='word_1_622' title='bbox 2056 2172 2191 2205; x_wconf 81' lang='lat' dir='ltr'><strong>vexant</strong></span> <span class='ocrx_word' id='word_1_623' title='bbox 2218 2168 2407 2205; x_wconf 85' lang='lat' dir='ltr'><strong>denuntia-</strong></span> 
     </span>
     <span class='ocr_line' id='line_1_78' title="bbox 181 2212 2407 2261; baseline 0 -14"><span class='ocrx_word' id='word_1_624' title='bbox 181 2214 295 2248; x_wconf 85' lang='lat' dir='ltr'><strong>tiones</strong></span> <span class='ocrx_word' id='word_1_625' title='bbox 318 2213 505 2259; x_wconf 82' lang='lat' dir='ltr'><strong>inquilinis</strong></span> <span class='ocrx_word' id='word_1_626' title='bbox 529 2212 717 2253; x_wconf 82' lang='lat' dir='ltr'><strong>mittentes,</strong></span> <span class='ocrx_word' id='word_1_627' title='bbox 742 2223 786 2248; x_wconf 87' lang='lat' dir='ltr'><strong>ne</strong></span> <span class='ocrx_word' id='word_1_628' title='bbox 810 2213 884 2248; x_wconf 87' lang='lat' dir='ltr'><strong>illis</strong></span> <span class='ocrx_word' id='word_1_629' title='bbox 907 2213 1048 2249; x_wconf 85' lang='lat' dir='ltr'><strong>solvant</strong></span> <span class='ocrx_word' id='word_1_630' title='bbox 1056 2227 1070 2254; x_wconf 93' lang='lat'><strong>,·</strong></span> <span class='ocrx_word' id='word_1_631' title='bbox 1094 2218 1134 2249; x_wconf 90' lang='lat' dir='ltr'><strong>at</strong></span> <span class='ocrx_word' id='word_1_632' title='bbox 1152 2213 1190 2248; x_wconf 79' lang='lat' dir='ltr'><strong>lii</strong></span> <span class='ocrx_word' id='word_1_633' title='bbox 1206 2213 1539 2249; x_wconf 79' lang='lat' dir='ltr'><strong>denuntiationibus</strong></span> <span class='ocrx_word' id='word_1_634' title='bbox 1562 2213 1714 2248; x_wconf 83' lang='lat' dir='ltr'><strong>libenter</strong></span> <span class='ocrx_word' id='word_1_635' title='bbox 1738 2214 1895 2259; x_wconf 83' lang='lat' dir='ltr'><strong>acceptis</strong></span> <span class='ocrx_word' id='word_1_636' title='bbox 1913 2214 2054 2260; x_wconf 88' lang='lat' dir='ltr'><strong>partim</strong></span> <span class='ocrx_word' id='word_1_637' title='bbox 2075 2218 2230 2261; x_wconf 89' lang='lat' dir='ltr'><strong>propter</strong></span> <span class='ocrx_word' id='word_1_638' title='bbox 2245 2215 2407 2261; x_wconf 84' lang='lat' dir='ltr'><strong>inopiam</strong></span> 
     </span>
     <span class='ocr_line' id='line_1_79' title="bbox 178 2258 2406 2306; baseline 0 -13"><span class='ocrx_word' id='word_1_639' title='bbox 178 2258 279 2302; x_wconf 84' lang='lat' dir='ltr'><strong>forte</strong></span> <span class='ocrx_word' id='word_1_640' title='bbox 302 2258 497 2304; x_wconf 83' lang='lat' dir='ltr'><strong>pensiones</strong></span> <span class='ocrx_word' id='word_1_641' title='bbox 530 2262 744 2292; x_wconf 84' lang='lat' dir='ltr'><strong>consumunt</strong></span> <span class='ocrx_word' id='word_1_642' title='bbox 773 2258 910 2304; x_wconf 88' lang='lat' dir='ltr'><strong>partim</strong></span> <span class='ocrx_word' id='word_1_643' title='bbox 939 2270 1096 2304; x_wconf 82' lang='lat' dir='ltr'><strong>pe7·eqre</strong></span> <span class='ocrx_word' id='word_1_644' title='bbox 1127 2270 1176 2294; x_wconf 80' lang='lat' dir='ltr'><strong>ex</strong></span> <span class='ocrx_word' id='word_1_645' title='bbox 1206 2258 1275 2294; x_wconf 79' lang='lat' dir='ltr'><strong>hac</strong></span> <span class='ocrx_word' id='word_1_646' title='bbox 1307 2270 1441 2304; x_wconf 80' lang='lat' dir='ltr'><strong>maqna</strong></span> <span class='ocrx_word' id='word_1_647' title='bbox 1472 2259 1559 2294; x_wconf 87' lang='lat' dir='ltr'><strong>urbe</strong></span> <span class='ocrx_word' id='word_1_648' title='bbox 1583 2258 1789 2301; x_wconf 87' lang='lat' dir='ltr'><strong>discedunt,</strong></span> <span class='ocrx_word' id='word_1_649' title='bbox 1821 2259 1945 2304; x_wconf 88' lang='lat' dir='ltr'><strong>itaque</strong></span> <span class='ocrx_word' id='word_1_650' title='bbox 1966 2259 2083 2305; x_wconf 86' lang='lat' dir='ltr'><strong>plane</strong></span> <span class='ocrx_word' id='word_1_651' title='bbox 2113 2259 2298 2295; x_wconf 81' lang='lat' dir='ltr'><strong>intercidit</strong></span> <span class='ocrx_word' id='word_1_652' title='bbox 2312 2271 2406 2306; x_wconf 84' lang='lat' dir='ltr'><strong>pen-</strong></span> 
     </span>
     <span class='ocr_line' id='line_1_80' title="bbox 181 2302 2410 2348; baseline 0.001 -11"><span class='ocrx_word' id='word_1_653' title='bbox 181 2305 200 2338; x_wconf 85' lang='lat'>1</span> <span class='ocrx_word' id='word_1_654' title='bbox 246 2303 388 2337; x_wconf 84' lang='lat' dir='ltr'><strong>sionum</strong></span> <span class='ocrx_word' id='word_1_655' title='bbox 412 2302 512 2337; x_wconf 90' lang='lat' dir='ltr'><strong>datio</strong></span> <span class='ocrx_word' id='word_1_656' title='bbox 543 2302 587 2336; x_wconf 88' lang='lat' dir='ltr'><strong>iis</strong></span> <span class='ocrx_word' id='word_1_657' title='bbox 609 2303 674 2347; x_wconf 83' lang='lat' dir='ltr'><strong>qui</strong></span> <span class='ocrx_word' id='word_1_658' title='bbox 695 2302 777 2337; x_wconf 90' lang='lat' dir='ltr'><strong>inde</strong></span> <span class='ocrx_word' id='word_1_659' title='bbox 807 2306 848 2338; x_wconf 85' lang='lat' dir='ltr'><strong>ut</strong></span> <span class='ocrx_word' id='word_1_660' title='bbox 867 2304 913 2348; x_wconf 85' lang='lat' dir='ltr'><strong>fit</strong></span> <span class='ocrx_word' id='word_1_661' title='bbox 940 2304 1057 2338; x_wconf 90' lang='lat' dir='ltr'><strong>solum</strong></span> <span class='ocrx_word' id='word_1_662' title='bbox 1081 2303 1241 2345; x_wconf 88' lang='lat' dir='ltr'><strong>aluntur,</strong></span> <span class='ocrx_word' id='word_1_663' title='bbox 1274 2304 1380 2338; x_wconf 88' lang='lat' dir='ltr'><strong>sicuti</strong></span> <span class='ocrx_word' id='word_1_664' title='bbox 1404 2303 1511 2338; x_wconf 88' lang='lat' dir='ltr'><strong>modo</strong></span> <span class='ocrx_word' id='word_1_665' title='bbox 1544 2303 1588 2338; x_wconf 90' lang='lat' dir='ltr'><strong>de</strong></span> <span class='ocrx_word' id='word_1_666' title='bbox 1609 2303 1771 2338; x_wconf 82' lang='lat' dir='ltr'><strong>civilibus</strong></span> <span class='ocrx_word' id='word_1_667' title='bbox 1800 2304 1955 2339; x_wconf 88' lang='lat' dir='ltr'><strong>annonis</strong></span> <span class='ocrx_word' id='word_1_668' title='bbox 1979 2304 2149 2340; x_wconf 76' lang='lat' dir='ltr'><strong>diximus.</strong></span> <span class='ocrx_word' id='word_1_669' title='bbox 2263 2304 2410 2340; x_wconf 86' lang='lat' dir='ltr'><strong>Nemini</strong></span> 
     </span>
     <span class='ocr_line' id='line_1_81' title="bbox 182 2346 2407 2395; baseline 0.001 -12"><span class='ocrx_word' id='word_1_670' title='bbox 182 2348 294 2394; x_wconf 83' lang='lat' dir='ltr'><strong>iqitur</strong></span> <span class='ocrx_word' id='word_1_671' title='bbox 324 2347 432 2382; x_wconf 70' lang='lat' dir='ltr'><strong>liuius</strong></span> <span class='ocrx_word' id='word_1_672' title='bbox 464 2347 518 2382; x_wconf 87' lang='lat' dir='ltr'><strong>rei</strong></span> <span class='ocrx_word' id='word_1_673' title='bbox 551 2347 731 2382; x_wconf 88' lang='lat' dir='ltr'><strong>licentiam</strong></span> <span class='ocrx_word' id='word_1_674' title='bbox 763 2346 907 2391; x_wconf 89' lang='lat' dir='ltr'><strong>damus,</strong></span> <span class='ocrx_word' id='word_1_675' title='bbox 940 2348 1004 2383; x_wconf 89' lang='lat' dir='ltr'><strong>sed</strong></span> <span class='ocrx_word' id='word_1_676' title='bbox 1034 2349 1068 2383; x_wconf 88' lang='lat' dir='ltr'><strong>si</strong></span> <span class='ocrx_word' id='word_1_677' title='bbox 1095 2359 1204 2394; x_wconf 86' lang='lat' dir='ltr'><strong>quam</strong></span> <span class='ocrx_word' id='word_1_678' title='bbox 1239 2349 1321 2394; x_wconf 88' lang='lat' dir='ltr'><strong>quis</strong></span> <span class='ocrx_word' id='word_1_679' title='bbox 1355 2347 1487 2383; x_wconf 81' lang='lat' dir='ltr'><strong>lzabeat</strong></span> <span class='ocrx_word' id='word_1_680' title='bbox 1522 2358 1669 2383; x_wconf 87' lang='lat' dir='ltr'><strong>causam</strong></span> <span class='ocrx_word' id='word_1_681' title='bbox 1706 2348 1879 2383; x_wconf 87' lang='lat' dir='ltr'><strong>adversus</strong></span> <span class='ocrx_word' id='word_1_682' title='bbox 1913 2360 1993 2384; x_wconf 90' lang='lat' dir='ltr'><strong>eum</strong></span> <span class='ocrx_word' id='word_1_683' title='bbox 2028 2351 2094 2395; x_wconf 89' lang='lat' dir='ltr'><strong>qui</strong></span> <span class='ocrx_word' id='word_1_684' title='bbox 2125 2349 2193 2385; x_wconf 84' lang='lat' dir='ltr'><strong>sibi</strong></span> <span class='ocrx_word' id='word_1_685' title='bbox 2228 2349 2407 2386; x_wconf 77' lang='lat' dir='ltr'><strong>obnoxius</strong></span> 
     </span>
     <span class='ocr_line' id='line_1_82' title="bbox 181 2391 2408 2441; baseline 0.001 -14"><span class='ocrx_word' id='word_1_686' title='bbox 181 2397 244 2434; x_wconf 89' lang='lat' dir='ltr'><strong>est,</strong></span> <span class='ocrx_word' id='word_1_687' title='bbox 277 2404 321 2429; x_wconf 86' lang='lat' dir='ltr'><strong>ne</strong></span> <span class='ocrx_word' id='word_1_688' title='bbox 345 2394 378 2428; x_wconf 88' lang='lat' dir='ltr'><strong>ei</strong></span> <span class='ocrx_word' id='word_1_689' title='bbox 401 2404 533 2428; x_wconf 87' lang='lat' dir='ltr'><strong>causae</strong></span> <span class='ocrx_word' id='word_1_690' title='bbox 556 2391 754 2428; x_wconf 86' lang='lat' dir='ltr'><strong>indormiat</strong></span> <span class='ocrx_word' id='word_1_691' title='bbox 776 2397 885 2438; x_wconf 85' lang='lat' dir='ltr'><strong>atque</strong></span> <span class='ocrx_word' id='word_1_692' title='bbox 907 2393 1101 2429; x_wconf 83' lang='lat' dir='ltr'><strong>illiberales</strong></span> <span class='ocrx_word' id='word_1_693' title='bbox 1152 2394 1248 2428; x_wconf 87' lang='lat' dir='ltr'><strong>otius</strong></span> <span class='ocrx_word' id='word_1_694' title='bbox 1271 2397 1307 2428; x_wconf 87' lang='lat' dir='ltr'><strong>et</strong></span> <span class='ocrx_word' id='word_1_695' title='bbox 1331 2393 1446 2428; x_wconf 88' lang='lat' dir='ltr'><strong>omnis</strong></span> <span class='ocrx_word' id='word_1_696' title='bbox 1469 2392 1625 2428; x_wconf 86' lang='lat' dir='ltr'><strong>invidiae</strong></span> <span class='ocrx_word' id='word_1_697' title='bbox 1641 2393 1775 2439; x_wconf 87' lang='lat' dir='ltr'><strong>plenas</strong></span> <span class='ocrx_word' id='word_1_698' title='bbox 1799 2392 2090 2430; x_wconf 86' lang='lat' dir='ltr'><strong>denuntiationes</strong></span> <span class='ocrx_word' id='word_1_699' title='bbox 2113 2395 2313 2441; x_wconf 76' lang='lat' dir='ltr'><strong>excoqitet:</strong></span> <span class='ocrx_word' id='word_1_700' title='bbox 2343 2400 2408 2430; x_wconf 85' lang='lat' dir='ltr'><strong>aut</strong></span> 
     </span>
     <span class='ocr_line' id='line_1_83' title="bbox 181 2405 2406 2492; baseline 0.001 -19"><span class='ocrx_word' id='word_1_701' title='bbox 181 2439 287 2480; x_wconf 86' lang='lat' dir='ltr'><strong>sciat,</strong></span> <span class='ocrx_word' id='word_1_702' title='bbox 320 2439 354 2473; x_wconf 87' lang='lat' dir='ltr'><strong>si</strong></span> <span class='ocrx_word' id='word_1_703' title='bbox 376 2438 463 2484; x_wconf 89' lang='lat' dir='ltr'><strong>quid</strong></span> <span class='ocrx_word' id='word_1_704' title='bbox 487 2437 661 2473; x_wconf 89' lang='lat' dir='ltr'><strong>eiusmodi</strong></span> <span class='ocrx_word' id='word_1_705' title='bbox 685 2438 800 2483; x_wconf 76' lang='lat' dir='ltr'><strong>eqerit</strong></span> <span class='ocrx_word' id='word_1_706' title='bbox 830 2443 939 2484; x_wconf 89' lang='lat' dir='ltr'><strong>atque</strong></span> <span class='ocrx_word' id='word_1_707' title='bbox 968 2450 1036 2473; x_wconf 90' lang='lat' dir='ltr'><strong>sua</strong></span> <span class='ocrx_word' id='word_1_708' title='bbox 1067 2405 1176 2484; x_wconf 48' lang='lat' dir='ltr'><strong>sulza</strong></span> <span class='ocrx_word' id='word_1_709' title='bbox 1207 2438 1266 2474; x_wconf 86' lang='lat' dir='ltr'><strong>vel</strong></span> <span class='ocrx_word' id='word_1_710' title='bbox 1281 2449 1422 2490; x_wconf 87' lang='lat' dir='ltr'><strong>panum</strong></span> <span class='ocrx_word' id='word_1_711' title='bbox 1445 2438 1610 2483; x_wconf 83' lang='lat' dir='ltr'><strong>eroqatio</strong></span> <span class='ocrx_word' id='word_1_712' title='bbox 1645 2438 1700 2474; x_wconf 86' lang='lat' dir='ltr'><strong>vel</strong></span> <span class='ocrx_word' id='word_1_713' title='bbox 1748 2438 1934 2473; x_wconf 88' lang='lat' dir='ltr'><strong>ensionum</strong></span> <span class='ocrx_word' id='word_1_714' title='bbox 1957 2439 2058 2475; x_wconf 89' lang='lat' dir='ltr'><strong>datio</strong></span> <span class='ocrx_word' id='word_1_715' title='bbox 2081 2440 2279 2483; x_wconf 83' lang='lat' dir='ltr'><strong>interierit,</strong></span> <span class='ocrx_word' id='word_1_716' title='bbox 2305 2440 2406 2492; x_wconf 89' lang='lat' dir='ltr'><strong>peri-</strong></span> 
     </span>
     <span class='ocr_line' id='line_1_84' title="bbox 182 2483 2408 2530; baseline 0.001 -12"><span class='ocrx_word' id='word_1_717' title='bbox 182 2483 300 2518; x_wconf 84' lang='lat' dir='ltr'><strong>culum</strong></span> <span class='ocrx_word' id='word_1_718' title='bbox 324 2484 401 2519; x_wconf 87' lang='lat' dir='ltr'><strong>eius</strong></span> <span class='ocrx_word' id='word_1_719' title='bbox 424 2483 477 2519; x_wconf 87' lang='lat' dir='ltr'><strong>rei</strong></span> <span class='ocrx_word' id='word_1_720' title='bbox 500 2494 537 2518; x_wconf 88' lang='lat' dir='ltr'><strong>se</strong></span> <span class='ocrx_word' id='word_1_721' title='bbox 561 2483 677 2529; x_wconf 84' lang='lat' dir='ltr'><strong>ipsum</strong></span> <span class='ocrx_word' id='word_1_722' title='bbox 699 2483 899 2518; x_wconf 83' lang='lat' dir='ltr'><strong>subiturum</strong></span> <span class='ocrx_word' id='word_1_723' title='bbox 923 2494 1010 2526; x_wconf 88' lang='lat' dir='ltr'><strong>esse,</strong></span> <span class='ocrx_word' id='word_1_724' title='bbox 1035 2495 1114 2519; x_wconf 90' lang='lat' dir='ltr'><strong>cum</strong></span> <span class='ocrx_word' id='word_1_725' title='bbox 1138 2483 1447 2519; x_wconf 80' lang='lat' dir='ltr'><strong>denuntiationem</strong></span> <span class='ocrx_word' id='word_1_726' title='bbox 1470 2483 1658 2529; x_wconf 85' lang='lat' dir='ltr'><strong>inquilinis</strong></span> <span class='ocrx_word' id='word_1_727' title='bbox 1680 2483 1709 2518; x_wconf 88' lang='lat' dir='ltr'><strong>il</strong></span> <span class='ocrx_word' id='word_1_728' title='bbox 1722 2484 1795 2519; x_wconf 87' lang='lat' dir='ltr'><strong>isve</strong></span> <span class='ocrx_word' id='word_1_729' title='bbox 1818 2484 1883 2529; x_wconf 88' lang='lat' dir='ltr'><strong>qui</strong></span> <span class='ocrx_word' id='word_1_730' title='bbox 1901 2495 2018 2530; x_wconf 86' lang='lat' dir='ltr'><strong>panes</strong></span> <span class='ocrx_word' id='word_1_731' title='bbox 2040 2485 2247 2521; x_wconf 84' lang='lat' dir='ltr'><strong>ministrant</strong></span> <span class='ocrx_word' id='word_1_732' title='bbox 2269 2486 2408 2522; x_wconf 78' lang='lat' dir='ltr'><strong>miserit</strong></span> 
     </span>
     <span class='ocr_line' id='line_1_85' title="bbox 184 2527 2406 2578; baseline 0.001 -14"><span class='ocrx_word' id='word_1_733' title='bbox 184 2529 238 2564; x_wconf 77' lang='lat' dir='ltr'><strong>vel</strong></span> <span class='ocrx_word' id='word_1_734' title='bbox 260 2540 442 2564; x_wconf 86' lang='lat' dir='ltr'><strong>annonam</strong></span> <span class='ocrx_word' id='word_1_735' title='bbox 466 2528 701 2574; x_wconf 80' lang='lat' dir='ltr'><strong>suspenderit.</strong></span> <span class='ocrx_word' id='word_1_736' title='bbox 752 2527 877 2574; x_wconf 83' lang='lat' dir='ltr'><strong>Neque</strong></span> <span class='ocrx_word' id='word_1_737' title='bbox 901 2529 993 2564; x_wconf 87' lang='lat' dir='ltr'><strong>enim</strong></span> <span class='ocrx_word' id='word_1_738' title='bbox 1023 2528 1152 2564; x_wconf 78' lang='lat' dir='ltr'><strong>horum</strong></span> <span class='ocrx_word' id='word_1_739' title='bbox 1184 2529 1376 2574; x_wconf 86' lang='lat' dir='ltr'><strong>quicquam</strong></span> <span class='ocrx_word' id='word_1_740' title='bbox 1409 2529 1552 2564; x_wconf 89' lang='lat' dir='ltr'><strong>omnino</strong></span> <span class='ocrx_word' id='word_1_741' title='bbox 1581 2529 1664 2573; x_wconf 83' lang='lat' dir='ltr'><strong>fieri</strong></span> <span class='ocrx_word' id='word_1_742' title='bbox 1687 2528 1873 2570; x_wconf 85' lang='lat' dir='ltr'><strong>volumus;</strong></span> <span class='ocrx_word' id='word_1_743' title='bbox 1907 2529 1972 2565; x_wconf 90' lang='lat' dir='ltr'><strong>sed</strong></span> <span class='ocrx_word' id='word_1_744' title='bbox 1993 2541 2043 2565; x_wconf 83' lang='lat' dir='ltr'><strong>ex</strong></span> <span class='ocrx_word' id='word_1_745' title='bbox 2066 2541 2138 2576; x_wconf 91' lang='lat' dir='ltr'><strong>quo</strong></span> <span class='ocrx_word' id='word_1_746' title='bbox 2165 2534 2324 2578; x_wconf 86' lang='lat' dir='ltr'><strong>tempore</strong></span> <span class='ocrx_word' id='word_1_747' title='bbox 2347 2531 2406 2567; x_wconf 85' lang='lat' dir='ltr'><strong>de-</strong></span> 
     </span>
     <span class='ocr_line' id='line_1_86' title="bbox 183 2573 2406 2625; baseline 0.002 -17"><span class='ocrx_word' id='word_1_748' title='bbox 183 2574 445 2610; x_wconf 81' lang='lat' dir='ltr'><strong>nuntiationem</strong></span> <span class='ocrx_word' id='word_1_749' title='bbox 474 2574 607 2625; x_wconf 81' lang='lat' dir='ltr'><strong>fecerit</strong></span> <span class='ocrx_word' id='word_1_750' title='bbox 636 2573 820 2609; x_wconf 85' lang='lat' dir='ltr'><strong>sancimus</strong></span> <span class='ocrx_word' id='word_1_751' title='bbox 850 2585 928 2609; x_wconf 90' lang='lat' dir='ltr'><strong>eum</strong></span> <span class='ocrx_word' id='word_1_752' title='bbox 959 2585 1061 2609; x_wconf 87' lang='lat' dir='ltr'><strong>omne</strong></span> <span class='ocrx_word' id='word_1_753' title='bbox 1086 2574 1253 2609; x_wconf 88' lang='lat' dir='ltr'><strong>damnum</strong></span> <span class='ocrx_word' id='word_1_754' title='bbox 1277 2585 1397 2609; x_wconf 87' lang='lat' dir='ltr'><strong>rerum</strong></span> <span class='ocrx_word' id='word_1_755' title='bbox 1420 2573 1564 2609; x_wconf 89' lang='lat' dir='ltr'><strong>domino</strong></span> <span class='ocrx_word' id='word_1_756' title='bbox 1588 2574 1783 2616; x_wconf 85' lang='lat' dir='ltr'><strong>resarcire,</strong></span> <span class='ocrx_word' id='word_1_757' title='bbox 1816 2578 1924 2620; x_wconf 86' lang='lat' dir='ltr'><strong>atque</strong></span> <span class='ocrx_word' id='word_1_758' title='bbox 1954 2575 2104 2622; x_wconf 84' lang='lat' dir='ltr'><strong>insuper</strong></span> <span class='ocrx_word' id='word_1_759' title='bbox 2127 2577 2235 2611; x_wconf 88' lang='lat' dir='ltr'><strong>etiam</strong></span> <span class='ocrx_word' id='word_1_760' title='bbox 2259 2587 2406 2612; x_wconf 89' lang='lat' dir='ltr'><strong>usuram</strong></span> 
     </span>
     <span class='ocr_line' id='line_1_87' title="bbox 179 2619 2407 2668; baseline 0.002 -15"><span class='ocrx_word' id='word_1_761' title='bbox 179 2624 372 2666; x_wconf 85' lang='lat' dir='ltr'><strong>praestare</strong></span> <span class='ocrx_word' id='word_1_762' title='bbox 397 2624 538 2654; x_wconf 80' lang='lat' dir='ltr'><strong>tertiam</strong></span> <span class='ocrx_word' id='word_1_763' title='bbox 564 2619 774 2654; x_wconf 86' lang='lat' dir='ltr'><strong>centesimae</strong></span> <span class='ocrx_word' id='word_1_764' title='bbox 797 2620 1037 2665; x_wconf 81' lang='lat' dir='ltr'><strong>pecuniarum</strong></span> <span class='ocrx_word' id='word_1_765' title='bbox 1062 2630 1240 2661; x_wconf 91' lang='lat' dir='ltr'><strong>rerumve,</strong></span> <span class='ocrx_word' id='word_1_766' title='bbox 1273 2629 1515 2665; x_wconf 85' lang='lat' dir='ltr'><strong>quascumque</strong></span> <span class='ocrx_word' id='word_1_767' title='bbox 1543 2623 1698 2666; x_wconf 88' lang='lat' dir='ltr'><strong>propter</strong></span> <span class='ocrx_word' id='word_1_768' title='bbox 1729 2621 1847 2666; x_wconf 90' lang='lat' dir='ltr'><strong>ipsum</strong></span> <span class='ocrx_word' id='word_1_769' title='bbox 1871 2620 2036 2667; x_wconf 86' lang='lat' dir='ltr'><strong>accipere</strong></span> <span class='ocrx_word' id='word_1_770' title='bbox 2065 2632 2137 2657; x_wconf 89' lang='lat' dir='ltr'><strong>non</strong></span> <span class='ocrx_word' id='word_1_771' title='bbox 2154 2621 2322 2668; x_wconf 85' lang='lat' dir='ltr'><strong>potuerit</strong></span> <span class='ocrx_word' id='word_1_772' title='bbox 2344 2623 2407 2667; x_wconf 88' lang='lat' dir='ltr'><strong>qui</strong></span> 
     </span>
     <span class='ocr_line' id='line_1_88' title="bbox 182 2664 2407 2711; baseline 0.002 -12"><span class='ocrx_word' id='word_1_773' title='bbox 182 2665 250 2700; x_wconf 74' lang='lat' dir='ltr'><strong>leoc</strong></span> <span class='ocrx_word' id='word_1_774' title='bbox 267 2664 373 2700; x_wconf 90' lang='lat' dir='ltr'><strong>modo</strong></span> <span class='ocrx_word' id='word_1_775' title='bbox 394 2664 523 2699; x_wconf 89' lang='lat' dir='ltr'><strong>damno</strong></span> <span class='ocrx_word' id='word_1_776' title='bbox 543 2664 696 2709; x_wconf 83' lang='lat' dir='ltr'><strong>affectus</strong></span> <span class='ocrx_word' id='word_1_777' title='bbox 712 2669 773 2699; x_wconf 88' lang='lat' dir='ltr'><strong>est.</strong></span> <span class='ocrx_word' id='word_1_778' title='bbox 823 2664 920 2700; x_wconf 85' lang='lat' dir='ltr'><strong>Neve</strong></span> <span class='ocrx_word' id='word_1_779' title='bbox 938 2665 1128 2711; x_wconf 88' lang='lat' dir='ltr'><strong>quisquam</strong></span> <span class='ocrx_word' id='word_1_780' title='bbox 1152 2664 1382 2710; x_wconf 85' lang='lat' dir='ltr'><strong>defensiones</strong></span> <span class='ocrx_word' id='word_1_781' title='bbox 1403 2669 1578 2710; x_wconf 86' lang='lat' dir='ltr'><strong>opponat,</strong></span> <span class='ocrx_word' id='word_1_782' title='bbox 1605 2665 1740 2711; x_wconf 81' lang='lat' dir='ltr'><strong>quippe</strong></span> <span class='ocrx_word' id='word_1_783' title='bbox 1757 2665 1789 2700; x_wconf 83' lang='lat' dir='ltr'><strong>ei</strong></span> <span class='ocrx_word' id='word_1_784' title='bbox 1809 2665 1822 2699; x_wconf 88' lang='lat' dir='ltr'><strong>i</strong></span> <span class='ocrx_word' id='word_1_785' title='bbox 1848 2666 1891 2707; x_wconf 86' lang='lat' dir='ltr'><strong>si,</strong></span> <span class='ocrx_word' id='word_1_786' title='bbox 1916 2667 1982 2711; x_wconf 89' lang='lat' dir='ltr'><strong>qui</strong></span> <span class='ocrx_word' id='word_1_787' title='bbox 2001 2666 2058 2701; x_wconf 89' lang='lat' dir='ltr'><strong>ius</strong></span> <span class='ocrx_word' id='word_1_788' title='bbox 2077 2666 2140 2702; x_wconf 79' lang='lat' dir='ltr'><strong>exi</strong></span> <span class='ocrx_word' id='word_1_789' title='bbox 2166 2667 2249 2702; x_wconf 85' lang='lat' dir='ltr'><strong>endi</strong></span> <span class='ocrx_word' id='word_1_790' title='bbox 2264 2667 2407 2709; x_wconf 79' lang='lat' dir='ltr'><strong>habeat,</strong></span> 
     </span>
     <span class='ocr_line' id='line_1_89' title="bbox 183 2676 2409 2759; baseline 0.001 -14"><span class='ocrx_word' id='word_1_791' title='bbox 183 2710 270 2745; x_wconf 84' lang='lat' dir='ltr'><strong>data</strong></span> <span class='ocrx_word' id='word_1_792' title='bbox 294 2710 517 2755; x_wconf 86' lang='lat' dir='ltr'><strong>defensionis</strong></span> <span class='ocrx_word' id='word_1_793' title='bbox 541 2709 707 2745; x_wconf 85' lang='lat' dir='ltr'><strong>cautione</strong></span> <span class='ocrx_word' id='word_1_794' title='bbox 730 2709 785 2745; x_wconf 84' lang='lat' dir='ltr'><strong>vel</strong></span> <span class='ocrx_word' id='word_1_795' title='bbox 804 2710 841 2744; x_wconf 87' lang='lat' dir='ltr'><strong>in</strong></span> <span class='ocrx_word' id='word_1_796' title='bbox 857 2709 1022 2756; x_wconf 86' lang='lat' dir='ltr'><strong>deposito</strong></span> <span class='ocrx_word' id='word_1_797' title='bbox 1048 2710 1104 2745; x_wconf 84' lang='lat' dir='ltr'><strong>vel</strong></span> <span class='ocrx_word' id='word_1_798' title='bbox 1126 2710 1163 2744; x_wconf 88' lang='lat' dir='ltr'><strong>in</strong></span> <span class='ocrx_word' id='word_1_799' title='bbox 1182 2710 1332 2755; x_wconf 83' lang='lat' dir='ltr'><strong>reliquis</strong></span> <span class='ocrx_word' id='word_1_800' title='bbox 1355 2721 1422 2744; x_wconf 88' lang='lat' dir='ltr'><strong>sua</strong></span> <span class='ocrx_word' id='word_1_801' title='bbox 1442 2710 1602 2756; x_wconf 83' lang='lat' dir='ltr'><strong>recipere</strong></span> <span class='ocrx_word' id='word_1_802' title='bbox 1627 2710 1742 2746; x_wconf 86' lang='lat' dir='ltr'><strong>licere.</strong></span> <span class='ocrx_word' id='word_1_803' title='bbox 1791 2676 1918 2756; x_wconf 49' lang='lat' dir='ltr'><strong>hiique</strong></span> <span class='ocrx_word' id='word_1_804' title='bbox 1932 2712 2026 2746; x_wconf 87' lang='lat' dir='ltr'><strong>enim</strong></span> <span class='ocrx_word' id='word_1_805' title='bbox 2047 2713 2144 2747; x_wconf 88' lang='lat' dir='ltr'><strong>omni</strong></span> <span class='ocrx_word' id='word_1_806' title='bbox 2166 2723 2209 2747; x_wconf 89' lang='lat' dir='ltr'><strong>us</strong></span> <span class='ocrx_word' id='word_1_807' title='bbox 2225 2712 2339 2759; x_wconf 84' lang='lat' dir='ltr'><strong>facile</strong></span> <span class='ocrx_word' id='word_1_808' title='bbox 2354 2716 2409 2749; x_wconf 84' lang='lat' dir='ltr'><strong>est</strong></span> 
     </span>
     <span class='ocr_line' id='line_1_90' title="bbox 179 2754 2406 2802; baseline 0.002 -12"><span class='ocrx_word' id='word_1_809' title='bbox 179 2755 427 2800; x_wconf 83' lang='lat' dir='ltr'><strong>fideiussorem</strong></span> <span class='ocrx_word' id='word_1_810' title='bbox 452 2754 495 2790; x_wconf 84' lang='lat' dir='ltr'><strong>ob</strong></span> <span class='ocrx_word' id='word_1_811' title='bbox 517 2754 763 2800; x_wconf 85' lang='lat' dir='ltr'><strong>defensionem</strong></span> <span class='ocrx_word' id='word_1_812' title='bbox 781 2760 987 2802; x_wconf 88' lang='lat' dir='ltr'><strong>praestare,</strong></span> <span class='ocrx_word' id='word_1_813' title='bbox 1011 2754 1187 2801; x_wconf 87' lang='lat' dir='ltr'><strong>siquidem</strong></span> <span class='ocrx_word' id='word_1_814' title='bbox 1208 2755 1303 2801; x_wconf 81' lang='lat' dir='ltr'><strong>leqes</strong></span> <span class='ocrx_word' id='word_1_815' title='bbox 1327 2759 1473 2790; x_wconf 87' lang='lat' dir='ltr'><strong>nostrae</strong></span> <span class='ocrx_word' id='word_1_816' title='bbox 1493 2755 1628 2790; x_wconf 89' lang='lat' dir='ltr'><strong>nullam</strong></span> <span class='ocrx_word' id='word_1_817' title='bbox 1647 2755 1758 2801; x_wconf 86' lang='lat' dir='ltr'><strong>plane</strong></span> <span class='ocrx_word' id='word_1_818' title='bbox 1781 2755 2028 2801; x_wconf 87' lang='lat' dir='ltr'><strong>defensionem</strong></span> <span class='ocrx_word' id='word_1_819' title='bbox 2051 2757 2219 2793; x_wconf 88' lang='lat' dir='ltr'><strong>idoneam</strong></span> <span class='ocrx_word' id='word_1_820' title='bbox 2238 2769 2315 2794; x_wconf 90' lang='lat' dir='ltr'><strong>esse</strong></span> <span class='ocrx_word' id='word_1_821' title='bbox 2333 2762 2406 2793; x_wconf 84' lang='lat' dir='ltr'><strong>sta-</strong></span> 
     </span>
     <span class='ocr_line' id='line_1_91' title="bbox 185 2800 2405 2850; baseline 0.001 -14"><span class='ocrx_word' id='word_1_822' title='bbox 185 2805 289 2836; x_wconf 83' lang='lat' dir='ltr'><strong>tuunt</strong></span> <span class='ocrx_word' id='word_1_823' title='bbox 305 2801 376 2835; x_wconf 84' lang='lat' dir='ltr'><strong>nisi</strong></span> <span class='ocrx_word' id='word_1_824' title='bbox 392 2812 486 2846; x_wconf 87' lang='lat' dir='ltr'><strong>quae</strong></span> <span class='ocrx_word' id='word_1_825' title='bbox 500 2811 571 2846; x_wconf 81' lang='lat' dir='ltr'><strong>per</strong></span> <span class='ocrx_word' id='word_1_826' title='bbox 583 2800 833 2844; x_wconf 81' lang='lat' dir='ltr'><strong>fideiussorem</strong></span> <span class='ocrx_word' id='word_1_827' title='bbox 846 2801 926 2845; x_wconf 83' lang='lat' dir='ltr'><strong>siat,</strong></span> <span class='ocrx_word' id='word_1_828' title='bbox 951 2811 1067 2846; x_wconf 85' lang='lat' dir='ltr'><strong>neque</strong></span> <span class='ocrx_word' id='word_1_829' title='bbox 1091 2811 1174 2835; x_wconf 88' lang='lat' dir='ltr'><strong>vero</strong></span> <span class='ocrx_word' id='word_1_830' title='bbox 1189 2801 1404 2845; x_wconf 80' lang='lat' dir='ltr'><strong>fideiussore</strong></span> <span class='ocrx_word' id='word_1_831' title='bbox 1426 2810 1565 2847; x_wconf 87' lang='lat' dir='ltr'><strong>semper</strong></span> <span class='ocrx_word' id='word_1_832' title='bbox 1587 2801 1672 2846; x_wconf 83' lang='lat' dir='ltr'><strong>frui</strong></span> <span class='ocrx_word' id='word_1_833' title='bbox 1691 2801 1805 2846; x_wconf 86' lang='lat' dir='ltr'><strong>facile</strong></span> <span class='ocrx_word' id='word_1_834' title='bbox 1821 2806 1875 2837; x_wconf 89' lang='lat' dir='ltr'><strong>est</strong></span> <span class='ocrx_word' id='word_1_835' title='bbox 1897 2806 1932 2837; x_wconf 91' lang='lat' dir='ltr'><strong>et</strong></span> <span class='ocrx_word' id='word_1_836' title='bbox 1954 2802 2032 2838; x_wconf 91' lang='lat' dir='ltr'><strong>sine</strong></span> <span class='ocrx_word' id='word_1_837' title='bbox 2049 2803 2193 2849; x_wconf 81' lang='lat' dir='ltr'><strong>neqotio</strong></span> <span class='ocrx_word' id='word_1_838' title='bbox 2217 2804 2405 2850; x_wconf 84' lang='lat' dir='ltr'><strong>continqit.</strong></span> 
     </span>
    </p>
   </div>
   <div class='ocr_carea' id='block_1_25' title="bbox 185 2887 1298 3079">
    <p class='ocr_par' dir='ltr' id='par_1_25' title="bbox 185 2887 1298 3079">
     <span class='ocr_line' id='line_1_92' title="bbox 239 2887 1298 2934; baseline 0 -11"><span class='ocrx_word' id='word_1_839' title='bbox 239 2893 313 2934; x_wconf 82' lang='lat' dir='ltr'><strong>lsq.</strong></span> <span class='ocrx_word' id='word_1_840' title='bbox 338 2888 406 2923; x_wconf 80' lang='grc' dir='ltr'><strong>τὸν</strong></span> <span class='ocrx_word' id='word_1_841' title='bbox 425 2910 466 2914; x_wconf 85' lang='lat'>-</span> <span class='ocrx_word' id='word_1_842' title='bbox 492 2887 725 2934; x_wconf 85' lang='grc' dir='ltr'><strong><em>τρεφόμενον]</em></strong></span> <span class='ocrx_word' id='word_1_843' title='bbox 758 2902 811 2923; x_wconf 88' lang='lat' dir='ltr'><strong>eos</strong></span> <span class='ocrx_word' id='word_1_844' title='bbox 835 2892 893 2933; x_wconf 87' lang='lat' dir='ltr'><strong>qui</strong></span> <span class='ocrx_word' id='word_1_845' title='bbox 921 2911 960 2915; x_wconf 90' lang='lat'><em>-</em></span> <span class='ocrx_word' id='word_1_846' title='bbox 984 2892 1184 2923; x_wconf 84' lang='lat' dir='ltr'><strong>nutriuntur</strong></span> <span class='ocrx_word' id='word_1_847' title='bbox 1209 2903 1228 2927; x_wconf 87' lang='grc' dir='ltr'><strong>ς</strong></span> <span class='ocrx_word' id='word_1_848' title='bbox 1250 2891 1261 2934; x_wconf 91' lang='grc'><strong>11</strong></span> <span class='ocrx_word' id='word_1_849' title='bbox 1295 2898 1298 2931; x_wconf 80' lang='grc' dir='ltr'>Ι</span> 
     </span>
     <span class='ocr_line' id='line_1_93' title="bbox 185 2934 1297 2980; baseline -0.001 -10"><span class='ocrx_word' id='word_1_850' title='bbox 185 2940 203 2971; x_wconf 87' lang='grc'><strong>5</strong></span> <span class='ocrx_word' id='word_1_851' title='bbox 229 2936 289 2978; x_wconf 70' lang='grc' dir='ltr'><strong>τῆς</strong></span> <span class='ocrx_word' id='word_1_852' title='bbox 310 2937 351 2969; x_wconf 88' lang='lat' dir='ltr'><em>M</em></span> <span class='ocrx_word' id='word_1_853' title='bbox 368 2935 380 2980; x_wconf 90' lang='grc'><strong>11</strong></span> <span class='ocrx_word' id='word_1_854' title='bbox 403 2938 627 2979; x_wconf 73' lang='grc' dir='ltr'><strong><em>κεκτημένοις</em></strong></span> <span class='ocrx_word' id='word_1_855' title='bbox 650 2936 761 2969; x_wconf 86' lang='grc' dir='ltr'><strong><em>οἰκίας</em></strong></span> <span class='ocrx_word' id='word_1_856' title='bbox 781 2937 831 2970; x_wconf 79' lang='lat' dir='ltr'><strong>Bf</strong></span> <span class='ocrx_word' id='word_1_857' title='bbox 847 2938 858 2979; x_wconf 97' lang='grc'><strong>11</strong></span> <span class='ocrx_word' id='word_1_858' title='bbox 884 2939 904 2970; x_wconf 82' lang='grc'><strong>9</strong></span> <span class='ocrx_word' id='word_1_859' title='bbox 928 2934 1170 2980; x_wconf 84' lang='grc' dir='ltr'><strong><em>καταβάλλειν</em></strong></span> <span class='ocrx_word' id='word_1_860' title='bbox 1194 2950 1261 2969; x_wconf 82' lang='lat' dir='ltr'><strong>cum</strong></span> <span class='ocrx_word' id='word_1_861' title='bbox 1295 2940 1297 2950; x_wconf 88' lang='lat'><strong>¹</strong></span> 
     </span>
     <span class='ocr_line' id='line_1_94' title="bbox 188 2978 1261 3025; baseline -0.001 -10"><span class='ocrx_word' id='word_1_862' title='bbox 188 2983 370 3024; x_wconf 62' lang='lat' dir='ltr'><strong>Smimyero</strong></span> <span class='ocrx_word' id='word_1_863' title='bbox 394 2982 479 3025; x_wconf 79' lang='lat' dir='ltr'><strong>vulq.</strong></span> <span class='ocrx_word' id='word_1_864' title='bbox 497 2981 508 3025; x_wconf 95' lang='grc'><strong>11</strong></span> <span class='ocrx_word' id='word_1_865' title='bbox 537 2984 576 3015; x_wconf 88' lang='grc'><strong>10</strong></span> <span class='ocrx_word' id='word_1_866' title='bbox 602 2979 719 3024; x_wconf 79' lang='grc' dir='ltr'><strong><em>οἱμὲν</em></strong></span> <span class='ocrx_word' id='word_1_867' title='bbox 744 2995 801 3014; x_wconf 89' lang='lat' dir='ltr'><strong>om.</strong></span> <span class='ocrx_word' id='word_1_868' title='bbox 818 2982 870 3014; x_wconf 76' lang='grc' dir='ltr'><strong>ΒΓ</strong></span> <span class='ocrx_word' id='word_1_869' title='bbox 890 2984 920 3015; x_wconf 84' lang='lat' dir='ltr'><strong>in</strong></span> <span class='ocrx_word' id='word_1_870' title='bbox 940 2983 1000 3015; x_wconf 88' lang='lat' dir='ltr'><strong>lac.</strong></span> <span class='ocrx_word' id='word_1_871' title='bbox 1020 2982 1032 3025; x_wconf 97' lang='grc'><strong>11</strong></span> <span class='ocrx_word' id='word_1_872' title='bbox 1061 2984 1099 3016; x_wconf 86' lang='grc'><strong>11</strong></span> <span class='ocrx_word' id='word_1_873' title='bbox 1126 2978 1261 3015; x_wconf 61' lang='lat' dir='ltr'><strong>adrev?</strong></span> 
     </span>
     <span class='ocr_line' id='line_1_95' title="bbox 186 3023 1262 3079; baseline 0.001 -21"><span class='ocrx_word' id='word_1_874' title='bbox 186 3027 232 3059; x_wconf 91' lang='lat' dir='ltr'><strong>L¹</strong></span> <span class='ocrx_word' id='word_1_875' title='bbox 250 3026 262 3069; x_wconf 91' lang='grc'><strong>11</strong></span> <span class='ocrx_word' id='word_1_876' title='bbox 280 3028 339 3058; x_wconf 85' lang='grc' dir='ltr'><strong>καὶ</strong></span> <span class='ocrx_word' id='word_1_877' title='bbox 353 3027 423 3066; x_wconf 83' lang='grc' dir='ltr'><strong>Μς]</strong></span> <span class='ocrx_word' id='word_1_878' title='bbox 449 3039 506 3059; x_wconf 89' lang='lat' dir='ltr'><strong>om.</strong></span> <span class='ocrx_word' id='word_1_879' title='bbox 525 3027 590 3059; x_wconf 69' lang='grc' dir='ltr'><strong>ΕΒ</strong></span> <span class='ocrx_word' id='word_1_880' title='bbox 609 3026 621 3070; x_wconf 93' lang='grc'><strong>11</strong></span> <span class='ocrx_word' id='word_1_881' title='bbox 641 3028 679 3060; x_wconf 92' lang='grc'><strong>13</strong></span> <span class='ocrx_word' id='word_1_882' title='bbox 696 3023 1021 3079; x_wconf 71' lang='grc' dir='ltr'><strong><em>ἀποστρεφομένοις</em></strong></span> <span class='ocrx_word' id='word_1_883' title='bbox 1034 3028 1084 3060; x_wconf 80' lang='lat' dir='ltr'><strong>La</strong></span> <span class='ocrx_word' id='word_1_884' title='bbox 1103 3027 1115 3070; x_wconf 95' lang='grc'><strong>11</strong></span> <span class='ocrx_word' id='word_1_885' title='bbox 1135 3030 1172 3061; x_wconf 83' lang='lat'><strong>15</strong></span> <span class='ocrx_word' id='word_1_886' title='bbox 1186 3026 1262 3061; x_wconf 86' lang='grc' dir='ltr'><strong>τοὺ-</strong></span> 
     </span>
    </p>
   </div>
   <div class='ocr_carea' id='block_1_26' title="bbox 1330 2891 2408 3074">
    <p class='ocr_par' dir='ltr' id='par_1_26' title="bbox 1330 2891 2408 3074">
     <span class='ocr_line' id='line_1_96' title="bbox 1330 2891 2408 2928; baseline 0.004 -5"><span class='ocrx_word' id='word_1_887' title='bbox 1330 2892 1364 2923; x_wconf 90' lang='lat' dir='ltr'><strong>in</strong></span> <span class='ocrx_word' id='word_1_888' title='bbox 1390 2891 1478 2923; x_wconf 86' lang='lat' dir='ltr'><strong>bacis</strong></span> <span class='ocrx_word' id='word_1_889' title='bbox 1499 2891 1618 2924; x_wconf 85' lang='lat' dir='ltr'><strong>Bamb.</strong></span> <span class='ocrx_word' id='word_1_890' title='bbox 1634 2891 1677 2924; x_wconf 94' lang='grc' dir='ltr'><strong>ΙΙ</strong></span> <span class='ocrx_word' id='word_1_891' title='bbox 1696 2892 1732 2923; x_wconf 89' lang='lat' dir='ltr'><strong>in</strong></span> <span class='ocrx_word' id='word_1_892' title='bbox 1751 2894 1827 2925; x_wconf 88' lang='lat' dir='ltr'><strong>actu</strong></span> <span class='ocrx_word' id='word_1_893' title='bbox 1846 2892 1894 2925; x_wconf 80' lang='lat' dir='ltr'><strong>R2</strong></span> <span class='ocrx_word' id='word_1_894' title='bbox 1917 2893 1959 2925; x_wconf 83' lang='lat' dir='ltr'><strong>al.</strong></span> <span class='ocrx_word' id='word_1_895' title='bbox 1980 2893 2015 2925; x_wconf 91' lang='lat' dir='ltr'><strong>in</strong></span> <span class='ocrx_word' id='word_1_896' title='bbox 2037 2893 2097 2926; x_wconf 90' lang='lat' dir='ltr'><strong>hac</strong></span> <span class='ocrx_word' id='word_1_897' title='bbox 2122 2894 2174 2926; x_wconf 85' lang='lat' dir='ltr'><strong>uti</strong></span> <span class='ocrx_word' id='word_1_898' title='bbox 2197 2907 2222 2927; x_wconf 83' lang='lat' dir='ltr'><strong>s.</strong></span> <span class='ocrx_word' id='word_1_899' title='bbox 2237 2907 2265 2928; x_wconf 87' lang='lat' dir='ltr'><strong>v.</strong></span> <span class='ocrx_word' id='word_1_900' title='bbox 2283 2893 2334 2927; x_wconf 77' lang='grc' dir='ltr'><strong>Τ2</strong></span> <span class='ocrx_word' id='word_1_901' title='bbox 2356 2894 2408 2927; x_wconf 83' lang='lat' dir='ltr'><strong>uti</strong></span> 
     </span>
     <span class='ocr_line' id='line_1_97' title="bbox 1331 2936 2407 2982; baseline 0.004 -14"><span class='ocrx_word' id='word_1_902' title='bbox 1331 2937 1449 2970; x_wconf 88' lang='lat' dir='ltr'><strong>Bamb.</strong></span> <span class='ocrx_word' id='word_1_903' title='bbox 1465 2936 1488 2969; x_wconf 94' lang='lat' dir='ltr'><em>I</em></span> <span class='ocrx_word' id='word_1_904' title='bbox 1496 2949 1577 2969; x_wconf 88' lang='lat' dir='ltr'><strong>corr.</strong></span> <span class='ocrx_word' id='word_1_905' title='bbox 1603 2936 1814 2977; x_wconf 86' lang='lat' dir='ltr'><strong>(imbanchiti</strong></span> <span class='ocrx_word' id='word_1_906' title='bbox 1835 2939 1921 2982; x_wconf 78' lang='lat' dir='ltr'><strong>vulq.</strong></span> <span class='ocrx_word' id='word_1_907' title='bbox 1946 2941 2205 2981; x_wconf 85' lang='grc' dir='ltr'><strong><em>βασκαίνοντες</em></strong></span> <span class='ocrx_word' id='word_1_908' title='bbox 2233 2941 2407 2981; x_wconf 82' lang='lat' dir='ltr'><strong>Cuiacius).</strong></span> 
     </span>
     <span class='ocr_line' id='line_1_98' title="bbox 1332 2980 2408 3028; baseline 0.004 -14"><span class='ocrx_word' id='word_1_909' title='bbox 1332 2982 1458 3015; x_wconf 86' lang='lat' dir='ltr'><strong>Seclusi</strong></span> <span class='ocrx_word' id='word_1_910' title='bbox 1465 2980 1476 3025; x_wconf 88' lang='grc'><strong>11</strong></span> <span class='ocrx_word' id='word_1_911' title='bbox 1485 2981 1670 3014; x_wconf 88' lang='lat' dir='ltr'><strong>invidentes</strong></span> <span class='ocrx_word' id='word_1_912' title='bbox 1684 2983 1825 3023; x_wconf 80' lang='lat' dir='ltr'><strong>Gentius]</strong></span> <span class='ocrx_word' id='word_1_913' title='bbox 1836 2993 1903 3016; x_wconf 90' lang='lat' dir='ltr'><strong>non</strong></span> <span class='ocrx_word' id='word_1_914' title='bbox 1912 2984 2071 3017; x_wconf 90' lang='lat' dir='ltr'><strong>uidentur</strong></span> <span class='ocrx_word' id='word_1_915' title='bbox 2081 2985 2230 3025; x_wconf 87' lang='lat' dir='ltr'><strong>(uidetur</strong></span> <span class='ocrx_word' id='word_1_916' title='bbox 2239 2984 2299 3027; x_wconf 78' lang='lat' dir='ltr'><strong>R1)</strong></span> <span class='ocrx_word' id='word_1_917' title='bbox 2311 2986 2387 3018; x_wconf 86' lang='lat' dir='ltr'><strong>libri</strong></span> <span class='ocrx_word' id='word_1_918' title='bbox 2396 2985 2408 3028; x_wconf 89' lang='grc'><strong>11</strong></span> 
     </span>
     <span class='ocr_line' id='line_1_99' title="bbox 1332 3026 2406 3074; baseline 0.001 -13"><span class='ocrx_word' id='word_1_919' title='bbox 1332 3029 1351 3061; x_wconf 86' lang='grc'><strong>6</strong></span> <span class='ocrx_word' id='word_1_920' title='bbox 1376 3027 1497 3059; x_wconf 80' lang='lat' dir='ltr'><strong>futuris</strong></span> <span class='ocrx_word' id='word_1_921' title='bbox 1519 3027 1565 3059; x_wconf 92' lang='lat' dir='ltr'><strong>V¹</strong></span> <span class='ocrx_word' id='word_1_922' title='bbox 1579 3027 1610 3059; x_wconf 89' lang='lat' dir='ltr'><em>T</em></span> <span class='ocrx_word' id='word_1_923' title='bbox 1617 3026 1639 3067; x_wconf 89' lang='lat'><strong>¹]</strong></span> <span class='ocrx_word' id='word_1_924' title='bbox 1665 3027 1772 3060; x_wconf 80' lang='lat' dir='ltr'><strong>futuri</strong></span> <span class='ocrx_word' id='word_1_925' title='bbox 1792 3030 1871 3061; x_wconf 78' lang='lat' dir='ltr'><strong>sunt</strong></span> <span class='ocrx_word' id='word_1_926' title='bbox 1886 3029 1975 3062; x_wconf 82' lang='lat' dir='ltr'><strong>RT2</strong></span> <span class='ocrx_word' id='word_1_927' title='bbox 1999 3029 2106 3062; x_wconf 85' lang='lat' dir='ltr'><strong>futuri</strong></span> <span class='ocrx_word' id='word_1_928' title='bbox 2127 3030 2175 3063; x_wconf 87' lang='lat' dir='ltr'><strong>V³</strong></span> <span class='ocrx_word' id='word_1_929' title='bbox 2196 3029 2209 3074; x_wconf 96' lang='grc'><strong>11</strong></span> <span class='ocrx_word' id='word_1_930' title='bbox 2233 3030 2406 3072; x_wconf 83' lang='lat' dir='ltr'><strong>possessio-</strong></span> 
     </span>
    </p>
   </div>
   <div class='ocr_carea' id='block_1_27' title="bbox 172 3067 1266 3524">
    <p class='ocr_par' dir='ltr' id='par_1_27' title="bbox 172 3067 1266 3524">
     <span class='ocr_line' id='line_1_100' title="bbox 186 3067 1262 3115; baseline 0.002 -11"><span class='ocrx_word' id='word_1_931' title='bbox 186 3073 259 3111; x_wconf 87' lang='grc' dir='ltr'><strong><em>του]</em></strong></span> <span class='ocrx_word' id='word_1_932' title='bbox 284 3071 474 3103; x_wconf 81' lang='lat' dir='ltr'><strong>huiusmodi</strong></span> <span class='ocrx_word' id='word_1_933' title='bbox 498 3083 516 3107; x_wconf 85' lang='grc' dir='ltr'><strong>ς</strong></span> <span class='ocrx_word' id='word_1_934' title='bbox 533 3071 545 3114; x_wconf 89' lang='grc'><strong>11</strong></span> <span class='ocrx_word' id='word_1_935' title='bbox 574 3073 612 3105; x_wconf 86' lang='grc'><strong>17</strong></span> <span class='ocrx_word' id='word_1_936' title='bbox 640 3067 749 3105; x_wconf 73' lang='grc' dir='ltr'><strong><em>αὐτοῦ</em></strong></span> <span class='ocrx_word' id='word_1_937' title='bbox 775 3073 851 3105; x_wconf 81' lang='lat' dir='ltr'><strong>iibri</strong></span> <span class='ocrx_word' id='word_1_938' title='bbox 867 3072 879 3115; x_wconf 95' lang='grc'><strong>11</strong></span> <span class='ocrx_word' id='word_1_939' title='bbox 905 3084 1025 3114; x_wconf 79' lang='grc' dir='ltr'><strong><em>τούτῳ</em></strong></span> <span class='ocrx_word' id='word_1_940' title='bbox 1047 3073 1113 3114; x_wconf 82' lang='grc' dir='ltr'><strong>μὲν</strong></span> <span class='ocrx_word' id='word_1_941' title='bbox 1137 3086 1193 3107; x_wconf 90' lang='lat' dir='ltr'><strong>om.</strong></span> <span class='ocrx_word' id='word_1_942' title='bbox 1210 3085 1228 3109; x_wconf 87' lang='grc' dir='ltr'><strong>ς</strong></span> <span class='ocrx_word' id='word_1_943' title='bbox 1251 3072 1262 3109; x_wconf 85' lang='grc'><strong>11</strong></span> 
     </span>
     <span class='ocr_line' id='line_1_101' title="bbox 189 3115 1263 3161; baseline 0.001 -12"><span class='ocrx_word' id='word_1_944' title='bbox 189 3118 228 3149; x_wconf 76' lang='grc'><strong>19</strong></span> <span class='ocrx_word' id='word_1_945' title='bbox 254 3117 421 3149; x_wconf 85' lang='grc' dir='ltr'><strong><em>ἐννοείτω</em></strong></span> <span class='ocrx_word' id='word_1_946' title='bbox 448 3117 483 3148; x_wconf 97' lang='grc' dir='ltr'><em>Β</em></span> <span class='ocrx_word' id='word_1_947' title='bbox 500 3116 511 3160; x_wconf 92' lang='grc'><strong>11</strong></span> <span class='ocrx_word' id='word_1_948' title='bbox 537 3118 578 3149; x_wconf 83' lang='grc'><strong>20</strong></span> <span class='ocrx_word' id='word_1_949' title='bbox 604 3115 779 3161; x_wconf 82' lang='grc' dir='ltr'><strong><em>πράξαιεν</em></strong></span> <span class='ocrx_word' id='word_1_950' title='bbox 796 3118 831 3150; x_wconf 90' lang='grc' dir='ltr'><em>Β</em></span> <span class='ocrx_word' id='word_1_951' title='bbox 851 3118 862 3158; x_wconf 93' lang='grc'><strong>11</strong></span> <span class='ocrx_word' id='word_1_952' title='bbox 885 3119 923 3151; x_wconf 83' lang='grc'><strong>21</strong></span> <span class='ocrx_word' id='word_1_953' title='bbox 951 3116 996 3150; x_wconf 88' lang='grc' dir='ltr'><strong>τὰ</strong></span> <span class='ocrx_word' id='word_1_954' title='bbox 1019 3117 1081 3159; x_wconf 82' lang='grc' dir='ltr'><strong>τῆς</strong></span> <span class='ocrx_word' id='word_1_955' title='bbox 1105 3118 1193 3158; x_wconf 83' lang='grc' dir='ltr'><strong><em>τῶν]</em></strong></span> <span class='ocrx_word' id='word_1_956' title='bbox 1217 3117 1263 3150; x_wconf 83' lang='grc' dir='ltr'><strong>τὰ</strong></span> 
     </span>
     <span class='ocr_line' id='line_1_102' title="bbox 187 3160 1261 3207; baseline 0.002 -14"><span class='ocrx_word' id='word_1_957' title='bbox 187 3174 244 3193; x_wconf 87' lang='lat' dir='ltr'><strong>om.</strong></span> <span class='ocrx_word' id='word_1_958' title='bbox 261 3162 310 3193; x_wconf 55' lang='grc' dir='ltr'><strong>ΒΟ</strong></span> <span class='ocrx_word' id='word_1_959' title='bbox 326 3163 337 3204; x_wconf 92' lang='grc'><strong>11</strong></span> <span class='ocrx_word' id='word_1_960' title='bbox 358 3163 398 3194; x_wconf 86' lang='grc'><strong>23</strong></span> <span class='ocrx_word' id='word_1_961' title='bbox 416 3162 499 3202; x_wconf 89' lang='grc' dir='ltr'><strong><em>τοῖς]</em></strong></span> <span class='ocrx_word' id='word_1_962' title='bbox 520 3161 560 3193; x_wconf 83' lang='grc' dir='ltr'><strong>ἐν</strong></span> <span class='ocrx_word' id='word_1_963' title='bbox 575 3164 646 3194; x_wconf 85' lang='grc' dir='ltr'><strong><em>τοῖς</em></strong></span> <span class='ocrx_word' id='word_1_964' title='bbox 664 3163 694 3194; x_wconf 93' lang='lat' dir='ltr'><em>L</em></span> <span class='ocrx_word' id='word_1_965' title='bbox 712 3162 724 3205; x_wconf 93' lang='grc'><strong>11</strong></span> <span class='ocrx_word' id='word_1_966' title='bbox 741 3160 775 3204; x_wconf 80' lang='grc' dir='ltr'><strong>ἢ]</strong></span> <span class='ocrx_word' id='word_1_967' title='bbox 795 3165 827 3194; x_wconf 85' lang='lat' dir='ltr'><strong>et</strong></span> <span class='ocrx_word' id='word_1_968' title='bbox 844 3174 862 3198; x_wconf 84' lang='grc' dir='ltr'><strong>ς</strong></span> <span class='ocrx_word' id='word_1_969' title='bbox 880 3162 891 3205; x_wconf 95' lang='grc'><strong>11</strong></span> <span class='ocrx_word' id='word_1_970' title='bbox 909 3164 981 3197; x_wconf 81' lang='grc' dir='ltr'><strong><em>τοῖς</em></strong></span> <span class='ocrx_word' id='word_1_971' title='bbox 997 3163 1198 3207; x_wconf 82' lang='grc' dir='ltr'><strong><em>χωρηγοῦσι</em></strong></span> <span class='ocrx_word' id='word_1_972' title='bbox 1214 3164 1261 3203; x_wconf 80' lang='lat' dir='ltr'><strong>M,</strong></span> 
     </span>
     <span class='ocr_line' id='line_1_103' title="bbox 188 3202 1259 3251; baseline 0.002 -12"><span class='ocrx_word' id='word_1_973' title='bbox 188 3208 258 3239; x_wconf 72' lang='grc' dir='ltr'><strong><em>τοῖς</em></strong></span> <span class='ocrx_word' id='word_1_974' title='bbox 283 3219 340 3239; x_wconf 83' lang='lat' dir='ltr'><strong>om.</strong></span> <span class='ocrx_word' id='word_1_975' title='bbox 357 3207 386 3238; x_wconf 91' lang='lat' dir='ltr'><em>L</em></span> <span class='ocrx_word' id='word_1_976' title='bbox 405 3206 416 3249; x_wconf 97' lang='grc'><strong>11</strong></span> <span class='ocrx_word' id='word_1_977' title='bbox 435 3207 477 3240; x_wconf 80' lang='lat'><strong>24</strong></span> <span class='ocrx_word' id='word_1_978' title='bbox 503 3202 698 3250; x_wconf 77' lang='grc' dir='ltr'><strong><em>ἀναρτήσει</em></strong></span> <span class='ocrx_word' id='word_1_979' title='bbox 715 3208 746 3239; x_wconf 89' lang='lat' dir='ltr'><em>L</em></span> <span class='ocrx_word' id='word_1_980' title='bbox 771 3206 976 3251; x_wconf 78' lang='grc' dir='ltr'><strong><em>ἐναρτήσειε</em></strong></span> <span class='ocrx_word' id='word_1_981' title='bbox 989 3208 1024 3240; x_wconf 89' lang='grc' dir='ltr'><em>Β</em></span> <span class='ocrx_word' id='word_1_982' title='bbox 1042 3207 1054 3250; x_wconf 94' lang='grc'><strong>11</strong></span> <span class='ocrx_word' id='word_1_983' title='bbox 1073 3210 1114 3241; x_wconf 81' lang='lat'><strong>25</strong></span> <span class='ocrx_word' id='word_1_984' title='bbox 1132 3220 1259 3242; x_wconf 82' lang='grc' dir='ltr'><strong><em>παντε-</em></strong></span> 
     </span>
     <span class='ocr_line' id='line_1_104' title="bbox 189 3249 1264 3298; baseline 0.002 -14"><span class='ocrx_word' id='word_1_985' title='bbox 189 3250 256 3286; x_wconf 76' lang='grc' dir='ltr'><strong>λῶς</strong></span> <span class='ocrx_word' id='word_1_986' title='bbox 271 3252 368 3292; x_wconf 68' lang='grc' dir='ltr'><strong><em>ᾹΒς]</em></strong></span> <span class='ocrx_word' id='word_1_987' title='bbox 394 3265 450 3284; x_wconf 87' lang='lat' dir='ltr'><strong>om.</strong></span> <span class='ocrx_word' id='word_1_988' title='bbox 466 3251 510 3284; x_wconf 89' lang='lat' dir='ltr'><em>M</em></span> <span class='ocrx_word' id='word_1_989' title='bbox 523 3251 534 3295; x_wconf 93' lang='grc'><strong>11</strong></span> <span class='ocrx_word' id='word_1_990' title='bbox 559 3253 600 3285; x_wconf 81' lang='lat'><strong>26</strong></span> <span class='ocrx_word' id='word_1_991' title='bbox 626 3250 802 3298; x_wconf 77' lang='grc' dir='ltr'><strong><em>πράξαιεν</em></strong></span> <span class='ocrx_word' id='word_1_992' title='bbox 828 3252 879 3285; x_wconf 71' lang='grc' dir='ltr'><strong>ΒΓ</strong></span> <span class='ocrx_word' id='word_1_993' title='bbox 893 3253 904 3296; x_wconf 94' lang='grc'><strong>11</strong></span> <span class='ocrx_word' id='word_1_994' title='bbox 928 3255 969 3286; x_wconf 88' lang='grc'><strong>29</strong></span> <span class='ocrx_word' id='word_1_995' title='bbox 993 3249 1016 3294; x_wconf 82' lang='grc' dir='ltr'><em>ἢ</em></span> <span class='ocrx_word' id='word_1_996' title='bbox 1039 3265 1113 3297; x_wconf 88' lang='grc' dir='ltr'><strong>πρα</strong></span> <span class='ocrx_word' id='word_1_997' title='bbox 1136 3250 1264 3297; x_wconf 81' lang='grc' dir='ltr'><strong><em>μάτων</em></strong></span> 
     </span>
     <span class='ocr_line' id='line_1_105' title="bbox 190 3294 1265 3343; baseline 0.002 -14"><span class='ocrx_word' id='word_1_998' title='bbox 190 3310 246 3329; x_wconf 84' lang='grc' dir='ltr'><strong><em>οιη.</em></strong></span> <span class='ocrx_word' id='word_1_999' title='bbox 266 3298 291 3329; x_wconf 87' lang='lat' dir='ltr'><em>L</em></span> <span class='ocrx_word' id='word_1_1000' title='bbox 310 3297 321 3339; x_wconf 93' lang='grc'><strong>11</strong></span> <span class='ocrx_word' id='word_1_1001' title='bbox 347 3298 388 3330; x_wconf 85' lang='grc'><strong>32</strong></span> <span class='ocrx_word' id='word_1_1002' title='bbox 414 3296 621 3329; x_wconf 78' lang='lat' dir='ltr'><strong>desensionas</strong></span> <span class='ocrx_word' id='word_1_1003' title='bbox 640 3298 685 3329; x_wconf 91' lang='lat' dir='ltr'><em>M</em></span> <span class='ocrx_word' id='word_1_1004' title='bbox 689 3322 696 3335; x_wconf 78' lang='grc'><strong><em>,</em></strong></span> <span class='ocrx_word' id='word_1_1005' title='bbox 722 3295 964 3343; x_wconf 79' lang='grc' dir='ltr'><strong><em>δεφενσίωνας</em></strong></span> <span class='ocrx_word' id='word_1_1006' title='bbox 980 3299 1010 3331; x_wconf 91' lang='lat' dir='ltr'><em>L</em></span> <span class='ocrx_word' id='word_1_1007' title='bbox 1034 3294 1108 3331; x_wconf 85' lang='grc' dir='ltr'><strong><em>διεκ</em></strong></span> <span class='ocrx_word' id='word_1_1008' title='bbox 1135 3296 1265 3341; x_wconf 76' lang='grc' dir='ltr'><strong><em>ικὴσεις</em></strong></span> 
     </span>
     <span class='ocr_line' id='line_1_106' title="bbox 188 3339 1264 3388; baseline 0 -12"><span class='ocrx_word' id='word_1_1009' title='bbox 188 3343 223 3376; x_wconf 89' lang='grc' dir='ltr'><em>Β</em></span> <span class='ocrx_word' id='word_1_1010' title='bbox 243 3341 254 3386; x_wconf 93' lang='grc'><strong>11</strong></span> <span class='ocrx_word' id='word_1_1011' title='bbox 281 3344 320 3376; x_wconf 96' lang='grc'><strong>33</strong></span> <span class='ocrx_word' id='word_1_1012' title='bbox 347 3342 539 3374; x_wconf 82' lang='lat' dir='ltr'><strong>defensiona</strong></span> <span class='ocrx_word' id='word_1_1013' title='bbox 560 3343 617 3383; x_wconf 86' lang='lat' dir='ltr'><strong>M,</strong></span> <span class='ocrx_word' id='word_1_1014' title='bbox 651 3339 866 3386; x_wconf 80' lang='grc' dir='ltr'><strong><em>δεφενσίονα</em></strong></span> <span class='ocrx_word' id='word_1_1015' title='bbox 891 3345 919 3376; x_wconf 84' lang='lat' dir='ltr'><em>L</em></span> <span class='ocrx_word' id='word_1_1016' title='bbox 952 3340 1169 3385; x_wconf 86' lang='grc' dir='ltr'><strong><em>διεκδίκησιν</em></strong></span> <span class='ocrx_word' id='word_1_1017' title='bbox 1195 3345 1230 3377; x_wconf 89' lang='grc' dir='ltr'><em>Β</em></span> <span class='ocrx_word' id='word_1_1018' title='bbox 1254 3347 1264 3388; x_wconf 88' lang='grc'><strong>11</strong></span> 
     </span>
     <span class='ocr_line' id='line_1_107' title="bbox 189 3384 1266 3435; baseline 0.001 -15"><span class='ocrx_word' id='word_1_1019' title='bbox 189 3390 230 3421; x_wconf 84' lang='grc'><strong>35</strong></span> <span class='ocrx_word' id='word_1_1020' title='bbox 257 3389 316 3420; x_wconf 80' lang='grc' dir='ltr'><strong><em>ἐπὶ</em></strong></span> <span class='ocrx_word' id='word_1_1021' title='bbox 340 3388 383 3433; x_wconf 81' lang='grc' dir='ltr'><strong>τῇ</strong></span> <span class='ocrx_word' id='word_1_1022' title='bbox 410 3384 613 3432; x_wconf 79' lang='grc' dir='ltr'><strong><em>δεφενσίονι</em></strong></span> <span class='ocrx_word' id='word_1_1023' title='bbox 635 3388 665 3420; x_wconf 91' lang='lat' dir='ltr'><em>L</em></span> <span class='ocrx_word' id='word_1_1024' title='bbox 691 3389 750 3421; x_wconf 83' lang='grc' dir='ltr'><strong><em>ἐπὶ</em></strong></span> <span class='ocrx_word' id='word_1_1025' title='bbox 773 3388 816 3435; x_wconf 82' lang='grc' dir='ltr'><strong>τῇ</strong></span> <span class='ocrx_word' id='word_1_1026' title='bbox 840 3385 1053 3430; x_wconf 86' lang='grc' dir='ltr'><strong><em>διεκδικήσει</em></strong></span> <span class='ocrx_word' id='word_1_1027' title='bbox 1078 3390 1124 3430; x_wconf 90' lang='grc' dir='ltr'><strong>Β,</strong></span> <span class='ocrx_word' id='word_1_1028' title='bbox 1146 3402 1203 3421; x_wconf 88' lang='lat' dir='ltr'><strong>om.</strong></span> <span class='ocrx_word' id='word_1_1029' title='bbox 1220 3401 1238 3425; x_wconf 82' lang='grc' dir='ltr'><strong>ς</strong></span> <span class='ocrx_word' id='word_1_1030' title='bbox 1256 3391 1266 3432; x_wconf 87' lang='grc'><strong>11</strong></span> 
     </span>
     <span class='ocr_line' id='line_1_108' title="bbox 190 3431 1263 3479; baseline 0.001 -12"><span class='ocrx_word' id='word_1_1031' title='bbox 190 3435 231 3467; x_wconf 90' lang='grc'><strong>36</strong></span> <span class='ocrx_word' id='word_1_1032' title='bbox 256 3434 333 3465; x_wconf 78' lang='grc' dir='ltr'><strong>τῶν</strong></span> <span class='ocrx_word' id='word_1_1033' title='bbox 358 3446 414 3465; x_wconf 84' lang='lat' dir='ltr'><strong>om.</strong></span> <span class='ocrx_word' id='word_1_1034' title='bbox 432 3434 466 3465; x_wconf 84' lang='lat' dir='ltr'><em>B</em></span> <span class='ocrx_word' id='word_1_1035' title='bbox 493 3432 504 3475; x_wconf 95' lang='grc'><strong>11</strong></span> <span class='ocrx_word' id='word_1_1036' title='bbox 529 3432 718 3465; x_wconf 70' lang='lat' dir='ltr'><strong>defensione.</strong></span> <span class='ocrx_word' id='word_1_1037' title='bbox 743 3434 798 3476; x_wconf 88' lang='lat' dir='ltr'><strong>M,</strong></span> <span class='ocrx_word' id='word_1_1038' title='bbox 829 3431 1043 3479; x_wconf 80' lang='grc' dir='ltr'><strong><em>δεφενσιόνα</em></strong></span> <span class='ocrx_word' id='word_1_1039' title='bbox 1068 3435 1097 3467; x_wconf 90' lang='lat' dir='ltr'><em>L</em></span> <span class='ocrx_word' id='word_1_1040' title='bbox 1128 3431 1263 3478; x_wconf 81' lang='grc' dir='ltr'><strong><em>ἐκδίκη-</em></strong></span> 
     </span>
     <span class='ocr_line' id='line_1_109' title="bbox 172 3477 670 3524; baseline 0.002 -15"><span class='ocrx_word' id='word_1_1041' title='bbox 172 3489 247 3512; x_wconf 88' lang='grc' dir='ltr'><strong><em>,σιν</em></strong></span> <span class='ocrx_word' id='word_1_1042' title='bbox 276 3479 307 3511; x_wconf 82' lang='grc' dir='ltr'><em>Β</em></span> <span class='ocrx_word' id='word_1_1043' title='bbox 327 3477 338 3522; x_wconf 97' lang='grc'><strong>11</strong></span> <span class='ocrx_word' id='word_1_1044' title='bbox 356 3480 395 3511; x_wconf 84' lang='lat'><strong>37</strong></span> <span class='ocrx_word' id='word_1_1045' title='bbox 421 3477 610 3511; x_wconf 64' lang='grc' dir='ltr'><strong><em>τεθέντων</em></strong></span> <span class='ocrx_word' id='word_1_1046' title='bbox 623 3478 670 3524; x_wconf 38' lang='grc' dir='ltr'><strong>,Β</strong></span> 
     </span>
    </p>
   </div>
   <div class='ocr_carea' id='block_1_28' title="bbox 193 3613 1265 3794">
    <p class='ocr_par' dir='ltr' id='par_1_28' title="bbox 193 3613 1265 3794">
     <span class='ocr_line' id='line_1_110' title="bbox 238 3613 1265 3660; baseline 0.005 -16"><span class='ocrx_word' id='word_1_1047' title='bbox 238 3614 252 3645; x_wconf 91' lang='grc'><strong>1</strong></span> <span class='ocrx_word' id='word_1_1048' title='bbox 282 3615 314 3645; x_wconf 90' lang='lat' dir='ltr'><strong>et</strong></span> <span class='ocrx_word' id='word_1_1049' title='bbox 337 3614 413 3646; x_wconf 84' lang='lat' dir='ltr'><strong>add.</strong></span> <span class='ocrx_word' id='word_1_1050' title='bbox 429 3615 512 3657; x_wconf 78' lang='lat' dir='ltr'><strong>cuiq.</strong></span> <span class='ocrx_word' id='word_1_1051' title='bbox 539 3613 551 3657; x_wconf 93' lang='grc'><strong>11</strong></span> <span class='ocrx_word' id='word_1_1052' title='bbox 577 3624 614 3646; x_wconf 86' lang='lat' dir='ltr'><strong>ex</strong></span> <span class='ocrx_word' id='word_1_1053' title='bbox 639 3627 696 3646; x_wconf 90' lang='lat' dir='ltr'><strong>om.</strong></span> <span class='ocrx_word' id='word_1_1054' title='bbox 719 3614 786 3646; x_wconf 82' lang='lat' dir='ltr'><strong>RT</strong></span> <span class='ocrx_word' id='word_1_1055' title='bbox 803 3613 814 3655; x_wconf 90' lang='grc'><strong>11</strong></span> <span class='ocrx_word' id='word_1_1056' title='bbox 841 3614 994 3646; x_wconf 85' lang='lat' dir='ltr'><strong>nitantur</strong></span> <span class='ocrx_word' id='word_1_1057' title='bbox 1015 3614 1182 3648; x_wconf 83' lang='lat' dir='ltr'><strong>defrudari</strong></span> <span class='ocrx_word' id='word_1_1058' title='bbox 1205 3617 1238 3649; x_wconf 92' lang='lat' dir='ltr'><strong><em>V</em></strong></span> <span class='ocrx_word' id='word_1_1059' title='bbox 1254 3616 1265 3660; x_wconf 87' lang='grc'><strong>11</strong></span> 
     </span>
     <span class='ocr_line' id='line_1_111' title="bbox 193 3657 1265 3703; baseline 0.004 -13"><span class='ocrx_word' id='word_1_1060' title='bbox 193 3658 213 3690; x_wconf 86' lang='grc'><strong>2</strong></span> <span class='ocrx_word' id='word_1_1061' title='bbox 235 3657 511 3691; x_wconf 84' lang='lat' dir='ltr'><strong>ministrationem</strong></span> <span class='ocrx_word' id='word_1_1062' title='bbox 532 3659 580 3692; x_wconf 67' lang='lat'><strong>3¹</strong></span> <span class='ocrx_word' id='word_1_1063' title='bbox 614 3659 913 3691; x_wconf 78' lang='lat' dir='ltr'><strong>aministrationem</strong></span> <span class='ocrx_word' id='word_1_1064' title='bbox 936 3658 986 3691; x_wconf 81' lang='lat' dir='ltr'><strong>R²</strong></span> <span class='ocrx_word' id='word_1_1065' title='bbox 1012 3659 1024 3703; x_wconf 94' lang='grc'><strong>11</strong></span> <span class='ocrx_word' id='word_1_1066' title='bbox 1047 3671 1159 3693; x_wconf 87' lang='lat' dir='ltr'><strong>omnes</strong></span> <span class='ocrx_word' id='word_1_1067' title='bbox 1182 3662 1232 3694; x_wconf 85' lang='lat' dir='ltr'><strong>R¹</strong></span> <span class='ocrx_word' id='word_1_1068' title='bbox 1255 3668 1265 3703; x_wconf 77' lang='grc'><strong>11</strong></span> 
     </span>
     <span class='ocr_line' id='line_1_112' title="bbox 193 3702 1264 3750; baseline 0.004 -16"><span class='ocrx_word' id='word_1_1069' title='bbox 193 3702 212 3734; x_wconf 88' lang='grc'><strong>3</strong></span> <span class='ocrx_word' id='word_1_1070' title='bbox 227 3703 335 3735; x_wconf 86' lang='lat' dir='ltr'><strong>senius</strong></span> <span class='ocrx_word' id='word_1_1071' title='bbox 351 3704 396 3736; x_wconf 81' lang='lat' dir='ltr'><strong>R2</strong></span> <span class='ocrx_word' id='word_1_1072' title='bbox 419 3718 501 3735; x_wconf 60' lang='lat' dir='ltr'><strong>*m*</strong></span> <span class='ocrx_word' id='word_1_1073' title='bbox 522 3705 568 3737; x_wconf 82' lang='lat' dir='ltr'><strong>R¹</strong></span> <span class='ocrx_word' id='word_1_1074' title='bbox 587 3704 598 3747; x_wconf 97' lang='grc'><strong>11</strong></span> <span class='ocrx_word' id='word_1_1075' title='bbox 617 3706 636 3737; x_wconf 88' lang='grc'>4</span> <span class='ocrx_word' id='word_1_1076' title='bbox 649 3704 747 3737; x_wconf 85' lang='lat' dir='ltr'><strong>multi</strong></span> <span class='ocrx_word' id='word_1_1077' title='bbox 760 3705 864 3745; x_wconf 82' lang='lat' dir='ltr'><strong>Beck]</strong></span> <span class='ocrx_word' id='word_1_1078' title='bbox 886 3703 1000 3736; x_wconf 81' lang='lat' dir='ltr'><strong>multis</strong></span> <span class='ocrx_word' id='word_1_1079' title='bbox 1017 3706 1093 3739; x_wconf 79' lang='lat' dir='ltr'><strong>iibri</strong></span> <span class='ocrx_word' id='word_1_1080' title='bbox 1108 3705 1121 3750; x_wconf 95' lang='grc'><strong>11</strong></span> <span class='ocrx_word' id='word_1_1081' title='bbox 1138 3708 1157 3740; x_wconf 88' lang='lat'>5</span> <span class='ocrx_word' id='word_1_1082' title='bbox 1172 3706 1264 3739; x_wconf 86' lang='lat' dir='ltr'><strong>inba-</strong></span> 
     </span>
     <span class='ocr_line' id='line_1_113' title="bbox 193 3746 1265 3794; baseline 0.007 -16"><span class='ocrx_word' id='word_1_1083' title='bbox 193 3746 248 3779; x_wconf 86' lang='lat' dir='ltr'><strong>titi</strong></span> <span class='ocrx_word' id='word_1_1084' title='bbox 262 3747 309 3779; x_wconf 79' lang='lat' dir='ltr'><strong>R&#39;</strong></span> <span class='ocrx_word' id='word_1_1085' title='bbox 327 3749 441 3782; x_wconf 83' lang='lat' dir='ltr'><strong>Bamb.</strong></span> <span class='ocrx_word' id='word_1_1086' title='bbox 453 3750 476 3783; x_wconf 93' lang='lat' dir='ltr'><em>I</em></span> <span class='ocrx_word' id='word_1_1087' title='bbox 476 3763 529 3794; x_wconf 86' lang='lat' dir='ltr'><strong>pr.</strong></span> <span class='ocrx_word' id='word_1_1088' title='bbox 555 3750 695 3784; x_wconf 88' lang='lat' dir='ltr'><strong>inbaciti</strong></span> <span class='ocrx_word' id='word_1_1089' title='bbox 711 3751 742 3783; x_wconf 90' lang='lat' dir='ltr'><em>T</em></span> <span class='ocrx_word' id='word_1_1090' title='bbox 749 3750 759 3770; x_wconf 82' lang='lat'>¹</span> <span class='ocrx_word' id='word_1_1091' title='bbox 783 3749 951 3782; x_wconf 66' lang='lat' dir='ltr'><strong>imbatn·</strong></span> <span class='ocrx_word' id='word_1_1092' title='bbox 973 3750 1022 3783; x_wconf 89' lang='lat' dir='ltr'><strong>V¹</strong></span> <span class='ocrx_word' id='word_1_1093' title='bbox 1045 3751 1200 3784; x_wconf 84' lang='lat' dir='ltr'><strong>imbacati</strong></span> <span class='ocrx_word' id='word_1_1094' title='bbox 1217 3752 1265 3785; x_wconf 84' lang='lat' dir='ltr'><strong>V³</strong></span> 
     </span>
    </p>
   </div>
   <div class='ocr_carea' id='block_1_29' title="bbox 1331 3071 2412 3796">
    <p class='ocr_par' dir='ltr' id='par_1_29' title="bbox 1331 3071 2412 3796">
     <span class='ocr_line' id='line_1_114' title="bbox 1331 3071 2408 3118; baseline 0.003 -14"><span class='ocrx_word' id='word_1_1095' title='bbox 1331 3083 1388 3105; x_wconf 89' lang='lat' dir='ltr'><strong>nes</strong></span> <span class='ocrx_word' id='word_1_1096' title='bbox 1408 3072 1457 3105; x_wconf 86' lang='grc' dir='ltr'><strong>Τι</strong></span> <span class='ocrx_word' id='word_1_1097' title='bbox 1477 3072 1488 3114; x_wconf 89' lang='grc'><strong>11</strong></span> <span class='ocrx_word' id='word_1_1098' title='bbox 1505 3071 1751 3114; x_wconf 83' lang='lat' dir='ltr'><strong>calumpniatur</strong></span> <span class='ocrx_word' id='word_1_1099' title='bbox 1770 3073 1818 3105; x_wconf 82' lang='lat' dir='ltr'><strong>R¹</strong></span> <span class='ocrx_word' id='word_1_1100' title='bbox 1842 3073 1854 3116; x_wconf 93' lang='grc'><strong>11</strong></span> <span class='ocrx_word' id='word_1_1101' title='bbox 1881 3076 1898 3107; x_wconf 80' lang='lat'><strong>7</strong></span> <span class='ocrx_word' id='word_1_1102' title='bbox 1924 3073 2156 3107; x_wconf 87' lang='lat' dir='ltr'><strong>interditiones</strong></span> <span class='ocrx_word' id='word_1_1103' title='bbox 2179 3075 2212 3107; x_wconf 81' lang='lat' dir='ltr'><strong>R.</strong></span> <span class='ocrx_word' id='word_1_1104' title='bbox 2235 3075 2247 3118; x_wconf 95' lang='grc'><strong>11</strong></span> <span class='ocrx_word' id='word_1_1105' title='bbox 2275 3076 2294 3109; x_wconf 93' lang='grc'><strong>8</strong></span> <span class='ocrx_word' id='word_1_1106' title='bbox 2318 3074 2408 3108; x_wconf 87' lang='lat' dir='ltr'><strong>ultra</strong></span> 
     </span>
     <span class='ocr_line' id='line_1_115' title="bbox 1332 3117 2408 3164; baseline 0.004 -14"><span class='ocrx_word' id='word_1_1107' title='bbox 1332 3129 1385 3150; x_wconf 86' lang='lat' dir='ltr'><strong>eos</strong></span> <span class='ocrx_word' id='word_1_1108' title='bbox 1404 3117 1451 3150; x_wconf 85' lang='lat' dir='ltr'><strong>T¹</strong></span> <span class='ocrx_word' id='word_1_1109' title='bbox 1469 3117 1481 3160; x_wconf 97' lang='grc'><strong>11</strong></span> <span class='ocrx_word' id='word_1_1110' title='bbox 1499 3118 1518 3150; x_wconf 89' lang='grc'><strong>9</strong></span> <span class='ocrx_word' id='word_1_1111' title='bbox 1537 3117 1746 3149; x_wconf 84' lang='lat' dir='ltr'><strong>commedunt</strong></span> <span class='ocrx_word' id='word_1_1112' title='bbox 1767 3118 1873 3151; x_wconf 82' lang='lat' dir='ltr'><strong>RVT</strong></span> <span class='ocrx_word' id='word_1_1113' title='bbox 1883 3118 1894 3161; x_wconf 97' lang='grc'><strong>11</strong></span> <span class='ocrx_word' id='word_1_1114' title='bbox 1917 3120 1956 3152; x_wconf 90' lang='lat'><strong>10</strong></span> <span class='ocrx_word' id='word_1_1115' title='bbox 1979 3119 2077 3151; x_wconf 85' lang='lat' dir='ltr'><strong>etiam</strong></span> <span class='ocrx_word' id='word_1_1116' title='bbox 2100 3121 2143 3160; x_wconf 90' lang='lat' dir='ltr'><strong>V]</strong></span> <span class='ocrx_word' id='word_1_1117' title='bbox 2168 3123 2200 3153; x_wconf 83' lang='lat' dir='ltr'><strong>et</strong></span> <span class='ocrx_word' id='word_1_1118' title='bbox 2219 3120 2382 3163; x_wconf 78' lang='lat' dir='ltr'><strong>RTvuiq.</strong></span> <span class='ocrx_word' id='word_1_1119' title='bbox 2396 3120 2408 3164; x_wconf 92' lang='grc'><strong>11</strong></span> 
     </span>
     <span class='ocr_line' id='line_1_116' title="bbox 1331 3162 2408 3207; baseline 0.002 -12"><span class='ocrx_word' id='word_1_1120' title='bbox 1331 3164 1391 3195; x_wconf 86' lang='lat' dir='ltr'><strong>hac</strong></span> <span class='ocrx_word' id='word_1_1121' title='bbox 1414 3170 1488 3205; x_wconf 83' lang='lat' dir='ltr'><strong>post</strong></span> <span class='ocrx_word' id='word_1_1122' title='bbox 1507 3162 1645 3195; x_wconf 84' lang='lat' dir='ltr'><strong>ciuitate</strong></span> <span class='ocrx_word' id='word_1_1123' title='bbox 1670 3164 1741 3196; x_wconf 87' lang='lat' dir='ltr'><strong>coll.</strong></span> <span class='ocrx_word' id='word_1_1124' title='bbox 1758 3163 1789 3196; x_wconf 90' lang='lat' dir='ltr'><em>T</em></span> <span class='ocrx_word' id='word_1_1125' title='bbox 1803 3163 1814 3206; x_wconf 92' lang='grc'><strong>11</strong></span> <span class='ocrx_word' id='word_1_1126' title='bbox 1830 3163 1916 3195; x_wconf 84' lang='lat' dir='ltr'><strong>fiunt</strong></span> <span class='ocrx_word' id='word_1_1127' title='bbox 1931 3165 2030 3207; x_wconf 65' lang='lat' dir='ltr'><strong>vulq]</strong></span> <span class='ocrx_word' id='word_1_1128' title='bbox 2056 3165 2158 3197; x_wconf 79' lang='lat' dir='ltr'><strong>suerit</strong></span> <span class='ocrx_word' id='word_1_1129' title='bbox 2172 3166 2219 3197; x_wconf 84' lang='lat' dir='ltr'><strong>R¹</strong></span> <span class='ocrx_word' id='word_1_1130' title='bbox 2231 3166 2261 3197; x_wconf 94' lang='lat' dir='ltr'><em>V</em></span> <span class='ocrx_word' id='word_1_1131' title='bbox 2281 3165 2408 3198; x_wconf 80' lang='lat' dir='ltr'><strong>fuerint</strong></span> 
     </span>
     <span class='ocr_line' id='line_1_117' title="bbox 1332 3207 2408 3254; baseline 0.001 -13"><span class='ocrx_word' id='word_1_1132' title='bbox 1332 3209 1415 3241; x_wconf 78' lang='lat' dir='ltr'><strong>R²T</strong></span> <span class='ocrx_word' id='word_1_1133' title='bbox 1429 3208 1440 3250; x_wconf 95' lang='grc'><strong>11</strong></span> <span class='ocrx_word' id='word_1_1134' title='bbox 1469 3209 1505 3241; x_wconf 87' lang='lat'><strong>11</strong></span> <span class='ocrx_word' id='word_1_1135' title='bbox 1534 3208 1682 3239; x_wconf 87' lang='lat' dir='ltr'><strong>omnium</strong></span> <span class='ocrx_word' id='word_1_1136' title='bbox 1709 3208 1761 3240; x_wconf 79' lang='grc' dir='ltr'><strong>Τ2</strong></span> <span class='ocrx_word' id='word_1_1137' title='bbox 1784 3207 1796 3251; x_wconf 96' lang='grc'><strong>11</strong></span> <span class='ocrx_word' id='word_1_1138' title='bbox 1820 3209 2027 3250; x_wconf 87' lang='lat' dir='ltr'><strong>pensionum]</strong></span> <span class='ocrx_word' id='word_1_1139' title='bbox 2052 3209 2212 3251; x_wconf 85' lang='lat' dir='ltr'><strong>possessio</strong></span> <span class='ocrx_word' id='word_1_1140' title='bbox 2237 3210 2284 3243; x_wconf 88' lang='lat' dir='ltr'><strong>T¹</strong></span> <span class='ocrx_word' id='word_1_1141' title='bbox 2307 3209 2319 3254; x_wconf 90' lang='grc'><strong>11</strong></span> <span class='ocrx_word' id='word_1_1142' title='bbox 2345 3210 2408 3243; x_wconf 83' lang='lat' dir='ltr'><strong>hoo</strong></span> 
     </span>
     <span class='ocr_line' id='line_1_118' title="bbox 1332 3252 2408 3297; baseline 0.002 -11"><span class='ocrx_word' id='word_1_1143' title='bbox 1332 3267 1389 3286; x_wconf 88' lang='lat' dir='ltr'><strong>om.</strong></span> <span class='ocrx_word' id='word_1_1144' title='bbox 1403 3252 1500 3285; x_wconf 81' lang='lat' dir='ltr'><strong>R¹T¹</strong></span> <span class='ocrx_word' id='word_1_1145' title='bbox 1518 3252 1529 3295; x_wconf 92' lang='grc'><strong>11</strong></span> <span class='ocrx_word' id='word_1_1146' title='bbox 1550 3254 1586 3286; x_wconf 84' lang='grc'><strong>12</strong></span> <span class='ocrx_word' id='word_1_1147' title='bbox 1605 3253 1815 3285; x_wconf 85' lang='lat' dir='ltr'><strong>adcurrentes</strong></span> <span class='ocrx_word' id='word_1_1148' title='bbox 1838 3254 1885 3286; x_wconf 84' lang='lat' dir='ltr'><strong>V¹</strong></span> <span class='ocrx_word' id='word_1_1149' title='bbox 1903 3254 1915 3297; x_wconf 91' lang='grc'><strong>11</strong></span> <span class='ocrx_word' id='word_1_1150' title='bbox 1936 3256 1975 3288; x_wconf 90' lang='grc'><strong>16</strong></span> <span class='ocrx_word' id='word_1_1151' title='bbox 1996 3255 2117 3287; x_wconf 87' lang='lat' dir='ltr'><strong>habeat</strong></span> <span class='ocrx_word' id='word_1_1152' title='bbox 2139 3255 2173 3287; x_wconf 85' lang='lat' dir='ltr'><strong><em>R</em></strong></span> <span class='ocrx_word' id='word_1_1153' title='bbox 2186 3256 2283 3297; x_wconf 65' lang='lat' dir='ltr'><strong>vulq]</strong></span> <span class='ocrx_word' id='word_1_1154' title='bbox 2308 3255 2408 3288; x_wconf 85' lang='lat' dir='ltr'><strong>habet</strong></span> 
     </span>
     <span class='ocr_line' id='line_1_119' title="bbox 1341 3297 2408 3342; baseline 0.001 -10"><span class='ocrx_word' id='word_1_1155' title='bbox 1341 3299 1402 3332; x_wconf 84' lang='lat' dir='ltr'><strong>VT</strong></span> <span class='ocrx_word' id='word_1_1156' title='bbox 1413 3299 1424 3340; x_wconf 89' lang='grc'><strong>11</strong></span> <span class='ocrx_word' id='word_1_1157' title='bbox 1443 3298 1495 3339; x_wconf 88' lang='lat' dir='ltr'><strong>ad]</strong></span> <span class='ocrx_word' id='word_1_1158' title='bbox 1521 3300 1578 3330; x_wconf 81' lang='lat' dir='ltr'><strong>aut</strong></span> <span class='ocrx_word' id='word_1_1159' title='bbox 1605 3297 1659 3341; x_wconf 91' lang='grc' dir='ltr'><strong>Τ11</strong></span> <span class='ocrx_word' id='word_1_1160' title='bbox 1682 3300 1720 3331; x_wconf 84' lang='grc'><strong>17</strong></span> <span class='ocrx_word' id='word_1_1161' title='bbox 1746 3300 1867 3339; x_wconf 86' lang='lat' dir='ltr'><strong>autem]</strong></span> <span class='ocrx_word' id='word_1_1162' title='bbox 1892 3302 1951 3331; x_wconf 86' lang='lat' dir='ltr'><strong>aut</strong></span> <span class='ocrx_word' id='word_1_1163' title='bbox 1979 3300 2024 3332; x_wconf 62' lang='lat'><strong>12¹</strong></span> <span class='ocrx_word' id='word_1_1164' title='bbox 2048 3306 2064 3333; x_wconf 79' lang='grc' dir='ltr'><strong>ῑι</strong></span> <span class='ocrx_word' id='word_1_1165' title='bbox 2087 3300 2142 3342; x_wconf 81' lang='lat' dir='ltr'><strong>Vll</strong></span> <span class='ocrx_word' id='word_1_1166' title='bbox 2157 3300 2408 3342; x_wconf 87' lang='lat' dir='ltr'><strong>peruersitatem</strong></span> 
     </span>
     <span class='ocr_line' id='line_1_120' title="bbox 1340 3342 2409 3389; baseline 0.002 -12"><span class='ocrx_word' id='word_1_1167' title='bbox 1340 3344 1454 3377; x_wconf 72' lang='lat' dir='ltr'><strong>V‘2T‘²</strong></span> <span class='ocrx_word' id='word_1_1168' title='bbox 1471 3343 1483 3387; x_wconf 93' lang='grc'><strong>11</strong></span> <span class='ocrx_word' id='word_1_1169' title='bbox 1511 3345 1550 3377; x_wconf 87' lang='grc'><strong>18</strong></span> <span class='ocrx_word' id='word_1_1170' title='bbox 1575 3342 1706 3385; x_wconf 88' lang='lat' dir='ltr'><strong>plenius</strong></span> <span class='ocrx_word' id='word_1_1171' title='bbox 1727 3343 1774 3376; x_wconf 82' lang='lat' dir='ltr'><strong>R¹</strong></span> <span class='ocrx_word' id='word_1_1172' title='bbox 1792 3344 1803 3387; x_wconf 93' lang='grc'><strong>11</strong></span> <span class='ocrx_word' id='word_1_1173' title='bbox 1826 3346 1865 3377; x_wconf 87' lang='grc'><strong>19</strong></span> <span class='ocrx_word' id='word_1_1174' title='bbox 1889 3345 1968 3385; x_wconf 87' lang='lat' dir='ltr'><strong>quia</strong></span> <span class='ocrx_word' id='word_1_1175' title='bbox 1990 3345 2029 3386; x_wconf 87' lang='lat' dir='ltr'><strong>si]</strong></span> <span class='ocrx_word' id='word_1_1176' title='bbox 2055 3346 2150 3386; x_wconf 82' lang='lat' dir='ltr'><strong>quasi</strong></span> <span class='ocrx_word' id='word_1_1177' title='bbox 2177 3346 2226 3378; x_wconf 74' lang='lat' dir='ltr'><strong>T*</strong></span> <span class='ocrx_word' id='word_1_1178' title='bbox 2246 3344 2259 3389; x_wconf 91' lang='grc'><strong>11</strong></span> <span class='ocrx_word' id='word_1_1179' title='bbox 2283 3346 2325 3380; x_wconf 88' lang='grc'><strong>20</strong></span> <span class='ocrx_word' id='word_1_1180' title='bbox 2349 3348 2409 3379; x_wconf 87' lang='lat' dir='ltr'><strong>aut</strong></span> 
     </span>
     <span class='ocr_line' id='line_1_121' title="bbox 1333 3388 2404 3435; baseline 0.003 -14"><span class='ocrx_word' id='word_1_1181' title='bbox 1333 3390 1415 3431; x_wconf 85' lang='lat' dir='ltr'><strong>(eius</strong></span> <span class='ocrx_word' id='word_1_1182' title='bbox 1438 3389 1499 3429; x_wconf 84' lang='lat' dir='ltr'><strong>R¹)</strong></span> <span class='ocrx_word' id='word_1_1183' title='bbox 1524 3388 1768 3421; x_wconf 82' lang='lat' dir='ltr'><strong>administratio</strong></span> <span class='ocrx_word' id='word_1_1184' title='bbox 1795 3390 1824 3421; x_wconf 78' lang='lat' dir='ltr'><em>R</em></span> <span class='ocrx_word' id='word_1_1185' title='bbox 1853 3389 1865 3432; x_wconf 92' lang='grc'><strong>11</strong></span> <span class='ocrx_word' id='word_1_1186' title='bbox 1893 3390 2029 3431; x_wconf 85' lang='lat' dir='ltr'><strong>panium</strong></span> <span class='ocrx_word' id='word_1_1187' title='bbox 2055 3390 2106 3424; x_wconf 87' lang='lat' dir='ltr'><strong>T¹</strong></span> <span class='ocrx_word' id='word_1_1188' title='bbox 2141 3401 2290 3433; x_wconf 88' lang='lat' dir='ltr'><strong>pannum</strong></span> <span class='ocrx_word' id='word_1_1189' title='bbox 2321 3391 2374 3424; x_wconf 80' lang='lat' dir='ltr'><strong>Va</strong></span> <span class='ocrx_word' id='word_1_1190' title='bbox 2393 3392 2404 3435; x_wconf 92' lang='grc'><strong>11</strong></span> 
     </span>
     <span class='ocr_line' id='line_1_122' title="bbox 1333 3434 2407 3479; baseline 0.002 -11"><span class='ocrx_word' id='word_1_1191' title='bbox 1333 3436 1375 3468; x_wconf 85' lang='grc'><strong>22</strong></span> <span class='ocrx_word' id='word_1_1192' title='bbox 1401 3434 1500 3475; x_wconf 93' lang='lat' dir='ltr'><strong>quod]</strong></span> <span class='ocrx_word' id='word_1_1193' title='bbox 1527 3434 1656 3475; x_wconf 87' lang='lat' dir='ltr'><strong>quidem</strong></span> <span class='ocrx_word' id='word_1_1194' title='bbox 1678 3434 1727 3466; x_wconf 58' lang='grc' dir='ltr'><strong>ΕΙ</strong></span> <span class='ocrx_word' id='word_1_1195' title='bbox 1752 3434 1809 3475; x_wconf 89' lang='lat' dir='ltr'><strong>qui</strong></span> <span class='ocrx_word' id='word_1_1196' title='bbox 1834 3435 1884 3467; x_wconf 57' lang='grc' dir='ltr'><strong>ΕΞ</strong></span> <span class='ocrx_word' id='word_1_1197' title='bbox 1906 3435 1918 3478; x_wconf 85' lang='grc'><strong>11</strong></span> <span class='ocrx_word' id='word_1_1198' title='bbox 1943 3437 1986 3475; x_wconf 89' lang='lat' dir='ltr'><strong>et]</strong></span> <span class='ocrx_word' id='word_1_1199' title='bbox 2011 3438 2070 3468; x_wconf 88' lang='lat' dir='ltr'><strong>aut</strong></span> <span class='ocrx_word' id='word_1_1200' title='bbox 2093 3436 2187 3469; x_wconf 85' lang='lat' dir='ltr'><strong>Beck</strong></span> <span class='ocrx_word' id='word_1_1201' title='bbox 2203 3436 2214 3476; x_wconf 90' lang='grc'><strong>11</strong></span> <span class='ocrx_word' id='word_1_1202' title='bbox 2242 3437 2282 3470; x_wconf 83' lang='grc'><strong>27</strong></span> <span class='ocrx_word' id='word_1_1203' title='bbox 2309 3447 2407 3479; x_wconf 86' lang='lat' dir='ltr'><strong>pecu-</strong></span> 
     </span>
     <span class='ocr_line' id='line_1_123' title="bbox 1333 3478 2406 3525; baseline 0.004 -14"><span class='ocrx_word' id='word_1_1204' title='bbox 1333 3481 1476 3520; x_wconf 85' lang='lat' dir='ltr'><strong>niarum]</strong></span> <span class='ocrx_word' id='word_1_1205' title='bbox 1512 3490 1556 3522; x_wconf 90' lang='lat' dir='ltr'><strong>·p·</strong></span> <span class='ocrx_word' id='word_1_1206' title='bbox 1582 3479 1615 3511; x_wconf 89' lang='lat' dir='ltr'><em>V</em></span> <span class='ocrx_word' id='word_1_1207' title='bbox 1637 3478 1648 3522; x_wconf 93' lang='grc'><strong>11</strong></span> <span class='ocrx_word' id='word_1_1208' title='bbox 1678 3480 1719 3512; x_wconf 82' lang='lat'><strong>28</strong></span> <span class='ocrx_word' id='word_1_1209' title='bbox 1745 3490 1825 3521; x_wconf 85' lang='lat' dir='ltr'><strong>quas</strong></span> <span class='ocrx_word' id='word_1_1210' title='bbox 1849 3481 1947 3524; x_wconf 62' lang='lat' dir='ltr'><strong>vulq]</strong></span> <span class='ocrx_word' id='word_1_1211' title='bbox 1980 3491 2064 3522; x_wconf 88' lang='lat' dir='ltr'><strong>quae</strong></span> <span class='ocrx_word' id='word_1_1212' title='bbox 2086 3481 2192 3515; x_wconf 84' lang='lat' dir='ltr'><strong>RVT</strong></span> <span class='ocrx_word' id='word_1_1213' title='bbox 2215 3480 2227 3525; x_wconf 95' lang='grc'><strong>11</strong></span> <span class='ocrx_word' id='word_1_1214' title='bbox 2255 3492 2323 3514; x_wconf 90' lang='lat' dir='ltr'><strong>non</strong></span> <span class='ocrx_word' id='word_1_1215' title='bbox 2348 3495 2406 3515; x_wconf 89' lang='lat' dir='ltr'><strong>om.</strong></span> 
     </span>
     <span class='ocr_line' id='line_1_124' title="bbox 1333 3523 2408 3570; baseline 0.004 -14"><span class='ocrx_word' id='word_1_1216' title='bbox 1333 3526 1379 3557; x_wconf 61' lang='grc' dir='ltr'><strong>ΕΙ</strong></span> <span class='ocrx_word' id='word_1_1217' title='bbox 1410 3524 1421 3567; x_wconf 92' lang='grc'><strong>11</strong></span> <span class='ocrx_word' id='word_1_1218' title='bbox 1452 3535 1511 3566; x_wconf 80' lang='grc' dir='ltr'><strong><em>ρει·</em></strong></span> <span class='ocrx_word' id='word_1_1219' title='bbox 1542 3535 1616 3556; x_wconf 89' lang='lat' dir='ltr'><strong>eum</strong></span> <span class='ocrx_word' id='word_1_1220' title='bbox 1646 3524 1794 3567; x_wconf 85' lang='lat' dir='ltr'><strong>accipere</strong></span> <span class='ocrx_word' id='word_1_1221' title='bbox 1828 3525 1860 3558; x_wconf 88' lang='lat' dir='ltr'><em>T</em></span> <span class='ocrx_word' id='word_1_1222' title='bbox 1883 3523 1896 3569; x_wconf 91' lang='grc'><strong>11</strong></span> <span class='ocrx_word' id='word_1_1223' title='bbox 1924 3526 1976 3557; x_wconf 89' lang='lat' dir='ltr'><strong>his</strong></span> <span class='ocrx_word' id='word_1_1224' title='bbox 2007 3526 2081 3559; x_wconf 87' lang='lat' dir='ltr'><strong>RV</strong></span> <span class='ocrx_word' id='word_1_1225' title='bbox 2104 3526 2116 3569; x_wconf 96' lang='grc'><strong>11</strong></span> <span class='ocrx_word' id='word_1_1226' title='bbox 2146 3527 2188 3560; x_wconf 90' lang='grc'><strong>30</strong></span> <span class='ocrx_word' id='word_1_1227' title='bbox 2221 3529 2408 3570; x_wconf 83' lang='lat' dir='ltr'><strong>opponatur</strong></span> 
     </span>
     <span class='ocr_line' id='line_1_125' title="bbox 1333 3569 2408 3617; baseline 0.003 -14"><span class='ocrx_word' id='word_1_1228' title='bbox 1333 3570 1379 3603; x_wconf 77' lang='lat' dir='ltr'><strong>R¹</strong></span> <span class='ocrx_word' id='word_1_1229' title='bbox 1399 3570 1410 3613; x_wconf 91' lang='grc'><strong>11</strong></span> <span class='ocrx_word' id='word_1_1230' title='bbox 1429 3569 1518 3611; x_wconf 81' lang='lat' dir='ltr'><strong>quia]</strong></span> <span class='ocrx_word' id='word_1_1231' title='bbox 1544 3570 1622 3611; x_wconf 83' lang='lat' dir='ltr'><strong>quia</strong></span> <span class='ocrx_word' id='word_1_1232' title='bbox 1647 3580 1730 3611; x_wconf 84' lang='lat' dir='ltr'><strong>quae</strong></span> <span class='ocrx_word' id='word_1_1233' title='bbox 1754 3570 1855 3612; x_wconf 85' lang='lat' dir='ltr'><strong>(quod</strong></span> <span class='ocrx_word' id='word_1_1234' title='bbox 1876 3570 1937 3613; x_wconf 86' lang='lat' dir='ltr'><strong>V³)</strong></span> <span class='ocrx_word' id='word_1_1235' title='bbox 1959 3571 2012 3614; x_wconf 80' lang='lat' dir='ltr'><strong>Vss</strong></span> <span class='ocrx_word' id='word_1_1236' title='bbox 2043 3573 2085 3606; x_wconf 87' lang='lat'><strong>32</strong></span> <span class='ocrx_word' id='word_1_1237' title='bbox 2101 3571 2268 3614; x_wconf 86' lang='lat' dir='ltr'><strong>propriam</strong></span> <span class='ocrx_word' id='word_1_1238' title='bbox 2284 3572 2390 3606; x_wconf 84' lang='lat' dir='ltr'><strong>RVT</strong></span> <span class='ocrx_word' id='word_1_1239' title='bbox 2397 3572 2408 3617; x_wconf 89' lang='grc'><strong>11</strong></span> 
     </span>
     <span class='ocr_line' id='line_1_126' title="bbox 1333 3614 2407 3658; baseline 0.003 -11"><span class='ocrx_word' id='word_1_1240' title='bbox 1333 3617 1380 3647; x_wconf 86' lang='lat' dir='ltr'><strong>est</strong></span> <span class='ocrx_word' id='word_1_1241' title='bbox 1404 3628 1461 3648; x_wconf 90' lang='lat' dir='ltr'><strong>om.</strong></span> <span class='ocrx_word' id='word_1_1242' title='bbox 1486 3616 1518 3648; x_wconf 89' lang='lat' dir='ltr'><em>T</em></span> <span class='ocrx_word' id='word_1_1243' title='bbox 1538 3614 1550 3658; x_wconf 95' lang='grc'><strong>11</strong></span> <span class='ocrx_word' id='word_1_1244' title='bbox 1580 3616 1622 3649; x_wconf 90' lang='grc'><strong>33</strong></span> <span class='ocrx_word' id='word_1_1245' title='bbox 1647 3615 1884 3656; x_wconf 86' lang='lat' dir='ltr'><strong>fideiussorem]</strong></span> <span class='ocrx_word' id='word_1_1246' title='bbox 1906 3626 1986 3649; x_wconf 87' lang='lat' dir='ltr'><strong>uero</strong></span> <span class='ocrx_word' id='word_1_1247' title='bbox 2009 3617 2144 3649; x_wconf 92' lang='lat' dir='ltr'><strong>omnino</strong></span> <span class='ocrx_word' id='word_1_1248' title='bbox 2168 3618 2312 3650; x_wconf 85' lang='lat' dir='ltr'><strong>dandum</strong></span> <span class='ocrx_word' id='word_1_1249' title='bbox 2337 3618 2407 3651; x_wconf 91' lang='lat' dir='ltr'><strong>ido-</strong></span> 
     </span>
     <span class='ocr_line' id='line_1_127' title="bbox 1333 3660 2412 3706; baseline 0.004 -14"><span class='ocrx_word' id='word_1_1250' title='bbox 1333 3671 1431 3694; x_wconf 84' lang='lat' dir='ltr'><strong>neum</strong></span> <span class='ocrx_word' id='word_1_1251' title='bbox 1445 3662 1522 3693; x_wconf 84' lang='lat' dir='ltr'><strong>add.</strong></span> <span class='ocrx_word' id='word_1_1252' title='bbox 1540 3661 1588 3693; x_wconf 79' lang='lat' dir='ltr'><strong>Ta</strong></span> <span class='ocrx_word' id='word_1_1253' title='bbox 1606 3660 1618 3704; x_wconf 94' lang='grc'><strong>11</strong></span> <span class='ocrx_word' id='word_1_1254' title='bbox 1635 3660 1770 3693; x_wconf 86' lang='lat' dir='ltr'><strong>omnino</strong></span> <span class='ocrx_word' id='word_1_1255' title='bbox 1783 3661 2007 3694; x_wconf 87' lang='lat' dir='ltr'><strong>defensionem</strong></span> <span class='ocrx_word' id='word_1_1256' title='bbox 2023 3662 2134 3706; x_wconf 65' lang='grc'><strong>31134</strong></span> <span class='ocrx_word' id='word_1_1257' title='bbox 2149 3662 2357 3696; x_wconf 83' lang='lat' dir='ltr'><strong>fideiussione</strong></span> <span class='ocrx_word' id='word_1_1258' title='bbox 2381 3663 2412 3696; x_wconf 94' lang='lat' dir='ltr'><strong><em>V</em></strong></span> 
     </span>
     <span class='ocr_line' id='line_1_128' title="bbox 1332 3705 2406 3752; baseline 0.003 -14"><span class='ocrx_word' id='word_1_1259' title='bbox 1332 3706 1555 3738; x_wconf 87' lang='lat' dir='ltr'><strong>fideiiussione</strong></span> <span class='ocrx_word' id='word_1_1260' title='bbox 1572 3719 1610 3739; x_wconf 74' lang='lat' dir='ltr'><strong>ez·</strong></span> <span class='ocrx_word' id='word_1_1261' title='bbox 1625 3705 1879 3739; x_wconf 84' lang='lat' dir='ltr'><strong>fideiiussionem</strong></span> <span class='ocrx_word' id='word_1_1262' title='bbox 1905 3720 1986 3740; x_wconf 87' lang='lat' dir='ltr'><strong>corr.</strong></span> <span class='ocrx_word' id='word_1_1263' title='bbox 2004 3708 2035 3740; x_wconf 91' lang='lat' dir='ltr'><em>T</em></span> <span class='ocrx_word' id='word_1_1264' title='bbox 2047 3707 2060 3751; x_wconf 90' lang='grc'><strong>11</strong></span> <span class='ocrx_word' id='word_1_1265' title='bbox 2078 3709 2120 3742; x_wconf 86' lang='grc'><strong>35</strong></span> <span class='ocrx_word' id='word_1_1266' title='bbox 2138 3711 2226 3749; x_wconf 87' lang='lat' dir='ltr'><strong>vero]</strong></span> <span class='ocrx_word' id='word_1_1267' title='bbox 2245 3708 2332 3741; x_wconf 90' lang='lat' dir='ltr'><strong>enim</strong></span> <span class='ocrx_word' id='word_1_1268' title='bbox 2355 3707 2406 3752; x_wconf 72' lang='lat' dir='ltr'><strong>Vl}</strong></span> 
     </span>
     <span class='ocr_line' id='line_1_129' title="bbox 1334 3750 2210 3796; baseline 0.003 -12"><span class='ocrx_word' id='word_1_1269' title='bbox 1334 3752 1410 3784; x_wconf 88' lang='lat' dir='ltr'><strong>dare</strong></span> <span class='ocrx_word' id='word_1_1270' title='bbox 1426 3752 1518 3785; x_wconf 87' lang='lat' dir='ltr'><strong>Beck</strong></span> <span class='ocrx_word' id='word_1_1271' title='bbox 1535 3750 1546 3795; x_wconf 96' lang='grc'><strong>11</strong></span> <span class='ocrx_word' id='word_1_1272' title='bbox 1573 3752 1614 3785; x_wconf 88' lang='grc'><strong>36</strong></span> <span class='ocrx_word' id='word_1_1273' title='bbox 1639 3761 1769 3794; x_wconf 84' lang='lat' dir='ltr'><strong>passum</strong></span> <span class='ocrx_word' id='word_1_1274' title='bbox 1793 3752 1841 3786; x_wconf 87' lang='lat' dir='ltr'><strong>V¹</strong></span> <span class='ocrx_word' id='word_1_1275' title='bbox 1858 3751 1870 3796; x_wconf 92' lang='grc'><strong>11</strong></span> <span class='ocrx_word' id='word_1_1276' title='bbox 1889 3754 1949 3794; x_wconf 87' lang='lat' dir='ltr'><strong>est]</strong></span> <span class='ocrx_word' id='word_1_1277' title='bbox 1975 3755 2007 3786; x_wconf 84' lang='lat' dir='ltr'><strong>et</strong></span> <span class='ocrx_word' id='word_1_1278' title='bbox 2031 3753 2079 3795; x_wconf 82' lang='lat' dir='ltr'><strong>R,</strong></span> <span class='ocrx_word' id='word_1_1279' title='bbox 2105 3766 2161 3787; x_wconf 90' lang='lat' dir='ltr'><strong>om.</strong></span> <span class='ocrx_word' id='word_1_1280' title='bbox 2178 3754 2210 3787; x_wconf 92' lang='lat' dir='ltr'><em>T</em></span> 
     </span>
    </p>
   </div>
   <div class='ocr_carea' id='block_1_30' title="bbox 2073 3809 2141 3844">
    <p class='ocr_par' dir='ltr' id='par_1_30' title="bbox 2073 3809 2141 3844">
     <span class='ocr_line' id='line_1_130' title="bbox 2073 3809 2141 3844; baseline 0.015 -1"><span class='ocrx_word' id='word_1_1281' title='bbox 2073 3809 2141 3844; x_wconf 88' lang='grc'><strong>54*</strong></span> 
     </span>
    </p>
   </div>
  </div>
 </body>
</html>
