2612 4004
128 131 189 162 UT
218 128 308 167 NON
336 128 626 161 LUXURIETUR

126 230 222 310 gual>
244 233 346 279 μέχρι
366 231 433 264 νῦν
453 229 590 263 οἰκοῦσι
612 226 848 277 μοναστήρια,
872 231 932 263 καὶ
951 226 1108 273 μάλιστα
1124 231 1207 262 παί-

152 272 400 318 ωνῦπόντων,
419 274 466 309 τὰ
480 274 622 308 ἑαυτῶν
642 272 838 322 πράγματα
858 270 902 308 ὃν
913 273 1110 319 βούλονται
1131 271 1209 307 δια-

71 326 73 328 ’
129 321 277 356 τιθέναι
299 320 447 367 τρόπον.

185 363 466 420 (Ἐπίλυγος.)
511 362 558 399 Ἠ
586 367 708 399 τοίνυν
745 363 790 407 σὴ
824 363 979 411 ὑπεροχὴ
1014 366 1061 400 τᾶ
1094 376 1209 412 παρα-

1194 111 1275 160 381

1926 113 2035 157 Nov.
2066 110 2268 154 LXXVII
2297 123 2358 166 pr.

1279 226 1338 272 qui
1362 226 1615 262 habitaverunt
1638 227 1702 260 aut
1718 224 1824 260 etiam
1848 225 2024 260 hactenus
2048 224 2215 260 habitant
2237 231 2359 258 mona-

1279 272 1398 315 steria,
1435 275 1472 307 et
1501 270 1654 306 maxime
1688 270 1769 306 filiis
1802 270 2048 314 existentibus,
2084 279 2168 305 suas
2198 278 2257 304 res
2290 278 2360 313 quo

1279 317 1403 353 volunt
1427 317 1615 363 disponere
1639 316 1757 351 modo.

1330 361 1594 408 (Epilogus.)
1640 358 1720 397 Tua
1749 362 1858 406 igitur
1882 361 2075 397 eminentia
2104 369 2197 406 quae
2217 358 2359 404 placue-

128 412 268 446 στάντα
290 425 375 455 ημιν
407 413 467 444 καὶ
491 408 551 444 διὰ
573 408 680 444 τοῦδε
702 412 766 445 τοῦ
791 410 897 444 θείου
929 409 1131 455 δηλούμενα
1151 407 1209 444 νό-
1246 411 1364 444 5runt
1388 409 1492 444 nobis
1517 410 1554 444 et
1575 416 1641 453 per
1664 407 1759 443 hanc
1783 417 1923 442 sacram
1942 407 2125 442 declarata
2145 409 2230 440 sunt
2247 404 2359 448 legem

288 456 296 466 x
346 456 354 467 x

127 469 302 511 pov-uara
316 469 359 491 το
376 455 533 511 σύνηθες
551 453 611 510 διοὶ
625 453 922 510 προγραμμάτων
938 457 1083 491 οἰκείων
1095 452 1209 508 ἅπασι

128 512 698 628 ἷὲηξῖἧῑζῑῖἷῧρῧζᾚῗῖἶὶι.
718 501 989 583 Χῆῗιὶὲῗίαῗὲἓ
1003 501 1207 584 101).ῗέιὲ

127 603 165 628 ln
192 621 199 628 .
252 620 261 629 .

455 866 514 918 H
545 798 884 920 ...aas

130 931 305 987 ΠΕΡΙ
340 933 484 986 ΤΟΥ
524 933 709 987 ΤΟῩΣ
748 930 1209 985 ΟΜΝῩΟΝΤΑΣ

132 999 338 1052 ΚΑΤΑ
360 1000 503 1054 TOY
523 1001 718 1054 ΘΕΟῩ
734 997 1210 1054 ΤΙΜῼΡΕΙΣΘΑΙ

1278 454 1496 490 sollemniter
1534 463 1599 499 per
1633 455 1898 498 programmata
1940 462 2007 487 sua
2041 445 2206 487 omnibus
2241 449 2360 484 facere

1277 499 1468 536 manifesta
1490 498 1643 534 festinet.
1737 498 1822 534 Dat.
1844 509 1880 533 v.
1899 497 1982 533 idus
2002 496 2177 533 Octobres
2191 495 2260 530 ΟΡ.
2274 495 2358 539 imp.
2387 510 2390 514 ·

1277 546 1337 582 dn.
1363 544 1552 581 Iustiniani
1576 555 1637 589 pp.
1663 545 1755 589 Aug.
1780 554 1874 580 anno
1892 542 1976 578 XII.
2000 542 2161 578 Iohanne
2184 541 2259 576 viro
2285 540 2359 575 cla-

1173 595 1218 635 [a.
1233 594 1311 634 538]
1357 591 1499 627 rissimo
1523 590 1683 626 consule.

1522 791 1705 827 LXXVII.
1754 792 1865 828 Auth.
1880 791 2078 828 LXXVIII.
2106 791 2195 826 Coll.
2206 789 2256 826 VI
2273 790 2327 826 tit.
2340 793 2359 824 5

1392 863 1447 912 R
1477 862 1573 912 UT
1609 862 1750 912 NON
1786 854 2237 912 LUXURIETUR

1278 930 1554 980 CONTRA
1602 930 1940 980 NATURAM
1985 928 2217 988 NEQUE
2270 928 2362 978 IU-

1278 998 1510 1049 RETUR
1538 1000 1671 1048 PER
1701 996 2028 1049 OAPILLOS
2060 997 2201 1047 AUT
2230 996 2362 1046 ALI-

132 1067 267 1122 KAI
305 1068 491 1123 TOYE
531 1067 1208 1122 ΒΛΑΣΦΗΜΟῩΝΤΑΣ.
1280 1067 1452 1128 QUID
1481 1066 1870 1117 HUIUSMODI
1906 1066 2142 1126 NEQUE
2172 1064 2363 1115 BLAS-

176 1283 466 1329 <Προοίμιον.>
510 1283 626 1316 Πᾶσιν
645 1279 860 1328 ἀνθρώποις
883 1285 956 1318 τοῖς
976 1274 1014 1315 εὖ
1035 1282 1208 1329 φρονοῦσι

132 1326 314 1380 πρόδηλον
335 1327 427 1362 εἶναι
446 1330 652 1372 νομίζομεν,
676 1325 733 1363 ὅτι
754 1330 855 1364 πᾶσα
875 1326 959 1373 ἡμῖν
976 1329 1053 1362 ἐστι
1070 1325 1210 1370 σπουδὴ

131 1375 191 1405 καὶ
223 1372 304 1416 ευχὴ
335 1373 377 1407 τὸ
409 1372 491 1408 τοῦς
522 1373 788 1409 πιστευθέντας
813 1373 902 1429 ᾑμῖν
933 1372 1034 1427 παρὰ
1065 1374 1130 1407 τοῦ
1154 1371 1207 1407 δε-

1425 1135 1808 1185 PHEMETUR
1842 1136 1916 1184 ΙΝ
1930 1126 1933 1129 ’
1951 1133 2148 1184 DEUM
2176 1134 2230 1184 R

1490 1213 1588 1248 Idem
1612 1214 1704 1258 Aug.
1730 1212 2149 1257 Constantinopolitanis.

1335 1281 1627 1327 (Praefatio.)
1674 1281 1847 1317 Omnibus
1871 1281 2074 1316 hominibus
2098 1279 2160 1324 qui
2182 1282 2282 1314 recte
2304 1289 2360 1313 sa-

1278 1327 1381 1372 piunt
1403 1327 1634 1363 manifestum
1654 1337 1733 1362 esse
1749 1329 1929 1373 putamus,
1956 1326 2040 1371 quia
2060 1335 2164 1361 omne
2182 1325 2285 1360 nobis
2308 1330 2362 1359 est

1279 1372 1437 1408 studium
1468 1376 1505 1408 et
1534 1372 1669 1416 oratio,
1700 1375 1741 1408 ut
1773 1371 1898 1408 crediti
1929 1372 2034 1407 nobis
2066 1381 2089 1406 a
2118 1370 2260 1406 domino
2295 1371 2361 1406 deo

132 1415 268 1452 σπότου
299 1418 390 1453 θεοῦ
418 1417 535 1453 καλῶς
557 1420 662 1463 βιοῦν
693 1422 753 1453 καὶ
784 1432 850 1463 την
875 1416 984 1454 αὐτου
1017 1415 1134 1466 εὑρεῖν
1157 1419 1208 1452 εὖ·
1223 1421 1266 1453 20
1279 1419 1370 1453 bene
1394 1419 1513 1453 vivant
1545 1420 1582 1453 et
1604 1417 1680 1453 eius
1703 1417 1887 1453 inveniant
1910 1417 2162 1470 placationem,
2194 1415 2362 1461 quoniam

130 1465 287 1517 ξένειαν,
318 1462 442 1508 ἐπειδὴ
473 1468 532 1498 καὶ
555 1462 577 1508 ἡ
596 1465 660 1499 τοῦ
680 1464 771 1499 θεοῦ
791 1464 1057 1511 φιλανθρωπία
1081 1461 1122 1499 οὗ
1142 1462 1210 1508 τὴν

130 1507 317 1543 απωλειαν
350 1507 440 1544 ἀλλὰ
473 1508 541 1554 τὴν
572 1509 796 1558 ἐπιστροφὴν
831 1514 890 1545 καὶ
927 1509 993 1553 τὴν
1025 1513 1210 1557 σωτηρίαν

129 1552 310 1597 βούλεται,
334 1557 395 1588 καὶ
417 1554 498 1590 τοὺς
521 1558 746 1591 πταίσαντας
769 1559 828 1590 καὶ
852 1554 1131 1611 διορθουμένους
1154 1553 1209 1589 δέ-

1279 1466 1316 1499 01
1340 1463 1397 1498 dei
1420 1463 1666 1499 misericordia.
1697 1473 1770 1499 11011
1797 1463 2032 1508 perditionem
2065 1462 2129 1498 sed
2161 1461 2361 1497 conversio-

1280 1519 1361 1544 nem
1393 1512 1430 1544 et
1453 1510 1605 1544 salutem
1630 1509 1717 1551 vult,
1748 1512 1785 1544 et
1809 1508 2054 1554 delinquentes
2088 1507 2150 1553 qui
2178 1507 2362 1552 corrigun-

1279 1557 1341 1590 tur
1375 1554 1527 1600 suscipit
1558 1555 1657 1590 deus.
1705 1554 1859 1599 Propter
1889 1554 1986 1600 quod
2017 1563 2147 1591 omnes
2172 1552 2363 1588 invitamus

129 1612 230 1641 χεται
252 1597 272 1633 ὁ
295 1599 392 1634 θεός.
425 1599 482 1635 διὸ
506 1599 647 1635 πάντας
670 1605 923 1649 προτρέπομεν
942 1614 1010 1636 τον
1032 1602 1096 1635 τοῦ
1119 1601 1210 1635 θεοῦ
1281 1601 1338 1637 dei
1369 1600 1532 1636 timorem
1562 1600 1600 1635 in
1629 1600 1794 1636 sensibus
1827 1600 1991 1645 accipere
2021 1603 2058 1635 et
2087 1598 2256 1634 invocare
2286 1598 2363 1633 eius

130 1643 247 1690 φόβον
281 1644 375 1679 κατὰ
407 1647 496 1680 νοῦν
532 1644 731 1701 λαμβρὶνειν
747 1651 829 1702 ε,καὶ
862 1646 930 1702 τὴν
967 1644 1078 1681 αὐτοῦ
1114 1644 1210 1691 εὐμέ-
1224 1649 1267 1682 25
1280 1646 1532 1691 placationem,
1565 1649 1601 1681 01
1624 1646 1785 1681 novimus
1810 1646 1893 1690 quia
1916 1655 2038 1681 omnes
2071 1644 2131 1690 qui
2155 1644 2259 1679 deum
2283 1643 2363 1679 dili-

129 1703 231 1724 νειαν
251 1689 517 1736 ἐπικαλεῖσθαι,
540 1695 601 1726 καὶ
617 1693 721 1736 ὶσμεν
745 1706 802 1727 οτι
822 1703 955 1728 παντες
978 1691 1014 1726 οἱ
1037 1691 1102 1727 τὸν
1118 1691 1211 1727 θεὸν

130 1732 344 1790 ἀγαπῶντες
375 1740 435 1770 καὶ
465 1737 532 1772 τὸν
564 1736 673 1772 αὐτοῦ
703 1737 804 1773 ἔλεον
827 1740 1078 1785 περιμένοντες
1103 1738 1212 1773 τοῦτο

129 1793 306 1816 ποιουσιν.

1280 1694 1370 1736 gunt
1388 1695 1430 1729 ‚et
1453 1692 1532 1728 eius
1556 1691 1839 1728 misericordiam
1863 1691 2044 1727 sustinent
2066 1690 2136 1726 hoc
2160 1689 2309 1725 faciunt.

176 1873 260 1906 Νου.
276 1874 470 1908 LXXVII
486 1874 649 1916 (Authent.
662 1875 779 1908 LXX
784 1874 878 1908 VIII
892 1891 938 1904 =
955 1875 1033 1909 Con.
1056 1875 1109 1908 VI
1125 1876 1171 1909 tit.
1185 1876 1222 1909 5:
1246 1875 1359 1919 qloss.)
1389 1874 1515 1909 Graece
1539 1882 1628 1909 extat
1652 1876 1685 1909 in
1710 1875 1799 1916 ML,
1821 1873 2006 1918 praeterea
2021 1875 2054 1907 in
2080 1875 2150 1907 cod.
2172 1874 2368 1908 Monacensi

130 1931 179 1962 yr.
193 1919 258 1953 380
284 1932 367 1953 saec.
383 1920 593 1954 XIII—XI
598 1921 632 1954 V
638 1922 671 1964 s.
686 1922 751 1955 363
765 1921 824 1962 (O)
850 1921 980 1964 corpori
1003 1921 1222 1955 collectionum
1246 1922 1505 1955 constitutionum
1529 1922 1820 1955 ecclesiasticarum
1846 1921 1978 1954 inserta.
1999 1938 2043 1943 —
2067 1920 2158 1964 Epit.
2174 1920 2296 1955 Theod.
2309 1922 2365 1960 77,

130 1964 252 1998 Athan-
268 1965 323 2007 12,
335 1973 361 2000 3.
407 1965 530 2000 Iulian.
555 1974 653 2000 const.
678 1966 820 2000 LXXI.

131 2074 245 2109 usque
279 2063 398 2100 adhuc
433 2065 599 2101 habitant
633 2066 721 2102 viris
755 2066 1025 2109 mulieribus've,
1059 2067 1276 2113 praesertim
1310 2067 1342 2102 si
1378 2066 1482 2103 liberi
1513 2067 1714 2113 supersint,
1750 2066 1795 2102 de
1826 2057 1934 2103 rebus
1966 2067 2043 2101 suis
2077 2078 2119 2102 eo
2155 2078 2227 2113 quo
2259 2067 2389 2116 velim>

131 2108 239 2144 modo
264 2109 468 2155 disponere.

268 2154 323 2206 E,
342 2155 358 2189 i
364 2154 378 2189 ί
385 2166 509 2202 oqus.
563 2155 642 2192 Tua
665 2157 778 2203 iqitur
796 2156 1000 2192 sublimitas
1028 2168 1123 2203 quae
1145 2157 1251 2194 nobis
1266 2157 1493 2204 placuerunt
1522 2159 1559 2193 et
1580 2168 1655 2205 per
1685 2157 1781 2193 hane
1811 2167 1956 2193 sacram
1987 2156 2101 2203 teqem
2131 2157 2368 2194 declarantur

133 2210 231 2235 more
252 2210 294 2245 so
310 2203 362 2235 ato
381 2211 454 2246 per
476 2201 595 2237 edicta
615 2202 773 2248 propria
806 2202 970 2249 omnibus
993 2202 1191 2246 manifesta
1213 2203 1342 2248 faeere
1364 2202 1519 2238 studeat.
2012 2202 2016 2207 ”

1155 2380 1354 2418 LXXVII.

139 2461 590 2514 CONSTITUTIO
624 2461 727 2512 DE
756 2460 1220 2512 AFFICIENDIS
1252 2461 1624 2513 SUPPLICIO
1673 2462 1786 2513 IIS
1829 2461 1957 2523 QUI
1986 2461 2125 2513 PER
2165 2463 2372 2515 DEUM

168 2554 175 2560 ·
211 2570 214 2574 .
682 2529 954 2580 JURANT
986 2529 1110 2590 QUI
1110 2528 1249 2590 QUE
1279 2529 1817 2582 BLASPJJEMANT.
1939 2557 1941 2559 ·

270 2621 525 2667 Praefatio.
577 2620 748 2656 Omnibus
771 2621 975 2657 hominibus
992 2620 1063 2701 gui
1086 2611 1234 2667 sapiunt
1256 2620 1489 2665 manifestum
1519 2631 1595 2656 esse
1619 2621 1844 2656 arbitramur
1869 2621 1992 2656 omnia
2021 2632 2091 2656 nos
2121 2625 2157 2658 et
2179 2623 2301 2659 studia
2333 2629 2368 2659 et

134 2671 218 2704 vota
240 2668 279 2702 iu
302 2678 343 2703 eo
368 2667 550 2702 collocare
584 2671 625 2702 ut
652 2667 681 2702 iz·
733 2668 774 2701 ui
796 2666 899 2702 nobis
931 2677 991 2702 ere

1017 2666 1059 2700 αἱ
1088 2670 1172 2700 sunt
1196 2677 1220 2700 a
1243 2665 1388 2701 domino
1413 2665 1479 2701 deo
1503 2670 1600 2702 reete
1623 2667 1746 2702 vivant
1773 2671 1809 2702 et
1831 2666 1909 2702 eius
1932 2666 2142 2703 elementiae
2160 2670 2368 2716 participes

130 2714 241 2758 fiant,
274 2712 446 2758 quoniam
469 2711 528 2747 dei
550 2722 695 2758 quoque
737 2711 918 2759 eniqnitas
940 2722 1016 2747 non
1038 2711 1224 2758 interitum
1253 2710 1319 2747 sed
1340 2711 1611 2748 conversionem
1638 2716 1674 2748 et
1696 2711 1849 2748 salutem
1872 2712 1966 2755 vult,
1997 2723 2132 2759 eosque
2156 2715 2222 2760 qui
2235 2725 2367 2762 pecca-

132 2763 263 2794 verunt
292 2762 328 2793 et
358 2757 397 2792 in
428 2757 522 2794 viam
552 2757 706 2793 redeunt
732 2758 884 2803 suscipit
914 2757 1013 2793 deus.
1061 2755 1267 2803 Propterea
1299 2766 1422 2792 omnes
1453 2756 1643 2792 hortamur
1671 2762 1713 2793 ut
1735 2758 1794 2793 dei
1819 2758 1982 2793 timorem
2005 2758 2045 2793 in
2068 2760 2189 2795 animo
2213 2759 2368 2797 habeant

116 2808 168 2847 ,et
201 2803 422 2839 elementiam
456 2803 533 2838 eius
569 2803 783 2850 implorant,
825 2813 869 2838 ae
902 2802 1036 2839 seimus
1069 2812 1193 2837 omnes
1231 2801 1296 2848 qui
1330 2801 1435 2837 deum
1475 2801 1633 2848 diliqunt
1665 2806 1702 2838 et
1737 2802 2024 2839 misericordiam
2059 2804 2138 2840 eius
2171 2810 2369 2853 expectant

133 2848 174 2884 id
192 2849 332 2895 facere.

182 2955 198 2986 1
224 2953 283 2984 καὶ
309 2953 427 2986 addidi
451 2965 489 2985 ex
513 2952 601 2996 0(οβ
610 2965 646 2996 p.
661 2954 738 2993 380,
754 2954 795 2994 o)]
821 2965 878 2986 om.
893 2952 941 2985 M
958 2951 971 2995 ΙΙ
989 2954 1006 2985 7
1021 2954 1142 2985 subscr.
1157 2953 1216 2984 om.

136 2998 199 3030 Iul.
216 2997 228 3040 ΙΙ
246 2998 292 3029 id.
308 2998 379 3030 Oct.
405 2998 456 3038 Μ,
481 2994 527 3030 ἰδ.
541 2995 648 3031 ὀκτω.
669 2999 759 3038 Am]
785 3008 819 3030 v.
836 2997 882 3030 id.
903 2998 974 3030 Oct.
997 3008 1017 3033 ς’
1039 2998 1125 3040 μηνὶ
1148 2995 1217 3029 ἰου-

135 3045 203 3084 νίῳ
236 3044 288 3083 (ex
303 3044 450 3086 priorum
480 3044 677 3076 novellarum
702 3044 991 3085 subscriptionibus
1022 3044 1104 3075 male
1128 3054 1217 3084 repe·

137 3088 239 3129 titum)
262 3087 382 3120 Theod.
400 3087 413 3131 ΙΙ
439 3088 505 3120 GP.
529 3107 574 3112 -
597 3098 686 3121 anno
710 3087 782 3121 XII
807 3090 838 3130 ς]
862 3088 940 3131 imp.
956 3087 1011 3120 dn.
1025 3087 1217 3119 Iustiniavo

134 3143 190 3175 pp.
215 3142 291 3173 aug.
316 3142 394 3165 ann.
419 3132 491 3165 XII
515 3133 559 3166 M
591 3131 776 3176 βασιλείας
797 3129 1056 3166 Ἰουστινιανοῦ
1087 3131 1130 3165 τὸ
1161 3128 1213 3174 ιβ’

135 3178 224 3218 Α111.,
248 3190 307 3210 om.
333 3178 452 3211 Theod.
485 3177 498 3222 ΙΙ
529 3179 550 3212 8
574 3179 702 3211 loanno
724 3189 776 3212 uc.
802 3188 905 3210 conss.
930 3178 999 3210 ind.
1021 3180 1046 3220 β
1068 3178 1124 3217 M,
1162 3177 1217 3210 Io-

136 3223 246 3255 hanne
269 3233 321 3255 uc.
346 3222 484 3255 consule
509 3235 527 3259 ς
564 3219 721 3266 ὑπατείᾳ
742 3220 910 3257 Ἰωάννου
933 3219 1002 3256 ἰνὸ.
1028 3218 1065 3255 α’
1083 3223 1216 3262 ΤΙιεοᾱ.,

135 3265 307 3302 ὑπατείας
326 3264 500 3302 Ἀπίωνος
523 3265 708 3310 (Ἰωάννου
733 3270 903 3310 Fabrotus)
927 3269 1003 3302 Ath.
1029 3269 1041 3311 ΙΙ
1074 3270 1114 3302 11
1129 3270 1216 3301 rubr.

137 3314 226 3358 Περὶ
257 3313 338 3365 τῶν
374 3310 666 3367 ἀσελγαινόντων
701 3311 723 3356 ἢ
753 3309 967 3369 ᾇμνυόντων
1001 3311 1093 3346 κατὰ
1127 3311 1217 3366 θεοῦ

137 3356 547 3448 ἶῖἒῗςλῖἓιῖῑτέἕῖἔυῇεέε
570 3370 855 3446 ἷῖἑῖχῗιὲῗῖἳῖἕ
877 3359 1218 3457 ᾗέᾁ.)(”ξοῖἔ’φῖἑῗν

139 3445 415 3494 ἀσελγαίνοντας
458 3451 518 3482 καὶ
553 3447 634 3482 τοὺς
668 3446 868 3492 ὀμνύοντας
903 3446 996 3482 κατὰ
1024 3460 1143 3494 τριχος
1177 3461 1217 3482 τε

139 3497 198 3527 καὶ
214 3492 365 3539 κεφαλῆς
381 3496 440 3528 καὶ
457 3495 534 3528 τῶν
546 3491 724 3527 τοιούτων
741 3492 932 3527 κελεύουσα
947 3496 1068 3536 (indem,
1086 3492 1218 3528 κελεύει

140 3542 243 3580 rubr.)
267 3542 343 3573 ταῖς
363 3537 527 3582 ἐσχάταις
549 3536 826 3583 ὑποβάλλεσθαι
849 3542 1038 3585 τιμωρίαις
1053 3541 1099 3582 (in
1115 3553 1217 3583 mary.

142 3580 309 3624 Διάταξις
328 3583 400 3627 οζ’)
428 3586 473 3623 C';
506 3585 555 3618 De
576 3586 627 3617 his
651 3586 710 3627 qui
733 3596 792 3627 per
816 3584 974 3628 capillum
999 3584 1053 3618 dei
1075 3587 1135 3617 aut
1159 3595 1218 3628 per

141 3630 241 3670 caput
270 3630 384 3663 iurant
421 3630 474 3664 vel
506 3630 573 3663 alio
603 3630 700 3663 modo
733 3630 936 3685 blasphemia
971 3632 1087 3663 contra
1121 3630 1219 3663 deum

143 3673 363 3709 immortalem
393 3678 537 3709 utuntur
560 3676 642 3714 Iul.;
688 3677 779 3720 Περὶ
802 3671 1016 3720 ομνυόντων
1044 3675 1163 3709 ΤΙιεοιΙ.
1207 3674 1219 3720 ΙΙ

146 3719 185 3752 13
201 3720 445 3765 τιμωρεῖσθαι
466 3730 539 3756 ante
561 3719 652 3754 κατὰ
670 3722 732 3755 τοῦ
750 3720 840 3755 θεοῦ
861 3722 932 3755 coll.
947 3722 990 3764 L,
1012 3728 1088 3765 post
1107 3718 1218 3764 βλασ-

1287 2950 1491 2994 φημοῦντας
1516 2963 1584 2984 cum
1599 2952 1796 2985 Haloandro
1813 2953 1899 2996 vuly.
1929 2951 1942 2996 ΙΙ
1972 2954 2013 2987 16
2034 2954 2241 2996 inscriptione
2258 2962 2370 2988 carent

1286 2996 1395 3029 MLC'
1413 2992 1451 3028 Ὁ
1467 2991 1573 3029 αὐτὸς
1596 2994 1782 3039 βασιλεύς·
1803 2993 2055 3031 ἝδικτονΑἰΙι.
2088 2993 2124 3031 ‘0
2142 2995 2249 3032 αὐτὸς
2264 3002 2369 3042 βασι-

1285 3038 1362 3074 λεὺς
1383 3039 1835 3076 Κωνσταντινουπολίταις
1866 3055 1905 3076 ετ
1926 3054 1946 3078 ς
1976 3044 2037 3076 ins.
2070 3055 2137 3077 cum
2169 3045 2368 3078 Haloandro

1284 3088 1371 3131 vuly.
1389 3086 1401 3129 ΙΙ
1424 3087 1463 3120 18
1479 3084 1579 3119 πᾶσά
1594 3087 1697 3120 ἐστιν
1716 3083 1803 3131 ἡμῖν
1819 3088 1848 3121 0
1863 3086 1875 3130 ΙΙ
1892 3088 1931 3121 21
1944 3101 1992 3131 sq.
2011 3089 2061 3132 C'f.
2075 3089 2239 3123 Ezechiel.
2250 3091 2342 3132 33,11
2357 3090 2370 3135 ΙΙ

1286 3133 1328 3166 25
1354 3129 1479 3174 λαβεῖν
1507 3132 1534 3165 C
1560 3131 1572 3175 ΙΙ
1611 3133 1654 3167 26
1678 3130 1715 3165 οἱ
1744 3131 1809 3165 τὸν
1839 3131 1933 3166 θεὸν
1965 3130 1988 3165 ἀ
2012 3133 2180 3168 απιῧντες
2210 3148 2269 3168 om.
2299 3136 2328 3169 0
2358 3138 2370 3179 Η

1286 3179 1327 3211 27
1353 3176 1480 3210 ἑαυτοῦ
1495 3177 1544 3209 Μ
1558 3177 1570 3220 ΙΙ
1595 3177 1717 3219 τοῦτο]
1742 3179 1826 3222 περὶ
1846 3179 1954 3211 τοῦτο
1974 3145 2027 3212 ἶΰ

1331 3258 1351 3291 3
1364 3255 1554 3302 uolueritR
1565 3254 1577 3300 ΙΙ
1591 3257 1609 3288 7
1623 3257 1886 3298 subscriptionem
1901 3257 2046 3290 dedimus
2059 3270 2098 3291 ex
2114 3259 2180 3292 Vet
2192 3259 2311 3293 Bamb.
2326 3261 2351 3294 I
2357 3260 2369 3304 Η

1285 3312 1319 3334 v.
1333 3302 1379 3334 id.
1392 3301 1520 3335 octubr.
1545 3300 1573 3334 V
1594 3311 1629 3333 v.
1649 3300 1716 3333 kal.
1739 3300 1819 3343 (kal.
1841 3302 1918 3343 del.)
1935 3301 2011 3336 idus
2030 3303 2158 3337 octubr.
2181 3304 2301 3338 Bamb.
2314 3306 2336 3338 I
2356 3301 2362 3348 Ι

1286 3347 1366 3390 Cap.
1387 3347 1485 3390 impr.
1507 3346 1595 3380 dono
1612 3346 1694 3378 Iust.
1717 3346 1749 3379 V
1769 3346 1829 3389 Cp.
1846 3347 1926 3391 imp.
1944 3347 2023 3380 dnn.
2045 3348 2168 3381 Iustin.
2185 3349 2304 3383 Bamb.
2318 3351 2344 3384 I
2356 3307 2369 3395 ΙΙ

1925 3403 1967 3450 1}
1992 3405 2080 3437 oH-
2096 3403 2285 3438 Lxxvm
2308 3405 2370 3450 vn

1289 3451 1328 3484 11
1354 3447 1623 3481 luxurientur'T
1643 3446 1655 3491 ΙΙ
1687 3448 1727 3481 13
1752 3447 1891 3491 capillos
1914 3450 1972 3491 (cs.
1982 3462 2018 3492 p.
2033 3450 2185 3491 382‚16)]
2211 3450 2265 3483 dei
2289 3453 2367 3485 add.

1285 3495 1371 3538 vuly.
1395 3493 1407 3538 ΙΙ
1434 3492 1575 3534 aliquid]
1608 3492 1752 3525 aliorum
1775 3492 1910 3535 quidem
1932 3494 1964 3527 T
1981 3495 1994 3538 ΙΙ
2029 3496 2071 3530 14
2093 3505 2202 3537 neque
2225 3509 2284 3530 om.
2306 3497 2340 3530 V
2355 3496 2368 3541 ΙΙ

1285 3539 1560 3582 blasphementur
1582 3538 1615 3571 V
1636 3536 1649 3582 ΙΙ
1685 3539 1726 3572 16
1749 3539 2135 3581 constantinopolitanus
2157 3541 2191 3574 V
2210 3541 2223 3584 fl
2255 3543 2296 3577 18
2321 3545 2369 3575 est

1287 3597 1346 3617 om.
1371 3584 1403 3617 V
1421 3583 1434 3627 ΙΙ
1463 3584 1505 3617 20
1525 3586 1558 3615 01
1575 3583 1646 3616 eius
1663 3583 1816 3616 inueniat
1837 3584 2030 3627 (inueniant
2042 3585 2104 3627 R³)
2130 3587 2208 3620 add.
2223 3587 2283 3629 ΒΞ,
2309 3600 2367 3621 om.

1287 3630 1335 3663 R¹
1361 3629 1374 3673 ΙΙ
1399 3630 1439 3663 21
1466 3631 1500 3661 01
1523 3628 1589 3669 dei]
1615 3628 1669 3661 dei
1692 3631 1725 3661 et
1746 3628 1801 3661 dei
1827 3629 1879 3662 V¹
1908 3628 1922 3674 11
1949 3631 1993 3664 22
2017 3631 2077 3672 qui
2093 3632 2309 3674 corriguntur
2324 3652 2369 3659 —-

1287 3676 1390 3716 382‚1
1411 3674 1631 3717 conprehensi
1647 3686 1708 3707 scr.
1724 3674 1774 3707 R²
1787 3675 1819 3707 in
1835 3687 1903 3708 ras.
1918 3676 1938 3709 3
1951 3688 2100 3709 versuum
2125 3675 2139 3721 ss
2162 3678 2204 3712 23
2226 3680 2370 3721 suscepit

1290 3722 1375 3763 libri,
1399 3732 1482 3753 corr.
1495 3720 1585 3763 vulq.
1612 3718 1626 3764 ΙΙ
1649 3719 1691 3753 25
1715 3719 1864 3761 diligunt
1886 3733 1945 3754 om.
1970 3721 2003 3754 V
2021 3720 2034 3765 ΙΙ
2058 3722 2314 3757 26·οα01111011111
2337 3724 2370 3756 R

1287 3405 1307 3438 8
1334 3403 1478 3436 Iohanni
1510 3402 1585 3434 uiro
1618 3401 1718 3435 olaiso
1750 3402 1785 3435 V
1806 3402 1819 3446 ss
1859 3405 1900 3437 10
