2618 4010
148 141 502 176 ECCLESIAS'I'ICIS
533 140 675 176 REBUS

1241 121 1297 170 57

2047 123 2156 167 Nov.
2189 123 2267 166 VII
2297 127 2335 168 4.
2367 129 2390 166 5

1066 184 1133 191 β...
1178 184 1467 190 -..-....----,..

1144 283 1302 320 CAPUT
1331 284 1394 318 IV.

191 349 225 392 Ἐ-
278 357 325 391 Et
361 354 401 391 δέ
433 367 484 391 τις
504 353 710 435 λβουληνθειή
744 352 869 397 λαβεῖν
902 352 993 387 κατὰ
1025 350 1130 399 λόγον
1154 351 1233 397 χρή-

148 414 238 437 σεως
260 400 339 445 ἤτοι
363 402 427 437 τοῦ
457 414 502 435 κα
525 403 674 446 ουμένου
699 396 985 445 οὖσουφρούκτου
1009 400 1156 446 πρᾶγμα
1181 400 1233 431 ἐκ·

148 446 401 491 κλησιαστικὸν
432 444 453 490 ἢ
482 447 544 490 τῆς
574 443 777 492 ἁγιωτάτης
811 443 964 491 μεγάλης
1000 442 1184 486 ἐκκλησίας
1213 439 1236 486 ἢ

148 492 253 537 ἄλλης
277 491 488 536 οἱαςὸηποτε
515 491 594 526 τῶν
619 493 660 525 ἐν
684 487 805 533 ἁπάση
833 491 878 537 τῇ
904 485 1058 535 ἡμετέρᾳ
1084 486 1234 532 ὑπηκόῳ

148 541 325 582 κειμένων
354 534 376 592 ἢ
407 540 620 579 πτωχείων,
653 537 702 581 μὴ
729 535 774 570 α”λ
797 547 844 569 ως
873 534 1090 579 λαμβανέτω
1116 536 1234 587 τοῦτο,

148 585 180 618 εἰ
201 582 252 628 μὴ
281 596 373 617 κατα
400 596 442 617 τε
469 581 539 625 τὴν
562 582 753 627 εἰρημένην
780 580 1031 626 παρατήρησιν
1060 582 1119 613 καὶ
1144 593 1236 613 κατα

148 627 214 663 τὸν
234 627 351 664 τύπον
371 629 432 672 τῆς
455 629 615 661 Λέοντος
638 628 703 661 τοῦ
725 626 786 669 τῆς
811 625 976 669 εὐσεβοῦς
1000 623 1132 667 λήξεως
1158 623 1234 658 δια·

148 674 298 715 τάξεως,
332 668 420 708 ὥςτε
450 670 563 707 αὐτὸν
593 672 751 719 εὔπορον
773 671 997 706 καθεστῶτα
1029 672 1088 703 καὶ
1116 667 1237 703 οὐσίας

148 718 316 763 ἀκινήτου
337 717 521 761 δεσπότην
539 719 664 764 ἕτερον
688 715 798 752 εὐθὺς
821 716 969 769 πρᾷγμα
993 714 1085 748 κατὰ
1106 713 1234 749 δεσπο-

1350 352 1388 386 Si
1419 351 1498 396 quis
1531 353 1649 386 autem
1675 348 1828 385 voluerit
1860 350 2025 396 accipere
2056 350 2250 387 secundum
2281 351 2391 387 ratio-

1304 407 1385 432 nem
1410 408 1496 432 usus
1520 400 1584 432 aut
1607 396 1704 440 quod
1728 401 1878 430 vocatur
1911 398 2140 432 ususfructus
2171 408 2245 433 rem
2276 398 2390 432 eccle-

1305 442 1485 477 siasticam
1507 444 1571 477 aut
1593 441 1840 476 sanctissimae
1862 442 2006 478 maioris
2028 443 2199 478 ecclesiae
2218 447 2282 478 aut
2302 443 2390 479 alte-

1304 488 1379 522 rius
1414 488 1622 530 cuiuslibet‚
1655 496 1746 531 quae
1779 487 1816 521 in
1854 488 1950 521 omni
1983 491 2107 522 nostra
2137 489 2276 523 dicione
2306 492 2392 523 sunt

1271 533 1462 578 5positae‚
1497 537 1561 568 aut
1592 532 1837 577 ptochiorum,
1871 532 2013 567 omnino
2044 534 2221 578 percipiat
2252 535 2321 568 hoc
2355 540 2391 568 et

1305 579 1501 613 secundum
1543 578 1764 623 praedictam
1800 578 2083 613 observationem
2124 584 2160 613 et
2198 579 2392 614 secundum

1303 625 1454 659 formam
1479 623 1744 659 constitutionis
1769 622 1902 658 Leonis
1927 623 2007 667 piae
2030 624 2237 659 memoriae:
2262 628 2303 659 ut
2324 626 2392 659 iste

1304 669 1466 714 locuples
1500 669 1657 704 existens
1691 672 1726 703 et
1757 669 1981 703 substantiae
2013 669 2203 704 immobilis
2228 669 2392 705 dominus

1304 715 1410 749 aliam
1435 725 1517 749 mox
1542 725 1616 749 rem
1634 714 1829 749 secundum
1853 714 2085 759 proprietatis
2106 715 2161 749 ius
2187 721 2393 759 compenset

148 768 244 799 τείας
265 762 406 798 δίκαιον
427 761 655 806 ἀντιδιδόναι
678 764 723 810 τῇ
747 758 931 809 ἁγιωτάτῃ
953 758 1122 812 ἐκκλησίᾳ
1141 757 1162 802 ἢ
1179 761 1233 803 τῷ
1252 762 1291 793 10
1305 760 1553 795 sanctissimae
1577 760 1749 794 ecclesiae
1774 763 1836 794 aut
1860 759 2055 794 venerabili
2079 759 2216 803 domui,
2250 770 2293 795 ex
2322 771 2393 805 qua

131 806 269 857 ἐὐαγεῖ
290 810 389 853 οἴκῳ,
414 809 453 850 ἐξ
476 807 518 843 οὗ
539 811 649 843 τοῦτο
667 806 855 853 λαμβάνει,
878 815 1061 846 τοσαυτην
1080 807 1139 838 καὶ
1163 818 1234 838 τοι-

150 856 263 898 αύτην
287 858 398 901 φέρον
421 853 610 901 πρόςοδον,
642 850 782 896 ὁπόσην
804 849 825 895 ἢ
850 847 983 886 ὁποίαν
1014 850 1085 892 ἔχει
1116 848 1158 883 τὸ
1184 848 1234 883 δι-

149 899 320 944 δόμενον·
347 896 435 934 ὤςτε
458 898 550 945 μετὰ
571 898 639 942 τὴν
662 895 771 932 αὐτοῦ
791 894 959 938 τελευτὴν
981 894 1023 928 τό
1050 908 1091 929 τε
1115 894 1234 947 ἐκκλη·

149 945 339 980 σιαστικὸν
370 942 393 989 ἢ
424 943 610 987 πτωχικὸν
629 944 792 998 ἱπρξιγμοι
826 939 1036 986 ἀνατρέχειν
1074 941 1134 974 ἐπὶ
1168 953 1235 974 τον

148 992 392 1046 ειξαγεζστατον
423 991 522 1024 οἷκον
551 1002 643 1042 μετα
674 1000 734 1042 της
762 986 919 1040 χρήσεως
947 987 1010 1029 τῆς
1032 983 1234 1029 δεδομένης,
1252 988 1290 1019 15

149 1050 212 1078 ουχ
240 1033 524 1115 υπερῖαινοὺσης
554 1048 620 1069 τον
648 1046 780 1080 χρόνον
802 1044 864 1075 της
889 1032 980 1075 ζωῆς
1010 1032 1075 1064 τοῦ
1100 1029 1234 1075 λαμβά-

148 1093 290 1116 νοντος·
345 1081 522 1125 αμβάνειν
554 1077 595 1113 δὲ
625 1075 757 1123 ὁμοίοις
780 1081 839 1111 καὶ
869 1078 933 1111 τοῦ
957 1074 1235 1120 ἀντιδεδομένου

149 1126 357 1174 πράγματος
380 1125 447 1169 τὴν
469 1125 607 1172 χρῆσιν,
634 1120 722 1158 ὥςτε
742 1123 835 1158 εἶναι
855 1121 945 1167 μετὰ
967 1120 1035 1176 την
1059 1123 1121 1156 τοῦ
1150 1120 1234 1166 λαμ-

148 1173 324 1217 βάνοντος
345 1170 511 1213 τελευτὴν
536 1167 558 1213 ἢ
581 1169 648 1204 τὸν
670 1167 811 1225 χρόνον,
843 1169 890 1202 εἰς
921 1164 965 1203 ὃν
988 1181 1010 1210 η
1034 1165 1150 1213 δωρεὰ
1174 1168 1235 1209 τῆς

1305 806 1372 840 hoc
1396 806 1569 850 percepit,
1595 808 1715 840 tantos
1737 807 1773 840 et
1792 805 1883 840 tales
1908 804 2081 840 ferentem
2106 805 2254 847 reditus,
2280 815 2391 849 quan-

1304 854 1360 885 tos
1389 855 1452 884 aut
1476 851 1598 895 quales
1631 851 1740 885 habet
1773 850 1867 895 quod
1899 850 2015 892 datur,
2048 851 2099 885 ita
2133 855 2173 884 ut
2204 854 2287 895 post
2317 852 2393 886 eius

1305 895 1441 930 obitum
1467 896 1712 931 ecclesiastica
1745 900 1809 931 aut
1841 897 2010 941 ptochica
2034 907 2092 931 res
2122 898 2323 930 revertatur
2348 897 2394 930 ad

1304 942 1542 975 venerabilem
1573 942 1717 977 domum
1751 952 1831 976 cum
1862 952 1947 985 usu,
1987 942 2047 986 qui
2078 941 2183 976 datus
2218 946 2289 985 est,
2322 953 2394 976 non

1304 987 1580 1021 transcendente
1622 992 1763 1031 tempus
1808 988 1901 1022 vitae
1944 987 2191 1032 percipientis3
2237 986 2395 1032 accipiat

1305 1036 1423 1066 autem
1456 1031 1616 1066 similiter
1647 1033 1756 1067 etiam
1787 1033 1838 1067 rei
1868 1033 1906 1067 in
1937 1033 2264 1078 compensationem
2289 1032 2395 1067 datae

1306 1079 1366 1118 [et]
1392 1086 1507 1118 usum,
1537 1079 1712 1120 quatenus
1738 1077 1785 1112 sit
1809 1083 1891 1123 post
1914 1079 2144 1123 percipientis
2169 1078 2308 1113 obitum
2331 1082 2396 1113 aut

1304 1124 1458 1166 tempus,
1482 1122 1520 1156 in
1545 1133 1614 1166 quo
1634 1123 1780 1158 donatio
1798 1135 1884 1158 usus
1910 1124 2084 1167 convenit,
2110 1135 2182 1159 non
2205 1128 2393 1158 transcen-

1304 1167 1393 1202 dens
1418 1167 1584 1202 videlicet
1616 1168 1847 1212 percipientis
1877 1169 2002 1212 vitam,
2035 1174 2225 1214 utrumque
2250 1179 2293 1204 ex
2318 1174 2394 1204 toto

147 1217 304 1264 χρήσεως
327 1213 632 1269 συμπεφώνηται,
661 1228 725 1248 ουκ
747 1216 979 1258 ἐκβαίνοντας
1007 1211 1144 1256 δηλαδὴ
1167 1212 1235 1255 τὴν
1248 1215 1290 1247 20
1303 1215 1339 1248 et
1370 1213 1564 1247 secundum
1597 1213 1853 1257 proprietatem
1880 1217 1916 1249 et
1945 1214 2143 1250 secundum
2168 1225 2273 1250 usum
2296 1215 2394 1260 apud

147 1276 210 1297 του
244 1261 491 1306 λαμβάνοντος
527 1262 636 1304 ζωην,
672 1257 843 1307 ἑκάτερον
878 1259 917 1299 ἐξ
948 1255 1141 1312 ὁλοκλήρου
1175 1260 1235 1311 καὶ

147 1305 239 1386 κατ-λά
264 1304 481 1386 ὃίεσποτείαν
505 1309 565 1339 καὶ
593 1305 686 1340 κατὰ
712 1306 838 1353 χρῆσιν
862 1303 962 1351 παρὰ
982 1305 1027 1351 τῇ
1050 1316 1235 1351 αγιωτατῃ

148 1354 208 1386 lux
231 1363 277 1396 ησ
294 1365 328 1394 ᾳ.

1303 1259 1567 1294 sanctissimam
1591 1259 1792 1294 ecclesiam.

1156 1429 1313 1465 CAPUT
1337 1429 1380 1464 V.

188 1496 335 1543 Ἐπειδὴ
359 1496 400 1533 δὲ
422 1495 443 1542 ἡ
461 1500 621 1533 Λέοντος
644 1499 707 1533 τοῦ
732 1499 794 1541 τῆς
814 1496 981 1543 εὗσεβοῦς
1003 1496 1133 1541 λήξεως
1157 1495 1232 1532 διά·
1348 1497 1439 1542 Quia
1456 1508 1538 1532 vero
1558 1497 1690 1533 Leonis
1712 1498 1792 1542 piae
1810 1499 2001 1533 memoriae
2028 1499 2237 1534 constitutio
2258 1510 2393 1544 poenas

146 1546 245 1586 ταξις
265 1544 329 1580 τὰς
352 1543 479 1579 ποινὰς
507 1543 637 1587 σχεδόν
659 1558 695 1578 τι
722 1545 837 1589 μόνον
862 1545 924 1579 ἐπὶ
952 1543 1117 1589 πράσεως
1151 1540 1231 1588 ὤρι-
1246 1546 1287 1578 25
1302 1553 1417 1588 paene
1441 1544 1663 1579 solummodo
1691 1544 1727 1578 in
1751 1544 1952 1579 venditione
1977 1544 2151 1589 decrevit,
2183 1556 2249 1580 nos
2274 1549 2394 1580 autem

146 1604 220 1633 σεν,
245 1587 342 1635 ἡμεῖς
370 1587 410 1624 δὲ
432 1587 729 1637 ἀπηγορεύσαμεν
753 1587 793 1623 οὐ
819 1589 966 1635 πράσεις
989 1588 1114 1633 μόνον,
1143 1587 1233 1623 ἀλλὰ
1301 1588 1551 1625 interdiximus
1582 1600 1657 1624 non
1682 1589 1902 1625 venditiones
1934 1590 2068 1632 solum,
2102 1590 2165 1625 sed
2199 1591 2305 1626 etiam
2331 1591 2393 1626 do-

146 1639 204 1670 καὶ
226 1633 360 1684 δωρεὰς
379 1638 439 1669 καὶ
459 1634 622 1681 ἀμείψεις
646 1639 706 1669 καὶ
729 1633 900 1678 διηνεκεῖς
920 1634 1149 1680 ἐμφυτεύσεις
1173 1638 1233 1669 καὶ
1302 1635 1466 1669 nationes
1496 1639 1532 1669 et
1560 1635 1841 1679 permutationes
1866 1638 1903 1670 et
1933 1639 2128 1680 perpetuas
2153 1638 2393 1681 emphyteosIs

147 1680 324 1728 ἐνεχύρων
348 1678 463 1715 δόσεις
487 1683 546 1715 ἐπὶ
575 1680 786 1727 πράγμασιν
808 1678 1005 1723 ἀκινήτοις,
1029 1679 1173 1727 ὁρῶμεν
1194 1678 1236 1714 δέ
1302 1684 1340 1715 et
1363 1680 1551 1724 pignorum
1577 1680 1740 1715 dationes
1762 1682 1798 1715 in
1822 1681 1928 1716 rebus
1956 1681 2207 1723 immobilibus,
2233 1682 2393 1716 videmus

146 1738 246 1762 τινας
269 1723 383 1761 οὕτως
407 1724 678 1772 φιλοκινδύνους
702 1726 959 1767 καθεστῶτας,
984 1721 1073 1760 ὥςτε
1096 1725 1233 1769 τολμᾶν
1303 1728 1423 1760 autem
1449 1725 1621 1769 quosdam
1646 1727 1698 1761 sic
1723 1728 1900 1762 amatores
1926 1727 2078 1771 periculi
2102 1727 2328 1771 constitutos,
2355 1733 2395 1761 ut

146 1776 206 1806 καὶ
226 1775 300 1807 τοῖς
322 1771 825 1819 ἀπηγορευμένοις,προςιέναι
845 1774 905 1805 καὶ
924 1769 1130 1816 ἀπόπειραν
1153 1784 1231 1807 ποι·
1246 1774 1288 1806 30
1302 1775 1536 1816 praesumant
1566 1771 1612 1806 ad
1644 1782 1687 1806 ea
1711 1781 1803 1815 quae
1833 1772 2023 1807 interdicta
2047 1775 2133 1807 sunt
2161 1773 2333 1807 accedere
2358 1777 2395 1807 et

146 1817 271 1852 εἶσθαι
290 1818 370 1852 τῶν
393 1814 520 1861 νόμων
546 1817 585 1857 ἐξ
615 1815 654 1859 ἧς
681 1818 799 1859 ἔχουσι
825 1814 972 1863 γνώμης
1000 1830 1040 1850 τε
1066 1820 1125 1851 καὶ
1152 1815 1231 1851 τόλ-
1304 1817 1642 1851 circumventionem
1662 1817 1782 1852 facere
1806 1817 1943 1861 legibus
1964 1828 2007 1852 ex
2025 1818 2210 1853 voluntate
2234 1823 2270 1854 et
2290 1828 2393 1863 prae-

145 1875 228 1908 μης,
251 1865 311 1897 καὶ
334 1861 381 1897 τὰ
404 1865 588 1897 παντοίως
610 1859 903 1910 ἀπηγορευμένα,
927 1865 1084 1908 φέροντα
1110 1860 1150 1896 δὲ
1173 1865 1232 1895 ’καὶ
1303 1862 1508 1907 sumptione
1542 1873 1649 1906 quam
1684 1863 1840 1906 habent,
1881 1868 1917 1898 et
1951 1874 2042 1908 quae
2078 1864 2243 1899 omnibus
2279 1864 2393 1899 modis

146 1910 194 1943 εἰς
222 1906 391 1943 θάνατον
422 1908 508 1942 ἴσως
534 1904 757 1955 ἀνθρώπους
786 1906 1004 1955 πράττουσι,
1037 1906 1096 1942 διὰ
1125 1909 1233 1942 τοῦτο
1302 1907 1493 1942 interdicta
1523 1912 1608 1942 sunt
1642 1910 1679 1943 et
1710 1908 1862 1943 forsitan
1895 1909 2031 1944 ducunt
2061 1909 2107 1943 ad
2142 1913 2293 1944 mortem
2328 1910 2392 1944 ho-

144 1952 345 2002 άναγκαῖον
366 1950 543 1997 ᾠήθημεν
562 1954 580 1986 ἐ
613 1954 623 1965 '
647 1952 787 1996 ἑκάστῳ
806 1951 1074 2000 συναλλάγματι
1096 1957 1156 1987 καὶ
1174 1953 1233 1999 ῥη·
1303 1953 1434 1995 mines‚
1468 1958 1595 1996 agunt:
1633 1957 1825 1999 propterea
1856 1954 2097 1989 necessarium
2128 1955 2393 1989 aestimavimus

146 1999 215 2043 τὴν
246 1997 350 2040 τάξαι
386 1998 535 2042 ποινήν,
572 1967 710 2042 ἕηλαδὴ
745 2000 824 2034 τῶν
855 1997 1108 2043 ἠπειλημένων
1143 1997 1235 2033 κατὰ
1248 2001 1289 2033 35
1303 1999 1340 2034 in
1363 2009 1580 2043 unoquoque
1606 2003 1795 2034 contractu
1819 1999 1927 2034 etiam
1957 2003 2092 2035 certam
2123 2002 2284 2035 statuere
2306 2011 2392 2046 poe-

146 2045 224 2079 τῶν
246 2041 450 2088 οἰκονόμων
481 2045 624 2078 ποινῶν
648 2046 686 2078 ἐκ
709 2045 770 2088 τῆς
799 2045 983 2092 εἰρημένης
1005 2045 1070 2078 τοῦ
1094 2044 1156 2087 τῆς
1179 2040 1233 2078 εὐ·
1303 2055 1403 2087 nam,
1428 2044 1483 2079 his
1508 2044 1641 2089 quippe
1664 2045 1806 2089 poenis,
1837 2056 1929 2089 quae
1953 2046 2091 2090 positae
2115 2049 2200 2080 sunt
2222 2045 2392 2081 adversus

146 2091 273 2134 σεβοῦς
306 2089 446 2135 μνήμης
475 2092 636 2124 Λέοντος
672 2088 870 2131 διατάξεως
905 2086 1036 2134 ὁμοίως
1071 2093 1132 2123 καὶ
1166 2091 1236 2124 νῦν
1305 2100 1520 2125 oeconomos
1541 2100 1585 2125 ex
1607 2091 1862 2126 constitutione
1887 2091 2073 2136 praedicta
2096 2091 2178 2136 piae
2202 2091 2393 2126 memoriae

147 2138 406 2182 ἐπηρτημένων
438 2137 492 2179 τῷ
525 2133 723 2180 οἰκονόμῳ,
756 2133 778 2179 ἢ
800 2137 854 2179 τῷ
883 2133 1062 2179 ξενοδὸχῳ
1087 2132 1109 2178 ἢ
1132 2146 1234 2169 νοσο-
1303 2135 1448 2179 Leonis,
1473 2136 1636 2170 similiter
1660 2136 1768 2171 etiam
1792 2146 1888 2171 nunc
1909 2137 2173 2171 imminentibus
2197 2147 2392 2172 oeconomo

280 2250 342 2286 IV.
378 2249 515 2293 Quodsi
539 2251 621 2302 quis
643 2262 691 2286 ex
712 2250 856 2285 ratione
880 2260 967 2284 usus
984 2250 1047 2294 qui
1064 2249 1224 2295 proprie
1246 2250 1482 2300 ususfructus
1499 2249 1634 2284 dicitur
1650 2261 1726 2285 rem
1750 2250 2031 2285 ecclesiasticam
2052 2251 2125 2286 sive
2141 2251 2391 2286 sanctissimae

146 2306 302 2341 maqnae
328 2296 500 2332 ecclesiae
527 2306 602 2331 stve
631 2295 727 2330 alius
752 2295 1010 2339 cuiuscumque
1037 2294 1075 2328 in
1101 2294 1270 2328 universa
1300 2294 1442 2329 dicione
1466 2298 1595 2329 nostra
1621 2295 1715 2329 sitae
1745 2295 1820 2330 sive
1844 2295 2079 2341 ptochiorum
2102 2297 2268 2342 accipere
2294 2296 2390 2338 velit,

146 2352 218 2375 non
236 2341 344 2376 aliter
360 2351 440 2376 eam
457 2341 617 2387 accipiat
632 2340 706 2374 nisi
717 2339 913 2374 secundum
933 2349 1048 2384 supra
1065 2338 1198 2372 dictam
1218 2336 1503 2373 observationem
1519 2343 1555 2374 et
1573 2339 1769 2374 secundum
1788 2341 1949 2386 sormam
1973 2340 2243 2375 constitutionis
2257 2340 2391 2376 Leonis

141 2386 232 2432 piae
248 2385 380 2420 sortis:
403 2389 444 2420 ut
460 2385 623 2431 locuples
639 2384 834 2419 dumtaxat
851 2387 886 2418 et
901 2382 1096 2433 immobilis
1111 2382 1336 2433 substantiae
1355 2383 1533 2425 dominus,
1558 2384 1669 2418 aliam
1689 2385 1812 2419 statim
1826 2395 1902 2419 rem
1919 2385 2000 2420 iure
2016 2386 2263 2432 proprietatis
2284 2397 2389 2421 sanc-

149 2430 308 2466 tissimae
338 2429 512 2465 ecclesiae
543 2429 599 2465 vel
626 2439 756 2463 sacrae
787 2428 928 2469 domui,
961 2427 1058 2462 unde
1083 2427 1185 2462 illam
1217 2428 1369 2473 accipit,
1402 2428 1440 2462 in
1465 2429 1575 2463 vicem
1598 2428 1658 2463 det
1683 2433 1822 2463 tantum
1846 2434 1882 2464 et
1912 2430 2018 2464 talem
2041 2431 2196 2465 reditum
2220 2431 2389 2473 laturam,

147 2478 322 2520 quantum
346 2478 411 2510 aut
438 2474 580 2520 qualem
602 2474 681 2519 fert
703 2473 743 2508 id
790 2472 866 2508 uod
888 2472 1012 2507 datum
1036 2476 1108 2507 est:
1130 2476 1171 2506 ut
1189 2476 1277 2517 post
1298 2476 1448 2508 mortem
1472 2473 1550 2508 eius
1570 2484 1629 2508 res
1652 2474 1896 2509 ecclesiastica
1920 2475 1976 2510 vel
1991 2475 2168 2527 ptochica
2191 2476 2319 2511 redeat
2340 2476 2391 2511 ad

147 2519 384 2555 venerabilem
408 2519 554 2554 domum
575 2530 655 2554 cum
679 2484 876 2565 απαξ-τισίν
900 2517 1000 2559 dato,
1033 2517 1096 2563 qui
1120 2517 1262 2562 quidem
1286 2528 1361 2552 non
1383 2518 1539 2553 excedat
1563 2519 1658 2554 vitae
1684 2524 1822 2565 tempus
1845 2519 1922 2554 eius
1945 2531 2007 2565 qui
2032 2521 2174 2566 accepit
2181 2534 2196 2562 ,·
2223 2521 2390 2556 similiter

146 2576 232 2601 vero
257 2565 365 2600 etiam
387 2565 442 2600 rei
463 2565 503 2599 in
527 2564 637 2600 vicem
660 2564 770 2599 datae
798 2563 1066 2608 usumfructum
1091 2563 1234 2614 capiat,
1265 2567 1308 2597 ut
1332 2567 1420 2608 post
1444 2567 1595 2598 mortem
1619 2564 1697 2598 eius
1720 2565 1783 2610 qui
1807 2565 1947 2611 accepit
1978 2565 2034 2601 vel
2067 2571 2206 2612 tempus
2229 2566 2268 2600 in
2292 2566 2391 2612 quod

146 2610 415 2656 usumfructum
440 2609 574 2644 donari
589 2614 705 2656 pacto
729 2608 912 2651 convenit,
937 2607 1037 2653 quod
1058 2608 1196 2642 scilicet
1219 2607 1328 2643 vitam
1351 2608 1428 2643 eius
1452 2609 1515 2654 qui
1539 2610 1681 2655 accepit
1703 2620 1778 2644 non
1802 2610 1968 2653 excedat,
1992 2614 2186 2657 utrumque
2208 2611 2248 2646 in
2274 2615 2388 2647 totum

146 2661 183 2691 et
201 2655 445 2702 proprietatis
468 2659 504 2690 et
525 2655 761 2700 ususfructus
784 2654 864 2689 iure
885 2664 997 2700 penes
1020 2653 1284 2688 sanctissimam
1307 2653 1494 2688 ecclesiam
1516 2654 1573 2689 sit.

283 2701 325 2737 V.
372 2698 552 2743 Quoniam
577 2711 662 2736 vero
682 2699 816 2735 Leonis
834 2699 921 2745 piae
943 2699 1055 2733 sortis
1078 2698 1288 2733 constitutio
1305 2710 1451 2745 poenas
1472 2699 1556 2744 fere
1581 2699 1828 2736 tantummodo
1848 2700 1887 2735 in
1902 2700 2107 2737 venditione
2123 2701 2295 2747 definivit,
2319 2713 2388 2738 nos

146 2756 229 2781 vero
254 2756 329 2781 non
352 2745 470 2781 solum
493 2745 736 2787 venditiones,
767 2744 832 2780 sed
860 2744 968 2780 etiam
1000 2743 1216 2779 donationes
1247 2747 1283 2778 et
1311 2745 1599 2790 permutationes
1627 2750 1663 2780 et
1685 2751 1889 2792 perpetuas
1913 2746 2163 2794 emphyteuses
2194 2752 2229 2782 et
2249 2748 2386 2795 piqno-

145 2802 227 2826 rum
251 2791 416 2827 dationes
438 2792 477 2826 in
501 2791 609 2826 rebus
631 2790 871 2826 immobilibus
893 2788 1161 2830 interdiximus,
1186 2800 1265 2823 cum
1290 2789 1466 2834 quosdam
1489 2790 1665 2836 periculis
1687 2791 1778 2826 adeo
1804 2791 1978 2826 delectari
2001 2792 2203 2836 videamus,
2227 2799 2268 2828 ut
2290 2798 2326 2829 et
2348 2794 2386 2828 in

146 2837 255 2872 vetita
279 2837 347 2872 niti
370 2841 406 2872 et
422 2847 498 2884 pro
522 2848 566 2872 ea
589 2847 699 2882 quam
722 2835 855 2871 habent
871 2834 1174 2882 praesumptione
1197 2839 1305 2879 atque
1323 2834 1479 2869 audacia
1503 2835 1642 2882 leqibus
1658 2837 1865 2882 periculum
1887 2838 2072 2882 facessere
2092 2837 2252 2874 audeant
2271 2850 2386 2885 eaque

144 2882 291 2928 faciant
303 2893 397 2928 quae
420 2882 518 2917 omni
538 2882 646 2917 modo
663 2880 857 2927 prohibita
871 2885 968 2922 sunt,
990 2890 1083 2924 quae
1099 2879 1191 2914 adeo
1207 2879 1257 2913 ad
1278 2879 1395 2926 ipsam
1408 2880 1512 2926 forte
1527 2885 1677 2916 mortem
1694 2881 1857 2917 homines
1873 2882 2052 2917 adactura
2072 2884 2166 2918 sint:
2182 2890 2384 2930 propterea

146 2928 388 2963 necessarium
406 2927 579 2962 duximus
602 2927 641 2961 in
664 2937 886 2972 unoquoque
910 2929 1102 2960 contractu
1127 2929 1262 2960 certam
1287 2936 1430 2970 quoque
1446 2936 1608 2971 poenam
1631 2930 1810 2970 statuere,
1835 2928 1888 2962 ita
1912 2929 2082 2963 nimirum
2106 2933 2147 2964 ut
2168 2940 2310 2975 poenae
2335 2941 2383 2965 ex

146 2983 261 3019 supra
277 2972 376 3008 dicta
396 2973 656 3008 constitutione
674 2971 810 3007 Leonis
829 2972 915 3018 piae
932 2970 1128 3006 memoriae
1144 2974 1271 3005 contra
1291 2981 1509 3005 oeconomos
1525 2971 1724 3007 intentatae
1747 2972 1913 3008 similiter
1928 2973 2036 3008 etiam
2059 2985 2156 3009 nunc
2176 2975 2385 3010 immineant

193 3091 211 3118 ’.ζ
250 3085 443 3132 πράγματα
464 3088 494 3119 Α
526 3087 537 3129 ΙΙ
565 3083 860 3128 ἐκκλησιαστικὸν
892 3082 910 3127 ἢ
943 3100 1000 3118 om.
1024 3087 1054 3118 A
1083 3087 1095 3129 Η
1113 3089 1145 3140 ’.1
1185 3086 1228 3127 τῖ]
1298 3085 1353 3118 V²
1371 3085 1383 3128 ΙΙ
1408 3088 1428 3119 8
1451 3085 1696 3119 subsubstantie
1721 3087 1933 3120 inmolisbilis
1957 3087 2034 3132 13¹ss
2054 3089 2207 3120 dominus
2232 3102 2290 3123 om.
2315 3091 2349 3123 R,
2370 3090 2382 3130 ΙΙ

146 3128 296 3173 ὑπηκόω
328 3130 431 3175 ἡμῶν
453 3133 486 3165 A
512 3130 524 3175 ΙΙ
555 3133 574 3164 5
610 3129 660 3175 μὴ
680 3129 795 3165 ἄλλως
814 3132 876 3171 M]
913 3126 934 3172 ἢ
964 3126 1055 3163 ὅλως
1086 3131 1229 3177 ευαγῶν

147 3175 267 3209 ἄλλων
290 3176 402 3210 οἴκων
425 3178 455 3210 A
488 3177 626 3209 omnino
659 3179 694 3218 (i.
720 3191 745 3210 e.
770 3173 873 3217 ὅλως)
898 3188 917 3212 ς
943 3175 955 3220 ΙΙ
989 3179 1008 3209 6
1043 3175 1074 3208 εἰ
1095 3174 1145 3220 μὴ
1169 3189 1227 3209 om.

147 3223 199 3258 Ac
230 3223 242 3265 ΙΙ
269 3225 286 3255 ’7
324 3222 385 3263 τῆς
410 3229 482 3255 ante
505 3222 664 3255 Λέοντος
684 3235 743 3255 om.
768 3223 799 3254 A
826 3221 838 3264 ll
869 3218 1062 3261 διατάξεως
1085 3235 1142 3255 om.
1167 3223 1198 3254 A
1217 3220 1229 3265 ΙΙ

151 3270 187 3301 11
215 3268 275 3299 καὶ
298 3263 471 3309 τοιαύτην
486 3274 516 3300 et
533 3268 572 3300 12
597 3262 619 3309 ἢ
642 3263 775 3300 ὁποίαν
790 3279 848 3299 om.
862 3268 893 3299 A
912 3266 924 3307 ΙΙ
943 3269 982 3300 12
1005 3275 1079 3300 ante
1099 3263 1230 3300 ὁποῖαν

147 3314 246 3345 verba
275 3312 330 3344 τῶ
358 3308 478 3357 εὖαγεῖ
511 3330 555 3335 —-
591 3309 766 3355 λαμβάνει
802 3313 859 3351 (10
883 3313 946 3354 sq.)
979 3314 1094 3355 repetit
1129 3309 1222 3354 ΜἀΙ

151 3360 189 3391 15
216 3353 482 3400 εὖλαβέστατον
505 3357 536 3389 A
551 3356 563 3400 ΙΙ
581 3355 671 3400 μετὰ
694 3358 755 3399 τῆς
779 3353 968 3400 δεδομένης
989 3353 1147 3403 χρήσεως
1169 3356 1221 3401 ΑΙ

151 3405 188 3436 17
215 3400 266 3443 δὲ]
292 3404 352 3446 ley.
378 3404 443 3436 vid.
469 3414 509 3435 τε
524 3401 536 3446 ΙΙ
554 3399 830 3445 άντιδεὸομένου
855 3403 885 3434 A
901 3403 914 3445 ΙΙ
935 3404 974 3435 18
999 3400 1067 3443 τὴν
1090 3402 1228 3448 χρῆσιν]

148 3450 181 3480 et
204 3458 299 3480 usum
324 3459 343 3483 ς
372 3447 385 3489 ΙΙ
414 3449 458 3482 24
486 3445 700 3489 ἡΛέοντος]
722 3445 862 3480 λέοντος
884 3443 906 3488 ἡ
928 3447 960 3481 Α
986 3447 999 3491 ΙΙ
1032 3450 1071 3480 25
1102 3445 1229 3481 ποινάς

147 3491 261 3537 μόνον
283 3489 412 3534 σχεδὸν
435 3495 496 3527 ἐπὶ
519 3493 580 3534 τῆς
605 3491 768 3537 πράσεως
787 3493 819 3525 A
843 3493 855 3535 ΙΙ
877 3493 919 3526 26
944 3489 984 3525 δὲ
1007 3494 1070 3533 Ας]
1096 3506 1136 3526 τε
1158 3494 1203 3525 M
1217 3492 1228 3537 ΙΙ

149 3541 191 3571 28
215 3534 290 3582 ὁρῶ
310 3540 360 3571 Aa
379 3540 391 3580 ΙΙ
407 3540 449 3572 38
472 3534 494 3580 ἢ
516 3538 582 3580 τῷ]
608 3538 662 3580 τῷ
682 3551 741 3571 οηι.
766 3538 797 3570 A

197 3597 211 3628 1
238 3597 326 3628 rubr.
359 3595 523 3637 quomodo
555 3595 762 3627 ususfructus
793 3605 903 3627 rerum
927 3594 969 3626 ad
999 3598 1149 3628 sanctum
1178 3595 1227 3627 lo-

150 3650 223 3672 cum
262 3640 503 3682 pertinentium
534 3641 757 3672 constituatur
780 3640 814 3672 R
842 3639 854 3683 ss
886 3642 904 3672 2
940 3650 1019 3672 usus
1050 3643 1108 3672 aut
1139 3641 1227 3681 quod

150 3687 289 3717 uocatur
320 3699 378 3718 om.
404 3686 436 3719 V
441 3687 451 3706 ¹
479 3686 490 3726 ΙΙ
522 3688 541 3719 3
576 3688 635 3718 aut
665 3685 700 3718 R
730 3686 829 3728 vul9.]
866 3684 920 3716 uel
951 3685 1018 3718 VT
1040 3685 1052 3728 ΙΙ
1083 3687 1153 3726 aut]
1189 3689 1227 3717 ut

152 3731 200 3765 Β*
218 3729 266 3774 114
290 3730 435 3764 dictione
457 3731 529 3765 RV
549 3730 561 3775 11
576 3732 655 3763 sunt
681 3731 805 3773 positae
827 3734 906 3762 sunt
931 3730 962 3765 V
968 3730 978 3751 ¹
1001 3731 1126 3774 positae
1149 3735 1227 3763 sunt

220 3784 272 3812 ΠΙ,

1297 3133 1317 3164 9
1341 3131 1565 3172 proprietam
1591 3131 1624 3164 V
1628 3131 1638 3151 ¹
1654 3131 1665 3174 ΙΙ
1694 3134 1734 3165 10
1755 3133 1949 3165 uenerabil·
1977 3133 2014 3166 V
2023 3134 2032 3153 ²
2050 3133 2060 3177 ΙΙ
2086 3136 2123 3166 12
2148 3134 2275 3175 quales]
2301 3135 2383 3167 tales

1297 3177 1354 3208 Ra
1381 3175 1392 3219 ΙΙ
1423 3175 1534 3216 habet]
1571 3176 1690 3208 habeat
1710 3178 1743 3210 R.
1775 3177 1786 3221 ΙΙ
1820 3180 1857 3211 13
1888 3179 2072 3220 phtophica
2095 3180 2128 3211 R
2153 3180 2285 3212 tochioa
2309 3180 2343 3213 V
2371 3181 2382 3224 ΙΙ

1301 3224 1339 3254 15
1373 3221 1635 3253 transcedentem
1660 3223 1692 3254 R
1719 3221 1731 3265 ΙΙ
1767 3224 1805 3256 16
1835 3223 1871 3255 in
1903 3225 2207 3265 compensationem
2233 3225 2282 3257 rei
2307 3225 2382 3258 date

1296 3267 1329 3299 R
1359 3266 1371 3309 ΙΙ
1401 3268 1435 3299 17
1463 3269 1496 3298 et
1519 3268 1638 3299 seclusi
1657 3266 1669 3310 ΙΙ
1700 3269 1739 3300 18
1764 3268 1854 3300 datio
1879 3268 1917 3302 V
1934 3270 1982 3309 (Τ
2002 3269 2078 3312 my.)
2101 3270 2112 3311 ΙΙ
2132 3279 2276 3310 ususque
2297 3270 2348 3303 R2
2369 3271 2381 3315 Η

1298 3314 1340 3344 24
1374 3313 1461 3344 rubr.
1495 3312 1615 3352 quibus
1645 3312 1739 3353 penis
1770 3313 1911 3346 subiecti
1942 3316 2021 3345 sunt
2052 3314 2110 3354 qui
2141 3314 2226 3347 hanc
2258 3316 2379 3348 consti-

1297 3357 1459 3388 tutionem
1486 3359 1717 3398 contenpnunt
1739 3358 1772 3390 R
1801 3359 1813 3401 ss
1841 3360 1882 3392 25
1908 3369 1991 3401 pene
2014 3360 2076 3391 del.
2098 3358 2135 3391 V
2140 3358 2154 3378 ²
2176 3358 2188 3403 ΙΙ
2214 3362 2256 3394 26
2275 3361 2378 3394 inter-

1296 3402 1452 3441 diximus]
1478 3402 1714 3443 ¹interdicimus
1737 3404 1835 3447 vulq„
1869 3404 2012 3436 diximus
2040 3403 2113 3436 RV
2139 3404 2280 3437 dicimus
2308 3408 2340 3439 T
2368 3408 2380 3447 Η

1298 3450 1337 3479 27
1361 3449 1477 3489 petuas
1494 3447 1543 3479 R¹
1563 3448 1573 3489 ΙΙ
1591 3449 1633 3480 28
1656 3448 1851 3481 donationes
1868 3450 1918 3482 Βι
1937 3450 1948 3491 Η
1965 3449 2111 3481 uidimus
2134 3449 2171 3483 V
2181 3449 2194 3494 ΙΙ
2214 3453 2254 3484 29
2281 3462 2378 3493 quos-

1296 3492 1382 3532 dam]
1409 3494 1440 3524 et
1465 3492 1622 3532 quosdam
1646 3493 1695 3525 R¹
1721 3494 1881 3534 1130--34
1905 3494 2377 3529 terdicta—existimauimus

1296 3538 1346 3569 122
1368 3538 1499 3580 scripsit
1518 3539 1550 3571 in
1575 3551 1641 3571 ras.
1667 3540 1685 3570 2
1710 3551 1854 3571 versuum
1870 3539 1881 3582 ΙΙ
1902 3541 1943 3572 33
1969 3542 2001 3571 ct
2024 3550 2109 3580 quae
2131 3542 2241 3573 forsan
2265 3542 2378 3587 ΕΘΗ

1297 3585 1338 3615 33
1363 3582 1532 3625 deducunt
1555 3582 1642 3624 R(2)
1667 3585 1752 3627 vulq.
1772 3583 1783 3626 ΙΙ
1808 3586 1849 3626 34
1875 3585 2094 3617 necessarium
2120 3596 2185 3618 esse
2210 3587 2374 3620 existima—

1295 3628 1405 3660 uimus
1428 3627 1512 3668 R(2)
1529 3627 1540 3670 11
1560 3630 1601 3661 35
1630 3630 1774 3661 statuere
1798 3630 1920 3661 certam
1945 3630 1979 3662 R
2000 3630 2011 3673 ΙΙ
2037 3633 2078 3664 36
2099 3631 2162 3671 his]
2187 3632 2229 3664 iis
2254 3634 2340 3677 vuly.
2364 3633 2377 3677 Η

1296 3675 1335 3707 37
1369 3683 1408 3704 ex
1433 3673 1669 3706 constitutione
1691 3673 1860 3716 praedicta
1883 3676 1916 3707 in
1941 3687 2008 3709 ras.
2033 3675 2070 3708 V
2094 3676 2106 3719 ss
2135 3679 2177 3710 38
2205 3677 2303 3711 etiam
2329 3679 2374 3717 R]

1295 3721 1327 3751 et
1352 3718 1388 3751 V
1405 3719 1490 3762 vuly.
1506 3717 1519 3763 ΙΙ
1537 3718 1739 3752 intuentibus
1760 3720 1809 3753 R¹

2084 3790 2103 3823 8
