2618 4010
1207 128 1210 132 ’
1243 116 1321 165 197

1299 232 1485 267 intervallo
1506 231 1656 272 distans,
1681 233 1718 266 et
1738 233 1864 276 utpote
1888 232 2149 267 mediterranea
2169 231 2325 268 existens
2347 235 2383 267 et

1299 277 1406 322 plana
1442 285 1684 322 equorumque
1725 277 1846 311 nutrix
1888 278 2060 322 plurimos
2098 276 2240 321 quidem
2275 277 2380 319 viros,

146 132 401 166 LYcAomAn
2003 119 2110 165 Nov.
2140 119 2261 163 XXV
2296 123 2328 164 1.
2356 123 2381 163 2

145 231 248 280 χώρα
271 235 331 267 καὶ
354 229 526 279 Ἰσαυρίας
549 226 670 266 obem
693 229 856 275 διέστηκε
877 234 990 277 μέσῳ,
1020 231 1078 266 οἷα
1109 229 1149 266 δὲ
1171 245 1230 276 με·

146 274 285 325 σόγειός
307 289 348 312 τε
370 269 460 311 οὖσα
491 280 552 311 καὶ
576 273 744 321 ἀνειμένη
768 280 827 310 καὶ
852 274 1052 321 ἱππόβοτος
1077 275 1229 312 πολλοὺς

144 325 212 367 μὲν
237 319 386 369 ἄνδρας,
418 319 570 356 πολλοὺς
601 320 641 355 δὲ
663 322 793 356 ἵππους
818 324 998 369 ἐκτρέφει,
1031 323 1167 367 κωμῶν
1191 324 1233 356 τέ
1299 322 1471 367 plurimos
1495 326 1614 358 autem
1637 330 1746 365 equos
1771 322 1844 364 alit,
1875 322 2104 367 vicorumque
2128 325 2183 357 est
2205 322 2239 357 ei
2261 322 2380 358 multi-

145 370 247 402 έστιν
272 365 362 414 αὐτῇ
386 366 529 410 πλῆθος
551 364 719 413 μεγάλων
750 370 809 401 καὶ
840 364 987 413 ἀνδρῶν
1011 365 1230 410 ἐπιτηδείων
1300 367 1386 402 tudo
1411 377 1618 411 magnorum
1643 371 1680 400 et
1709 365 1862 402 virorum
1889 369 2174 411 opportunorum
2204 366 2251 402 ad
2281 367 2381 412 equi-

145 409 313 447 ἱππεύειν
342 425 382 446 τε
412 415 470 445 καὶ
495 410 716 465 τοξάζεσθαι
748 415 808 445 καὶ
842 410 966 455 ‘adicus
995 411 1083 459 πρὸς
1102 426 1229 456 τραχυ-
1266 412 1446 447 5tandum
1479 413 1515 447 et
1547 410 1788 454 sagittandum
1822 414 1859 446 et
1888 411 1995 447 facile
2025 412 2070 447 ad
2100 413 2301 456 asperiores
2325 413 2379 447 in-

145 461 249 502 τέρας
271 456 497 491 ἀνίστασθαι
519 467 668 503 γνωμας
697 460 756 490 καὶ
779 426 906 493 tiniam
930 454 1118 492 ἅπτεσθαι
1143 469 1227 503 προ·
1299 457 1519 501 surgentium
1540 456 1740 492 voluntates
1766 460 1801 491 et
1819 467 1920 491 arma
1941 457 2171 491 tractantium
2196 467 2319 501 prone,
2344 461 2381 492 et

145 506 271 549 χοίρως
293 505 352 535 καὶ
376 502 437 543 τῆς
459 504 527 545 μὲν
550 504 810 548 στρατιωτικῆς
833 502 938 548 ἀρχῆς
961 501 1047 537 ἴσως
1066 501 1128 536 οὐκ
1152 503 1228 536 ἐπι·
1298 502 1335 536 in
1361 502 1505 537 militari
1529 501 1670 545 cingulo
1702 512 1775 536 non
1806 502 2039 544 versantium,
2071 511 2112 536 eo
2145 503 2239 544 quod
2263 504 2380 538 status

145 547 380 593 στρέφεσθαι,
415 544 509 581 διότι
532 545 579 581 τὰ
603 548 664 590 τῆς
688 546 941 582 καταστάσεως
971 545 1095 582 αὐτῶν
1131 545 1228 581 ἰδιω-
1298 557 1421 582 00111111
1453 547 1627 591 privatam
1658 546 1769 581 habet
1797 547 1979 581 fortunam
2010 546 2096 581 solis
2119 546 2279 583 civilibus
2305 548 2380 582 cin-

145 591 249 635 τικὴν
273 589 510 638 ἐπιγράφεται
540 591 652 635 τύχην
682 592 750 635 τὴν
772 591 899 636 μόναις
929 596 1006 627 ταῖς
1031 591 1230 627 πολιτικαῖς
1297 592 1390 635 gulis
1413 592 1638 627 inclinatam:
1679 602 1771 636 quae
1805 591 1948 635 cingula
1980 601 2106 626 rursus
2138 595 2379 634 contemnunt,

145 634 267 682 ἀρχαῖς
290 635 582 680 ὑποκεκλιμένην,
606 634 739 680 ταύτης
771 636 811 671 δὲ
841 635 885 681 δὴ
915 636 1025 673 πάλιν
1049 634 1228 682 καταφρο-
1245 639 1285 671 10
1299 647 1341 672 00
1366 637 1462 681 quod
1485 637 1596 682 legem
1621 636 1800 681 respicere
1831 636 1945 671 solam
1977 647 2049 671 non
2082 646 2162 671 cum
2191 637 2380 672 severitate

145 685 232 723 νεῖν,
268 679 363 716 διότι
397 680 439 715 τὸ
474 682 528 724 τῷ
562 680 664 726 νόμῳ
705 685 886 728 προςέχειν
922 680 1025 726 μόνῳ
1059 680 1109 726 μὴ
1138 681 1229 725 μετὰ
1299 682 1552 717 consistentem
1577 692 1648 717 non
1673 681 1836 716 similiter
1860 681 2131 716 contumacibus
2153 682 2380 717 metuendum

145 727 207 760 τοῖ
234 724 450 772 δραστηρίου
482 731 690 772 τεταγμένῳ
724 726 882 773 φοβερὸν
910 725 975 770 οὔχ
1003 724 1133 771 ὁμοίως
1157 730 1230 760 τοῖς
1298 731 1362 761 est.
1411 727 1511 762 Haec
1530 737 1595 763 nos
1617 728 1809 762 erexerunt
1832 727 1940 762 etiam
1959 726 2052 761 hanc
2073 736 2181 760 unam
2198 725 2380 761 declarare

146 771 384 816 θρασυτέροις
411 773 498 805 ἐστί.
553 773 672 806 Ταῦτα
696 769 783 816 ἡμᾶς
807 772 1003 814 ἀνέστησεν
1033 773 1081 805 εἰς
1103 770 1145 805 τὸ
1170 774 1229 805 καὶ
1298 771 1656 814 administrationem,
1693 771 1788 807 sicut
1819 771 1856 806 in
1887 771 2016 806 Pisidis
2050 771 2197 815 egimus,
2229 775 2266 806 et
2295 771 2380 806 dare

146 814 283 858 ταύτην
305 820 395 858 μίαν
418 813 605 862 ἀποφῆναι
628 816 695 860 τὴν
717 815 839 863 ἀρχὴν,
867 815 1039 862 καθάπερ
1064 819 1104 850 ἐν
1128 819 1228 850 Πισί-
1297 816 1383 851 huic
1415 818 1520 851 etiam
1552 817 1730 862 praetoris
1761 817 2038 862 appellationem
2071 827 2151 851 eum
2182 815 2381 852 adiectione

145 859 224 895 δαις
247 858 464 907 ἐπράξαμεν,
489 865 548 895 καὶ
573 860 699 896 δοῦναι
722 865 782 895 καὶ
804 860 918 909 ταύτῃ
943 861 1011 904 τὴν
1031 863 1094 896 τοῦ
1122 864 1227 907 πραί-
1244 864 1283 896 15
1297 866 1439 896 nostra:
1487 872 1570 897 nam
1606 867 1641 896 et
1673 862 1770 897 hunc
1805 864 2008 906 praetorem
2040 860 2277 896 Iustinianum
2309 861 2380 907 Ly-

145 918 258 952 τωρος
282 911 519 953 προςηγορίαν
539 903 631 951 μετὰ
650 907 711 950 τῆς
735 907 773 946 ἐξ
794 904 896 951 ἡμῶν
916 903 1135 954 προςθήκης·
1167 909 1228 939 καὶ
1298 906 1447 941 caoniae
1483 907 1683 952 nuncupari
1719 907 1899 949 volumus,
1945 906 2041 942 sicut
2082 905 2191 941 etiam
2226 906 2381 941 Pisidiae

143 951 211 998 γὰρ
236 949 279 994 δὴ
302 954 362 985 καὶ
387 954 516 986 τοῦτον
541 965 568 986 π
593 957 732 997 αι’τωρα
754 948 1010 986 ’Ῑουστινιανὸν
1023 954 1228 985 Λυκαονίας
1297 951 1416 986 alium.
1456 951 1692 997 Officiumque
1711 956 1901 997 utrumque
1923 952 1960 986 in
1980 951 2074 986 idem
2091 951 2301 994 colligimus,
2324 951 2381 986 cui

145 994 478 1043 προςαγορεὺεσθαι
502 965 729 1040 βουῖόμεθα,
763 993 880 1042 ὥςπερ
911 995 954 1040 δὴ
976 1000 1037 1030 καὶ
1060 994 1228 1030 Πισιδίας
1297 998 1334 1031 et
1358 996 1469 1031 civilis
1495 1001 1530 1032 et
1554 998 1715 1032 militaris
1746 997 1855 1032 iudex
1879 997 2056 1041 praefuit3
2096 995 2380 1041 praetorianum-

145 1039 210 1075 τὸν
233 1039 353 1075 ἄλλον.
403 1041 505 1082 τάξίν
528 1055 568 1083 τέ
592 1041 766 1087 ἑκατέραν
796 1042 843 1075 εἰς
873 1040 984 1075 ταύτὸ
1017 1038 1227 1088 συνάγομεν,
1298 1051 1367 1085 que
1393 1041 1500 1076 etiam
1530 1042 1599 1077 hoc
1629 1042 1853 1078 nominamus
1884 1053 1928 1077 ex
1951 1041 2169 1087 probatoriis
2201 1040 2285 1076 hinc
2309 1041 2380 1077 sol-

145 1077 166 1132 ᾗ
199 1099 239 1121 τε
275 1083 295 1120 ὁ
327 1084 508 1122 πολιτικὸς
542 1084 564 1134 ᾑ
595 1099 635 1120 τε
670 1083 690 1120 ὁ
723 1085 982 1131 στρατιωτικὸς
1011 1085 1134 1132 ἄρχων
1167 1088 1226 1131 ἐφ-
1241 1086 1460 1121 201emniter
1494 1087 1790 1131 procedentibus,
1827 1097 1871 1122 ex
1902 1097 1972 1131 quo
2007 1091 2043 1122 et
2072 1086 2210 1131 pridem
2238 1085 2381 1122 duciani

145 1134 288 1174 έστηκε·
325 1131 599 1178 πραιτωριανὴν
623 1129 662 1164 δὲ
683 1134 742 1164 καὶ
767 1129 905 1174 ταύτην
928 1129 1161 1175 ὀνομάζομεν,
1188 1132 1227 1164 ἐκ
1297 1141 1357 1166 eas
1382 1131 1626 1176 accipiebant,
1659 1133 1702 1166 de
1727 1142 1830 1167 sacro
1864 1132 2064 1167 libellorum
2085 1131 2235 1175 scrini03
2277 1134 2314 1166 et
2336 1132 2383 1167 ad

146 1178 404 1222 προβατοριῶν
427 1176 602 1218 ἐντεῦθεν
625 1175 716 1209 κατὰ
740 1175 782 1210 τὸ
806 1179 1065 1220 νενομισμένον
1084 1179 1226 1222 προϊου-
1297 1176 1453 1211 ν110111111
1487 1181 1629 1211 centum
1661 1181 1810 1212 numero
1844 1188 1923 1212 eum
1953 1177 2130 1212 metimur.
2177 1176 2294 1221 Eique
2317 1176 2378 1211 da-

146 1223 224 1255 σῶν
276 1225 457 1266 ινομένην,
486 1219 586 1261 egoi)
616 1224 675 1254 καὶ
701 1220 830 1265 πρώην
859 1221 896 1255 οἱ
914 1219 1070 1255 δουκικοὶ
1093 1219 1227 1255 ταύτας
1296 1232 1374 1256 mus
1406 1222 1590 1266 utriusque
1622 1221 1939 1257 administrationis
1972 1222 2226 1261 emolumenta,
2265 1231 2380 1257 asses-

145 1235 363 1308 ἐκομίέοντο,
388 1266 452 1300 τοῦ
479 1267 580 1300 θείου
599 1266 678 1300 τῶν
698 1264 874 1309 λιβέλλων
898 1269 1073 1311 σκρινίου·
1098 1268 1158 1301 καὶ
1181 1267 1228 1300 εἰς
1297 1266 1439 1310 sorique
1473 1271 1509 1301 et
1541 1267 1681 1307 ceteris,
1720 1277 1811 1311 quae
1841 1271 1876 1301 et
1908 1266 2098 1301 manifesta
2132 1266 2381 1302 constituimus

145 1309 292 1357 ἀνδρῶν
316 1310 448 1345 ἑκατὸν
471 1309 537 1345 τὸν
556 1307 718 1357 ἀριθμὸν
742 1308 832 1358 αὐτῇ
853 1312 1130 1356 συμμετροῦμεν.
1166 1314 1227 1344 καὶ
1241 1313 1282 1345 25
1297 1322 1341 1346 ex
1362 1311 1516 1347 subditis
1541 1311 1846 1355 descriptionibus
1871 1312 1955 1346 huic
1980 1321 2105 1346 sacrae
2130 1314 2274 1346 nostrae
2296 1322 2380 1347 con-

146 1353 292 1400 δίδομεν
316 1353 416 1399 αὐτῷ
446 1356 508 1390 τὰς
532 1357 700 1402 ἑκατέρας
725 1352 831 1399 ἀρχῆς
855 1355 1024 1399 σιτήσεις,
1055 1354 1225 1400 παρέδρῳ
1298 1356 1488 1392 stitutioni.
1537 1356 1680 1392 Habeat
1705 1366 1846 1401 quoque
1877 1358 1914 1391 et
1937 1356 2196 1401 adresponsum
2219 1356 2266 1391 ad
2290 1356 2381 1391 mili-

143 1414 184 1435 τε
213 1403 273 1434 καὶ
304 1403 377 1435 τοῖς
408 1399 561 1442 λοιποῖς,
592 1397 685 1445 ἅπερ
718 1400 856 1446 φανερὰ
885 1400 1157 1445 καταστήσομεν
1188 1403 1227 1434 ἐκ
1296 1407 1411 1436 tarem
1442 1401 1686 1446 disciplinam:
1725 1401 1878 1446 denique
1908 1401 2015 1436 etiam
2046 1411 2213 1445 praeesse
2238 1410 2317 1436 eum
2345 1401 2382 1436 in

144 1447 223 1479 τῶν
252 1442 499 1489 ὑποκειμένων
533 1444 762 1493 ἀπογραφῶν
797 1444 884 1493 τῇδε
919 1447 964 1494 τῇ
1001 1447 1090 1489 θείᾳ
1124 1442 1228 1490 ἡμῶν
1297 1451 1494 1482 memorata
1526 1453 1650 1483 nostra
1682 1447 1866 1492 provincia
1891 1446 2075 1482 collocatis
2102 1446 2273 1482 militibus
2299 1457 2380 1482 san-

145 1488 313 1531 διατάξει.
363 1493 473 1533 ἐχέτω
496 1504 537 1538 γε
559 1489 633 1535 μὴν
656 1493 715 1524 καὶ
741 1490 785 1526 ad
810 1501 1023 1536 responsum
1048 1490 1138 1537 πρὸς
1161 1490 1229 1534 τὴν
1299 1492 1423 1528 clmus.

144 1534 411 1582 στρατιωτικὴν
440 1535 650 1580 εὐκοσμίαν·
687 1539 846 1583 καίτοιγε
878 1539 939 1570 καὶ
969 1534 1087 1571 ἄλλως
1116 1533 1229 1570 αὐτὸν
1243 1539 1284 1571 30

144 1579 266 1625 ἄρχειν
299 1583 378 1615 τῶν
409 1583 468 1616 ἐπὶ
504 1582 565 1624 τῆς
599 1581 782 1627 εἰρημένης
818 1584 990 1628 ἐπαρχίας
1027 1580 1228 1627 ἱδρυμένων

145 1627 386 1672 στρατιωτῶν
410 1627 644 1671 θεσπίζομεν.

1144 1741 1301 1776 CAPUT
1336 1740 1380 1775 11.

202 1809 276 1840 Καὶ
308 1804 503 1851 στελοῦμέν
532 1820 572 1853 γε
607 1807 672 1841 τὸν
706 1809 768 1851 τῆς
801 1805 905 1855 ἀρχῆς
940 1804 1230 1854 ἀντιληψόμενοι]
1346 1809 1395 1844 Et
1411 1808 1678 1849 destinabimus,
1704 1808 1764 1853 qui
1786 1807 1966 1851 cingulum
1987 1808 2162 1853 suscipiat
2181 1808 2261 1850 hoc,
2286 1808 2382 1853 apud

144 1850 275 1893 ταύτης
297 1852 375 1886 τῶν
399 1850 489 1897 παρ’
511 1850 598 1896 ἡμῖν
617 1849 907 1897 εὐδοκιμούντων
927 1855 992 1887 ἕνα
1011 1854 1088 1887 τῶν
1107 1856 1145 1887 ἐκ
1164 1855 1229 1888 τοῦ
1299 1865 1364 1889 nos
1401 1853 1733 1899 probatissimorum
1770 1864 1880 1888 unum
1917 1864 1960 1888 ex
1996 1855 2143 1899 collegio
2180 1858 2381 1888 nostrorum

145 1894 343 1943 καταλόγου
366 1898 445 1931 τῶν
468 1893 652 1943 ἡμετέρων
671 1895 872 1944 ἀρχόντων,
897 1895 991 1932 ὅθεν
1015 1901 1075 1932 καὶ
1097 1897 1139 1933 τὸ
1162 1913 1229 1934 πα·
1244 1902 1285 1934 35
1300 1899 1470 1941 iudicum,
1495 1899 1590 1934 unde
1611 1899 1717 1934 etiam
1743 1898 1826 1932 olim
1847 1900 2031 1942 praetores
2052 1898 2296 1943 procedebant
2314 1899 2384 1944 <et>

146 1939 249 1975 λαιὸν
270 1941 307 1976 οἱ
329 1945 533 1988 πραίτωρες
556 1944 755 1988 ἐξεφοίτων
786 1947 846 1977 καὶ
877 1947 951 1978 τοῖς
975 1945 1082 1989 σφῶν
1107 1942 1230 1978 αὐτῶν
1300 1945 1375 1980 suis
1411 1945 1594 1980 laboribus
1630 1943 1884 1988 rempublicam
1923 1944 2151 1986 decorabant,
2189 1943 2382 1988 aliquando

145 1984 270 2021 πόνοις
289 1985 356 2030 τὴν
376 1985 565 2022 πολιτείαν
585 1989 770 2033 ἐκόσμουν,
792 1991 882 2023 ποτὲ
899 1991 966 2033 μέν
986 1991 1047 2024 ἐπὶ
1066 1990 1129 2032 τῆς
1141 1986 1230 2023 Ἰτα-
1300 1990 1443 2034 quidem
1466 1990 1503 2024 in
1527 1989 1655 2024 Italica
1687 1992 1871 2023 manentes
1897 1992 2008 2028 terra,
2041 1988 2232 2033 aliquando
2263 1991 2383 2023 autem

146 2028 312 2066 λιώτιδος
333 2035 502 2077 μένοντες
524 2034 600 2078 γῆς,
634 2035 725 2067 ποτὲ
748 2032 788 2067 δὲ
812 2035 871 2068 ἐπὶ
896 2031 976 2067 τοὺς
1003 2034 1074 2075 ἔξω
1099 2033 1230 2068 τόπους
1300 2035 1346 2070 ad
1371 2042 1542 2070 extranca
1574 2035 1655 2068 loca
1680 2034 1815 2068 directi.
1872 2033 1926 2068 Sit
1951 2034 2042 2068 enim
2073 2034 2141 2068 iste
2171 2034 2226 2068 sui
2250 2044 2384 2068 memor

147 2121 234 2155 tium
257 2121 429 2165 virorum,
453 2134 568 2168 neque
590 2123 664 2158 ullo
691 2124 882 2160 intervallo
907 2123 951 2160 ab
972 2122 1123 2159 Isauria
1144 2123 1275 2159 distat:
1298 2129 1407 2170 atque
1425 2136 1505 2159 cam
1527 2130 1562 2159 et
1583 2124 1848 2158 mediterranea
1872 2128 1909 2158 et
1923 2124 2042 2170 plana
2062 2128 2098 2159 et
2115 2123 2218 2170 equis
2227 2134 2384 2170 pascen-

145 2165 203 2200 dis
225 2170 315 2213 apta
338 2166 397 2210 sit,
429 2173 463 2203 et
486 2167 620 2203 multos
643 2169 741 2204 viros
764 2174 799 2204 et
822 2170 955 2204 multos
978 2179 1091 2214 equos
1114 2170 1260 2211 enutrit,
1290 2175 1415 2215 estque
1442 2170 1476 2204 ei
1489 2179 1675 2215 paqorum
1700 2168 1905 2214 amplorum
1927 2168 2141 2214 frequentia
2165 2172 2202 2204 et
2223 2169 2384 2205 virorum

148 2210 362 2246 idoneorum
391 2213 455 2258 qui
484 2213 647 2259 equitent
676 2219 713 2249 et
740 2215 915 2260 saqittent
944 2218 980 2248 et
1010 2214 1060 2248 ad
1083 2214 1275 2259 asperiora
1305 2214 1458 2249 consilia
1480 2214 1595 2259 facile
1617 2213 1814 2259 insurqant
1840 2218 1874 2247 et
1905 2224 2008 2247 arma
2026 2218 2199 2259 prompte
2221 2215 2383 2260 capiant,

147 2255 280 2302 quique
307 2256 498 2292 militarem
553 2257 669 2293 uidem
699 2260 954 2304 maqistratum
985 2258 1149 2303 fortasse
1200 2269 1304 2293 arum
1327 2259 1544 2305 respiciant,
1577 2258 1750 2303 quoniam
1773 2261 1892 2292 status
1915 2268 2040 2292 eorum
2065 2258 2250 2304 privatam
2273 2258 2384 2294 vitam

147 2300 300 2346 affectat
320 2301 411 2337 solis
433 2267 597 2337 civilibus
618 2303 894 2348 maqistratibus
916 2302 1123 2344 subiectam,
1168 2313 1223 2337 tos
1244 2314 1328 2338 vero
1353 2314 1483 2337 rursus
1507 2306 1756 2343 contemnant,
1789 2302 1962 2347 quoniam
1994 2302 2096 2348 quod
2125 2303 2162 2337 in
2193 2302 2276 2338 sola
2305 2303 2384 2349 leqe

147 2350 314 2381 versatur
341 2357 487 2389 munus,
521 2357 614 2391 quae
645 2347 850 2393 exequendi
873 2351 1058 2393 potestate
1090 2357 1163 2381 non
1193 2348 1372 2382 instructa
1395 2348 1460 2391 sit,
1493 2345 1750 2382 audacioribus
1779 2357 1853 2381 non
1878 2357 1991 2398 aeque
2012 2346 2293 2392 formidolosum
2318 2354 2381 2384 est.

150 2390 219 2424 His
243 2392 406 2436 permoti
426 2401 566 2432 sumus,
598 2395 638 2425 ut
663 2391 758 2426 lianc
786 2403 932 2437 quoque
961 2392 1213 2436 mayn-tracum
1246 2403 1354 2426 unum
1387 2392 1631 2437 efficeremus,
1662 2391 1759 2426 sieut
1789 2392 1826 2425 in
1851 2390 1988 2425 Pistdis
2016 2391 2183 2437 fecimus,
2215 2393 2319 2438 eique
2349 2398 2384 2428 et

147 2435 219 2481 ipsi
241 2435 431 2481 praetoris
457 2447 587 2471 nomen
618 2436 787 2472 daremus
810 2436 1056 2471 additamento
1082 2448 1105 2470 a
1130 2435 1233 2471 nobis
1248 2436 1370 2482 petito
1398 2442 1562 2472 auctum:
1595 2435 1726 2471 etenim
1755 2434 1852 2470 lzunc
1879 2446 2024 2481 quoque
2045 2440 2253 2482 praetorem
2272 2435 2382 2473 Iusti-

152 2485 298 2520 nianum
324 2484 532 2531 Lycaoniae
555 2484 737 2531 appellari
760 2484 938 2526 volumus,
971 2483 1272 2529 quemadmodum
1296 2483 1450 2519 alterum
1475 2483 1576 2519 illum
1599 2483 1772 2521 Pisidiae.
1829 2483 2002 2531 Officium
2023 2496 2171 2537 quoque
2194 2491 2387 2538 utrumque

151 2529 190 2564 in
213 2541 324 2565 unum
347 2528 596 2565 contrahimus
625 2533 661 2564 et
682 2529 776 2564 illud
806 2529 866 2564 cui
889 2529 1004 2564 civilis
1036 2533 1071 2565 et
1095 2529 1154 2564 cui
1176 2529 1346 2564 militaris
1378 2529 1616 2574 maqistratus
1633 2530 1807 2576 praefuit
1815 2543 1830 2572 ;
1891 2535 2140 2566 raetortanum
2170 2541 2253 2566 vero
2277 2536 2386 2566 ettam

152 2573 244 2610 illud
264 2574 503 2616 nominamus,
536 2573 636 2620 quod
658 2585 708 2610 σω
725 2573 956 2620 probatoriis
986 2574 1230 2609 constituatur
1254 2573 1338 2608 hinc
1367 2584 1468 2608 more
1497 2573 1606 2609 solito
1636 2586 1686 2610 ex
1717 2586 1824 2610 sacro
1871 2575 2060 2610 ibellorum
2088 2575 2223 2611 scrinio
2247 2575 2385 2622 prode-

153 2622 310 2665 untibus,
341 2622 438 2658 unde
468 2623 575 2658 etiam
608 2622 694 2657 olim
725 2622 845 2658 ducici
874 2633 937 2657 eas
965 2621 1212 2668 accipiebant;
1245 2626 1281 2657 et
1310 2621 1360 2657 ad
1388 2626 1528 2658 centum
1559 2623 1718 2658 virorum
1749 2632 1937 2657 numerum
1965 2622 1999 2657 ei
2022 2621 2220 2667 definimus.
2268 2623 2388 2669 Atque

153 2666 282 2702 damus
308 2666 364 2702 illi
394 2667 585 2713 utriusque
615 2667 853 2713 maqistratus
882 2678 1067 2709 annonas,
1099 2667 1254 2712 itemque
1284 2668 1460 2702 assessori
1493 2671 1529 2702 et
1559 2666 1729 2712 reliquis,
1763 2677 1857 2712 quae
1888 2666 2031 2712 quidem
2062 2677 2113 2703 ex
2143 2667 2388 2714 descriptione

152 2722 281 2748 sacrae
303 2711 387 2748 huic
414 2717 564 2748 nostrae
593 2712 846 2748 constitutioni
874 2712 1036 2747 subiecta
1067 2712 1266 2756 manifesta
1294 2712 1485 2756 faciemus.
1558 2711 1719 2747 Ceterum
1749 2710 1882 2746 babeat
1911 2711 2020 2746 etiam
2049 2711 2312 2758 adresponsum
2339 2712 2389 2747 ad

153 2756 345 2792 militarem
374 2756 624 2809 disciplinam:
659 2768 880 2803 quamquam
912 2757 985 2792 iam
1015 2757 1113 2792 ultro
1145 2756 1318 2790 militibus
1353 2757 1415 2802 qui
1449 2757 1488 2791 in
1524 2756 1621 2792 dicta
1653 2756 1847 2801 provincia
1879 2756 2050 2791 collocati
2078 2762 2181 2799 sunt,
2213 2768 2293 2792 eum
2324 2758 2386 2792 im-

147 2812 286 2849 perare
307 2813 497 2838 sancimus.
2292 2825 2294 2827 v

288 2847 335 2881 ΙΙ.
394 2849 446 2882 Ac
469 2847 648 2883 mittemus
671 2847 813 2894 quidem
839 2849 903 2893 qui
926 2847 1021 2882 hunc
1044 2847 1298 2892 maqistratam
1321 2846 1500 2892 suscipiat
1522 2856 1572 2881 ex
1596 2846 1684 2882 viris
1709 2845 1813 2880 nobis
1839 2845 2011 2892 probatis
2033 2858 2144 2882 urium
2164 2858 2215 2883 ex
2238 2855 2387 2884 numero

155 2896 362 2927 nostrorum
376 2892 601 2939 praesidum,
621 2893 717 2928 unde
732 2893 839 2927 etiam
860 2893 1012 2938 antiqua
1032 2895 1152 2926 aetate
1161 2896 1357 2937 praetores
1373 2890 1571 2936 prodibant
1588 2891 1735 2935 suisque
1753 2890 1860 2926 rebus
1871 2891 1985 2937 qestis
2003 2891 2260 2939 rempublicam
2278 2904 2386 2929 orna-

155 2936 254 2979 bant,
286 2936 394 2972 modo
418 2937 456 2972 in
481 2936 593 2972 Italia
617 2942 812 2978 manentes,
844 2936 952 2972 modo
975 2937 1012 2971 in
1035 2942 1166 2971 extera
1190 2935 1270 2970 loca
1295 2936 1401 2970 missi.
1452 2934 1509 2969 Sit
1532 2936 1625 2970 enim
1651 2935 1735 2970 talis
1758 2935 1995 2980 maqistratus
2026 2947 2168 2983 semper
2191 2938 2252 2973 sui
2273 2938 2389 2983 ipsius

205 3030 218 3061 1
244 3025 428 3069 διέστηκεν
445 3028 485 3060 ἐν
503 3029 603 3070 μέσω
618 3029 649 3061 L
668 3028 679 3071 ΙΙ
696 3025 753 3060 οἶα
774 3024 813 3059 δὲ
827 3028 883 3068 M]
903 3026 962 3059 οἵα
982 3024 1037 3060 δεῖ
1050 3026 1098 3059 L¹
1119 3025 1176 3059 ola
1195 3023 1239 3069 δὴ
1306 3040 1332 3059 s.
1343 3040 1383 3068 v.,
1399 3028 1432 3059 Β
1451 3026 1463 3068 ΙΙ
1480 3028 1522 3059 30
1539 3027 1774 3072 καίτοιγε-καὶ
1790 3023 1916 3066 ἄλλως]
1933 3025 2077 3067 denique
2090 3027 2190 3059 etiam
2204 3039 2223 3062 ς
2241 3028 2253 3069 ΙΙ
2267 3025 2389 3061 ἄλλων

158 3072 206 3106 L²
217 3074 229 3118 ΙΙ
243 3070 401 3117 eudymos
414 3073 460 3105 M
472 3073 484 3116 ΙΙ
501 3076 520 3107 5
538 3070 715 3115 ἱππεύειν]
733 3067 916 3104 „uatem
928 3072 976 3104 L¹
992 3071 1004 3115 ΙΙ
1022 3070 1239 3110 τοξεὺεσθαι

159 3119 190 3150 L
209 3123 220 3158 ῃ
243 3114 376 3161 ῥαδίως
398 3118 430 3150 L
445 3119 500 3159 (cfi
515 3120 560 3158 ς’)]
580 3114 718 3164 ῥαδίων
741 3118 782 3149 M
798 3116 809 3160 ΙΙ
827 3119 844 3150 7
870 3117 938 3158 μὲν
958 3124 986 3149 et
1006 3115 1092 3149 ἴσως
1113 3129 1171 3149 om.
1186 3128 1206 3153 ς
1227 3118 1239 3160 ΙΙ

157 3164 178 3196 9
203 3159 270 3203 τὴν
285 3159 413 3204 μόναις
427 3162 484 3203 Μ]
503 3160 629 3205 μόναις
647 3160 687 3194 δὲ
707 3162 736 3195 L
753 3161 765 3206 ΙΙ
788 3164 826 3195 10
849 3158 1016 3202 *ταὼ-ης]
1039 3158 1146 3214 αὐτῆς
1165 3163 1241 3194 libri

159 3204 283 3239 αὐτῶν
308 3206 496 3240 Zachariae
517 3209 572 3249 (cf.
595 3210 626 3247 ς)
643 3206 655 3250 {l
679 3209 712 3240 11
737 3205 852 3249 μόνον
876 3207 907 3239 L
926 3204 938 3249 ΙΙ
960 3208 997 3238 12
1022 3201 1085 3247 οὐχ
1109 3208 1240 3250 ομοίως

159 3265 219 3285 om.
229 3252 272 3292 L,
297 3247 337 3283 οὗ
358 3258 432 3283 ante
451 3249 608 3295 φοβερὸν
627 3251 762 3284 add.L²
778 3251 789 3296 ΙΙ
808 3251 885 3284 τῶν
904 3250 1145 3296 θρασυτέρων
1158 3251 1206 3283 L¹
1228 3250 1240 3293 ΙΙ

161 3298 202 3330 14
215 3309 263 3339 sq.
293 3293 463 3340 καθάπερ
483 3315 525 3320 --
547 3292 765 3341 ἐπράξαμεν]
786 3298 828 3339 cf.
849 3308 918 3328 nov.
931 3296 1094 3338 XXIVn
1120 3298 1155 3330 15
1180 3298 1239 3328 καὶ

159 3338 286 3375 δοῦναι
308 3360 351 3364 -
380 3343 416 3374 17
440 3341 583 3381 τοῦτον]
608 3343 668 3373 καὶ
691 3339 756 3374 τὸν
777 3339 915 3382 ταύτην
937 3341 1068 3381 ἔχοντα
1090 3338 1158 3383 τὴν
1180 3337 1239 3385 ἀρ-

159 3384 276 3428 χὴνΒ
292 3386 304 3428 ΙΙ
328 3387 365 3420 19
389 3385 468 3419 τῶν
491 3383 656 3418 ἅλλωνΕ
676 3387 748 3426 (καὶ
769 3385 847 3418 τῶν
866 3382 986 3418 ἄλλων
1004 3385 1210 3427 Haloander)
1230 3384 1241 3429 ΙΙ

160 3431 208 3464 εἰς
225 3428 364 3472 ταύτην
385 3431 417 3463 L
433 3431 444 3473 ΙΙ
464 3433 506 3464 ‘20
527 3430 562 3463 εἷ
571 3443 611 3464 τε
626 3450 667 3454 --
681 3428 717 3463 εἶ
726 3442 766 3463 τε
780 3431 809 3462 L
828 3429 899 3462 εἴτε
913 3449 953 3452 -
967 3429 1039 3462 εἴτε
1054 3430 1088 3462 Β
1106 3429 1118 3474 ΙΙ
1135 3431 1173 3463 21
1203 3431 1240 3462 ἐκ

161 3475 424 3520 προβαταριῶν
448 3477 479 3508 L
510 3477 548 3508 ἐκ
571 3474 793 3517 δοκιμασιῶν
819 3475 864 3507 Μ
870 3487 894 3507 s.
909 3487 950 3515 v.,
974 3475 1011 3507 Β
1034 3474 1045 3516 ΙΙ
1078 3477 1120 3509 23
1144 3487 1237 3521 γινο-

160 3522 274 3564 μένην
298 3534 356 3554 om.
372 3532 392 3557 ς·
410 3519 422 3564 ΙΙ
439 3518 617 3553 δουκψικοὶ
641 3521 672 3553 L
689 3522 699 3561 n
727 3521 770 3553 24
794 3522 955 3564 σκιρνίου
981 3518 1028 3551 L¹
1051 3519 1066 3574 {l
1090 3522 1130 3554 25
1155 3530 1238 3563 συμ-

159 3562 500 3653 ἕῗτὲἷιῗμῗήυῖῗξὲἷ
521 3564 664 3651 ἕάῇὶῖἑῖ
676 3564 753 3643 lif?
778 3563 1154 3649 ἑζαᾜαῗιιῖἧῗῑὲἕχῆἶ
1171 3564 1241 3642 {mn

164 3654 233 3687 BL
249 3654 261 3698 ΙΙ
278 3621 376 3698 τῖγδδί
400 3655 444 3698 τῆ
467 3652 508 3688 δὲ
526 3656 568 3697 L,
594 3668 652 3688 om.
669 3655 704 3687 B
720 3654 732 3696 11
749 3621 793 3687 ἕξ
818 3621 1109 3699 αδρεσπονσουμγ
1146 3622 1239 3695 ,φάδ-

165 3698 391 3745 ρεσπόνσουμ
415 3698 494 3743 ἤτοι
517 3696 804 3748 ἀποκρισιαρίους
828 3700 874 3732 M
898 3695 1185 3746 ἀποκρισιαρίουε
1209 3700 1240 3733 L

1309 3072 1504 3104 Haloander
1519 3070 1531 3114 ΙΙ
1551 3071 1589 3104 31
1619 3068 1821 3116 ἱδρυμένων
1846 3071 1934 3110 MB]
1960 3070 2077 3108 καὶίῗ)
2101 3068 2304 3117 ἱδρυμένων
2330 3073 2387 3114 L¹‚

1307 3113 1587 3159 καθιδρυμένων
1611 3116 1660 3148 L²
1679 3117 1747 3155 1134
1774 3116 1812 3148 ἐκ
1835 3116 1914 3148 τῶν
1938 3113 2153 3160 καταλόγων
2177 3117 2213 3149 Β

1361 3207 1380 3239 3
1406 3204 1714 3246 alituiquorumque
1746 3204 1781 3238 V
1803 3203 1816 3248 ΙΙ
1845 3207 1865 3237 4
1897 3204 1940 3236 ad
1963 3204 2224 3245 exequitandum
2241 3207 2279 3245 ,et
2301 3206 2386 3247 sagi-

1308 3250 1445 3282 tandum
1467 3248 1521 3292 Vss
1541 3252 1559 3281 5
1585 3249 1694 3290 facile]
1720 3248 1835 3282 faciles
1858 3249 1934 3282 libri
1947 3248 1960 3292 ΙΙ
1979 3251 1998 3282 6
2022 3251 2138 3292 prone]
2163 3249 2261 3291 proni
2282 3251 2360 3284 libri
2377 3249 2390 3295 ss

1309 3297 1326 3328 7
1350 3295 1385 3326 in
1411 3296 1452 3335 T]
1478 3306 1535 3326 om.
1554 3294 1674 3337 Vvulq.
1691 3295 1703 3337 ΙΙ
1731 3296 1751 3328 8
1774 3293 1941 3336 pribatam
1964 3292 2020 3337 Vl}
2038 3293 2157 3326 habeat
2178 3294 2256 3327 Val.
2276 3292 2388 3338 1101111-

1309 3340 1369 3373 bus
1391 3340 1424 3372 V
1445 3339 1456 3382 ΙΙ
1490 3340 1528 3372 12
1554 3338 1720 3371 declarere
1748 3339 1777 3372 V
1803 3338 1816 3382 ΙΙ
1848 3340 1888 3372 13
1917 3338 2075 3382 *pisidiis
2098 3339 2175 3372 libri
2199 3337 2212 3382 ΙΙ
2248 3341 2287 3374 14
2310 3340 2389 3373 111110

1309 3385 1420 3424 etiam]
1454 3386 1487 3415 et
1518 3383 1597 3416 huic
1629 3384 1728 3416 etiam
1761 3384 1794 3417 V
1822 3384 1902 3416 huic
1927 3387 1959 3415 et
1986 3383 2018 3416 T
2053 3385 2087 3415 et
2114 3383 2193 3416 huie
2217 3384 2262 3417 al.
2289 3383 2302 3426 [Ι
2331 3384 2388 3418 ad-

1309 3430 1484 3462 iectionem
1508 3427 1560 3472 Vl}
1584 3430 1623 3462 16
1647 3428 1784 3471 piscidie
1812 3427 1866 3471 Vn
1889 3429 1928 3460 17
1954 3427 2147 3469 collegimus
2167 3428 2257 3473 VTfl
2273 3429 2328 3462 oui
2343 3430 2388 3471 T]

1309 3475 1367 3515 qui
1384 3474 1500 3514 Neob„
1515 3485 1573 3505 om.
1591 3473 1624 3506 V
1636 3472 1647 3518 ΙΙ
1666 3474 1706 3507 18
1733 3472 1918 3515 *praefuitJ
1941 3472 2065 3515 praesit
2083 3471 2187 3517 librili
2204 3474 2387 3507 torianum-

1309 3529 1374 3560 que
1406 3518 1438 3551 V
1454 3518 1465 3560 ΙΙ
1499 3519 1541 3551 22
1565 3518 1721 3551 uiuorum
1755 3518 1789 3551 V
1805 3517 1817 3561 ΙΙ
1840 3527 1979 3549 numero
2003 3518 2090 3558 eum]
2123 3518 2181 3562 leq.
2203 3528 2389 3559 numerum,

1309 3564 1359 3596 vel
1381 3573 1555 3595 numerum
1580 3562 1638 3595 ei?
1665 3562 1677 3607 ss
1709 3564 1751 3596 24
1775 3572 1860 3604 quae
1884 3563 1917 3594 et
1949 3562 1993 3603 V]
2025 3563 2059 3594 et
2082 3574 2141 3595 om.
2167 3563 2200 3596 T
2225 3562 2240 3607 ΙΙ
2271 3565 2313 3598 25
2339 3564 2385 3597 di·

1309 3607 1543 3650 scriptionibus
1562 3608 1617 3651 Vn
1635 3610 1676 3642 ’26
1694 3608 1815 3640 habeat
1833 3619 1890 3640 om.
1903 3607 1960 3651 Vss
1977 3608 2018 3641 33
2037 3606 2275 3642 destinauimus
2289 3610 2365 3644 libri
2378 3607 2391 3653 ΙΙ

1271 3647 1278 3739 ι
1309 3655 1351 3687 35
1378 3655 1410 3685 et
1434 3653 1510 3686 add.
1527 3653 1611 3698 vulq-
