2618 4010
164 106 222 136 U'r
251 106 461 137 ECCLESIA
490 105 673 137 ROMANA
705 107 884 137 CENTUM

166 202 337 248 δημόσιον
360 203 605 248 ἀδικούμενον.
645 203 714 238 (niu
739 204 809 251 ἐγώ
833 205 940 249 μόνος
962 209 1076 240 ταῦτα
1100 204 1237 253 πράξω,

166 248 253 283 ἀλλὰ
282 253 341 283 καὶ
370 249 434 284 τὸν
458 247 514 283 ἀεί
542 263 603 294 μοι
635 247 902 296 παρεδρεύοντα
935 253 1099 285 τοιοῦτον
1131 264 1237 286 σπου-

166 293 264 329 δάσω
289 294 514 341 παραλαβεῖν
532 299 591 328 καὶ
612 294 692 329 τοὺς
717 299 798 341 περὶ
823 299 884 340 ἐμὲ
908 296 1056 337 πάντας,
1082 293 1167 331 aisn
1191 297 1238 341 μὴ

165 342 225 384 ἐμὲ
256 342 322 384 μὲν
345 338 576 387 καθαρεύειν,
609 339 689 374 τοὺς
720 339 758 374 δὲ
790 345 871 387 περὶ
901 344 962 386 ἐμὲ
991 341 1157 376 κλέπτειν
1181 346 1240 375 καὶ

158 383 407 431 ἁμαρτάνειν(
440 387 471 419 εἰ
491 383 530 419 δὲ
553 382 686 432 εὑρεθῇ
712 398 764 420 τις
784 388 861 420 τῶν
886 390 966 433 περὶ
990 389 1051 431 ἐμὲ
1071 389 1239 428 τοιοῦτος,

165 434 223 463 καὶ
255 430 296 464 τὸ
324 428 516 477 γενόμενον
540 428 630 477 παρ’
665 429 773 465 αὑτοῦ
801 431 1016 479 θεραπεύσω
1047 436 1105 466 καὶ
1130 431 1240 466 αὐτὸν

163 473 369 516 (ἕποὸιώξω.
418 477 462 509 Εἰ
494 474 532 509 δὲ
560 477 607 520 μὴ
638 478 753 510 ταῦτα
787 475 908 511 πάντα
937 474 1050 512 οὕτως
1083 476 1239 523 φυλάξω,

165 518 335 555 ἀπολαύω
361 522 526 555 ἐνταῦθα
558 525 617 555 καὶ
649 524 689 554 ἐν
718 523 770 565 τῷ
802 522 967 566 μέλλοντι
993 524 1099 557 αἰῶνι
1134 526 1173 557 ἐν
1196 524 1240 571 τῇ

166 568 312 619 φοβερᾷ
326 571 438 612 κρίσει
461 568 525 600 τοῦ
544 566 697 613 μεγάλου
718 565 895 602 δεσπότου
917 569 1004 602 θεοῦ
1026 582 1066 602 τε
1089 572 1148 602 καὶ
1173 581 1239 603 σω-

1245 91 1294 139 91

2182 101 2288 143 Νον.
2322 102 2379 143 IX

1309 217 1528 251 comperero„
1545 206 1669 241 fiscum
1698 207 1906 243 iniustitiam
1938 210 2023 254 pati.
2073 211 2153 246 Non
2178 222 2241 255 ego
2267 212 2382 247 solum

1308 252 1396 286 hacc
1420 263 1503 296 ago,
1538 251 1598 287 sed
1624 252 1728 286 etiam
1755 264 1894 297 semper
1924 256 2008 290 mihi
2032 256 2253 292 adsidentem
2277 258 2382 292 talem

1309 297 1458 333 studebo
1491 297 1678 332 adsumere
1703 301 1737 332 et
1762 299 1855 333 circa
1887 310 1940 334 me
1970 311 2110 344 omnes,
2145 305 2186 337 ut
2215 314 2285 338 non
2319 313 2382 347 ego

1309 342 1450 386 quidem
1474 353 1584 387 purus
1610 342 1685 384 sim,
1712 343 1770 387 qui
1795 354 1875 378 vero
1901 345 1997 380 circa
2020 357 2075 381 me
2100 353 2195 389 sunt,
2219 348 2383 383 furentur

1278 391 1345 423 5et
1377 388 1601 432 delinquant3
1641 388 1672 423 si
1704 389 1781 432 quis
1817 393 1934 424 autem
1971 392 2168 427 inveniatur
2199 394 2294 428 circa
2329 403 2384 427 me

1310 433 1410 475 talis,
1443 437 1478 468 et
1502 433 1596 478 quod
1619 433 1660 467 fit
1683 434 1728 468 ab
1753 444 1795 468 eo
1819 445 1874 469 me
1898 445 2042 477 sanare,
2069 441 2104 472 et
2128 448 2206 473 eum
2232 439 2381 483 expello.

1309 478 1346 513 Si
1370 489 1452 514 vero
1478 489 1549 514 non
1573 479 1660 513 haec
1684 480 1802 515 omnia
1825 479 1876 514 ita
1900 491 2101 523 servavero,
2134 484 2302 528 recipiam
2327 484 2384 518 hic

1311 527 1344 558 et
1373 523 1410 558 in
1442 524 1562 558 futuro
1594 524 1739 559 saeculo
1769 524 1805 558 in
1837 526 1985 560 terribili
2017 527 2148 562 iudicio
2182 530 2298 572 magni
2329 529 2383 563 dei

1310 569 1440 604 domini
1472 573 1508 604 et
1540 570 1728 605 salvatoris
1761 570 1874 605 nostri
1898 571 1980 606 Iesu
2006 572 2135 606 Christi
2167 578 2202 607 et
2235 575 2384 609 habeam

165 624 267 654 τηρος
295 614 398 655 ημῶν
417 610 529 665 ῙΙησοιι
557 614 716 658 Χριστοῦ
749 616 807 646 καὶ
834 614 908 654 σχῶ
935 613 1001 655 τὴν
1024 612 1152 666 μερίδα
1177 616 1240 647 τοῦ
1260 618 1295 648 10
1310 618 1446 658 partem
1470 625 1550 650 cum
1566 615 1655 649 Iuda
1680 619 1716 650 et
1738 617 1873 659 lepram
1891 616 1990 651 Giezi
2015 621 2050 651 et
2073 621 2259 653 tremorem
2286 620 2384 660 Cain,

163 653 275 689 Ἰούδα
300 660 358 690 καὶ
386 671 451 699 την
477 656 612 701 λέπραν
636 659 699 691 τοῦ
721 660 818 700 Γιεζὶ
843 661 901 691 καὶ
934 657 998 692 τὸν
1019 672 1153 704 τρομον
1177 661 1238 693 τοῦ

166 702 278 735 Καΐν·
315 701 402 748 πρὸς
424 704 477 745 τῷ
502 706 560 736 καὶ
584 707 660 737 ταῖς
690 706 830 737 ποιναῖς
860 706 937 736 ταῖς
969 705 1022 747 τῷ
1054 703 1155 747 νόμῳ
1180 706 1241 747 τῆς

136 762 142 769 ·
166 745 288 781 αὐτῶν
313 747 492 792 εὐσεβείας
514 752 776 794 περιεχομέναις
799 745 1003 782 ὑπεύθυνος
1028 748 1130 782 εἶναι.

1311 660 1454 704 insuper
1486 664 1521 695 et
1550 661 1693 704 poenis,
1724 671 1814 706 quae
1846 661 1922 705 lege
1955 672 2076 696 eorum
2107 664 2247 706 pietatis
2272 665 2383 699 conti-

1310 709 1450 747 nentur,
1477 716 1536 740 ero
1562 706 1755 741 subiectus.

1355 751 1534 795 Scriptum
1564 752 1743 796 exemplar
1772 751 1878 787 huius
1911 751 2098 788 Dominico
2131 753 2384 797 glor10sissimo

1309 797 1489 839 praefecto
1515 806 1577 841 per
1601 797 1790 842 Illyricum.

1240 952 1292 986 IX
2118 956 2204 991 Coll.
2231 956 2266 990 II
2290 957 2354 990 tit:
2366 960 2385 991 4

113 1034 148 1063 15
165 1022 256 1070 UT
293 1020 620 1070 ECCLESIA
664 1019 945 1069 ROMANA
990 1019 1295 1138 CEN'IIWIJJKI
1300 1020 1639 1137 13ΛΛΧέΙῙΝΟΗΠΜ
1674 1023 1951 1072 ΗΑΒΕΑΤ
1998 1025 2385 1075 PRAESCRIP-

1131 1090 1175 1109 rw
1326 1092 1361 1137 'l
1401 1128 1408 1136 .

329 1176 423 1210 Idem
449 1178 491 1210 A.
515 1176 662 1210 Iohanni
689 1176 760 1210 viro
787 1176 988 1211 beatissimo
1014 1181 1049 1211 et
1074 1177 1297 1212 sanctissimo
1322 1178 1592 1224 archiepiscopo
1617 1181 1652 1212 et
1676 1168 1902 1223 patriarchae
1927 1181 2055 1215 veteris
2080 1181 2225 1217 Romae.

296 1245 343 1278 Et
366 1245 479 1288 legum
504 1243 670 1287 originem
695 1244 853 1278 anterior
877 1244 990 1279 Roma
1015 1245 1141 1280 sortita
1165 1248 1229 1288 est,
1256 1247 1291 1280 et
1315 1246 1441 1280 summi
1464 1246 1694 1290 pontificatus
1719 1247 1856 1291 apicem
1881 1248 1976 1292 apud
2001 1259 2078 1282 eam
2103 1260 2181 1284 esse
2206 1261 2307 1285 nemo
2332 1254 2387 1284 est

162 1289 221 1333 qui
249 1289 397 1323 dubitet.
446 1289 547 1323 Unde
571 1293 607 1323 et
632 1300 695 1323 nos
719 1290 959 1324 necessarium
992 1290 1154 1325 duximus
1179 1291 1331 1336 patriam
1360 1292 1495 1335 legum,
1521 1292 1655 1327 fontem
1681 1293 1888 1332 sacerdotii,
1924 1294 2072 1337 speciali
2096 1295 2208 1329 nostri
2233 1296 2385 1330 numinis

107 1334 235 1377 201ege
258 1334 446 1376 illustrare,
473 1338 511 1369 ut
542 1345 585 1369 ex
610 1334 678 1368 hac
702 1334 739 1368 in
763 1338 856 1369 totas
882 1336 1078 1371 catholicas
1106 1337 1285 1378 ecclesias,
1311 1347 1402 1380 quae
1427 1348 1539 1382 usque
1563 1337 1608 1371 ad
1633 1339 1757 1372 oceani
1780 1338 1910 1373 fretum
1935 1339 2073 1383 positae
2099 1342 2198 1383 sunt,
2224 1341 2385 1376 saluber-

161 1379 270 1414 rimae
294 1380 379 1423 legis
405 1381 503 1423 vigor
527 1380 749 1421 extendatur,
787 1382 822 1414 et
846 1381 892 1414 sit
916 1381 1024 1416 totius
1050 1382 1261 1423 occidentis,
1295 1392 1361 1416 nec
1393 1393 1464 1417 non
1489 1383 1649 1424 orientis,
1685 1383 1745 1417 ubi
1770 1384 2014 1427 possessiones
2039 1384 2129 1419 sitae
2160 1386 2386 1420 inveniuntur

161 1424 206 1458 ad
231 1425 399 1460 ecclesias
424 1429 564 1460 nostras
590 1425 662 1460 sive
691 1436 786 1460 nunc
810 1426 1030 1469 pertinentes
1060 1437 1123 1462 seu
1146 1430 1273 1472 postea
1297 1427 1347 1462 eis
1372 1428 1627 1471 acquirendae,
1663 1429 1720 1463 lex
1745 1430 1889 1473 propria
1913 1429 1959 1464 ad
1983 1430 2153 1465 honorem
2179 1431 2235 1465 dei
2260 1442 2383 1466 conse-

161 1474 272 1505 crata.
322 1470 408 1505 Cum
433 1471 523 1505 enim
549 1471 694 1514 antiqua
718 1471 796 1505 iura
820 1471 965 1514 triginta
989 1483 1163 1507 annorum
1186 1473 1292 1507 metis
1316 1474 1528 1517 temporales
1548 1474 1774 1518 exceptiones
1801 1475 2127 1510 circumcludebant
2147 1480 2192 1518 et,
2218 1476 2248 1510 si
2272 1476 2383 1521 hypo·
2408 1482 2426 1514 1

159 1515 264 1550 theca
283 1515 410 1557 fuerat,
431 1517 536 1560 paulo
562 1516 722 1560 longiora
747 1516 797 1550 eis
823 1517 939 1560 spatia
965 1517 1224 1559 condonabant,
1251 1529 1315 1552 nos
1335 1522 1582 1554 sacrosanctas
1609 1519 1777 1554 ecclesias
1803 1520 2005 1555 huiusmodi
2030 1520 2170 1565 quidem
2196 1521 2383 1557 curriculis

106 1563 146 1595 25
160 1563 357 1605 temporum
381 1562 584 1596 nullatenus
609 1562 748 1596 excludi
775 1562 1020 1605 concedimus,
1054 1567 1089 1598 et
1118 1564 1268 1598 maxime
1293 1564 1329 1598 in
1353 1563 1407 1598 his
1432 1567 1538 1600 rebus
1563 1565 1600 1599 in
1626 1565 1752 1608 quibus
1778 1566 1830 1600 vel
1855 1566 2047 1601 laesionem
2072 1567 2306 1601 sustinuerint
2329 1568 2383 1602 vel

161 1607 348 1650 quicquam
365 1606 546 1641 debeatur.
589 1607 658 1642 Sed
685 1610 826 1641 centum
851 1609 1094 1643 tantummodo
1112 1619 1285 1643 annorum
1309 1609 1412 1653 lapsu
1437 1610 1669 1653 temporalem
1695 1611 1937 1655 exceptionem
1960 1612 2010 1646 eis
2035 1612 2167 1656 opponi
2193 1612 2382 1655 sancimus,

160 1657 198 1685 ut
223 1656 390 1686 maneant
413 1663 476 1696 per
500 1656 612 1687 totum
638 1652 881 1697 supradictum
905 1656 1044 1698 tempus
1073 1654 1210 1698 integra
1231 1655 1310 1689 iura
1336 1655 1580 1690 ecclesiastica
1605 1659 1640 1690 et
1664 1667 1736 1690 non
1765 1657 1878 1700 possit
1903 1657 1952 1691 eis
1974 1657 2044 1691 alia
2075 1659 2217 1701 praeter
2243 1662 2384 1692 centum

159 1708 333 1731 annorum
358 1697 501 1732 obviare
526 1698 696 1742 exceptio,
724 1708 802 1732 cum
829 1698 896 1733 hoc
921 1702 1060 1744 tempus
1078 1700 1171 1734 vitae
1195 1700 1355 1744 longaevi
1375 1700 1526 1735 hominis
1546 1701 1753 1745 plerumque
1772 1701 1851 1736 finis
1870 1712 1947 1736 esse
1965 1702 2193 1746 dignoscitur.
2240 1703 2384 1738 Habeat
2405 1706 2429 1741 2

159 1742 279 1786 itaque
303 1746 419 1777 vestra
452 1743 741 1785 sanctitashanc
773 1743 885 1787 legem
910 1745 1095 1779 catholicis
1120 1746 1230 1780 totius
1256 1745 1448 1780 occidentis
1475 1746 1632 1781 ecclesiis
1662 1747 1887 1791 profuturam
1919 1750 1953 1782 et
1976 1747 2014 1782 in
2042 1748 2229 1783 orientales
2261 1751 2382 1792 partes

106 1791 148 1823 30
163 1788 428 1832 propagandam
451 1789 488 1823 in
516 1799 604 1833 quas
630 1788 763 1832 aliquid
789 1792 1040 1824 sacrosanctae
1065 1794 1203 1825 vestrae
1228 1791 1401 1825 ecclesiae
1426 1792 1624 1835 possident:
1661 1796 1701 1826 ut
1725 1792 1771 1827 sit
1796 1793 1861 1827 deo
1888 1793 2124 1837 omnipotenti
2149 1793 2290 1837 dignum
2323 1794 2384 1828 do-

161 1834 299 1867 narium
321 1833 518 1868 divinarum
543 1844 661 1868 rerum
686 1834 801 1877 tuitio,
827 1845 892 1868 nec
917 1835 1047 1878 iniquis
1072 1836 1272 1871 hominibus
1296 1837 1440 1881 impium
1464 1839 1647 1872 remaneat
1670 1838 1886 1882 praesidium
1907 1842 1942 1872 et
1966 1839 2063 1872 tutus
2089 1839 2260 1882 peccandi
2283 1839 2384 1874 locus

161 1879 265 1913 etiam
290 1879 483 1913 scientibus
508 1879 746 1924 relinquatur,
780 1879 842 1914 sed
866 1880 926 1914 ille
950 1884 1108 1916 servetur
1132 1882 1320 1922 innocens,
1353 1882 1412 1925 qui
1437 1892 1476 1916 re
1503 1892 1584 1917 vera
1608 1882 1772 1917 innoxius
1798 1884 1859 1926 sit,
1892 1894 1955 1918 nec
1988 1883 2150 1927 improba
2175 1884 2385 1928 allegatione

162 1934 238 1958 sese
264 1927 418 1966 tueatur,
444 1930 582 1969 tempus
609 1935 672 1969 pro
698 1925 853 1969 puritate
877 1926 1123 1969 praetendens.
1172 1927 1274 1971 Quod
1299 1927 1405 1971 igitur
1429 1930 1552 1962 nostra
1576 1929 1765 1963 aeternitas
1790 1929 1835 1962 ad
1859 1929 2110 1974 omnipotentis
2136 1929 2192 1964 dei
2215 1930 2384 1965 honorem
2408 1932 2432 1967 3

161 1970 384 2004 venerandae
408 1970 482 2005 sedi
508 1970 634 2005 summi
659 1970 812 2014 apostoli
836 1970 933 2005 Petri
958 1971 1142 2014 dedicavit,
1167 1972 1236 2008 hoc
1260 1973 1417 2007 habeant
1440 1983 1562 2008 omnes
1587 1977 1715 2015 terrae,
1741 1984 1860 2008 omnes
1886 1974 2023 2008 insulae
2047 1975 2155 2009 totius
2180 1974 2384 2016 occidentis,

105 2019 146 2050 35
161 2025 250 2058 quae
274 2026 386 2060 usque
413 2015 460 2050 ad
482 2016 578 2060 ipsos
603 2016 728 2050 oceani
752 2025 915 2051 recessus
949 2017 1202 2060 extenduntur,
1239 2019 1352 2053 nostri
1379 2018 1515 2063 imperii
1547 2019 1804 2063 providentiam
1828 2030 1892 2063 per
1916 2020 1984 2054 hoc
2012 2019 2049 2053 in
2073 2022 2256 2055 aeternum
2281 2020 2384 2055 remi-

160 2059 346 2095 niscentes.
394 2060 605 2096 Huiusmodi
636 2061 723 2104 legis
747 2062 1046 2105 praerogativam,
1080 2064 1172 2098 sicut
1204 2074 1313 2107 supra
1339 2063 1471 2098 dictum
1497 2069 1568 2104 est,
1605 2075 1676 2099 non
1711 2065 1824 2099 solum
1850 2065 1886 2099 in
1912 2064 2192 2100 occidentalibus
2223 2066 2384 2109 partibus
2408 2068 2432 2103 4

160 2104 341 2141 Romanae
366 2106 536 2141 ecclesiae
561 2106 814 2148 condonamus,
841 2107 905 2141 sed
921 2107 1026 2142 etiam
1050 2108 1086 2141 in
1108 2109 1350 2149 orientalibus,
1377 2109 1413 2142 in
1435 2109 1563 2152 quibus
1584 2110 1849 2144 ecclesiasticae
1867 2110 1964 2144 urbis
1983 2110 2116 2144 Romae
2140 2111 2383 2155 possessiones

159 2154 241 2185 sunt
258 2151 312 2185 vel
336 2153 462 2195 postea
478 2150 623 2186 fuerint.
661 2151 804 2186 Scilicet
829 2152 991 2187 omnibus
1015 2153 1193 2188 iudicibus
1215 2154 1406 2189 maioribus
1431 2159 1465 2188 et
1488 2155 1696 2196 minoribus,
1722 2155 1782 2199 qui
1799 2155 1991 2190 Christiani
2016 2159 2051 2189 et
2076 2156 2266 2191 orthodoxi
2287 2159 2381 2197 sunt,
2407 2158 2430 2194 5

159 2195 252 2230 hanc
276 2200 435 2231 nostram
460 2197 747 2232 constitutionem
779 2197 1020 2232 servantibus:
1054 2198 1280 2233 nihilominus
1305 2199 1508 2234 huiusmodi
1531 2200 1616 2243 legis
1642 2201 1915 2234 temeratoribus
1940 2203 2021 2243 post
2047 2201 2218 2235 caelestes
2250 2211 2384 2245 poenas

104 2241 264 2277 »loetiam
294 2242 485 2285 legitimum
519 2252 657 2286 semper
686 2242 839 2285 vigorem
874 2242 1206 2285 pertimescentibus
1237 2248 1272 2277 et
1308 2254 1458 2287 poenam
1494 2245 1748 2288 quinquaginta
1786 2245 1957 2279 librarum
1988 2245 2066 2279 auri
2096 2245 2383 2281 formidantibus.

206 2332 288 2365 Nm.
305 2333 366 2364 IX
384 2334 440 2372 (=
458 2333 536 2365 Coll.
551 2333 594 2364 II
613 2334 658 2364 tit.
673 2333 709 2364 4:
734 2332 845 2383 ylo-ss...)
871 2332 990 2364 Latine
1017 2340 1135 2364 tantum
1158 2340 1252 2365 extat.
1279 2352 1321 2356 —
1345 2329 1366 2374 ἦ
1386 2331 1425 2365 θ’
1451 2332 1561 2377 νεαρὰ
1586 2331 1648 2374 οὐχ
1672 2331 1804 2386 ετξρέθη
1824 2335 1877 2373 Μ;
1904 2326 1934 2369 ὃ
1956 2339 2096 2379 κειμένη
2123 2334 2216 2390 ᾢστε
2239 2335 2306 2388 τὴν
2331 2338 2384 2368 ἐκ·

161 2375 309 2417 κλησίαν
330 2372 462 2419 (Ρώμης
491 2378 583 2416 ἔχειν
616 2374 681 2417 τὴν
713 2376 790 2407 τῶν
815 2389 835 2421 ρ
862 2376 1038 2409 ἐνιαυτῶν
1073 2373 1331 2422 παραγραφήν·
1367 2374 1429 2410 οὐκ
1462 2377 1572 2419 ἐτέθη
1598 2378 1645 2411 εἰς
1667 2392 1712 2411 τα
1735 2377 1922 2422 βασιλικά·
1954 2379 2092 2423 ταύτην
2116 2384 2256 2426 αναιρεῖ
2277 2395 2298 2424 η
2323 2385 2384 2426 <iia

161 2422 260 2453 schol.
287 2423 319 2454 in
340 2434 401 2465 my.
427 2420 476 2454 M.
495 2440 541 2445 ——
564 2422 652 2464 Epic.
682 2422 801 2454 Theod.
824 2422 855 2462 9,
879 2421 1040 2454 Albanas.
1067 2423 1097 2463 2,
1123 2430 1138 2454 4
1165 2423 1253 2463 (inde
1282 2423 1362 2456 C'oll.
1388 2432 1486 2456 const.
1513 2424 1585 2455 ecel.
1613 2426 1642 2465 3,
1669 2431 1695 2465 2,
1721 2431 1760 2461 4).
1806 2425 1927 2459 Iulian.
1955 2434 2052 2460 const.
2087 2427 2184 2459 VIII.

161 2511 232 2545 iltis
254 2510 415 2553 servabo,
440 2514 476 2546 et
497 2511 529 2546 si
549 2511 677 2555 fiscum
697 2510 833 2545 iniuria
852 2510 901 2557 af
924 2510 959 2545 ci
973 2509 1253 2556 deprehendero.
1288 2510 1373 2545 Non
1390 2522 1457 2557 eqo
1476 2512 1577 2547 solus
1593 2513 1680 2548 baec
1696 2514 1845 2559 faciam,
1870 2515 1935 2550 sed
1957 2516 2063 2551 etiam
2088 2527 2304 2552 assessorem
2321 2517 2384 2563 qui

160 2555 246 2590 mihi
265 2567 407 2601 semper
420 2556 490 2601 fiat
507 2556 611 2590 talem
629 2556 760 2602 etiqere
780 2555 883 2590 stude
909 2566 929 2590 o
947 2560 983 2590 et
1003 2556 1068 2590 cui
1085 2557 1184 2590 eirea
1203 2567 1258 2591 me
1276 2556 1351 2591 sint
1367 2567 1505 2592 omnes:
1527 2569 1571 2593 ne
1588 2559 1691 2603 forte
1707 2559 1786 2605 ipse
1805 2560 1946 2605 quidem
1966 2561 2105 2607 inteqer
2124 2561 2201 2603 sim,
2217 2562 2279 2607 qui
2299 2573 2381 2597 vero

160 2601 257 2636 cirea
270 2612 324 2635 me
336 2606 431 2643 sunt,
442 2602 615 2646 furentur
628 2606 662 2635 et
675 2601 895 2646 delinquant.
916 2599 993 2643 Quo
1021 2601 1053 2635 si
1066 2602 1147 2646 quis
1159 2612 1283 2636 eorum
1298 2602 1362 2646 qui
1372 2602 1468 2637 circa
1482 2613 1537 2638 me
1549 2608 1634 2639 sunt
1648 2604 1731 2639 talis
1743 2605 1960 2651 reperiatur,
1975 2610 2011 2641 et
2022 2606 2120 2651 quod
2129 2606 2172 2641 ab
2187 2618 2228 2642 eo
2241 2607 2382 2651 factum

158 2646 207 2681 sit
226 2646 422 2681 resarciam
445 2650 480 2681 et
498 2646 615 2692 ipsum
637 2645 828 2692 eoepetlam.
874 2645 957 2680 Nisi
979 2657 1061 2681 vero
1082 2645 1169 2681 liaeo
1188 2646 1307 2681 omnia
1333 2647 1385 2681 ita
1406 2647 1652 2691 observavero,
1677 2660 1880 2695 consequar
1896 2650 1953 2685 liic
1976 2656 2011 2686 et
2026 2652 2157 2696 futuro
2177 2652 2321 2687 saecuto
2346 2653 2382 2686 in

161 2691 310 2726 terribili
333 2691 466 2726 iudicio
491 2692 614 2737 maqni
638 2691 772 2725 domini
796 2690 853 2726 dei
876 2695 910 2725 et
932 2691 1129 2726 servatoris
1153 2692 1268 2726 nostri
1293 2690 1376 2726 Iesu
1401 2691 1533 2727 Christi
1556 2693 1775 2740 habeamque
1796 2699 1943 2741 partem
1969 2707 2048 2730 cum
2068 2695 2162 2731 Iuda
2187 2701 2222 2732 et
2245 2697 2382 2743 lepram

162 2735 262 2771 Giezi
285 2741 320 2771 et
345 2741 532 2771 tremorem
559 2736 667 2776 Cain,·
687 2740 947 2782 praeterquam
973 2736 1072 2781 quod
1095 2737 1201 2771 etiam
1223 2737 1353 2782 poenis
1373 2737 1450 2782 leqe
1464 2738 1616 2783 pietatis
1641 2751 1763 2775 eorum
1791 2741 2056 2786 comprehensis
2082 2741 2263 2777 obnoaeius
2281 2743 2380 2786 fiam.

206 2831 220 2862 1
249 2825 320 2861 Οὐκ
345 2829 449 2868 ῙΡῙᾹς]
475 2830 548 2861 Καὶ
568 2825 629 2860 οὐκ
655 2829 703 2860 ΒΟ
728 2827 739 2871 Η
765 2832 785 2860 4
811 2825 977 2860 κλέπτειν
999 2829 1057 2859 καὶ
1079 2823 1234 2871 ἁμαρτά-

1306 2829 1490 2861 tenduntur
1504 2831 1551 2862 R¹
1571 2829 1582 2874 Η
1599 2833 1642 2870 et]
1659 2833 1696 2863 ut
1711 2839 1721 2864 t
1739 2831 1750 2873 ss
1767 2832 1845 2864 totis
1861 2832 1885 2865 t¹
1905 2831 1917 2875 ss
1933 2833 2012 2865 scite
2027 2837 2056 2866 ta
2075 2833 2086 2877 Η
2104 2835 2145 2867 22
2159 2834 2211 2874 ad]
2227 2835 2311 2866 etad
2325 2835 2356 2867 R
2368 2834 2382 2879 n

158 2887 234 2906 νειν
260 2876 291 2906 in
313 2886 377 2906 ras.
393 2872 462 2917 ῙΙίΙΙ
479 2876 496 2906 5
522 2876 574 2906 τίς
598 2875 680 2918 περὶ
701 2873 783 2915 ἐμοῦ
799 2873 829 2904 L
849 2871 860 2915 ΙΙ
878 2874 896 2905 8
918 2868 1090 2915 ἀπολάβω
1104 2872 1204 2911 BQ)
1225 2871 1236 2915 ΙΙ
2357 2880 2361 2885 ’

1306 2875 1373 2913 seu]
1387 2874 1456 2906 siue
1475 2875 1508 2907 V
1520 2874 1531 2918 ΙΙ
1548 2877 1591 2909 24
1607 2876 1709 2908 fuerit
1725 2876 1771 2909 V¹
1789 2877 1800 2919 ΙΙ
1820 2878 1848 2909 61
1866 2878 1898 2909 R
1911 2877 1963 2920 VH
1982 2878 2229 2923 sacroslsanctas
2245 2880 2279 2912 V
2290 2879 2301 2921 ss
2318 2891 2381 2911 611-

160 2921 198 2952 έν
216 2919 282 2961 τῷ]
309 2919 348 2951 ἐν
363 2932 419 2951 om.
436 2920 469 2951 Β
489 2918 535 2962 119
556 2931 595 2951 τε
615 2932 672 2951 om.
688 2919 718 2950 L
739 2917 749 2960 Η
770 2920 808 2950 10
834 2920 893 2949 καὶ
910 2916 978 2956 ἔξω
994 2919 1024 2950 L
1041 2918 1052 2958 ΙΙ
1078 2920 1110 2950 11
1139 2918 1235 2962 γιεζῆ

161 2966 210 2996 B⁶
233 2964 351 3009 γιαίζῆ
373 2965 404 2996 L
420 2962 431 3007 11
454 2965 492 2997 12
517 2964 593 2996 τῶν
617 2959 741 3005 νόμων
767 2964 812 2994 3⁰
838 2962 916 2994 τῶν
942 2962 1008 3004 (τῶ
1034 2963 1096 3002 La)
1122 2959 1235 3005 νόμον

160 3011 190 3042 L
207 3009 218 3053 ΙΙ
242 3012 278 3042 13
305 3006 402 3050 αὐτῷ
430 3010 478 3041 B⁶
497 3009 507 3051 ΙΙ
530 3004 733 3041 ὑπεύθυνος
758 3009 788 3039 L

209 3102 222 3133 1
249 3100 420 3131 instutiani
434 3098 480 3131 R¹
501 3097 513 3142 ΙΙ
529 3100 603 3140 ago]
625 3109 687 3139 ago
702 3098 834 3139 quidem
850 3105 860 3130 t
876 3098 887 3139 ΙΙ
908 3099 926 3130 2
948 3099 1058 3138 etiam]
1086 3108 1145 3139 ego
1161 3099 1209 3131 111
1225 3097 1236 3142 ΙΙ

160 3144 402 3176 abscidentem?
429 3142 545 3186 V¹113
570 3143 684 3175 studeo
710 3143 747 3186 11]
767 3144 890 3182 omnes]
913 3154 996 3174 om*
1023 3144 1047 3176 2¹
1065 3142 1077 3187 ΙΙ
1096 3145 1116 3176 4
1141 3146 1232 3183 11610]

163 3203 200 3220 *ι
229 3190 276 3222 Vl
311 3199 390 3221 uero
419 3190 497 3220 sunt
528 3187 554 3220 2²
583 3187 595 3231 ss
620 3196 694 3231 post
730 3189 816 3220 cirea
848 3198 898 3219 me
927 3190 1025 3221 verba
1054 3198 1165 3221 omnes
1192 3207 1234 3212 —-

158 3245 261 3277 purus
289 3235 321 3274 (3
342 3234 403 3276 sq.)
429 3246 490 3266 err.
517 3234 630 3275 repetit
656 3234 704 3265 R¹
736 3232 747 3276 Η
771 3234 848 3264 sunt
876 3233 1029 3265 furentur
1053 3234 1151 3276 vulq]
1185 3233 1232 3266 ssi-

159 3283 273 3313 rentur
294 3280 327 3312 R
363 3291 447 3308 *n*
475 3280 590 3310 rentur
622 3278 655 3310 V
684 3278 837 3310 furentur
869 3277 934 3310 V³t
968 3280 980 3320 11
1010 3281 1028 3310 5
1066 3289 1117 3310 me
1144 3278 1230 3318 talis]

158 3325 299 3357 metallis
331 3324 377 3357 V¹
409 3323 421 3366 ΙΙ
449 3325 468 3356 6
494 3323 572 3364 quid
599 3323 643 3355 Rc
668 3322 680 3365 ΙΙ
710 3334 759 3354 1116
786 3324 912 3363 sanare]
951 3323 1025 3355 iuro
1049 3336 1074 3356 s.
1100 3336 1128 3356 v.
1155 3325 1231 3356 add.

165 3371 231 3408 V³;
271 3371 329 3413 leq.
356 3368 537 3401 resanabo‘?
565 3368 576 3410 ΙΙ
609 3370 627 3400 7
663 3378 874 3399 reseruauero
898 3368 959 3400 R¹t
991 3381 1030 3398 u
1057 3378 1232 3400 seruauere

166 3415 223 3459 VH
254 3417 273 3449 8
305 3414 446 3454 sacculo]
474 3413 549 3446 culo
570 3412 620 3445 V2
646 3414 677 3445 in
702 3426 766 3445 ras.
796 3411 807 3455 ΙΙ
829 3412 876 3452 111]
908 3415 940 3444 et
961 3413 997 3444 in
1024 3421 1034 3447 t
1057 3413 1069 3453 ΙΙ
1093 3416 1112 3446 9
1144 3414 1231 3453 Iesu]

158 3452 266 3505 111111111
287 3461 319 3493 R
338 3459 477 3502 Habeam
502 3459 534 3491 R
556 3457 567 3501 ΙΙ
591 3459 628 3490 10
653 3457 776 3500 lepram
803 3459 824 3496 t]
857 3456 947 3499 lepra
968 3458 1002 3491 V
1020 3460 1062 3492 al.
1088 3458 1141 3500 lep
1166 3460 1197 3491 R
1222 3456 1234 3503 Η

159 3508 243 3538 caim
266 3507 299 3539 R
323 3505 417 3547 cayni
441 3512 451 3537 t
477 3503 488 3547 ΙΙ
514 3506 548 3536 11
583 3502 728 3544 insuper]
762 3504 794 3534 et
817 3512 913 3543 super
938 3503 989 3534 Ra
1018 3502 1029 3546 ΙΙ
1061 3505 1099 3537 13
1130 3504 1231 3545 scrip-

158 3554 228 3584 tum
254 3553 300 3583 est
322 3549 486 3591 exemplar
503 3549 610 3590 tvuly.
628 3547 639 3590 ΙΙ
661 3550 699 3581 15
728 3546 810 3579 Coll.
830 3547 865 3578 ΙΙ
891 3549 992 3581 const.
1007 3548 1055 3580 VI
1077 3556 1123 3581 est
1140 3550 1171 3581 in
1192 3548 1231 3590 εΗ

159 3598 197 3628 ut
218 3597 276 3636 Rt]
311 3598 349 3628 ut
370 3596 468 3627 etiam
496 3595 527 3627 V
545 3594 629 3636 vuly.
661 3591 673 3635 ΙΙ
699 3592 990 3634 praescriptionem
1013 3593 1132 3626 habeat
1156 3594 1189 3626 R
1219 3592 1230 3637 ΙΙ

162 3642 199 3673 17
214 3652 251 3674 ao
263 3640 466 3673 sanctissimo
481 3647 491 3672 t
506 3639 606 3682 vul9.;
628 3639 660 3670 et
671 3638 874 3670 sanctissimo
888 3650 945 3670 om.
957 3639 988 3670 V
1002 3637 1013 3679 ΙΙ
1032 3641 1072 3672 18
1087 3649 1156 3671 eam
1170 3651 1227 3671 om.

160 3685 185 3716 ι’
197 3684 209 3723 1Ι
223 3688 263 3719 19
279 3685 415 3718 luminis
428 3692 439 3718 t
450 3683 462 3729 Η
473 3686 514 3717 20
529 3685 623 3725 quae]
639 3693 767 3724 queque
781 3682 830 3725 2¹1!
845 3681 1011 3726 ocenilni?
1024 3683 1072 3716 R¹
1091 3683 1103 3727 H
1120 3684 1158 3717 21
1177 3694 1229 3716 ex-

1305 2918 1388 2950 eulis
1405 2919 1454 2951 R¹
1471 2919 1482 2961 ΙΙ
1502 2921 1543 2954 25
1569 2920 1803 2953 nullatenenus
1824 2923 1855 2954 R
1871 2923 1882 2963 11
1902 2923 2158 2966 sustinufluerint
2179 2924 2211 2956 R
2235 2925 2378 2956 sustinu-

1306 2966 1402 2995 erunt
1416 2972 1427 2996 t
1442 2963 1453 3007 ΙΙ
1474 2966 1515 2998 26
1530 2966 1734 3007 exemptione
1753 2967 1803 2999 V!
1819 2965 1831 3010 ΙΙ
1851 2968 1890 3000 27
1907 2968 2037 3009 integra
2051 2982 2107 3002 om.
2131 2969 2179 3001 V¹
2196 2968 2207 3012 ss
2227 2969 2379 3001 ecclesia-

1304 3009 1434 3041 siastica
1449 3009 1479 3041 R
1496 3009 1508 3052 ss
1527 3021 1578 3042 eas
1604 3010 1641 3054 tn
1661 3012 1704 3044 28
1728 3014 1863 3053 excepto
1885 3012 1933 3044 V¹
1951 3012 1963 3055 ΙΙ
1977 3013 2169 3054 1011111111]πέι
2185 3012 2196 3057 ΙΙ
2216 3014 2381 3046 dinositur

1306 3054 1472 3095 (du*situr
1493 3056 1554 3095 ΕΙ)
1581 3055 1609 3087 R
1633 3057 1644 3097 11
1670 3056 1799 3097 habeat]
1827 3057 1920 3088 beata
1945 3058 1970 3090 t¹
1995 3057 2006 3101 Η
2036 3061 2076 3091 29
2101 3059 2276 3100 profutura
2296 3059 2345 3091 Βι
2369 3061 2380 3102 ΙΙ

1305 3100 1339 3130 111
1365 3112 1422 3131 om..
1448 3107 1459 3131 t
1488 3100 1499 3141 ΙΙ
1522 3102 1563 3133 30
1589 3111 1668 3140 quas
1690 3101 1771 3133 RVt
1786 3103 1842 3141 al.]
1867 3102 1987 3142 quibus
2008 3105 2091 3146 vuly.
2119 3103 2130 3143 ΙΙ
2152 3103 2273 3145 aliquis
2295 3104 2345 3136 Β*
2367 3105 2379 3146 ΙΙ

1305 3144 1436 3176 ecclesie
1458 3148 1565 3176 uestre
1588 3146 1620 3177 V
1640 3144 1652 3186 ΙΙ
1682 3146 1867 3187 donarium]
1893 3147 2044 3179 donam*
2070 3148 2130 3181 V*
2141 3147 2152 3191 ΙΙ
2181 3151 2218 3182 31
2247 3148 2378 3181 diuina-

1304 3191 1388 3228 rum]
1415 3193 1600 3221 sanctarum
1626 3190 1674 3221 R2
1696 3191 1706 3232 ΙΙ
1731 3192 1883 3223 omnibus
1907 3200 1918 3224 t
1944 3191 1955 3236 ΙΙ
1978 3193 2152 3235 imperium
2176 3193 2225 3226 V²
2252 3194 2263 3235 ΙΙ
2284 3204 2377 3235 prae-

1304 3234 1394 3265 dium
1418 3234 1465 3266 R¹
1483 3234 1494 3277 ss
1515 3236 1556 3267 32
1580 3235 1768 3267 sitientibus
1791 3244 1801 3269 t
1819 3235 1831 3278 ΙΙ
1847 3237 2002 3270 innocere
2022 3238 2070 3270 Ε*
2089 3238 2100 3279 ΙΙ
2116 3237 2315 3279 allegatione
2330 3239 2376 3272 Re

1305 3281 1359 3319 al.]
1386 3279 1583 3320 allegatione
1607 3281 1763 3322 temporis
1796 3282 1828 3314 V
1854 3283 2009 3323 temporis
2033 3282 2231 3323 allegatione
2256 3284 2341 3327 vuly.
2365 3283 2375 3326 ΙΙ

1304 3327 1344 3357 33
1370 3334 1436 3356 sese
1452 3324 1499 3357 Rt
1522 3326 1620 3367 vuly]
1645 3335 1678 3357 se
1700 3326 1752 3367 Vl]
1772 3328 1898 3367 tempus
1913 3346 1954 3350 -—
1967 3327 2159 3368 praetendes
2181 3330 2252 3370 (sic)
2269 3330 2374 3371 suppl.

1311 3369 1359 3402 V2
1383 3371 1415 3402 in
1439 3376 1523 3411 spat.
1549 3383 1617 3402 vac.
1642 3369 1653 3412 ΙΙ
1683 3373 1910 3412 praetentcens
1933 3372 1984 3403 Ra
2015 3371 2027 3415 ΙΙ
2054 3372 2170 3413 igitur]
2197 3383 2274 3414 ergo
2309 3374 2342 3407 V
2364 3374 2375 3414 11

1302 3414 1354 3446 dei
1379 3415 1411 3447 in
1432 3427 1497 3446 ras.
1513 3414 1545 3446 R
1565 3413 1576 3458 ΙΙ
1593 3415 1716 3447 11011016
1742 3424 1751 3448 t
1767 3415 1778 3459 ΙΙ
1799 3418 1839 3449 33
1865 3416 1949 3448 sodis
1965 3418 2008 3449 Re
2026 3416 2037 3459 ΙΙ
2054 3417 2208 3458 habeant]
2234 3420 2292 3450 aiit
2306 3419 2350 3451 R¹
2363 3418 2374 3464 ΙΙ

1302 3462 1342 3492 35
1368 3459 1420 3499 ad]
1446 3459 1533 3500 apud
1558 3467 1568 3492 t
1591 3459 1602 3503 ΙΙ
1621 3470 1777 3492 recemus,
1804 3461 1847 3493 R'
1866 3460 1877 3504 ss
1896 3461 2107 3503 prouidentia
2131 3463 2164 3495 R
2187 3463 2198 3506 ΙΙ
2223 3465 2373 3496 reminis-

1301 3506 1384 3536 cetes
1407 3504 1454 3536 V¹
1471 3505 1482 3546 Η
1502 3506 1543 3538 36
1567 3506 1830 3546 praerogatiuam
1845 3525 1887 3528 —
1901 3506 2084 3539 minoribus
2105 3510 2174 3549 (38)
2194 3510 2301 3552 suppl.
2324 3509 2372 3542 V²

1301 3551 1332 3582 in
1357 3557 1439 3591 spat.
1466 3562 1534 3582 vac.
1562 3548 1573 3593 ΙΙ
1602 3552 1649 3581 est
1677 3563 1734 3583 om.
1757 3550 1843 3590 V(‘²),
1877 3552 1952 3584 add.
1975 3551 2029 3584 V³
2058 3551 2070 3594 ΙΙ
2097 3552 2202 3585 solum
2227 3554 2276 3594 in]
2309 3554 2372 3586 sol-

1300 3595 1393 3626 ucrin
1406 3594 1481 3635 V(²)
1497 3593 1509 3637 ΙΙ
1528 3596 1568 3627 37
1584 3594 1748 3627 Romanae
1762 3596 1831 3636 eea]
1845 3606 1905 3628 nae
1918 3595 2284 3642 ecelesiae—Christial
2302 3602 2371 3640 (38)

1298 3652 1359 3672 ser.
1374 3638 1469 3671 112οι
1484 3651 1548 3671 ras.
1564 3641 1695 3673 duorum
1708 3653 1851 3673 versuum
1870 3639 1881 3684 ΙΙ
1899 3642 1940 3674 38
1959 3644 2037 3673 sunt
2055 3655 2112 3676 om.
2136 3644 2169 3676 V
2181 3642 2192 3687 Η
2210 3646 2251 3677 39
2270 3645 2370 3677 huius

1301 3685 1336 3726 tl]
1356 3683 1448 3724 legis]
1475 3683 1637 3725 legibibus
1659 3685 1710 3717 Ra
1725 3685 1736 3728 ΙΙ
1756 3687 1797 3718 40
1824 3686 1933 3726 etiam]
1959 3690 1990 3718 et
2015 3687 2049 3720 V

2037 3735 2098 3770 12*
