2586 3990
170 169 198 198 A
228 168 505 199 PARENTIBUS
534 169 581 198 IN
610 170 751 200 FILIOS
781 171 938 201 FAoTis

167 279 236 307 τος,
261 265 339 310 ἡδὲ
355 268 432 301 τῶν
448 265 678 313 πραγμάτων
702 269 862 304 ποικιλία
887 273 945 303 καὶ
968 268 1107 315 ἡφύσις
1130 271 1246 303 ταῦτα

166 314 304 354 συχναῖς
332 311 601 357 μεταβάλλουσα
627 312 774 348 δεῖσθαι
797 314 865 349 τὸν
886 314 1000 359 νόμον
1024 317 1159 348 ἐκεῖνον
1184 316 1244 349 ἐπ-

167 358 408 403 ανορθώσεως
432 355 602 403 ἡμετέρας
623 361 875 405 παρεσκεύασε,
914 360 1005 406 λε’γει
1029 362 1118 406 γοῦν
1143 357 1161 392 ὁ
1186 357 1246 406 νό-

165 414 228 446 μος
259 401 334 436 δεῖν
364 402 426 436 τὰς
451 404 527 436 τῶν
551 403 807 439 τελευτώντων
830 405 1030 450 βουλήσεις,
1063 402 1156 439 ὅταν
1179 407 1246 438 αἷσι

165 451 294 494 γονεῖς,
320 448 411 483 πᾶσι
435 447 583 493 τρόποις
605 451 739 493 μεταξὺ
765 450 910 486 παίδων
934 453 1088 496 κρατεῖν,
1113 453 1172 483 καὶ
1188 463 1244 483 το-

166 495 295 527 σοῦτον
319 490 447 526 αὐτοὺς
472 493 677 535 αἰσχύνεται
701 500 815 542 γονεῖς
838 495 956 538 ὄντας,
981 492 1109 540 ὅτιπερ
1128 493 1246 529 αὐτοῖς

165 541 223 571 καὶ
253 538 320 580 τὴν
351 535 475 584 ἀσαφῆ
510 540 586 573 τῶν
616 543 840 588 πραγμάτων
872 544 1047 588 συγχωρεῖ
1075 539 1244 582 δήλωσιν,

166 582 290 628 λέγων,
323 584 353 616 εἰ
384 587 443 616 καὶ
466 584 514 627 μὴ
539 587 696 631 ἐναργεῖς
729 588 820 620 εἰσιν
845 586 883 620 αἱ
906 585 1029 620 αὐτῶν
1063 584 1243 620 διατυπώυ

165 639 252 669 σεις,
277 628 477 674 εἰςάγονται
503 628 542 662 δὲ
566 632 603 663 ἔκ
627 644 743 666 τινων
765 636 967 685 τεκμηρίων
991 635 1049 664 καὶ
1067 628 1243 674 ἐναυσμά-

1177 219 1203 221 1
1244 158 1418 221 5L¹w

2001 162 2109 204 Nov.
2142 161 2252 204 CVII
2283 175 2342 216 pr.
2384 166 2393 202 1

1316 280 1423 314 porro
1457 281 1646 306 causarum
1680 271 1832 306 varietas
1863 275 1900 306 et
1935 275 2064 308 natura
2099 282 2159 308 eas
2196 272 2401 318 frequenter

1314 319 1456 350 mutans
1490 326 1591 360 egere
1621 317 1715 360 leges
1748 316 1827 351 illas
1860 318 2105 353 emendatione
2142 320 2264 352 nostra
2295 328 2399 363 prae-

1314 361 1466 403 paravit.
1507 361 1604 396 Dicit
1626 362 1747 405 itaque
1771 362 1828 396 lex
1850 367 2014 405 oportere
2030 362 2255 398 morientium
2275 363 2399 398 volun-

1315 408 1427 448 tates,
1462 406 1603 450 quando
1635 410 1719 442 sunt
1751 411 1935 451 parentes,
1970 408 2132 443 omnibus
2162 408 2276 444 modis
2307 409 2400 444 inter

1282 449 1406 485 5filios
1435 454 1572 493 tenere,
1607 456 1642 487 et
1672 455 1810 487 tantum
1840 462 1899 487 eos
1929 453 2106 488 erubescit
2136 458 2302 497 parentes
2323 453 2398 488 exi-

1315 499 1467 539 stentes,
1493 497 1576 541 quia
1601 497 1652 532 eis
1676 501 1712 532 et
1736 497 1867 532 claram
1892 507 2009 532 rerum
2035 499 2196 533 coneedit
2220 499 2397 542 significa-

1314 541 1456 583 tionem,
1489 542 1610 577 dicens
1635 545 1670 577 et
1693 542 1722 577 si
1747 553 1817 578 non
1839 542 2048 577 manifestae
2073 548 2157 578 sunt
2180 553 2301 578 eorum
2326 544 2396 578 dis-

1313 586 1526 631 positiones,
1557 587 1768 632 aperiuntur
1797 592 1916 622 autem
1948 598 1990 622 ex
2023 588 2234 632 quibusdam
2256 589 2397 624 indiciis

1313 633 1349 665 et
1375 633 1589 667 coniecturis
1607 635 1643 668 et
1659 633 1818 677 qualibet
1840 632 2030 677 scriptura,
2056 638 2091 668 et
2111 634 2163 668 sic
2180 643 2240 668 eas
2260 635 2395 669 valere:

163 685 240 706 των
264 676 323 706 καὶ
339 675 400 716 τῆς
416 674 556 709 οίαςοῖιν
571 678 719 731 γραφῆς,
745 681 804 710 καὶ
820 690 918 710 ουτω
943 678 1057 710 ταῦτα
1081 678 1241 721 κρατεῖν·
1260 679 1299 711 10
1313 678 1349 710 et
1379 677 1447 711 hoc
1478 678 1515 713 in
1545 677 1619 713 suis
1649 682 1686 713 et
1716 678 1948 723 emancipatis
1981 678 2063 713 filiis
2087 678 2151 723 ait3
2185 679 2330 723 insuper
2362 683 2398 713 et

163 721 222 750 καὶ
253 720 361 752 τοῦτο
397 722 459 754 ἐπί
490 734 528 754 τε
561 733 681 756 σοιιων
716 725 774 755 καὶ
806 720 1066 768 ἑμαγκιπάτων
1098 719 1243 755 παίδων

163 767 284 808 φησίν,
317 769 376 798 καὶ
401 764 490 811 πρός
521 780 560 812 γε
585 763 606 810 ἡ
633 765 822 801 Θεοδοσίου
849 765 1147 812 προςδιορίζεται,
1178 763 1242 800 οὐκ

163 810 222 842 ἐπὶ
247 813 417 855 πατέρων
438 811 567 855 μόνων
591 814 707 846 ταῦτα
733 810 975 853 διατυποῦσα,
1001 809 1089 846 ἀλλὰ
1106 814 1165 845 καὶ
1181 814 1242 845 ἐπὶ

404 859 411 868 x
445 858 453 868 J
490 860 496 869 ι
531 854 538 864 '

161 857 328 901 μητέρων
353 869 411 888 και
436 869 497 890 επι
520 857 703 891 ανιόντων
727 859 893 903 ἑκατέρας
914 857 1062 903 φύσεως.
1110 856 1242 899 ταύτης

1313 721 1504 758 Theodosii
1528 722 1703 766 decernit,
1735 735 1806 759 non
1829 724 1864 758 in
1889 724 2053 768 patribus
2078 724 2192 759 solum
2213 725 2303 759 haec
2328 724 2396 759 dis-

1311 777 1457 812 ponens,
1479 767 1542 803 sed
1561 769 1668 803 etiam
1681 769 1717 803 in
1731 768 1904 804 matribus
1920 773 1955 804 et
1971 769 2247 806 ascendentibus
2265 769 2395 804 utrius-

1312 822 1380 856 que
1396 816 1556 849 naturae.
1593 813 1695 849 Hanc
1717 814 2022 859 adprehendentes
2042 814 2219 850 licentiam
2236 814 2396 849 homines

1311 858 1347 892 in
1371 861 1509 893 tantam
1533 860 1664 903 egressi
1685 865 1768 894 sunt
1793 860 2067 902 obscuritatem,
2093 862 2132 895 ut
2156 859 2395 895 divinantibus

163 899 419 944 ἐπιλαβόμενοι
443 903 506 945 τῆς
522 899 645 955 fideles
669 902 866 948 ἄνθρωποι
883 904 930 937 εἰς
946 903 1127 946 τοσαύτην
1152 899 1238 935 ἀσά-
1258 906 1297 937 15
1311 903 1423 947 magis
1459 914 1565 949 quam
1601 905 1919 950 interpretantibus
1957 906 2045 940 haec
2078 909 2238 949 egerent:
2274 905 2395 950 itaque

162 957 268 989 φειαν
305 946 472 988 ἐξῆλθον,
508 959 595 982 ωςτε
629 948 799 992 μάντεων
831 948 968 993 μᾶλλον
1003 946 1024 991 ἢ
1059 948 1243 993 ἑρμηνέων

162 991 275 1024 ταῦτα
294 990 545 1036 προςδεῖσθαι·
571 995 764 1039 τοιγαροῦν
785 993 867 1028 οὔτε
891 993 1066 1039 πρόςωπα
1088 993 1242 1039 γράφον-

162 1047 217 1069 τες
249 1035 330 1070 οὔτε
363 1037 587 1084 πραγμάτων
608 1038 767 1085 λέγοντες
797 1044 1033 1086 γνωρίσματα
1066 1042 1124 1071 καὶ
1157 1039 1243 1072 ἴσως

162 1079 243 1114 οὐδὲ
264 1082 380 1116 ποσὸν
406 1080 503 1127 ὅμως
527 1082 668 1124 ἀξιοῦσι
692 1088 902 1128 στοχασμοῖς
935 1087 994 1118 καὶ
1018 1085 1070 1127 τῷ
1095 1085 1172 1118 τῶν
1195 1085 1242 1117 εἰ·

161 1123 283 1161 κάτων
307 1127 402 1174 λόγῳ
428 1129 473 1163 τὰ
498 1130 649 1163 τοιαῦτα
675 1131 891 1175 ἐπιτρέπειν.

1311 958 1425 993 neque
1451 959 1623 994 personas
1649 951 1845 986 scribentes
1863 961 1977 995 neque
1995 961 2112 986 rerum
2129 951 2285 985 dicentes
2304 950 2394 985 noti-

1312 993 1381 1028 tias
1412 996 1448 1029 et
1480 995 1573 1031 forte
1605 1005 1670 1031 nec
1699 996 1934 1040 quantitatem
1958 999 2075 1031 tamen
2097 996 2285 1040 dignantur
2310 1006 2393 1031 con-

1312 1038 1457 1075 iecturis
1483 1044 1517 1075 et
1541 1041 1779 1077 verisimilium
1804 1042 1936 1077 rationi
1959 1042 2046 1077 talia
2069 1042 2283 1086 permittere.

1257 1132 1299 1165 20

1167 1242 1323 1278 CAPUT
1349 1243 1375 1278 1.

227 1303 341 1351 Ἡμεῖς
365 1312 488 1343 τοίνυν
512 1310 635 1344 πάντα
666 1312 764 1356 σαφῆ
795 1325 834 1345 τε
868 1315 928 1345 καὶ
952 1308 1240 1355 ἀναπεπταμένα

160 1352 385 1387 καθεστάναι
416 1353 629 1398 βουλόμενοι
661 1358 710 1397 (τί
738 1356 807 1402 γὰρ
840 1354 954 1391 οὕτως
987 1355 1080 1390 ἴδιον
1112 1356 1240 1401 νόμων

160 1395 207 1431 (ὗς
242 1398 439 1444 σαφήνεια,
472 1399 630 1444 μάλιστα
668 1403 726 1434 ἐπὶ
762 1405 839 1436 ταῖς
874 1403 950 1436 τῶν
984 1399 1239 1436 τελευτώντων

161 1442 437 1488 statuminum
469 1444 697 1499 βουλόμεθα,
728 1447 763 1480 εἴ
782 1459 835 1481 τις
864 1448 1058 1493 γράμματα
1091 1448 1238 1482 ἐπιστά-

1376 1310 1452 1347 Nos
1482 1312 1591 1354 igitur
1623 1313 1741 1348 omnia
1773 1313 1871 1348 clara
1901 1315 1936 1348 et
1959 1317 2084 1357 aperta
2115 1314 2307 1349 consistere
2331 1323 2391 1348 vo-

1308 1355 1421 1391 lentes
1442 1358 1538 1401 (quid
1552 1357 1643 1392 enim
1658 1359 1708 1393 sic
1721 1358 1905 1403 proprium
1926 1362 1979 1394 est
1994 1359 2110 1403 legum
2128 1359 2220 1394 sicut
2236 1358 2392 1401 claritas,

1308 1402 1459 1437 maxime
1476 1413 1583 1447 super
1599 1403 1847 1439 defunctorum
1867 1404 2157 1448 dispositionibus
2166 1405 2194 1447 P)
2212 1405 2391 1439 volumus:

1308 1447 1337 1481 si
1362 1447 1440 1492 quis
1464 1448 1601 1483 litteras
1627 1449 1744 1484 sciens
1768 1450 1860 1484 inter
1884 1449 1976 1485 filios
1996 1460 2081 1485 suos
2101 1450 2251 1485 voluerit
2274 1449 2392 1484 facere

158 1501 262 1531 μενος
291 1490 426 1532 μεταξυ
459 1504 537 1524 των
570 1504 680 1543 αντου
714 1491 859 1527 παίδων
889 1492 1057 1537 βούλοιτο
1089 1492 1235 1535 uomica·-
1253 1496 1293 1527 25
1308 1493 1586 1537 dispositionem,
1612 1494 1763 1538 primum
1780 1494 1920 1539 quidem
1942 1495 2017 1530 eius
2034 1495 2279 1539 praescribere
2303 1499 2392 1529 tem-

159 1534 252 1567 σθαι
269 1532 506 1576 διατύπωσιν,
538 1548 685 1591 πρωτον
708 1540 775 1581 μὲν
796 1535 904 1582 αὐτης
929 1538 1148 1584 προγράφειν
1171 1538 1238 1572 τὸν

158 1579 299 1623 χρόνον,
337 1580 414 1613 εἶτα
450 1584 508 1613 καὶ
544 1595 589 1615 τα
623 1584 699 1615 τῶν
735 1581 881 1618 παίδων
920 1580 1086 1627 ὀνόματα
1125 1584 1237 1626 οἰκείᾳ

157 1628 256 1669 χειρί,
288 1629 347 1658 καὶ
380 1625 469 1671 πρός
498 1640 539 1672 γε
570 1627 652 1661 τοὺς
675 1625 911 1675 οὐγκιασμοὺς
939 1630 986 1663 εἰς
1018 1626 1077 1663 οὓς
1107 1629 1237 1676 γράφει

158 1669 396 1714 κληρονόμους
421 1668 559 1714 αὐτούς,
583 1673 626 1716 pt*
656 1676 730 1707 τοῖς
753 1672 946 1718 συμβόλοις
970 1677 1047 1708 τῶν
1063 1672 1238 1719 ἀριθμῶν

157 1719 455 1758 σημαινομένους,
485 1714 574 1750 ἀλλὰ
609 1686 659 1750 δι’

157 1772 247 1802 νους,
266 1757 355 1794 ὦςτε
371 1762 608 1804 πανταχόθεν
628 1767 751 1809 σαφεῖς
769 1778 808 1798 τε
832 1769 889 1798 καὶ
907 1765 1238 1811 αναμφιςβητὴτους

130 1844 132 1846 v
157 1805 396 1840 καθεστάναι.
445 1808 474 1840 εἰ
499 1806 538 1841 δὲ
561 1812 620 1842 καὶ
644 1810 872 1856 πραγμάτων
892 1809 1059 1855 βούλοιτο
1089 1809 1236 1854 ποιησα-

157 1851 251 1884 σθαι
273 1849 447 1897 διαίρεσιν
467 1851 489 1895 ἦ
509 1866 581 1887 τισι
606 1853 793 1900 πράγμασι
819 1857 935 1901 ῥητοῖς
956 1854 1074 1890 πάσας
1099 1855 1121 1899 ἦ
1138 1867 1238 1890 τινας

157 1897 234 1930 τῶν
269 1895 475 1932 ἑνστάσεων
506 1901 738 1952 περιστῆσαι,
774 1905 833 1955 καὶ
864 1900 909 1935 τὰ
940 1900 1082 1935 τούτων
1113 1903 1237 1948 ἐγγρα-

1307 1549 1394 1582 pus,
1425 1538 1551 1574 deinde
1582 1550 1722 1584 quoque
1752 1540 1904 1575 filiorum
1933 1541 2076 1575 nomina
2105 1541 2251 1585 propria
2274 1550 2391 1582 manu,

1306 1583 1352 1618 ad
1375 1583 1463 1619 haec
1489 1584 1612 1620 uncias
1636 1585 1673 1620 in
1696 1586 1825 1637 quibus
1854 1586 1998 1630 scripsit
2028 1596 2089 1621 eos
2120 1586 2287 1628 heredes,
2320 1596 2392 1620 non

1307 1629 1415 1672 signis
1438 1640 1667 1665 numerorum
1690 1631 1952 1674 significandas,
1977 1631 2040 1666 sed
2057 1641 2121 1676 per
2138 1634 2232 1666 totas
2256 1632 2391 1666 litteras

1307 1674 1558 1717 declarandas,
1590 1682 1630 1710 ut
1654 1677 1808 1720 undique
1834 1676 1951 1712 clarae
1973 1682 2010 1712 et
2031 1677 2253 1712 indubitatae
2278 1676 2391 1712 consi-

687 1715 783 1752 ὅλων
815 1716 1040 1774 γραμμάτων
1074 1718 1237 1763 δηλουμέ-
1252 1722 1293 1753 30
1308 1724 1413 1754 stant.
1453 1720 1491 1754 Si
1511 1730 1593 1756 vero
1614 1722 1720 1756 etiam
1740 1732 1856 1756 rerum
1873 1722 2025 1757 voluerit
2045 1722 2162 1757 facere
2187 1722 2392 1757 divisionem

1306 1769 1370 1800 aut
1394 1766 1608 1810 quibusdam
1631 1767 1739 1802 rebus
1767 1768 1875 1802 certis
1900 1770 1963 1802 aut
1986 1778 2107 1803 omnes
2132 1770 2195 1802 aut
2218 1768 2392 1812 quasdam

1305 1810 1567 1846 institutionum
1591 1816 1767 1855 statuere,
1794 1817 1829 1847 et
1852 1813 1979 1848 harum
2002 1813 2174 1848 inscribat
2199 1816 2257 1855 [et]
2283 1813 2390 1856 signi-

1306 1856 1512 1899 ficationes,
1548 1861 1589 1892 ut
1623 1858 1700 1892 eius
1735 1857 1863 1893 litteris
1895 1859 2014 1894 omnia
2045 1859 2226 1893 declarata
2257 1859 2391 1893 nullam

1306 1901 1455 1936 ulterius
1490 1903 1752 1938 contentionem
1784 1903 1866 1938 filiis
1898 1903 2156 1948 derelinquant.
2204 1903 2242 1939 Si
2273 1907 2392 1938 tamen

158 1944 256 2021 ἔέτω
279 1947 531 1988 γνωρίσματα,
558 1956 645 1978 ωςτε
661 1949 734 1979 τοῖς
751 1947 861 1980 αυτοῦ
881 1945 1091 1993 γράμμασιν
1116 1959 1237 1981 παντα
1250 1949 1292 1982 35
1306 1950 1371 1982 aut
1401 1947 1505 1982 uxori
1535 1953 1599 1983 aut
1630 1949 1807 1984 extraneis
1837 1948 2015 1993 aliquibus
2046 1949 2208 1994 personis
2239 1949 2392 1985 voluerit

180 1985 355 2031 ηλούμενα
378 1987 557 2033 μηδεμίαν
581 1991 634 2023 ἑτι
659 1990 881 2036 φιλονεικίαν
904 1995 978 2026 τοῖς
1001 1996 1106 2027 παισὶ
1130 2005 1237 2026 κατα-

157 2031 358 2075 λιμπάνειν.
413 2035 443 2067 εἰ
475 2037 637 2081 μέντοιγε
672 2034 695 2079 ἢ
725 2038 862 2083 γαμετῇ
897 2035 920 2080 ἢ
949 2037 1129 2077 ἐξωτικοῖς
1164 2049 1238 2071 τισι

158 2076 358 2120 προςώποις
379 2076 546 2122 βούλεται
562 2079 773 2114 καταλιπεῖν
794 2082 910 2126 legata
928 2080 949 2124 ἢ
968 2082 1239 2118 fideicommissa

1306 1992 1506 2038 relinquere
1528 1993 1646 2038 legata
1668 1998 1732 2029 aut
1756 1994 2027 2031 fideicommissa
2049 1999 2113 2030 aut
2135 1995 2330 2038 libertates,
2355 1998 2392 2030 et

159 2177 277 2202 rerum
302 2168 458 2202 varietas
482 2175 516 2203 et
540 2172 670 2203 natura
692 2181 786 2214 quae
810 2181 872 2205 eas
895 2181 1003 2216 saepe
1028 2175 1142 2206 mutat
1165 2171 1286 2215 effecit
1309 2175 1350 2206 ut
1373 2171 1435 2206 lex
1460 2172 1524 2206 illa
1545 2173 1768 2207 correctione
1788 2177 1916 2207 nostra
1936 2172 2125 2218 indiqeret.
2166 2174 2263 2210 Dicit
2277 2175 2390 2221 iqitur

160 2211 222 2247 lex
253 2212 506 2257 defunctorum
536 2214 754 2256 voluntates,
786 2214 932 2260 quando
956 2220 1133 2260 parentes
1162 2220 1264 2257 sunt,
1296 2215 1458 2250 omnibus
1488 2216 1604 2251 modis
1631 2216 1726 2252 inter
1759 2217 1890 2253 liberos
1922 2218 2041 2254 valere
2073 2225 2260 2264 oportere,
2293 2227 2329 2255 et
2351 2221 2389 2255 in

161 2261 297 2292 tantum
322 2268 381 2292 eos
406 2262 588 2293 reveretur
619 2259 683 2303 qui
705 2265 881 2305 parentes
904 2260 994 2303 sint,
1026 2264 1067 2294 ut
1086 2260 1130 2294 iis
1154 2261 1261 2295 etiam
1286 2260 1474 2295 obscuram
1506 2272 1626 2296 rerum
1650 2261 1927 2297 declarationem
1950 2264 2154 2309 permittat,
2187 2276 2266 2300 cum
2290 2265 2388 2307 dicit,

159 2302 226 2336 etsi
251 2313 324 2337 non
347 2303 563 2347 manifestae
585 2304 658 2338 sint
680 2315 802 2338 eorum
826 2305 1090 2349 dispositiones,
1114 2306 1218 2350 atqui
1240 2316 1289 2340 ex
1312 2305 1455 2340 indiciis
1479 2305 1690 2351 quibusdam
1715 2311 1750 2341 et
1773 2307 1955 2342 elementis
1978 2312 2011 2343 et
2028 2309 2280 2355 qualicumque
2299 2311 2386 2345 scri-

156 2354 268 2392 ptura
287 2353 481 2393 petantur,
513 2349 619 2382 etiam
643 2349 695 2383 sic
720 2348 807 2384 lzaec
832 2350 970 2390 valere;
1001 2349 1108 2395 idque
1141 2355 1212 2385 tam
1242 2350 1285 2384 de
1315 2351 1391 2384 suis
1421 2361 1528 2395 quam
1561 2350 1605 2385 de
1635 2352 1871 2396 emancipatis
1896 2351 2018 2387 liberis
2042 2353 2149 2396 dicit,
2182 2360 2218 2390 et
2240 2355 2389 2401 insuper

162 2392 352 2427 Theodosii
377 2404 518 2438 quoque
542 2394 750 2429 constitutio
775 2405 847 2429 rem
874 2394 1009 2474 dZQnit,
1038 2405 1131 2446 quae
1155 2406 1227 2429 non
1252 2396 1288 2429 in
1312 2395 1401 2430 solis
1423 2395 1589 2440 patribus
1612 2395 1651 2430 id
1666 2397 1862 2442 praecipit,
1887 2397 1950 2432 sed
1972 2398 2079 2433 etiam
2103 2400 2140 2433 in
2156 2400 2331 2436 matribus
2354 2406 2388 2436 et

160 2439 197 2472 in
221 2437 492 2473 ascendentibus
516 2439 702 2484 utriusque
723 2450 845 2474 sexus.
933 2450 1003 2474 anc
1018 2439 1197 2475 licentiam
1222 2440 1384 2491 amplexi
1401 2440 1560 2476 ltomines
1584 2441 1622 2474 in
1646 2445 1783 2476 tantam
1802 2441 2054 2478 obscuritatem
2078 2445 2214 2489 eqressi
2229 2451 2324 2488 sunt,
2347 2451 2388 2481 ut

160 2493 217 2518 res
240 2483 380 2518 vatibus
397 2483 524 2529 potius
555 2495 663 2529 quam
695 2485 950 2530 interpretibus
981 2484 1162 2530 indiqeat:
1197 2484 1371 2530 siquidem
1404 2496 1518 2530 neque
1546 2496 1726 2531 personas
1757 2486 1952 2522 scribentes
1984 2499 2099 2534 neque
2130 2501 2250 2525 rerum
2282 2496 2388 2526 notas

159 2528 360 2563 indicantes
391 2539 434 2563 ac
456 2529 619 2574 fortasse
643 2540 687 2564 ne
711 2530 946 2575 quantitatem
970 2530 1111 2575 quidem
1137 2534 1252 2565 tamen
1277 2530 1494 2566 coniecturis
1522 2535 1556 2566 et
1579 2531 1855 2577 probabilitatis
1885 2533 2023 2568 rationi
2052 2533 2140 2570 naec
2173 2535 2262 2571 talia
2294 2547 2386 2572 com-

160 2575 297 2609 mittere
320 2579 510 2619 quaerunt.

293 2619 321 2653 Ι.
370 2618 447 2653 Nos
470 2619 581 2664 iqitur
605 2630 683 2653 cum
709 2620 828 2655 omnia
854 2620 954 2654 clara
986 2624 1019 2655 et
1043 2624 1172 2666 aperta
1204 2631 1280 2655 esse
1303 2621 1450 2656 velimus
1480 2621 1582 2673 (qaid
1603 2621 1696 2657 enim
1721 2621 1811 2657 adeo
1834 2623 2030 2668 proprium
2061 2629 2112 2659 est
2137 2626 2175 2670 le,
2195 2637 2254 2660 um
2277 2638 2387 2672 quam

159 2665 320 2706 claritas,
344 2665 501 2700 maxime
525 2665 559 2698 in
578 2663 832 2709 defunctorum
857 2665 1152 2711 dispositionibus
1161 2666 1190 2706 ΞΡ)
1216 2665 1389 2708 volumus,
1414 2669 1455 2701 ut
1477 2677 1508 2701 st
1533 2666 1615 2712 quis
1637 2667 1840 2702 litterarum
1862 2668 2003 2713 peritus
2026 2669 2121 2705 inter
2144 2637 2277 2707 liberos
2299 2683 2386 2707 suos

159 2710 428 2756 dispositionem
451 2711 577 2754 facere
601 2710 701 2751 velit,
723 2710 881 2756 primum
906 2710 1047 2756 quidem
1070 2711 1103 2745 ei
1127 2710 1301 2746 inscribat
1325 2715 1474 2756 tempus,
1499 2710 1627 2747 deinde
1650 2712 1758 2747 etiam
1783 2713 1931 2748 nomina
1957 2713 2150 2750 liberorum
2172 2727 2241 2752 sua
2264 2728 2384 2759 manu,

159 2760 193 2790 et
213 2760 404 2801 praeterea
426 2755 615 2789 unciarum
639 2756 875 2800 quantitates,
906 2758 943 2790 in
967 2767 1059 2801 quas
1083 2755 1231 2790 lteredes
1254 2767 1317 2791 eos
1339 2757 1480 2798 scribit,
1506 2767 1581 2791 non
1604 2758 1699 2792 notis
1722 2769 1952 2793 numerorum
1976 2759 2208 2804 indicandas,
2232 2763 2297 2798 sed
2313 2774 2387 2809 per

158 2802 320 2845 inteqras
350 2800 489 2835 litteras
513 2800 770 2843 declarandas,
802 2805 840 2835 ut
864 2801 1023 2846 undique
1050 2801 1264 2845 manifestae
1293 2806 1329 2836 et
1359 2800 1594 2836 dubitationis
1625 2806 1795 2848 expertes
1823 2803 1906 2839 sint.
1961 2804 2100 2847 Quodsi
2126 2807 2234 2842 etiam
2264 2819 2383 2843 rerum

158 2846 443 2880 distributionem
464 2846 591 2891 facere
623 2845 679 2881 vel
701 2847 808 2881 certis
832 2846 1043 2892 quibusdam
1073 2845 1178 2881 rebus
1210 2856 1330 2881 omnes
1360 2847 1433 2881 sive
1464 2846 1607 2892 aliquas
1635 2848 1878 2883 institutiones
1907 2848 2090 2886 destinare
2121 2851 2222 2892 velit,
2255 2852 2385 2888 baram

159 2902 300 2937 qaoque
324 2896 430 2926 notas
454 2891 645 2933 inscribat,
670 2896 709 2926 ut
740 2891 854 2937 ipsius
885 2892 1013 2927 litteris
1045 2891 1163 2925 omnia
1192 2890 1377 2926 declarata
1398 2891 1534 2925 nullam
1554 2893 1710 2938 amplius
1732 2894 1994 2930 contentionem
2019 2895 2142 2932 liberis
2164 2898 2383 2944 relinquant.

159 2936 200 2970 Si
223 2947 307 2971 vero
332 2935 387 2971 vel
410 2937 522 2971 uxori
546 2936 601 2971 vel
624 2937 810 2971 extraneis
834 2936 1046 2982 quibusdam
1067 2937 1236 2982 personis
1260 2936 1380 2982 leqata
1400 2936 1454 2971 vel
1468 2935 1745 2980 fideicommissa
1769 2938 1824 2973 vel
1846 2939 1952 2974 etiam
1977 2940 2160 2977 libertates
2182 2943 2386 2989 relinquere

176 3064 190 3070 v
205 3029 224 3059 2
248 3025 315 3058 τὸν
339 3024 454 3069 νόμον
478 3027 624 3066 ἐκεῖνον]
650 3026 737 3068 leges
762 3026 836 3058 illas
861 3038 880 3062 ς
897 3026 908 3069 ΙΙ
927 3029 946 3060 4
969 3025 1145 3059 τελευτῶν
1165 3026 1239 3070 [2¹11

160 3073 228 3103 ω’σι
243 3072 301 3111 Μ]
326 3071 394 3103 εἰσὶ
418 3072 448 3104 L
465 3071 476 3114 ΙΙ
498 3074 514 3103 7
540 3067 677 3115 ἀσαφῆ]
703 3071 825 3103 claram
852 3074 871 3104 i.
886 3085 911 3104 e.
938 3073 1034 3116 σαφῆ
1061 3085 1079 3107 ς
1099 3071 1110 3115 ΙΙ
1135 3074 1154 3104 9
1176 3072 1237 3104 εἰς·

161 3115 325 3161 άγονται]
343 3118 539 3158 aperiuntur
557 3129 574 3151 ς
590 3120 600 3158 Η
622 3116 859 3158 ἑναυσμάτων
873 3118 957 3157 ML]
981 3117 1179 3149 coniecturis
1197 3128 1214 3152 ς
1227 3116 1238 3161 ΙΙ

165 3164 199 3195 11
228 3159 348 3193 σούων
378 3163 438 3193 καὶ
463 3157 745 3203 ἐνμανκιπάτων
777 3158 997 3202 (ὑπεξούσιος
1021 3170 1050 3194 et
1073 3158 1236 3201 αὐτεξού-

160 3216 233 3239 σιος
246 3207 294 3238 L²
307 3220 331 3238 s.
343 3208 385 3247 v.)
406 3207 433 3239 L
449 3207 461 3250 Ι]
483 3207 524 3239 12
541 3203 561 3248 ἡ
581 3204 784 3247 Θεοδοσίου]
812 3207 890 3239 Cod.
906 3209 935 3247 6,
951 3215 997 3247 23,
1011 3216 1038 3240 21
1059 3212 1101 3246 §3
1116 3209 1170 3250 (ch
1190 3207 1237 3240 Bs

161 3253 190 3284 A
207 3253 246 3285 13
263 3265 295 3293 p.
308 3254 369 3284 207
387 3253 503 3291 Zach.)
521 3251 533 3294 ΙΙ
554 3253 592 3284 19
608 3247 705 3294 ὅμως
719 3265 756 3285 ex
770 3264 851 3284 corr.
865 3253 896 3284 L
915 3251 927 3295 ΙΙ
952 3254 993 3285 22
1012 3252 1075 3284 *τί
1088 3252 1182 3293 (quid
1196 3254 1237 3294 ς)]

159 3294 201 3330 οὗ
224 3298 306 3334 ML,
331 3293 436 3329 οὐδὲν
461 3310 527 3329 cum
556 3298 750 3329 Haloandro
774 3298 859 3341 vuly.
887 3298 899 3338 ΙΙ
930 3299 971 3330 23
997 3299 1073 3330 ταῖς
1098 3311 1154 3330 om.
1175 3298 1204 3330 L
1227 3299 1239 3340 ΙΙ

161 3344 202 3375 25
218 3338 339 3382 αὑτοῦ]
364 3338 472 3374 αὐτοῦ
490 3343 560 3374 ML
587 3341 711 3374 ἑαυτοῦ
728 3342 842 3374 Procli.
858 3343 965 3384 Epan.
985 3342 996 3385 ss
1015 3344 1057 3375 26
1075 3339 1182 3384 αὐτῆς
1200 3344 1242 3376 Μ

162 3388 277 3420 Procli.
304 3389 413 3430 Epun.
441 3390 470 3427 ς]
503 3383 620 3419 αὐτοῖς
645 3388 674 3420 L
698 3388 827 3428 (Proch.
847 3400 878 3419 υ.
899 3388 932 3427 l.)
958 3387 970 3431 Η
999 3385 1149 3431 γράφειν
1174 3388 1204 3421 L
1228 3387 1239 3433 ΙΙ

161 3434 203 3466 28
217 3430 421 3475 οἰκιασμους
435 3433 478 3464 L¹
497 3432 509 3475 ΙΙ
528 3434 568 3465 29
583 3430 650 3464 τὸν
663 3428 825 3474 ἀριθμὸν
837 3436 1108 3475 σημαινομένοις
1125 3433 1236 3466 Proch.

162 3479 254 3511 codd.
266 3479 411 3520 plerique
430 3477 442 3521 ΙΙ
459 3479 498 3511 31
522 3490 562 3510 τε
582 3491 639 3510 om.
655 3478 684 3510 L
703 3477 715 3520 ΙΙ
733 3473 1019 3521 ἀναμφισβήιοις
1039 3479 1066 3510 L
1085 3478 1096 3520 ΙΙ
1114 3479 1156 3512 32
1179 3481 1238 3511 καὶ

163 3535 219 3554 οηι.
237 3524 266 3555 L
284 3523 296 3566 ss
320 3525 361 3557 33
387 3521 516 3563 πάσας]
543 3520 562 3564 ἢ
583 3520 698 3555 πάσας
716 3523 831 3555 Procli.
848 3534 866 3558 ς
884 3522 895 3565 ΙΙ
922 3524 963 3555 35
989 3521 1108 3556 αὐτοῖς
1123 3524 1236 3557 ΡνοσΙι.

162 3580 189 3599 υ.
206 3568 226 3599 Ι.
250 3570 263 3611 Ι]
294 3570 333 3602 37
361 3567 382 3610 ἢ
415 3569 458 3614 τῇ
489 3569 625 3613 γαμετῇ
650 3569 766 3600 Procli.
797 3567 808 3610 ΙΙ
839 3569 880 3601 38
906 3565 1038 3612 λεγάτα
1062 3569 1093 3601 L
1118 3569 1236 3602 Procli.

162 3613 270 3654 Epan.
290 3613 302 3650 ΙΙ
320 3613 516 3646 fidicomissa
526 3614 566 3646 M
586 3610 812 3657 φιδεικόμισα
827 3613 854 3644 L
879 3611 1114 3657 φιδικόμισσα
1124 3615 1237 3648 Procli.

164 3654 412 3700 φειδικόμισσα
435 3659 544 3702 Epan.

1353 3028 1371 3059 2
1395 3027 1593 3067 praeuamit
1615 3028 1663 3060 T¹
1683 3028 1731 3070 {14
1757 3030 1901 3070 quando]
1927 3041 2011 3072 quae
2036 3042 2102 3064 non
2129 3032 2178 3066 T²
2193 3034 2205 3075 ΙΙ
2231 3036 2250 3068 5
2275 3036 2383 3066 tamen

1306 3071 1339 3103 R
1357 3070 1368 3114 ΙΙ
1387 3072 1405 3104 6
1432 3071 1521 3111 quia]
1548 3082 1643 3112 quam
1671 3074 1718 3105 Ιιη
1734 3073 1746 3117 ΙΙ
1765 3078 1887 3115 rerum]
1913 3086 2025 3108 earum
2052 3077 2085 3110 Τ
2094 3077 2105 3097 ²
2137 3088 2248 3110 earum
2273 3089 2383 3111 rerum

1308 3116 1389 3159 1⁷²1}
1414 3116 1570 3148 concedat
1596 3119 1626 3150 R
1652 3117 1663 3160 ΙΙ
1694 3121 1713 3151 9
1739 3119 1892 3160 qualibus
1919 3122 1964 3152 T¹
1989 3121 2001 3164 ΙΙ
2037 3124 2073 3155 10
2099 3123 2179 3155 haec
2201 3123 2234 3156 V
2254 3123 2266 3166 ΙΙ
2293 3126 2326 3156 et
2350 3125 2383 3156 in

1306 3161 1518 3203 emancipatis
1544 3162 1575 3194 T
1587 3161 1599 3205 ΙΙ
1618 3162 1677 3203 ait]
1702 3165 1746 3195 At
1768 3165 1815 3196 T¹
1847 3168 1883 3196 ut
1899 3166 1946 3197 R¹
1965 3166 1977 3208 ΙΙ
1996 3169 2028 3198 et
2051 3180 2108 3199 om.
2125 3167 2175 3200 T¹
2193 3167 2205 3210 ΙΙ
2226 3170 2263 3202 11
2290 3170 2381 3201 theo-

1306 3206 1391 3239 dosii
1416 3206 1475 3248 11²]
1501 3206 1690 3239 theodosius
1715 3209 1928 3253 R2V1⁷v1ttq.
1949 3210 1961 3253 ΙΙ
1978 3212 2039 3243 hoc
2063 3212 2095 3244 Τ
2108 3212 2119 3255 ΙΙ
2140 3214 2180 3246 12
2203 3214 2300 3245 etiam
2323 3228 2380 3247 om.

1307 3253 1337 3284 [t
1355 3252 1366 3294 11
1387 3253 1428 3285 14
1441 3252 1650 3284 securitatem
1665 3254 1697 3286 Τ
1710 3253 1722 3296 ΙΙ
1742 3255 1781 3287 15
1796 3254 1857 3286 hoc
1871 3255 1902 3287 R
1921 3256 1932 3296 ῙΙ
1949 3259 2088 3297 egerunt
2106 3258 2283 3300 Vagerent
2297 3259 2383 3303 RTn

1309 3299 1348 3331 16
1373 3297 1526 3329 notitiam
1550 3298 1678 3341 Rvutq.
1699 3299 1710 3340 1]
1736 3301 1774 3332 17
1801 3300 1845 3332 tii‘i
1867 3300 1934 3332 ΕΤ
1956 3300 1968 3344 ΙΙ
1991 3301 2149 3342 dignatur
2174 3303 2249 3336 RV
2267 3303 2279 3346 ΙΙ
2304 3315 2382 3336 eon-

1306 3343 1431 3374 icctura
1454 3342 1507 3385 Vll
1530 3343 1569 3375 18
1582 3343 1706 3375 rationi
1725 3345 1965 3389 Osenbritqyen]
1987 3348 2115 3379 ratione
2129 3349 2205 3381 libri
2220 3348 2232 3391 ΙΙ
2251 3351 2293 3382 24
2307 3360 2383 3382 suos

1306 3388 1391 3420 filios
1419 3388 1449 3419 T
1459 3389 1542 3430 vuly.
1561 3386 1573 3431 ΙΙ
1593 3387 1736 3420 voluerit
1760 3402 1817 3422 om.
1837 3391 1883 3422 T¹
1903 3392 1914 3432 ΙΙ
1935 3392 1975 3424 25
2002 3392 2262 3434 *praescribertfl
2286 3405 2381 3436 prae-

1306 3433 1484 3474 scriptione
1509 3432 1719 3474 (positionem
1745 3434 1807 3474 Τί)
1834 3437 1909 3468 libri
1927 3436 1937 3478 ΙΙ
1961 3438 2003 3470 26
2028 3448 2159 3480 quoque
2183 3439 2328 3472 filiorum
2355 3441 2386 3474 Τ

1306 3480 1405 3521 vulq]
1425 3478 1567 3509 filiorum
1583 3489 1714 3520 quoque
1727 3480 1760 3511 R
1785 3491 1863 3512 uero
1876 3480 2020 3514 filiorum
2040 3482 2068 3515 V
2081 3483 2092 3527 ΙΙ
2112 3485 2152 3516 27
2169 3495 2222 3516 eos
2237 3498 2292 3518 om.
2312 3486 2359 3517 V¹
2371 3487 2383 3529 ΙΙ

1308 3526 1350 3557 28
1376 3523 1442 3563 sed]
1467 3526 1499 3555 et
1527 3524 1573 3555 Τι
1600 3523 1655 3555 sed
1681 3526 1712 3556 et
1739 3524 1788 3557 Τ2
1805 3525 1817 3568 ΙΙ
1843 3527 1884 3559 29
1910 3528 1959 3566 ut]
1982 3530 2014 3558 et
2039 3528 2085 3560 Ε*
2104 3527 2117 3572 ΙΙ
2140 3529 2298 3562 consistat
2322 3532 2352 3563 Τ
2371 3535 2381 3571 ΙΙ

1307 3570 1348 3602 30
1366 3568 1476 3608 etiam]
1495 3571 1527 3600 et
1548 3568 1580 3601 V
1593 3569 1604 3610 Ι]
1621 3570 1659 3602 31
1677 3572 1735 3601 aut
1753 3581 1790 3601 ex
1809 3570 2005 3611 quibusdam
2020 3574 2051 3605 T
2056 3573 2070 3593 ³
2085 3573 2096 3617 ΙΙ
2116 3575 2272 3615 quosdam
2286 3577 2317 3616 (o
2333 3576 2382 3608 Τ2

1307 3616 1338 3647 in
1353 3616 1430 3655 ras.)
1459 3614 1491 3645 Τ
1512 3612 1523 3656 ΙΙ
1549 3615 1591 3647 32
1616 3614 1842 3648 institutiones
1866 3616 1915 3649 R2
1930 3617 1960 3649 T
1980 3616 1992 3660 ΙΙ
2017 3620 2049 3650 et
2073 3620 2183 3659 (etiam
2209 3621 2269 3662 ΒΞ)
2295 3621 2380 3662 libri,

1307 3673 1363 3692 om.
1378 3659 1463 3702 vuly.
1482 3658 1494 3702 ΙΙ
1512 3659 1768 3700 significationes
1783 3661 1919 3705 Tvul9.]
1946 3662 2147 3703 signationes
2162 3665 2259 3710 RVu
2278 3667 2320 3699 33
2345 3670 2382 3699 ut

1306 3706 1338 3737 et
1361 3704 1431 3736 cius
1461 3705 1488 3736 R
1508 3703 1519 3747 ΙΙ
1544 3706 1585 3737 34
1606 3706 1881 3747 contemptionem
1905 3707 1936 3739 R
1954 3707 1965 3750 ΙΙ
1991 3708 2199 3751 derelinquat
2220 3711 2281 3744 VT
2302 3710 2313 3754 Ι]
2340 3713 2382 3743 ῑιῖι

1307 3750 1339 3782 R
1355 3749 1367 3793 ΙΙ
1395 3752 1435 3783 35
1462 3751 1556 3781 uxori
1582 3753 1652 3790 aut]
1679 3754 1850 3783 ******ut
1875 3752 1919 3783 [Γ
