2618 4010
148 152 207 183 DE
235 150 550 189 AEQUALITATE
579 149 709 182 DOTIS

657 274 706 316 QZ

246 344 361 378 ΠΕΡΙ
383 343 652 376 ῙΣΟΤΗΤΟΣ
682 343 909 378 ΠΡΟῙΚΟΣ
935 345 1002 378 ΤΕ
1027 345 1120 378 ΚΑΙ

145 389 244 423 ΠΡΟ
270 388 451 423 ΓΑΜΟΥ
484 388 688 422 ΔΩΡΕΑΣ.
735 390 851 423 ΕΧΕΙ
884 390 940 424 ΔΕ
972 390 1065 424 ΚΑΙ
1090 389 1221 424 ΑΛΛΑ

543 435 824 468 ΚΕΦΑΛΑΙΑ.

145 799 302 848 Ἐγράφη
324 798 476 849 Ἰωάννῃ
507 803 559 844 τῷ
587 801 813 845 ἐνδοξοτάτῳ
840 801 983 847 ἐπάρχῳ
1016 804 1092 837 τῶν
1117 803 1224 849 ἱερῶν

146 851 382 894 πραιτωρίων
414 846 457 881 τὸ
491 846 543 891 β’,
580 845 651 881 άπὸ
690 845 844 882 ὑπάτων
875 845 1130 893 <ὀρὸιναρίων>
1165 852 1225 882 καὶ

593 896 782 938 πατρικίῳ.

1214 135 1299 183 469

1236 656 1554 745 ῙΟξῗξΟΡἪᾞΓΑ
1576 701 1642 735 DE
1687 701 1826 736 DOTIS
1870 699 2177 735 COLLATIONE
2221 699 2368 735 INOPE

1981 137 2088 180 Nov.
2122 135 2279 179 XCVII
2306 148 2366 191 pr.

1630 272 1774 308 XCVII.
1823 272 1931 307 Auth.
1948 271 2073 307 XCVI.
2100 271 2265 307 Coll.VII
2282 271 2335 306 tit.
2348 273 2366 305 8

1322 356 1330 369 r
1368 340 1433 375 DE
1469 340 1824 385 AEQUALITATE
1860 339 2006 374 DOTIS
2044 338 2107 372 ET
2146 338 2369 373 PROPTER

1329 385 1497 421 UPTIAS
1522 385 1818 421 DONATIONIS
1843 385 1907 419 ET
1932 383 2204 420 AUGMENTO
2228 384 2367 418 DOTIS

1290 431 1354 466 ET
1373 431 1597 466 PROPTER
1613 430 1821 467 NUPTIAS
1843 429 2148 465 DONATIONIS.
2186 429 2252 463 DE
2271 429 2368 463 PRI-

1258 476 1490 512 5VILEGIO
1523 477 1664 511 DOTIS
1699 475 1827 520 QUOD
1863 474 1988 510 ALIIS
2024 474 2369 509 PRAEPONITUR

1291 522 1595 557 PRIVILEGIIS.
1644 521 1708 557 UT
1734 519 2064 556 EXCIPIANTUR
2098 520 2191 554 HOC
2222 519 2369 553 PRIVI-

1290 567 1437 603 LEGIO
1460 567 1766 602 CREDITORES
1788 566 1839 601 IN
1856 564 2108 599 EMPTIONE
2136 564 2366 599 NlILITIAE.

1290 612 1356 646 DE
1381 612 1511 647 DOTE
1539 611 1813 646 REMEANTE
1839 611 1904 644 AD
1931 609 2133 644 PATREM
2164 610 2228 643 ET
2254 609 2368 644 RUR—

1602 656 1694 691 PRO
1742 656 1919 690 EADEM
1967 654 2102 688 FILIA
2147 654 2368 689 SECUNDO

1567 746 1755 781 MARITO
1780 744 2036 780 MORIENTE
2062 744 2102 789 Rg

1356 802 1455 837 Idem
1476 803 1566 846 Aug.
1591 802 1741 837 Iohanni
1766 812 1824 846 pp.
1850 811 1915 846 per
1937 801 2118 836 Orientem
2144 800 2311 836 secundo.

190 960 498 1015 <119⁰0¹ic¹⁴⁶⁰⁷⁴>c
528 957 670 1002 Ἐπειδὴ
695 960 739 993 τὰ
765 959 881 994 πολλὰ
905 962 982 994 τῶν
1007 963 1045 994 ἐν
1069 964 1141 994 τοῖς
1165 958 1224 994 νό-
1243 962 1280 994 15
1347 958 1634 1003 (Praefatio.)
1679 959 1855 1000 Quoniam
1872 958 2041 1002 plurimas
2059 959 2095 993 in
2112 958 2246 1001 legibus
2264 968 2370 1001 quae-

146 1018 223 1049 μοις
259 1007 444 1048 ζητησεων
479 1007 622 1050 ορῶμεν
657 1009 740 1049 περί
773 1018 813 1039 τε
848 1006 911 1039 τὰς
943 1006 1088 1050 πρώτας
1122 1004 1226 1050 ἡμῶν

146 1054 308 1096 γενέσεις,
336 1054 501 1084 τουτέστι
524 1049 656 1096 γάμους
686 1064 725 1084 τε
749 1055 808 1083 καὶ
836 1049 1077 1093 παιδοποιίας,
1109 1049 1224 1085 κινού-

146 1109 237 1139 μενα
263 1100 346 1141 περί
367 1109 406 1129 τε
423 1096 469 1130 τὰ
487 1095 681 1136 τελευταῖα,
706 1092 835 1130 ὁποῖον
860 1094 903 1138 δή
929 1110 964 1130 τι
988 1097 1030 1131 τὸ
1052 1098 1129 1130 τῶν
1145 1100 1224 1140 βου-

148 1140 287 1184 λήσεών
319 1154 358 1175 τε
382 1145 441 1174 καὶ
467 1139 659 1182 διαθηκῶν
684 1143 794 1180 ἐστιν,
827 1142 949 1174 ἔννοια
972 1145 1118 1188 γέγονεν
1141 1139 1227 1185 ἡμῖν

1295 1003 1429 1038 stiones
1457 1004 1613 1038 videmus
1645 1008 1680 1038 et
1704 1005 1800 1038 circa
1833 1004 1964 1048 primas
1989 1007 2131 1039 nostras
2155 1003 2371 1044 nativitates,

1296 1049 1330 1082 id
1362 1051 1417 1083 est
1447 1049 1589 1093 nuptias
1622 1051 1657 1084 et
1687 1049 1839 1084 filiorum
1872 1050 2151 1093 procreationes,
2189 1053 2304 1083 motas
2336 1053 2371 1083 et

1296 1095 1391 1128 circa
1408 1094 1610 1135 novissima,
1633 1096 1736 1138 quale
1753 1098 1806 1129 est
1822 1095 1954 1139 aliquid
1972 1094 2190 1129 voluntatum
2210 1097 2244 1129 et
2262 1097 2370 1128 testa-

1294 1141 1513 1180 mentorum,
1549 1140 1716 1183 cogitatio
1742 1140 1838 1174 facta
1863 1143 1917 1174 est
1943 1140 2044 1174 nobis
2069 1150 2182 1184 nuper
2206 1150 2370 1184 perscru-

148 1190 293 1233 ἔναγχος
314 1186 657 1240 πολυπραγμονῆσαι
677 1189 736 1219 καὶ
755 1187 904 1229 μαθεῖν,
929 1191 967 1223 τί
991 1185 1125 1229 δήποτε
1146 1190 1225 1230 βου·
1240 1188 1280 1220 20
1295 1185 1364 1219 tari
1399 1187 1434 1218 et
1469 1195 1679 1229 agnoscere,
1718 1186 1800 1230 quid
1837 1186 1957 1220 volens
1994 1185 2096 1220 nobiS
2133 1186 2279 1228 antiqua
2315 1185 2372 1219 lex

149 1231 295 1275 λόμενος
330 1231 415 1274 ἡμῖν
447 1245 465 1264 ο
499 1230 650 1266 παλαιὸς
673 1230 782 1273 νόμος
813 1233 873 1265 ἐπὶ
897 1233 973 1265 τῶν
996 1234 1056 1274 τῆς
1081 1232 1227 1277 προικὸς

149 1276 379 1320 συμβολαίων
400 1276 441 1310 τὸ
460 1279 526 1320 μὲν
542 1279 674 1322 μέτρον
696 1278 774 1310 τῶν
792 1277 880 1321 πρὸς
906 1274 1074 1320 ἀλλήλους
1100 1279 1139 1311 ἐν
1155 1280 1227 1311 τοῖς

148 1322 273 1368 γάμοις
305 1321 512 1367 συμφώνων
543 1322 623 1355 ἴσον
655 1321 747 1355 εἶναι
776 1325 848 1355 τοῖς
871 1335 910 1355 τε
935 1321 1058 1368 ἄορεσι
1087 1326 1164 1356 ταῖς
1187 1336 1227 1356 τε

151 1366 311 1410 θηλείαις
341 1366 509 1411 βούλεται
541 1370 600 1399 καὶ
631 1367 698 1409 τὴν
729 1366 880 1421 ἰσιξτητα
909 1353 1118 1401 ταλαντεύει
1150 1369 1227 1401 τῶν

1295 1239 1402 1274 super
1433 1229 1524 1265 dotis
1555 1230 1797 1265 instrumentis
1830 1241 2031 1265 mensuram
2063 1231 2203 1275 quidem
2233 1230 2370 1274 pactio-

1295 1286 1380 1309 num
1399 1276 1611 1320 nuptialium
1630 1276 1724 1310 inter
1741 1276 1932 1310 alterutros
1955 1286 2102 1319 aequam
2121 1286 2200 1311 esse
2222 1280 2257 1310 et
2277 1286 2370 1310 mas-

1296 1321 1393 1355 culos
1419 1324 1456 1355 et
1480 1321 1629 1356 feminas
1661 1322 1735 1356 vult
1759 1325 1793 1356 et
1817 1321 2068 1366 aequalitatem
2098 1323 2225 1365 pensat
2250 1331 2372 1355 eorum

1296 1366 1355 1410 qui
1380 1366 1575 1401 adinvicem
1601 1368 1826 1411 copulantur,
1863 1377 1935 1402 non
1960 1367 2028 1401 alio
2054 1367 2192 1411 quidem
2221 1367 2372 1401 mediam

149 1410 311 1467 άλλήλοις
336 1411 632 1456 συμβαλλ(’“ντων,
665 1415 724 1445 καὶ
749 1416 824 1453 οτχὶ
854 1413 906 1455 τῷ
930 1415 996 1456 μὲν
1020 1414 1129 1454 τυχὸν
1158 1413 1226 1456 τὴν
1240 1414 1281 1446 25
1295 1410 1388 1445 forte
1421 1411 1481 1445 dat
1513 1412 1675 1456 stipulari
1711 1415 1848 1457 partem
1882 1412 1983 1446 alteri
2018 1423 2099 1446 vero
2134 1412 2275 1446 tertiam
2310 1415 2373 1446 aut

150 1461 316 1501 ημίσειαν
340 1455 492 1491 δίδωσιν
516 1459 702 1502 ἐπερωτᾶν
725 1460 856 1502 μοῖραν
879 1458 1027 1503 θατέρῳ
1047 1457 1086 1492 δὲ
1101 1462 1227 1503 τρίτην

149 1501 171 1545 ἢ
195 1503 381 1550 τετάρτην,
413 1499 495 1535 ἀλλ’
530 1504 566 1535 ἐκ
599 1505 704 1546 μεόης
737 1502 884 1536 ἑλκύσας
918 1501 1112 1548 ἰσόρροπον
1147 1504 1227 1536 ἑκα-

148 1549 312 1593 τέρωθεν
338 1546 487 1582 ἀπαιτεῖ
512 1548 687 1593 γενέσθαι
706 1548 748 1582 τὸ
768 1547 978 1592 σύμφωνον,
1011 1547 1034 1591 ἢ
1058 1548 1126 1592 τὴν
1149 1546 1226 1592 ἡμί-

148 1594 248 1626 σειάν
272 1607 390 1646 φαμεν
414 1590 473 1638 ἐφ’
494 1594 649 1638 ἑκατέρῳ
673 1591 822 1627 τάττων
846 1590 868 1636 ἢ
885 1594 953 1636 τὴν
971 1598 1098 1638 τρίτην
1117 1592 1138 1637 ἢ
1159 1594 1227 1637 τὴν

224 1638 232 1648 Ι

1297 1461 1473 1500 quartam,
1511 1458 1573 1492 sed
1606 1468 1651 1492 ex
1686 1458 1800 1492 medio
1833 1458 1980 1492 trahens
2012 1458 2160 1502 aequale
2196 1457 2372 1501 utrimque

1296 1502 1404 1545 exigit
1427 1501 1504 1536 fieri
1528 1505 1690 1547 pactum,
1724 1508 1786 1537 aut
1810 1503 1960 1538 mediam
1984 1503 2133 1538 dicimus
2162 1503 2197 1536 in
2222 1507 2372 1547 utroque

1298 1548 1517 1582 constituens
1548 1553 1610 1582 aut
1639 1549 1779 1584 tertiam
1812 1552 1874 1582 aut
1904 1552 2067 1593 quartam
2097 1550 2160 1582 aut
2184 1552 2372 1592 quantum-

1298 1603 1448 1637 cumque
1473 1594 1724 1629 contrahentes
1745 1593 1936 1635 voluerint,
1962 1594 2029 1628 hoc
2050 1598 2167 1628 autem
2189 1604 2260 1628 non
2283 1594 2372 1627 mul-

148 1652 335 1682 τεταρτην,
371 1639 510 1672 σπάσον
546 1637 592 1672 ἄν
629 1637 665 1671 οἱ
697 1637 962 1692 συμβάλλοντες
985 1684 991 1693 x
1000 1638 1226 1683 βουληθεῖεν,
1241 1642 1283 1674 30
1296 1642 1371 1672 tum
1396 1638 1495 1683 prius
1521 1639 1703 1683 quaesivit,
1730 1643 1769 1674 ut
1790 1639 1947 1684 ipsorum
1972 1649 2062 1684 quae
2087 1639 2215 1673 dantur
2239 1649 2373 1683 aequae

147 1684 253 1718 τοῦτο
271 1682 311 1717 δὲ
327 1680 367 1716 οὗ
385 1682 506 1726 πολλῷ
533 1684 712 1729 πρότερον
737 1685 930 1727 ἐπεζητησε
954 1697 996 1717 το
1022 1688 1080 1717 καὶ
1103 1681 1226 1718 αὐτῶν

147 1730 223 1762 τῶν
248 1726 450 1772 διδομένων
481 1729 560 1762 ἴσον
584 1728 676 1762 εἶναι
705 1729 747 1762 τὸ
773 1732 913 1774 μέτρον,
949 1726 1039 1763 άλλά
1065 1733 1137 1764 τοῖς
1160 1732 1226 1773 μὲν

149 1776 290 1819 ἐφίησιν
315 1776 354 1807 ἐν
377 1772 500 1816 χιλίοις
523 1774 633 1816 τυχὸν
663 1772 685 1817 ἢ
709 1771 884 1816 ὃιςχιλίοις
914 1778 1053 1820 χρυσοῖς
1076 1774 1227 1818 ποιήσα-

149 1820 241 1854 σθαι
265 1819 333 1863 τὴν
357 1817 522 1853 ἐπίδοσιν
545 1818 566 1862 ἢ
590 1816 650 1865 ἐφ’
670 1816 818 1854 ὁπόσοις
842 1816 889 1873 οἶν
905 1820 1130 1863 βουληθεῖεν,
1155 1824 1227 1854 τοῖς

1296 1684 1366 1718 sint
1397 1694 1603 1725 mensurae,
1641 1685 1703 1720 sed
1736 1685 1814 1719 aliis
1847 1684 1987 1728 quidem
2022 1685 2183 1729 permisit
2213 1684 2249 1718 in
2279 1684 2373 1718 mille

1295 1729 1418 1764 forsan
1442 1733 1505 1763 aut
1529 1730 1565 1764 in
1589 1731 1727 1765 duobus
1752 1730 1893 1764 milibus
1918 1730 2034 1764 aureis
2055 1731 2173 1764 facere
2197 1729 2373 1764 dationem

1295 1777 1358 1809 aut
1389 1775 1426 1808 in
1461 1777 1785 1820 quantumcumque
1818 1775 2011 1816 voluerint,
2044 1776 2122 1810 aliis
2154 1779 2271 1809 autem
2303 1786 2374 1810 non

1296 1822 1435 1854 tantum
1460 1821 1522 1856 sed
1541 1826 1577 1855 et
1593 1822 1720 1862 minus,
1746 1823 1784 1856 ut
1809 1821 2005 1864 aequalitas
2029 1820 2065 1855 in
2088 1821 2204 1855 verbis
2229 1820 2315 1855 solis
2339 1824 2374 1855 et

149 1863 188 1898 δὲ
204 1862 244 1898 οὐ
260 1865 445 1905 τοσοῦτον,
471 1861 551 1898 ἀλλ’
573 1861 633 1898 ἐπ’
654 1863 819 1905 ἔλαττον,
846 1876 961 1908 ωςπερ
982 1867 1044 1909 τῆς
1065 1865 1229 1909 ἰσότητος
1242 1869 1282 1900 35
1298 1865 1425 1900 litteris
1450 1866 1560 1911 puris
1587 1867 1650 1902 sed
1674 1878 1747 1902 non
1771 1868 1808 1901 in
1832 1866 1940 1901 rebus
1964 1865 2052 1911 ipsis
2076 1869 2316 1910 quaereretur.

150 1912 188 1943 ἐν
213 1911 396 1956 ῥηματίοις
419 1909 542 1954 μόνοις
566 1914 624 1943 καὶ
647 1908 834 1956 γράμμασι
858 1909 974 1956 ψιλοῖς
997 1908 1076 1944 ἀλλ’
1100 1909 1163 1945 οὐκ
1189 1914 1228 1945 ἐν

149 1958 221 1989 τοῖς
244 1953 453 2001 πράγμασιν
478 1952 594 1989 αὐτοῖς
619 1957 904 1999 ἐπιζητουμένης.

195 2047 278 2080 Νου.
294 2046 441 2079 XCVII
451 2047 611 2086 (Anthene.
629 2047 806 2079 XCVI=
824 2048 901 2080 Coll.
926 2048 995 2080 VII
1010 2049 1054 2080 tit.
1071 2049 1106 2081 8:
1126 2048 1238 2091 yloss.)
1259 2048 1384 2081 Graece
1401 2056 1487 2082 extat
1504 2051 1535 2082 in
1551 2048 1633 2089 ML,
1651 2061 1722 2091 cap.
1738 2050 1825 2082 2——5
1846 2049 1881 2081 B
1895 2049 1949 2089 29,
1959 2055 1986 2089 2,
2008 2060 2079 2090 cap.
2092 2049 2112 2081 6
2129 2048 2374 2091 B41‚'1‚38.-—-

151 2092 240 2134 Epic.
269 2092 389 2124 leeod.
411 2092 451 2123 97
480 2092 565 2131 (inde
594 2088 674 2131 ΒΣ),
707 2093 826 2124 Athan.
854 2094 904 2131 10,
925 2099 952 2125 6.
1001 2092 1120 2125 Iulian.
1147 2101 1243 2125 const.
1272 2093 1345 2125 XC.

1192 2178 1344 2214 XCVII.

264 2245 332 2281 DE
353 2242 705 2288 AEQUALITATE'
727 2243 876 2280 DOTIS
906 2245 973 2280 ET
991 2244 1711 2333 ANgssolgglhTfflffiDTssNATmMS'
1762 2246 1939 2282 ΗΑΒΕΤ
1958 2246 2135 2282 ΑΠΤΕΜ
2154 2246 2273 2283 ALIA

199 2347 346 2393 Scripta
367 2351 419 2382 est
442 2345 599 2382 Iohanni
623 2347 884 2393 qloriosissimo
901 2347 1094 2393 praefecto
1118 2357 1225 2382 sacro
1236 2346 1429 2393 praetorio
1454 2347 1601 2388 iterum,
1625 2357 1674 2382 εει·
1690 2347 1837 2383 consule
1860 2347 2081 2393 (ordinario)
2104 2352 2139 2384 et
2160 2349 2328 2395 patricio.

289 2414 547 2460 Praefatio.
603 2413 780 2457 Quoniam
799 2414 980 2461 plurimas
1003 2415 1041 2449 in
1066 2414 1203 2459 teqibus
1227 2414 1457 2460 quaestiones
1486 2418 1557 2448 tam
1582 2413 1626 2448 de
1647 2414 1775 2460 primis
1800 2420 1902 2450 ortus
1925 2416 2042 2450 nostri
2066 2417 2197 2458 causis,
2229 2415 2298 2451 hoc
2321 2422 2375 2453 est

155 2460 289 2507 nuptiis
313 2464 346 2495 et
371 2459 564 2494 liberorum
586 2460 858 2506 procreatione,
891 2470 999 2505 quam
1023 2459 1066 2494 de
1089 2460 1195 2495 rebus
1219 2460 1408 2499 extremis,
1442 2459 1567 2503 quales
1590 2463 1675 2494 sunt
1697 2460 1842 2494 ultimae
1866 2461 2068 2496 voluntates
2091 2465 2125 2496 et
2151 2466 2373 2506 testamenta,

155 2512 270 2541 molas
302 2505 471 2546 videmus,
503 2506 540 2539 in
564 2510 711 2540 mentem
736 2505 837 2540 nobis
861 2505 956 2540 venit
987 2515 1103 2550 nuper
1124 2504 1350 2550 perscrutari
1374 2507 1407 2539 et
1431 2514 1658 2549 coqnoscem,
1690 2516 1762 2550 quo
1789 2505 1930 2540 tandem
1955 2506 2104 2540 consilio
2137 2507 2289 2552 antiqua
2312 2508 2374 2543 lex

154 2552 191 2585 in
216 2550 396 2586 dotalibus
419 2550 664 2585 instrumentis
687 2549 829 2584 modum
854 2550 994 2596 quidem
1019 2553 1224 2583 mutuorum
1247 2554 1444 2595 ,pactorum
1477 2550 1513 2584 in
1537 2550 1766 2585 matrimonio
1798 2551 1984 2596 aequatem
2007 2561 2083 2586 esse
2107 2552 2192 2587 velit
2222 2557 2258 2587 et
2281 2564 2372 2587 mas-

155 2597 246 2631 culis
269 2599 304 2631 et
326 2595 473 2640 feminis
496 2599 606 2640 atque
630 2595 885 2641 aequalitatem
908 2595 1002 2629 inter
1024 2605 1062 2629 se
1087 2594 1373 2629 contrahentium
1392 2594 1575 2639 ponderet
1605 2605 1720 2640 neque
1744 2595 1851 2630 alteri
1873 2596 2035 2640 fortasse
2059 2596 2244 2632 dimidiam
2268 2598 2375 2633 alteri

157 2642 296 2676 tertiam
321 2641 376 2675 vet
398 2645 565 2685 quartam
584 2647 729 2686 partem
752 2640 924 2686 stipulari
945 2639 1136 2682 concedat,
1172 2639 1236 2674 sed
1258 2650 1307 2674 ex
1330 2639 1445 2674 medio
1478 2639 1614 2674 librans
1633 2644 1782 2686 pactum
1814 2642 1994 2686 utrimque
2018 2642 2213 2687 aequilibre
2237 2644 2374 2689 exiqat,

154 2687 193 2721 id
215 2691 268 2721 est
297 2689 361 2721 aut
384 2685 567 2720 dimidiam
597 2686 635 2719 in
667 2690 820 2731 utroque
852 2685 1073 2720 constituens
1105 2688 1169 2719 aut
1201 2685 1342 2719 tertiam
1374 2684 1429 2718 vet
1459 2693 1646 2730 quartam,
1677 2692 2002 2731 quantamcumque
2032 2687 2283 2723 contrahentes
2314 2700 2374 2724 vo-

155 2732 305 2767 luerint:
329 2741 444 2777 neque
466 2740 549 2765 vero
575 2730 667 2765 illud
689 2732 801 2765 mutto
822 2730 929 2777 prius
953 2729 1178 2775 quaesiverit,
1204 2733 1243 2764 ut
1264 2740 1385 2763 eorum
1409 2740 1504 2775 quae
1527 2729 1660 2765 dantur
1684 2731 1848 2776 aequalis
1871 2732 1920 2766 sit
1943 2742 2122 2774 mensura,
2146 2743 2267 2768 verum
2292 2734 2375 2768 aliis

155 2777 297 2823 quidem
322 2776 515 2822 permittat
543 2775 580 2809 in
612 2775 708 2811 mitte
737 2776 839 2821 forte
871 2775 926 2811 vel
955 2775 1027 2809 duo
1059 2774 1158 2809 mitia
1189 2785 1381 2809 aureorum
1415 2774 1472 2809 vet
1501 2779 1740 2821 quotcumque
1770 2775 1950 2811 voluerint
1978 2777 2106 2822 facere
2134 2778 2374 2821 donationem,

155 2822 238 2857 aliis
262 2827 380 2857 autem
404 2832 477 2856 non
501 2821 538 2855 in
564 2824 721 2863 tantum,
745 2821 810 2856 sed
833 2822 869 2855 in
893 2820 1020 2861 minus,
1048 2823 1228 2864 tamquam
1252 2819 1283 2853 si
1303 2819 1506 2864 aequalitas
1526 2820 1563 2854 in
1581 2821 1696 2856 verbis
1719 2821 1808 2855 sotis
1832 2825 1866 2856 et
1891 2821 1996 2856 nudis
2021 2823 2149 2858 titteris
2173 2834 2216 2858 ac
2240 2835 2314 2859 non
2338 2825 2374 2859 in

155 2867 260 2903 rebus
283 2871 375 2902 esset
396 2866 613 2912 quaerenda.

212 2959 231 2989 2
246 2959 332 2989 rubr.
359 2958 445 3000 Περὶ
471 2954 633 2998 ἰσότητος
657 2954 803 3000 προικὸς
826 2957 886 2987 καὶ
909 2956 972 2998 τῆς
996 2952 1056 2988 διὰ
1081 2954 1149 2988 τὸν
1171 2953 1229 3000 γά-

155 3014 225 3046 μον
245 2999 391 3046 δωρεᾶς,
413 3004 471 3033 καὶ
493 3001 628 3044 ἑτέρων
650 2999 856 3045 κεφαλαίων
870 3002 944 3033 Ath.
975 3003 1058 3045 Περὶ
1081 2998 1232 3042 ἐπαυξη-

157 3057 244 3080 σεως
275 3046 421 3089 προικὸς
450 3048 510 3078 καὶ
542 3045 612 3091 πρὸ
634 3046 746 3091 γάμου
777 3043 911 3089 δωρεᾶς
940 3048 1000 3077 καὶ
1024 3049 1234 3090 προνομίων

159 3088 280 3124 αὐτῶν
306 3092 340 3123 Β
365 3093 418 3131 29,
433 3099 449 3124 2
474 3093 528 3134 (cs.
551 3095 582 3132 ς)
618 3093 706 3135 Περὶ
731 3088 882 3123 δικαίων
907 3089 1052 3134 προικός
1080 3092 1197 3123 Theod.
1222 3089 1234 3134 ΙΙ

159 3139 179 3171 4
202 3134 380 3181 κεφάλαια
399 3137 480 3176 ML]
506 3148 543 3168 κε
574 3134 699 3168 άλαια·
726 3134 803 3178 ἤτοι
827 3138 911 3179 περὲ
934 3138 1144 3180 προνομίων
1173 3135 1235 3177 τῆς

158 3180 324 3225 γυναικὸς
344 3183 403 3213 καὶ
422 3181 496 3214 τῶν
513 3179 535 3212 ἄ
559 3179 635 3214 λων
656 3178 858 3214 δανειστῶν
879 3180 933 3213 ὠν
948 3179 1103 3225 χρήμασι
1119 3180 1234 3224 κτῆμα

158 3223 181 3269 ἢ
202 3228 373 3270 στρατεία
394 3225 625 3268 ἐξωνηθῆναι
645 3229 703 3258 καὶ
721 3227 794 3265 (del.
813 3228 884 3264 καὶ)
905 3223 1060 3270 λέγεται·
1091 3227 1149 3257 καὶ
1170 3226 1232 3258 τοῦ

159 3270 332 3304 δίδοσθαι
352 3270 420 3313 τὴν
438 3267 552 3313 αὐτὴν
576 3274 705 3315 προῖκα
730 3269 828 3314 παρὰ
853 3271 917 3303 τοῦ
939 3268 1072 3314 πατρὸς
1097 3270 1144 3302 εἰς
1167 3270 1233 3303 τὸν

160 3315 326 3361 δεύτερον
349 3316 410 3358 τῆς
435 3315 617 3361 θυγατρὸς
635 3315 750 3359 γάμον
768 3317 862 3348 index
876 3317 906 3348 L
926 3317 936 3357 ῙΙ
957 3317 1101 3348 12inscr.
1119 3313 1155 3348 ‘O
1172 3311 1233 3348 αὗ-

160 3360 219 3395 τὸς
242 3359 407 3405 βασιλεὺς
431 3362 482 3403 τῷ
509 3358 607 3403 αὐτῷ
632 3362 706 3394 Ath.
727 3361 739 3404 ΙΙ
761 3357 913 3404 ὑπάρχω
935 3362 960 3393 L
983 3360 995 3404 ΙΙ
1025 3361 1064 3394 13
1090 3357 1233 3404 ὄρδινα-

160 3410 248 3449 ρίων
281 3408 398 3440 addidi
427 3419 494 3440 cum
520 3407 724 3439 Zachariaeo
755 3407 824 3448 (qui
847 3402 1055 3452 ὀρδιναρίῳ)
1083 3405 1095 3449 ΙΙ
1124 3408 1163 3439 15
1187 3405 1233 3438 τὰ

160 3451 275 3485 πολλὰ
291 3453 332 3485 M
343 3453 416 3485 Ach.
435 3453 566 3492 Theod.]
592 3449 706 3485 πολλὰ
724 3452 755 3483 L
772 3451 784 3494 ΙΙ
811 3453 849 3484 17
867 3462 907 3483 τε
928 3464 986 3484 om.
1002 3452 1031 3483 L
1051 3449 1063 3494 ΙΙ
1087 3452 1128 3483 22
1144 3451 1233 3492 τῶν]

160 3496 202 3530 τὸ
230 3499 278 3530 La
303 3498 315 3536 ΙΙ
341 3498 382 3530 26
407 3499 544 3541 τρίτην]
575 3496 643 3539 τὴν
666 3498 793 3540 τρίτην
817 3508 883 3529 cum
909 3496 1091 3539 Scrimqero
1116 3498 1200 3539 vulg).
1224 3498 1234 3540 Η

162 3544 203 3575 29
236 3539 259 3584 ἢ
282 3541 350 3584 τὴν
372 3539 550 3587 τετάρτην
575 3543 637 3582 Ες]
663 3555 720 3574 om.
749 3541 793 3574 M
812 3541 823 3584 ΙΙ
852 3542 893 3574 30
918 3537 1059 3574 ὁπόσον
1083 3536 1140 3581 ἂν]
1177 3545 1235 3574 aut

162 3589 464 3629 quantumcumque
490 3600 508 3623 ς
543 3584 685 3629 ὁπόσην
710 3583 756 3618 (ἲν
780 3588 870 3619 malit
894 3587 1079 3619 Zachariae
1107 3588 1118 3627 ΙΙ
1148 3597 1233 3629 συμ-

161 3629 334 3674 βάλοντες
361 3634 404 3665 Μ
425 3633 437 3673 ΙΙ
468 3635 505 3667 31
534 3635 634 3666 τουτὶ
662 3633 688 3664 L
719 3632 731 3674 ΙΙ
759 3633 819 3663 καὶ
844 3643 935 3667 οηι.ς
963 3631 975 3674 ΙΙ
1004 3627 1117 3664 αὐτὸν
1148 3633 1188 3664 L¹
1222 3632 1232 3674 Η

163 3678 204 3710 35
219 3690 265 3720 sq.
292 3674 413 3722 ὥσπερ
438 3698 480 3702 *—
506 3678 791 3720 ὲπιζητουμένης]
816 3679 854 3708 ut
880 3696 919 3700 —-
945 3679 1158 3718 quaereretur
1183 3689 1201 3713 ς
1224 3678 1234 3719 li

163 3723 205 3756 36
230 3722 413 3766 ῥηματίοις
437 3724 493 3764 Μ]
525 3719 659 3767 ῥήματι
682 3720 732 3756 οἶς
756 3723 803 3755 L¹
835 3720 969 3768 ῥήμασι
997 3721 1042 3755 [1²

1357 2957 1377 2988 2
1401 2954 1562 2996 qualitate
1589 2954 1679 2987 R¹V
1695 2956 1706 2998 ΙΙ
1738 2957 1757 2988 3
1783 2957 1985 2998 donationis]
2011 2959 2060 2990 De
2084 2958 2264 3001 priuilegio
2290 2959 2376 2991 dotis

1301 3001 1377 3032 add.
1397 3001 1450 3032 Ta
1467 2999 1479 3043 ΙΙ
1497 3001 1540 3039 et]
1567 3002 1598 3030 et
1622 2999 1661 3032 de
1685 3002 1771 3044 vutq.
1792 3001 1804 3044 ΙΙ
1822 3003 1843 3035 4
1862 3005 1996 3044 propter
2011 3004 2041 3034 R
2053 3004 2098 3044 V]
2124 3007 2200 3036 ante
2224 3005 2350 3047 Tvulq.
2364 3005 2375 3047 ΙΙ

1300 3047 1318 3078 5
1334 3045 1421 3086 quod
1436 3045 1468 3076 R
1480 3045 1522 3086 V]
1548 3045 1626 3085 quia
1648 3046 1770 3089 Tvulq.
1784 3053 1794 3089 Η
1807 3048 2024 3089 praeponitur
2046 3049 2089 3089 V]
2107 3052 2331 3091 praeponatur
2347 3050 2379 3082 T

1299 3091 1521 3133 praeponetur
1543 3089 1590 3121 R2
1622 3095 1826 3132 praeponent
1851 3092 1897 3124 R¹
1922 3091 1934 3135 ΙΙ
1962 3094 1980 3126 8
2006 3093 2057 3133 de]
2082 3097 2114 3125 et
2139 3095 2178 3126 de
2203 3094 2252 3126 Ιί2
2264 3095 2349 3137 υιιζᾳ.
2364 3095 2376 3137 ΙΙ

1303 3138 1342 3169 10
1366 3136 1404 3167 de
1429 3148 1487 3168 om.
1503 3135 1551 3166 R¹
1578 3133 1590 3178 ΙΙ
1624 3137 1661 3168 11
1688 3136 1848 3168 moriente
1873 3136 1910 3175 Rs
1935 3137 2046 3169 LXX·
2073 3139 2105 3170 V
2125 3139 2136 3181 ΙΙ
2171 3140 2210 3172 12
2232 3139 2375 3171 secundo

1299 3191 1358 3222 per
1374 3181 1533 3212 orientem
1552 3180 1595 3219 R,
1619 3191 1677 3222 per
1695 3193 1750 3213 om.
1774 3182 1803 3213 V
1816 3181 1828 3224 ΙΙ
1849 3177 2130 3223 15‘questi0nibus
2146 3185 2177 3217 T
2185 3184 2195 3203 ¹
2216 3185 2227 3225 ΙΙ
2256 3185 2294 3217 18
2316 3195 2375 3216 no-

1301 3226 1450 3258 uissimas
1475 3226 1520 3257 R*
1541 3224 1553 3268 ΙΙ
1571 3226 1612 3257 19
1637 3225 1731 3257 nobis
1753 3226 1892 3258 factaest
1917 3228 1948 3259 R
1979 3228 2074 3259 nobis
2098 3229 2184 3260 facta
2209 3231 2257 3260 est
2282 3229 2375 3261 nobis

1305 3272 1358 3312 ΤΗ
1379 3273 1420 3303 20
1446 3270 1577 3311 quidem
1598 3270 1628 3302 T
1642 3270 1653 3312 Η
1672 3271 1777 3311 nobis]
1803 3272 1898 3303 nobis
1923 3274 1984 3304 nul
2007 3273 2056 3304 Va
2074 3273 2085 3316 ΙΙ
2104 3275 2145 3307 22
2169 3277 2200 3306 et
2222 3274 2375 3307 masculis

1301 3318 1333 3348 et
1355 3315 1485 3348 feminis
1509 3316 1595 3347 Beck
1614 3314 1625 3358 ΙΙ
1643 3316 1684 3348 23
1702 3315 1774 3348 vult
1790 3318 1834 3357 et]
1857 3320 1889 3348 et
1909 3330 1967 3349 om.
1984 3318 2049 3350 RT
2062 3318 2073 3361 ΙΙ
2093 3320 2135 3352 24
2154 3321 2233 3359 non]
2259 3323 2291 3351 et
2308 3330 2374 3351 non

1306 3362 1394 3393 Beck
1412 3360 1423 3403 ΙΙ
1441 3360 1507 3392 alio
1525 3360 1644 3399 R¹T¹]
1669 3360 1728 3392 alii
1750 3360 1799 3392 R2
1810 3361 1923 3404 T2Vss
1943 3363 1984 3395 25
2006 3363 2094 3396 forte
2116 3365 2166 3396 Ta
2182 3364 2193 3407 ΙΙ
2214 3366 2255 3397 2ss
2277 3375 2374 3405 quar—

1301 3408 1380 3446 tam]
1401 3408 1551 3447 quartam
1568 3408 1626 3437 aut
1643 3408 1944 3447 quantumcumque
1962 3408 2011 3440 Ta
2030 3406 2042 3451 ΙΙ
2059 3409 2205 3450 aequale]
2226 3409 2374 3450 equalem

1311 3452 1377 3489 VT,
1398 3464 1454 3483 om.
1466 3450 1513 3482 ΕΙ
1530 3450 1542 3493 ss
1561 3453 1738 3492 utrumque
1755 3452 1805 3484 Ta
1823 3451 1835 3494 ΙΙ
1854 3453 1893 3484 27
1909 3453 2055 3485 medium
2072 3455 2100 3485 V
2115 3454 2127 3497 {1
2146 3455 2187 3487 29
2201 3457 2280 3494 non]
2301 3466 2375 3487 cum

1305 3497 1350 3528 w
1368 3496 1379 3538 ΙΙ
1398 3497 1439 3528 30
1457 3497 1494 3528 ut
1512 3495 1609 3535 lcT2]
1634 3498 1667 3527 et
1693 3496 1735 3528 T*
1758 3509 1814 3529 om.
1840 3497 1876 3536 V,
1901 3500 1939 3529 ut
1964 3500 1995 3529 et
2020 3500 2103 3542 vuly.
2129 3500 2141 3543 ss
2162 3500 2202 3532 31
2224 3503 2303 3532 sunt
2324 3499 2377 3545 Vn

1302 3543 1343 3574 :32
1358 3541 1490 3572 ami-eis
1509 3541 1555 3573 V¹
1574 3541 1585 3583 ΙΙ
1603 3541 1764 3572 rationem
1783 3543 1867 3581 libri,
1885 3555 1966 3575 corr.
1986 3543 2169 3586 Hombequ
2187 3545 2198 3586 Ιὶ
2215 3546 2256 3578 33
2271 3556 2376 3586 quan-

1301 3590 1508 3627 tamcumque
1533 3586 1562 3617 R
1579 3585 1591 3628 ΙΙ
1609 3585 1756 3618 uoluerit
1776 3588 1805 3619 R
1838 3587 2008 3620 noluerint
2030 3589 2063 3621 V
2081 3589 2093 3632 ΙΙ
2117 3590 2160 3624 34
2181 3592 2290 3622 tamen
2314 3591 2347 3623 R,
2367 3591 2379 3633 ΙΙ

1302 3634 1333 3663 et
1357 3632 1467 3663 minus
1492 3631 1573 3670 BT}
1599 3631 1709 3664 minus
1734 3633 1761 3663 V
1789 3632 1824 3663 in
1850 3632 1960 3665 minus
1984 3636 2068 3677 vuly.
2089 3634 2100 3678 ΙΙ
2125 3638 2163 3667 ut
2183 3635 2377 3677 aequalitas]

1302 3676 1502 3718 inequalitas
1528 3676 1559 3708 R
