2618 4010
271 130 377 172 Nov.
409 128 446 170 V
476 131 513 171 8.
543 131 567 169 9

270 243 328 273 καὶ
362 237 505 281 ἰδιώτης
527 237 621 272 ἔστω
645 236 687 271 τὸ
720 236 856 280 λοιπόν,
887 250 914 272 π
938 237 975 273 ὸς
1005 242 1200 284 στρατείαν
1228 239 1295 282 μὲν
1319 236 1339 281 ἢ

270 284 396 331 ἑτέραν
426 281 654 325 ἐπιτήδευσιν
684 281 808 317 ἐλθεῖν
838 281 879 317 οὗ
944 284 1076 330 αρριῦν,
1113 284 1144 316 εἰ
1173 281 1224 329 μὴ
1257 282 1338 327 βού-

271 327 368 362 λοιτο
388 331 461 361 τοῖς
491 327 702 373 ἔμπροσθεν
732 324 974 372 ἠπειλημένοις
1004 325 1094 372 παρ’
1121 325 1224 371 ἡμῶν
1253 323 1339 362 ὑπο-

270 376 393 425 πεσιζῖν
417 375 625 425 ἐπιτιμίοις,
642 370 762 426 (αὐτὸς
785 370 824 406 δὲ
854 371 915 418 ἐφ)
945 373 1070 405 ἑαυτοῦ
1102 370 1250 414 διαζῶν,
1281 375 1340 405 καὶ

1341 125 1399 190 34

2166 141 2225 171 m:
2254 133 2478 174 nomenis

1408 246 1443 273 et
1472 238 1666 273 solitariam
1695 237 1914 276 confundens
1943 242 2067 283 vitam,
2104 245 2138 276 et
2170 240 2327 284 privatus
2356 239 2404 276 sit
2435 241 2477 276 de

1409 286 1537 325 cetero,
1563 282 1609 317 ad
1632 283 1791 318 militiam
1811 285 1951 330 quidem
1971 289 2033 321 aut
2059 286 2157 321 aliud
2181 285 2338 320 officium
2359 285 2478 321 venire

1408 338 1479 362 non
1503 337 1750 371 praesumens,
1782 329 1851 364 nisi
1873 330 2020 365 voluerit
2044 331 2175 365 dudum
2199 329 2431 366 interminatis
2455 341 2478 365 a

1409 373 1512 407 nobis
1536 372 1721 407 subiacere
1744 373 1878 416 poenis,
1901 374 1978 419 ipse
1995 380 2113 410 autem
2132 375 2229 420 apud
2253 375 2477 419 semetipsum

267 430 459 470 yaywcrxwv
482 421 614 450 υποιάν
635 419 721 463 υπὲρ
745 418 872 452 τούτου
890 415 999 451 δώσει
1020 418 1073 459 τῷ
1096 416 1238 463 μεγάλῳ
1260 417 1340 460 θεῷ
1372 420 1394 450 -5
1410 418 1538 460 degens
1570 420 1605 450 et
1633 427 1847 461 agnoscens,
1884 419 2021 462 qualem
2055 431 2120 465 pro
2152 421 2219 455 hoc
2250 421 2399 455 daturus
2433 420 2479 455 sit

268 475 336 504 την
359 460 567 509 ἀπολογίαν.

1410 471 1536 505 magno
1561 461 1626 496 deo
1655 460 1944 498 satisfactionem.

1251 551 1406 587 CAPUT
1435 551 1496 586 IX.

313 612 376 667 (ὃ)
405 620 474 663 Τὴν
491 618 530 654 δὲ
537 620 614 654 τῶν
633 616 838 667 ἡγουμένων
851 622 1085 666 χειροτονίαν,
1107 618 1240 653 εἴποτε
1256 630 1339 661 συμ-

267 669 354 710 βαίη
379 663 524 700 &taam
547 665 590 699 τὸ
612 664 852 711 μοναστήριον
873 664 1074 711 ἡγουμένου,
1098 663 1146 708 μὴ
1163 663 1256 697 κατὰ
1274 663 1340 704 τὴν

267 709 371 751 τάξιν
404 712 481 745 τῶν
516 709 808 763 εὖλαβεσζτάτων-
824 710 994 757 γίνεσθαι
1030 709 1216 763 μοναχῶν,
1251 707 1342 752 μηδὲ

1454 618 1719 655 Ordinationem
1743 629 1825 654 vero
1849 618 2033 663 abbatum,
2065 621 2096 656 si
2119 623 2259 667 quando
2293 622 2477 665 contigerit

1409 674 1511 708 egere
1535 664 1786 699 monasterium
1808 664 1949 708 abbate,
1972 676 2044 700 non
2061 677 2125 710 per
2144 667 2300 703 ordinem
2319 678 2477 703 reveren-

1410 709 1625 745 tissimorum
1649 709 1724 744 fieri
1748 709 2021 752 monachorum,
2046 721 2112 746 nec
2134 713 2274 747 omnino
2298 722 2396 755 eum,
2421 711 2479 756 qui

268 753 413 790 πάντως
436 757 500 789 τὸν
523 769 613 799 μετα
637 768 701 788 τον
725 768 872 800 πρωτον
897 753 1004 788 εὐθὺς
1032 766 1227 806 ηγουμενον
1249 758 1340 799 γίνε-
1358 757 1395 788 10
1410 758 1493 807 post
1514 754 1666 799 primum
1691 758 1763 798 est,
1796 765 1877 789 mox
1901 755 2065 790 abbatem
2097 755 2190 798 fieri,
2222 767 2287 792 nec
2311 757 2369 801 qui
2399 759 2481 801 post

268 801 379 840 σθαι,
402 799 493 845 μηδὲ
516 800 580 834 τὸν
603 798 684 844 μετ’
712 802 847 833 ἐκεῖνον
871 797 1038 845 δεύτερον
1061 797 1152 843 μηδὲ
1178 812 1244 832 τον
1267 802 1341 844 τρί-

267 858 332 879 τον
357 842 378 888 ἣ
400 844 482 879 τοὺς
507 845 628 889 ἐφεξῆς
652 846 771 884 (τοῦτο
787 841 875 890 ὅπερ
893 847 952 877 καὶ
971 842 1079 888 νόμος
1101 841 1203 888 ἡμῶν
1227 844 1342 889 ἕτερος

268 889 383 936 λέγει),
408 888 496 923 ἀλλὰ
513 889 578 924 τὸν
600 891 665 923 &eo
695 888 881 922 ιλέστατον
904 890 981 922 τῶν
999 888 1127 923 τόπων
1145 891 1342 924 ἐπίσκοπον

266 938 396 982 χωρεῖν
418 937 484 978 μὲν
508 934 632 987 ἐφεξῆς
656 903 714 968 ἰὰ
738 931 889 967 πάντων
913 931 1009 975 (οὐδὲ
1034 932 1102 980 γὰρ
1125 930 1341 977 ἀτιμαστέον

1409 800 1507 834 illum
1531 799 1706 834 secundus
1731 802 1801 840 est,
1832 809 1946 843 neque
1970 800 2111 834 tertium
2134 805 2197 835 aut
2218 802 2372 847 reliquos
2397 801 2478 841 (hoc

1410 844 1505 888 quod
1527 844 1634 880 etiam
1658 844 1715 879 lex
1739 848 1863 879 nostra
1886 844 1956 879 alia
1981 844 2097 888 dicit),
2123 845 2184 880 sed
2207 845 2272 882 deo
2296 846 2479 882 amabilem

1410 889 1570 924 locorum
1594 889 1799 934 episcopum
1829 899 2037 934 percurrere
2060 889 2199 933 quidem
2226 893 2481 934 consequenter

1410 944 1474 978 per
1510 944 1629 969 omnes
1675 942 1758 974 (non
1793 934 1884 969 enim
1920 934 2209 969 exhonorandum
2251 939 2306 970 est
2339 935 2480 970 omnino

268 990 413 1014 παντως
436 993 502 1012 τον
524 992 653 1024 χρονον
677 982 735 1012 καὶ
752 978 826 1031 ἱεὴν
850 979 888 1018 ἐξ
911 976 1020 1012 αὐτοῦ
1044 977 1170 1021 τάξιν),
1194 982 1253 1012 καὶ
1276 978 1342 1012 τὸν
1357 982 1395 1014 15
1410 982 1549 1024 tempus
1574 983 1610 1014 et
1633 989 1677 1014 ex
1700 989 1741 1014 eo
1767 979 1879 1022 ordo),
1905 983 1940 1014 et
1957 989 2046 1020 eum,
2072 979 2132 1023 qui
2155 980 2360 1024 apparuerit
2381 981 2481 1024 prius

267 1021 558 1070 ἀναφαινόμενον
576 1025 724 1069 πρῶτον
744 1035 893 1069 αριστον
911 1025 951 1057 ἐν
967 1026 1040 1058 τοῖς
1053 1026 1220 1067 μοναχοῒς
1232 1023 1340 1057 καθε-

268 1070 392 1103 στῶτα
415 1072 474 1102 καὶ
498 1067 600 1108 ἄξιον
623 1070 684 1111 τῆς
710 1065 898 1115 ἡγεμονίας
921 1067 1053 1110 αὐτῶν,
1082 1069 1212 1102 τοῦτον
1237 1068 1340 1115 αἱρεῖ-

268 1114 376 1147 σθαι·
403 1111 495 1147 διότι
514 1112 558 1146 τὰ
575 1113 636 1155 τῆς
654 1111 892 1159 ἀνθρωπίνης
911 1113 1049 1159 φύσεως
1067 1111 1212 1147 τοιαῦτά
1230 1115 1342 1154 ἐστιν,

267 1156 314 1192 ὠς
344 1156 433 1202 μήτε
457 1156 596 1193 πάντας
620 1158 742 1203 ἐφεξῆς
773 1160 811 1191 ἐν
841 1162 914 1192 τοῖς
945 1160 1078 1206 ἄκροις,
1113 1156 1185 1203 μηδ
1191 1156 1199 1168 '
1234 1151 1340 1192 αὖθις

1411 1024 1564 1068 optimus
1588 1024 1680 1059 inter
1703 1024 1896 1060 monachos
1921 1025 2135 1066 constitutus
2166 1028 2201 1058 et
2232 1024 2356 1068 dignus
2378 1034 2480 1068 prae-

1411 1070 1530 1104 sulatu
1554 1079 1685 1110 eorum,
1710 1069 1806 1104 hunc
1831 1069 1975 1113 eligere:
2002 1079 2043 1104 eo
2062 1069 2156 1113 quod
2180 1069 2333 1104 humana
2355 1072 2482 1103 natura

1410 1115 1493 1149 talis
1517 1118 1572 1149 est
1594 1117 1629 1148 et
1652 1123 1766 1158 neque
1789 1124 1910 1149 omnes
1935 1124 1999 1158 per
2025 1114 2183 1149 ordinem
2206 1115 2299 1149 inter
2329 1124 2482 1149 summos

1408 1169 1522 1203 neque
1545 1169 1669 1194 rursus
1693 1169 1813 1194 omnes
1834 1160 1927 1193 inter
1949 1159 2157 1194 novissimos
2177 1159 2364 1194 constituti
2387 1162 2480 1193 sunt.

266 1201 430 1237 ἅπαντας
453 1206 492 1236 ἐν
514 1206 587 1236 τοῖς
611 1201 771 1255 ἐσχάτοις
790 1201 978 1245 τετάχθαι.
1013 1202 1101 1237 ἀλλὰ
1118 1202 1256 1249 προΐτω
1273 1205 1340 1247 μὲν
1354 1207 1395 1238 20
1409 1205 1478 1239 Sed
1502 1204 1829 1257 procedat-quidem
1853 1204 2045 1239 seeundum
2068 1205 2214 1248 gradum
2237 1203 2482 1248 praecedentis

266 1247 356 1281 κατὰ
378 1247 443 1281 τὸν
465 1247 619 1292 βαθμὸν
644 1261 665 1291 η
683 1249 748 1282 τοῦ
772 1245 992 1295 ἡγησαμένου
1024 1247 1169 1282 πάντως
1193 1250 1340 1305 inoffici,

265 1290 284 1326 ὁ
310 1291 349 1326 δὲ
364 1294 507 1340 πρῶτος
526 1291 637 1327 εὐθύς
660 1293 700 1326 ἐν
717 1296 790 1327 τοῖς
806 1291 1083 1340 ἀριθμουμένοις
1098 1291 1239 1339 ἄριστος
1255 1306 1339 1327 ανα-

266 1342 407 1383 φανείς,
439 1336 540 1371 οὗτος
559 1334 702 1385 ἡγεμών
726 1338 840 1379 ἔστω,
872 1341 931 1372 καὶ
955 1338 1022 1381 τὴν
1045 1336 1147 1377 τάξιν
1171 1335 1258 1382 ὁμοῦ
1281 1340 1341 1371 καὶ

265 1382 332 1425 τὴν
354 1379 484 1428 ἀρετὴν
507 1384 762 1427 συμμαχοῦσαν
785 1382 891 1425 ἔχων.
928 1381 982 1436 δεῖ
1002 1381 1070 1429 γὰρ
1095 1381 1341 1428 διακρίνοντας

1408 1250 1602 1293 inspecti03
1629 1260 1689 1292 qui
1712 1259 1794 1284 vero
1818 1249 1917 1293 prior
1939 1259 2023 1284 mox
2045 1249 2138 1284 inter
2162 1253 2366 1284 numeratos
2391 1249 2481 1293 opti·

1408 1304 1486 1328 mus
1509 1294 1732 1338 apparuerit,
1767 1295 1798 1329 is
1830 1294 1941 1328 abbas
1973 1294 2037 1336 sit,
2068 1298 2103 1328 et
2127 1294 2284 1329 ordinem
2314 1294 2418 1328 simul
2447 1296 2484 1328 et

1409 1339 1574 1373 virtutem
1606 1339 1858 1383 suffragantem
1894 1339 2041 1373 habens.
2098 1338 2247 1383 Oportet
2283 1339 2375 1374 enim
2411 1348 2481 1380 eos,

1410 1384 1469 1427 qui
1493 1383 1698 1419 discernunt
1726 1384 1821 1428 quod
1845 1383 1968 1418 melius
1992 1387 2047 1418 est
2069 1393 2092 1418 a
2115 1384 2253 1428 peiore,
2284 1383 2381 1419 aliud
2405 1383 2482 1428 qui-

265 1427 307 1461 τὸ
330 1431 493 1472 κρεῖττον
516 1430 554 1461 ἐκ
578 1429 640 1461 τοῦ
666 1427 883 1473 φαυλοτέρου
906 1430 1039 1483 τονμὲν
1058 1425 1243 1480 ἡγεμονεῖν
1267 1428 1340 1468 έᾶν,
1354 1431 1395 1463 25
1410 1429 1487 1463 dem
1523 1428 1568 1463 ad
1603 1428 1795 1473 regendum
1829 1428 2021 1471 dimittere,
2063 1428 2159 1463 aliud
2200 1438 2283 1464 vero
2317 1428 2481 1463 inclinari

267 1471 426 1519 θάτερον
451 1471 490 1507 δὲ
512 1471 773 1507 ὑποκεκλίσθαι
792 1485 997 1519 συγχωρειν,
1022 1475 1080 1506 καὶ
1101 1486 1144 1519 τῃ
1165 1470 1247 1506 κατ’
1270 1471 1340 1506 621¹-

263 1530 328 1564 γον
352 1515 582 1564 παιδαγωγίᾳ
606 1521 664 1550 καὶ
695 1519 803 1551 τοῦτο
833 1517 920 1563 πρὸς
950 1517 992 1551 τὸ
1024 1521 1186 1563 κρεῖττον
1218 1519 1339 1562 ἐμβαί-

263 1565 285 1598 1
329 1576 417 1597 νειν.
501 1560 593 1595 (Όσα
625 1565 747 1606 μέντοι
779 1562 868 1608 παρ’
895 1560 1000 1606 ἡμῶν
1025 1564 1063 1595 ἐν
1087 1559 1241 1596 ἁπάσαις
1264 1565 1341 1595 ταῖς

263 1621 305 1641 τε
327 1605 504 1654 πρότερον
527 1610 605 1641 ταῖς
627 1620 667 1640 τε
691 1609 757 1641 νῦν
779 1611 985 1653 γενομέναις
1002 1607 1120 1659 &sigis
1138 1604 1242 1651 ἡμῶν
1266 1605 1340 1640 δια-

1410 1474 1551 1514 iubere,
1585 1477 1620 1507 et
1651 1473 1822 1517 paulatim
1854 1483 1917 1517 per
1946 1473 2178 1507 eruditionem
2208 1473 2277 1508 hoc
2308 1473 2415 1508 etiam
2436 1473 2483 1507 ad

1409 1518 1536 1553 melius
1559 1519 1740 1553 accedere.

1408 1565 1427 1597 1
1475 1563 1723 1607 Quaecumque
1757 1565 1875 1598 tamen
1908 1573 1930 1597 a
1962 1563 2064 1598 nobis
2100 1562 2137 1597 in
2174 1563 2355 1606 omnibus,
2393 1572 2483 1607 quae

1409 1606 1507 1652 prius
1547 1612 1583 1642 et
1615 1618 1705 1652 quae
1736 1619 1830 1643 nunc
1869 1608 2030 1652 prolatae
2061 1612 2163 1649 sunt,
2204 1609 2316 1643 sacris
2352 1608 2483 1643 nostris

263 1650 386 1692 τάξεσι
415 1652 700 1695 νενομοθέτηται
735 1655 817 1704 περὶ
853 1651 1031 1699 κληρικιῦν
1062 1666 1084 1695 η
1117 1652 1288 1705 μοναχῶν
1322 1648 1396 1694 ἢ30
1412 1652 1723 1688 constitutionibus
1762 1656 1846 1687 sunt
1881 1653 2019 1688 sancita
2056 1653 2099 1687 de
2141 1653 2279 1688 clericis
2313 1657 2376 1688 aut
2409 1663 2482 1688 1110-

263 1701 527 1742 μοναστηρίων,
559 1698 675 1731 ταῦτα
699 1710 801 1731 κοινα
823 1698 976 1742 τίθεμεν
1001 1700 1086 1744 περί
1113 1710 1154 1731 τε
1176 1699 1340 1743 αρρένων

265 1745 323 1775 καὶ
358 1741 522 1785 θηλειῶν
552 1744 611 1775 καὶ
644 1746 899 1788 μοναστηρίων
935 1745 995 1775 καὶ
1025 1741 1263 1789 ἀσκητηρίων,
1298 1739 1338 1775 οὗ

265 1785 507 1833 διακρίνοντες
540 1784 583 1821 τό
617 1800 657 1834 γε
687 1789 746 1822 ἐπὶ
782 1787 920 1821 τούτοις
949 1786 992 1821 τὸ
1028 1784 1135 1832 ἄρρεν
1167 1783 1240 1822 ἀπὸ
1275 1788 1340 1821 τοῦ

264 1829 411 1874 θήλεος,
443 1829 503 1865 διὰ
526 1832 579 1873 τὸ,
603 1831 773 1879 καθάπερ
801 1832 1016 1876 ἔμπροσθεν
1038 1829 1198 1867 εἰπόντες
1222 1830 1339 1878 ἔφθη·

263 1890 341 1921 μεν,
366 1878 405 1910 ἓν
428 1873 575 1911 ἅπαντα
598 1878 637 1910 ἐν
661 1878 810 1922 Χριστῷ
835 1874 1072 1911 καθεστάναι.

309 1920 401 1967 <Ἐπ
411 1925 426 1955 ί
433 1920 592 1967 loyce.)
644 1924 762 1955 Ταῦτα
785 1925 908 1956 τοίνυν
930 1919 1077 1956 ἅπαντα
1100 1922 1138 1955 οῗ
1164 1934 1204 1956 τε
1235 1918 1340 1956 ὁσιώ-

267 1979 369 2001 τατοι
403 1964 623 2013 πατριάρχαι
658 1970 731 2000 τοῖς
765 1964 830 2011 ὑφ’
868 1965 1013 2001 ἑαυτοὺς
1050 1965 1346 2012 θεοφιλεστάτοις

265 2011 545 2058 μητροπολίταις
579 2010 717 2058 φανερὰ
753 2015 990 2053 ποιείτωσαν,
1027 2011 1063 2045 οἱ
1097 2010 1136 2046 δὲ
1169 2015 1242 2046 τοῖς
1276 2009 1341 2058 ὑφ’

1407 1698 1531 1732 nachis
1556 1701 1619 1732 aut
1641 1698 1883 1741 monasteriis,
1914 1698 2002 1733 haec
2027 1698 2225 1733 communia
2253 1698 2417 1742 ponimus
2448 1702 2484 1732 et

1407 1743 1444 1777 in
1467 1743 1634 1778 masculis
1658 1747 1694 1777 et
1715 1743 1754 1778 in
1776 1742 1935 1786 feminis,
1959 1745 1996 1778 et
2017 1743 2054 1777 in
2077 1743 2298 1778 monasteriis
2322 1747 2358 1778 et
2380 1753 2478 1778 asce-

1408 1787 1525 1830 teriis,
1548 1798 1620 1823 non
1644 1787 1885 1823 discernentes
1910 1791 2082 1832 quantum
2105 1788 2150 1822 ad
2173 1788 2261 1823 istos
2283 1789 2479 1823 masculum

1409 1835 1473 1867 aut
1502 1832 1684 1876 feminam,
1724 1843 1766 1868 eo
1799 1833 1909 1878 quod,
1952 1833 2046 1868 sicut
2083 1833 2339 1877 praediximus,
2374 1844 2482 1868 unum

1354 1880 1394 1912 35
1410 1878 1527 1913 omnia
1550 1878 1587 1912 in
1613 1878 1753 1914 Christo
1780 1878 1988 1914 consistant.

1453 1921 1725 1969 (Epilogus.)
1769 1922 1868 1958 Haec
1899 1924 2008 1967 igitur
2036 1923 2154 1958 omnia
2177 1922 2391 1958 sanctissimi
2418 1933 2483 1967 pa·

1413 1968 1592 2003 triarchae
1625 1969 1690 2003 sub
1724 1977 1763 2003 se
1796 1968 1998 2003 constitutis
2030 1968 2096 2003 deo
2121 1968 2331 2003 amabilibus
2354 1970 2483 2003 metro-

311 2081 382 2112 cap.
402 2069 466 2102 IX
484 2070 658 2102 summaria
682 2076 790 2103 extant
816 2070 895 2102 Coll.
919 2070 1072 2103 LXXX
1082 2069 1151 2102 VII
1170 2071 1266 2112 capit.
1295 2072 1329 2103 11
1360 2070 1448 2109 (inde
1470 2069 1602 2104 Nomoc.
1628 2070 1660 2104 L
1685 2071 1732 2104 tit.
1758 2071 1831 2112 33);
1855 2070 1987 2104 Nomoc.
2010 2070 2108 2104 XIV
2126 2072 2172 2104 tit.
2194 2073 2244 2113 11,
2269 2077 2298 2104 3.

265 2158 424 2204 priorem
442 2158 737 2193 exercitationem
751 2158 928 2205 vitamque
941 2158 1188 2194 monachicam
1202 2158 1471 2195 dedecoraverit
1477 2172 1490 2200 ,·
1509 2164 1545 2194 et
1562 2158 1730 2206 deinceps
1739 2159 1911 2205 privatus
1923 2159 1981 2201 sit,
1999 2170 2085 2194 neve
2096 2158 2147 2194 ad
2163 2159 2325 2195 militiam
2341 2153 2493 2196 atiudv‘e·

267 2202 432 2248 officium
462 2203 529 2237 ads
556 2203 654 2238 irare
682 2203 834 2246 audeat,
868 2203 939 2238 nisi
962 2205 1000 2238 in
1021 2214 1180 2250 poenas,
1214 2215 1306 2249 quas
1329 2209 1413 2240 ante
1435 2204 1563 2240 minati
1585 2215 1726 2246 sumus,
1760 2203 1845 2239 velit
1865 2203 2040 2246 incidere,
2071 2204 2137 2239 sed
2163 2204 2271 2239 vitam
2299 2205 2481 2251 privatam

269 2248 451 2294 transiqat
473 2214 678 2299 vagasque,
712 2248 852 2294 qualem
877 2260 920 2284 ea
944 2248 988 2284 de
1008 2260 1049 2284 re
1071 2249 1252 2284 rationem
1275 2259 1408 2294 maqno
1433 2248 1500 2284 deo
1524 2249 1573 2284 sit
1594 2248 1812 2284 redditurus.

398 2292 461 2328 IX.
511 2291 701 2328 Ordinatio
729 2304 813 2328 vero
836 2295 1071 2339 praesulum,
1102 2291 1136 2328 si
1159 2292 1306 2339 quando
1330 2294 1586 2328 monasterium
1611 2293 1785 2340 praesule
1808 2304 1913 2339 eqere
1936 2293 2142 2340 confinqat,
2172 2303 2247 2328 non
2266 2293 2337 2340 fiat
2357 2303 2479 2329 secun-

266 2337 351 2372 dum
373 2336 535 2372 ordinem
559 2337 911 2383 reliqiosissimorum
932 2336 1213 2380 monachorum,
1242 2348 1358 2383 neque
1381 2338 1526 2373 omnino
1549 2338 1599 2380 is,
1621 2337 1684 2383 qui
1735 2341 1792 2373 ost
1808 2338 1967 2384 primum
1990 2342 2065 2380 est,
2088 2339 2210 2373 statim
2231 2339 2383 2385 praesul
2399 2339 2479 2384 fiat,

266 2393 381 2428 neque
404 2383 468 2428 qui
491 2381 591 2417 illum
614 2382 778 2428 sequitur
800 2382 978 2418 secundus
1001 2394 1116 2429 neque
1140 2382 1267 2418 tertius
1289 2386 1358 2418 aut
1376 2382 1509 2428 reliqui
1531 2381 1584 2424 (id
1605 2393 1678 2428 quo
1727 2383 1834 2417 etiam
1858 2382 1932 2417 alia
1957 2382 2020 2418 lex
2042 2387 2169 2418 nostra
2192 2382 2305 2426 dicit),
2327 2381 2394 2419 sed
2413 2383 2480 2418 deo

267 2426 476 2462 carissimus
505 2426 604 2462 illius
635 2427 707 2462 loci
736 2427 929 2474 episcopus
959 2438 1081 2463 omnes
1111 2426 1281 2473 deinceps
1305 2427 1508 2474 perlustret
1536 2430 1664 2473 (neque
1691 2427 1784 2463 enim
1812 2426 1925 2475 plane
1954 2426 2247 2463 contemnendum
2280 2432 2417 2474 tempus
2447 2433 2482 2463 et

267 2471 357 2507 ordo
388 2471 472 2507 inde
502 2471 710 2515 oriundus),
748 2476 784 2507 et
812 2473 876 2518 qui
930 2473 1043 2508 rimus
1073 2472 1169 2508 inter
1197 2471 1395 2507 monachos
1432 2473 1589 2519 optimus
1620 2476 1802 2519 appareat
1829 2477 1865 2507 et
1894 2471 2027 2519 diqnus
2057 2473 2120 2518 qui
2150 2472 2300 2518 reliquis
2324 2472 2480 2520 praesit,

265 2518 298 2552 is
320 2517 496 2563 dicatur:
555 2518 701 2552 uoniam
725 2521 860 2553 natura
909 2529 1040 2553 umana
1063 2517 1117 2553 ita
1140 2522 1354 2569 comparata
1377 2521 1441 2559 est,
1466 2522 1507 2552 ut
1529 2528 1644 2563 neque
1668 2527 1790 2552 omnes
1809 2517 1978 2564 deinceps
2001 2517 2038 2551 in
2061 2528 2199 2552 summo
2222 2527 2337 2569 neque
2360 2527 2481 2553 omnes

265 2573 394 2597 rursus
416 2562 455 2596 in
478 2562 515 2596 in
545 2573 602 2597 mo
625 2562 706 2597 loco
732 2562 850 2608 positi
871 2563 953 2598 sint.
1002 2561 1186 2598 Procedat
1215 2562 1329 2608 iqitur
1353 2562 1497 2597 omnino
1521 2561 1715 2597 secundum
1737 2561 1893 2608 qradum
1914 2561 2102 2607 praesulis
2123 2561 2316 2607 inspectio,
2348 2562 2480 2607 quique

263 2607 404 2653 primus
432 2610 555 2642 statim
586 2607 681 2643 inter
712 2618 775 2643 eos
808 2607 872 2653 qui
893 2611 1157 2654 percensentur
1186 2607 1342 2654 optimus
1365 2610 1562 2654 appareat,
1591 2607 1624 2641 is
1653 2606 1805 2652 praesul
1831 2606 1899 2649 sit,
1933 2610 2005 2641 tam
2035 2605 2175 2641 ordinis
2198 2616 2306 2651 quam
2336 2605 2479 2641 virtutis

266 2651 450 2687 adiutorio
479 2662 575 2686 usus.
626 2651 778 2703 Oportet
808 2653 901 2687 enim
930 2652 1030 2698 quod
1058 2651 1184 2687 melius
1212 2656 1266 2687 est
1297 2663 1320 2686 a
1349 2652 1528 2687 deteriore
1556 2650 1797 2687 discernentes
1830 2649 1938 2686 alteri
1966 2650 2109 2696 quidem
2139 2649 2343 2697 imperandi
2372 2650 2479 2686 alteri

266 2699 286 2733 1
334 2707 417 2732 vero
438 2695 653 2742 obsequendi
672 2697 815 2743 copiam
837 2697 975 2743 facere,
1000 2701 1042 2733 ut
1064 2696 1257 2743 disciplina
1274 2697 1457 2743 paulatim
1481 2700 1589 2732 aucta
1613 2695 1683 2732 hoc
1705 2706 1849 2742 quoque
1871 2694 1922 2730 ad
1942 2695 2068 2730 melius
2091 2695 2272 2730 ascendat.
2364 2694 2478 2738 Quae-

266 2752 416 2787 cumque
439 2752 522 2777 vero
547 2752 571 2776 a
594 2741 697 2777 nobis
720 2742 758 2776 in
783 2741 946 2777 omnibus
968 2742 1085 2778 sacris
1107 2742 1243 2778 nostris
1266 2741 1580 2777 constitutionibus
1607 2745 1679 2776 tam
1707 2740 1815 2787 prius
1838 2751 1946 2786 quam
1969 2750 2064 2775 nunc
2087 2739 2173 2775 latis
2195 2739 2239 2775 de
2262 2738 2402 2776 clericis
2424 2750 2466 2776 ve

266 2785 452 2822 monachis
475 2785 531 2822 vel
551 2786 780 2822 monasteriis
810 2787 1007 2823 constituta
1030 2792 1133 2830 sunt,
1166 2798 1209 2823 ea
1233 2787 1436 2822 communia
1462 2786 1635 2833 ponimus
1657 2789 1694 2821 et
1715 2784 1760 2821 de
1789 2785 1959 2820 masculis
1981 2789 2017 2820 et
2039 2784 2083 2820 de
2102 2784 2267 2831 feminis,
2297 2789 2333 2820 et
2355 2796 2477 2820 mona-

266 2831 387 2867 steriis
409 2836 446 2866 et
473 2832 673 2873 asceteriis,
707 2842 772 2867 nec
795 2831 1029 2868 discernimus
1051 2831 1121 2867 hac
1144 2831 1286 2879 quidem
1314 2832 1354 2867 in
1377 2837 1491 2878 parte
1520 2830 1716 2867 masculum
1739 2841 1763 2865 a
1783 2830 1943 2876 semina,
1973 2829 2079 2876 quia,
2110 2829 2165 2865 uti
2192 2833 2277 2865 ante
2306 2828 2476 2870 discimus,

268 2887 378 2911 unum
403 2876 524 2911 omnia
547 2876 585 2910 in
612 2875 751 2912 Christo
773 2881 868 2913 sunt.

404 2919 640 2968 Epiloqus.

315 3015 329 3047 1
354 3010 396 3046 τὸ
412 3009 539 3046 λοιπὸν
557 3010 702 3055 ἰδιώτης
725 3010 863 3067 ἔστωΙΑ
882 3012 895 3057 ΙΙ
909 3015 988 3056 μὲν]
1012 3015 1135 3057 μέντοι
1153 3015 1180 3047 Α
1203 3013 1238 3062 14
1265 3013 1341 3055 ζῶν
1373 3054 1374 3057 ¹

654 3057 662 3067 ’
1372 3064 1375 3074 “
1407 3056 1716 3101 (θεοσεβεστάτοις
1737 3058 1831 3098 corr.)
1850 3057 1882 3089 A

267 3054 328 3102 ἐφ’
359 3056 486 3091 ἑαυτοῦ
511 3070 718 3103 μεριμνατω
742 3069 934 3104 γινωσκων
958 3061 995 3091 Α
1025 3060 1036 3101 ΙΙ
1070 3061 1107 3093 10
1138 3055 1175 3092 εὖ
1209 3057 1247 3091 ὐς
1266 3066 1342 3102 post

267 3100 413 3137 πάντως
436 3103 507 3136 coll.
531 3103 563 3136 A
586 3102 599 3147 ss
619 3103 788 3149 γίνεσθαι
813 3117 871 3137 om.
896 3105 928 3137 A
953 3102 965 3147 ΙΙ
993 3105 1031 3137 12
1055 3101 1182 3137 τούτου
1206 3105 1235 3136 Α
1255 3102 1267 3148 ΙΙ
1282 3100 1339 3137 νό-

266 3150 340 3191 μος]
370 3148 447 3182 cod.
476 3150 504 3189 1,
529 3155 556 3188 3,
580 3155 615 3181 46
639 3151 699 3187 (47)
727 3148 739 3192 ΙΙ
771 3151 811 3183 13
842 3144 931 3181 ἀλλὰ
953 3145 1018 3181 τὸν
1041 3148 1240 3182 ἐπίσκοπον
1262 3149 1341 3181 τῶν

267 3191 393 3227 τόπων
416 3193 446 3225 A
475 3191 488 3235 ΙΙ
518 3195 558 3226 14
590 3192 744 3235 καθεξῆς
767 3194 797 3226 A
827 3193 839 3237 Ι]
874 3196 908 3226 15
934 3190 1080 3227 πάντως
1103 3191 1169 3226 τὸν
1194 3207 1251 3227 om.
1279 3195 1307 3226 A
1328 3191 1340 3237 ΙΙ

271 3241 310 3271 16
327 3234 595 3283 ἀναφερόμενον
608 3238 638 3271 A
657 3239 668 3280 ΙΙ
688 3241 721 3273 17
745 3239 874 3271 τοῦτον
898 3251 955 3271 om.
970 3239 1000 3271 A
1020 3238 1032 3280 [Ι
1051 3240 1089 3272 19
1113 3239 1152 3271 ἐν
1175 3240 1248 3272 τοῖς
1269 3245 1342 3280 post

268 3279 405 3316 πάντας
429 3284 506 3315 add.
525 3283 556 3316 A
579 3282 591 3327 ΙΙ
611 3283 653 3316 20
677 3278 840 3316 ἅπαντας
867 3295 925 3316 om.
946 3283 977 3316 A
1001 3282 1013 3326 ΙΙ
1034 3281 1224 3324 τετάχθαι]
1248 3281 1340 3316 εἶναι

269 3328 298 3359 A
329 3328 341 3369 ll
368 3329 506 3381 προΐτω
524 3327 603 3370 μὲν]
623 3325 695 3373 πρὸ
713 3324 799 3360 δέκα
820 3329 887 3371 μὲν
912 3327 1006 3360 ἐτῶν
1031 3330 1060 3361 A
1076 3326 1097 3381 J}
1121 3330 1159 3361 21
1187 3323 1221 3369 ἦ]
1245 3328 1341 3360 ἔστω

268 3372 299 3404 A
326 3371 337 3411 ΙΙ
361 3374 516 3413 παντως]
548 3385 607 3406 om·
628 3383 647 3409 ς’
665 3373 735 3415 {123
763 3362 864 3405 οὗτος
887 3368 1041 3418 ἡγεμών]
1066 3367 1256 3418 ηγοῦμινος
1279 3373 1309 3404 Α
1330 3372 1341 3414 ll

270 3418 313 3449 24
336 3413 422 3458 ἡμᾶς
442 3424 516 3460 post
541 3413 789 3462 διακρίνοντας
813 3418 889 3450 add.
915 3418 944 3450 A
976 3417 988 3460 ΙΙ
1016 3418 1056 3452 25
1093 3417 1144 3458 ἐκ]
1179 3413 1253 3451 ἀπὸ
1275 3418 1303 3449 A
1328 3415 1340 3462 ΙΙ

269 3456 512 3503 ἡγσυμενεύειν
532 3463 560 3494 Α
585 3462 597 3505 ΙΙ
628 3464 668 3495 27
693 3463 753 3495 καὶ
769 3462 1021 3504 -έμβαίνειή
1047 3459 1134 3506 πρὸς
1156 3459 1223 3504 τὴν
1246 3459 1339 3494 εὐσέ-

270 3507 374 3546 βειαν
402 3502 515 3537 ἕλκειν
533 3507 561 3538 A
579 3506 591 3550 ΙΙ
610 3509 652 3541 28
684 3505 772 3553 παρ’
800 3502 902 3549 ἡμῶν
923 3519 980 3539 om.
1005 3507 1035 3539 A
1051 3505 1063 3551 ΙΙ
1083 3509 1125 3540 30
1149 3509 1209 3539 καὶ
1231 3519 1339 3550 μονα-

270 3548 1348 3639 Zssleaelss'ffzssffltT⁵J⁶32⁰3221Ass2325⁸133⁹31⁰³23⁸12?

270 3639 328 3670 nai
352 3639 582 3680 μοναστριιῦν
604 3642 663 3671 καὶ
683 3637 913 3684 ἇσκητριῶνῗ
935 3639 948 3684 Ι
975 3608 1027 3674 33ρ
1042 3638 1156 3683 διακρ.
1180 3640 1241 3674 ἐπὶ
1260 3637 1339 3673 τού·

270 3691 344 3718 τοις
369 3679 411 3715 τό
434 3693 474 3728 γε
496 3681 602 3728 ἄρρεν
618 3684 646 3716 Α
677 3683 690 3727 ΙΙ
714 3687 755 3718 3-1
781 3682 921 3727 θήλεως
946 3685 991 3718 Μ
1010 3684 1022 3730 ΙΙ
1049 3688 1090 3720 35
1112 3680 1250 3719 πάντας
1274 3685 1303 3718 Α
1327 3685 1341 3730 n

699 2921 803 2957 Haec
832 2922 946 2968 iqitur
977 2922 1098 2958 omnia
1133 2921 1351 2958 sanctissimi
1378 2920 1621 2969 patriarchae
1648 2919 1715 2956 deo
1749 2919 1944 2955 carissimis
1972 2918 2261 2965 metropolitanis
2295 2916 2364 2954 sibi
2396 2917 2476 2959 sub*-

1408 3015 1451 3049 38
1471 3026 1518 3057 sq.
1549 3011 1585 3046 οἱ
1614 3009 1654 3045 δὲ
1687 3013 1760 3045 τοῖς
1787 3008 1996 3057 ὑποχειρίοις
2035 3005 2156 3043 αὗτῶν
2186 3006 2477 3054 &commentitum

1456 3117 1471 3149 1
1498 3115 1614 3155 uitam]
1646 3124 1746 3146 unam
1770 3113 1818 3146 R¹
1836 3112 1884 3156 112
1916 3112 1969 3153 ad]
1997 3122 2016 3144 a
2040 3111 2078 3145 V
2083 3113 2092 3131 ¹
2109 3110 2121 3156 ΙΙ
2139 3113 2159 3144 5
2186 3111 2364 3144 duraturus
2387 3109 2442 3145 V¹
2464 3110 2476 3154 ΙΙ

1408 3162 1427 3194 ’1
1464 3162 1551 3194 rubr.
1583 3160 1633 3192 De
1661 3158 1817 3191 abbatum
1846 3156 2056 3190 ordinatione
2079 3157 2111 3190 R
2138 3169 2198 3200 my.
2229 3156 2242 3199 ΙΙ
2267 3155 2475 3189 ordinatione

1408 3202 1498 3238 R'V
1514 3205 1526 3248 ΙΙ
1544 3204 1591 3236 sic
1613 3203 1746 3245 quando
1770 3203 1807 3236 V
1811 3203 1822 3224 ¹
1845 3202 1872 3235 si
1896 3201 2031 3244 quando
2051 3201 2079 3233 si
2102 3201 2152 3234 R¹
2167 3202 2179 3243 ΙΙ
2197 3202 2217 3235 8
2240 3200 2387 3233 abbatem
2407 3210 2474 3232 non

1409 3249 1460 3283 R²
1487 3249 1703 3283 abba-no·-
1730 3248 1777 3281 R*
1809 3245 1823 3292 ΙΙ
1856 3248 1892 3281 12
1924 3246 1984 3279 deo
2014 3245 2063 3279 R²
2092 3247 2124 3279 in
2147 3258 2214 3279 ras.
2239 3247 2377 3289 quinque
2398 3245 2475 3287 sere

1409 3295 1467 3329 litt.
1483 3294 1495 3337 ΙΙ
1517 3295 1556 3328 13
1582 3304 1662 3336 epo·
1690 3292 1727 3327 V
1731 3291 1745 3311 ²
1760 3293 1772 3336 [Ι
1788 3302 1847 3336 per
1869 3301 1980 3324 omnes
2003 3293 2239 3332 consequenter
2262 3288 2402 3333 VTn14
2426 3292 2474 3321 est

1409 3352 1467 3373 om.
1492 3338 1530 3372 V
1554 3338 1566 3382 ΙΙ
1598 3340 1637 3372 18
1669 3340 1716 3370 est
1739 3340 1772 3370 et
1794 3354 1836 3361 —
1861 3336 1992 3378 quidem
2017 3337 2088 3378 (20)
2111 3334 2161 3368 R’
2188 3335 2320 3386 scripsi}
2346 3333 2377 3366 in
2407 3345 2471 3366 ras.

1408 3385 1428 3418 2
1463 3394 1607 3417 versuum
1633 3382 1646 3426 ΙΙ
1678 3385 1710 3415 et
1741 3382 1807 3416 VR
1815 3380 1870 3424 (²)]
1905 3383 1943 3413 ut
1975 3381 2007 3414 T
2036 3378 2125 3422 quod
2154 3379 2239 3422 vulq.
2267 3380 2330 3420 (ως
2355 3377 2428 3417 Gr.)
2460 3379 2471 3420 ζΙ

1414 3429 1450 3462 18
1475 3429 1596 3468 omnes]
1618 3437 1730 3460 omnes
1739 3437 1798 3470 per
1809 3436 1920 3460 omnes
1934 3426 1970 3459 V
1978 3423 1990 3443 ¹
2042 3426 2079 3459 19
2101 3423 2201 3464 inter]
2225 3421 2448 3462 siinterRffl
2462 3423 2472 3458 ξ’

1409 3474 1447 3506 21
1475 3473 1546 3514 qui]
1582 3483 1622 3514 q·
1650 3471 1698 3506 V¹
1731 3472 1745 3516 fl
1774 3471 1914 3514 optimos
1939 3471 1990 3503 Ra
2058 3470 2099 3502 22
2130 3467 2182 3500 his
2210 3466 2294 3500 abba
2323 3467 2367 3499 sit
2390 3465 2438 3499 R¹
2461 3465 2474 3509 ΙΙ

1409 3520 1450 3551 23
1474 3517 1597 3549 habens
1620 3517 1852 3558 suffragantem
1878 3516 1910 3548 R
1937 3515 1949 3557 Ι
1974 3517 2010 3549 31
2039 3515 2098 3545 aut
2119 3512 2336 3552 monasteriis]
2360 3521 2471 3543 mona·

1406 3561 1514 3594 steriis
1545 3562 1623 3603 (que
1647 3561 1725 3595 add.
1749 3560 1811 3602 13²)
1835 3561 1867 3594 R
1893 3559 1907 3604 Ι
1936 3561 1978 3593 32
2013 3559 2047 3591 et
2075 3556 2248 3590 misteriis
2271 3556 2345 3596 ΒΤ,
2373 3558 2406 3588 et
2436 3556 2470 3587 in

1406 3606 1578 3639 assisteriis
1597 3606 1703 3649 suppl.
1728 3604 1766 3639 V
1769 3604 1783 3625 ¹
1808 3607 1840 3638 in
1860 3610 1944 3647 spat.
1968 3615 2037 3637 vae.
2065 3600 2079 3646 Ι
2105 3602 2146 3635 33
2170 3600 2367 3633 discerentea
2391 3598 2439 3634 R¹
2459 3601 2472 3644 ΙΙ

1407 3653 1449 3684 33
1473 3650 1637 3683 masculos
1658 3651 1718 3683 aut
1739 3649 1877 3682 seminas
1897 3648 1934 3682 V
1937 3647 1952 3669 ¹
1977 3650 1990 3691 Ι
2017 3645 2106 3689 quod
2128 3657 2185 3679 om.
2215 3646 2245 3679 T
2265 3644 2277 3690 Ι
2304 3647 2344 3680 35
2365 3646 2470 3678 consi-

1405 3697 1500 3729 stunt
1525 3696 1557 3730 T
