2618 4010
281 124 388 167 Nov.
421 124 502 166 XX
537 127 643 166 1—4

284 230 373 269 ὤςτε
392 234 516 287 μόνην
538 232 606 278 τὴν
631 231 737 275 τάξιν
763 236 825 279 τῆς
848 235 909 280 σῆς
935 233 1106 281 ὑπεροχῆς
1135 239 1213 272 ταῖς
1240 235 1359 272 τοιαύ-

281 290 358 313 ταις
383 281 574 325 υπηρετεῖν
597 276 795 322 exul-brois,
826 278 996 327 καθάπερ
1026 284 1086 315 καὶ
1109 279 1286 328 πρότερον
1303 275 1359 326 ἦν,

281 325 312 357 εἰ
343 326 402 357 καὶ
436 326 476 358 ἐν
510 322 664 378 σχήματι
701 325 806 360 θείου
836 323 1071 381 ἇκροατηριόυ
1105 324 1264 373 λέγοιντο
1298 330 1359 362 καὶ

280 372 410 414 παρείη
433 370 493 402 καὶ
518 381 537 402 ο
569 366 804 410 ἐνδοξότατος
825 367 930 416 ἡμων
961 375 1154 417 κοιαίστωρ
1186 373 1246 405 καὶ
1276 384 1359 416 μετ-

279 415 350 456 ε’χοι
372 413 452 447 τῶν
470 417 746 461 πραττομένων.

1346 122 1425 172 142

1764 142 1826 174 ΒΕ
1855 142 2289 176 ADMINISTRAN‘HBUS
2312 143 2496 176 ormcns

1428 237 1585 273 officium
1606 240 1692 275 tuae
1717 238 1935 277 celsitudinis
1957 241 2090 278 talibus
2112 242 2314 278 ministrare
2336 241 2494 289 appella-

1426 283 1594 325 tionibus,
1618 282 1714 319 sicut
1735 284 1773 320 et
1793 284 1893 330 prins
1910 285 1998 329 fuit,
2027 287 2059 323 si
2081 291 2118 323 et
2139 287 2177 323 in
2201 287 2380 325 schemate
2403 288 2497 324 sacri

1427 327 1596 363 auditorii
1615 326 1780 364 dicantur
1797 332 1834 364 et
1852 329 1947 366 adsit
1963 331 2236 376 gloriosissimus
2256 334 2377 369 noster
2389 342 2496 378 quae-

1395 420 1414 452 5
1427 374 1504 408 stor
1526 376 1563 408 et
1585 373 1767 419 particeps
1789 372 1839 410 sit
1859 376 2047 419 gestorum.

325 546 429 585 Ἀλλὰ
463 547 536 594 μὴν
571 551 718 597 ἐπείπερ
760 549 780 585 ὁ
816 551 877 594 τῆς
911 548 1056 596 πρώτης
1091 547 1357 585 Καππαδοκίας
1469 549 1539 586 Sed
1572 551 1678 587 etiam
1710 552 1875 596 quoniam
1914 554 2045 598 primae
2075 555 2126 592 Ca
2151 556 2322 602 padociae
2350 566 2495 603 praeses

277 590 466 640 ἡγούμενος
495 593 674 641 πρότερον
705 595 753 630 εἰς
784 595 850 638 τὴν
884 595 951 639 σὴν
982 592 1094 648 ἀρχὴν
1123 593 1219 641 ἐώρα
1238 592 1356 648 μόνην
1424 595 1523 641 prius
1550 594 1597 631 ad
1625 598 1724 632 tuum
1757 597 1935 642 cingulum
1969 567 2182 645 respiciegat
2212 601 2342 645 solum,
2377 606 2415 638 et
2444 601 2496 638 ibi

276 636 416 673 κάκεῖσε
446 636 490 673 τὸ
518 640 597 674 τῶν
621 642 780 685 ἐφέσεων
802 642 964 686 ἐφέρετο,
993 654 1061 674 νυν
1088 638 1128 674 δὲ
1153 641 1201 674 εἰς
1223 653 1266 675 το
1290 641 1354 674 τοῦ
1424 640 1681 686 appellationes
1706 641 1931 687 ferebantur,
1963 654 2058 680 nunc
2081 649 2199 682 autem
2229 646 2267 682 in
2290 647 2494 693 spectabilis

277 682 518 732 περιβλέπων
546 681 762 720 ἀνθυπάτου
790 683 1056 729 μεταβέβληται
1087 685 1220 730 σχῆμα,
1249 682 1356 719 οὐδὲν
1423 686 1646 731 proconsulis
1671 686 1819 731 figuram
1841 690 1999 724 mutatus
2023 694 2095 733 est,
2124 691 2232 727 nihilo
2257 692 2374 728 minus
2399 703 2493 729 com-

275 721 385 773 ἦττον
403 728 579 776 προσῆκόν
598 731 686 771 ἐστι,
710 733 769 763 καὶ
793 731 854 773 τῆς
877 728 982 777 ἀρχῆς
1001 730 1136 773 ἐκείνης
1153 732 1178 764 ε’
1200 742 1276 764 εσιν
1300 728 1354 764 δε·
1371 733 1410 766 10
1423 733 1547 775 petens
1571 733 1636 774 est,
1662 735 1697 767 et
1721 731 1783 766 illa
1806 731 2110 771 administratione
2125 736 2398 781 appellationem
2415 748 2493 774 sus-

274 776 423 818 χομένης
445 776 504 808 καὶ
527 771 830 818 ἀναπεμπομένης
849 776 910 818 τῆς
933 772 1031 818 δίκης
1055 743 1232 817 indiga,
1262 774 1355 810 κατὰ
1422 775 1575 821 cipiente
1611 779 1648 812 et
1682 776 1843 813 mittente
1873 778 1971 813 litem
2002 779 2079 823 hic,
2125 781 2317 817 seeundum
2356 791 2494 818 sacram

274 817 343 875 τὴν
365 818 476 853 θείαν
500 816 603 864 ἡμῶν
625 817 789 859 διάταξιν
806 822 846 853 έν
866 817 965 860 τάξει
989 819 1094 854 θείου
1117 817 1354 875 ἀκροατηρίου
1422 823 1581 856 nostram
1604 822 1894 858 constitutionem
1917 823 1954 858 in
1974 823 2098 860 ordine
2115 825 2208 861 sacri
2230 826 2399 863 auditorii
2417 837 2494 862 eam

275 863 389 908 αυτὴν
421 861 684 911 ἀγωνίζεσθαι,
721 862 892 899 συνόντος
927 867 987 899 καὶ
1021 865 1085 899 τοῦ
1117 863 1354 906 ἐνδοξοτάτου
1422 866 1634 909 examinari,
1678 871 1865 912 praesente
1911 878 2050 913 quoque
2084 869 2335 913 gloriosissimo
2371 875 2494 907 nostro

274 906 380 953 ἡμῶν
399 913 634 955 κοιαίστωρος
652 911 711 942 καὶ
737 911 1034 955 συνακροωμένου
1051 911 1113 954 τῆς
1129 908 1351 952 ὑποθέσεως,
1421 915 1611 956 quaestore
1642 914 1679 947 et
1708 912 1841 956 pariter
1865 913 2029 948 audiente
2052 915 2246 958 negotium,
2274 916 2350 952 solo
2375 915 2493 952 officio

273 951 382 999 μόνης
413 952 453 988 δὲ
483 955 545 997 τῆς
574 953 709 994 τάξεως
730 951 1016 1000 ὑπηρετουμένης
1040 955 1100 998 τῆς
1123 956 1194 1000 σῆς,
1227 953 1352 999 ἐπειδὴ
1368 958 1408 991 15
1421 956 1644 992 ministrante
1667 960 1741 1000 tuo,
1774 957 1940 1009 quoniam
1964 961 2000 994 et
2049 959 2123 994 rius
2146 959 2215 995 hoc
2239 960 2383 997 solitum
2406 965 2492 997 erat.

274 1002 333 1033 καὶ
357 997 536 1054 πρότερον
559 1000 667 1033 τοῦτο
691 998 911 1043 ἐνενόμιστο.
959 1001 1006 1034 Εἰ
1057 998 1101 1046 ἀρ
1125 1003 1185 1035 καὶ
1209 997 1228 1035 ὁ
1253 1004 1351 1047 περί·
1421 998 1513 1036 Nam
1541 1002 1608 1036 etsi
1632 1002 1836 1046 spectabilis
1861 1012 1978 1038 comes
2036 1014 2179 1039 omuum
2208 1005 2403 1050 permixtus
2426 1011 2493 1048 est,

274 1042 427 1087 βλεπτοε
449 1054 558 1096 κομης
580 1044 659 1078 τῶν
681 1043 807 1078 οἰκιῶν
829 1013 1078 1089 συνανεμίχιζη
1098 1046 1167 1080 νῦν
1186 1046 1232 1094 τῇ
1249 1042 1350 1093 ἀρχῇ,
1420 1050 1538 1082 tamen
1574 1056 1688 1092 neque
1718 1046 1852 1092 pridem
1889 1048 2022 1084 multae
2058 1049 2231 1094 quaedam
2265 1051 2495 1086 movebantur

273 1086 353 1123 ἀλλ’
380 1081 444 1122 οὖν
467 1101 548 1122 ουτε
572 1087 750 1135 πρότερον
772 1087 905 1124 πολλαί
925 1102 1020 1124 τινες
1043 1091 1228 1126 ἐκινοῦντο
1252 1088 1350 1125 δίκαι
1420 1100 1550 1127 causae
1581 1091 1679 1137 apud
1710 1102 1789 1127 eum
1824 1103 1938 1137 neque
1974 1103 2018 1129 ex
2046 1094 2176 1130 iudicio
2206 1094 2282 1131 eius
2312 1095 2495 1132 ferebatur

274 1131 362 1179 παρ’
387 1129 486 1177 αὐτῷ
517 1131 598 1167 οὔτε
628 1135 665 1166 έκ
695 1135 757 1167 τοῦ
786 1131 1017 1180 δικαστηρίου
1040 1136 1103 1170 τοῦ
1129 1133 1210 1170 κατ’
1238 1133 1350 1170 αὐτὸν
1419 1136 1539 1181 aliqua
1560 1147 1673 1181 paene
1697 1137 1888 1182 appellatio
1912 1138 1980 1173 hic.
2019 1138 2125 1175 Nunc
2141 1143 2259 1175 autem
2283 1150 2374 1185 quae
2399 1140 2494 1176 circa

273 1177 416 1224 εφέρετὸ
447 1189 502 1212 τις
532 1176 661 1221 σχεδὸν
690 1180 809 1224 ἔφεσις
840 1180 1015 1214 ἐνταῦθα.
1061 1181 1130 1215 νῦν
1155 1178 1195 1215 δὲ
1223 1178 1267 1224 δὴ
1290 1183 1350 1215 καὶ
1363 1183 1406 1216 20
1420 1181 1550 1217 aerarii
1573 1181 1875 1227 dispensationem
1901 1186 1995 1226 sunt,
2020 1187 2057 1219 et
2078 1184 2155 1220 aliis
2175 1185 2263 1220 haec
2309 1185 2493 1222 uibusdam

273 1222 317 1257 τὰ
340 1226 423 1270 περὶ
445 1222 508 1257 τὰς
530 1221 705 1268 ταμιακὰς
730 1221 919 1268 διοικήσεις
941 1228 1000 1258 καὶ
1020 1226 1152 1272 ἑτέροις
1168 1228 1242 1260 τισὶ
1259 1238 1348 1271 παρ·
1418 1226 1628 1262 tradidimus
1649 1230 1685 1262 et
1703 1237 1775 1263 non
1796 1230 1936 1273 oportet
1954 1228 2000 1264 ob
2024 1228 2093 1265 hoc
2113 1229 2223 1265 minui
2248 1240 2286 1266 se
2312 1240 2366 1266 em
2384 1233 2492 1275 tuam,

273 1266 476 1312 εὸώκαμεν,
506 1271 566 1302 καὶ
595 1265 636 1302 οὗ
671 1266 726 1303 δεῖ
753 1269 852 1322 παρὰ
872 1271 978 1304 τοῦτο
1002 1268 1259 1314 ἐλαττωθῆναι
1283 1270 1350 1305 τὸν
1419 1270 1484 1306 sed
1506 1271 1666 1307 similiter
1689 1275 1789 1307 tuum
1813 1272 2014 1309 ministrate
2039 1274 2197 1311 officium
2220 1275 2334 1311 solum
2357 1275 2415 1312 hic
2433 1276 2492 1311 de·

273 1313 339 1347 σὸν
356 1311 507 1360 θρόνον,
530 1310 612 1347 ἀλλ’
634 1310 767 1358 ὁμοίως
788 1327 856 1358 την
876 1314 944 1358 σὴν
959 1313 1222 1361 ὑπηρετεῖσθαι
1245 1313 1349 1356 τάξιν
1419 1316 1500 1352 latis
1524 1316 1686 1361 negotiis.

271 1358 387 1402 μόνην
409 1361 487 1393 ταῖς
511 1358 676 1393 ἐνταῦθα
701 1362 911 1405 φερομέναις
935 1356 1145 1395 ὑποθέσεσι.

1258 1450 1414 1487 CAPUT
1443 1450 1507 1486 111.

323 1502 437 1540 Ταί-τὸ
457 1503 498 1539 δὲ
516 1506 623 1539 τοῦτο
643 1507 702 1539 καὶ
726 1507 794 1540 ἐπὶ-
810 1506 873 1540 τοῦ
896 1508 957 1562 τῇς
974 1502 1157 1553 Ἀρμενίας
1180 1503 1347 1541 ἀνθυπά-
1362 1509 1403 1542 25
1461 1506 1541 1542 Hoc
1570 1501 1689 1551 ipsum
1722 1507 1829 1542 etiam
1861 1507 1898 1542 in
1920 1510 2112 1546 Armeniae
2143 1510 2356 1555 proconsule
2403 1522 2492 1565 quo-

272 1564 350 1592 wv,
386 1548 510 1593 ἐπειδὴ
538 1548 714 1596 πρότερον
747 1547 858 1598 ἀρχὴν
894 1550 1005 1594 αυτὴν
1032 1549 1160 1598 όρδινα
1185 1554 1245 1586 ίαν
1277 1554 1348 1596 [ἔμ-
1415 1550 1512 1587 niam
1535 1551 1635 1597 prius
1659 1551 2000 1589 administrationem
2025 1565 2102 1590 eam
2126 1554 2339 1591 ordinariam
2357 1538 2490 1592 iacien-

272 1595 440 1652 ssafl'fcovl
466 1593 680 1638 ποιήσαντες
712 1596 780 1630 νῦν
809 1593 915 1630 οὐδὲν
946 1594 1036 1644 αὐτῇ
1061 1607 1148 1643 προς
1181 1599 1277 1630 ὀντες
1300 1597 1348 1631 εἰς
1415 1600 1470 1632 tes
1494 1599 1531 1632 et
1552 1607 1648 1632 nune
1672 1596 1761 1632 nihil
1783 1597 1816 1632 ei
1840 1597 2012 1635 addentes
2035 1599 2073 1635 in
2092 1600 2317 1645 proconsulis

272 1642 314 1675 τὸ
337 1642 398 1683 τῆς
420 1640 669 1675 ανθυπατείας
691 1640 935 1695 μετηγάῖομεν
959 1644 1086 1686 σχῆμα.
1124 1644 1196 1675 Καὶ
1215 1640 1282 1688 γὰρ
1304 1640 1348 1685 δὴ
1416 1642 1639 1677 mutavimus.
1699 1641 1842 1677 Etenim
1877 1643 1958 1679 inde
1992 1645 2214 1681 venientibus
2248 1646 2372 1682 litibus
2408 1648 2492 1682 tuae

272 1689 332 1720 καὶ
351 1688 429 1720 ταῖς
453 1685 595 1719 ἐκεῖθεν
619 1683 733 1720 δίκαις
755 1699 776 1729 η
795 1697 857 1729 της
880 1687 942 1729 σῆς
971 1686 1143 1733 ὑπεροχῆς
1173 1682 1346 1733 ὖπηρετή-
1416 1686 1634 1722 celsitudinis
1665 1686 1882 1722 ministrabit
1911 1688 2086 1733 officium,
2116 1690 2177 1726 lite
2207 1690 2347 1736 quidem
2374 1691 2412 1726 in
2435 1702 2491 1727 or·

273 1743 374 1765 σεται
396 1728 512 1772 τάξις,
543 1731 604 1774 τῆς
633 1728 730 1774 δίκης
759 1733 827 1775 μὲν
854 1732 895 1765 ἐν
923 1728 1021 1772 τάξει
1045 1731 1150 1766 θείου
1173 1728 1345 1778 άκροατη·
1359 1734 1402 1767 30
1416 1732 1497 1768 dine
1532 1731 1628 1767 sacri
1661 1731 1848 1775 auditorii,
1885 1733 1979 1769 sicut
2013 1735 2272 1780 praediximus,
2308 1735 2490 1778 movenda,

273 1779 368 1831 ρίου,
401 1774 571 1821 καθάπερ
594 1772 756 1811 εἰπόντες
783 1776 970 1822 ἔφθημεν,
1001 1789 1099 1811 κινου
1127 1780 1224 1819 ε’νηε,
1252 1774 1345 1829 παρ’
1415 1777 1512 1823 apud
1547 1777 1671 1813 ambos
1707 1781 1827 1813 autem
1868 1788 1930 1814 vos
1969 1780 2220 1824 examinanda,
2264 1780 2490 1817 nihilominus

271 1835 320 1865 αμ
351 1823 484 1867 οτέροις
503 1819 544 1854 δὲ
566 1818 650 1864 ὑμῖν
674 1820 941 1865 ἐξεταζομένης,
965 1819 1071 1856 οὐδὲν
1095 1790 1135 1855 διε
1154 1813 1263 1864 ἧττον
1287 1833 1348 1864 της
1415 1826 1535 1858 autem
1571 1821 1690 1858 officio
1726 1825 1789 1858 tuo
1824 1823 2048 1860 ministrante
2083 1836 2230 1870 causae,
2265 1826 2359 1862 sicut
2417 1826 2492 1862 rius

272 1835 404 1906 τάξεως
437 1867 498 1909 τῆς
534 1866 596 1908 σῆς
630 1863 912 1920 ὑπῃρετουμένηε
940 1868 994 1910 τῷ
1022 1865 1222 1913 πράγματι,
1254 1866 1346 1900 καθ·
1414 1867 1501 1910 fuit,
1532 1867 1615 1903 dum
1638 1868 1753 1903 solum
1778 1868 2094 1906 administrationis
2120 1871 2321 1907 ordinariae
2342 1871 2391 1907 ha
2417 1875 2492 1907 eret

272 1910 363 1956 άπερ
386 1913 445 1944 καὶ
469 1907 646 1957 πρότερον
669 1924 724 1954 ην,
756 1907 861 1953 ἡνίκα
881 1909 994 1954 μόνον
1012 1910 1053 1946 τὸ
1075 1913 1135 1954 τῆς
1158 1908 1264 1958 ἀρχῆς
1287 1912 1347 1954 τῆς
1416 1912 1557 1948 schema
1580 1913 1716 1948 maiore
1741 1911 1864 1948 ordine
1887 1924 1959 1949 non
1982 1920 2164 1961 suscepto.

273 1956 485 1999 καλουμένης
515 1952 721 2002 όρδιναρίας
749 1955 818 1998 εἶχε
846 1956 962 2000 σχῆμα
992 1958 1140 2001 μείζονα
1174 1955 1277 1997 τάξιν
1307 1957 1347 1990 οὗ
1360 1959 1401 1992 35

273 1999 530 2046 προςλαβοῦσα.

1262 2068 1418 2104 CAPUT
1447 2067 1507 2103 IV.

315 2120 460 2166 Ἐπειδὴ
491 2120 531 2157 δὲ
553 2127 612 2158 καὶ
636 2126 848 2158 Λυκαονίαν
872 2127 931 2157 καὶ
955 2122 1127 2158 Πισιδίαν
1152 2128 1211 2159 καὶ
1239 2123 1347 2158 Ἰσαυ-
1459 2123 1632 2167 Quoniam
1668 2127 1705 2160 et
1735 2124 1950 2176 Lycaoniam
1983 2129 2020 2160 et
2049 2125 2219 2162 Pisidiam
2251 2132 2287 2163 et
2317 2128 2490 2164 Isauriam

273 2173 356 2216 ρίαν
383 2165 454 2204 ὑπὸ
480 2166 625 2213 ἄρχουσι
658 2168 837 2215 πρότερον
868 2172 1084 2215 τεταγμένας
1119 2173 1177 2203 καὶ
1206 2169 1267 2204 τὰς
1295 2171 1346 2203 ἐκ·
1417 2169 1483 2204 sub
1514 2169 1693 2205 iudicibus
1727 2171 1890 2214 prlmltus
1924 2170 2136 2206 constitutas
2167 2174 2204 2207 et
2234 2173 2491 2218 appellationes

274 2259 405 2296 talibus
437 2258 746 2306 appellationibus
776 2258 1016 2300 ministraret,
1048 2258 1345 2304 quemadmodum
1375 2259 1484 2296 etiam
1508 2262 1618 2294 antea
1645 2258 1775 2304 fiebat,
1807 2259 1949 2294 etiamsi
1978 2259 2016 2294 in
2045 2259 2172 2305 forma
2194 2262 2293 2297 sacri
2315 2262 2490 2299 auditorii

272 2308 432 2351 ayantur
453 2310 490 2340 et
538 2302 795 2339 loriosissimus
817 2307 941 2338 noster
961 2306 1133 2355 quaestor
1156 2303 1251 2338 adsit
1274 2307 1310 2338 et
1330 2304 1519 2350 particeps
1540 2303 1589 2339 sit
1611 2313 1737 2339 eorum
1760 2314 1855 2350 quae
1876 2308 2064 2350 geruntur.
2123 2349 2131 2357 ·

407 2349 453 2385 11.
500 2314 580 2384 lima
640 2348 783 2383 uoniam
840 2347 879 2383 ui
905 2358 1048 2395 primae
1076 2347 1331 2395 Cappadociae
1349 2352 1507 2400 praeest
1541 2352 1649 2383 antea
1679 2347 1728 2383 ad
1756 2348 1873 2399 solum
1903 2353 2002 2384 tuum
2032 2353 2283 2396 maqtstratum
2325 2351 2491 2397 respexit

271 2398 381 2447 atque
402 2393 488 2429 illue
510 2359 798 2445 appeliationem
824 2392 1075 2445 eferebantur,
1110 2404 1207 2428 nune
1230 2404 1320 2445 vero.
1343 2404 1381 2428 tn
1408 2392 1617 2445 spectaoilis
1633 2392 1874 2439 proconsulis
1894 2393 2054 2439 ftquram
2077 2399 2236 2446 mutatus
2257 2401 2330 2440 est,
2361 2396 2490 2433 nihilo-

270 2442 603 2520 almitatis
626 2437 1114 2519 &listiuzi-sszewzm‘tz
1138 2449 1191 2519 52²3?
1207 2437 2491 2535 izialzmffisssffizsspssttssaultimusexstat-‘tem

271 2533 393 2566 noster
416 2532 589 2576 quaestor
608 2532 644 2564 et
667 2539 743 2563 una
766 2538 913 2563 causam
936 2532 1144 2574 coqnoseat,
1167 2527 1284 2564 solum
1308 2539 1394 2564 vero
1419 2528 1583 2574 officium
1613 2532 1711 2563 tuum
1729 2528 1918 2571 ministret,
1942 2528 2234 2575 quandoquidem
2257 2531 2364 2567 etiam
2380 2531 2491 2578 prius

272 2574 341 2610 hoe
362 2584 430 2610 usu
453 2577 609 2610 venerat.
658 2573 751 2608 Nam
774 2573 842 2608 etsi
869 2573 1077 2620 spectabilis
1108 2583 1226 2609 eomes
1256 2573 1446 2609 domorum
1475 2572 1509 2608 ei
1537 2583 1596 2608 ma
1624 2573 1772 2608 istratui
1797 2583 1893 2608 nunc
1924 2573 2111 2609 admixtus
2133 2580 2201 2618 est,
2233 2580 2350 2612 tamen
2374 2587 2489 2622 neque

271 2623 381 2656 antea
415 2619 550 2655 multae
585 2618 665 2654 lites
699 2617 801 2664 apud
830 2628 910 2653 eum
940 2617 1176 2654 movebantur
1208 2629 1323 2664 neque
1352 2629 1376 2653 a
1406 2617 1539 2654 iudicio
1566 2617 1595 2652 il
1608 2618 1666 2652 ius
1700 2617 1777 2652 ulla
1802 2618 1884 2663 sere
1914 2618 2114 2665 appellatio
2145 2619 2214 2670 leuc
2244 2620 2487 2666 deserebatur.

271 2665 379 2700 Nune
405 2675 489 2701 vero
513 2667 548 2699 et
571 2674 665 2710 quae
688 2663 739 2698 ad
760 2662 897 2698 aerarii
927 2662 1257 2699 administrationes
1278 2663 1471 2710 pertinent
1497 2662 1582 2698 aliis
1600 2672 1745 2708 quoque
1767 2661 1981 2714 quibusdam
2003 2663 2259 2715 commisimus,
2290 2676 2356 2702 nee
2370 2675 2487 2713 prop-

273 2715 369 2746 terea
389 2712 452 2745 tua
474 2708 577 2745 sedes
598 2707 841 2743 imminuenda
861 2710 932 2744 est:
951 2708 1016 2744 sed
1033 2708 1198 2744 similiter
1223 2712 1321 2744 tuum
1345 2708 1509 2754 officium
1531 2707 1648 2743 solum
1671 2717 1792 2742 causis
1815 2706 1885 2743 huc
1907 2707 2039 2743 delatis
2061 2714 2251 2746 ministret.

404 2754 468 2790 111.
514 2755 633 2800 Atque
663 2752 732 2788 hoc
761 2751 855 2789 idem
878 2753 985 2789 etiam
1009 2753 1047 2788 in
1069 2753 1262 2790 Armeniae
1290 2752 1528 2800 proconsule:
1586 2753 1731 2787 uoniam
1762 2752 1826 2798 qui
1855 2763 1933 2787 eam
1962 2753 2068 2799 prius
2090 2758 2311 2800 potestatem
2342 2757 2488 2794 ordina—

270 2801 363 2836 riam
385 2798 623 2841 reddidimus,
655 2808 750 2833 nunc
779 2796 872 2833 nihil
900 2798 935 2833 ei
963 2797 1137 2834 addentes
1164 2799 1203 2834 in
1227 2798 1515 2846 proconsulatus
1560 2807 1698 2832 ormam
1726 2797 1950 2849 mutavimus.
2010 2797 2154 2834 Etenim
2177 2799 2285 2836 etiam
2314 2801 2362 2837 iis
2395 2814 2489 2850 quae

270 2844 354 2881 inde
384 2844 530 2881 veniunt
558 2843 679 2879 causis
709 2846 792 2878 tuae
821 2842 1051 2878 sublimitatis
1079 2843 1243 2889 officium
1274 2842 1512 2879 ministrabit:
1545 2846 1587 2878 ut
1617 2852 1730 2877 causa
1759 2842 1798 2877 in
1821 2841 1949 2878 ordine
1974 2843 2072 2878 sacri
2094 2844 2287 2889 auditorii,
2319 2848 2487 2893 quemad-

271 2889 414 2925 modum
437 2893 522 2925 ante
544 2888 721 2930 dirimas,
752 2891 955 2930 moveatur,
986 2888 1088 2935 apud
1117 2892 1308 2935 utrumque
1336 2892 1455 2924 autem
1485 2891 1642 2923 vestrum
1669 2887 1913 2939 examinetur,
1948 2886 2181 2924 nihilominus
2209 2901 2293 2927 vero
2325 2892 2488 2938 officium

273 2940 371 2970 tuum
393 2934 448 2970 rei
468 2933 656 2976 ministret,
685 2933 780 2968 sicut
801 2933 908 2968 etiam
933 2938 1040 2969 antea
1063 2938 1161 2977 erat,
1194 2944 1274 2969 cum
1296 2933 1412 2970 solam
1433 2932 1626 2980 potestatis
1648 2931 1857 2968 ordinariae
1879 2943 1972 2978 quae
1992 2936 2146 2969 vocatur
2166 2935 2319 2982 speeiem
2344 2936 2490 2973 liaberet

271 2980 408 3016 maiore
431 2977 559 3014 ordine
577 2989 652 3014 non
675 2978 866 3024 acquisito.
2044 3023 2050 3029 ¹

404 3023 466 3060 IV.
512 3022 691 3067 Quoniam
722 3033 807 3058 vero
837 3027 872 3059 et
894 3022 1118 3070 Lycaoniam
1146 3027 1182 3059 et
1206 3022 1383 3059 Pisidiam
1406 3026 1442 3058 et
1465 3021 1658 3065 Isauriam,
1684 3033 1778 3068 quae
1799 3021 1864 3058 sub
1882 3022 2117 3069 praesidibus
2139 3028 2246 3061 antea
2272 3026 2489 3063 constitutae

316 3117 336 3150 4
360 3114 484 3159 *παρῆ
507 3114 584 3147 libri
597 3113 610 3158 11
627 3109 730 3155 ἡμῶν
754 3126 813 3147 om.
827 3114 878 3146 13⁶
894 3112 908 3157 11
922 3115 1059 3157 μετέχει
1075 3114 1121 3147 Μ
1130 3112 1143 3157 11
1159 3115 1178 3147 8
1200 3109 1244 3147 τὰ
1269 3113 1348 3146 τῶν
1379 3118 1382 3166 1
1460 3115 1479 3146 2
1510 3113 1538 3145 si
1562 3112 1612 3146 Β,
1621 3112 1684 3154 Vs]
1714 3115 1764 3146 set
1785 3113 1835 3146 12¹
1865 3113 1931 3146 scic
1964 3113 2024 3155 17²,
2044 3126 2102 3148 om.
2125 3114 2237 3159 ”aly-ss
2270 3117 2292 3150 4
2323 3117 2356 3150 et
2383 3117 2487 3160 parti·

275 3162 308 3194 B
324 3160 337 3204 11
360 3161 382 3194 9
402 3162 444 3202 cs.
463 3150 539 3193 ⁵nov.
565 3159 685 3192 XXX
707 3158 719 3202 11
747 3161 785 3192 13
811 3153 929 3192 αὐτοῖς
951 3160 982 3192 L
1001 3161 1013 3198 11
1042 3161 1081 3193 14
1103 3168 1345 3205 συνακροασα-
1380 3170 1382 3183 ¹
1414 3169 1488 3200 ceps
1510 3159 1554 3191 sit
1576 3160 1742 3199 gestorum
1767 3170 1826 3192 om.
1847 3157 1896 3191 12¹
1919 3156 1932 3202 11
1963 3160 1983 3192 6
2008 3158 2178 3201 capadotie
2201 3159 2310 3205 RVfl
2338 3163 2356 3195 '¹1
2381 3160 2486 3194 solum

271 3208 379 3249 μένας
397 3204 457 3247 Lu
484 3206 522 3238 15
548 3200 588 3238 δὲ
606 3216 666 3237 om.
691 3202 738 3243 el}
766 3204 805 3237 16
829 3205 888 3236 καὶ
912 3200 932 3237 ό
955 3200 1134 3249 πρότερον
1152 3204 1184 3237 L
1202 3203 1216 3245 Ι
1231 3200 1345 3236 ἐνενό-
1416 3206 1448 3237 et
1470 3203 1531 3244 ibi]
1555 3214 1587 3235 m
1611 3205 1644 3235 et
1667 3202 1716 3235 ibi
1750 3202 1798 3236 V²
1821 3203 1855 3237 in
1873 3215 1938 3235 ras.
1959 3202 1970 3244 11
1992 3205 2029 3237 10
2053 3203 2145 3236 illam
2169 3204 2484 3239 administrationem

271 3260 377 3293 μιστο
402 3249 592 3290 ΙΙεὺηὸαεΙι]
619 3244 809 3291 νενόμιστο
835 3249 912 3283 libri
935 3247 949 3293 11
980 3251 1017 3283 17
1044 3248 1171 3282 οἰκιῶν
1195 3249 1266 3290 Me]
1298 3247 1345 3280 oi-

273 3297 380 3328 κείων
401 3295 485 3328 Ll3⁶
506 3295 564 3338 (qs.
593 3294 671 3328 God.
690 3294 742 3334 12,
761 3302 788 3335 5,
806 3301 822 3327 2
847 3306 915 3326 cum
944 3294 1072 3328 Cuiacii
1094 3294 1213 3336 comm.)
1238 3293 1252 3335 11
1280 3292 1348 3326 νῦν

273 3340 325 3416 r..
347 3335 436 3428 5053
461 3352 529 3418 ,εει-
544 3350 574 3425 -5
597 3334 1050 3426 lesistis-„52⁶2
1065 3335 1348 3425 sfiliis:

276 3405 383 3460 antem
409 3441 428 3465 ι-
451 3428 463 3473 11
491 3396 615 3470 21ῳτὰ]
638 3426 702 3463 τὰς
725 3426 788 3472 Lu
812 3426 1005 3471 vapulantis
1028 3397 1169 3472 8111111τέ
1210 3438 1239 3462 ae
1262 3429 1347 3468 τισὶ]
1424 3428 1458 3462 V
1511 3427 1551 3460 19
1574 3430 1634 3459 aut
1666 3427 1700 3461 V
1749 3429 1792 3461 20
1816 3427 1931 3461 errarii
1955 3427 2084 3472 RVT}
2107 3429 2186 3478 sunt
2209 3426 2482 3468 dispensationem

276 3471 352 3504 aliis
371 3473 450 3505 haec
474 3473 670 3515 quibusdam
695 3484 715 3510 ς
739 3473 752 3516 Ι
782 3469 1091 3518 παραδεδώκαμεν
1113 3475 1145 3508 L
1181 3476 1187 3518 1
1216 3475 1258 3508 22
1282 3470 1349 3506 τὸν
1418 3472 1451 3506 R
1512 3471 1593 3505 haec
1617 3472 1679 3506 del.
1743 3473 1798 3506 eclc
1824 3471 1838 3516 Ι
1865 3472 1907 3506 22
1931 3472 2061 3513 delatis]
2085 3470 2201 3505 detali·
2232 3470 2283 3504 1⁷¹
2317 3470 2357 3504 de
2389 3471 2439 3504 V²

278 3513 417 3561 θρόνον
439 3516 504 3550 τὸν
523 3516 589 3552 σὸν
607 3519 638 3552 L
651 3518 731 3559 (Bt)
748 3517 761 3562 11
779 3519 821 3552 26
845 3515 1022 3563 πρότερον
1042 3517 1110 3561 τὴν
1131 3515 1241 3565 ἀρχὴν
1264 3518 1316 3552 13⁶
1337 3515 1352 3563 [1
1417 3518 1460 3550 25
1484 3516 1594 3558 etiam]
1620 3518 1653 3549 et
1671 3517 1719 3550 R¹
1738 3516 1809 3561 1126
1832 3516 2094 3568 ministratione
2115 3513 2172 3558 Vfl
2188 3516 2228 3549 27
2252 3514 2359 3557 figura
2385 3516 2448 3567 VT

277 3560 473 3615 ἔμ’βαθμον
498 3562 553 3604 Μ,
578 3576 637 3597 om.
656 3563 747 3600 LBe
764 3563 832 3607 127
859 3563 902 3605 qs.
927 3575 998 3597 nov.
1016 3564 1156 3598 XXXI
1176 3565 1232 3597 c.l
1282 3562 1350 3596 νῦν
1418 3562 1460 3596 28
1481 3560 1738 3594 aduenientibus
1768 3561 1803 3595 V
1823 3560 1837 3603 11
1866 3563 1908 3596 29
1939 3558 2188 3602 celsitudinibus
2210 3559 2261 3592 R·
2287 3561 2300 3602 Ι
2334 3560 2481 3594 ordinem

279 3602 393 3646 αυτὴν
414 3602 519 3638 οὐδὲν
539 3604 627 3650 αὐτῆ
647 3609 678 3641 L
707 3608 721 3652 Ι
748 3609 790 3642 29
819 3603 893 3650 ὖπη
916 3605 1031 3650 ετήσει
1053 3609 1103 3642 B⁶
1128 3607 1142 3653 11
1171 3609 1215 3643 30
1278 3609 1351 3641 σίας
1417 3605 1477 3648 Ru
1497 3607 1538 3639 30
1560 3607 1755 3640 mouendam
1778 3605 1834 3650 Vll
1849 3609 1886 3640 31
1915 3606 2004 3650 apud
2023 3613 2133 3638 omnes
2151 3602 2263 3637 ambos
2283 3604 2325 3637 V¹
2379 3608 2419 3657 ³.⁷
2441 3606 2481 3639 li-

280 3650 312 3683 L
330 3648 343 3692 Ι
359 3651 400 3682 32
426 3646 466 3682 δέ
479 3663 536 3682 om.
551 3652 599 3684 Β*Σ
617 3652 630 3696 11
646 3654 687 3686 33
709 3652 764 3695 τῷ
779 3665 836 3686 om.
851 3652 884 3687 L
930 3655 971 3688 35
997 3651 1211 3698 καλουμένης
1223 3666 1283 3687 om.
1296 3664 1316 3689 ς
1338 3651 1352 3696 Ι
1418 3650 1565 3684 Quoniam
1584 3652 1617 3684 R
1640 3650 1795 3684 11110Πί8111
1816 3650 1873 3693 Vfl
1896 3650 2066 3694 pisoidiflm
2086 3648 2119 3682 V
2131 3647 2269 3699 pfldltm
2283 3649 2315 3682 R
2372 3651 2481 3684 hisau-

282 3696 322 3729 37
348 3690 387 3727 δι’
411 3707 469 3728 om.
495 3695 544 3727 Β(
562 3695 632 3739 1138
656 3694 840 3742 ἐγκλήτους
863 3697 909 3732 Μ
1419 3695 1501 3729 riam
1520 3694 1647 3741 RVTu
1666 3697 1708 3731 38
1731 3697 1764 3728 et
1786 3693 2035 3738 appellationes]
2057 3694 2254 3727 constitutas
2278 3694 2355 3728 add.
2376 3695 2428 3728 R·

1416 3247 1722 3289 (amministratione
1743 3248 1790 3289 V)
1821 3257 1862 3291 ap
1885 3246 2073 3280 ellationem
2097 3249 2327 3293 suscipientem
2352 3252 2385 3283 et
2406 3249 2482 3282 mit-

1416 3296 1537 3326 tentem
1552 3294 1637 3334 libri,
1651 3305 1734 3326 corr.
1748 3293 1842 3326 Beck
1890 3294 1924 3326 11
1942 3306 1989 3336 sq.
2000 3295 2145 3326 nostram
2156 3294 2423 3327 constitutionem
2434 3304 2484 3327 sa-

1416 3348 1505 3372 cram
1517 3337 1586 3371 RT
1631 3339 1670 3371 12
1684 3337 1799 3371 ordine
1823 3337 1979 3380 V¹vu19.]
2000 3338 2148 3372 ordinem
2163 3338 2288 3372 RV²T
2331 3340 2370 3372 16
2391 3348 2483 3381 prae·

1415 3383 1538 3416 mixtus
1554 3382 1587 3415 V
1616 3380 1630 3427 11
1651 3384 1688 3416 17
1704 3384 1834 3415 tantum
1847 3379 1904 3423 R!
1921 3393 2017 3416 cause
2029 3382 2247 3416 mouebantur
2258 3383 2290 3416 R
2336 3383 2374 3416 18
2387 3392 2484 3415 causa
