2618 4010
259 109 368 152 Nov.
400 107 548 150 XXIX
581 110 617 149 1.
650 108 674 148 2
1327 103 1408 152 220
2162 121 2222 152 ns:
2252 119 2485 152 emman

259 215 364 253 οὐδὲν
391 214 553 261 ἀλλήλοις
583 219 668 261 περὶ
693 214 838 252 τούτων
869 216 951 252 οὔτε
975 214 1230 258 στασιάζοντες
1260 215 1341 253 οὔτε
1410 218 1636 261 ordinabant,
1666 217 1755 253 nihil
1778 217 1959 255 alterutris
1982 219 2026 255 de
2048 219 2106 255 his
2128 229 2243 264 neque
2267 218 2484 255 contenderi·
2545 198 2549 201 ⁴

260 259 467 309 φυρόμενοι.
514 263 574 295 καὶ
612 265 680 307 μία
716 261 759 316 τό
801 261 940 315 λοιπὸν*
965 264 1116 314 ἐπαρχία
1152 261 1341 308 γενήσεται
1408 267 1462 298 tes
1486 273 1601 308 neque
1624 263 1895 308 permiscentem
1931 264 1996 300 sed
2019 275 2092 300 una
2122 263 2402 316 iam-proriucia
2422 263 2485 317 fiet

260 305 846 399 ἕσλιῗςίοέἷιῧοὲἕῖὧηῖἔοῖἑξις,
878 319 986 341 τουτο
1010 319 1098 350 οπερ
1121 310 1181 340 καὶ
1205 309 1245 342 ἐν
1268 307 1339 342 ἆτεὲ
1409 307 1923 397 ξὶξξῗὲοξῗῦῠὲἓξᾶοεῐτοροϋε,
1941 309 2011 346 1100
2030 309 2126 355 quod
2143 313 2179 345 et
2202 320 2239 344 1n
2259 309 2338 344 alus
2352 311 2484 344 nostns

1259 462 1416 499 CAPUT
1439 463 1484 498 ΙΙ.

304 526 342 564 ‘0
364 528 405 566 δὲ
427 529 494 587 τὴν
517 529 631 578 ἀρχὴν
653 533 748 574 ἔχων
771 533 832 573 τῆς
850 532 1019 575 ἐπαρχίας
1043 528 1158 572 πάσης
1175 529 1338 576 (Παφλα-
1363 534 1382 564 5
1460 529 1530 575 Qui
1553 533 1673 566 autem
1697 530 1876 574 cingulum
1898 531 2009 569 habet
2038 534 2240 579 provinciae
2266 533 2379 569 totius
2403 532 2484 573 (Pa-

259 579 367 623 γονία
389 573 430 610 δὲ
449 587 574 612 απασα
591 574 778 611 καλείσθω
803 575 903 609 καθὰ
925 578 985 608 καὶ
1003 572 1182 620 πρότερον
1199 568 1256 618 ἧν)
1277 573 1340 610 τάς
1408 575 1603 620 phlagonia
1626 584 1708 611 vero
1740 579 1888 612 vocetur
1912 578 2036 621 omnis,
2067 579 2161 615 sicut
2182 581 2218 615 et
2242 579 2366 624 prius),
2400 577 2484 612 civi·

259 634 301 655 τε
324 619 442 656 πόλεις
471 619 739 666 περινοστήσει,
769 618 970 655 κωλύοντος
1000 617 1144 654 οὐδενὸς
1173 621 1251 654 τῶν
1279 621 1339 664 εἶα·
1407 624 1571 665 tatesque
1603 620 1762 656 circueat
1791 620 2004 666 prohibente
2032 623 2132 659 nulla
2162 625 2261 669 prius
2285 623 2378 659 forte
2402 632 2484 667 pro-

261 665 431 720 πρσσθεν
451 666 539 701 ἴσως
562 668 622 701 ἐπὶ
646 664 798 700 κωλύσει
827 666 905 699 τῶν
927 664 1105 698 τοιούτων
1133 663 1339 711 γεγονότων
1408 665 1581 701 bibitione
1611 665 1735 700 talium
1767 665 1865 701 facta
1895 666 2026 710 forma,
2061 668 2154 705 vices
2189 672 2334 713 agentes
2365 670 2484 703 tamen

258 721 400 752 τύπων,
431 710 677 757 τοποτηρητὰς
699 713 823 754 μέντοι
846 712 924 744 ταῖς
948 707 1098 744 πόλεσιν
1125 706 1188 743 οὐκ
1213 711 1339 754 ἐκπέμ-
1409 709 1613 746 civitatibus
1647 721 1720 746 non
1744 709 1898 754 dirigens
1932 711 2012 753 (1100
2036 712 2128 748 0111111
2151 713 2184 749 ei
2233 713 2349 749 enitus
2372 713 2484 747 inter-

260 766 346 790 πων
370 756 491 810 (τοῦτο
513 755 582 804 γὰρ
613 752 712 799 αὐτῷ
738 753 924 789 παντελῶς
948 752 1228 801 ἀπαγορεύομεν,
1262 757 1339 789 ἐπεὶ
1357 757 1396 789 10
1409 755 1573 799 dicimus3
1606 765 1690 790 nam
1714 756 1907 791 absurdum
1941 759 1995 792 est
2017 756 2123 793 simul
2145 759 2205 802 qui
2230 769 2285 794 em
2307 758 2425 803 ipsum
2448 757 2485 792 in

259 801 340 835 τῶν
362 799 513 836 ατόπων
538 803 638 835 ἐστὶν
667 797 741 844 ἅμα
760 803 827 844 μὲν
852 797 965 833 αὐτὸν
994 801 1055 834 ἐπὶ
1085 801 1147 843 τῆς
1171 802 1341 846 ἐπαρχίας
1409 800 1592 846 provincia
1614 800 1804 845 appellari,
1837 800 1942 836 simul
1966 805 2084 837 autem
2107 803 2177 838 alio
2200 813 2304 838 suum
2328 801 2485 838 officium

258 847 491 899 χρηματίζειν
538 842 612 901 ἅμα
652 843 691 879 δὲ
719 845 830 891 ἑτέρῳ
865 842 938 896 τὴν]
962 844 1071 879 αὑτοῦ
1106 843 1210 885 τάξιν
1241 843 1341 890 παρὰ
1409 847 1537 881 contra
1570 846 1683 888 legem
1719 845 1835 887 dare):
1871 845 1935 881 sed
1968 846 2046 891 ipse
2081 847 2198 883 omnia
2230 848 2412 893 gubernet,
2449 851 2485 882 et

258 903 327 925 τον
350 889 464 933 νόμον
512 889 657 932 ιδοναι),
681 886 759 924 ἀλλ’
788 888 893 924 αὐτὸς
915 886 1062 924 ἅπαντα
1086 887 1273 933 διοικήσει·
1294 888 1339 924 τά
1408 889 1536 925 fiscum
1559 890 1677 934 exigat
1709 900 1790 926 cum
1813 891 1908 926 omni
1930 890 2134 935 alacritate,
2166 902 2281 938 neque
2303 892 2485 937 superexi-

259 947 301 969 τε
320 932 475 979 δημόσια
499 934 675 979 εῖςπράξει
699 933 766 969 σὺν
783 933 879 981 πάσῃ
901 935 1101 980 προθυμίᾳ,
1125 931 1214 979 μήτε
1233 931 1337 982 ὑπερ-
1407 945 1495 980 gens
1519 945 1635 980 neque
1657 935 1791 978 minus,
1825 936 1888 971 sed
1912 936 2108 972 secundum
2135 937 2307 972 iustitiam
2330 937 2485 981 aequali-

259 977 435 1027 πράττων
455 980 547 1037 μὴτε
571 979 746 1021 ἐλαττῶν,
776 977 865 1013 ἀλλὰ
893 981 955 1023 τῆς
984 979 1076 1014 κατὰ
1107 978 1339 1021 δικαιοσύνην
1356 981 1394 1014 15
1410 984 1520 1015 tatem
1556 984 1660 1016 tuens
1695 990 1903 1026 ponensque
1939 981 2213 1026 providentiam,
2249 982 2304 1018 vel
2338 982 2370 1017 si
2401 981 2485 1027 quid

260 1023 423 1068 ἰσότητος
446 1024 689 1070 αντεχόμενος,
713 1023 904 1068 τιθέμενός
927 1038 967 1059 τε
983 1024 1160 1071 πρόνοιαν
1183 1026 1247 1059 τοῦ
1271 1024 1338 1060 κᾶν
1407 1026 1526 1061 laesus
1559 1027 1614 1061 est
1641 1025 1762 1068 fiscus,
1795 1026 1864 1061 hoc
1885 1027 2083 1070 emendare,
2112 1027 2343 1072 civitatesque
2365 1030 2485 1062 custo-

259 1069 296 1103 εἴ
312 1082 349 1103 τι
372 1068 580 1113 βέβλαπται
603 1071 645 1104 τὸ
670 1068 842 1113 δημόσιον
871 1071 980 1104 τοῦτο
1001 1071 1246 1117 ἐπανορθοῦν,
1277 1070 1339 1105 τὰς
1409 1070 1509 1106 diens
1530 1070 1713 1106 indemnes
1739 1072 2041 1116 communiterque
2065 1076 2100 1107 et
2123 1071 2284 1117 proprie;
2317 1075 2354 1107 et
2374 1081 2484 1107 anno-

260 1113 380 1148 πόλεις
402 1128 442 1148 τε
466 1114 660 1160 φυλάττων
677 1112 842 1159 ἀζημίους
865 1116 967 1162 κοινῇ
999 1128 1039 1150 τε
1062 1118 1122 1149 καὶ
1147 1113 1239 1158 ἰδίᾳ·
1279 1119 1338 1149 καὶ
1408 1125 1473 1151 nas
1507 1115 1647 1161 quidem
1679 1116 1860 1160 accipiens
1900 1127 1988 1161 quas
2021 1118 2173 1161 utraque
2204 1116 2303 1161 prius
2330 1116 2488 1152 habebat

259 1163 402 1202 σίτησιν
429 1162 496 1204 μὲν
523 1159 721 1205 λαμβάνων
745 1157 790 1203 ἣν
810 1161 959 1205 ἑκατέρα
980 1157 1109 1207 πρώην
1129 1160 1221 1203 εἶχεν
1242 1157 1339 1208 ἀρχὴ,
1409 1160 1681 1203 administratio,
1718 1161 1887 1196 collectas
1921 1162 1958 1196 in
1990 1162 2107 1197 aureis
2145 1161 2375 1206 septingentis
2404 1161 2485 1196 XX.

259 1205 453 1239 συνιοῦσαν
477 1205 525 1239 εἰς
552 1207 699 1251 χρυσοῦς
724 1205 955 1240 ἑπτακοσίους
983 1206 1214 1247 εἰκοσιπέντε,
1245 1209 1339 1248 ἔχων
1353 1207 1395 1239 20
1433 1205 1581 1250 uinque,
1612 1206 1747 1241 habens
1779 1210 1898 1241 autem
1931 1211 1967 1242 et
1998 1207 2238 1242 consiliarium
2262 1206 2489 1251 septuaginta

260 1247 300 1283 δὲ
333 1252 394 1283 καὶ
429 1249 497 1284 τὸν
527 1248 796 1296 παρεδρεύοντα
828 1248 1076 1294 ἑβδομήκοντα
1107 1247 1170 1284 δύο
1200 1250 1340 1295 κομιζό-
1409 1217 1499 1286 gnos
1523 1251 1776 1296 percipientem
1806 1261 1934 1287 aureos
1966 1254 2002 1286 et
2032 1251 2188 1287 officium
2213 1262 2322 1287 unum
2346 1262 2390 1287 ex
2413 1261 2487 1286 am·

257 1307 370 1338 μενον
399 1296 563 1341 χρυσοῦς,
595 1298 655 1329 καὶ
686 1294 754 1338 τὴν
785 1293 890 1335 τάξιν
920 1294 987 1338 τὴν
1017 1299 1105 1340 μίαν
1137 1296 1175 1336 ἐξ
1206 1293 1340 1341 ἀμφοῖν
1408 1296 1525 1332 bobus
1550 1297 1785 1341 compositum
1817 1299 1854 1331 et
1883 1297 1921 1331 in
1950 1297 2106 1332 virorum
2135 1300 2277 1332 centum
2300 1297 2488 1332 collectum

259 1339 527 1384 συντιθεμένην
546 1343 607 1374 καὶ
630 1341 678 1374 εἰς
698 1337 845 1386 ἀνδρῶν
868 1341 999 1374 ἑκατὸν
1019 1342 1213 1374 συνιοῦσαν
1233 1338 1339 1387 ἀριθ-
1410 1351 1606 1383 numerum,
1630 1343 1812 1376 trecentos
1831 1341 1909 1377 XL.
1934 1346 2068 1387 septem
2089 1343 2126 1377 et
2143 1342 2340 1378 tremissem
2357 1351 2487 1376 aureos

257 1383 330 1429 μὸν
353 1388 412 1418 καὶ
436 1388 685 1430 τετρακοσίους
708 1384 978 1431 τεσσαράκοντα
1003 1384 1094 1420 ἑπτὰ
1117 1390 1242 1431 τρίτον
1262 1400 1339 1431 χρυ·
1410 1396 1474 1430 pro
1499 1386 1737 1421 emolumento
1770 1386 1972 1431 percipiens
2004 1397 2026 1421 a
2048 1386 2156 1430 fis003
2188 1387 2299 1431 gratis
2325 1397 2369 1422 ue
2393 1386 2487 1422 acci-

259 1430 341 1464 σοῦς
370 1426 462 1476 ὑπὲρ
493 1431 706 1476 παραψυχῆς
737 1428 993 1474 λαμβάνουσαν
1025 1430 1123 1476 παρὰ
1146 1432 1209 1464 τοῦ
1234 1429 1339 1474 δημο·
1353 1432 1395 1463 25
1410 1431 1511 1475 piens
1537 1431 1716 1475 cingulum
1749 1435 1784 1466 et
1806 1432 1918 1475 gratis
1950 1432 2019 1466 hoc
2041 1432 2248 1476 impetrans.
2331 1442 2371 1467 os
2395 1431 2487 1466 enim

259 1478 356 1509 σίου·
395 1473 526 1522 προῖκά
559 1489 599 1510 τε
636 1474 823 1520 δεχόμενος
860 1475 927 1518 τὴν
964 1472 1074 1523 ἀρχὴν
1113 1479 1173 1509 καὶ
1209 1479 1339 1522 προῖκα
1409 1480 1446 1511 et
1469 1476 1528 1510 hic
1551 1476 1683 1511 nostris
1709 1476 1940 1512 collatoribus
1965 1487 2156 1522 prosumus
2172 1480 2209 1512 et
2227 1476 2487 1521 accipientibus

258 1517 398 1563 ταύτην
427 1523 489 1554 καὶ
511 1519 557 1554 τὰ
577 1518 662 1554 κατ’
691 1519 804 1566 αὐτὴν
828 1517 1000 1555 διανύων.
1048 1517 1143 1564 ἡμεῖς
1165 1519 1234 1568 γὰρ
1257 1520 1338 1554 κάν·
1408 1531 1452 1555 ex
1482 1521 1740 1556 consuetudine
1771 1521 1958 1557 occasione
1989 1522 2161 1566 appellati
2191 1521 2353 1565 suffragii
2385 1521 2486 1556 dabi-

257 1564 386 1598 ταῦθα
419 1563 501 1599 τοὺς
534 1562 722 1610 ἡμετέοους
759 1564 942 1600 ὑποτελεῖς
979 1565 1240 1610 ἐξωνησόμεθα
1279 1569 1338 1599 καὶ
1407 1576 1486 1600 mus
1509 1566 1587 1611 ipsi,
1613 1566 1681 1600 hoc
1706 1577 1750 1600 ex
1770 1566 1913 1602 tributis
1937 1567 2050 1611 ipsius
2069 1567 2274 1611 provinciae
2293 1566 2485 1610 largientes

258 1612 333 1644 τοῖς
352 1611 596 1654 κομιζομένοις
625 1597 664 1651 ἐξ
687 1611 796 1644 ἔθους
827 1608 1004 1656 προφάσει
1033 1612 1096 1645 τοῦ
1122 1610 1337 1654 καλουμένου
1406 1621 1471 1656 per
1495 1611 1615 1646 sedem
1638 1614 1748 1652 tuam,
1774 1614 1810 1646 et
1834 1622 1905 1646 non
1931 1612 2167 1656 permittimus
2191 1612 2258 1646 sub
2279 1611 2430 1656 imagine
2451 1616 2487 1646 et

259 1659 477 1708 σουφραγίου
501 1653 664 1698 δώσομεν
690 1654 802 1696 αὐτοί,
831 1657 938 1689 τοῦτο
963 1657 1001 1688 ἐκ
1025 1657 1103 1690 τῶν
1127 1655 1255 1701 φόρων
1280 1653 1338 1689 ‹113-
1353 1657 1394 1688 30
1407 1657 1604 1691 velamento
1629 1656 1840 1692 venditionis
1865 1662 2005 1692 nostros
2038 1657 2219 1692 subiectos
2248 1657 2286 1691 in
2305 1656 2487 1691 servitium

257 1702 332 1734 τοῖς
363 1713 442 1734 των
472 1701 534 1744 τῆς
564 1702 736 1746 ἐπαρχίας
766 1698 988 1735 ἐπιδιδόντες
1016 1698 1077 1734 διὰ
1105 1702 1168 1734 τοῦ
1202 1699 1339 1746 θρόνου
1407 1700 1532 1745 redigi.
1580 1701 1662 1736 Non
1687 1702 1779 1736 enim
1803 1702 1863 1746 qui
1887 1702 2050 1737 barbaris
2099 1701 2210 1736 ridem
2233 1702 2394 1736 subditos
2418 1701 2488 1736 eri-

257 1745 322 1779 τοῦ
343 1747 418 1787 σοῦ,
442 1748 502 1779 καὶ
525 1742 567 1779 ού
591 1745 866 1792 συγχωρήσομεν
895 1742 966 1780 ὑπὸ
991 1744 1144 1789 σχήματι
1169 1749 1228 1779 καὶ
1253 1758 1338 1790 προ·
1408 1747 1549 1791 puimus
1583 1750 1619 1781 et
1651 1746 1835 1791 antiquam
1869 1746 1907 1781 in
1939 1757 1999 1782 eos
2031 1757 2070 1782 re
2098 1747 2238 1782 uximus
2273 1746 2487 1788 libertatem,

259 1788 465 1834 καλύμματι
501 1789 665 1837 πράσεως
695 1790 777 1825 τοὺς
807 1787 995 1846 ἡμετέρους
1025 1788 1201 1834 ὑπηκόους
1231 1804 1337 1825 κατα·
1408 1801 1470 1826 eos
1501 1791 1562 1836 qui
1590 1791 1687 1836 apud
1716 1802 1782 1827 nos
1812 1791 1912 1836 ipsos
1943 1795 2027 1827 sunt
2056 1792 2134 1827 aliis
2159 1791 2290 1826 servire
2340 1791 2487 1826 ermitti-

258 1832 491 1869 δουλοῦσθαι.
538 1833 580 1869 οὗ
610 1834 678 1882 γὰρ
713 1832 759 1869 ἂν
794 1848 829 1869 οι
862 1835 1062 1883 βαρβάρων
1097 1835 1178 1870 τοὺς
1211 1835 1340 1892 πρώην
1407 1847 1497 1878 mus,
1530 1836 1594 1871 sed
1627 1836 1692 1872 deo
1723 1847 1788 1881 per
1819 1847 1886 1872 nos
1916 1836 2077 1882 plurimis
2099 1836 2264 1881 gentibus
2286 1836 2313 1871 li
2337 1839 2487 1871 ertatem

257 1877 441 1914 ὑποτελεῖς
469 1877 736 1921 ἀπαλλάξαντες
767 1884 827 1914 καὶ
857 1881 925 1923 τὴν
956 1878 1112 1927 ἀρχαίαν
1142 1882 1190 1915 εἰς
1214 1881 1339 1915 αυτοὺς
1353 1882 1394 1914 35
1407 1881 1572 1925 largienti
1597 1881 1666 1916 hoc
1691 1882 1797 1916 etiam
1822 1892 1896 1923 nos,
1921 1886 2094 1927 quantum
2115 1885 2169 1916 est
2189 1881 2370 1926 possibile,
2395 1891 2485 1915 sem-

258 1923 549 1972 ἑπαναγαγόντες
578 1925 789 1973 ἐλευθερίαν
819 1924 902 1959 τοὺς
925 1927 964 1959 ἐν
994 1924 1079 1968 ἡμῖν
1110 1923 1230 1960 αὐτοῖς
1261 1924 1339 1959 Bov—
1406 1936 1471 1972 per
1495 1926 1715 1962 venditorum
1740 1927 1980 1962 subiectorum
2013 1931 2218 1963 nostrorum
2243 1925 2421 1962 offerimus
2445 1925 2486 1960 li-

258 1967 375 2004 λεύειν
397 1967 514 2004 ἄλλοις
536 1969 821 2018 συγχωρήσομεν,
853 1969 943 2004 ἀλλὰ
966 1972 1020 2014 τῷ
1045 1968 1097 2004 δι’
1125 1967 1230 2014 ἡμῶν
1253 1970 1338 2006 πολ·

258 2013 330 2050 λοῖς
351 2015 504 2050 ἔθνεσιν
526 2014 738 2063 ἐλευθερίαν
769 2014 1086 2061 φιλοτιμησαμένῳ
1114 2016 1194 2059 θεῷ
1219 2013 1338 2059 τούτῳ

257 2062 318 2094 καὶ
338 2055 434 2104 ἡμεῖς
465 2058 558 2095 καθ’
581 2057 670 2095 ὅσον
699 2063 775 2095 ἐστὶ
807 2058 967 2095 δυνατὸν
995 2060 1063 2103 τὴν
1086 2061 1165 2095 τῶν
1196 2058 1251 2094 ἀεὶ
1282 2073 1339 2095 πι-

258 2108 524 2152 πρασκομένων
543 2102 715 2150 ὑπηκόων
735 2102 839 2150 ἡμῶν
859 2110 1094 2151 προςοίσομεν
1115 2104 1339 2151 ἐλευθερίαν,
1354 2108 1396 2140 40

257 2217 351 2253 nihil
370 2218 468 2254 inter
489 2229 528 2254 se
547 2218 591 2254 de
613 2217 671 2253 bis
693 2229 809 2265 neque
831 2217 1032 2264 disceptent
1060 2228 1176 2264 neque
1200 2217 1398 2253 turbentur.
1454 2219 1574 2264 Atque
1601 2229 1675 2253 una
1707 2218 1746 2253 in
1775 2223 1962 2264 posterum
1986 2219 2113 2255 evadet
2136 2220 2330 2266 provincia
2355 2219 2487 2267 plures

259 2262 396 2300 habens
417 2263 648 2311 metropoleS,
671 2263 711 2298 id
733 2263 834 2309 quod
855 2263 964 2299 etiam
987 2263 1026 2298 in
1050 2263 1133 2298 aliis
1154 2263 1355 2309 provinciis
1378 2263 1513 2298 nostris
1536 2267 1599 2299 est.

392 2307 440 2345 Π.
498 2307 570 2352 Qui
604 2319 689 2344 vero
724 2308 913 2344 universae
942 2308 1159 2360 provinciae
1193 2309 1353 2359 reqimen
1383 2307 1527 2359 babebit
1560 2308 1742 2352 (universa
1776 2312 1895 2344 autem
1928 2310 2025 2345 sicut
2053 2309 2162 2345 etiam
2195 2313 2304 2346 antea
2326 2308 2488 2391 Ραέιὴία-

258 2353 371 2400 qonia
394 2357 572 2397 vocetur),
604 2357 638 2389 et
669 2353 776 2389 urbes
805 2354 1016 2396 circumibit,
1048 2353 1149 2388 nullo
1175 2352 1386 2399 prohibitus
1415 2353 1533 2389 edicto
1565 2364 1689 2389 eorum
1713 2364 1808 2400 quae
1834 2355 1937 2399 forte
1961 2354 2046 2390 olim
2078 2354 2128 2389 ad
2151 2354 2241 2390 talia
2261 2354 2372 2401 probi
2394 2355 2489 2392 enda

255 2399 363 2444 facta
392 2402 487 2440 sunt,
519 2409 633 2445 neque
666 2403 784 2434 tamen
809 2398 964 2434 vicarios
992 2398 1031 2433 in
1063 2397 1170 2434 urbes
1199 2398 1315 2433 mittet
1344 2397 1396 2440 (id
1427 2398 1520 2434 enim
1552 2409 1632 2434 eum
1655 2398 1771 2445 plane
1802 2403 1972 2442 vetamus,
2003 2399 2176 2446 quoniam
2208 2399 2402 2436 absurdum
2433 2406 2488 2437 ent

257 2444 366 2479 simut
394 2448 431 2479 et
460 2444 475 2479 i
500 2455 580 2479 sum
608 2445 646 2479 in
672 2444 865 2490 provincia
895 2454 970 2479 rem
1000 2454 1109 2495 aqere
1138 2447 1174 2479 et
1204 2443 1312 2479 alteri
1341 2454 1447 2479 suum
1476 2443 1592 2479 locum
1623 2448 1753 2479 contra
1785 2444 1898 2490 leqem
1928 2444 2149 2488 concedere),
2180 2444 2245 2480 sed
2266 2445 2280 2480 i
2305 2455 2345 2482 se
2367 2446 2488 2481 omnia

258 2488 449 2524 adniinistr
495 2489 526 2524 it
534 2501 549 2531 ;
583 2492 619 2524 et
650 2488 784 2524 tributa
819 2499 900 2524 cum
935 2499 1031 2524 omni
1064 2488 1255 2535 diliqentia
1285 2492 1401 2535 σοφοί,
1437 2492 1477 2524 ut
1507 2499 1624 2535 neque
1681 2488 1738 2524 lus
1769 2499 1884 2535 neque
1914 2489 2033 2524 minus
2055 2489 2199 2536 emi-cat,
2230 2500 2269 2525 se
2324 2500 2404 2526 cum
2432 2491 2487 2526 iu-

257 2534 360 2570 stitia
388 2534 604 2581 aequitatem
627 2538 794 2576 sectetur,
826 2538 862 2570 et
879 2534 1100 2586 prospiciat,
1132 2538 1173 2569 ut
1196 2534 1303 2569 etiam
1325 2534 1358 2568 si
1387 2533 1614 2613 quidsscus
1665 2534 1763 2568 amni
1793 2535 1986 2580 acceperit,
2016 2534 2057 2569 id
2084 2535 2262 2570 resarciat
2266 2547 2282 2576 ;
2316 2538 2352 2570 et
2381 2535 2489 2571 urbes

258 2578 405 2615 illaesas
440 2583 477 2615 et
506 2579 650 2626 publice
683 2582 719 2615 et
745 2579 921 2625 privatim
954 2583 1073 2615 servet
1079 2592 1095 2622 ;
1131 2582 1168 2614 et
1199 2589 1382 2614 annonam
1416 2579 1479 2624 qui
1505 2590 1560 2614 em
1595 2579 1754 2625 accipiat
1787 2590 1896 2625 quam
1930 2583 2037 2615 antea
2072 2582 2222 2625 uterque
2251 2580 2488 2626 maqistratus

258 2623 422 2667 habebat,
451 2624 490 2659 in
513 2624 762 2675 septinqentos
785 2624 914 2675 biqinti
943 2624 1103 2670 quinque
1134 2634 1265 2659 aureos
1289 2623 1494 2666 collectam,
1525 2622 1657 2659 habeat
1679 2628 1798 2659 autem
1826 2634 2042 2659 assessorem
2072 2635 2217 2675 quoque
2247 2625 2311 2670 qui
2336 2625 2430 2660 duos
2452 2630 2488 2661 et
2552 2635 2555 2639 ·

259 2669 494 2716 septuaqinta
517 2679 650 2705 aureos
674 2674 842 2715 aeezpzat,
874 2673 984 2715 atque
1008 2670 1172 2715 oswium
1195 2679 1305 2703 unum
1334 2679 1384 2704 ex
1408 2669 1548 2704 duobus
1571 2669 1808 2716 compositum
1837 2674 1871 2705 et
1894 2669 1933 2703 in
1956 2673 2096 2704 centum
2119 2679 2280 2704 virorum
2302 2679 2487 2705 numerum

258 2714 488 2750 coniunctum
515 2712 617 2760 quod
639 2713 928 2761 quadrinqentos
958 2725 1032 2765 qua
1058 2714 1206 2760 raqinta
1235 2725 1273 2751 se
1303 2717 1371 2750 tem
1402 2724 1536 2749 aureos
1565 2718 1603 2749 et
1633 2714 1829 2749 tremissem
1856 2724 1930 2760 pro
1959 2713 2098 2749 solacio
2126 2724 2150 2748 a
2169 2713 2261 2765 fisco
2281 2715 2488 2762 percipiat:

258 2763 296 2795 et
315 2759 435 2805 qratis
457 2764 607 2806 accepto
631 2760 849 2804 maqistratu
871 2763 991 2805 qratis
1021 2769 1166 2811 quoque
1189 2724 1340 2795 eundssm
1370 2762 1406 2795 et
1433 2769 1527 2805 quae
1549 2758 1600 2794 ad
1621 2769 1701 2794 eum
1718 2759 1908 2805 pertinent
1928 2762 2044 2805 qerat.
2098 2757 2178 2794 Nos
2199 2770 2292 2794 emm
2316 2758 2375 2795 bic
2397 2771 2486 2807 quo-

258 2814 329 2850 que
350 2802 513 2839 subditos
536 2808 683 2839 nostros
705 2803 930 2846 redimemus,
963 2808 1074 2850 atque
1095 2804 1142 2839 iis
1165 2804 1229 2850 qui
1252 2803 1343 2850 quid
1364 2814 1414 2839 ex
1437 2803 1696 2840 consuetudine
1723 2803 1978 2851 percipiebant
2002 2803 2187 2850 suffraqii
2217 2803 2318 2850 quod
2338 2810 2488 2841 vocatur

257 2849 401 2884 ηοπιίηο
423 2849 495 2896 ipsi
517 2848 693 2891 dabimus,
717 2860 767 2884 ea:
782 2848 958 2884 reditibus
975 2849 1189 2895 provinciae
1210 2860 1279 2895 per
1301 2848 1419 2885 sedem
1445 2853 1542 2884 tuam
1562 2848 1602 2883 id
1623 2849 1669 2884 iis
1691 2850 1916 2895 praebentes,
1939 2858 2005 2884 nec
2021 2849 2208 2901 patiemur
2226 2849 2432 2896 sub-specie
2451 2855 2487 2886 et

255 2897 456 2941 praeteaetu
475 2894 691 2930 venditionis
708 2893 872 2929 subditos
890 2898 1037 2929 nostros
1054 2894 1094 2929 in
1111 2894 1318 2930 servitutem
1337 2893 1466 2940 rediqi.
1506 2893 1631 2945 Neque
1651 2894 1744 2929 enim
1761 2895 1828 2940 qui
1842 2905 1866 2929 a
1881 2893 2048 2929 barbaris
2066 2904 2130 2929 eos
2165 2894 2231 2939 qui
2248 2893 2333 2929 olim
2352 2894 2486 2931 subditi

258 2942 366 2975 erant
387 2938 658 2975 liberaverimus
679 2939 796 2985 iisque
814 2939 1011 2986 pristinam
1035 2939 1235 2975 libertatem
1257 2939 1531 2980 restituerimus,
1560 2937 1667 2974 tidem
1684 2940 1948 2985 permittemus,
1977 2941 2019 2974 ut
2041 2939 2106 2984 qui
2133 2938 2172 2973 in
2194 2942 2322 2974 nostra
2345 2938 2486 2975 dicione

257 2984 341 3031 ipsa
357 2988 454 3027 sunt,
478 2983 563 3020 aliis
579 2984 757 3020 serviant:
788 2995 910 3020 verum
928 2983 996 3020 deo
1015 2985 1078 3030 qui
1098 2995 1168 3031 per
1190 2995 1259 3019 nos
1277 2983 1400 3019 multis
1422 2984 1589 3030 qentibus
1614 2983 1812 3019 libertatem
1835 2984 1894 3019 lar
1920 2984 1992 3019 itus
2015 2988 2081 3026 est,
2105 2994 2174 3019 nos
2197 2994 2342 3030 quoque
2364 2985 2488 3031 quoad

258 3030 336 3066 eius
354 3029 439 3075 fieri
454 3033 583 3076 potest
603 3029 830 3065 subditorum
853 3034 1083 3071 nostrorum,
1115 3029 1179 3076 qui
1209 3028 1341 3074 ubique
1363 3028 1620 3071 vendebantur,
1652 3028 1847 3074 offeremus
1870 3028 1894 3063 ln
1919 3031 2080 3070 ertatem,
2111 3032 2153 3063 ut
2182 3039 2297 3074 neque
2320 3040 2393 3072 eos,
2423 3030 2487 3076 qui

313 3146 328 3178 1
356 3146 439 3189 περὶ
459 3142 589 3177 τοῦτον
615 3143 644 3175 L
675 3143 686 3185 ΙΙ
714 3137 822 3175 *οὐδὲ
845 3140 1098 3183 στασιάζοντες
1124 3137 1207 3174 οὐδὲ
1229 3137 1334 3188 φυρό-
1407 3138 1513 3184 αὐτῆς
1531 3141 1593 3184 τῆς
1606 3141 1801 3175 Haloander
1813 3153 1884 3178 exc
1907 3141 1913 3185 Ι
1931 3143 1974 3176 36
1988 3137 2120 3182 αὐτοῖς]
2136 3137 2264 3175 αὐτοὺς
2274 3142 2462 3176 Zacharia

256 3201 360 3233 μενοι
378 3186 600 3235 (φοιρόμενοι
616 3189 658 3229 L)
678 3188 769 3223 LB:
791 3183 833 3220 οὗ
853 3183 1167 3228 διαστασιάζοντες
1189 3182 1230 3220 οὗ
1259 3183 1335 3219 δια·
1406 3188 1447 3221 37
1480 3183 1767 3232 συγχωρήσωμεν
1799 3186 1870 3220 LB
1939 3181 2043 3230 ὗμῶν
2072 3187 2103 3219 L
2130 3185 2145 3231 fl
2177 3187 2219 3221 38
2251 3187 2358 3221 τοῦτο
2380 3186 2439 3223 Be
2463 3190 2466 3195 ’

258 3231 448 3280 φερόμενοι
472 3233 517 3267 Μ
537 3232 551 3278 ΙΙ
582 3235 602 3267 8
625 3230 829 3278 γεγονότων
852 3229 981 3266 τύπων
1005 3233 1203 3275 Homberyk]
1238 3243 1335 3277 γεγο-
1406 3233 1447 3265 39
1472 3227 1568 3275 ὑμεῖς
1585 3232 1633 3265 Μ

257 3277 362 3314 νότος
391 3276 509 3313 τύπον
540 3278 587 3312 Μ
613 3275 800 3323 γεγονότος
829 3275 944 3310 τύπου
974 3277 1065 3314 ΕΒς·
1100 3279 1188 3320 quod
1217 3278 1338 3319 recepit

259 3326 361 3358 deleto
383 3336 411 3358 v.
426 3327 444 3358 7
470 3323 550 3358 τῶν
568 3330 644 3367 post
665 3318 807 3356 οὐδενὸς
831 3322 1020 3355 Zachariae
1034 3322 1047 3366 ΙΙ
1069 3324 1109 3356 10
1142 3318 1230 3355 αὐτὸ
1261 3321 1335 3354 Ha-

260 3370 395 3403 loander
422 3369 437 3414 ΙΙ
468 3370 508 3403 12
603 3367 781 3412 ματίζειν]
813 3377 854 3409 ap
879 3366 974 3400 ellari
1001 3378 1021 3403 ς
1046 3366 1057 3410 ΙΙ
1090 3369 1128 3400 15
1157 3364 1332 3406 ὀλαττῶν]
1448 3369 1469 3400 4
1494 3369 1542 3399 est
1563 3367 1740 3412 Μώσαις.
1759 3366 1808 3411 115
1832 3366 2018 3409 paflagonia
2040 3366 2074 3400 T
2094 3363 2284 3409 platagonie
2304 3360 2396 3415 710
2418 3372 2479 3416 uo-

257 3414 367 3446 minus
397 3415 434 3456 (ι’.
458 3427 484 3448 e.
509 3380 675 3456 effrena)
699 3411 773 3454 eff)
801 3411 814 3455 ΙΙ
867 3409 1070 3454 ικαιοσύνης
1092 3411 1140 3445 L¹
1173 3412 1186 3455 u
1223 3413 1264 3445 16
1295 3422 1336 3444 τε
1401 3414 1496 3444 catur
1521 3413 1598 3446 libri
1624 3411 1637 3456 ΙΙ
1667 3414 1685 3446 7
1711 3412 1876 3445 cirenei-at
1896 3412 1925 3444 V
1947 3411 2127 3444 circumeat
2145 3409 2180 3444 Τ
2202 3409 2216 3451 Ι
2241 3405 2337 3458 nullo
2361 3406 2436 3440 &brt
2467 3407 2480 3452 ΙΙ

259 3471 318 3491 om.
332 3459 391 3502 Ln
418 3461 459 3492 19
483 3455 594 3504 ἀρχὴν
618 3459 665 3492 Μ
676 3458 688 3500 ΙΙ
712 3459 754 3491 20
778 3457 925 3501 χρυσοῦς
949 3458 1035 3499 libri,
1060 3464 1090 3490 ει
1111 3458 1159 3490 εἰσ
1181 3467 1304 3500 semper
1322 3453 1335 3501 ΙΙ
1402 3456 1486 3489 forto
1516 3457 1552 3489 in
1575 3457 1836 3500 prohibitionem
1859 3457 1944 3500 vulq.
1972 3455 1986 3501 Ι
2019 3456 2059 3490 10
2081 3451 2192 3494 mul]
2219 3452 2253 3485 et
2274 3450 2374 3484 simul
2398 3450 2441 3503 ‘V
2467 3457 2480 3497 ΙΙ

259 3504 303 3536 24
326 3507 387 3536 καί
411 3515 451 3537 τε
473 3505 722 3549 τετρακοσίους
744 3502 779 3535 Β
809 3503 882 3542 (καὶ
907 3514 963 3534 om.
987 3504 1018 3541 ς)
1034 3501 1047 3546 ΙΙ
1067 3503 1108 3536 25
1133 3499 1334 3545 λαμβάνω·
1405 3503 1438 3534 11
1467 3501 1552 3535 *alio
1565 3504 1672 3543 suum]
1693 3501 1836 3535 aliorum
1851 3502 1928 3536 libri
1943 3500 1957 3545 Ι
1975 3502 2014 3535 13
2031 3496 2155 3534 finalia
2174 3495 2259 3540 vulq-
2278 3495 2478 3537 aalaontate

259 3557 329 3580 σαν
351 3544 441 3594 ὑπὲρ
464 3560 563 3592 παρα
615 3548 675 3590 χῆς
698 3547 736 3581 Β
810 3547 851 3580 27
876 3548 936 3578 καὶ
959 3544 1005 3579 τὰ
1028 3542 1111 3579 κατ’
1138 3544 1250 3589 αὐτὴν
1274 3546 1332 3587 Its]
1403 3546 1497 3588 Ταὶ.]
1520 3546 1676 3589 largitate
1697 3545 1753 3592 Vfl
1774 3547 1815 3581 14
1832 3546 1956 3588 minus]
2032 3540 2231 3594 ,11111111ρωῖ
2249 3540 2262 3582 Ι
2278 3541 2321 3574 20
2345 3544 2471 3583 septua-

260 3604 318 3625 0m.
334 3592 423 3628 LB:
443 3593 456 3634 u
482 3595 523 3626 28
547 3594 564 3625 ἐ
587 3590 753 3636 ωνησάμε
787 3603 811 3623 α
835 3591 882 3625 M
898 3592 1084 3634 (prosumus
1108 3594 1140 3633 ς)
1161 3591 1174 3633 11
1199 3593 1242 3625 29
1267 3589 1331 3624 τοῦ
1364 3608 1367 3632 1
1399 3590 1495 3631 ginto
1516 3591 1578 3636 Vn
1603 3593 1645 3626 23
1669 3592 1818 3625 tremisse
1843 3589 1988 3633 (remim
2042 3589 2058 3631 )
2079 3585 2155 3620 libr·
2181 3585 2194 3628 Ε
2217 3586 2261 3636 24
2283 3585 2395 3618 amnuo
2419 3587 2478 3628 Vn

261 3633 475 3679 καλουμένου
500 3650 558 3669 om.
584 3638 619 3670 Β
643 3638 656 3681 ΙΙ
679 3639 722 3672 30
746 3638 963 3683 σουφραγίου
987 3636 1071 3678 ML]
1093 3635 1268 3679 βοηθείας
1291 3635 1339 3669 Μ
1363 3639 1366 3679 Ι
1400 3636 1438 3669 31
1467 3635 1611 3670 subduos
1633 3635 1689 3689 Vn
1706 3637 1747 3671 35
1771 3636 1848 3677 1100]
1871 3634 1952 3669 huie
1973 3627 2156 3677 vulg-136
2179 3628 2401 3663 mbwctorum
2429 3631 2475 3672 T]

262 3695 286 3716 n.
300 3694 341 3723 o.,
358 3681 391 3714 B
415 3681 428 3724 ΙΙ
451 3678 568 3714 αὐτοῖς
592 3682 667 3714 τῶν
690 3679 769 3725 (τὸν
792 3682 849 3723 M)
873 3681 934 3724 τῆς
957 3681 1045 3723 ΜΒ]
1073 3679 1191 3716 αὐτοῖς
1213 3681 1275 3723 τῆς
1297 3680 1330 3714 L
1361 3682 1366 3724 1
1400 3693 1458 3714 om.
1481 3680 1546 3726 Vn
1569 3682 1755 3715 offerrimus
1777 3680 1814 3714 V
