2618 4010
150 149 209 189 ne
238 148 460 188 nomenis
1222 134 1278 183 33
2047 138 2152 180 Nov.
2189 139 2219 180 V
2251 141 2356 181 5—-8

151 257 194 300 τῆ
215 257 354 303 γυναικὶ
378 253 619 301 φυλαττέσθω
643 255 702 287 καὶ
725 249 767 286 τὸ
790 248 861 286 ἀπὸ
886 247 1046 295 τελευτῆς
1075 247 1219 295 σῦμφω-
1287 251 1324 284 et
1348 250 1410 284 dos
1434 247 1571 284 mulieri
1597 253 1755 283 servetur
1788 251 1823 283 et
1855 260 1896 283 cx
1928 252 2039 284 morte
2072 253 2232 294 pactum,
2265 250 2357 293 quod

149 293 214 335 νον
247 301 364 339 (τοῦτο
395 296 483 334 ὅπεο
513 301 571 331 καὶ
596 300 636 331 ἐν
665 298 768 343 ἑτέρᾳ
800 294 903 341 ἡμῶν
933 296 1216 339 νενομοθέτηται
1283 295 1319 329 in
1337 295 1407 329 alia
1428 298 1549 330 nostra
1568 295 1746 329 sanximus
1769 295 2038 337 constitutione:
2064 295 2236 336 omnibus,
2266 306 2357 338 quae

149 344 336 386 διατάξειν
361 334 512 380 πάντων
534 344 611 377 τῶν
635 344 694 376 ἐπὶ
717 347 882 385 μοναχοῖς
905 345 986 389 περὶ
1010 340 1137 376 τούτου
1159 342 1216 386 ρἠ·
1287 351 1393 384 super
1416 340 1596 374 monachis
1622 339 1664 373 de
1688 340 1742 373 his
1767 339 1862 373 dicta
1893 343 1993 383 sunt,
2025 345 2060 374 ct
2084 342 2119 375 in
2149 341 2357 375 mulieribus

150 391 298 424 θέντων
321 392 378 423 καὶ
403 392 462 424 ἐπὶ
484 389 668 435 γυναικῶν
692 388 739 421 εἰς
769 386 1010 432 μοναστὴριον
1041 387 1220 420 εἰςιουσῶν
1288 386 1324 419 in
1349 385 1563 420 monasterio
1586 384 1864 427 ingredientibus
1889 385 2057 419 valituris.

148 434 389 480 κρατούντων.
1254 435 1272 465 5

1132 543 1285 578 CAPUT
1314 543 1374 578 VI.

191 607 250 660 ἐξ)
274 615 319 648 Εἰ
336 612 375 648 δὲ
398 611 590 648 ἀπολιπὼν
604 611 644 646 τὸ
663 609 906 656 μοναστήριον
937 612 984 645 εἴς
1009 625 1089 645 τινα
1113 611 1217 645 ἔλθοι
1332 611 1369 645 Si
1402 620 1483 645 vero
1516 610 1717 654 relinquens
1750 610 2000 644 monasterium
2025 610 2070 645 ad
2102 611 2275 654 quandam
2302 622 2357 646 ve-

148 663 340 707 στρατείαν
363 656 384 702 ἢ
408 661 531 702 ἕτερον
551 661 629 702 βίου
654 659 780 701 σχῆμα,
804 659 865 700 τῆς
888 654 1008 690 οὐσίας
1030 654 1137 689 αὐτοῦ
1160 660 1216 689 καὶ
1288 656 1361 690 niat
1385 656 1542 690 militiam
1565 660 1636 700 aut·
1647 655 1752 689 aliam
1766 655 1858 689 vitae
1875 655 2035 699 figuram,
2061 657 2263 690 substantia
2284 657 2358 690 eius

146 703 260 739 οὕτως
291 705 338 738 εἰς
369 702 411 737 τὸ
439 702 680 748 μοναστήοιον
710 701 800 735 κατὰ
828 701 869 735 τὸ
900 701 1110 744 έζιιπροσθεν
1134 698 1217 744 ἡμῖν
1288 702 1390 734 etiam
1424 701 1475 735 sic
1506 701 1541 735 in
1574 700 1824 735 monasterium
1856 701 2051 735 secundum
2083 702 2175 744 quod
2209 702 2307 744 prius
2339 712 2361 735 a

146 751 334 797 εἰρημένον
357 736 617 792 ἇπομενούσηςζ
651 746 755 780 αὐτὸς
779 748 817 779 ἐν
841 748 913 779 τοῖς
936 745 1132 785 ‘raguenus
1155 747 1217 778 τοῦ
1287 745 1388 779 nobis
1424 745 1555 780 dictum
1595 748 1649 780 est
1682 749 1902 787 remanente,
1946 746 2022 789 ipse
2056 746 2148 780 inter
2192 746 2359 780 officiales

123 793 397 841 ·λαμπροτάτου
428 795 488 836 τῆς
523 795 692 838 ἐπαρχίας
725 791 891 838 ἄρχοντος
924 791 1122 830 τετάξεται,
1159 793 1217 822 καὶ
1235 793 1273 823 10
1289 790 1478 824 clarissimi
1510 791 1709 834 provinciae
1740 791 1866 824 iudicis
1891 793 2084 833 statuetur,
2117 794 2152 825 et
2179 791 2274 825 hunc
2298 791 2359 824 ha-

146 841 275 873 τοῦτον
299 839 368 878 ἕξει
391 840 453 881 τῆς
473 837 670 882 μεταβολῆς
692 836 758 870 τὸν
789 834 939 880 καρπόν,
963 838 1022 868 καὶ
1046 832 1066 868 ὅ
1088 848 1129 881 γε
1152 834 1219 877 τὴν
1287 835 1384 868 bebit
1408 836 1614 870 mutationis
1639 837 1805 877 fructum,
1831 840 1866 870 et
1886 836 1945 880 qui
1968 846 2106 870 sacrum
2131 835 2359 870 ministerium

146 885 257 918 θείαν
293 882 513 929 λειτουργίαν
547 879 730 928 ὑπεριδών
764 879 992 925 δικαστηρίου
1026 878 1216 923 χθαμαλοῦ
1287 879 1457 923 despexit,
1483 881 1670 915 tribunalis
1695 881 1828 916 terreni
1852 881 2015 915 observet
2038 881 2230 915 servitium.

146 932 452 975 προςκαρτερείτω
477 926 628 969 δουλείᾳ.

1124 1014 1279 1049 CAPUT
1305 1014 1383 1049 VII.

191 1074 222 1120 ἶ
260 1085 305 1118 Εἰ
329 1083 368 1118 δὲ
387 1082 577 1119 ἀπολιπών
592 1081 634 1117 τὸ
653 1080 904 1127 μοναστήριον,
930 1079 1021 1115 καθ’
1044 1078 1132 1129 ὅπερ
1153 1081 1220 1125 τὴν
1334 1081 1372 1115 Si
1396 1091 1478 1116 vcro
1502 1083 1704 1126 relinquens
1729 1085 1989 1126 monasterium,
2018 1084 2053 1118 in
2079 1095 2148 1128 quo
2174 1094 2359 1119 conversa-

145 1130 296 1173 ἄσκησιν
319 1131 420 1172 aix-w,
444 1130 491 1162 εἰς
509 1131 631 1174 ἕτερον
652 1131 865 1172 μεταβαίνοι
883 1125 1136 1172 μοναστήριον,
1160 1131 1219 1160 καὶ
1236 1130 1273 1161 15
1290 1127 1419 1161 tionem
1444 1127 1579 1168 habuit,
1606 1128 1651 1162 ad
1670 1129 1946 1163 aliudtranseat
1969 1130 2231 1172 monasterium,
2257 1130 2362 1163 etiam

145 1173 240 1210 οὕτω
255 1173 359 1219 μὲνὴ
375 1172 483 1208 αὐτοῦ
502 1178 687 1218 περιουσία
711 1175 849 1217 μενέτω
868 1185 908 1206 τε
926 1176 984 1205 καὶ
1003 1171 1218 1206 ἐκδικείσθω
1289 1172 1339 1207 sic
1371 1171 1510 1215 quidem
1543 1173 1618 1206 eius
1650 1174 1849 1215 substantia
1878 1178 2018 1208 maneat
2047 1179 2081 1208 et
2113 1174 2310 1209 vindicetur
2340 1185 2361 1208 a

146 1220 215 1255 ὑπὸ
247 1221 310 1253 τοῦ
334 1222 508 1264 προτέρου
535 1222 794 1262 μοναστηρίου,
825 1218 921 1251 ἔνθα
953 1215 1220 1260 ἀποταξάμενος
1288 1217 1399 1261 priori
1430 1218 1662 1260 monasterio,
1700 1219 1761 1252 ubi
1791 1220 2043 1253 abrenuntians
2083 1219 2175 1253 hanc
2207 1219 2359 1263 reliquit.

145 1263 278 1306 ταύτην
301 1262 478 1298 κατέλιπε.
526 1264 706 1309 Προςῆκον
731 1261 773 1296 δέ
793 1264 879 1303 ἐστι,
905 1261 986 1295 τους
1007 1260 1218 1306 εὐλαβεστά-
1290 1262 1503 1306 Competens
1536 1265 1651 1297 autem
1686 1267 1738 1297 est
1768 1265 2069 1299 reverentissimos
2105 1265 2253 1299 abbates
2290 1275 2360 1298 non

144 1320 223 1343 τους
246 1307 455 1354 ἡγουμένους
477 1307 526 1351 μὴ
549 1306 768 1350 εἰςδέχεσθαι
785 1307 850 1341 τὸν
871 1308 979 1341 τοῦτο
1000 1305 1218 1352 πράττοντα.
1289 1308 1469 1351 suscipere
1494 1318 1583 1349 eum,
1613 1308 1673 1352 qui
1697 1309 1764 1343 hoc
1791 1309 1885 1352 egit..
1919 1309 2080 1343 Erronea
2104 1320 2254 1353 namque
2280 1310 2360 1344 talis

143 1351 269 1396 ἅλ’της
291 1353 358 1400 γὰρ
382 1351 401 1387 ὁ
424 1354 583 1387 τοιοῦτος
605 1357 698 1397 βίος,
729 1355 787 1385 καὶ
819 1354 1008 1396 μοναχικῆς
1032 1357 1217 1398 καρτερίας
1231 1356 1270 1385 '20
1287 1356 1340 1386 cst
1365 1353 1436 1386 vita
1460 1353 1688 1395 monachica,
1721 1354 1923 1388 nullatenus
1948 1354 2157 1388 tolerantiae
2190 1355 2360 1398 proxima,

143 1367 220 1432 0153’
247 1395 337 1432 ὅλως
361 1395 475 1444 ἐγγύς,
508 1397 590 1432 οὐδὲ
621 1398 801 1444 σταθερᾶς
832 1400 890 1430 καὶ
922 1402 1071 1441 μονίμου
1095 1399 1215 1440 ψυχῆς,
1286 1407 1400 1441 neque
1422 1398 1617 1432 constantis
1636 1401 1673 1433 et
1695 1399 1918 1442 persistentis
1939 1399 2086 1435 animae,
2114 1399 2174 1433 sed
2194 1400 2361 1433 indicium

143 1442 232 1478 ἀλλὰ
255 1446 532 1489 περιφερομένης
548 1456 587 1476 τε
605 1446 663 1476 καὶ
682 1442 807 1476 ἄλλοτε
827 1441 917 1475 ἄλλα
941 1440 1111 1485 ζητοῦσης
1129 1441 1215 1476 ἀπό·
1286 1443 1421 1477 habens
1447 1443 1675 1478 circumlatae
1695 1446 1731 1478 et
1747 1444 1890 1478 aliunde
1914 1444 1984 1478 alia
2008 1444 2228 1487 requirentis.
2268 1444 2360 1487 Qua-

143 1486 255 1528 δειξιν
279 1487 384 1530 ἔχων.
416 1485 518 1522 ’Ώςτε
541 1491 599 1521 καὶ
617 1489 725 1521 τοῦτο
748 1486 970 1521 κωλύσουσιν
994 1487 1030 1521 οἱ
1052 1487 1215 1533 θεοφιλέ-
1286 1491 1431 1531 propter
1455 1488 1559 1522 etiam
1585 1489 1653 1523 hoc
1683 1489 1894 1533 prohibeant
1919 1489 1984 1523 deo
2008 1490 2178 1524 amabiles
2204 1489 2360 1533 episcopi

143 1544 268 1566 στατοι
293 1535 492 1574 ἐπίσκοποι,
516 1535 575 1566 καὶ
592 1534 682 1579 οἵγε
701 1530 975 1577 ἀρχιμανὸρῖται
995 1531 1216 1576 καλούμενοι,
1286 1537 1322 1566 et
1344 1532 1643 1568 archimandritae
1673 1534 1885 1577 nuncupati,
1919 1534 2161 1568 monachicam
2194 1534 2360 1568 honesta-

142 1577 208 1621 τὴν
227 1577 426 1634 μοναχικὴν
450 1577 651 1622 σεμνότητα
682 1577 772 1611 κατὰ
803 1576 885 1611 ’τοὺς
913 1578 1034 1611 θείους
1064 1578 1217 1611 κανόνας
1231 1579 1271 1611 25
1286 1580 1356 1611 tem
1380 1578 1574 1612 secundum
1600 1589 1721 1613 sacras
1746 1580 1884 1623 regulas
1910 1583 2169 1614 conservantes.

145 1621 392 1667 φυλαττοντες.

1113 1690 1268 1725 CAPUT
1292 1690 1388 1724 VIII.

186 1748 250 1803 <H>
265 1758 310 1791 Εἰ
322 1755 364 1791 δέ
376 1769 430 1792 τις
439 1758 517 1792 τῶν
530 1755 726 1801 μοναχικὴν
739 1756 1054 1803 ἐπαγγειλαμένων
1068 1757 1220 1801 ἄσκησιν
1333 1758 1369 1792 Si
1395 1758 1472 1802 quis
1497 1760 1614 1792 autem
1638 1759 1882 1793 monachicam
1910 1759 2149 1803 profitentium
2177 1769 2360 1793 conversa-

142 1801 319 1845 ἀξιωθείη
343 1801 508 1849 κληρικοῦ
532 1806 767 1850 χειροτονίας,
791 1806 929 1846 μενέτω
954 1806 1014 1836 καὶ
1039 1799 1135 1836 οὕτω
1160 1817 1218 1836 κα-
1287 1803 1416 1837 tionem
1442 1804 1610 1838 meruerit
1635 1804 1754 1838 clerici
1785 1804 2058 1845 ordinationem,
2090 1808 2231 1838 maneat
2255 1804 2360 1838 etiam

144 1846 267 1893 θαρὰν
318 1846 484 1882 υλάττων
506 1847 573 1890 τὴν
597 1847 765 1890 ἄσκησιν,
798 1844 846 1881 ὠς
869 1848 940 1894 εἴγε
963 1849 1007 1894 τῇ
1039 1846 1102 1881 τοῦ
1123 1851 1218 1894 γενέ-
1287 1849 1338 1882 sic
1378 1859 1504 1892 puram
1548 1858 1692 1883 servans
1733 1850 2048 1884 conversationem.
2108 1849 2240 1891 Quodsi
2275 1848 2361 1883 sacti

143 1893 236 1926 σθαι
260 1906 280 1926 κ
304 1891 420 1939 ηρικὸς
437 1890 680 1937 ἇποχρήσαιτο
699 1896 891 1938 παρρησίᾳ,
916 1895 975 1926 καὶ
995 1891 1082 1940 πρὸς
1103 1891 1219 1939 γάμον
1232 1896 1271 1928 30
1287 1893 1406 1927 clerici
1430 1894 1599 1927 abutatur
1622 1894 1752 1928 fiducia
1778 1898 1812 1928 et
1835 1894 1881 1928 ad
1905 1894 2047 1938 nuptias
2071 1894 2189 1928 venire
2213 1904 2360 1938 praesu—

144 1937 267 1971 ἐλθεῖν
296 1935 525 1984 θαρρήσειεν,
560 1935 696 1980 δηλαδὴ
724 1935 887 1970 τοιούτου
918 1938 1069 1982 βαθμοῦ
1107 1939 1217 1972 καθε-
1286 1940 1368 1980 mat,
1395 1938 1526 1982 quippe
1550 1939 1613 1972 tali
1636 1939 1749 1981 gradu
1775 1940 1988 1974 constitutus
2007 1939 2099 1973 inter
2120 1939 2276 1980 clericos,
2302 1940 2360 1982 qui

142 1981 237 2016 στώς
260 1983 299 2015 ἐν
322 1981 504 2030 κληρικοῖς,
529 1978 565 2016 ὃς
588 1980 687 2025 αὐτῷ
708 1986 835 2029 γαμεῖν
854 1984 973 2027 ἐφίησι
999 1982 1160 2029 (λέγομεν
1178 1982 1218 2017 δὲ
1285 1984 1317 2017 61
1339 1993 1483 2017 uxorem
1503 1983 1631 2018 ducere
1656 1984 1839 2028 permittat
1862 1984 2023 2025 (dicimus
2041 1988 2157 2018 autem
2178 1987 2359 2018 cantorum

143 2026 295 2071 ψαλτιῦν
319 2040 359 2061 τε
382 2030 441 2061 καὶ
466 2025 731 2074 ἄναγνωστῶν·
767 2030 839 2061 τοῖς
861 2027 929 2073 γὰρ
960 2026 1077 2061 ἄλλοις
1101 2025 1216 2063 ἅπασι
1284 2030 1347 2061 aut
1371 2029 1561 2063 lectorum:
1593 2028 1670 2063 aliis
1696 2029 1786 2063 enim
1812 2030 1974 2064 omnibus
2001 2029 2143 2073 nuptias
2169 2029 2359 2063 secundum

143 2071 207 2105 τὸν
232 2072 349 2118 γάμον
370 2071 557 2107 παντελῶς
581 2071 672 2105 κατὰ
695 2071 776 2106 τούς
799 2073 921 2106 θείους
944 2073 1097 2107 κανόνας
1128 2071 1218 2108 ἀπα·
1287 2083 1408 2107 sacras
1433 2074 1572 2117 regulas
1597 2074 1737 2117 penitus
1762 2074 2023 2117 interdicimus,
2057 2078 2120 2107 aut
2145 2074 2360 2108 concubinas

143 2118 343 2163 γορεύομεν,
375 2114 396 2160 ἢ
426 2116 612 2160 παλλακὴν
640 2116 735 2159 ἔχειν
769 2114 791 2160 ἢ
821 2115 1018 2164 ἀσελγείαις
1052 2116 1218 2151 ἐκδοῦναι
1232 2121 1273 2153 35
1288 2118 1420 2152 habere
1445 2123 1507 2153 aut
1529 2119 1679 2153 luxuriis
1701 2119 1841 2153 tradere
1862 2120 1992 2162 vitam),
2015 2119 2226 2153 excludatur
2248 2119 2360 2152 modis

142 2161 208 2195 τὸν
227 2165 332 2206 βίον),
357 2161 592 2206 ἐκβαλλέσθω
611 2166 793 2196 παντοίως
816 2164 878 2195 τοῦ
903 2161 1042 2209 κλήρου,
1068 2162 1125 2196 οἷα
1148 2162 1215 2206 τὴν
1283 2163 1446 2198 omnibus
1470 2174 1492 2197 a
1525 2164 1640 2207 clero,
1672 2168 1851 2208 tamquam
1881 2164 2035 2208 priorem
2059 2164 2362 2198 conversationem

142 2209 324 2253 προτέραν
346 2206 497 2250 ἄσκησιν
520 2211 579 2241 καὶ
602 2206 668 2241 τὸν
689 2206 826 2252 μονήρη
851 2205 1103 2249 καταισχύνων
1123 2211 1216 2252 βίον,

187 2310 258 2340 cap.
292 2298 348 2330 VI.
382 2299 452 2331 VII
472 2299 646 2331 summaria
670 2305 779 2330 extant
806 2298 885 2330 Coll.
913 2299 1141 2330 LXXXVII
1159 2300 1256 2340 capit.
1285 2301 1341 2335 10;
1367 2299 1499 2331 Namnet.
1525 2299 1623 2331 XIV
1640 2300 1684 2331 tit.
1712 2301 1762 2339 11,
1787 2306 1810 2331 1.

187 2355 260 2385 cap.
292 2342 385 2374 VIII
404 2345 576 2374 summaria
601 2349 708 2374 errant
738 2343 816 2375 Coll.
840 2343 1071 2374 LXXXVII
1087 2345 1187 2384 capit.
1213 2345 1266 2379 113
1292 2344 1415 2376 Nomoc
1449 2344 1545 2375 XIV
1566 2345 1611 2375 tit.
1634 2345 1665 2383 9,
1686 2351 1732 2376 29.

146 2434 210 2467 dos
227 2436 263 2467 et
311 2438 429 2466 actum
443 2431 481 2465 in
499 2440 620 2464 casum
637 2430 764 2463 mortis
777 2429 917 2473 sactum
935 2428 1076 2462 mulieri
1098 2432 1270 2469 servetur,
1294 2429 1334 2463 id
1356 2429 1455 2474 quod
1478 2430 1583 2464 etiam
1601 2430 1638 2463 in
1656 2430 1730 2464 alia
1755 2431 2010 2465 constitutione
2033 2436 2161 2465 nostra
2184 2432 2360 2467 sancitum

146 2482 207 2512 est.
289 2476 383 2510 mnia
407 2479 524 2509 autem
549 2485 643 2519 quae
666 2473 710 2508 de
733 2473 918 2508 monachis
942 2472 1010 2506 hac
1033 2473 1070 2506 in
1094 2483 1135 2506 re
1159 2472 1256 2507 dicta
1279 2479 1382 2515 sunt,
1413 2474 1521 2508 etiam
1545 2473 1589 2508 de
1620 2474 1827 2509 mulieribus
1849 2476 2104 2510 monasterium
2128 2476 2358 2522 inqredienti-

148 2523 213 2556 bns
236 2521 388 2556 valeant.

280 2565 340 2599 Vl.
388 2563 429 2599 Si
451 2562 685 2599 vero'relicto
709 2562 927 2597 monasterio
954 2562 1002 2595 ad
1024 2562 1188 2596 militiam
1213 2563 1373 2608 aliquam
1397 2562 1452 2598 vel
1475 2562 1577 2597 aliud
1598 2563 1691 2598 vitae
1713 2575 1827 2609 qenus
1850 2574 1888 2598 se
1912 2564 2123 2607 contulerit,
2154 2565 2259 2600 bonis
2282 2568 2359 2602 eius

145 2611 251 2646 etiam
266 2610 319 2644 sic
333 2609 371 2643 in
385 2608 616 2650 monasterio,
637 2611 751 2653 prout
773 2612 856 2641 ante
876 2618 898 2641 a
917 2607 1020 2641 nobis
1037 2606 1169 2641 dictum
1184 2612 1247 2649 est,
1272 2607 1496 2642 manentibus
1515 2608 1593 2654 ipse
1613 2608 1651 2642 in
1675 2608 1915 2643 cohortalium
1936 2609 2127 2644 clarissimi
2177 2612 2359 2648 revinciae

144 2654 324 2702 praesidis
348 2653 507 2688 ordinem
529 2652 726 2698 i·ediqetur,
751 2656 785 2687 et
808 2651 902 2686 hunc
926 2651 1069 2686 habebit
1091 2652 1301 2687 mutationis
1322 2654 1496 2695 fructum,
1520 2657 1571 2694 ut,
1597 2663 1676 2687 cum
1699 2652 1857 2688 divinum
1880 2654 2115 2690 ministerium
2139 2622 2358 2702 despexerit,

145 2702 181 2735 in
206 2699 330 2734 iudicii
354 2697 487 2733 terreni
509 2697 654 2732 servitio
677 2700 889 2743 perseveret.

278 2743 356 2778 VII.
404 2742 539 2785 Quodsi
561 2742 687 2776 relicto
712 2741 944 2783 monasterio,
969 2741 1007 2775 in
1028 2752 1100 2786 quo
1121 2741 1418 2776 exercitationem
1442 2742 1607 2785 habebat,
1633 2742 1682 2777 ad
1705 2743 1807 2778 aliud
1829 2745 2085 2780 monasterium
2111 2749 2282 2788 transeat,
2306 2748 2359 2782 sic

147 2800 288 2835 quoque
311 2788 405 2823 bona
430 2788 507 2823 eius
529 2790 699 2822 maneant
720 2791 755 2821 et
777 2786 1001 2821 vindicentur
1024 2798 1047 2820 a
1065 2787 1196 2832 priore
1213 2787 1444 2829 monasterio,
1468 2788 1530 2822 ubi
1548 2789 1763 2823 renuntians
1778 2789 1843 2823 illa
1862 2790 2017 2835 reliquit.
2053 2790 2358 2837 Reliqiosissimos

146 2845 229 2869 vero
259 2833 450 2879 praesules
472 2843 569 2874 eum,
602 2831 664 2878 qui
687 2831 756 2866 hoc
775 2831 890 2877 facit,
920 2831 1080 2877 recipere
1104 2842 1177 2866 non
1201 2830 1311 2866 decet.
1365 2831 1470 2878 Vaqa
1492 2833 1585 2867 enim
1609 2838 1662 2868 est
1686 2834 1769 2868 talis
1790 2835 1864 2869 vita
1888 2839 1997 2880 atque
2019 2836 2248 2871 monachicae
2271 2848 2356 2883 per-

144 2879 367 2914 severantiae
396 2887 624 2923 nequaquam
651 2876 824 2921 finitima,
856 2887 971 2921 neque
992 2876 1089 2920 firmi
1113 2882 1149 2911 et
1171 2876 1372 2911 constantis
1395 2877 1526 2919 animi,
1557 2877 1622 2912 sed
1643 2878 1849 2923 vaqabundi
1873 2880 2019 2925 aliaque
2041 2880 2129 2915 alibi
2152 2883 2357 2926 quaerentis

144 2927 267 2958 notam
287 2922 429 2958 habens.
465 2921 586 2964 Quare
603 2922 710 2957 etiam
725 2920 793 2956 hoc
811 2920 877 2955 deo
899 2921 1076 2955 carissimi
1093 2921 1255 2967 episcopi
1272 2924 1308 2955 et
1323 2920 1628 2957 archimandritae
1648 2923 1711 2968 qui
1729 2928 1905 2958 vocantur
1922 2925 2155 2970 prohibeant,
2175 2926 2351 2960 monachi

145 2979 223 3003 cam
247 2968 460 3014 qravitatem
483 2966 677 3001 secundum
701 2965 842 3001 divinos
865 2976 1022 3000 canones
1045 2970 1307 3000 conservantes.

279 3012 375 3048 VIII.
422 3011 560 3054 Quodsi
583 3011 664 3063 quis
686 3021 820 3052 eorum,
871 3010 908 3044 ui
930 3010 1177 3045 monachicam
1201 3011 1496 3046 exercitationem
1514 3012 1682 3057 professi
1703 3016 1798 3054 sunt,
1823 3013 1945 3047 clerici
1968 3013 2199 3049 ordinatione
2222 3015 2354 3061 diqnus

146 3057 290 3092 habitus
321 3057 387 3099 sit,
423 3057 529 3091 etiam
563 3066 616 3090 stc
644 3066 780 3101 puram
816 3066 836 3089 ο
861 3065 1006 3090 servare
1033 3060 1241 3101 perseveret
1274 3056 1569 3091 exercitationem
1578 3070 1591 3098 ,·
1625 3060 1666 3091 ut
1697 3057 1731 3091 si
1765 3057 1956 3092 clericatus
1987 3058 2151 3094 libertate
2185 3060 2355 3094 abutatur

145 3107 181 3137 et
209 3101 358 3148 nuptias
386 3101 479 3136 inire
509 3100 658 3142 audeat,
690 3100 826 3134 scilicet
854 3100 892 3133 in
924 3099 989 3134 tali
1017 3100 1137 3145 qradu
1168 3100 1378 3135 clericorum
1408 3102 1644 3143 constitutus,
1680 3102 1743 3146 qui
1771 3102 1803 3136 ei
1834 3113 1986 3137 uxorem
2010 3103 2140 3139 ducere
2166 3106 2355 3155 permittat

146 3150 328 3190 (cantores
364 3145 513 3180 dicimus
543 3149 579 3180 et
606 3145 777 3180 lectores:
815 3144 883 3178 reli
908 3155 975 3178 uos
1005 3145 1097 3179 enim
1132 3155 1254 3180 omnes
1282 3145 1475 3180 secundum
1506 3146 1647 3181 divinos
1678 3157 1835 3181 canones
1865 3148 2128 3182 matrimonium
2163 3150 2256 3184 inire
2291 3155 2354 3184 aut

145 3190 378 3226 concubinam
402 3190 533 3225 habere
557 3194 621 3224 aut
643 3189 812 3225 luxuriae
834 3155 963 3224 dedere
985 3189 1094 3224 vitam
1120 3190 1264 3224 omnino
1289 3193 1480 3232 vetamus),
1504 3201 1554 3225 ex
1577 3191 1672 3225 clero
1700 3192 1796 3225 omni
1816 3192 1922 3226 modo
1948 3193 2109 3233 eiciatur,
2142 3198 2268 3238 utpote
2292 3196 2353 3239 qui

1334 3307 1345 3336 1
1374 3304 1521 3335 mulieris
1547 3303 1581 3334 l‘
1595 3302 1606 3346 Η
1625 3308 1642 3335 2.
1667 3306 1851 3336 sancxiinus
1871 3307 1939 3337 Rs
1954 3305 1964 3348 Η
1982 3308 2001 3338 6
2023 3306 2133 3336 ueniet
2155 3306 2186 3337 l'
2201 3306 2212 3348 Η
2233 3308 2249 3338 7
2276 3307 2351 3338 sub—

1284 3349 1437 3380 stantiam
1448 3347 1549 3380 R¹V¹
1568 3347 1580 3388 ΙΙ
1600 3349 1874 3381 10statueruntV
1879 3350 1888 3369 ¹
1904 3349 1916 3392 Η
1935 3350 2053 3381 habeat
2062 3350 2109 3381 R¹
2126 3349 2137 3393 ΙΙ
2160 3352 2197 3382 12
2213 3350 2351 3392 dispexit

1283 3394 1316 3426 R
1341 3392 1523 3434 despexerit
1551 3392 1582 3423 T
1599 3394 1684 3436 vulq.
1706 3393 1717 3436 ΙΙ
1743 3396 1873 3426 terreno
1898 3394 1944 3426 V¹
1973 3393 1984 3437 ss
2008 3394 2144 3426 seruitio
2169 3394 2201 3427 V
2223 3396 2234 3438 ΙΙ
2257 3398 2295 3428 14
2322 3397 2349 3428 si

191 3307 210 3337 2
233 3304 341 3336 τοῦτο
365 3316 422 3336 οηι.
448 3306 532 3342 Alc)
558 3303 570 3346 ss
595 3299 930 3346 νενομοθετήκαμεν
953 3306 1013 3338 Ag.
1062 3305 1110 3346 Cf.
1139 3303 1215 3336 Cod.

149 3352 177 3391 1,
201 3357 228 3383 3.
251 3357 286 3382 52
310 3350 383 3389 (53),
407 3356 450 3382 15.
475 3356 507 3381 54
529 3348 603 3388 (56),
626 3355 642 3381 4
671 3349 684 3391 n
712 3351 730 3380 3
762 3347 840 3380 τῶν
860 3361 917 3380 om.
939 3348 969 3380 A
995 3349 1008 3390 ΙΙ
1035 3349 1116 3392 περὶ
1138 3345 1215 3380 τού-

145 3396 219 3437 του]
244 3392 391 3437 τῶνΑΙ]
410 3395 430 3426 4
452 3388 673 3436 μοναστήριοι
687 3393 717 3425 A
732 3391 745 3435 11
767 3395 805 3425 10
829 3390 990 3436 λαμπροῦ
1007 3394 1035 3425 Α
1053 3391 1064 3436 ΙΙ
1087 3395 1125 3425 14
1149 3391 1217 3433 τὴν

146 3438 184 3477 ἐξ
207 3437 310 3483 ἀρχῆς
332 3436 482 3480 ἄσκησιν
505 3439 534 3470 A
564 3436 576 3491 fl
602 3439 642 3470 16
667 3434 920 3469 ὃιεκδικείσθω
947 3438 976 3469 Α
1001 3438 1012 3478 ΙΙ
1042 3439 1079 3470 17
1106 3437 1214 3476 ἔνθα]
1283 3448 1363 3469 11610
1388 3438 1429 3479 rel
1456 3438 1562 3479 suppl.
1586 3437 1632 3469 V²
1657 3439 1688 3470 in.
1712 3446 1794 3480 spat.
1817 3452 1885 3471 vac.
1908 3438 1920 3481 H
1950 3441 1988 3471 ¹6
2011 3439 2069 3479 sic]
2095 3439 2122 3470 si
2147 3439 2183 3472 V
2203 3438 2215 3483 ΙΙ
2239 3441 2349 3472 uindi-

145 3483 241 3516 ἔνθοι
264 3485 323 3516 καὶ
342 3483 373 3515 A
398 3482 410 3526 ΙΙ
438 3484 478 3515 18
507 3494 643 3523 ταυτην
663 3483 726 3522 Δς]
750 3481 855 3513 τοῦτο
880 3482 920 3514 Μ
945 3481 957 3526 ΙΙ
987 3483 1075 3521 ἐστι]
1106 3482 1212 3514 καθέ-
1248 3517 1250 3525 ¹
1284 3486 1399 3514 centur
1408 3483 1443 3515 V
1449 3483 1456 3500 ¹
1478 3481 1489 3525 ss
1510 3484 1546 3514 18
1561 3485 1747 3524 compotens
1760 3484 1806 3515 13¹
1824 3485 1834 3524 ΙΙ
1855 3486 1902 3515 est
1915 3486 2020 3515 autem
2037 3484 2073 3516 V
2082 3484 2094 3526 ΙΙ
2113 3486 2349 3518 reuertissimos

145 3539 252 3569 στηκε
275 3529 303 3560 A
320 3528 332 3570 ss
354 3530 393 3561 19
417 3523 627 3571 πράσσοντα
649 3528 680 3559 Α
696 3527 708 3569 ΙΙ
727 3528 768 3559 24
794 3523 1002 3569 καλούμενοι
1026 3527 1089 3566 Ας]
1121 3525 1213 3572 λεγό-
1248 3527 1250 3571 ξ
1284 3527 1335 3559 V¹
1349 3526 1360 3571 Η
1375 3530 1415 3559 20
1425 3528 1748 3570 leq.n10nachicae‘?ss
1763 3531 1798 3560 21
1817 3528 1978 3559 iudicium
1988 3528 2112 3573 RVTu
2126 3530 2350 3563 *22*habentis

1284 3573 1359 3604 libri
1385 3571 1396 3615 ΙΙ
1427 3573 1468 3604 23
1492 3572 1570 3603 haec
1594 3573 1626 3604 R
1654 3572 1666 3616 ΙΙ
1691 3575 1729 3605 27
1767 3575 1854 3605 rubr.
1880 3574 1927 3604 Dc
1952 3574 2077 3615 nuptiis
2099 3574 2291 3607 clericorum
2317 3577 2350 3608 R

1282 3629 1342 3659 my.
1367 3616 1378 3659 11
1399 3618 1440 3649 28
1461 3617 1582 3648 meruit
1606 3618 1653 3650 R¹
1677 3617 1688 3655 ΙΙ
1713 3620 1753 3649 ἴζΟ
1779 3618 1858 3649 cleri
1880 3618 1946 3650 VT
1965 3616 1977 3661 ΙΙ
1996 3618 2176 3650 abutantur
2206 3620 2349 3661 R2VT11

1281 3664 1489 3702 praesumant
1511 3661 1561 3693 R2
1583 3662 1595 3705 ΙΙ
1620 3664 1660 3694 33
1686 3663 1784 3702 enim]
1809 3664 1915 3693 autem
1938 3662 1998 3704 Vn
2022 3665 2062 3696 34
2085 3664 2266 3697 connubias
2284 3666 2317 3698 R
2337 3662 2349 3709 ss

1283 3708 1323 3739 35
1349 3706 1566 3737 excludantur
1592 3707 1685 3739 R¹V¹

213 3759 261 3789 111*
2058 3767 2077 3799 5

144 3584 244 3616 μενοι
263 3573 322 3605 καὶ
336 3568 542 3615 καλούμενοι
557 3572 601 3603 Μ
613 3571 624 3614 ΙΙ
642 3573 681 3604 27
697 3569 1012 3623 ἐπαγγελλομένων
1024 3572 1053 3603 A
1070 3573 1081 3611 ΙΙ
1101 3573 1141 3604 28
1157 3584 1214 3602 κα-

145 3617 272 3670 &apa-38
289 3618 333 3671 A,
343 3616 358 3661 ΙΙ
379 3618 421 3651 29
447 3613 494 3649 (ὃς
507 3615 577 3662 εἴγε
599 3616 655 3655 Μ]
681 3616 726 3667 εἰ.ν
734 3627 801 3661 γαρ
825 3617 852 3648 A
882 3616 893 3658 ΙΙ
921 3617 962 3648 32
983 3616 1022 3647 ἐν
1042 3614 1215 3661 κληρικοῖς

143 3674 272 3709 γαμειν
295 3673 334 3694 ου
358 3657 574 3703 κωλύοντος,
599 3658 751 3705 ψαλτων
775 3658 919 3707 λέγομεν
944 3672 984 3692 τε
1006 3661 1036 3693 A
