<?xml version="1.0" encoding="UTF-8"?>
<!DOCTYPE html PUBLIC "-//W3C//DTD XHTML 1.0 Transitional//EN"
    "http://www.w3.org/TR/xhtml1/DTD/xhtml1-transitional.dtd">
<html xmlns="http://www.w3.org/1999/xhtml" xml:lang="en" lang="en">
 <head>
  <title>
</title>
<meta http-equiv="Content-Type" content="text/html;charset=utf-8" />
  <meta name='ocr-system' content='tesseract 3.04.00' />
  <meta name='ocr-capabilities' content='ocr_page ocr_carea ocr_par ocr_line ocrx_word'/>
</head>
<body>
  <div class='ocr_page' id='page_1' title='image "./corpusiuriscivil03krueuoft_0414.png"; bbox 0 0 2618 4010; ppageno 0'>
   <div class='ocr_carea' id='block_1_1' title="bbox 258 138 2479 194">
    <p class='ocr_par' dir='ltr' id='par_1_1' title="bbox 258 138 2479 194">
     <span class='ocr_line' id='line_1_1' title="bbox 258 138 2479 194; baseline 0.006 -13"><span class='ocrx_word' id='word_1_1' title='bbox 258 138 365 182; x_wconf 78' lang='lat' dir='ltr'><strong>Nov.</strong></span> <span class='ocrx_word' id='word_1_2' title='bbox 396 139 615 182; x_wconf 88' lang='lat' dir='ltr'>LXXVIII</span> <span class='ocrx_word' id='word_1_3' title='bbox 649 144 684 184; x_wconf 90' lang='lat'><strong>1.</strong></span> <span class='ocrx_word' id='word_1_4' title='bbox 714 141 741 183; x_wconf 82' lang='lat'><strong>2</strong></span> <span class='ocrx_word' id='word_1_5' title='bbox 1333 139 1419 188; x_wconf 82' lang='lat'><strong>384</strong></span> <span class='ocrx_word' id='word_1_6' title='bbox 1524 184 1533 191; x_wconf 88' lang='lat'>.</span> <span class='ocrx_word' id='word_1_7' title='bbox 1923 161 1984 194; x_wconf 75' lang='lat' dir='ltr'><strong>ur</strong></span> <span class='ocrx_word' id='word_1_8' title='bbox 2013 161 2191 192; x_wconf 65' lang='lat' dir='ltr'><strong>Lmen-1⁹1</strong></span> <span class='ocrx_word' id='word_1_9' title='bbox 2219 161 2279 192; x_wconf 74' lang='lat' dir='ltr'><strong>nu</strong></span> <span class='ocrx_word' id='word_1_10' title='bbox 2308 161 2479 194; x_wconf 71' lang='lat' dir='ltr'><strong>camno</strong></span> 
     </span>
    </p>
   </div>
   <div class='ocr_carea' id='block_1_2' title="bbox 255 228 2478 525">
    <p class='ocr_par' dir='ltr' id='par_1_2' title="bbox 255 228 2478 525">
     <span class='ocr_line' id='line_1_2' title="bbox 2347 228 2358 245; baseline 0 0"><span class='ocrx_word' id='word_1_11' title='bbox 2347 228 2358 245; x_wconf 62' lang='grc' dir='ltr'><strong><em>θ</em></strong></span> 
     </span>
     <span class='ocr_line' id='line_1_3' title="bbox 260 246 2477 307; baseline 0.006 -24"><span class='ocrx_word' id='word_1_12' title='bbox 260 246 377 302; x_wconf 52' lang='grc' dir='ltr'><strong><em>μόνην</em></strong></span> <span class='ocrx_word' id='word_1_13' title='bbox 398 251 543 304; x_wconf 70' lang='grc' dir='ltr'><strong><em>κρατεῖν</em></strong></span> <span class='ocrx_word' id='word_1_14' title='bbox 559 248 631 305; x_wconf 54' lang='grc' dir='ltr'><strong><em>’τὴν</em></strong></span> <span class='ocrx_word' id='word_1_15' title='bbox 655 250 842 307; x_wconf 53' lang='grc' dir='ltr'><strong><em>ῥωμαϊζιὴν</em></strong></span> <span class='ocrx_word' id='word_1_16' title='bbox 864 250 1051 288; x_wconf 78' lang='grc' dir='ltr'><strong><em>πολιτείαν</em></strong></span> <span class='ocrx_word' id='word_1_17' title='bbox 1075 254 1135 287; x_wconf 82' lang='grc' dir='ltr'><strong>ἐπὶ</strong></span> <span class='ocrx_word' id='word_1_18' title='bbox 1150 252 1228 287; x_wconf 80' lang='grc' dir='ltr'><strong>τῶν</strong></span> <span class='ocrx_word' id='word_1_19' title='bbox 1242 251 1333 288; x_wconf 63' lang='grc' dir='ltr'><strong><em>ἐλευ-</em></strong></span> <span class='ocrx_word' id='word_1_20' title='bbox 1402 264 1588 291; x_wconf 74' lang='lat' dir='ltr'><strong>romanam</strong></span> <span class='ocrx_word' id='word_1_21' title='bbox 1602 255 1781 293; x_wconf 78' lang='lat' dir='ltr'><strong>civitatem</strong></span> <span class='ocrx_word' id='word_1_22' title='bbox 1797 257 1837 294; x_wconf 87' lang='lat' dir='ltr'><strong>in</strong></span> <span class='ocrx_word' id='word_1_23' title='bbox 1851 257 2077 297; x_wconf 73' lang='lat' dir='ltr'><strong>libertatibus</strong></span> <span class='ocrx_word' id='word_1_24' title='bbox 2092 260 2278 302; x_wconf 84' lang='lat' dir='ltr'><strong>voluimus,</strong></span> <span class='ocrx_word' id='word_1_25' title='bbox 2298 270 2372 296; x_wconf 86' lang='lat' dir='ltr'><strong>non</strong></span> <span class='ocrx_word' id='word_1_26' title='bbox 2386 260 2477 297; x_wconf 82' lang='lat' dir='ltr'><strong>loeis</strong></span> 
     </span>
     <span class='ocr_line' id='line_1_4' title="bbox 260 292 2473 350; baseline 0.005 -22"><span class='ocrx_word' id='word_1_27' title='bbox 260 293 403 340; x_wconf 82' lang='grc' dir='ltr'><strong><em>θεριων</em></strong></span> <span class='ocrx_word' id='word_1_28' title='bbox 436 292 710 347; x_wconf 74' lang='grc' dir='ltr'><strong><em>ηβουληθημεν,</em></strong></span> <span class='ocrx_word' id='word_1_29' title='bbox 747 308 788 331; x_wconf 85' lang='grc' dir='ltr'><strong>ου</strong></span> <span class='ocrx_word' id='word_1_30' title='bbox 823 294 948 332; x_wconf 83' lang='grc' dir='ltr'><strong><em>τόποις</em></strong></span> <span class='ocrx_word' id='word_1_31' title='bbox 990 296 1052 340; x_wconf 81' lang='grc' dir='ltr'><strong>οὐχ</strong></span> <span class='ocrx_word' id='word_1_32' title='bbox 1087 295 1239 340; x_wconf 80' lang='grc' dir='ltr'><strong><em>ἡλικίαις</em></strong></span> <span class='ocrx_word' id='word_1_33' title='bbox 1271 297 1335 342; x_wconf 73' lang='grc' dir='ltr'><strong><em>οὔχ</em></strong></span> <span class='ocrx_word' id='word_1_34' title='bbox 1403 310 1478 336; x_wconf 86' lang='grc'>11011</span> <span class='ocrx_word' id='word_1_35' title='bbox 1497 299 1676 337; x_wconf 75' lang='lat' dir='ltr'><strong>aetatibus</strong></span> <span class='ocrx_word' id='word_1_36' title='bbox 1698 312 1772 338; x_wconf 89' lang='lat' dir='ltr'><strong>non</strong></span> <span class='ocrx_word' id='word_1_37' title='bbox 1791 302 1861 339; x_wconf 85' lang='lat' dir='ltr'><strong>alio</strong></span> <span class='ocrx_word' id='word_1_38' title='bbox 1881 302 2034 350; x_wconf 79' lang='lat' dir='ltr'><strong>quodam</strong></span> <span class='ocrx_word' id='word_1_39' title='bbox 2057 315 2202 342; x_wconf 78' lang='lat' dir='ltr'><strong>eausam</strong></span> <span class='ocrx_word' id='word_1_40' title='bbox 2220 305 2473 341; x_wconf 77' lang='lat' dir='ltr'>discernentes.</span> 
     </span>
     <span class='ocr_line' id='line_1_5' title="bbox 257 338 2477 396; baseline 0.007 -24"><span class='ocrx_word' id='word_1_41' title='bbox 257 338 370 383; x_wconf 70' lang='grc' dir='ltr'><strong><em>ἑτέρῳ</em></strong></span> <span class='ocrx_word' id='word_1_42' title='bbox 401 341 475 373; x_wconf 81' lang='grc' dir='ltr'><strong><em>τινὶ</em></strong></span> <span class='ocrx_word' id='word_1_43' title='bbox 505 351 548 373; x_wconf 87' lang='grc' dir='ltr'><strong>το</strong></span> <span class='ocrx_word' id='word_1_44' title='bbox 578 341 726 386; x_wconf 76' lang='grc' dir='ltr'><strong><em>πρᾶγμα</em></strong></span> <span class='ocrx_word' id='word_1_45' title='bbox 751 339 1002 390; x_wconf 76' lang='grc' dir='ltr'><strong><em>διακρίνοντες.</em></strong></span> <span class='ocrx_word' id='word_1_46' title='bbox 1047 339 1192 386; x_wconf 78' lang='grc' dir='ltr'><strong><em>Ἐπειδὴ</em></strong></span> <span class='ocrx_word' id='word_1_47' title='bbox 1219 340 1259 377; x_wconf 71' lang='grc' dir='ltr'><strong>δὲ</strong></span> <span class='ocrx_word' id='word_1_48' title='bbox 1280 340 1339 378; x_wconf 81' lang='grc' dir='ltr'><strong><em>ἆεί</em></strong></span> <span class='ocrx_word' id='word_1_49' title='bbox 1404 343 1579 389; x_wconf 73' lang='lat' dir='ltr'><strong>Quoniam</strong></span> <span class='ocrx_word' id='word_1_50' title='bbox 1615 347 1735 382; x_wconf 75' lang='lat' dir='ltr'><strong>autem</strong></span> <span class='ocrx_word' id='word_1_51' title='bbox 1770 357 1909 394; x_wconf 80' lang='lat' dir='ltr'><strong>semper</strong></span> <span class='ocrx_word' id='word_1_52' title='bbox 1942 349 2077 396; x_wconf 82' lang='lat' dir='ltr'><strong>aliquid</strong></span> <span class='ocrx_word' id='word_1_53' title='bbox 2108 350 2234 387; x_wconf 88' lang='lat' dir='ltr'><strong>melius</strong></span> <span class='ocrx_word' id='word_1_54' title='bbox 2269 350 2314 386; x_wconf 87' lang='lat' dir='ltr'><strong>de</strong></span> <span class='ocrx_word' id='word_1_55' title='bbox 2344 350 2477 386; x_wconf 71' lang='lat' dir='ltr'><strong>nostris</strong></span> 
     </span>
     <span class='ocr_line' id='line_1_6' title="bbox 256 383 2478 442; baseline 0.006 -25"><span class='ocrx_word' id='word_1_56' title='bbox 256 396 294 417; x_wconf 80' lang='grc' dir='ltr'><strong>τι</strong></span> <span class='ocrx_word' id='word_1_57' title='bbox 324 385 486 431; x_wconf 83' lang='grc' dir='ltr'><strong><em>κρεῖττον</em></strong></span> <span class='ocrx_word' id='word_1_58' title='bbox 519 387 603 439; x_wconf 45' lang='grc' dir='ltr'><strong><em>,περὶ</em></strong></span> <span class='ocrx_word' id='word_1_59' title='bbox 638 386 717 420; x_wconf 77' lang='grc' dir='ltr'><strong>τῶν</strong></span> <span class='ocrx_word' id='word_1_60' title='bbox 750 383 935 432; x_wconf 73' lang='grc' dir='ltr'><strong>ἡμετέρων</strong></span> <span class='ocrx_word' id='word_1_61' title='bbox 968 384 1139 428; x_wconf 79' lang='grc' dir='ltr'><strong><em>ὑπηκόων</em></strong></span> <span class='ocrx_word' id='word_1_62' title='bbox 1171 386 1335 433; x_wconf 77' lang='grc' dir='ltr'><strong><em>βουλευό-</em></strong></span> <span class='ocrx_word' id='word_1_63' title='bbox 1374 399 1376 402; x_wconf 66' lang='grc'>’</span> <span class='ocrx_word' id='word_1_64' title='bbox 1405 389 1576 426; x_wconf 88' lang='lat' dir='ltr'><strong>subiectis</strong></span> <span class='ocrx_word' id='word_1_65' title='bbox 1598 392 1805 435; x_wconf 72' lang='lat' dir='ltr'><strong>tractamus,</strong></span> <span class='ocrx_word' id='word_1_66' title='bbox 1829 397 1866 428; x_wconf 87' lang='lat' dir='ltr'><strong>et</strong></span> <span class='ocrx_word' id='word_1_67' title='bbox 1884 393 2002 439; x_wconf 87' lang='lat' dir='ltr'><strong>ipsum</strong></span> <span class='ocrx_word' id='word_1_68' title='bbox 2024 395 2119 441; x_wconf 86' lang='lat' dir='ltr'><strong>quod</strong></span> <span class='ocrx_word' id='word_1_69' title='bbox 2136 395 2331 442; x_wconf 81' lang='lat' dir='ltr'><strong>perfectius</strong></span> <span class='ocrx_word' id='word_1_70' title='bbox 2355 395 2478 431; x_wconf 87' lang='lat' dir='ltr'><strong>datum</strong></span> 
     </span>
     <span class='ocr_line' id='line_1_7' title="bbox 255 429 2477 486; baseline 0.008 -25"><span class='ocrx_word' id='word_1_71' title='bbox 255 440 357 470; x_wconf 81' lang='grc' dir='ltr'><strong><em>μενοι</em></strong></span> <span class='ocrx_word' id='word_1_72' title='bbox 390 430 450 462; x_wconf 77' lang='grc' dir='ltr'><strong>καὶ</strong></span> <span class='ocrx_word' id='word_1_73' title='bbox 486 441 574 464; x_wconf 87' lang='grc' dir='ltr'><strong><em>αυτο</em></strong></span> <span class='ocrx_word' id='word_1_74' title='bbox 609 429 653 465; x_wconf 86' lang='grc' dir='ltr'><strong>τὸ</strong></span> <span class='ocrx_word' id='word_1_75' title='bbox 688 429 907 479; x_wconf 68' lang='grc' dir='ltr'><strong><em>τελεώτερον</em></strong></span> <span class='ocrx_word' id='word_1_76' title='bbox 946 430 1140 476; x_wconf 76' lang='grc' dir='ltr'><em>δεδομένον</em></span> <span class='ocrx_word' id='word_1_77' title='bbox 1173 434 1336 477; x_wconf 77' lang='grc' dir='ltr'><strong><em>μείζοσιν</em></strong></span> <span class='ocrx_word' id='word_1_78' title='bbox 1373 437 1393 470; x_wconf 86' lang='grc'>5</span> <span class='ocrx_word' id='word_1_79' title='bbox 1406 438 1462 476; x_wconf 81' lang='lat' dir='ltr'><strong>est</strong></span> <span class='ocrx_word' id='word_1_80' title='bbox 1486 437 1532 477; x_wconf 89' lang='lat' dir='ltr'><strong>[a]</strong></span> <span class='ocrx_word' id='word_1_81' title='bbox 1557 435 1751 472; x_wconf 82' lang='lat' dir='ltr'><strong>maioribus</strong></span> <span class='ocrx_word' id='word_1_82' title='bbox 1782 437 2044 476; x_wconf 72' lang='lat' dir='ltr'><strong>aestimavimus</strong></span> <span class='ocrx_word' id='word_1_83' title='bbox 2072 443 2240 486; x_wconf 72' lang='lat' dir='ltr'><strong>oportere</strong></span> <span class='ocrx_word' id='word_1_84' title='bbox 2271 439 2477 477; x_wconf 70' lang='lat' dir='ltr'><strong>adiectioni-</strong></span> 
     </span>
     <span class='ocr_line' id='line_1_8' title="bbox 257 469 1689 525; baseline 0.008 -19"><span class='ocrx_word' id='word_1_85' title='bbox 257 469 433 517; x_wconf 66' lang='grc' dir='ltr'><strong><em>ᾡήθημεν</em></strong></span> <span class='ocrx_word' id='word_1_86' title='bbox 456 471 533 508; x_wconf 79' lang='grc' dir='ltr'><strong><em>δεῖν</em></strong></span> <span class='ocrx_word' id='word_1_87' title='bbox 555 477 635 510; x_wconf 81' lang='grc' dir='ltr'><strong><em>ταῖς</em></strong></span> <span class='ocrx_word' id='word_1_88' title='bbox 657 474 879 523; x_wconf 75' lang='grc' dir='ltr'><strong><em>προςθήκαις</em></strong></span> <span class='ocrx_word' id='word_1_89' title='bbox 903 474 1071 520; x_wconf 75' lang='grc' dir='ltr'><strong><em>αὐξῆσαι·</em></strong></span> <span class='ocrx_word' id='word_1_90' title='bbox 1406 479 1475 515; x_wconf 88' lang='lat' dir='ltr'><strong>bus</strong></span> <span class='ocrx_word' id='word_1_91' title='bbox 1498 479 1689 525; x_wconf 83' lang='lat' dir='ltr'><strong>ampliare:</strong></span> 
     </span>
    </p>
   </div>
   <div class='ocr_carea' id='block_1_3' title="bbox 1263 590 1472 627">
    <p class='ocr_par' dir='ltr' id='par_1_3' title="bbox 1263 590 1472 627">
     <span class='ocr_line' id='line_1_9' title="bbox 1263 590 1472 627; baseline 0.005 -1"><span class='ocrx_word' id='word_1_92' title='bbox 1263 590 1420 627; x_wconf 85' lang='lat' dir='ltr'>CAPUT</span> <span class='ocrx_word' id='word_1_93' title='bbox 1443 591 1472 627; x_wconf 92' lang='lat'><strong>1.</strong></span> 
     </span>
    </p>
   </div>
   <div class='ocr_carea' id='block_1_4' title="bbox 255 652 2479 1164">
    <p class='ocr_par' dir='ltr' id='par_1_4' title="bbox 255 652 2479 1164">
     <span class='ocr_line' id='line_1_10' title="bbox 262 652 2479 711; baseline 0.006 -23"><span class='ocrx_word' id='word_1_94' title='bbox 262 696 278 708; x_wconf 32' lang='grc' dir='ltr'>ἱ</span> <span class='ocrx_word' id='word_1_95' title='bbox 309 652 369 689; x_wconf 83' lang='grc' dir='ltr'><strong><em>διὰ</em></strong></span> <span class='ocrx_word' id='word_1_96' title='bbox 387 655 500 707; x_wconf 49' lang='grc' dir='ltr'><strong><em>,τοῦτο</em></strong></span> <span class='ocrx_word' id='word_1_97' title='bbox 524 655 762 699; x_wconf 81' lang='grc' dir='ltr'><strong><em>θεσπίζομεν,</em></strong></span> <span class='ocrx_word' id='word_1_98' title='bbox 795 657 829 690; x_wconf 82' lang='grc' dir='ltr'><strong>εἴ</strong></span> <span class='ocrx_word' id='word_1_99' title='bbox 847 667 901 691; x_wconf 87' lang='grc' dir='ltr'><strong>τις</strong></span> <span class='ocrx_word' id='word_1_100' title='bbox 913 655 1174 711; x_wconf 43' lang='grc' dir='ltr'><strong><em>,ἐλευθερώσας</em></strong></span> <span class='ocrx_word' id='word_1_101' title='bbox 1196 657 1338 702; x_wconf 73' lang='grc' dir='ltr'><strong><em>οἰκέτην</em></strong></span> <span class='ocrx_word' id='word_1_102' title='bbox 1462 663 1653 706; x_wconf 86' lang='lat' dir='ltr'><strong>propterea</strong></span> <span class='ocrx_word' id='word_1_103' title='bbox 1677 661 1870 704; x_wconf 76' lang='lat' dir='ltr'><strong>sancimus,</strong></span> <span class='ocrx_word' id='word_1_104' title='bbox 1901 661 1935 697; x_wconf 86' lang='lat' dir='ltr'><strong>si·</strong></span> <span class='ocrx_word' id='word_1_105' title='bbox 1957 662 2035 708; x_wconf 87' lang='lat' dir='ltr'><strong>quis</strong></span> <span class='ocrx_word' id='word_1_106' title='bbox 2059 665 2307 701; x_wconf 78' lang='lat' dir='ltr'><strong>manumittens</strong></span> <span class='ocrx_word' id='word_1_107' title='bbox 2338 675 2479 701; x_wconf 85' lang='lat' dir='ltr'><strong>servum</strong></span> 
     </span>
     <span class='ocr_line' id='line_1_11' title="bbox 255 699 2476 753; baseline 0.005 -20"><span class='ocrx_word' id='word_1_108' title='bbox 255 713 278 743; x_wconf 90' lang='grc' dir='ltr'><strong><em>η</em></strong></span> <span class='ocrx_word' id='word_1_109' title='bbox 303 700 536 746; x_wconf 79' lang='grc' dir='ltr'><strong><em>θεραπαιναν</em></strong></span> <span class='ocrx_word' id='word_1_110' title='bbox 566 700 676 735; x_wconf 79' lang='grc' dir='ltr'><strong><em>αὐτοῦ</em></strong></span> <span class='ocrx_word' id='word_1_111' title='bbox 701 699 849 736; x_wconf 87' lang='grc' dir='ltr'><strong><em>πολίτας</em></strong></span> <span class='ocrx_word' id='word_1_112' title='bbox 879 713 1006 736; x_wconf 87' lang='grc' dir='ltr'><strong><em>αυτους</em></strong></span> <span class='ocrx_word' id='word_1_113' title='bbox 1035 701 1233 748; x_wconf 81' lang='grc' dir='ltr'><strong><em>αποφῆνειε</em></strong></span> <span class='ocrx_word' id='word_1_114' title='bbox 1265 703 1334 749; x_wconf 80' lang='grc' dir='ltr'><strong>ρω-</strong></span> <span class='ocrx_word' id='word_1_115' title='bbox 1404 709 1469 740; x_wconf 86' lang='lat' dir='ltr'><strong>aut</strong></span> <span class='ocrx_word' id='word_1_116' title='bbox 1492 706 1658 742; x_wconf 76' lang='lat' dir='ltr'><strong>ancillam</strong></span> <span class='ocrx_word' id='word_1_117' title='bbox 1682 715 1785 742; x_wconf 85' lang='lat' dir='ltr'><strong>suam</strong></span> <span class='ocrx_word' id='word_1_118' title='bbox 1811 707 1903 743; x_wconf 84' lang='lat' dir='ltr'><strong>cives</strong></span> <span class='ocrx_word' id='word_1_119' title='bbox 1928 707 2187 745; x_wconf 79' lang='lat' dir='ltr'><strong>denuntiaverit</strong></span> <span class='ocrx_word' id='word_1_120' title='bbox 2209 721 2374 747; x_wconf 79' lang='lat' dir='ltr'><strong>romanos</strong></span> <span class='ocrx_word' id='word_1_121' title='bbox 2402 712 2476 753; x_wconf 85' lang='lat' dir='ltr'><strong>(ne-</strong></span> 
     </span>
     <span class='ocr_line' id='line_1_12' title="bbox 255 742 2478 801; baseline 0.005 -23"><span class='ocrx_word' id='word_1_122' title='bbox 255 748 381 789; x_wconf 83' lang='grc' dir='ltr'><strong><em>μαίους</em></strong></span> <span class='ocrx_word' id='word_1_123' title='bbox 409 742 517 798; x_wconf 40' lang='lat' dir='ltr'><strong>(midi</strong></span> <span class='ocrx_word' id='word_1_124' title='bbox 536 745 604 794; x_wconf 80' lang='grc' dir='ltr'><strong><em>γὰρ</em></strong></span> <span class='ocrx_word' id='word_1_125' title='bbox 633 743 750 780; x_wconf 83' lang='grc' dir='ltr'><strong><em>ἄλλως</em></strong></span> <span class='ocrx_word' id='word_1_126' title='bbox 778 746 942 790; x_wconf 74' lang='grc' dir='ltr'><strong><em>ἔξεστιν),</em></strong></span> <span class='ocrx_word' id='word_1_127' title='bbox 977 747 1068 781; x_wconf 85' lang='grc' dir='ltr'><strong><em>ἴστω</em></strong></span> <span class='ocrx_word' id='word_1_128' title='bbox 1099 747 1199 794; x_wconf 83' lang='grc' dir='ltr'><strong><em>παρὰ</em></strong></span> <span class='ocrx_word' id='word_1_129' title='bbox 1229 746 1335 782; x_wconf 81' lang='grc' dir='ltr'><strong><em>τοῦδε</em></strong></span> <span class='ocrx_word' id='word_1_130' title='bbox 1405 760 1474 794; x_wconf 88' lang='lat' dir='ltr'><strong>que</strong></span> <span class='ocrx_word' id='word_1_131' title='bbox 1496 751 1590 787; x_wconf 89' lang='lat' dir='ltr'><strong>enim</strong></span> <span class='ocrx_word' id='word_1_132' title='bbox 1621 751 1726 787; x_wconf 88' lang='lat' dir='ltr'><strong>aliter</strong></span> <span class='ocrx_word' id='word_1_133' title='bbox 1749 752 1857 795; x_wconf 87' lang='lat' dir='ltr'><strong>licet),</strong></span> <span class='ocrx_word' id='word_1_134' title='bbox 1890 751 1982 788; x_wconf 88' lang='lat' dir='ltr'><strong>sciat</strong></span> <span class='ocrx_word' id='word_1_135' title='bbox 2013 763 2056 788; x_wconf 87' lang='lat' dir='ltr'><strong>ex</strong></span> <span class='ocrx_word' id='word_1_136' title='bbox 2086 753 2155 790; x_wconf 86' lang='lat' dir='ltr'><strong>hac</strong></span> <span class='ocrx_word' id='word_1_137' title='bbox 2185 754 2270 800; x_wconf 80' lang='lat' dir='ltr'><strong>lege,</strong></span> <span class='ocrx_word' id='word_1_138' title='bbox 2302 756 2386 801; x_wconf 88' lang='lat' dir='ltr'><strong>quia</strong></span> <span class='ocrx_word' id='word_1_139' title='bbox 2417 756 2478 800; x_wconf 90' lang='lat' dir='ltr'><strong>qui</strong></span> 
     </span>
     <span class='ocr_line' id='line_1_13' title="bbox 256 788 2476 848; baseline 0.005 -24"><span class='ocrx_word' id='word_1_140' title='bbox 256 790 321 825; x_wconf 82' lang='grc' dir='ltr'><strong>τοῦ</strong></span> <span class='ocrx_word' id='word_1_141' title='bbox 341 789 537 846; x_wconf 40' lang='grc' dir='ltr'><strong><em>νόμου,“ως</em></strong></span> <span class='ocrx_word' id='word_1_142' title='bbox 559 788 578 825; x_wconf 90' lang='grc' dir='ltr'>ὁ</span> <span class='ocrx_word' id='word_1_143' title='bbox 603 790 671 846; x_wconf 72' lang='grc' dir='ltr'><strong>τὴν</strong></span> <span class='ocrx_word' id='word_1_144' title='bbox 694 789 906 844; x_wconf 58' lang='grc' dir='ltr'><strong><em>έλξυθερίαν</em></strong></span> <span class='ocrx_word' id='word_1_145' title='bbox 930 790 1058 836; x_wconf 79' lang='grc' dir='ltr'><strong><em>λαβὼν</em></strong></span> <span class='ocrx_word' id='word_1_146' title='bbox 1080 792 1152 833; x_wconf 73' lang='grc' dir='ltr'><strong><em>ἔξει</em></strong></span> <span class='ocrx_word' id='word_1_147' title='bbox 1175 792 1335 848; x_wconf 49' lang='grc' dir='ltr'><strong><em>παρεπόῑ</em></strong></span> <span class='ocrx_word' id='word_1_148' title='bbox 1350 798 1392 830; x_wconf 89' lang='grc'><strong>10</strong></span> <span class='ocrx_word' id='word_1_149' title='bbox 1404 795 1607 832; x_wconf 85' lang='lat' dir='ltr'><strong>libertatem</strong></span> <span class='ocrx_word' id='word_1_150' title='bbox 1627 797 1768 842; x_wconf 87' lang='lat' dir='ltr'><strong>accepit</strong></span> <span class='ocrx_word' id='word_1_151' title='bbox 1786 797 1934 833; x_wconf 85' lang='lat' dir='ltr'><strong>habebit</strong></span> <span class='ocrx_word' id='word_1_152' title='bbox 1953 798 2172 844; x_wconf 88' lang='lat' dir='ltr'><strong>subsequens</strong></span> <span class='ocrx_word' id='word_1_153' title='bbox 2191 810 2274 836; x_wconf 87' lang='lat' dir='ltr'><strong>mox</strong></span> <span class='ocrx_word' id='word_1_154' title='bbox 2296 803 2333 836; x_wconf 89' lang='lat' dir='ltr'><strong>et</strong></span> <span class='ocrx_word' id='word_1_155' title='bbox 2350 810 2476 836; x_wconf 86' lang='lat' dir='ltr'><strong>aureo-</strong></span> 
     </span>
     <span class='ocr_line' id='line_1_14' title="bbox 255 836 2479 887; baseline 0.005 -18"><span class='ocrx_word' id='word_1_156' title='bbox 255 848 366 879; x_wconf 86' lang='grc' dir='ltr'><strong><em>μενον</em></strong></span> <span class='ocrx_word' id='word_1_157' title='bbox 394 836 504 871; x_wconf 81' lang='grc' dir='ltr'><strong><em>ευθυς</em></strong></span> <span class='ocrx_word' id='word_1_158' title='bbox 533 838 592 870; x_wconf 83' lang='grc' dir='ltr'><strong>καὶ</strong></span> <span class='ocrx_word' id='word_1_159' title='bbox 619 849 662 871; x_wconf 88' lang='grc' dir='ltr'><strong>το</strong></span> <span class='ocrx_word' id='word_1_160' title='bbox 693 849 771 870; x_wconf 85' lang='grc' dir='ltr'><strong>των</strong></span> <span class='ocrx_word' id='word_1_161' title='bbox 801 839 946 883; x_wconf 78' lang='grc' dir='ltr'><strong><em>χρυσῶν</em></strong></span> <span class='ocrx_word' id='word_1_162' title='bbox 979 836 1183 872; x_wconf 77' lang='grc' dir='ltr'><strong><em>δακτυλίων</em></strong></span> <span class='ocrx_word' id='word_1_163' title='bbox 1209 842 1269 872; x_wconf 79' lang='grc' dir='ltr'><strong>καὶ</strong></span> <span class='ocrx_word' id='word_1_164' title='bbox 1293 852 1335 873; x_wconf 90' lang='grc' dir='ltr'><strong>το</strong></span> <span class='ocrx_word' id='word_1_165' title='bbox 1404 852 1484 876; x_wconf 87' lang='lat' dir='ltr'><strong>rum</strong></span> <span class='ocrx_word' id='word_1_166' title='bbox 1507 843 1695 877; x_wconf 76' lang='lat' dir='ltr'><strong>anulorum</strong></span> <span class='ocrx_word' id='word_1_167' title='bbox 1727 846 1762 878; x_wconf 83' lang='lat' dir='ltr'><strong>et</strong></span> <span class='ocrx_word' id='word_1_168' title='bbox 1785 842 2063 887; x_wconf 79' lang='lat' dir='ltr'><strong>regenerationis</strong></span> <span class='ocrx_word' id='word_1_169' title='bbox 2086 843 2154 887; x_wconf 85' lang='lat' dir='ltr'><strong>ius,</strong></span> <span class='ocrx_word' id='word_1_170' title='bbox 2187 849 2223 879; x_wconf 84' lang='lat' dir='ltr'><strong>et</strong></span> <span class='ocrx_word' id='word_1_171' title='bbox 2246 855 2317 880; x_wconf 88' lang='lat' dir='ltr'><strong>non</strong></span> <span class='ocrx_word' id='word_1_172' title='bbox 2338 845 2410 880; x_wconf 84' lang='lat' dir='ltr'><strong>iam</strong></span> <span class='ocrx_word' id='word_1_173' title='bbox 2434 856 2479 880; x_wconf 89' lang='lat' dir='ltr'><strong>ex</strong></span> 
     </span>
     <span class='ocr_line' id='line_1_15' title="bbox 256 879 2477 935; baseline 0.005 -22"><span class='ocrx_word' id='word_1_174' title='bbox 256 881 317 923; x_wconf 81' lang='grc' dir='ltr'><strong>τῆς</strong></span> <span class='ocrx_word' id='word_1_175' title='bbox 340 879 609 928; x_wconf 72' lang='grc' dir='ltr'><strong><em>παλιγγενεσίας</em></strong></span> <span class='ocrx_word' id='word_1_176' title='bbox 640 879 792 923; x_wconf 38' lang='grc' dir='ltr'><strong><em>δίκαιονῑ</em></strong></span> <span class='ocrx_word' id='word_1_177' title='bbox 824 885 886 915; x_wconf 85' lang='grc' dir='ltr'><strong>καὶ</strong></span> <span class='ocrx_word' id='word_1_178' title='bbox 909 879 973 916; x_wconf 79' lang='grc' dir='ltr'><strong>οὐκ</strong></span> <span class='ocrx_word' id='word_1_179' title='bbox 997 883 1036 923; x_wconf 73' lang='grc' dir='ltr'><strong>ἐξ</strong></span> <span class='ocrx_word' id='word_1_180' title='bbox 1059 879 1213 935; x_wconf 62' lang='grc' dir='ltr'><strong><em>ἀνάγκης</em></strong></span> <span class='ocrx_word' id='word_1_181' title='bbox 1238 883 1334 927; x_wconf 87' lang='grc' dir='ltr'><strong><em>αἰτή·</em></strong></span> <span class='ocrx_word' id='word_1_182' title='bbox 1405 886 1618 922; x_wconf 86' lang='lat' dir='ltr'><strong>necessitate</strong></span> <span class='ocrx_word' id='word_1_183' title='bbox 1649 887 1719 923; x_wconf 89' lang='grc'>1100</span> <span class='ocrx_word' id='word_1_184' title='bbox 1751 898 1774 922; x_wconf 87' lang='lat' dir='ltr'><strong>a</strong></span> <span class='ocrx_word' id='word_1_185' title='bbox 1803 887 2027 933; x_wconf 87' lang='lat' dir='ltr'><strong>principibus</strong></span> <span class='ocrx_word' id='word_1_186' title='bbox 2052 889 2249 933; x_wconf 76' lang='lat' dir='ltr'><strong>postulabit</strong></span> <span class='ocrx_word' id='word_1_187' title='bbox 2278 899 2392 935; x_wconf 88' lang='lat' dir='ltr'><strong>neque</strong></span> <span class='ocrx_word' id='word_1_188' title='bbox 2423 891 2477 925; x_wconf 91' lang='lat' dir='ltr'><strong>iu-</strong></span> 
     </span>
     <span class='ocr_line' id='line_1_16' title="bbox 256 924 2477 978; baseline 0.005 -18"><span class='ocrx_word' id='word_1_189' title='bbox 256 938 311 960; x_wconf 78' lang='grc' dir='ltr'><strong>σει</strong></span> <span class='ocrx_word' id='word_1_190' title='bbox 333 926 440 960; x_wconf 80' lang='grc' dir='ltr'><strong><em>τοῦτο</em></strong></span> <span class='ocrx_word' id='word_1_191' title='bbox 459 926 558 973; x_wconf 84' lang='grc' dir='ltr'><strong><em>παρὰ</em></strong></span> <span class='ocrx_word' id='word_1_192' title='bbox 582 927 643 969; x_wconf 82' lang='grc' dir='ltr'><strong>τῆς</strong></span> <span class='ocrx_word' id='word_1_193' title='bbox 662 925 846 970; x_wconf 81' lang='grc' dir='ltr'><strong><em>βασιλείας</em></strong></span> <span class='ocrx_word' id='word_1_194' title='bbox 867 929 923 961; x_wconf 76' lang='grc' dir='ltr'><strong>ἔτι</strong></span> <span class='ocrx_word' id='word_1_195' title='bbox 947 924 1030 962; x_wconf 77' lang='grc' dir='ltr'><strong><em>οὐδὲ</em></strong></span> <span class='ocrx_word' id='word_1_196' title='bbox 1053 926 1219 971; x_wconf 77' lang='grc' dir='ltr'><strong><em>δεησεται</em></strong></span> <span class='ocrx_word' id='word_1_197' title='bbox 1242 942 1334 964; x_wconf 81' lang='grc' dir='ltr'><strong><em>παν·</em></strong></span> <span class='ocrx_word' id='word_1_198' title='bbox 1404 932 1537 976; x_wconf 86' lang='lat' dir='ltr'><strong>digebit</strong></span> <span class='ocrx_word' id='word_1_199' title='bbox 1562 931 1704 968; x_wconf 91' lang='lat' dir='ltr'><strong>omnino</strong></span> <span class='ocrx_word' id='word_1_200' title='bbox 1728 932 1802 968; x_wconf 84' lang='lat' dir='ltr'><strong>ulla</strong></span> <span class='ocrx_word' id='word_1_201' title='bbox 1826 934 2113 978; x_wconf 84' lang='lat' dir='ltr'><strong>scrupulositate,</strong></span> <span class='ocrx_word' id='word_1_202' title='bbox 2139 933 2200 969; x_wconf 87' lang='lat' dir='ltr'><strong>sed</strong></span> <span class='ocrx_word' id='word_1_203' title='bbox 2219 934 2394 970; x_wconf 76' lang='lat' dir='ltr'><strong>libertatis</strong></span> <span class='ocrx_word' id='word_1_204' title='bbox 2409 935 2477 970; x_wconf 84' lang='lat' dir='ltr'><strong>vir-</strong></span> 
     </span>
     <span class='ocr_line' id='line_1_17' title="bbox 255 969 2478 1023; baseline 0.004 -18"><span class='ocrx_word' id='word_1_205' title='bbox 255 969 367 1006; x_wconf 82' lang='grc' dir='ltr'><strong><em>τελῶς</em></strong></span> <span class='ocrx_word' id='word_1_206' title='bbox 396 969 560 1014; x_wconf 73' lang='grc' dir='ltr'><strong>οὐδεμιᾶς</strong></span> <span class='ocrx_word' id='word_1_207' title='bbox 583 969 945 1019; x_wconf 76' lang='grc' dir='ltr'><strong><em>πολυπραγμοσύνης,</em></strong></span> <span class='ocrx_word' id='word_1_208' title='bbox 977 971 1067 1007; x_wconf 83' lang='grc' dir='ltr'><strong><em>ἀλλὰ</em></strong></span> <span class='ocrx_word' id='word_1_209' title='bbox 1089 974 1133 1020; x_wconf 83' lang='grc' dir='ltr'><strong>τῇ</strong></span> <span class='ocrx_word' id='word_1_210' title='bbox 1157 974 1218 1017; x_wconf 80' lang='grc' dir='ltr'><strong>τῆς</strong></span> <span class='ocrx_word' id='word_1_211' title='bbox 1242 973 1333 1009; x_wconf 78' lang='grc' dir='ltr'><strong><em>ἐλευ·</em></strong></span> <span class='ocrx_word' id='word_1_212' title='bbox 1403 981 1480 1012; x_wconf 88' lang='lat' dir='ltr'><strong>tute</strong></span> <span class='ocrx_word' id='word_1_213' title='bbox 1502 977 1592 1012; x_wconf 83' lang='lat' dir='ltr'><strong>haec</strong></span> <span class='ocrx_word' id='word_1_214' title='bbox 1623 978 1742 1013; x_wconf 87' lang='lat' dir='ltr'><strong>omnia</strong></span> <span class='ocrx_word' id='word_1_215' title='bbox 1765 978 2038 1023; x_wconf 81' lang='lat' dir='ltr'><strong>subsequentur.</strong></span> <span class='ocrx_word' id='word_1_216' title='bbox 2083 978 2163 1014; x_wconf 88' lang='lat' dir='ltr'><strong>Hac</strong></span> <span class='ocrx_word' id='word_1_217' title='bbox 2186 982 2313 1015; x_wconf 86' lang='lat' dir='ltr'><strong>nostra</strong></span> <span class='ocrx_word' id='word_1_218' title='bbox 2333 979 2411 1023; x_wconf 80' lang='lat' dir='ltr'><strong>lege</strong></span> <span class='ocrx_word' id='word_1_219' title='bbox 2435 990 2478 1014; x_wconf 87' lang='lat' dir='ltr'><strong>ex</strong></span> 
     </span>
     <span class='ocr_line' id='line_1_18' title="bbox 258 1014 2478 1069; baseline 0.005 -20"><span class='ocrx_word' id='word_1_220' title='bbox 258 1016 382 1063; x_wconf 77' lang='grc' dir='ltr'><strong><em>θερίας</em></strong></span> <span class='ocrx_word' id='word_1_221' title='bbox 400 1015 493 1059; x_wconf 83' lang='grc' dir='ltr'><strong><em>ἰσχύι</em></strong></span> <span class='ocrx_word' id='word_1_222' title='bbox 506 1014 628 1051; x_wconf 83' lang='grc' dir='ltr'><strong><em>πάντα</em></strong></span> <span class='ocrx_word' id='word_1_223' title='bbox 640 1017 757 1050; x_wconf 82' lang='grc' dir='ltr'><strong><em>ταῦτα</em></strong></span> <span class='ocrx_word' id='word_1_224' title='bbox 771 1015 1078 1052; x_wconf 82' lang='grc' dir='ltr'><strong><em>συνειςελεύσεται.</em></strong></span> <span class='ocrx_word' id='word_1_225' title='bbox 1110 1017 1212 1061; x_wconf 83' lang='grc' dir='ltr'><strong><em>τῆςδε</em></strong></span> <span class='ocrx_word' id='word_1_226' title='bbox 1230 1017 1335 1064; x_wconf 81' lang='grc' dir='ltr'><strong><em>ἡμῶν</em></strong></span> <span class='ocrx_word' id='word_1_227' title='bbox 1350 1025 1391 1057; x_wconf 82' lang='lat'><strong>15</strong></span> <span class='ocrx_word' id='word_1_228' title='bbox 1402 1023 1584 1067; x_wconf 87' lang='lat' dir='ltr'><strong>praesenti</strong></span> <span class='ocrx_word' id='word_1_229' title='bbox 1616 1022 1672 1058; x_wconf 85' lang='lat' dir='ltr'><strong>die</strong></span> <span class='ocrx_word' id='word_1_230' title='bbox 1703 1023 1913 1059; x_wconf 81' lang='lat' dir='ltr'><strong>incohante:</strong></span> <span class='ocrx_word' id='word_1_231' title='bbox 1961 1034 2032 1059; x_wconf 91' lang='lat' dir='ltr'><strong>non</strong></span> <span class='ocrx_word' id='word_1_232' title='bbox 2064 1025 2156 1060; x_wconf 88' lang='lat' dir='ltr'><strong>enim</strong></span> <span class='ocrx_word' id='word_1_233' title='bbox 2187 1023 2323 1069; x_wconf 85' lang='lat' dir='ltr'><strong>aliquid</strong></span> <span class='ocrx_word' id='word_1_234' title='bbox 2352 1024 2478 1059; x_wconf 84' lang='lat' dir='ltr'><strong>horum</strong></span> 
     </span>
     <span class='ocr_line' id='line_1_19' title="bbox 255 1060 2478 1116; baseline 0.004 -21"><span class='ocrx_word' id='word_1_235' title='bbox 255 1061 317 1116; x_wconf 61' lang='grc' dir='ltr'><strong>τῆς</strong></span> <span class='ocrx_word' id='word_1_236' title='bbox 345 1062 561 1114; x_wconf 67' lang='grc' dir='ltr'><strong><em>νομοθεσίας</em></strong></span> <span class='ocrx_word' id='word_1_237' title='bbox 591 1062 630 1095; x_wconf 77' lang='grc' dir='ltr'><strong>ἐκ</strong></span> <span class='ocrx_word' id='word_1_238' title='bbox 661 1062 722 1105; x_wconf 84' lang='grc' dir='ltr'><strong>τῆς</strong></span> <span class='ocrx_word' id='word_1_239' title='bbox 753 1061 935 1110; x_wconf 82' lang='grc' dir='ltr'><strong><em>παρούσης</em></strong></span> <span class='ocrx_word' id='word_1_240' title='bbox 962 1060 1092 1110; x_wconf 78' lang='grc' dir='ltr'><strong><em>ἡμέρας</em></strong></span> <span class='ocrx_word' id='word_1_241' title='bbox 1120 1063 1333 1110; x_wconf 75' lang='grc' dir='ltr'><strong><em>ἀρχομένης·</em></strong></span> <span class='ocrx_word' id='word_1_242' title='bbox 1404 1078 1496 1112; x_wconf 89' lang='lat' dir='ltr'><strong>quae</strong></span> <span class='ocrx_word' id='word_1_243' title='bbox 1519 1068 1619 1113; x_wconf 88' lang='lat' dir='ltr'><strong>prius</strong></span> <span class='ocrx_word' id='word_1_244' title='bbox 1643 1068 1743 1103; x_wconf 89' lang='lat' dir='ltr'><strong>facta</strong></span> <span class='ocrx_word' id='word_1_245' title='bbox 1766 1073 1850 1104; x_wconf 90' lang='lat' dir='ltr'><strong>sunt</strong></span> <span class='ocrx_word' id='word_1_246' title='bbox 1882 1073 2159 1114; x_wconf 78' lang='lat' dir='ltr'><strong>perscrutamur,</strong></span> <span class='ocrx_word' id='word_1_247' title='bbox 2191 1069 2373 1104; x_wconf 88' lang='lat' dir='ltr'><strong>firmamus</strong></span> <span class='ocrx_word' id='word_1_248' title='bbox 2396 1078 2478 1114; x_wconf 85' lang='lat' dir='ltr'><strong>ergo</strong></span> 
     </span>
     <span class='ocr_line' id='line_1_20' title="bbox 256 1107 2478 1164; baseline 0.005 -26"><span class='ocrx_word' id='word_1_249' title='bbox 256 1119 298 1140; x_wconf 87' lang='grc' dir='ltr'><strong>ου</strong></span> <span class='ocrx_word' id='word_1_250' title='bbox 318 1119 440 1159; x_wconf 47' lang='grc' dir='ltr'><strong><em>γαρ-τι</em></strong></span> <span class='ocrx_word' id='word_1_251' title='bbox 458 1120 534 1141; x_wconf 86' lang='grc' dir='ltr'><strong>των</strong></span> <span class='ocrx_word' id='word_1_252' title='bbox 550 1107 765 1159; x_wconf 71' lang='grc' dir='ltr'><strong><em>ἔμπροσθεν</em></strong></span> <span class='ocrx_word' id='word_1_253' title='bbox 783 1111 990 1161; x_wconf 72' lang='grc' dir='ltr'><strong><em>γενομένων</em></strong></span> <span class='ocrx_word' id='word_1_254' title='bbox 1009 1109 1333 1164; x_wconf 59' lang='grc' dir='ltr'><strong><em>περιεργαζόμεθα,</em></strong></span> <span class='ocrx_word' id='word_1_255' title='bbox 1404 1113 1522 1148; x_wconf 87' lang='lat' dir='ltr'><strong>omnia</strong></span> <span class='ocrx_word' id='word_1_256' title='bbox 1546 1113 1809 1158; x_wconf 76' lang='lat' dir='ltr'><strong>praecedentia,</strong></span> <span class='ocrx_word' id='word_1_257' title='bbox 1842 1118 1883 1148; x_wconf 88' lang='lat' dir='ltr'><strong>ut</strong></span> <span class='ocrx_word' id='word_1_258' title='bbox 1906 1114 2048 1150; x_wconf 85' lang='lat' dir='ltr'><strong>valeant</strong></span> <span class='ocrx_word' id='word_1_259' title='bbox 2081 1114 2274 1150; x_wconf 87' lang='lat' dir='ltr'><strong>secundum</strong></span> <span class='ocrx_word' id='word_1_260' title='bbox 2305 1125 2366 1150; x_wconf 88' lang='lat' dir='ltr'><strong>eos</strong></span> <span class='ocrx_word' id='word_1_261' title='bbox 2390 1124 2478 1159; x_wconf 91' lang='lat' dir='ltr'><strong>quos</strong></span> 
     </span>
    </p>
   </div>
   <div class='ocr_carea' id='block_1_5' title="bbox 255 1149 2480 1250">
    <p class='ocr_par' dir='ltr' id='par_1_5' title="bbox 255 1149 2480 1250">
     <span class='ocr_line' id='line_1_21' title="bbox 255 1149 2480 1205; baseline 0.004 -20"><span class='ocrx_word' id='word_1_262' title='bbox 255 1154 471 1196; x_wconf 81' lang='grc' dir='ltr'><strong><em>βεβαιουμεν</em></strong></span> <span class='ocrx_word' id='word_1_263' title='bbox 494 1149 544 1205; x_wconf 51' lang='grc' dir='ltr'><strong>ςδὲ</strong></span> <span class='ocrx_word' id='word_1_264' title='bbox 566 1150 701 1205; x_wconf 71' lang='grc' dir='ltr'><strong><em>μᾶλλον</em></strong></span> <span class='ocrx_word' id='word_1_265' title='bbox 724 1149 872 1187; x_wconf 79' lang='grc' dir='ltr'><strong><em>ἅπαντα</em></strong></span> <span class='ocrx_word' id='word_1_266' title='bbox 894 1166 941 1188; x_wconf 89' lang='grc' dir='ltr'><strong>τα</strong></span> <span class='ocrx_word' id='word_1_267' title='bbox 965 1152 1221 1200; x_wconf 81' lang='grc' dir='ltr'><strong><em>προειληφοτα,</em></strong></span> <span class='ocrx_word' id='word_1_268' title='bbox 1246 1167 1335 1190; x_wconf 81' lang='grc' dir='ltr'><strong><em>ωςτε</em></strong></span> <span class='ocrx_word' id='word_1_269' title='bbox 1403 1158 1502 1193; x_wconf 81' lang='lat' dir='ltr'><strong>facta</strong></span> <span class='ocrx_word' id='word_1_270' title='bbox 1537 1163 1621 1193; x_wconf 83' lang='lat' dir='ltr'><strong>sunt</strong></span> <span class='ocrx_word' id='word_1_271' title='bbox 1655 1159 1791 1195; x_wconf 89' lang='lat' dir='ltr'><strong>modos.</strong></span> <span class='ocrx_word' id='word_1_272' title='bbox 1846 1158 1917 1195; x_wconf 83' lang='lat' dir='ltr'><strong>Sed</strong></span> <span class='ocrx_word' id='word_1_273' title='bbox 1951 1159 2040 1195; x_wconf 83' lang='lat' dir='ltr'><strong>haec</strong></span> <span class='ocrx_word' id='word_1_274' title='bbox 2076 1160 2218 1205; x_wconf 86' lang='lat' dir='ltr'><strong>quidem</strong></span> <span class='ocrx_word' id='word_1_275' title='bbox 2260 1159 2313 1195; x_wconf 82' lang='lat' dir='ltr'><strong>sic</strong></span> <span class='ocrx_word' id='word_1_276' title='bbox 2346 1160 2480 1195; x_wconf 86' lang='lat' dir='ltr'><strong>habere</strong></span> 
     </span>
     <span class='ocr_line' id='line_1_22' title="bbox 255 1195 1597 1250; baseline 0.007 -21"><span class='ocrx_word' id='word_1_277' title='bbox 255 1200 399 1250; x_wconf 57' lang='grc' dir='ltr'><strong><em>κρατεῖν</em></strong></span> <span class='ocrx_word' id='word_1_278' title='bbox 418 1195 509 1231; x_wconf 80' lang='grc' dir='ltr'><strong><em>αὐτα</em></strong></span> <span class='ocrx_word' id='word_1_279' title='bbox 529 1195 624 1231; x_wconf 78' lang='grc' dir='ltr'><strong><em>καθ’</em></strong></span> <span class='ocrx_word' id='word_1_280' title='bbox 644 1195 702 1231; x_wconf 79' lang='grc' dir='ltr'><strong>οὓς</strong></span> <span class='ocrx_word' id='word_1_281' title='bbox 723 1199 887 1244; x_wconf 71' lang='grc' dir='ltr'><strong><em>ἐγενοντο</em></strong></span> <span class='ocrx_word' id='word_1_282' title='bbox 908 1198 1071 1246; x_wconf 78' lang='grc' dir='ltr'><strong><em>τρόπους.</em></strong></span> <span class='ocrx_word' id='word_1_283' title='bbox 1104 1198 1210 1234; x_wconf 82' lang='grc' dir='ltr'><strong><em>’Λλλὰ</em></strong></span> <span class='ocrx_word' id='word_1_284' title='bbox 1227 1202 1335 1236; x_wconf 82' lang='grc' dir='ltr'><strong><em>τοῦτο</em></strong></span> <span class='ocrx_word' id='word_1_285' title='bbox 1405 1203 1597 1239; x_wconf 80' lang='lat' dir='ltr'><strong>sancimus.</strong></span> 
     </span>
    </p>
   </div>
   <div class='ocr_carea' id='block_1_6' title="bbox 254 1243 2480 1481">
    <p class='ocr_par' dir='ltr' id='par_1_6' title="bbox 254 1243 2480 1481">
     <span class='ocr_line' id='line_1_23' title="bbox 254 1243 1391 1287; baseline 0.005 -11"><span class='ocrx_word' id='word_1_286' title='bbox 254 1244 322 1286; x_wconf 78' lang='grc' dir='ltr'><strong>μὲν</strong></span> <span class='ocrx_word' id='word_1_287' title='bbox 344 1253 458 1277; x_wconf 76' lang='grc' dir='ltr'><strong><em>ουτως</em></strong></span> <span class='ocrx_word' id='word_1_288' title='bbox 479 1243 575 1285; x_wconf 82' lang='grc' dir='ltr'><strong><em>ἔχειν</em></strong></span> <span class='ocrx_word' id='word_1_289' title='bbox 599 1243 835 1287; x_wconf 77' lang='grc' dir='ltr'><strong><em>θεσπίζομεν.</em></strong></span> <span class='ocrx_word' id='word_1_290' title='bbox 1349 1250 1391 1283; x_wconf 90' lang='grc'><strong>20</strong></span> 
     </span>
     <span class='ocr_line' id='line_1_24' title="bbox 1254 1359 1482 1395; baseline 0.004 -1"><span class='ocrx_word' id='word_1_291' title='bbox 1254 1359 1412 1395; x_wconf 84' lang='lat' dir='ltr'>CAPUT</span> <span class='ocrx_word' id='word_1_292' title='bbox 1436 1359 1482 1395; x_wconf 95' lang='lat' dir='ltr'><strong>II.</strong></span> 
     </span>
     <span class='ocr_line' id='line_1_25' title="bbox 298 1420 2480 1481; baseline 0.004 -25"><span class='ocrx_word' id='word_1_293' title='bbox 298 1420 432 1457; x_wconf 82' lang='grc' dir='ltr'><strong><em>Ἐκεῖνο</em></strong></span> <span class='ocrx_word' id='word_1_294' title='bbox 450 1420 491 1457; x_wconf 72' lang='grc' dir='ltr'><strong>δὲ</strong></span> <span class='ocrx_word' id='word_1_295' title='bbox 506 1422 875 1479; x_wconf 68' lang='grc' dir='ltr'><strong><em>προςεπισκῆπτομεν,</em></strong></span> <span class='ocrx_word' id='word_1_296' title='bbox 899 1421 987 1459; x_wconf 72' lang='grc' dir='ltr'><strong><em>ὥςτε</em></strong></span> <span class='ocrx_word' id='word_1_297' title='bbox 1002 1423 1116 1481; x_wconf 48' lang='grc' dir='ltr'><strong><em>μηδὲν</em></strong></span> <span class='ocrx_word' id='word_1_298' title='bbox 1135 1424 1227 1470; x_wconf 81' lang='grc' dir='ltr'><strong><em>μηδὲ</em></strong></span> <span class='ocrx_word' id='word_1_299' title='bbox 1244 1426 1336 1470; x_wconf 79' lang='grc' dir='ltr'><strong><em>μετὰ</em></strong></span> <span class='ocrx_word' id='word_1_300' title='bbox 1464 1427 1557 1462; x_wconf 89' lang='lat' dir='ltr'><strong>Illud</strong></span> <span class='ocrx_word' id='word_1_301' title='bbox 1587 1437 1670 1463; x_wconf 88' lang='lat' dir='ltr'><strong>vero</strong></span> <span class='ocrx_word' id='word_1_302' title='bbox 1703 1428 1894 1472; x_wconf 82' lang='lat' dir='ltr'><strong>adicimus,</strong></span> <span class='ocrx_word' id='word_1_303' title='bbox 1930 1433 1970 1464; x_wconf 86' lang='lat' dir='ltr'><strong>ut</strong></span> <span class='ocrx_word' id='word_1_304' title='bbox 2001 1429 2088 1465; x_wconf 88' lang='lat' dir='ltr'><strong>nihil</strong></span> <span class='ocrx_word' id='word_1_305' title='bbox 2123 1440 2238 1475; x_wconf 88' lang='lat' dir='ltr'><strong>neque</strong></span> <span class='ocrx_word' id='word_1_306' title='bbox 2271 1433 2353 1481; x_wconf 78' lang='lat' dir='ltr'><strong>post</strong></span> <span class='ocrx_word' id='word_1_307' title='bbox 2386 1430 2480 1464; x_wconf 85' lang='lat' dir='ltr'><strong>hanc</strong></span> 
     </span>
    </p>
   </div>
   <div class='ocr_carea' id='block_1_7' title="bbox 255 1465 2480 2020">
    <p class='ocr_par' dir='ltr' id='par_1_7' title="bbox 256 1465 2480 1729">
     <span class='ocr_line' id='line_1_26' title="bbox 256 1465 2480 1520; baseline 0.004 -18"><span class='ocrx_word' id='word_1_308' title='bbox 256 1465 362 1503; x_wconf 81' lang='grc' dir='ltr'><strong><em>τόνδε</em></strong></span> <span class='ocrx_word' id='word_1_309' title='bbox 392 1465 499 1512; x_wconf 86' lang='grc' dir='ltr'><strong><em>ἡμῶν</em></strong></span> <span class='ocrx_word' id='word_1_310' title='bbox 532 1482 599 1503; x_wconf 88' lang='grc' dir='ltr'><strong>τον</strong></span> <span class='ocrx_word' id='word_1_311' title='bbox 630 1467 743 1511; x_wconf 87' lang='grc' dir='ltr'><strong><em>νόμον</em></strong></span> <span class='ocrx_word' id='word_1_312' title='bbox 773 1468 1008 1514; x_wconf 84' lang='grc' dir='ltr'><strong><em>βλάπτεσθαι</em></strong></span> <span class='ocrx_word' id='word_1_313' title='bbox 1042 1484 1089 1504; x_wconf 88' lang='grc' dir='ltr'><strong>τα</strong></span> <span class='ocrx_word' id='word_1_314' title='bbox 1123 1471 1337 1516; x_wconf 82' lang='grc' dir='ltr'><strong><em>πατρωνικὰ</em></strong></span> <span class='ocrx_word' id='word_1_315' title='bbox 1404 1473 1517 1517; x_wconf 85' lang='lat' dir='ltr'><strong>legem</strong></span> <span class='ocrx_word' id='word_1_316' title='bbox 1539 1477 1699 1508; x_wconf 85' lang='lat' dir='ltr'><strong>nostram</strong></span> <span class='ocrx_word' id='word_1_317' title='bbox 1728 1473 1915 1510; x_wconf 77' lang='lat' dir='ltr'><strong>laedantur</strong></span> <span class='ocrx_word' id='word_1_318' title='bbox 1943 1478 2155 1520; x_wconf 88' lang='lat' dir='ltr'><strong>patronatus</strong></span> <span class='ocrx_word' id='word_1_319' title='bbox 2187 1475 2266 1509; x_wconf 88' lang='lat' dir='ltr'><strong>iura</strong></span> <span class='ocrx_word' id='word_1_320' title='bbox 2295 1474 2357 1510; x_wconf 80' lang='lat' dir='ltr'><strong>illa</strong></span> <span class='ocrx_word' id='word_1_321' title='bbox 2388 1484 2480 1519; x_wconf 84' lang='lat' dir='ltr'><strong>quae</strong></span> 
     </span>
     <span class='ocr_line' id='line_1_27' title="bbox 257 1506 2478 1565; baseline 0.004 -19"><span class='ocrx_word' id='word_1_322' title='bbox 257 1512 378 1563; x_wconf 62' lang='lat' dir='ltr'><strong>dinam</strong></span> <span class='ocrx_word' id='word_1_323' title='bbox 392 1510 520 1556; x_wconf 75' lang='grc' dir='ltr'><strong><em>ταῦτα,</em></strong></span> <span class='ocrx_word' id='word_1_324' title='bbox 543 1510 636 1561; x_wconf 75' lang='grc' dir='ltr'><strong><em>ἅπερ</em></strong></span> <span class='ocrx_word' id='word_1_325' title='bbox 655 1512 754 1559; x_wconf 81' lang='grc' dir='ltr'><strong><em>ἡμεῖς</em></strong></span> <span class='ocrx_word' id='word_1_326' title='bbox 777 1514 1104 1560; x_wconf 75' lang='grc' dir='ltr'><strong><em>ἐνομοθετήσαμεν,</em></strong></span> <span class='ocrx_word' id='word_1_327' title='bbox 1129 1512 1188 1563; x_wconf 77' lang='grc' dir='ltr'><strong>ἐφ’</strong></span> <span class='ocrx_word' id='word_1_328' title='bbox 1210 1506 1335 1563; x_wconf 68' lang='grc' dir='ltr'><strong><em>ὦνπερ</em></strong></span> <span class='ocrx_word' id='word_1_329' title='bbox 1404 1528 1470 1554; x_wconf 88' lang='lat' dir='ltr'><strong>nos</strong></span> <span class='ocrx_word' id='word_1_330' title='bbox 1500 1518 1714 1562; x_wconf 80' lang='lat' dir='ltr'><strong>sanximus„</strong></span> <span class='ocrx_word' id='word_1_331' title='bbox 1733 1519 1771 1554; x_wconf 88' lang='lat' dir='ltr'><strong>in</strong></span> <span class='ocrx_word' id='word_1_332' title='bbox 1795 1519 2076 1565; x_wconf 85' lang='lat' dir='ltr'><strong>quibuscumque</strong></span> <span class='ocrx_word' id='word_1_333' title='bbox 2107 1520 2249 1555; x_wconf 92' lang='lat' dir='ltr'><strong>omnino</strong></span> <span class='ocrx_word' id='word_1_334' title='bbox 2278 1519 2368 1555; x_wconf 80' lang='lat' dir='ltr'><strong>haec</strong></span> <span class='ocrx_word' id='word_1_335' title='bbox 2396 1530 2478 1564; x_wconf 84' lang='lat' dir='ltr'><strong>per·</strong></span> 
     </span>
     <span class='ocr_line' id='line_1_28' title="bbox 256 1555 2480 1607; baseline 0.004 -14"><span class='ocrx_word' id='word_1_336' title='bbox 256 1557 347 1593; x_wconf 73' lang='grc' dir='ltr'><strong><em>ὅλως</em></strong></span> <span class='ocrx_word' id='word_1_337' title='bbox 376 1555 471 1593; x_wconf 72' lang='grc' dir='ltr'><strong><em>,αὐτὰ</em></strong></span> <span class='ocrx_word' id='word_1_338' title='bbox 499 1559 705 1604; x_wconf 83' lang='grc' dir='ltr'><strong><em>προςώπων</em></strong></span> <span class='ocrx_word' id='word_1_339' title='bbox 738 1558 973 1606; x_wconf 79' lang='grc' dir='ltr'><strong><em>ἑφυλάξαμεν,</em></strong></span> <span class='ocrx_word' id='word_1_340' title='bbox 1010 1559 1104 1604; x_wconf 80' lang='grc' dir='ltr'><strong><em>πλὴν</em></strong></span> <span class='ocrx_word' id='word_1_341' title='bbox 1135 1562 1167 1595; x_wconf 88' lang='grc' dir='ltr'><strong>εἰ</strong></span> <span class='ocrx_word' id='word_1_342' title='bbox 1195 1562 1245 1605; x_wconf 84' lang='grc' dir='ltr'><strong>μὴ</strong></span> <span class='ocrx_word' id='word_1_343' title='bbox 1275 1566 1335 1596; x_wconf 84' lang='grc' dir='ltr'><strong>καὶ</strong></span> <span class='ocrx_word' id='word_1_344' title='bbox 1405 1563 1502 1599; x_wconf 87' lang='lat' dir='ltr'><strong>sonis</strong></span> <span class='ocrx_word' id='word_1_345' title='bbox 1526 1564 1753 1607; x_wconf 85' lang='lat' dir='ltr'><strong>servavimus,</strong></span> <span class='ocrx_word' id='word_1_346' title='bbox 1784 1565 1854 1600; x_wconf 89' lang='lat' dir='ltr'><strong>nisi</strong></span> <span class='ocrx_word' id='word_1_347' title='bbox 1877 1568 1995 1600; x_wconf 86' lang='lat' dir='ltr'><strong>tamen</strong></span> <span class='ocrx_word' id='word_1_348' title='bbox 2026 1565 2131 1600; x_wconf 88' lang='lat' dir='ltr'><strong>etiam</strong></span> <span class='ocrx_word' id='word_1_349' title='bbox 2159 1566 2206 1601; x_wconf 90' lang='lat' dir='ltr'><strong>ab</strong></span> <span class='ocrx_word' id='word_1_350' title='bbox 2233 1565 2290 1601; x_wconf 85' lang='lat' dir='ltr'><strong>his</strong></span> <span class='ocrx_word' id='word_1_351' title='bbox 2313 1564 2480 1600; x_wconf 82' lang='lat' dir='ltr'><strong>libertum</strong></span> 
     </span>
     <span class='ocr_line' id='line_1_29' title="bbox 256 1602 2478 1653; baseline 0.003 -15"><span class='ocrx_word' id='word_1_352' title='bbox 256 1603 398 1638; x_wconf 77' lang='grc' dir='ltr'><strong><em>τούτων</em></strong></span> <span class='ocrx_word' id='word_1_353' title='bbox 420 1602 487 1638; x_wconf 83' lang='grc' dir='ltr'><strong>τὸν</strong></span> <span class='ocrx_word' id='word_1_354' title='bbox 510 1602 758 1650; x_wconf 74' lang='grc' dir='ltr'><strong><em>ἀπελεύθερον</em></strong></span> <span class='ocrx_word' id='word_1_355' title='bbox 782 1603 1019 1646; x_wconf 78' lang='grc' dir='ltr'><strong><em>ἀπαλλάξειεν</em></strong></span> <span class='ocrx_word' id='word_1_356' title='bbox 1050 1604 1069 1640; x_wconf 87' lang='grc' dir='ltr'>ὁ</span> <span class='ocrx_word' id='word_1_357' title='bbox 1099 1605 1167 1650; x_wconf 85' lang='grc' dir='ltr'><strong>τὴν</strong></span> <span class='ocrx_word' id='word_1_358' title='bbox 1193 1605 1335 1644; x_wconf 57' lang='lat' dir='ltr'><strong>etsvm-</strong></span> <span class='ocrx_word' id='word_1_359' title='bbox 1350 1610 1392 1643; x_wconf 86' lang='lat'><strong>25</strong></span> <span class='ocrx_word' id='word_1_360' title='bbox 1406 1609 1466 1653; x_wconf 90' lang='lat' dir='ltr'><strong>qui</strong></span> <span class='ocrx_word' id='word_1_361' title='bbox 1489 1609 1691 1645; x_wconf 82' lang='lat' dir='ltr'><strong>libertatem</strong></span> <span class='ocrx_word' id='word_1_362' title='bbox 1715 1609 1861 1645; x_wconf 83' lang='lat' dir='ltr'><strong>donavit</strong></span> <span class='ocrx_word' id='word_1_363' title='bbox 1889 1610 2091 1653; x_wconf 81' lang='lat' dir='ltr'><strong>absolverit,</strong></span> <span class='ocrx_word' id='word_1_364' title='bbox 2125 1613 2188 1646; x_wconf 83' lang='lat' dir='ltr'><strong>aut</strong></span> <span class='ocrx_word' id='word_1_365' title='bbox 2236 1620 2275 1645; x_wconf 84' lang='lat' dir='ltr'><strong>er</strong></span> <span class='ocrx_word' id='word_1_366' title='bbox 2298 1610 2478 1646; x_wconf 80' lang='lat' dir='ltr'><strong>fideicom-</strong></span> 
     </span>
     <span class='ocr_line' id='line_1_30' title="bbox 257 1647 2480 1729; baseline 0.004 -47"><span class='ocrx_word' id='word_1_367' title='bbox 257 1653 340 1729; x_wconf 52' lang='lat' dir='ltr'><strong>{inv</strong></span> <span class='ocrx_word' id='word_1_368' title='bbox 356 1647 617 1697; x_wconf 78' lang='grc' dir='ltr'><strong><em>δωρησάμενος,</em></strong></span> <span class='ocrx_word' id='word_1_369' title='bbox 637 1647 767 1693; x_wconf 82' lang='grc' dir='ltr'><strong><em>ἢκατὰ</em></strong></span> <span class='ocrx_word' id='word_1_370' title='bbox 787 1649 1083 1696; x_wconf 83' lang='grc' dir='ltr'><strong><em>φιδεϊκόμμισσον</em></strong></span> <span class='ocrx_word' id='word_1_371' title='bbox 1102 1653 1210 1686; x_wconf 79' lang='grc' dir='ltr'><strong><em>τοῦτο</em></strong></span> <span class='ocrx_word' id='word_1_372' title='bbox 1228 1666 1336 1687; x_wconf 84' lang='grc' dir='ltr'><strong><em>κατα-</em></strong></span> <span class='ocrx_word' id='word_1_373' title='bbox 1404 1653 1551 1689; x_wconf 84' lang='lat' dir='ltr'><strong>missum</strong></span> <span class='ocrx_word' id='word_1_374' title='bbox 1584 1654 1653 1690; x_wconf 92' lang='grc'>1100</span> <span class='ocrx_word' id='word_1_375' title='bbox 1689 1655 1891 1700; x_wconf 84' lang='lat' dir='ltr'><strong>relinquens</strong></span> <span class='ocrx_word' id='word_1_376' title='bbox 1931 1659 1995 1691; x_wconf 83' lang='lat' dir='ltr'><strong>aut</strong></span> <span class='ocrx_word' id='word_1_377' title='bbox 2029 1656 2065 1690; x_wconf 88' lang='lat' dir='ltr'><strong>in</strong></span> <span class='ocrx_word' id='word_1_378' title='bbox 2100 1657 2180 1701; x_wconf 86' lang='lat' dir='ltr'><strong>ipsa</strong></span> <span class='ocrx_word' id='word_1_379' title='bbox 2229 1655 2378 1691; x_wconf 70' lang='lat' dir='ltr'><strong>&#39;bez-tate</strong></span> <span class='ocrx_word' id='word_1_380' title='bbox 2411 1655 2480 1691; x_wconf 86' lang='lat' dir='ltr'><strong>hoc</strong></span> 
     </span>
    </p>

    <p class='ocr_par' dir='ltr' id='par_1_8' title="bbox 255 1692 2480 2020">
     <span class='ocr_line' id='line_1_31' title="bbox 293 1692 2478 1746; baseline 0.003 -16"><span class='ocrx_word' id='word_1_381' title='bbox 293 1693 376 1730; x_wconf 82' lang='grc' dir='ltr'><strong>πών</strong></span> <span class='ocrx_word' id='word_1_382' title='bbox 396 1692 418 1737; x_wconf 84' lang='grc' dir='ltr'>ἢ</span> <span class='ocrx_word' id='word_1_383' title='bbox 440 1698 499 1728; x_wconf 78' lang='grc' dir='ltr'><strong>καὶ</strong></span> <span class='ocrx_word' id='word_1_384' title='bbox 522 1693 606 1729; x_wconf 74' lang='grc' dir='ltr'><strong><em>κατ’</em></strong></span> <span class='ocrx_word' id='word_1_385' title='bbox 632 1693 744 1739; x_wconf 79' lang='grc' dir='ltr'><strong><em>αὐτὴν</em></strong></span> <span class='ocrx_word' id='word_1_386' title='bbox 776 1696 844 1739; x_wconf 82' lang='grc' dir='ltr'><strong>τὴν</strong></span> <span class='ocrx_word' id='word_1_387' title='bbox 867 1695 1079 1743; x_wconf 73' lang='grc' dir='ltr'><strong><em>ἐλευθερίαν</em></strong></span> <span class='ocrx_word' id='word_1_388' title='bbox 1101 1698 1208 1731; x_wconf 81' lang='grc' dir='ltr'><strong><em>τοῦτο</em></strong></span> <span class='ocrx_word' id='word_1_389' title='bbox 1232 1710 1335 1745; x_wconf 74' lang='grc' dir='ltr'><strong><em>προς·</em></strong></span> <span class='ocrx_word' id='word_1_390' title='bbox 1405 1699 1573 1735; x_wconf 82' lang='lat' dir='ltr'><strong>adiciens.</strong></span> <span class='ocrx_word' id='word_1_391' title='bbox 1621 1699 1714 1735; x_wconf 86' lang='lat' dir='ltr'><strong>Nam</strong></span> <span class='ocrx_word' id='word_1_392' title='bbox 1746 1700 1777 1736; x_wconf 88' lang='lat' dir='ltr'><strong>si</strong></span> <span class='ocrx_word' id='word_1_393' title='bbox 1808 1701 1878 1736; x_wconf 92' lang='lat' dir='ltr'><strong>hoc</strong></span> <span class='ocrx_word' id='word_1_394' title='bbox 1909 1701 2055 1742; x_wconf 87' lang='lat' dir='ltr'><strong>dederit,</strong></span> <span class='ocrx_word' id='word_1_395' title='bbox 2090 1701 2232 1736; x_wconf 88' lang='lat' dir='ltr'><strong>omnino</strong></span> <span class='ocrx_word' id='word_1_396' title='bbox 2263 1700 2324 1746; x_wconf 89' lang='lat' dir='ltr'><strong>qui</strong></span> <span class='ocrx_word' id='word_1_397' title='bbox 2353 1710 2478 1736; x_wconf 88' lang='lat' dir='ltr'><strong>manu-</strong></span> 
     </span>
     <span class='ocr_line' id='line_1_32' title="bbox 258 1738 2480 1791; baseline 0.004 -17"><span class='ocrx_word' id='word_1_398' title='bbox 258 1740 348 1774; x_wconf 84' lang='grc' dir='ltr'><strong><em>θείς.</em></strong></span> <span class='ocrx_word' id='word_1_399' title='bbox 394 1741 426 1774; x_wconf 89' lang='grc' dir='ltr'><strong>εἰ</strong></span> <span class='ocrx_word' id='word_1_400' title='bbox 448 1738 517 1788; x_wconf 76' lang='grc' dir='ltr'><strong><em>γὰρ</em></strong></span> <span class='ocrx_word' id='word_1_401' title='bbox 539 1743 599 1774; x_wconf 82' lang='grc' dir='ltr'><strong>καὶ</strong></span> <span class='ocrx_word' id='word_1_402' title='bbox 621 1741 729 1775; x_wconf 81' lang='grc' dir='ltr'><strong><em>τοῦτο</em></strong></span> <span class='ocrx_word' id='word_1_403' title='bbox 752 1739 842 1784; x_wconf 84' lang='grc' dir='ltr'><strong><em>δοίη,</em></strong></span> <span class='ocrx_word' id='word_1_404' title='bbox 867 1741 1056 1776; x_wconf 78' lang='grc' dir='ltr'><strong><em>παντελῶς</em></strong></span> <span class='ocrx_word' id='word_1_405' title='bbox 1087 1739 1107 1775; x_wconf 84' lang='grc' dir='ltr'>ὁ</span> <span class='ocrx_word' id='word_1_406' title='bbox 1132 1740 1335 1790; x_wconf 81' lang='grc' dir='ltr'><strong><em>ἠλευθερω-</em></strong></span> <span class='ocrx_word' id='word_1_407' title='bbox 1406 1745 1559 1780; x_wconf 86' lang='lat' dir='ltr'><strong>mittitur</strong></span> <span class='ocrx_word' id='word_1_408' title='bbox 1575 1745 1779 1781; x_wconf 87' lang='lat' dir='ltr'><strong>absolvetur</strong></span> <span class='ocrx_word' id='word_1_409' title='bbox 1799 1746 1906 1781; x_wconf 83' lang='lat' dir='ltr'><strong>etiam</strong></span> <span class='ocrx_word' id='word_1_410' title='bbox 1929 1757 1952 1781; x_wconf 86' lang='lat' dir='ltr'><strong>a</strong></span> <span class='ocrx_word' id='word_1_411' title='bbox 1973 1750 2187 1791; x_wconf 83' lang='lat' dir='ltr'><strong>patronatus</strong></span> <span class='ocrx_word' id='word_1_412' title='bbox 2210 1747 2299 1790; x_wconf 88' lang='lat' dir='ltr'><strong>iure,</strong></span> <span class='ocrx_word' id='word_1_413' title='bbox 2323 1756 2365 1781; x_wconf 87' lang='lat' dir='ltr'><strong>eo</strong></span> <span class='ocrx_word' id='word_1_414' title='bbox 2385 1746 2480 1791; x_wconf 91' lang='lat' dir='ltr'><strong>quod</strong></span> 
     </span>
     <span class='ocr_line' id='line_1_33' title="bbox 257 1781 2479 1837; baseline 0.004 -19"><span class='ocrx_word' id='word_1_415' title='bbox 257 1788 360 1830; x_wconf 80' lang='grc' dir='ltr'><strong><em>με’νος</em></strong></span> <span class='ocrx_word' id='word_1_416' title='bbox 393 1781 565 1831; x_wconf 76' lang='grc' dir='ltr'><strong><em>ἀφείσθω</em></strong></span> <span class='ocrx_word' id='word_1_417' title='bbox 600 1789 660 1819; x_wconf 85' lang='grc' dir='ltr'><strong>καὶ</strong></span> <span class='ocrx_word' id='word_1_418' title='bbox 693 1786 757 1819; x_wconf 87' lang='grc' dir='ltr'><strong>τοῦ</strong></span> <span class='ocrx_word' id='word_1_419' title='bbox 787 1787 1019 1833; x_wconf 86' lang='grc' dir='ltr'><strong><em>πατρωνικοῦ</em></strong></span> <span class='ocrx_word' id='word_1_420' title='bbox 1051 1785 1200 1823; x_wconf 82' lang='grc' dir='ltr'><strong><em>δικαίου.</em></strong></span> <span class='ocrx_word' id='word_1_421' title='bbox 1238 1786 1335 1822; x_wconf 81' lang='grc' dir='ltr'><strong><em>διότι</em></strong></span> <span class='ocrx_word' id='word_1_422' title='bbox 1404 1790 1473 1825; x_wconf 87' lang='grc'>1100</span> <span class='ocrx_word' id='word_1_423' title='bbox 1495 1790 1555 1825; x_wconf 90' lang='lat' dir='ltr'><strong>ille</strong></span> <span class='ocrx_word' id='word_1_424' title='bbox 1582 1791 1767 1835; x_wconf 86' lang='lat' dir='ltr'><strong>expressit.</strong></span> <span class='ocrx_word' id='word_1_425' title='bbox 1815 1791 1982 1827; x_wconf 82' lang='lat' dir='ltr'><strong>Habeant</strong></span> <span class='ocrx_word' id='word_1_426' title='bbox 2013 1792 2135 1836; x_wconf 89' lang='lat' dir='ltr'><strong>itaque</strong></span> <span class='ocrx_word' id='word_1_427' title='bbox 2161 1792 2250 1827; x_wconf 85' lang='lat' dir='ltr'><strong>haec</strong></span> <span class='ocrx_word' id='word_1_428' title='bbox 2274 1791 2391 1827; x_wconf 84' lang='lat' dir='ltr'><strong>omnia</strong></span> <span class='ocrx_word' id='word_1_429' title='bbox 2419 1791 2479 1837; x_wconf 88' lang='lat' dir='ltr'><strong>qui</strong></span> 
     </span>
     <span class='ocr_line' id='line_1_34' title="bbox 257 1825 2480 1881; baseline 0.004 -17"><span class='ocrx_word' id='word_1_430' title='bbox 257 1831 363 1865; x_wconf 86' lang='grc' dir='ltr'><strong><em>τοῦτο</em></strong></span> <span class='ocrx_word' id='word_1_431' title='bbox 387 1831 518 1865; x_wconf 70' lang='grc' dir='ltr'><strong><em>ἐκεῖνος</em></strong></span> <span class='ocrx_word' id='word_1_432' title='bbox 538 1832 753 1876; x_wconf 76' lang='grc' dir='ltr'><strong><em>ἐπέσκηψεν.</em></strong></span> <span class='ocrx_word' id='word_1_433' title='bbox 803 1833 983 1874; x_wconf 73' lang='grc' dir='ltr'><strong><em>ἐχέτωσαν</em></strong></span> <span class='ocrx_word' id='word_1_434' title='bbox 1006 1833 1073 1876; x_wconf 75' lang='grc' dir='ltr'><strong>μὲν</strong></span> <span class='ocrx_word' id='word_1_435' title='bbox 1097 1825 1161 1867; x_wconf 71' lang='grc' dir='ltr'><strong>οὖν</strong></span> <span class='ocrx_word' id='word_1_436' title='bbox 1184 1830 1332 1867; x_wconf 75' lang='grc' dir='ltr'><strong><em>ἅπαντα</em></strong></span> <span class='ocrx_word' id='word_1_437' title='bbox 1345 1837 1387 1869; x_wconf 89' lang='grc'>30</span> <span class='ocrx_word' id='word_1_438' title='bbox 1402 1835 1601 1871; x_wconf 89' lang='lat' dir='ltr'><strong>libertatem</strong></span> <span class='ocrx_word' id='word_1_439' title='bbox 1618 1841 1835 1877; x_wconf 87' lang='lat' dir='ltr'><strong>meruerunt,</strong></span> <span class='ocrx_word' id='word_1_440' title='bbox 1857 1841 2099 1872; x_wconf 88' lang='lat' dir='ltr'><strong>verumtamen</strong></span> <span class='ocrx_word' id='word_1_441' title='bbox 2115 1839 2256 1872; x_wconf 85' lang='lat' dir='ltr'><strong>servent</strong></span> <span class='ocrx_word' id='word_1_442' title='bbox 2278 1836 2384 1872; x_wconf 86' lang='lat' dir='ltr'><strong>etiam</strong></span> <span class='ocrx_word' id='word_1_443' title='bbox 2395 1839 2480 1881; x_wconf 87' lang='lat' dir='ltr'><strong>post</strong></span> 
     </span>
     <span class='ocr_line' id='line_1_35' title="bbox 257 1873 2477 1927; baseline 0.004 -18"><span class='ocrx_word' id='word_1_444' title='bbox 257 1876 372 1910; x_wconf 77' lang='grc' dir='ltr'><strong><em>ταῦτα</em></strong></span> <span class='ocrx_word' id='word_1_445' title='bbox 395 1874 432 1910; x_wconf 83' lang='grc' dir='ltr'><strong>οἷ</strong></span> <span class='ocrx_word' id='word_1_446' title='bbox 452 1876 516 1919; x_wconf 83' lang='grc' dir='ltr'><strong>τῆς</strong></span> <span class='ocrx_word' id='word_1_447' title='bbox 535 1874 742 1922; x_wconf 75' lang='grc' dir='ltr'><strong><em>ἐλευθερίας</em></strong></span> <span class='ocrx_word' id='word_1_448' title='bbox 765 1873 969 1921; x_wconf 79' lang='grc' dir='ltr'><strong><em>ἠξιωμένοι,</em></strong></span> <span class='ocrx_word' id='word_1_449' title='bbox 994 1875 1275 1923; x_wconf 76' lang='grc' dir='ltr'><strong><em>φυλαττέτωσάν</em></strong></span> <span class='ocrx_word' id='word_1_450' title='bbox 1296 1893 1337 1926; x_wconf 77' lang='grc' dir='ltr'><strong>γε</strong></span> <span class='ocrx_word' id='word_1_451' title='bbox 1405 1881 1499 1915; x_wconf 83' lang='lat' dir='ltr'><strong>hanc</strong></span> <span class='ocrx_word' id='word_1_452' title='bbox 1527 1885 1686 1916; x_wconf 85' lang='lat' dir='ltr'><strong>nostram</strong></span> <span class='ocrx_word' id='word_1_453' title='bbox 1721 1882 2012 1917; x_wconf 78' lang='lat' dir='ltr'><strong>constitutionem</strong></span> <span class='ocrx_word' id='word_1_454' title='bbox 2040 1882 2090 1917; x_wconf 85' lang='lat' dir='ltr'><strong>eis</strong></span> <span class='ocrx_word' id='word_1_455' title='bbox 2123 1881 2184 1927; x_wconf 85' lang='lat' dir='ltr'><strong>qui</strong></span> <span class='ocrx_word' id='word_1_456' title='bbox 2213 1881 2259 1917; x_wconf 84' lang='lat' dir='ltr'><strong>ad</strong></span> <span class='ocrx_word' id='word_1_457' title='bbox 2280 1882 2387 1917; x_wconf 78' lang='lat' dir='ltr'><strong>talem</strong></span> <span class='ocrx_word' id='word_1_458' title='bbox 2417 1891 2477 1917; x_wconf 81' lang='lat' dir='ltr'><strong>eos</strong></span> 
     </span>
     <span class='ocr_line' id='line_1_36' title="bbox 255 1919 2478 1970; baseline 0.003 -16"><span class='ocrx_word' id='word_1_459' title='bbox 255 1920 327 1965; x_wconf 83' lang='grc' dir='ltr'><strong>μὴν</strong></span> <span class='ocrx_word' id='word_1_460' title='bbox 356 1924 416 1954; x_wconf 81' lang='grc' dir='ltr'><strong>καὶ</strong></span> <span class='ocrx_word' id='word_1_461' title='bbox 438 1920 529 1965; x_wconf 82' lang='grc' dir='ltr'><strong><em>μετὰ</em></strong></span> <span class='ocrx_word' id='word_1_462' title='bbox 551 1920 688 1965; x_wconf 74' lang='grc' dir='ltr'><strong><em>ταύτην</em></strong></span> <span class='ocrx_word' id='word_1_463' title='bbox 710 1919 815 1966; x_wconf 81' lang='grc' dir='ltr'><strong><em>ἡμῶν</em></strong></span> <span class='ocrx_word' id='word_1_464' title='bbox 846 1921 914 1965; x_wconf 83' lang='grc' dir='ltr'><strong>τὴν</strong></span> <span class='ocrx_word' id='word_1_465' title='bbox 937 1922 1049 1956; x_wconf 79' lang='grc' dir='ltr'><strong><em>θείαν</em></strong></span> <span class='ocrx_word' id='word_1_466' title='bbox 1075 1920 1240 1963; x_wconf 80' lang='grc' dir='ltr'><strong><em>διάταξιν</em></strong></span> <span class='ocrx_word' id='word_1_467' title='bbox 1262 1927 1336 1959; x_wconf 79' lang='grc' dir='ltr'><strong><em>τοῖς</em></strong></span> <span class='ocrx_word' id='word_1_468' title='bbox 1403 1925 1648 1970; x_wconf 82' lang='lat' dir='ltr'><strong>perduxerunt</strong></span> <span class='ocrx_word' id='word_1_469' title='bbox 1682 1926 1852 1962; x_wconf 82' lang='lat' dir='ltr'><strong>honorem</strong></span> <span class='ocrx_word' id='word_1_470' title='bbox 1889 1937 2026 1963; x_wconf 85' lang='lat' dir='ltr'><strong>omnem</strong></span> <span class='ocrx_word' id='word_1_471' title='bbox 2060 1927 2305 1968; x_wconf 69' lang='lat' dir='ltr'><strong>reverentiam,</strong></span> <span class='ocrx_word' id='word_1_472' title='bbox 2340 1931 2376 1962; x_wconf 84' lang='lat' dir='ltr'><strong>et</strong></span> <span class='ocrx_word' id='word_1_473' title='bbox 2409 1927 2478 1962; x_wconf 89' lang='grc'>1100</span> 
     </span>
     <span class='ocr_line' id='line_1_37' title="bbox 257 1964 2476 2020; baseline 0.004 -21"><span class='ocrx_word' id='word_1_474' title='bbox 257 1967 304 2019; x_wconf 73' lang='grc' dir='ltr'><strong>εἰς</strong></span> <span class='ocrx_word' id='word_1_475' title='bbox 334 1964 507 2010; x_wconf 81' lang='grc' dir='ltr'><strong><em>τοιαύτην</em></strong></span> <span class='ocrx_word' id='word_1_476' title='bbox 537 1964 665 2001; x_wconf 81' lang='grc' dir='ltr'><strong><em>αὐτοὺς</em></strong></span> <span class='ocrx_word' id='word_1_477' title='bbox 694 1965 819 2020; x_wconf 73' lang='grc' dir='ltr'><strong><em>ἄγουσι</em></strong></span> <span class='ocrx_word' id='word_1_478' title='bbox 849 1967 959 2011; x_wconf 84' lang='grc' dir='ltr'><strong><em>τιμὴν</em></strong></span> <span class='ocrx_word' id='word_1_479' title='bbox 975 1968 1111 2019; x_wconf 52' lang='grc' dir='ltr'><strong>Χπᾶσαν</strong></span> <span class='ocrx_word' id='word_1_480' title='bbox 1147 1967 1239 2002; x_wconf 81' lang='grc' dir='ltr'><strong><em>αἰδῶ</em></strong></span> <span class='ocrx_word' id='word_1_481' title='bbox 1275 1973 1335 2003; x_wconf 83' lang='grc' dir='ltr'><strong>καὶ</strong></span> <span class='ocrx_word' id='word_1_482' title='bbox 1405 1970 1501 2015; x_wconf 89' lang='lat' dir='ltr'><strong>quod</strong></span> <span class='ocrx_word' id='word_1_483' title='bbox 1531 1976 1682 2007; x_wconf 87' lang='lat' dir='ltr'><strong>vocatur</strong></span> <span class='ocrx_word' id='word_1_484' title='bbox 1713 1972 1921 2017; x_wconf 87' lang='lat' dir='ltr'><strong>obsequium</strong></span> <span class='ocrx_word' id='word_1_485' title='bbox 1954 1976 1989 2007; x_wconf 89' lang='lat' dir='ltr'><strong>et</strong></span> <span class='ocrx_word' id='word_1_486' title='bbox 2012 1972 2244 2007; x_wconf 86' lang='lat' dir='ltr'><strong>reverentiam</strong></span> <span class='ocrx_word' id='word_1_487' title='bbox 2273 1975 2372 2007; x_wconf 88' lang='lat' dir='ltr'><strong>recte</strong></span> <span class='ocrx_word' id='word_1_488' title='bbox 2393 1971 2476 2016; x_wconf 62' lang='lat' dir='ltr'><strong>legi»</strong></span> 
     </span>
    </p>
   </div>
   <div class='ocr_carea' id='block_1_8' title="bbox 256 2009 2475 2104">
    <p class='ocr_par' dir='ltr' id='par_1_9' title="bbox 256 2009 2475 2104">
     <span class='ocr_line' id='line_1_38' title="bbox 256 2009 2475 2062; baseline 0.003 -17"><span class='ocrx_word' id='word_1_489' title='bbox 256 2025 299 2045; x_wconf 83' lang='grc' dir='ltr'><strong>το</strong></span> <span class='ocrx_word' id='word_1_490' title='bbox 322 2024 363 2057; x_wconf 89' lang='grc' dir='ltr'><strong>γε</strong></span> <span class='ocrx_word' id='word_1_491' title='bbox 385 2009 607 2055; x_wconf 83' lang='grc' dir='ltr'><strong><em>καλούμενον</em></strong></span> <span class='ocrx_word' id='word_1_492' title='bbox 632 2012 825 2057; x_wconf 76' lang='lat' dir='ltr'><strong>obsequiov</strong></span> <span class='ocrx_word' id='word_1_493' title='bbox 855 2015 915 2046; x_wconf 81' lang='grc' dir='ltr'><strong>καὶ</strong></span> <span class='ocrx_word' id='word_1_494' title='bbox 943 2026 1011 2056; x_wconf 92' lang='grc' dir='ltr'><strong>την</strong></span> <span class='ocrx_word' id='word_1_495' title='bbox 1042 2014 1082 2046; x_wconf 83' lang='grc' dir='ltr'><strong>ἐκ</strong></span> <span class='ocrx_word' id='word_1_496' title='bbox 1110 2014 1188 2048; x_wconf 87' lang='grc' dir='ltr'><strong>τῶν</strong></span> <span class='ocrx_word' id='word_1_497' title='bbox 1211 2013 1337 2059; x_wconf 87' lang='grc' dir='ltr'><strong><em>νόμων</em></strong></span> <span class='ocrx_word' id='word_1_498' title='bbox 1402 2015 1472 2051; x_wconf 89' lang='lat' dir='ltr'><strong>bus</strong></span> <span class='ocrx_word' id='word_1_499' title='bbox 1494 2016 1754 2062; x_wconf 78' lang='lat' dir='ltr'><strong>introductam3</strong></span> <span class='ocrx_word' id='word_1_500' title='bbox 1793 2018 1878 2062; x_wconf 89' lang='lat' dir='ltr'><strong>quin</strong></span> <span class='ocrx_word' id='word_1_501' title='bbox 1909 2017 2016 2053; x_wconf 87' lang='lat' dir='ltr'><strong>etiam</strong></span> <span class='ocrx_word' id='word_1_502' title='bbox 2048 2017 2252 2053; x_wconf 89' lang='lat' dir='ltr'><strong>abstineant</strong></span> <span class='ocrx_word' id='word_1_503' title='bbox 2280 2021 2343 2052; x_wconf 88' lang='lat' dir='ltr'><strong>aut</strong></span> <span class='ocrx_word' id='word_1_504' title='bbox 2365 2017 2475 2052; x_wconf 90' lang='lat' dir='ltr'><strong>mani-</strong></span> 
     </span>
     <span class='ocr_line' id='line_1_39' title="bbox 256 2053 1389 2104; baseline 0.004 -14"><span class='ocrx_word' id='word_1_505' title='bbox 256 2053 381 2103; x_wconf 80' lang='grc' dir='ltr'><strong><em>όρθιῦς</em></strong></span> <span class='ocrx_word' id='word_1_506' title='bbox 404 2057 692 2104; x_wconf 79' lang='grc' dir='ltr'><strong><em>εἰςενηνεγμένην</em></strong></span> <span class='ocrx_word' id='word_1_507' title='bbox 714 2058 951 2094; x_wconf 70' lang='lat' dir='ltr'><strong>reverentiam.</strong></span> <span class='ocrx_word' id='word_1_508' title='bbox 999 2061 1059 2091; x_wconf 80' lang='grc' dir='ltr'><strong>καὶ</strong></span> <span class='ocrx_word' id='word_1_509' title='bbox 1080 2056 1154 2102; x_wconf 83' lang='grc' dir='ltr'><strong>μὴν</strong></span> <span class='ocrx_word' id='word_1_510' title='bbox 1182 2062 1243 2093; x_wconf 82' lang='grc' dir='ltr'><strong>καὶ</strong></span> <span class='ocrx_word' id='word_1_511' title='bbox 1265 2058 1331 2094; x_wconf 84' lang='grc' dir='ltr'><strong>ἀπ·</strong></span> <span class='ocrx_word' id='word_1_512' title='bbox 1347 2063 1389 2095; x_wconf 86' lang='grc'><strong>35</strong></span> 
     </span>
    </p>
   </div>
   <div class='ocr_carea' id='block_1_9' title="bbox 255 2148 2476 2238">
    <p class='ocr_par' dir='ltr' id='par_1_10' title="bbox 255 2148 2476 2238">
     <span class='ocr_line' id='line_1_40' title="bbox 301 2148 2476 2199; baseline 0.003 -18"><span class='ocrx_word' id='word_1_513' title='bbox 301 2160 374 2191; x_wconf 83' lang='lat' dir='ltr'><strong>cap.</strong></span> <span class='ocrx_word' id='word_1_514' title='bbox 395 2148 440 2181; x_wconf 91' lang='grc' dir='ltr'><strong>ΙΙ</strong></span> <span class='ocrx_word' id='word_1_515' title='bbox 453 2161 608 2183; x_wconf 72' lang='lat' dir='ltr'><strong>,summam</strong></span> <span class='ocrx_word' id='word_1_516' title='bbox 634 2149 730 2182; x_wconf 76' lang='lat' dir='ltr'><strong>habet</strong></span> <span class='ocrx_word' id='word_1_517' title='bbox 753 2150 939 2194; x_wconf 77' lang='lat' dir='ltr'><strong>Anonymus</strong></span> <span class='ocrx_word' id='word_1_518' title='bbox 962 2149 1169 2183; x_wconf 78' lang='lat' dir='ltr'><strong>Bodleianus</strong></span> <span class='ocrx_word' id='word_1_519' title='bbox 1194 2150 1245 2191; x_wconf 81' lang='grc' dir='ltr'><strong>(ἐκ</strong></span> <span class='ocrx_word' id='word_1_520' title='bbox 1267 2150 1330 2192; x_wconf 77' lang='grc' dir='ltr'><strong>τῆς</strong></span> <span class='ocrx_word' id='word_1_521' title='bbox 1352 2151 1481 2195; x_wconf 79' lang='grc' dir='ltr'><strong><em>νεαρᾶς</em></strong></span> <span class='ocrx_word' id='word_1_522' title='bbox 1503 2151 1723 2194; x_wconf 73' lang='grc' dir='ltr'><strong><em>νομοθεσίας</em></strong></span> <span class='ocrx_word' id='word_1_523' title='bbox 1746 2165 1822 2198; x_wconf 84' lang='grc' dir='ltr'><strong><em>κεφ.</em></strong></span> <span class='ocrx_word' id='word_1_524' title='bbox 1847 2152 1901 2199; x_wconf 80' lang='grc' dir='ltr'><strong>γ’)</strong></span> <span class='ocrx_word' id='word_1_525' title='bbox 1926 2166 1980 2197; x_wconf 82' lang='lat' dir='ltr'><strong>ap.</strong></span> <span class='ocrx_word' id='word_1_526' title='bbox 2000 2154 2189 2187; x_wconf 81' lang='lat' dir='ltr'><strong>Zachariae</strong></span> <span class='ocrx_word' id='word_1_527' title='bbox 2211 2148 2342 2185; x_wconf 79' lang='grc' dir='ltr'><strong><em>Ἀνέκδ.</em></strong></span> <span class='ocrx_word' id='word_1_528' title='bbox 2362 2166 2398 2197; x_wconf 83' lang='lat' dir='ltr'><strong>p.</strong></span> <span class='ocrx_word' id='word_1_529' title='bbox 2412 2154 2476 2188; x_wconf 83' lang='lat'><strong>213</strong></span> 
     </span>
     <span class='ocr_line' id='line_1_41' title="bbox 255 2193 2039 2238; baseline 0 -12"><span class='ocrx_word' id='word_1_530' title='bbox 255 2194 311 2236; x_wconf 69' lang='lat' dir='ltr'><strong>(cf</strong></span> <span class='ocrx_word' id='word_1_531' title='bbox 336 2194 417 2227; x_wconf 85' lang='lat' dir='ltr'><strong>idem</strong></span> <span class='ocrx_word' id='word_1_532' title='bbox 440 2193 500 2227; x_wconf 80' lang='lat' dir='ltr'><strong>Ius</strong></span> <span class='ocrx_word' id='word_1_533' title='bbox 527 2193 761 2227; x_wconf 82' lang='lat' dir='ltr'><strong>Graeco-Rom.</strong></span> <span class='ocrx_word' id='word_1_534' title='bbox 787 2195 847 2227; x_wconf 84' lang='lat' dir='ltr'><strong>IV</strong></span> <span class='ocrx_word' id='word_1_535' title='bbox 862 2207 897 2238; x_wconf 88' lang='lat' dir='ltr'><strong>p.</strong></span> <span class='ocrx_word' id='word_1_536' title='bbox 912 2195 946 2235; x_wconf 88' lang='lat'><strong>4)</strong></span> <span class='ocrx_word' id='word_1_537' title='bbox 2035 2222 2039 2226; x_wconf 94' lang='lat'>.</span> 
     </span>
    </p>
   </div>
   <div class='ocr_carea' id='block_1_10' title="bbox 253 2281 2481 3054">
    <p class='ocr_par' dir='ltr' id='par_1_11' title="bbox 256 2281 2480 2421">
     <span class='ocr_line' id='line_1_42' title="bbox 258 2281 2480 2336; baseline 0.003 -19"><span class='ocrx_word' id='word_1_538' title='bbox 258 2282 374 2318; x_wconf 84' lang='lat' dir='ltr'><strong>valere</strong></span> <span class='ocrx_word' id='word_1_539' title='bbox 396 2292 584 2317; x_wconf 83' lang='lat' dir='ltr'><strong>romanam</strong></span> <span class='ocrx_word' id='word_1_540' title='bbox 609 2281 787 2318; x_wconf 82' lang='lat' dir='ltr'><strong>civitatem</strong></span> <span class='ocrx_word' id='word_1_541' title='bbox 810 2282 849 2317; x_wconf 90' lang='lat' dir='ltr'><strong>in</strong></span> <span class='ocrx_word' id='word_1_542' title='bbox 874 2281 1099 2318; x_wconf 79' lang='lat' dir='ltr'><strong>libertatibus</strong></span> <span class='ocrx_word' id='word_1_543' title='bbox 1122 2282 1310 2327; x_wconf 75' lang='lat' dir='ltr'><strong>voluimus,</strong></span> <span class='ocrx_word' id='word_1_544' title='bbox 1341 2283 1395 2319; x_wconf 87' lang='lat' dir='ltr'><strong>ita</strong></span> <span class='ocrx_word' id='word_1_545' title='bbox 1418 2287 1458 2318; x_wconf 90' lang='lat' dir='ltr'><strong>ut</strong></span> <span class='ocrx_word' id='word_1_546' title='bbox 1488 2295 1604 2336; x_wconf 87' lang='lat' dir='ltr'><strong>neque</strong></span> <span class='ocrx_word' id='word_1_547' title='bbox 1627 2285 1716 2320; x_wconf 84' lang='lat' dir='ltr'><strong>locis</strong></span> <span class='ocrx_word' id='word_1_548' title='bbox 1747 2296 1792 2320; x_wconf 94' lang='lat' dir='ltr'><strong>ne</strong></span> <span class='ocrx_word' id='word_1_549' title='bbox 1818 2296 1863 2320; x_wconf 88' lang='lat' dir='ltr'><strong>ue</strong></span> <span class='ocrx_word' id='word_1_550' title='bbox 1886 2286 2065 2322; x_wconf 85' lang='lat' dir='ltr'><strong>aetatibus</strong></span> <span class='ocrx_word' id='word_1_551' title='bbox 2095 2297 2211 2332; x_wconf 88' lang='lat' dir='ltr'><strong>neque</strong></span> <span class='ocrx_word' id='word_1_552' title='bbox 2234 2286 2309 2321; x_wconf 88' lang='lat' dir='ltr'><strong>alia</strong></span> <span class='ocrx_word' id='word_1_553' title='bbox 2339 2297 2380 2322; x_wconf 90' lang='lat' dir='ltr'><strong>re</strong></span> <span class='ocrx_word' id='word_1_554' title='bbox 2402 2287 2480 2324; x_wconf 86' lang='lat' dir='ltr'><strong>ulla</strong></span> 
     </span>
     <span class='ocr_line' id='line_1_43' title="bbox 256 2326 2479 2380; baseline 0.002 -17"><span class='ocrx_word' id='word_1_555' title='bbox 256 2338 402 2363; x_wconf 87' lang='lat' dir='ltr'><strong>causam</strong></span> <span class='ocrx_word' id='word_1_556' title='bbox 432 2327 726 2362; x_wconf 76' lang='lat' dir='ltr'><strong>discerneremus,</strong></span> <span class='ocrx_word' id='word_1_557' title='bbox 781 2326 958 2370; x_wconf 77' lang='lat' dir='ltr'><strong>Quoniam</strong></span> <span class='ocrx_word' id='word_1_558' title='bbox 989 2338 1074 2363; x_wconf 88' lang='lat' dir='ltr'><strong>vero</strong></span> <span class='ocrx_word' id='word_1_559' title='bbox 1109 2339 1252 2380; x_wconf 76' lang='lat' dir='ltr'><strong>semper</strong></span> <span class='ocrx_word' id='word_1_560' title='bbox 1285 2327 1427 2374; x_wconf 85' lang='lat' dir='ltr'><strong>aliquid</strong></span> <span class='ocrx_word' id='word_1_561' title='bbox 1462 2329 1589 2365; x_wconf 74' lang='lat' dir='ltr'><strong>melius</strong></span> <span class='ocrx_word' id='word_1_562' title='bbox 1623 2341 1714 2376; x_wconf 79' lang='lat' dir='ltr'><strong>erqa</strong></span> <span class='ocrx_word' id='word_1_563' title='bbox 1748 2341 1790 2366; x_wconf 89' lang='lat' dir='ltr'><strong>su</strong></span> <span class='ocrx_word' id='word_1_564' title='bbox 1814 2330 1925 2366; x_wconf 84' lang='lat' dir='ltr'><strong>iectos</strong></span> <span class='ocrx_word' id='word_1_565' title='bbox 1950 2336 2097 2367; x_wconf 86' lang='lat' dir='ltr'><strong>nostros</strong></span> <span class='ocrx_word' id='word_1_566' title='bbox 2128 2331 2339 2367; x_wconf 80' lang='lat' dir='ltr'><strong>meditantes</strong></span> <span class='ocrx_word' id='word_1_567' title='bbox 2372 2332 2479 2367; x_wconf 86' lang='lat' dir='ltr'><strong>etiam</strong></span> 
     </span>
     <span class='ocr_line' id='line_1_44' title="bbox 256 2372 1855 2421; baseline 0.002 -14"><span class='ocrx_word' id='word_1_568' title='bbox 256 2373 374 2419; x_wconf 84' lang='lat' dir='ltr'><strong>ipsum</strong></span> <span class='ocrx_word' id='word_1_569' title='bbox 423 2372 496 2408; x_wconf 88' lang='lat' dir='ltr'><strong>uod</strong></span> <span class='ocrx_word' id='word_1_570' title='bbox 509 2372 715 2419; x_wconf 66' lang='lat' dir='ltr'><strong>perfectius</strong></span> <span class='ocrx_word' id='word_1_571' title='bbox 738 2377 793 2408; x_wconf 86' lang='lat' dir='ltr'><strong>est</strong></span> <span class='ocrx_word' id='word_1_572' title='bbox 815 2372 937 2408; x_wconf 85' lang='lat' dir='ltr'><strong>datum</strong></span> <span class='ocrx_word' id='word_1_573' title='bbox 961 2373 1159 2408; x_wconf 85' lang='lat' dir='ltr'><strong>maioribus</strong></span> <span class='ocrx_word' id='word_1_574' title='bbox 1182 2374 1412 2409; x_wconf 75' lang='lat' dir='ltr'><strong>incrementis</strong></span> <span class='ocrx_word' id='word_1_575' title='bbox 1434 2374 1640 2421; x_wconf 77' lang='lat' dir='ltr'><strong>auqendum</strong></span> <span class='ocrx_word' id='word_1_576' title='bbox 1664 2375 1855 2412; x_wconf 80' lang='lat' dir='ltr'><strong>duximus.-</strong></span> 
     </span>
    </p>

    <p class='ocr_par' dir='ltr' id='par_1_12' title="bbox 255 2383 2481 2735">
     <span class='ocr_line' id='line_1_45' title="bbox 389 2383 2481 2470; baseline 0.003 -17"><span class='ocrx_word' id='word_1_577' title='bbox 389 2383 421 2453; x_wconf 52' lang='lat' dir='ltr'>ff</span> <span class='ocrx_word' id='word_1_578' title='bbox 460 2423 663 2470; x_wconf 77' lang='lat' dir='ltr'><strong>propterea</strong></span> <span class='ocrx_word' id='word_1_579' title='bbox 693 2419 886 2460; x_wconf 89' lang='lat' dir='ltr'><strong>sancimus,</strong></span> <span class='ocrx_word' id='word_1_580' title='bbox 921 2419 953 2453; x_wconf 85' lang='lat' dir='ltr'><strong>si</strong></span> <span class='ocrx_word' id='word_1_581' title='bbox 975 2418 1059 2470; x_wconf 87' lang='lat' dir='ltr'><strong>quis</strong></span> <span class='ocrx_word' id='word_1_582' title='bbox 1090 2419 1308 2454; x_wconf 89' lang='lat' dir='ltr'><strong>manumisso</strong></span> <span class='ocrx_word' id='word_1_583' title='bbox 1340 2430 1444 2455; x_wconf 84' lang='lat' dir='ltr'><strong>servo</strong></span> <span class='ocrx_word' id='word_1_584' title='bbox 1474 2419 1530 2455; x_wconf 86' lang='lat' dir='ltr'><strong>vel</strong></span> <span class='ocrx_word' id='word_1_585' title='bbox 1543 2450 1546 2451; x_wconf 15' lang='grc' dir='ltr'><strong><em>ν</em></strong></span> <span class='ocrx_word' id='word_1_586' title='bbox 1560 2420 1695 2456; x_wconf 88' lang='lat' dir='ltr'><strong>ancilla</strong></span> <span class='ocrx_word' id='word_1_587' title='bbox 1724 2432 1792 2456; x_wconf 91' lang='lat' dir='ltr'><strong>sua</strong></span> <span class='ocrx_word' id='word_1_588' title='bbox 1827 2432 1887 2456; x_wconf 90' lang='lat' dir='ltr'><strong>eos</strong></span> <span class='ocrx_word' id='word_1_589' title='bbox 1918 2422 2012 2457; x_wconf 81' lang='lat' dir='ltr'><strong>cives</strong></span> <span class='ocrx_word' id='word_1_590' title='bbox 2042 2432 2213 2456; x_wconf 90' lang='lat' dir='ltr'><strong>romanos</strong></span> <span class='ocrx_word' id='word_1_591' title='bbox 2242 2421 2481 2459; x_wconf 83' lang='lat' dir='ltr'><strong>declaraverit</strong></span> 
     </span>
     <span class='ocr_line' id='line_1_46' title="bbox 256 2462 2480 2513; baseline 0.002 -15"><span class='ocrx_word' id='word_1_592' title='bbox 256 2467 385 2510; x_wconf 84' lang='lat' dir='ltr'><strong>(neque</strong></span> <span class='ocrx_word' id='word_1_593' title='bbox 408 2474 502 2499; x_wconf 84' lang='lat' dir='ltr'><strong>emm</strong></span> <span class='ocrx_word' id='word_1_594' title='bbox 531 2462 640 2498; x_wconf 86' lang='lat' dir='ltr'><strong>aliter</strong></span> <span class='ocrx_word' id='word_1_595' title='bbox 665 2463 773 2506; x_wconf 87' lang='lat' dir='ltr'><strong>licet),</strong></span> <span class='ocrx_word' id='word_1_596' title='bbox 805 2468 846 2499; x_wconf 86' lang='lat' dir='ltr'><strong>ut</strong></span> <span class='ocrx_word' id='word_1_597' title='bbox 867 2463 900 2498; x_wconf 85' lang='lat' dir='ltr'><strong>is</strong></span> <span class='ocrx_word' id='word_1_598' title='bbox 929 2469 1023 2499; x_wconf 72' lang='lat' dir='ltr'><strong>sciat</strong></span> <span class='ocrx_word' id='word_1_599' title='bbox 1053 2475 1102 2499; x_wconf 80' lang='lat' dir='ltr'><strong>ex</strong></span> <span class='ocrx_word' id='word_1_600' title='bbox 1132 2463 1202 2499; x_wconf 77' lang='lat' dir='ltr'><strong>lzac</strong></span> <span class='ocrx_word' id='word_1_601' title='bbox 1233 2464 1311 2510; x_wconf 77' lang='lat' dir='ltr'><strong>leqe</strong></span> <span class='ocrx_word' id='word_1_602' title='bbox 1342 2475 1421 2499; x_wconf 83' lang='lat' dir='ltr'><strong>eum</strong></span> <span class='ocrx_word' id='word_1_603' title='bbox 1451 2465 1515 2511; x_wconf 89' lang='lat' dir='ltr'><strong>qui</strong></span> <span class='ocrx_word' id='word_1_604' title='bbox 1544 2465 1742 2502; x_wconf 86' lang='lat' dir='ltr'><strong>libertatem</strong></span> <span class='ocrx_word' id='word_1_605' title='bbox 1772 2467 1913 2513; x_wconf 85' lang='lat' dir='ltr'><strong>accepit</strong></span> <span class='ocrx_word' id='word_1_606' title='bbox 1944 2471 2126 2512; x_wconf 84' lang='lat' dir='ltr'><strong>tamquam</strong></span> <span class='ocrx_word' id='word_1_607' title='bbox 2157 2467 2418 2502; x_wconf 73' lang='lat' dir='ltr'><strong>consectarium</strong></span> <span class='ocrx_word' id='word_1_608' title='bbox 2446 2474 2480 2504; x_wconf 82' lang='lat' dir='ltr'><strong>et</strong></span> 
     </span>
     <span class='ocr_line' id='line_1_47' title="bbox 256 2508 2480 2564; baseline 0.002 -20"><span class='ocrx_word' id='word_1_609' title='bbox 256 2519 451 2545; x_wconf 86' lang='lat' dir='ltr'><strong>aureorum</strong></span> <span class='ocrx_word' id='word_1_610' title='bbox 474 2508 665 2543; x_wconf 85' lang='lat' dir='ltr'><strong>anulorum</strong></span> <span class='ocrx_word' id='word_1_611' title='bbox 689 2512 725 2544; x_wconf 86' lang='lat' dir='ltr'><strong>et</strong></span> <span class='ocrx_word' id='word_1_612' title='bbox 747 2508 986 2552; x_wconf 79' lang='lat' dir='ltr'><strong>restitutionis</strong></span> <span class='ocrx_word' id='word_1_613' title='bbox 1010 2508 1185 2544; x_wconf 84' lang='lat' dir='ltr'><strong>natalium</strong></span> <span class='ocrx_word' id='word_1_614' title='bbox 1208 2509 1266 2544; x_wconf 88' lang='lat' dir='ltr'><strong>ius</strong></span> <span class='ocrx_word' id='word_1_615' title='bbox 1288 2509 1411 2545; x_wconf 89' lang='lat' dir='ltr'><strong>statim</strong></span> <span class='ocrx_word' id='word_1_616' title='bbox 1435 2509 1643 2546; x_wconf 78' lang='lat' dir='ltr'><strong>habiturum</strong></span> <span class='ocrx_word' id='word_1_617' title='bbox 1663 2522 1752 2554; x_wconf 87' lang='lat' dir='ltr'><strong>esse,</strong></span> <span class='ocrx_word' id='word_1_618' title='bbox 1776 2523 1892 2558; x_wconf 87' lang='lat' dir='ltr'><strong>neque</strong></span> <span class='ocrx_word' id='word_1_619' title='bbox 1914 2511 1954 2547; x_wconf 84' lang='lat' dir='ltr'><strong>id</strong></span> <span class='ocrx_word' id='word_1_620' title='bbox 1972 2511 2175 2547; x_wconf 86' lang='lat' dir='ltr'><strong>necessario</strong></span> <span class='ocrx_word' id='word_1_621' title='bbox 2199 2510 2243 2546; x_wconf 91' lang='lat' dir='ltr'><strong>ab</strong></span> <span class='ocrx_word' id='word_1_622' title='bbox 2261 2513 2480 2564; x_wconf 77' lang='lat' dir='ltr'><strong>imperatore</strong></span> 
     </span>
     <span class='ocr_line' id='line_1_48' title="bbox 257 2553 2481 2607; baseline 0.002 -18"><span class='ocrx_word' id='word_1_623' title='bbox 257 2554 413 2601; x_wconf 81' lang='lat' dir='ltr'><strong>amplius</strong></span> <span class='ocrx_word' id='word_1_624' title='bbox 435 2553 638 2600; x_wconf 84' lang='lat' dir='ltr'><strong>petiturum</strong></span> <span class='ocrx_word' id='word_1_625' title='bbox 668 2565 784 2600; x_wconf 86' lang='lat' dir='ltr'><strong>neque</strong></span> <span class='ocrx_word' id='word_1_626' title='bbox 814 2554 960 2589; x_wconf 88' lang='lat' dir='ltr'><strong>omnino</strong></span> <span class='ocrx_word' id='word_1_627' title='bbox 992 2554 1068 2590; x_wconf 86' lang='lat' dir='ltr'><strong>ulla</strong></span> <span class='ocrx_word' id='word_1_628' title='bbox 1098 2554 1343 2590; x_wconf 85' lang='lat' dir='ltr'><strong>sollieitudine</strong></span> <span class='ocrx_word' id='word_1_629' title='bbox 1374 2566 1468 2607; x_wconf 78' lang='lat' dir='ltr'><strong>opus</strong></span> <span class='ocrx_word' id='word_1_630' title='bbox 1497 2554 1722 2600; x_wconf 77' lang='lat' dir='ltr'><strong>habiturum,</strong></span> <span class='ocrx_word' id='word_1_631' title='bbox 1756 2556 1821 2592; x_wconf 87' lang='lat' dir='ltr'><strong>sed</strong></span> <span class='ocrx_word' id='word_1_632' title='bbox 1843 2557 1881 2592; x_wconf 84' lang='lat' dir='ltr'><strong>vi</strong></span> <span class='ocrx_word' id='word_1_633' title='bbox 1902 2557 2080 2593; x_wconf 81' lang='lat' dir='ltr'><strong>libertatis</strong></span> <span class='ocrx_word' id='word_1_634' title='bbox 2108 2555 2197 2592; x_wconf 76' lang='lat' dir='ltr'><strong>baec</strong></span> <span class='ocrx_word' id='word_1_635' title='bbox 2221 2567 2342 2592; x_wconf 84' lang='lat' dir='ltr'><strong>omma</strong></span> <span class='ocrx_word' id='word_1_636' title='bbox 2372 2558 2481 2594; x_wconf 81' lang='lat' dir='ltr'><strong>simul</strong></span> 
     </span>
     <span class='ocr_line' id='line_1_49' title="bbox 257 2598 2480 2648; baseline 0.002 -14"><span class='ocrx_word' id='word_1_637' title='bbox 257 2609 448 2635; x_wconf 77' lang='lat' dir='ltr'><strong>accessura</strong></span> <span class='ocrx_word' id='word_1_638' title='bbox 477 2609 564 2635; x_wconf 87' lang='lat' dir='ltr'><strong>esse.</strong></span> <span class='ocrx_word' id='word_1_639' title='bbox 620 2600 739 2645; x_wconf 84' lang='lat' dir='ltr'><strong>Atque</strong></span> <span class='ocrx_word' id='word_1_640' title='bbox 769 2598 859 2634; x_wconf 78' lang='lat' dir='ltr'><strong>haec</strong></span> <span class='ocrx_word' id='word_1_641' title='bbox 889 2603 1017 2635; x_wconf 88' lang='lat' dir='ltr'><strong>nostra</strong></span> <span class='ocrx_word' id='word_1_642' title='bbox 1048 2599 1112 2635; x_wconf 78' lang='lat' dir='ltr'><strong>lex</strong></span> <span class='ocrx_word' id='word_1_643' title='bbox 1143 2611 1192 2636; x_wconf 80' lang='lat' dir='ltr'><strong>ex</strong></span> <span class='ocrx_word' id='word_1_644' title='bbox 1213 2604 1402 2646; x_wconf 67' lang='lat' dir='ltr'><strong>praesenti</strong></span> <span class='ocrx_word' id='word_1_645' title='bbox 1434 2599 1492 2635; x_wconf 89' lang='lat' dir='ltr'><strong>die</strong></span> <span class='ocrx_word' id='word_1_646' title='bbox 1511 2601 1653 2636; x_wconf 87' lang='lat' dir='ltr'><strong>initium</strong></span> <span class='ocrx_word' id='word_1_647' title='bbox 1683 2603 1822 2648; x_wconf 81' lang='lat' dir='ltr'><strong>capiet:</strong></span> <span class='ocrx_word' id='word_1_648' title='bbox 1857 2613 1972 2648; x_wconf 85' lang='lat' dir='ltr'><strong>neque</strong></span> <span class='ocrx_word' id='word_1_649' title='bbox 2003 2602 2096 2638; x_wconf 89' lang='lat' dir='ltr'><strong>enim</strong></span> <span class='ocrx_word' id='word_1_650' title='bbox 2131 2602 2322 2647; x_wconf 85' lang='lat' dir='ltr'><strong>quiequam</strong></span> <span class='ocrx_word' id='word_1_651' title='bbox 2355 2613 2480 2638; x_wconf 86' lang='lat' dir='ltr'><strong>eorum</strong></span> 
     </span>
     <span class='ocr_line' id='line_1_50' title="bbox 257 2644 2481 2698; baseline 0.002 -18"><span class='ocrx_word' id='word_1_652' title='bbox 257 2655 351 2691; x_wconf 85' lang='lat' dir='ltr'><strong>quae</strong></span> <span class='ocrx_word' id='word_1_653' title='bbox 372 2644 478 2691; x_wconf 82' lang='lat' dir='ltr'><strong>prius</strong></span> <span class='ocrx_word' id='word_1_654' title='bbox 497 2645 604 2690; x_wconf 86' lang='lat' dir='ltr'><strong>faeta</strong></span> <span class='ocrx_word' id='word_1_655' title='bbox 626 2649 713 2679; x_wconf 88' lang='lat' dir='ltr'><strong>sunt</strong></span> <span class='ocrx_word' id='word_1_656' title='bbox 735 2644 983 2686; x_wconf 83' lang='lat' dir='ltr'><strong>sollicitamus,</strong></span> <span class='ocrx_word' id='word_1_657' title='bbox 1013 2645 1120 2680; x_wconf 91' lang='lat' dir='ltr'><strong>immo</strong></span> <span class='ocrx_word' id='word_1_658' title='bbox 1145 2645 1401 2690; x_wconf 84' lang='lat' dir='ltr'><strong>confirmamus</strong></span> <span class='ocrx_word' id='word_1_659' title='bbox 1416 2647 1624 2698; x_wconf 77' lang='lat' dir='ltr'><strong>praeterita</strong></span> <span class='ocrx_word' id='word_1_660' title='bbox 1649 2648 1787 2688; x_wconf 88' lang='lat' dir='ltr'><strong>omnia,</strong></span> <span class='ocrx_word' id='word_1_661' title='bbox 1821 2651 1862 2683; x_wconf 84' lang='lat' dir='ltr'><strong>ut</strong></span> <span class='ocrx_word' id='word_1_662' title='bbox 1884 2647 2028 2683; x_wconf 87' lang='lat' dir='ltr'><strong>valeant</strong></span> <span class='ocrx_word' id='word_1_663' title='bbox 2050 2646 2243 2682; x_wconf 81' lang='lat' dir='ltr'><strong>secundum</strong></span> <span class='ocrx_word' id='word_1_664' title='bbox 2267 2658 2329 2682; x_wconf 90' lang='lat' dir='ltr'><strong>eos</strong></span> <span class='ocrx_word' id='word_1_665' title='bbox 2352 2648 2481 2693; x_wconf 85' lang='lat' dir='ltr'><strong>quibus</strong></span> 
     </span>
     <span class='ocr_line' id='line_1_51' title="bbox 255 2688 2284 2735; baseline 0 -10"><span class='ocrx_word' id='word_1_666' title='bbox 255 2690 362 2735; x_wconf 84' lang='lat' dir='ltr'><strong>sacta</strong></span> <span class='ocrx_word' id='word_1_667' title='bbox 383 2694 469 2725; x_wconf 88' lang='lat' dir='ltr'><strong>sunt</strong></span> <span class='ocrx_word' id='word_1_668' title='bbox 491 2688 628 2725; x_wconf 89' lang='lat' dir='ltr'><strong>modos.</strong></span> <span class='ocrx_word' id='word_1_669' title='bbox 678 2688 751 2724; x_wconf 85' lang='lat' dir='ltr'><strong>Sed</strong></span> <span class='ocrx_word' id='word_1_670' title='bbox 772 2689 841 2725; x_wconf 76' lang='lat' dir='ltr'><strong>hoc</strong></span> <span class='ocrx_word' id='word_1_671' title='bbox 864 2689 1008 2735; x_wconf 88' lang='lat' dir='ltr'><strong>quidem</strong></span> <span class='ocrx_word' id='word_1_672' title='bbox 1031 2690 1084 2725; x_wconf 88' lang='lat' dir='ltr'><strong>ita</strong></span> <span class='ocrx_word' id='word_1_673' title='bbox 1106 2701 1144 2726; x_wconf 91' lang='lat' dir='ltr'><strong>se</strong></span> <span class='ocrx_word' id='word_1_674' title='bbox 1168 2690 1300 2727; x_wconf 75' lang='lat' dir='ltr'><strong>babere</strong></span> <span class='ocrx_word' id='word_1_675' title='bbox 1321 2701 1514 2726; x_wconf 73' lang='lat' dir='ltr'><strong>sancimus.</strong></span> <span class='ocrx_word' id='word_1_676' title='bbox 2282 2723 2284 2725; x_wconf 79' lang='grc'>,</span> 
     </span>
    </p>

    <p class='ocr_par' dir='ltr' id='par_1_13' title="bbox 253 2732 2481 3054">
     <span class='ocr_line' id='line_1_52' title="bbox 283 2732 2479 2789; baseline 0.002 -20"><span class='ocrx_word' id='word_1_677' title='bbox 283 2767 285 2769; x_wconf 85' lang='grc'><em>,</em></span> <span class='ocrx_word' id='word_1_678' title='bbox 390 2734 437 2770; x_wconf 93' lang='grc' dir='ltr'><strong>ΙΙ.</strong></span> <span class='ocrx_word' id='word_1_679' title='bbox 484 2732 585 2782; x_wconf 83' lang='lat' dir='ltr'><strong>Illud</strong></span> <span class='ocrx_word' id='word_1_680' title='bbox 608 2745 692 2770; x_wconf 89' lang='lat' dir='ltr'><strong>vero</strong></span> <span class='ocrx_word' id='word_1_681' title='bbox 720 2739 913 2781; x_wconf 81' lang='lat' dir='ltr'><strong>praeterea</strong></span> <span class='ocrx_word' id='word_1_682' title='bbox 942 2735 1198 2782; x_wconf 79' lang='lat' dir='ltr'><strong>praecipimus,</strong></span> <span class='ocrx_word' id='word_1_683' title='bbox 1233 2747 1278 2771; x_wconf 85' lang='lat' dir='ltr'><strong>ne</strong></span> <span class='ocrx_word' id='word_1_684' title='bbox 1307 2735 1382 2771; x_wconf 89' lang='lat' dir='ltr'><strong>ulla</strong></span> <span class='ocrx_word' id='word_1_685' title='bbox 1412 2737 1450 2771; x_wconf 84' lang='lat' dir='ltr'><strong>in</strong></span> <span class='ocrx_word' id='word_1_686' title='bbox 1478 2747 1530 2779; x_wconf 84' lang='lat' dir='ltr'><strong>re,</strong></span> <span class='ocrx_word' id='word_1_687' title='bbox 1560 2747 1605 2772; x_wconf 87' lang='lat' dir='ltr'><strong>ne</strong></span> <span class='ocrx_word' id='word_1_688' title='bbox 1628 2741 1719 2783; x_wconf 82' lang='lat' dir='ltr'><strong>post</strong></span> <span class='ocrx_word' id='word_1_689' title='bbox 1748 2737 1843 2772; x_wconf 77' lang='lat' dir='ltr'><strong>hanc</strong></span> <span class='ocrx_word' id='word_1_690' title='bbox 1873 2737 2016 2789; x_wconf 81' lang='lat' dir='ltr'><strong>quidem</strong></span> <span class='ocrx_word' id='word_1_691' title='bbox 2048 2737 2160 2783; x_wconf 78' lang='lat' dir='ltr'><strong>leqem</strong></span> <span class='ocrx_word' id='word_1_692' title='bbox 2191 2741 2364 2781; x_wconf 86' lang='lat' dir='ltr'><strong>nostram,</strong></span> <span class='ocrx_word' id='word_1_693' title='bbox 2395 2738 2479 2773; x_wconf 86' lang='lat' dir='ltr'><strong>iura</strong></span> 
     </span>
     <span class='ocr_line' id='line_1_53' title="bbox 253 2779 2480 2834; baseline 0.001 -18"><span class='ocrx_word' id='word_1_694' title='bbox 253 2785 477 2827; x_wconf 83' lang='lat' dir='ltr'><strong>patronatus</strong></span> <span class='ocrx_word' id='word_1_695' title='bbox 499 2779 678 2816; x_wconf 83' lang='lat' dir='ltr'><strong>violentur</strong></span> <span class='ocrx_word' id='word_1_696' title='bbox 701 2791 744 2816; x_wconf 90' lang='lat' dir='ltr'><strong>ea</strong></span> <span class='ocrx_word' id='word_1_697' title='bbox 777 2791 871 2826; x_wconf 87' lang='lat' dir='ltr'><strong>quae</strong></span> <span class='ocrx_word' id='word_1_698' title='bbox 894 2791 963 2815; x_wconf 90' lang='lat' dir='ltr'><strong>nos</strong></span> <span class='ocrx_word' id='word_1_699' title='bbox 984 2780 1187 2823; x_wconf 81' lang='lat' dir='ltr'><strong>sanximus,</strong></span> <span class='ocrx_word' id='word_1_700' title='bbox 1219 2780 1349 2833; x_wconf 86' lang='lat' dir='ltr'><strong>quibus</strong></span> <span class='ocrx_word' id='word_1_701' title='bbox 1373 2781 1515 2827; x_wconf 86' lang='lat' dir='ltr'><strong>quidem</strong></span> <span class='ocrx_word' id='word_1_702' title='bbox 1538 2781 1577 2817; x_wconf 88' lang='lat' dir='ltr'><strong>in</strong></span> <span class='ocrx_word' id='word_1_703' title='bbox 1594 2782 1766 2834; x_wconf 80' lang='lat' dir='ltr'><strong>personis</strong></span> <span class='ocrx_word' id='word_1_704' title='bbox 1790 2793 1934 2818; x_wconf 85' lang='lat' dir='ltr'><strong>ommno</strong></span> <span class='ocrx_word' id='word_1_705' title='bbox 1959 2793 2002 2818; x_wconf 92' lang='lat' dir='ltr'><strong>ea</strong></span> <span class='ocrx_word' id='word_1_706' title='bbox 2024 2782 2255 2824; x_wconf 84' lang='lat' dir='ltr'><strong>servavimus,</strong></span> <span class='ocrx_word' id='word_1_707' title='bbox 2286 2782 2357 2817; x_wconf 80' lang='lat' dir='ltr'><strong>nisi</strong></span> <span class='ocrx_word' id='word_1_708' title='bbox 2379 2783 2415 2818; x_wconf 90' lang='lat' dir='ltr'><strong>si</strong></span> <span class='ocrx_word' id='word_1_709' title='bbox 2434 2783 2480 2819; x_wconf 85' lang='lat' dir='ltr'><strong>ab</strong></span> 
     </span>
     <span class='ocr_line' id='line_1_54' title="bbox 257 2824 2479 2879; baseline 0 -18"><span class='ocrx_word' id='word_1_710' title='bbox 257 2826 303 2861; x_wconf 88' lang='lat' dir='ltr'><strong>iis</strong></span> <span class='ocrx_word' id='word_1_711' title='bbox 323 2826 486 2862; x_wconf 84' lang='lat' dir='ltr'><strong>libertum</strong></span> <span class='ocrx_word' id='word_1_712' title='bbox 504 2824 653 2861; x_wconf 86' lang='lat' dir='ltr'><strong>solverit</strong></span> <span class='ocrx_word' id='word_1_713' title='bbox 670 2825 702 2860; x_wconf 84' lang='lat' dir='ltr'><strong>is</strong></span> <span class='ocrx_word' id='word_1_714' title='bbox 718 2825 782 2870; x_wconf 88' lang='lat' dir='ltr'><strong>qui</strong></span> <span class='ocrx_word' id='word_1_715' title='bbox 798 2825 997 2861; x_wconf 83' lang='lat' dir='ltr'><strong>libertatem</strong></span> <span class='ocrx_word' id='word_1_716' title='bbox 1020 2825 1181 2868; x_wconf 83' lang='lat' dir='ltr'><strong>donavit,</strong></span> <span class='ocrx_word' id='word_1_717' title='bbox 1205 2837 1279 2862; x_wconf 74' lang='lat' dir='ltr'><strong>sive</strong></span> <span class='ocrx_word' id='word_1_718' title='bbox 1298 2837 1368 2872; x_wconf 83' lang='lat' dir='ltr'><strong>per</strong></span> <span class='ocrx_word' id='word_1_719' title='bbox 1384 2825 1697 2871; x_wconf 74' lang='lat' dir='ltr'><strong>fideicommissum</strong></span> <span class='ocrx_word' id='word_1_720' title='bbox 1721 2827 1788 2862; x_wconf 78' lang='lat' dir='ltr'><strong>hoc</strong></span> <span class='ocrx_word' id='word_1_721' title='bbox 1809 2827 1958 2873; x_wconf 82' lang='lat' dir='ltr'><strong>reliquit</strong></span> <span class='ocrx_word' id='word_1_722' title='bbox 1979 2827 2053 2863; x_wconf 85' lang='lat' dir='ltr'><strong>sive</strong></span> <span class='ocrx_word' id='word_1_723' title='bbox 2068 2827 2175 2863; x_wconf 84' lang='lat' dir='ltr'><strong>etiam</strong></span> <span class='ocrx_word' id='word_1_724' title='bbox 2196 2826 2234 2861; x_wconf 85' lang='lat' dir='ltr'><strong>in</strong></span> <span class='ocrx_word' id='word_1_725' title='bbox 2252 2826 2334 2879; x_wconf 78' lang='lat' dir='ltr'><strong>ipsa</strong></span> <span class='ocrx_word' id='word_1_726' title='bbox 2354 2838 2479 2862; x_wconf 85' lang='lat' dir='ltr'><strong>manu-</strong></span> 
     </span>
     <span class='ocr_line' id='line_1_55' title="bbox 258 2869 2480 2918; baseline 0.002 -13"><span class='ocrx_word' id='word_1_727' title='bbox 258 2871 425 2907; x_wconf 84' lang='lat' dir='ltr'><strong>missione</strong></span> <span class='ocrx_word' id='word_1_728' title='bbox 454 2869 524 2905; x_wconf 79' lang='lat' dir='ltr'><strong>hoc</strong></span> <span class='ocrx_word' id='word_1_729' title='bbox 554 2869 696 2906; x_wconf 80' lang='lat' dir='ltr'><strong>adiecit.</strong></span> <span class='ocrx_word' id='word_1_730' title='bbox 744 2870 839 2905; x_wconf 90' lang='lat' dir='ltr'><strong>Nam</strong></span> <span class='ocrx_word' id='word_1_731' title='bbox 868 2870 900 2905; x_wconf 87' lang='lat' dir='ltr'><strong>si</strong></span> <span class='ocrx_word' id='word_1_732' title='bbox 931 2870 1000 2906; x_wconf 78' lang='lat' dir='ltr'><strong>boc</strong></span> <span class='ocrx_word' id='word_1_733' title='bbox 1028 2882 1174 2917; x_wconf 86' lang='lat' dir='ltr'><strong>quoque</strong></span> <span class='ocrx_word' id='word_1_734' title='bbox 1203 2871 1360 2915; x_wconf 82' lang='lat' dir='ltr'><strong>dederit,</strong></span> <span class='ocrx_word' id='word_1_735' title='bbox 1391 2872 1535 2907; x_wconf 85' lang='lat' dir='ltr'><strong>omnino</strong></span> <span class='ocrx_word' id='word_1_736' title='bbox 1565 2871 1598 2907; x_wconf 87' lang='lat' dir='ltr'><strong>is</strong></span> <span class='ocrx_word' id='word_1_737' title='bbox 1629 2873 1692 2918; x_wconf 84' lang='lat' dir='ltr'><strong>qui</strong></span> <span class='ocrx_word' id='word_1_738' title='bbox 1715 2873 1954 2908; x_wconf 81' lang='lat' dir='ltr'><strong>manumissus</strong></span> <span class='ocrx_word' id='word_1_739' title='bbox 1984 2878 2038 2907; x_wconf 85' lang='lat' dir='ltr'><strong>est</strong></span> <span class='ocrx_word' id='word_1_740' title='bbox 2067 2872 2175 2908; x_wconf 79' lang='lat' dir='ltr'><strong>etiam</strong></span> <span class='ocrx_word' id='word_1_741' title='bbox 2209 2882 2232 2906; x_wconf 91' lang='lat' dir='ltr'><strong>a</strong></span> <span class='ocrx_word' id='word_1_742' title='bbox 2255 2882 2335 2908; x_wconf 80' lang='lat' dir='ltr'><strong>mre</strong></span> <span class='ocrx_word' id='word_1_743' title='bbox 2352 2878 2480 2918; x_wconf 81' lang='lat' dir='ltr'><strong>patro-</strong></span> 
     </span>
     <span class='ocr_line' id='line_1_56' title="bbox 259 2915 2481 2967; baseline 0.001 -15"><span class='ocrx_word' id='word_1_744' title='bbox 259 2921 367 2952; x_wconf 83' lang='lat' dir='ltr'><strong>natus</strong></span> <span class='ocrx_word' id='word_1_745' title='bbox 390 2915 573 2958; x_wconf 86' lang='lat' dir='ltr'><strong>liberetur,</strong></span> <span class='ocrx_word' id='word_1_746' title='bbox 598 2915 771 2967; x_wconf 82' lang='lat' dir='ltr'><strong>quoniam</strong></span> <span class='ocrx_word' id='word_1_747' title='bbox 794 2915 864 2951; x_wconf 77' lang='lat' dir='ltr'><strong>hoc</strong></span> <span class='ocrx_word' id='word_1_748' title='bbox 886 2915 949 2951; x_wconf 82' lang='lat' dir='ltr'><strong>ille</strong></span> <span class='ocrx_word' id='word_1_749' title='bbox 970 2916 1168 2963; x_wconf 80' lang='lat' dir='ltr'><strong>praecepit.</strong></span> <span class='ocrx_word' id='word_1_750' title='bbox 1218 2915 1388 2952; x_wconf 86' lang='lat' dir='ltr'><strong>Habeant</strong></span> <span class='ocrx_word' id='word_1_751' title='bbox 1408 2916 1524 2963; x_wconf 77' lang='lat' dir='ltr'><strong>iqitur</strong></span> <span class='ocrx_word' id='word_1_752' title='bbox 1545 2915 1634 2953; x_wconf 78' lang='lat' dir='ltr'><strong>haec</strong></span> <span class='ocrx_word' id='word_1_753' title='bbox 1658 2918 1779 2953; x_wconf 85' lang='lat' dir='ltr'><strong>omnia</strong></span> <span class='ocrx_word' id='word_1_754' title='bbox 1825 2918 1863 2952; x_wconf 87' lang='lat' dir='ltr'><strong>ui</strong></span> <span class='ocrx_word' id='word_1_755' title='bbox 1888 2917 2087 2953; x_wconf 86' lang='lat' dir='ltr'><strong>libertatem</strong></span> <span class='ocrx_word' id='word_1_756' title='bbox 2110 2921 2328 2960; x_wconf 85' lang='lat' dir='ltr'><strong>meruerunt,</strong></span> <span class='ocrx_word' id='word_1_757' title='bbox 2359 2928 2481 2954; x_wconf 81' lang='lat' dir='ltr'><strong>verum</strong></span> 
     </span>
     <span class='ocr_line' id='line_1_57' title="bbox 261 2960 2481 3008; baseline 0.001 -11"><span class='ocrx_word' id='word_1_758' title='bbox 261 2967 377 2997; x_wconf 87' lang='lat' dir='ltr'><strong>tamen</strong></span> <span class='ocrx_word' id='word_1_759' title='bbox 399 2965 542 2996; x_wconf 81' lang='lat' dir='ltr'><strong>servent</strong></span> <span class='ocrx_word' id='word_1_760' title='bbox 563 2965 670 2996; x_wconf 76' lang='lat' dir='ltr'><strong>enam</strong></span> <span class='ocrx_word' id='word_1_761' title='bbox 689 2965 779 3007; x_wconf 85' lang='lat' dir='ltr'><strong>post</strong></span> <span class='ocrx_word' id='word_1_762' title='bbox 801 2960 895 2996; x_wconf 72' lang='lat' dir='ltr'><strong>hano</strong></span> <span class='ocrx_word' id='word_1_763' title='bbox 918 2966 1082 2997; x_wconf 86' lang='lat' dir='ltr'><strong>nostram</strong></span> <span class='ocrx_word' id='word_1_764' title='bbox 1105 2962 1263 2998; x_wconf 83' lang='lat' dir='ltr'><strong>divinam</strong></span> <span class='ocrx_word' id='word_1_765' title='bbox 1287 2961 1577 2997; x_wconf 78' lang='lat' dir='ltr'><strong>constitutionem</strong></span> <span class='ocrx_word' id='word_1_766' title='bbox 1600 2962 1647 2997; x_wconf 85' lang='lat' dir='ltr'><strong>iis</strong></span> <span class='ocrx_word' id='word_1_767' title='bbox 1671 2963 1733 3008; x_wconf 85' lang='lat' dir='ltr'><strong>qui</strong></span> <span class='ocrx_word' id='word_1_768' title='bbox 1755 2974 1779 2998; x_wconf 91' lang='lat' dir='ltr'><strong>a</strong></span> <span class='ocrx_word' id='word_1_769' title='bbox 1827 2962 2001 2999; x_wconf 86' lang='lat' dir='ltr'><strong>eiusmodi</strong></span> <span class='ocrx_word' id='word_1_770' title='bbox 2020 2962 2192 2998; x_wconf 75' lang='lat' dir='ltr'><strong>honorem</strong></span> <span class='ocrx_word' id='word_1_771' title='bbox 2216 2972 2279 2997; x_wconf 89' lang='lat' dir='ltr'><strong>eos</strong></span> <span class='ocrx_word' id='word_1_772' title='bbox 2296 2962 2481 2999; x_wconf 84' lang='lat' dir='ltr'><strong>adducunt</strong></span> 
     </span>
     <span class='ocr_line' id='line_1_58' title="bbox 260 3005 2480 3054; baseline 0.001 -12"><span class='ocrx_word' id='word_1_773' title='bbox 260 3017 398 3042; x_wconf 84' lang='lat' dir='ltr'><strong>omnem</strong></span> <span class='ocrx_word' id='word_1_774' title='bbox 428 3005 678 3041; x_wconf 84' lang='lat' dir='ltr'><strong>verecundiam</strong></span> <span class='ocrx_word' id='word_1_775' title='bbox 707 3010 743 3042; x_wconf 90' lang='lat' dir='ltr'><strong>et</strong></span> <span class='ocrx_word' id='word_1_776' title='bbox 772 3005 978 3052; x_wconf 81' lang='lat' dir='ltr'><strong>obsequium</strong></span> <span class='ocrx_word' id='word_1_777' title='bbox 1009 3007 1109 3052; x_wconf 85' lang='lat' dir='ltr'><strong>quod</strong></span> <span class='ocrx_word' id='word_1_778' title='bbox 1137 3011 1290 3043; x_wconf 87' lang='lat' dir='ltr'><strong>vocatur</strong></span> <span class='ocrx_word' id='word_1_779' title='bbox 1319 3011 1354 3043; x_wconf 89' lang='lat' dir='ltr'><strong>et</strong></span> <span class='ocrx_word' id='word_1_780' title='bbox 1383 3007 1618 3042; x_wconf 85' lang='lat' dir='ltr'><strong>reverentiam</strong></span> <span class='ocrx_word' id='word_1_781' title='bbox 1647 3019 1716 3054; x_wconf 85' lang='lat' dir='ltr'><strong>per</strong></span> <span class='ocrx_word' id='word_1_782' title='bbox 1747 3007 1844 3054; x_wconf 75' lang='lat' dir='ltr'><strong>leqes</strong></span> <span class='ocrx_word' id='word_1_783' title='bbox 1872 3012 1969 3044; x_wconf 84' lang='lat' dir='ltr'><strong>recte</strong></span> <span class='ocrx_word' id='word_1_784' title='bbox 1999 3007 2265 3048; x_wconf 83' lang='lat' dir='ltr'><strong>introductam;</strong></span> <span class='ocrx_word' id='word_1_785' title='bbox 2298 3007 2371 3043; x_wconf 87' lang='lat' dir='ltr'><strong>iam</strong></span> <span class='ocrx_word' id='word_1_786' title='bbox 2394 3018 2480 3045; x_wconf 82' lang='lat' dir='ltr'><strong>vero</strong></span> 
     </span>
    </p>
   </div>
   <div class='ocr_carea' id='block_1_11' title="bbox 2325 3074 2478 3078">
    <p class='ocr_par' dir='ltr' id='par_1_14' title="bbox 2325 3074 2478 3078">
     <span class='ocr_line' id='line_1_59' title="bbox 2325 3074 2478 3078; baseline 0 0"><span class='ocrx_word' id='word_1_787' title='bbox 2325 3074 2478 3078; x_wconf 95' lang='lat' dir='ltr'><strong> </strong></span> 
     </span>
    </p>
   </div>
   <div class='ocr_carea' id='block_1_12' title="bbox 1404 3097 2481 3278">
    <p class='ocr_par' dir='ltr' id='par_1_15' title="bbox 1404 3097 2481 3233">
     <span class='ocr_line' id='line_1_60' title="bbox 1404 3097 2478 3142; baseline 0.003 -12"><span class='ocrx_word' id='word_1_788' title='bbox 1404 3108 1477 3130; x_wconf 89' lang='lat' dir='ltr'><strong>mus</strong></span> <span class='ocrx_word' id='word_1_789' title='bbox 1498 3098 1542 3139; x_wconf 89' lang='lat' dir='ltr'><strong>V]</strong></span> <span class='ocrx_word' id='word_1_790' title='bbox 1567 3098 1800 3131; x_wconf 83' lang='lat' dir='ltr'><strong>estimamusR</strong></span> <span class='ocrx_word' id='word_1_791' title='bbox 1824 3098 2088 3131; x_wconf 84' lang='lat' dir='ltr'><strong>existimauimus</strong></span> <span class='ocrx_word' id='word_1_792' title='bbox 2109 3098 2235 3142; x_wconf 77' lang='lat' dir='ltr'><strong>Tvulq.</strong></span> <span class='ocrx_word' id='word_1_793' title='bbox 2255 3097 2268 3140; x_wconf 82' lang='grc' dir='ltr'><strong>ΙΙ</strong></span> <span class='ocrx_word' id='word_1_794' title='bbox 2283 3097 2478 3133; x_wconf 81' lang='lat' dir='ltr'><strong>adiectioni-</strong></span> 
     </span>
     <span class='ocr_line' id='line_1_61' title="bbox 1404 3142 2481 3231; baseline 0.003 -56"><span class='ocrx_word' id='word_1_795' title='bbox 1404 3142 1478 3184; x_wconf 85' lang='lat' dir='ltr'><strong>bus}</strong></span> <span class='ocrx_word' id='word_1_796' title='bbox 1506 3143 1638 3186; x_wconf 69' lang='lat' dir='ltr'><strong>upoit·</strong></span> <span class='ocrx_word' id='word_1_797' title='bbox 1661 3144 1791 3185; x_wconf 82' lang='lat' dir='ltr'><strong>(positis</strong></span> <span class='ocrx_word' id='word_1_798' title='bbox 1812 3144 1873 3186; x_wconf 74' lang='lat' dir='ltr'><strong>V2)</strong></span> <span class='ocrx_word' id='word_1_799' title='bbox 1897 3142 2137 3176; x_wconf 84' lang='lat' dir='ltr'><strong>adiectionibus</strong></span> <span class='ocrx_word' id='word_1_800' title='bbox 2160 3144 2239 3177; x_wconf 81' lang='lat' dir='ltr'><strong>add.</strong></span> <span class='ocrx_word' id='word_1_801' title='bbox 2260 3143 2298 3184; x_wconf 87' lang='lat' dir='ltr'><strong>V,</strong></span> <span class='ocrx_word' id='word_1_802' title='bbox 2323 3144 2385 3177; x_wconf 68' lang='lat' dir='ltr'><strong>del.</strong></span> <span class='ocrx_word' id='word_1_803' title='bbox 2406 3143 2481 3231; x_wconf 60' lang='lat' dir='ltr'><strong>V’H</strong></span> 
     </span>
     <span class='ocr_line' id='line_1_62' title="bbox 1408 3187 2446 3233; baseline 0 -11"><span class='ocrx_word' id='word_1_804' title='bbox 1408 3190 1444 3222; x_wconf 90' lang='lat'><strong>11</strong></span> <span class='ocrx_word' id='word_1_805' title='bbox 1472 3188 1697 3230; x_wconf 86' lang='lat' dir='ltr'><strong>generationis</strong></span> <span class='ocrx_word' id='word_1_806' title='bbox 1717 3188 1766 3221; x_wconf 88' lang='lat' dir='ltr'><strong>R¹</strong></span> <span class='ocrx_word' id='word_1_807' title='bbox 1789 3187 1802 3233; x_wconf 83' lang='grc' dir='ltr'><strong>ΙΙ</strong></span> <span class='ocrx_word' id='word_1_808' title='bbox 1829 3199 1868 3221; x_wconf 88' lang='lat' dir='ltr'><strong>ex</strong></span> <span class='ocrx_word' id='word_1_809' title='bbox 1893 3201 1951 3222; x_wconf 87' lang='lat' dir='ltr'><strong>om.</strong></span> <span class='ocrx_word' id='word_1_810' title='bbox 1966 3188 2016 3222; x_wconf 84' lang='lat' dir='ltr'><strong>R¹</strong></span> <span class='ocrx_word' id='word_1_811' title='bbox 2032 3188 2045 3231; x_wconf 89' lang='grc' dir='ltr'><strong>ΙΙ</strong></span> <span class='ocrx_word' id='word_1_812' title='bbox 2074 3190 2115 3223; x_wconf 90' lang='grc'><strong>12</strong></span> <span class='ocrx_word' id='word_1_813' title='bbox 2138 3188 2375 3231; x_wconf 86' lang='lat' dir='ltr'><strong>printicipibus</strong></span> <span class='ocrx_word' id='word_1_814' title='bbox 2393 3188 2446 3222; x_wconf 75' lang='lat' dir='ltr'><strong>V·</strong></span> 
     </span>
    </p>

    <p class='ocr_par' dir='ltr' id='par_1_16' title="bbox 1408 3231 2477 3278">
     <span class='ocr_line' id='line_1_63' title="bbox 1408 3231 2477 3278; baseline -0.001 -12"><span class='ocrx_word' id='word_1_815' title='bbox 1408 3234 1449 3267; x_wconf 83' lang='lat'><strong>16</strong></span> <span class='ocrx_word' id='word_1_816' title='bbox 1467 3236 1719 3275; x_wconf 87' lang='lat' dir='ltr'><strong>perscrutantur</strong></span> <span class='ocrx_word' id='word_1_817' title='bbox 1739 3233 1820 3267; x_wconf 82' lang='lat' dir='ltr'><strong>VT·</strong></span> <span class='ocrx_word' id='word_1_818' title='bbox 1839 3232 1852 3278; x_wconf 75' lang='grc' dir='ltr'><strong>ΙΙ</strong></span> <span class='ocrx_word' id='word_1_819' title='bbox 1868 3244 1946 3276; x_wconf 86' lang='lat' dir='ltr'><strong>ergo</strong></span> <span class='ocrx_word' id='word_1_820' title='bbox 1970 3234 2082 3266; x_wconf 84' lang='lat' dir='ltr'><strong>omnia</strong></span> <span class='ocrx_word' id='word_1_821' title='bbox 2105 3233 2334 3277; x_wconf 84' lang='lat' dir='ltr'><strong>praecedentia</strong></span> <span class='ocrx_word' id='word_1_822' title='bbox 2357 3234 2396 3265; x_wconf 84' lang='lat' dir='ltr'><strong>ut</strong></span> <span class='ocrx_word' id='word_1_823' title='bbox 2415 3231 2477 3273; x_wconf 72' lang='lat'><strong>1⁷²]</strong></span> 
     </span>
    </p>
   </div>
   <div class='ocr_carea' id='block_1_13' title="bbox 259 3094 2476 3773">
    <p class='ocr_par' dir='ltr' id='par_1_17' title="bbox 259 3094 2476 3637">
     <span class='ocr_line' id='line_1_64' title="bbox 304 3094 1335 3143; baseline -0.003 -11"><span class='ocrx_word' id='word_1_824' title='bbox 304 3099 324 3132; x_wconf 88' lang='grc'>3</span> <span class='ocrx_word' id='word_1_825' title='bbox 349 3094 597 3143; x_wconf 76' lang='grc' dir='ltr'><strong><em>διακρίναντες</em></strong></span> <span class='ocrx_word' id='word_1_826' title='bbox 618 3097 706 3140; x_wconf 77' lang='lat' dir='ltr'><strong>vulq.</strong></span> <span class='ocrx_word' id='word_1_827' title='bbox 725 3097 738 3140; x_wconf 87' lang='grc' dir='ltr'><strong>ΙΙ</strong></span> <span class='ocrx_word' id='word_1_828' title='bbox 761 3099 783 3131; x_wconf 82' lang='grc'><strong>4</strong></span> <span class='ocrx_word' id='word_1_829' title='bbox 806 3097 870 3130; x_wconf 85' lang='grc' dir='ltr'><strong>*τι</strong></span> <span class='ocrx_word' id='word_1_830' title='bbox 892 3099 1059 3143; x_wconf 85' lang='grc' dir='ltr'><strong><em>κρεῖττον</em></strong></span> <span class='ocrx_word' id='word_1_831' title='bbox 1083 3098 1161 3131; x_wconf 80' lang='lat' dir='ltr'><strong>dedi</strong></span> <span class='ocrx_word' id='word_1_832' title='bbox 1179 3110 1218 3131; x_wconf 74' lang='lat' dir='ltr'><strong>ex</strong></span> <span class='ocrx_word' id='word_1_833' title='bbox 1237 3099 1268 3138; x_wconf 82' lang='grc' dir='ltr'><strong>ς]</strong></span> <span class='ocrx_word' id='word_1_834' title='bbox 1292 3096 1335 3130; x_wconf 84' lang='grc' dir='ltr'><strong>τὸ</strong></span> 
     </span>
     <span class='ocr_line' id='line_1_65' title="bbox 259 3139 1336 3188; baseline -0.002 -11"><span class='ocrx_word' id='word_1_835' title='bbox 259 3145 423 3188; x_wconf 83' lang='grc' dir='ltr'><strong><em>κρεῖττον</em></strong></span> <span class='ocrx_word' id='word_1_836' title='bbox 446 3142 518 3176; x_wconf 86' lang='lat' dir='ltr'><strong>ML</strong></span> <span class='ocrx_word' id='word_1_837' title='bbox 543 3140 555 3186; x_wconf 88' lang='grc' dir='ltr'><strong>ΙΙ</strong></span> <span class='ocrx_word' id='word_1_838' title='bbox 579 3139 829 3185; x_wconf 82' lang='grc' dir='ltr'><strong><em>βουλευόμενοι</em></strong></span> <span class='ocrx_word' id='word_1_839' title='bbox 847 3142 906 3183; x_wconf 88' lang='grc' dir='ltr'><strong>Μ]</strong></span> <span class='ocrx_word' id='word_1_840' title='bbox 931 3139 1142 3185; x_wconf 72' lang='grc' dir='ltr'><strong><em>βουλόμεθα</em></strong></span> <span class='ocrx_word' id='word_1_841' title='bbox 1158 3143 1190 3176; x_wconf 83' lang='lat' dir='ltr'><em>L</em></span> <span class='ocrx_word' id='word_1_842' title='bbox 1213 3145 1336 3175; x_wconf 84' lang='lat' dir='ltr'><strong>tracta-</strong></span> 
     </span>
     <span class='ocr_line' id='line_1_66' title="bbox 260 3182 1336 3231; baseline -0.003 -9"><span class='ocrx_word' id='word_1_843' title='bbox 260 3199 333 3222; x_wconf 83' lang='lat' dir='ltr'><strong>mus</strong></span> <span class='ocrx_word' id='word_1_844' title='bbox 355 3200 393 3227; x_wconf 77' lang='grc' dir='ltr'><strong>ςς</strong></span> <span class='ocrx_word' id='word_1_845' title='bbox 424 3185 674 3231; x_wconf 76' lang='grc' dir='ltr'><strong><em>βουλευόμεθα</em></strong></span> <span class='ocrx_word' id='word_1_846' title='bbox 696 3188 884 3221; x_wconf 79' lang='lat' dir='ltr'><strong>Zachariae</strong></span> <span class='ocrx_word' id='word_1_847' title='bbox 908 3187 920 3231; x_wconf 83' lang='grc' dir='ltr'><strong>ΙΙ</strong></span> <span class='ocrx_word' id='word_1_848' title='bbox 947 3190 966 3222; x_wconf 90' lang='grc'>5</span> <span class='ocrx_word' id='word_1_849' title='bbox 991 3186 1032 3221; x_wconf 86' lang='grc' dir='ltr'><strong>τὸ</strong></span> <span class='ocrx_word' id='word_1_850' title='bbox 1058 3200 1116 3221; x_wconf 92' lang='lat' dir='ltr'><strong>om.</strong></span> <span class='ocrx_word' id='word_1_851' title='bbox 1132 3188 1174 3220; x_wconf 84' lang='grc' dir='ltr'><em>Μ</em></span> <span class='ocrx_word' id='word_1_852' title='bbox 1191 3187 1204 3230; x_wconf 89' lang='grc' dir='ltr'><strong>ΙΙ</strong></span> <span class='ocrx_word' id='word_1_853' title='bbox 1231 3188 1251 3222; x_wconf 88' lang='grc'>8</span> <span class='ocrx_word' id='word_1_854' title='bbox 1277 3182 1336 3219; x_wconf 78' lang='grc' dir='ltr'><strong>αὖ·</strong></span> 
     </span>
     <span class='ocr_line' id='line_1_67' title="bbox 260 3228 2453 3284; baseline -0.002 -17"><span class='ocrx_word' id='word_1_855' title='bbox 260 3233 336 3275; x_wconf 75' lang='grc' dir='ltr'><strong><em>τοῦ]</em></strong></span> <span class='ocrx_word' id='word_1_856' title='bbox 361 3229 471 3266; x_wconf 74' lang='grc' dir='ltr'><strong><em>αὑτοῦ</em></strong></span> <span class='ocrx_word' id='word_1_857' title='bbox 494 3233 595 3277; x_wconf 67' lang='grc' dir='ltr'><strong><em>υιιΙρ.,</em></strong></span> <span class='ocrx_word' id='word_1_858' title='bbox 617 3230 685 3275; x_wconf 82' lang='grc' dir='ltr'><strong>τὴν</strong></span> <span class='ocrx_word' id='word_1_859' title='bbox 704 3228 813 3266; x_wconf 74' lang='grc' dir='ltr'><strong><em>αὗτσῦ</em></strong></span> <span class='ocrx_word' id='word_1_860' title='bbox 828 3232 882 3266; x_wconf 74' lang='grc' dir='ltr'><strong>ΒΡ</strong></span> <span class='ocrx_word' id='word_1_861' title='bbox 899 3232 912 3276; x_wconf 93' lang='grc' dir='ltr'><strong>ΙΙ</strong></span> <span class='ocrx_word' id='word_1_862' title='bbox 929 3229 1055 3266; x_wconf 72' lang='grc' dir='ltr'><strong><em>αὐτοὺς</em></strong></span> <span class='ocrx_word' id='word_1_863' title='bbox 1079 3246 1138 3266; x_wconf 88' lang='lat' dir='ltr'><strong>om.</strong></span> <span class='ocrx_word' id='word_1_864' title='bbox 1151 3245 1171 3269; x_wconf 83' lang='grc' dir='ltr'><strong><em>ς</em></strong></span> <span class='ocrx_word' id='word_1_865' title='bbox 1191 3232 1204 3277; x_wconf 79' lang='grc' dir='ltr'><strong>ΙΙ</strong></span> <span class='ocrx_word' id='word_1_866' title='bbox 1232 3233 1272 3267; x_wconf 83' lang='grc'><strong>18</strong></span> <span class='ocrx_word' id='word_1_867' title='bbox 1298 3229 1338 3265; x_wconf 73' lang='grc' dir='ltr'><strong>δὲ</strong></span> <span class='ocrx_word' id='word_1_868' title='bbox 2444 3276 2453 3284; x_wconf 49' lang='grc'><strong>.</strong></span> 
     </span>
     <span class='ocr_line' id='line_1_68' title="bbox 261 3269 2475 3322; baseline -0.002 -10"><span class='ocrx_word' id='word_1_869' title='bbox 261 3276 396 3322; x_wconf 77' lang='grc' dir='ltr'><strong><em>μᾶλλον</em></strong></span> <span class='ocrx_word' id='word_1_870' title='bbox 409 3278 466 3320; x_wconf 85' lang='lat' dir='ltr'><strong>M]</strong></span> <span class='ocrx_word' id='word_1_871' title='bbox 490 3269 555 3311; x_wconf 72' lang='grc' dir='ltr'><strong>οὖν</strong></span> <span class='ocrx_word' id='word_1_872' title='bbox 567 3278 686 3321; x_wconf 71' lang='grc' dir='ltr'><strong><em>ΕΒςΙΙ</em></strong></span> <span class='ocrx_word' id='word_1_873' title='bbox 711 3279 753 3312; x_wconf 86' lang='grc'><strong>19</strong></span> <span class='ocrx_word' id='word_1_874' title='bbox 771 3275 903 3311; x_wconf 84' lang='grc' dir='ltr'><strong><em>τόπους</em></strong></span> <span class='ocrx_word' id='word_1_875' title='bbox 918 3278 969 3310; x_wconf 76' lang='lat' dir='ltr'><strong>L⁰</strong></span> <span class='ocrx_word' id='word_1_876' title='bbox 987 3277 999 3321; x_wconf 83' lang='grc' dir='ltr'><strong>ΙΙ</strong></span> <span class='ocrx_word' id='word_1_877' title='bbox 1022 3279 1060 3312; x_wconf 87' lang='grc'><strong>21</strong></span> <span class='ocrx_word' id='word_1_878' title='bbox 1086 3275 1178 3321; x_wconf 71' lang='grc' dir='ltr'><strong><em>μηδὲ</em></strong></span> <span class='ocrx_word' id='word_1_879' title='bbox 1198 3291 1256 3312; x_wconf 88' lang='lat' dir='ltr'><strong>om.</strong></span> <span class='ocrx_word' id='word_1_880' title='bbox 1270 3278 1302 3311; x_wconf 91' lang='lat' dir='ltr'><em>L</em></span> <span class='ocrx_word' id='word_1_881' title='bbox 1325 3278 1338 3319; x_wconf 82' lang='grc' dir='ltr'><strong>ΙΙ</strong></span> <span class='ocrx_word' id='word_1_882' title='bbox 1406 3279 1517 3311; x_wconf 87' lang='lat' dir='ltr'><strong>omnia</strong></span> <span class='ocrx_word' id='word_1_883' title='bbox 1538 3289 1616 3321; x_wconf 86' lang='lat' dir='ltr'><strong>ergo</strong></span> <span class='ocrx_word' id='word_1_884' title='bbox 1638 3278 1869 3321; x_wconf 82' lang='lat' dir='ltr'><strong>praecedentia</strong></span> <span class='ocrx_word' id='word_1_885' title='bbox 1892 3283 1931 3311; x_wconf 89' lang='lat' dir='ltr'><strong>ut</strong></span> <span class='ocrx_word' id='word_1_886' title='bbox 1945 3279 1981 3312; x_wconf 88' lang='lat' dir='ltr'><strong><em>R</em></strong></span> <span class='ocrx_word' id='word_1_887' title='bbox 2011 3289 2090 3321; x_wconf 84' lang='lat' dir='ltr'><strong>ergo</strong></span> <span class='ocrx_word' id='word_1_888' title='bbox 2113 3278 2343 3321; x_wconf 76' lang='lat' dir='ltr'><strong>praecedentia</strong></span> <span class='ocrx_word' id='word_1_889' title='bbox 2365 3286 2475 3310; x_wconf 73' lang='lat' dir='ltr'><strong>omnm</strong></span> 
     </span>
     <span class='ocr_line' id='line_1_69' title="bbox 263 3320 2476 3372; baseline -0.002 -14"><span class='ocrx_word' id='word_1_890' title='bbox 263 3326 305 3358; x_wconf 82' lang='lat'><strong>23</strong></span> <span class='ocrx_word' id='word_1_891' title='bbox 329 3320 656 3367; x_wconf 77' lang='grc' dir='ltr'><strong><em>ἐνομοθετήσαμεν]</em></strong></span> <span class='ocrx_word' id='word_1_892' title='bbox 686 3323 764 3357; x_wconf 77' lang='lat' dir='ltr'><strong>cod.</strong></span> <span class='ocrx_word' id='word_1_893' title='bbox 779 3324 811 3365; x_wconf 88' lang='grc'><strong>6,</strong></span> <span class='ocrx_word' id='word_1_894' title='bbox 825 3330 853 3363; x_wconf 80' lang='grc'><strong>4,</strong></span> <span class='ocrx_word' id='word_1_895' title='bbox 867 3331 883 3357; x_wconf 74' lang='grc'><strong>4</strong></span> <span class='ocrx_word' id='word_1_896' title='bbox 903 3324 958 3365; x_wconf 80' lang='lat' dir='ltr'><strong>(ch</strong></span> <span class='ocrx_word' id='word_1_897' title='bbox 981 3325 1023 3356; x_wconf 84' lang='lat' dir='ltr'><strong>ib.</strong></span> <span class='ocrx_word' id='word_1_898' title='bbox 1039 3325 1069 3366; x_wconf 83' lang='grc'><strong>3)</strong></span> <span class='ocrx_word' id='word_1_899' title='bbox 1096 3328 1109 3366; x_wconf 78' lang='grc' dir='ltr'><strong>ΙΙ</strong></span> <span class='ocrx_word' id='word_1_900' title='bbox 1139 3325 1181 3358; x_wconf 91' lang='grc'><strong>25</strong></span> <span class='ocrx_word' id='word_1_901' title='bbox 1204 3322 1337 3356; x_wconf 78' lang='grc' dir='ltr'><strong><em>τοῦτον</em></strong></span> <span class='ocrx_word' id='word_1_902' title='bbox 1406 3326 1445 3355; x_wconf 83' lang='lat' dir='ltr'><strong>ut</strong></span> <span class='ocrx_word' id='word_1_903' title='bbox 1470 3324 1502 3356; x_wconf 88' lang='grc' dir='ltr'><em>Τ</em></span> <span class='ocrx_word' id='word_1_904' title='bbox 1533 3334 1611 3366; x_wconf 87' lang='lat' dir='ltr'><strong>ergo</strong></span> <span class='ocrx_word' id='word_1_905' title='bbox 1634 3323 1843 3367; x_wconf 80' lang='lat' dir='ltr'><strong>praecedenti</strong></span> <span class='ocrx_word' id='word_1_906' title='bbox 1865 3327 1925 3357; x_wconf 85' lang='lat' dir='ltr'><strong>aut</strong></span> <span class='ocrx_word' id='word_1_907' title='bbox 1954 3324 2003 3358; x_wconf 77' lang='lat'><strong>1⁷²</strong></span> <span class='ocrx_word' id='word_1_908' title='bbox 2032 3323 2045 3369; x_wconf 75' lang='lat' dir='ltr'>ss</span> <span class='ocrx_word' id='word_1_909' title='bbox 2074 3326 2113 3359; x_wconf 79' lang='lat'><strong>17</strong></span> <span class='ocrx_word' id='word_1_910' title='bbox 2138 3334 2193 3357; x_wconf 86' lang='lat' dir='ltr'><strong>eos</strong></span> <span class='ocrx_word' id='word_1_911' title='bbox 2216 3323 2311 3366; x_wconf 87' lang='lat' dir='ltr'><strong>quos]</strong></span> <span class='ocrx_word' id='word_1_912' title='bbox 2342 3331 2396 3355; x_wconf 79' lang='lat' dir='ltr'><strong>eos</strong></span> <span class='ocrx_word' id='word_1_913' title='bbox 2416 3330 2476 3372; x_wconf 66' lang='lat' dir='ltr'><strong>per</strong></span> 
     </span>
     <span class='ocr_line' id='line_1_70' title="bbox 265 3364 2475 3414; baseline -0.002 -12"><span class='ocrx_word' id='word_1_914' title='bbox 265 3370 381 3402; x_wconf 74' lang='lat' dir='ltr'><em>M⁰Bv</em></span> <span class='ocrx_word' id='word_1_915' title='bbox 405 3368 418 3412; x_wconf 76' lang='grc' dir='ltr'><strong>ΙΙ</strong></span> <span class='ocrx_word' id='word_1_916' title='bbox 442 3370 484 3403; x_wconf 85' lang='grc'><strong>26</strong></span> <span class='ocrx_word' id='word_1_917' title='bbox 509 3365 789 3414; x_wconf 78' lang='grc' dir='ltr'><strong><em>φιὸικόμμισσον</em></strong></span> <span class='ocrx_word' id='word_1_918' title='bbox 802 3368 856 3402; x_wconf 79' lang='grc' dir='ltr'><strong>ΒΡ</strong></span> <span class='ocrx_word' id='word_1_919' title='bbox 888 3364 1196 3412; x_wconf 79' lang='grc' dir='ltr'><strong><em>φιδικόμισσονΜ</em></strong></span> <span class='ocrx_word' id='word_1_920' title='bbox 1224 3365 1336 3414; x_wconf 78' lang='grc' dir='ltr'><strong><em>φειδι-</em></strong></span> <span class='ocrx_word' id='word_1_921' title='bbox 1405 3378 1487 3409; x_wconf 87' lang='lat' dir='ltr'><strong>quos</strong></span> <span class='ocrx_word' id='word_1_922' title='bbox 1508 3368 1638 3408; x_wconf 84' lang='lat' dir='ltr'><strong><em>V³T²;</em></strong></span> <span class='ocrx_word' id='word_1_923' title='bbox 1673 3380 1727 3402; x_wconf 90' lang='lat' dir='ltr'><strong>eos</strong></span> <span class='ocrx_word' id='word_1_924' title='bbox 1752 3369 1855 3403; x_wconf 76' lang='lat' dir='ltr'><strong>deleri</strong></span> <span class='ocrx_word' id='word_1_925' title='bbox 1872 3370 1979 3403; x_wconf 82' lang='lat' dir='ltr'><strong>malim</strong></span> <span class='ocrx_word' id='word_1_926' title='bbox 2007 3369 2020 3413; x_wconf 83' lang='grc' dir='ltr'><strong>ΙΙ</strong></span> <span class='ocrx_word' id='word_1_927' title='bbox 2049 3370 2088 3404; x_wconf 85' lang='grc'><strong>21</strong></span> <span class='ocrx_word' id='word_1_928' title='bbox 2105 3371 2193 3403; x_wconf 82' lang='lat' dir='ltr'><strong>rubr.</strong></span> <span class='ocrx_word' id='word_1_929' title='bbox 2218 3369 2267 3401; x_wconf 84' lang='lat' dir='ltr'><strong>De</strong></span> <span class='ocrx_word' id='word_1_930' title='bbox 2287 3367 2475 3400; x_wconf 67' lang='lat' dir='ltr'><strong>reuerentia</strong></span> 
     </span>
     <span class='ocr_line' id='line_1_71' title="bbox 263 3409 2475 3457; baseline -0.002 -11"><span class='ocrx_word' id='word_1_931' title='bbox 263 3410 438 3456; x_wconf 79' lang='grc' dir='ltr'><strong><em>κόμμισον</em></strong></span> <span class='ocrx_word' id='word_1_932' title='bbox 451 3414 482 3447; x_wconf 89' lang='lat' dir='ltr'><em>L</em></span> <span class='ocrx_word' id='word_1_933' title='bbox 497 3413 510 3457; x_wconf 79' lang='lat' dir='ltr'><strong>ll</strong></span> <span class='ocrx_word' id='word_1_934' title='bbox 529 3415 571 3448; x_wconf 84' lang='lat'><strong>27</strong></span> <span class='ocrx_word' id='word_1_935' title='bbox 586 3415 644 3446; x_wconf 80' lang='grc' dir='ltr'><strong>καὶ</strong></span> <span class='ocrx_word' id='word_1_936' title='bbox 664 3426 722 3447; x_wconf 89' lang='lat' dir='ltr'><strong>om.</strong></span> <span class='ocrx_word' id='word_1_937' title='bbox 736 3413 852 3449; x_wconf 70' lang='lat' dir='ltr'><em>LBPc</em></span> <span class='ocrx_word' id='word_1_938' title='bbox 869 3413 881 3456; x_wconf 84' lang='grc' dir='ltr'><strong>ΙΙ</strong></span> <span class='ocrx_word' id='word_1_939' title='bbox 900 3414 941 3447; x_wconf 87' lang='grc'><strong>28</strong></span> <span class='ocrx_word' id='word_1_940' title='bbox 954 3415 1014 3446; x_wconf 80' lang='grc' dir='ltr'><strong>καὶ</strong></span> <span class='ocrx_word' id='word_1_941' title='bbox 1030 3427 1089 3447; x_wconf 85' lang='lat' dir='ltr'><strong>om.</strong></span> <span class='ocrx_word' id='word_1_942' title='bbox 1105 3426 1123 3450; x_wconf 85' lang='grc' dir='ltr'><strong><em>ς</em></strong></span> <span class='ocrx_word' id='word_1_943' title='bbox 1142 3413 1154 3457; x_wconf 81' lang='grc' dir='ltr'><strong>ΙΙ</strong></span> <span class='ocrx_word' id='word_1_944' title='bbox 1171 3414 1213 3447; x_wconf 90' lang='grc'><strong>32</strong></span> <span class='ocrx_word' id='word_1_945' title='bbox 1226 3412 1337 3447; x_wconf 77' lang='grc' dir='ltr'><strong><em>θείαν</em></strong></span> <span class='ocrx_word' id='word_1_946' title='bbox 1405 3416 1457 3446; x_wconf 79' lang='lat' dir='ltr'><strong>et‘</strong></span> <span class='ocrx_word' id='word_1_947' title='bbox 1469 3413 1625 3455; x_wconf 87' lang='lat' dir='ltr'><strong>obsequio</strong></span> <span class='ocrx_word' id='word_1_948' title='bbox 1655 3414 1805 3457; x_wconf 76' lang='lat' dir='ltr'><strong>patronis</strong></span> <span class='ocrx_word' id='word_1_949' title='bbox 1835 3425 1855 3447; x_wconf 86' lang='lat' dir='ltr'><strong>a</strong></span> <span class='ocrx_word' id='word_1_950' title='bbox 1884 3414 2014 3447; x_wconf 85' lang='lat' dir='ltr'><strong>libertis</strong></span> <span class='ocrx_word' id='word_1_951' title='bbox 2045 3416 2078 3457; x_wconf 80' lang='lat' dir='ltr'><strong>(a</strong></span> <span class='ocrx_word' id='word_1_952' title='bbox 2106 3412 2234 3447; x_wconf 71' lang='lat' dir='ltr'><strong>liberti·</strong></span> <span class='ocrx_word' id='word_1_953' title='bbox 2263 3412 2404 3454; x_wconf 68' lang='lat' dir='ltr'><strong>patrono</strong></span> <span class='ocrx_word' id='word_1_954' title='bbox 2428 3409 2475 3451; x_wconf 80' lang='lat' dir='ltr'><strong>R)</strong></span> 
     </span>
     <span class='ocr_line' id='line_1_72' title="bbox 264 3454 2476 3532; baseline -0.002 -41"><span class='ocrx_word' id='word_1_955' title='bbox 264 3470 320 3491; x_wconf 83' lang='lat' dir='ltr'><strong>om·</strong></span> <span class='ocrx_word' id='word_1_956' title='bbox 334 3459 384 3501; x_wconf 70' lang='lat' dir='ltr'><strong>cu</strong></span> <span class='ocrx_word' id='word_1_957' title='bbox 406 3461 449 3493; x_wconf 88' lang='lat'><strong>33</strong></span> <span class='ocrx_word' id='word_1_958' title='bbox 473 3454 645 3504; x_wconf 69' lang='grc' dir='ltr'><strong><em>ἀγαγοῦσι</em></strong></span> <span class='ocrx_word' id='word_1_959' title='bbox 670 3458 724 3491; x_wconf 72' lang='grc' dir='ltr'><strong>ΒΡ</strong></span> <span class='ocrx_word' id='word_1_960' title='bbox 747 3458 760 3502; x_wconf 76' lang='lat' dir='ltr'><strong>u</strong></span> <span class='ocrx_word' id='word_1_961' title='bbox 785 3458 888 3500; x_wconf 81' lang='grc' dir='ltr'><strong><em>τιμῆς</em></strong></span> <span class='ocrx_word' id='word_1_962' title='bbox 911 3458 989 3500; x_wconf 70' lang='lat' dir='ltr'><strong>L⁰u</strong></span> <span class='ocrx_word' id='word_1_963' title='bbox 1018 3461 1060 3493; x_wconf 84' lang='lat'><strong>34</strong></span> <span class='ocrx_word' id='word_1_964' title='bbox 1084 3455 1273 3503; x_wconf 69' lang='lat' dir='ltr'><strong>dsssequion</strong></span> <span class='ocrx_word' id='word_1_965' title='bbox 1298 3458 1345 3492; x_wconf 81' lang='lat' dir='ltr'><em>M</em></span> <span class='ocrx_word' id='word_1_966' title='bbox 1403 3459 1599 3500; x_wconf 81' lang='lat' dir='ltr'><strong>praestanda</strong></span> <span class='ocrx_word' id='word_1_967' title='bbox 1623 3462 1655 3492; x_wconf 83' lang='lat' dir='ltr'><strong>et</strong></span> <span class='ocrx_word' id='word_1_968' title='bbox 1677 3459 1717 3492; x_wconf 86' lang='lat' dir='ltr'><strong>de</strong></span> <span class='ocrx_word' id='word_1_969' title='bbox 1740 3459 1882 3500; x_wconf 80' lang='lat' dir='ltr'><strong>ingratis</strong></span> <span class='ocrx_word' id='word_1_970' title='bbox 1905 3459 2035 3492; x_wconf 87' lang='lat' dir='ltr'><strong>libertis</strong></span> <span class='ocrx_word' id='word_1_971' title='bbox 2058 3459 2168 3492; x_wconf 81' lang='lat' dir='ltr'><strong>RTin</strong></span> <span class='ocrx_word' id='word_1_972' title='bbox 2178 3468 2279 3499; x_wconf 60' lang='lat' dir='ltr'><strong>marg·</strong></span> <span class='ocrx_word' id='word_1_973' title='bbox 2300 3455 2352 3506; x_wconf 63' lang='lat' dir='ltr'><strong>(q.-</strong></span> <span class='ocrx_word' id='word_1_974' title='bbox 2362 3454 2440 3496; x_wconf 81' lang='lat' dir='ltr'><strong>Iul.)</strong></span> <span class='ocrx_word' id='word_1_975' title='bbox 2441 3454 2476 3532; x_wconf 55' lang='grc' dir='ltr'><strong>,ἓ</strong></span> 
     </span>
     <span class='ocr_line' id='line_1_73' title="bbox 264 3499 2418 3549; baseline 0 -14"><span class='ocrx_word' id='word_1_976' title='bbox 264 3499 405 3546; x_wconf 77' lang='grc' dir='ltr'><strong><em>ὄψίκιον</em></strong></span> <span class='ocrx_word' id='word_1_977' title='bbox 429 3504 498 3536; x_wconf 89' lang='lat' dir='ltr'><strong>LB</strong></span> <span class='ocrx_word' id='word_1_978' title='bbox 527 3503 539 3547; x_wconf 88' lang='grc' dir='ltr'><strong>ΙΙ</strong></span> <span class='ocrx_word' id='word_1_979' title='bbox 569 3505 610 3536; x_wconf 88' lang='lat'><strong>35</strong></span> <span class='ocrx_word' id='word_1_980' title='bbox 636 3500 760 3547; x_wconf 81' lang='grc' dir='ltr'><strong><em>ὀρθῶς</em></strong></span> <span class='ocrx_word' id='word_1_981' title='bbox 784 3516 842 3537; x_wconf 87' lang='lat' dir='ltr'><strong>om.</strong></span> <span class='ocrx_word' id='word_1_982' title='bbox 866 3503 897 3536; x_wconf 87' lang='lat' dir='ltr'><em>L</em></span> <span class='ocrx_word' id='word_1_983' title='bbox 927 3503 940 3548; x_wconf 82' lang='grc' dir='ltr'><strong>ΙΙ</strong></span> <span class='ocrx_word' id='word_1_984' title='bbox 969 3503 1184 3548; x_wconf 66' lang='grc' dir='ltr'><strong><em>ῥεβετειιῒίαιι</em></strong></span> <span class='ocrx_word' id='word_1_985' title='bbox 1210 3504 1253 3537; x_wconf 89' lang='lat' dir='ltr'><em>M</em></span> <span class='ocrx_word' id='word_1_986' title='bbox 1283 3515 1336 3537; x_wconf 82' lang='grc' dir='ltr'><strong>τι·</strong></span> <span class='ocrx_word' id='word_1_987' title='bbox 1405 3503 1447 3536; x_wconf 87' lang='grc'><strong>22</strong></span> <span class='ocrx_word' id='word_1_988' title='bbox 1471 3503 1542 3545; x_wconf 78' lang='lat' dir='ltr'><strong>illa]</strong></span> <span class='ocrx_word' id='word_1_989' title='bbox 1577 3504 1638 3537; x_wconf 88' lang='lat' dir='ltr'><strong>illa</strong></span> <span class='ocrx_word' id='word_1_990' title='bbox 1660 3515 1741 3538; x_wconf 89' lang='lat' dir='ltr'><strong>uero</strong></span> <span class='ocrx_word' id='word_1_991' title='bbox 1761 3504 1813 3538; x_wconf 81' lang='lat'><strong>1⁷³</strong></span> <span class='ocrx_word' id='word_1_992' title='bbox 1834 3503 1847 3549; x_wconf 87' lang='grc' dir='ltr'><strong>ΙΙ</strong></span> <span class='ocrx_word' id='word_1_993' title='bbox 1877 3506 1918 3539; x_wconf 90' lang='grc'><strong>23</strong></span> <span class='ocrx_word' id='word_1_994' title='bbox 1943 3504 2129 3537; x_wconf 72' lang='lat' dir='ltr'><strong>maximus</strong></span> <span class='ocrx_word' id='word_1_995' title='bbox 2154 3501 2203 3542; x_wconf 79' lang='lat' dir='ltr'><strong>T]</strong></span> <span class='ocrx_word' id='word_1_996' title='bbox 2235 3509 2418 3532; x_wconf 57' lang='lat' dir='ltr'><strong>”nummus</strong></span> 
     </span>
     <span class='ocr_line' id='line_1_74' title="bbox 263 3544 2475 3594; baseline -0.001 -15"><span class='ocrx_word' id='word_1_997' title='bbox 263 3544 335 3587; x_wconf 88' lang='grc' dir='ltr'><strong>μήν</strong></span> <span class='ocrx_word' id='word_1_998' title='bbox 359 3548 454 3591; x_wconf 47' lang='grc' dir='ltr'>[ΔΒΙΙ</span> <span class='ocrx_word' id='word_1_999' title='bbox 477 3545 674 3590; x_wconf 78' lang='grc' dir='ltr'><strong><em>ἀπεχεσθω</em></strong></span> <span class='ocrx_word' id='word_1_1000' title='bbox 699 3549 729 3581; x_wconf 91' lang='lat' dir='ltr'><em>L</em></span> <span class='ocrx_word' id='word_1_1001' title='bbox 1402 3549 1582 3582; x_wconf 83' lang='lat' dir='ltr'><strong>sanotimus</strong></span> <span class='ocrx_word' id='word_1_1002' title='bbox 1605 3549 1667 3594; x_wconf 76' lang='lat' dir='ltr'><strong>Vfl</strong></span> <span class='ocrx_word' id='word_1_1003' title='bbox 1699 3551 1742 3583; x_wconf 84' lang='lat'><strong>24</strong></span> <span class='ocrx_word' id='word_1_1004' title='bbox 1765 3549 1970 3582; x_wconf 84' lang='lat' dir='ltr'><strong>seruabimus</strong></span> <span class='ocrx_word' id='word_1_1005' title='bbox 1994 3550 2080 3591; x_wconf 71' lang='lat' dir='ltr'><strong>libri,</strong></span> <span class='ocrx_word' id='word_1_1006' title='bbox 2103 3544 2293 3582; x_wconf 60' lang='lat' dir='ltr'><strong>corn-‚Beck</strong></span> <span class='ocrx_word' id='word_1_1007' title='bbox 2345 3544 2388 3577; x_wconf 81' lang='lat'><strong>26</strong></span> <span class='ocrx_word' id='word_1_1008' title='bbox 2410 3544 2475 3578; x_wconf 84' lang='grc'>1100</span> 
     </span>
     <span class='ocr_line' id='line_1_75' title="bbox 271 3588 2448 3637; baseline -0.001 -9"><span class='ocrx_word' id='word_1_1009' title='bbox 271 3609 1328 3619; x_wconf 61' lang='lat'><strong>————-————--——-—</strong></span> <span class='ocrx_word' id='word_1_1010' title='bbox 1402 3593 1549 3626; x_wconf 74' lang='lat' dir='ltr'><strong>adiciens</strong></span> <span class='ocrx_word' id='word_1_1011' title='bbox 1564 3594 1608 3635; x_wconf 82' lang='lat' dir='ltr'><strong>R]</strong></span> <span class='ocrx_word' id='word_1_1012' title='bbox 1626 3595 1686 3628; x_wconf 72' lang='lat' dir='ltr'><strong>hec</strong></span> <span class='ocrx_word' id='word_1_1013' title='bbox 1699 3594 1841 3627; x_wconf 63' lang='lat' dir='ltr'><strong>editions</strong></span> <span class='ocrx_word' id='word_1_1014' title='bbox 1857 3594 1942 3637; x_wconf 77' lang='lat' dir='ltr'><strong>VTss</strong></span> <span class='ocrx_word' id='word_1_1015' title='bbox 1961 3595 2003 3628; x_wconf 80' lang='lat'><strong>27</strong></span> <span class='ocrx_word' id='word_1_1016' title='bbox 2016 3594 2079 3626; x_wconf 84' lang='lat' dir='ltr'><strong>hoo</strong></span> <span class='ocrx_word' id='word_1_1017' title='bbox 2091 3588 2193 3631; x_wconf 71' lang='lat'><strong>31⁷¹]</strong></span> <span class='ocrx_word' id='word_1_1018' title='bbox 2210 3589 2270 3621; x_wconf 79' lang='lat' dir='ltr'><strong>heo</strong></span> <span class='ocrx_word' id='word_1_1019' title='bbox 2324 3601 2382 3622; x_wconf 80' lang='lat' dir='ltr'><strong>om.</strong></span> <span class='ocrx_word' id='word_1_1020' title='bbox 2399 3589 2448 3621; x_wconf 89' lang='lat' dir='ltr'><strong>V¹</strong></span> 
     </span>
    </p>

    <p class='ocr_par' dir='ltr' id='par_1_18' title="bbox 263 3633 2473 3773">
     <span class='ocr_line' id='line_1_76' title="bbox 312 3633 2458 3681; baseline 0.005 -14"><span class='ocrx_word' id='word_1_1021' title='bbox 312 3636 328 3668; x_wconf 88' lang='lat'>1</span> <span class='ocrx_word' id='word_1_1022' title='bbox 350 3635 516 3668; x_wconf 72' lang='lat' dir='ltr'><strong>noluimus</strong></span> <span class='ocrx_word' id='word_1_1023' title='bbox 536 3637 692 3680; x_wconf 75' lang='lat' dir='ltr'><strong>V¹2m19.]</strong></span> <span class='ocrx_word' id='word_1_1024' title='bbox 714 3637 868 3671; x_wconf 83' lang='lat' dir='ltr'><strong>uolumus</strong></span> <span class='ocrx_word' id='word_1_1025' title='bbox 881 3638 1015 3672; x_wconf 79' lang='lat' dir='ltr'><em>RV²T</em></span> <span class='ocrx_word' id='word_1_1026' title='bbox 1036 3638 1049 3681; x_wconf 80' lang='grc' dir='ltr'><strong>ΙΙ</strong></span> <span class='ocrx_word' id='word_1_1027' title='bbox 1069 3639 1091 3672; x_wconf 85' lang='grc'><strong>2</strong></span> <span class='ocrx_word' id='word_1_1028' title='bbox 1112 3638 1210 3672; x_wconf 81' lang='lat' dir='ltr'><strong>etatis</strong></span> <span class='ocrx_word' id='word_1_1029' title='bbox 1224 3638 1273 3672; x_wconf 61' lang='grc' dir='ltr'><strong>Β*</strong></span> <span class='ocrx_word' id='word_1_1030' title='bbox 1284 3637 1336 3672; x_wconf 79' lang='lat'><strong>1⁷²</strong></span> <span class='ocrx_word' id='word_1_1031' title='bbox 1401 3638 1472 3679; x_wconf 82' lang='lat' dir='ltr'><strong>qui]</strong></span> <span class='ocrx_word' id='word_1_1032' title='bbox 1497 3639 1576 3680; x_wconf 76' lang='lat' dir='ltr'><strong>quia</strong></span> <span class='ocrx_word' id='word_1_1033' title='bbox 1601 3639 1649 3672; x_wconf 62' lang='grc' dir='ltr'><strong>Β*</strong></span> <span class='ocrx_word' id='word_1_1034' title='bbox 1668 3641 1680 3681; x_wconf 76' lang='grc' dir='ltr'><strong>ΙΙ</strong></span> <span class='ocrx_word' id='word_1_1035' title='bbox 1702 3640 1745 3674; x_wconf 82' lang='grc'><strong>28</strong></span> <span class='ocrx_word' id='word_1_1036' title='bbox 1768 3638 1997 3672; x_wconf 82' lang='lat' dir='ltr'><strong>absoluebitnr</strong></span> <span class='ocrx_word' id='word_1_1037' title='bbox 2016 3636 2066 3671; x_wconf 85' lang='lat' dir='ltr'><strong>V¹</strong></span> <span class='ocrx_word' id='word_1_1038' title='bbox 2083 3635 2096 3676; x_wconf 89' lang='grc' dir='ltr'>Ι</span> <span class='ocrx_word' id='word_1_1039' title='bbox 2115 3644 2135 3667; x_wconf 76' lang='lat'>⁸</span> <span class='ocrx_word' id='word_1_1040' title='bbox 2158 3646 2217 3667; x_wconf 76' lang='lat'>⁰¹⁸·</span> <span class='ocrx_word' id='word_1_1041' title='bbox 2236 3634 2268 3666; x_wconf 75' lang='lat' dir='ltr'><em>R</em></span> <span class='ocrx_word' id='word_1_1042' title='bbox 2294 3633 2306 3676; x_wconf 79' lang='grc' dir='ltr'><strong>ΙΙ</strong></span> <span class='ocrx_word' id='word_1_1043' title='bbox 2329 3634 2372 3668; x_wconf 81' lang='lat'><strong>29</strong></span> <span class='ocrx_word' id='word_1_1044' title='bbox 2397 3634 2458 3667; x_wconf 54' lang='lat'><strong>*¹⁰⁰</strong></span> 
     </span>
     <span class='ocr_line' id='line_1_77' title="bbox 265 3677 2473 3748; baseline 0.003 -37"><span class='ocrx_word' id='word_1_1045' title='bbox 265 3682 366 3712; x_wconf 81' lang='lat' dir='ltr'><strong>etates</strong></span> <span class='ocrx_word' id='word_1_1046' title='bbox 386 3679 434 3711; x_wconf 80' lang='lat' dir='ltr'><strong>V&#39;</strong></span> <span class='ocrx_word' id='word_1_1047' title='bbox 451 3679 463 3722; x_wconf 76' lang='grc'><strong>11</strong></span> <span class='ocrx_word' id='word_1_1048' title='bbox 481 3690 578 3713; x_wconf 82' lang='lat' dir='ltr'><strong>causa</strong></span> <span class='ocrx_word' id='word_1_1049' title='bbox 600 3682 714 3724; x_wconf 71' lang='lat' dir='ltr'><strong>V¹113</strong></span> <span class='ocrx_word' id='word_1_1050' title='bbox 739 3682 876 3725; x_wconf 85' lang='lat' dir='ltr'><strong>aliquod</strong></span> <span class='ocrx_word' id='word_1_1051' title='bbox 896 3684 929 3716; x_wconf 77' lang='lat' dir='ltr'><strong><em>R</em></strong></span> <span class='ocrx_word' id='word_1_1052' title='bbox 943 3682 956 3728; x_wconf 83' lang='grc' dir='ltr'><strong>ΙΙ</strong></span> <span class='ocrx_word' id='word_1_1053' title='bbox 975 3685 996 3718; x_wconf 82' lang='grc'><strong>4</strong></span> <span class='ocrx_word' id='word_1_1054' title='bbox 1020 3687 1053 3716; x_wconf 87' lang='lat' dir='ltr'><strong>et</strong></span> <span class='ocrx_word' id='word_1_1055' title='bbox 1074 3684 1121 3725; x_wconf 87' lang='lat' dir='ltr'><strong>V]</strong></span> <span class='ocrx_word' id='word_1_1056' title='bbox 1138 3683 1245 3717; x_wconf 80' lang='lat' dir='ltr'><strong>etiam</strong></span> <span class='ocrx_word' id='word_1_1057' title='bbox 1269 3683 1339 3717; x_wconf 77' lang='grc' dir='ltr'><strong>ΒΤ</strong></span> <span class='ocrx_word' id='word_1_1058' title='bbox 1401 3682 1461 3716; x_wconf 85' lang='grc'>1100</span> <span class='ocrx_word' id='word_1_1059' title='bbox 1490 3684 1522 3716; x_wconf 85' lang='grc' dir='ltr'><em>Τ</em></span> <span class='ocrx_word' id='word_1_1060' title='bbox 1540 3697 1597 3718; x_wconf 86' lang='lat' dir='ltr'><strong>om.</strong></span> <span class='ocrx_word' id='word_1_1061' title='bbox 1611 3684 1672 3727; x_wconf 79' lang='lat' dir='ltr'><strong>Rss</strong></span> <span class='ocrx_word' id='word_1_1062' title='bbox 1690 3683 1808 3717; x_wconf 82' lang='lat' dir='ltr'><strong>habeat</strong></span> <span class='ocrx_word' id='word_1_1063' title='bbox 1830 3683 1892 3748; x_wconf 51' lang='lat' dir='ltr'><strong>V!</strong></span> <span class='ocrx_word' id='word_1_1064' title='bbox 1914 3684 1955 3717; x_wconf 84' lang='lat'><strong>31</strong></span> <span class='ocrx_word' id='word_1_1065' title='bbox 1973 3679 2127 3733; x_wconf 61' lang='lat' dir='ltr'><strong>eissVT</strong></span> <span class='ocrx_word' id='word_1_1066' title='bbox 2145 3677 2160 3723; x_wconf 84' lang='grc' dir='ltr'>Ι</span> <span class='ocrx_word' id='word_1_1067' title='bbox 2183 3678 2225 3712; x_wconf 84' lang='grc'><strong>33</strong></span> <span class='ocrx_word' id='word_1_1068' title='bbox 2243 3678 2344 3720; x_wconf 79' lang='lat' dir='ltr'><strong>quod]</strong></span> <span class='ocrx_word' id='word_1_1069' title='bbox 2368 3679 2473 3721; x_wconf 75' lang='lat' dir='ltr'><strong>quod·</strong></span> 
     </span>
     <span class='ocr_line' id='line_1_78' title="bbox 263 3723 2315 3773; baseline -0.002 -13"><span class='ocrx_word' id='word_1_1070' title='bbox 263 3725 350 3768; x_wconf 73' lang='lat' dir='ltr'><strong>vulq-</strong></span> <span class='ocrx_word' id='word_1_1071' title='bbox 371 3723 384 3767; x_wconf 70' lang='lat' dir='ltr'>fl</span> <span class='ocrx_word' id='word_1_1072' title='bbox 409 3724 508 3765; x_wconf 81' lang='lat' dir='ltr'><strong>quod]</strong></span> <span class='ocrx_word' id='word_1_1073' title='bbox 533 3726 589 3765; x_wconf 88' lang='lat' dir='ltr'><strong>qui</strong></span> <span class='ocrx_word' id='word_1_1074' title='bbox 614 3726 674 3768; x_wconf 76' lang='lat' dir='ltr'><strong>Rn</strong></span> <span class='ocrx_word' id='word_1_1075' title='bbox 700 3729 720 3759; x_wconf 86' lang='lat'>5</span> <span class='ocrx_word' id='word_1_1076' title='bbox 744 3738 764 3759; x_wconf 83' lang='lat' dir='ltr'><strong>a</strong></span> <span class='ocrx_word' id='word_1_1077' title='bbox 788 3729 851 3761; x_wconf 79' lang='lat' dir='ltr'><strong>del.</strong></span> <span class='ocrx_word' id='word_1_1078' title='bbox 868 3728 1100 3772; x_wconf 64' lang='grc' dir='ltr'><strong><em>Οεεηόνιῖᾳρεη</em></strong></span> <span class='ocrx_word' id='word_1_1079' title='bbox 1121 3727 1136 3773; x_wconf 79' lang='grc' dir='ltr'>Ι</span> <span class='ocrx_word' id='word_1_1080' title='bbox 1164 3727 1332 3762; x_wconf 81' lang='lat' dir='ltr'><strong>estimaui·</strong></span> <span class='ocrx_word' id='word_1_1081' title='bbox 1364 3751 1367 3765; x_wconf 79' lang='lat'>‚</span> <span class='ocrx_word' id='word_1_1082' title='bbox 1401 3727 1488 3769; x_wconf 89' lang='lat' dir='ltr'><strong>quod</strong></span> <span class='ocrx_word' id='word_1_1083' title='bbox 1516 3729 1564 3762; x_wconf 84' lang='grc' dir='ltr'><strong>Τ1</strong></span> <span class='ocrx_word' id='word_1_1084' title='bbox 1592 3728 1605 3771; x_wconf 79' lang='grc' dir='ltr'><strong>Ι]</strong></span> <span class='ocrx_word' id='word_1_1085' title='bbox 1627 3728 1815 3763; x_wconf 76' lang='lat' dir='ltr'><strong>reuerentia</strong></span> <span class='ocrx_word' id='word_1_1086' title='bbox 1837 3727 1872 3760; x_wconf 74' lang='lat'><strong>13</strong></span> <span class='ocrx_word' id='word_1_1087' title='bbox 1911 3726 1925 3771; x_wconf 84' lang='grc' dir='ltr'>Ι</span> <span class='ocrx_word' id='word_1_1088' title='bbox 1947 3728 1990 3761; x_wconf 79' lang='lat'><strong>34</strong></span> <span class='ocrx_word' id='word_1_1089' title='bbox 2012 3723 2240 3758; x_wconf 69' lang='lat' dir='ltr'><strong>introductum</strong></span> <span class='ocrx_word' id='word_1_1090' title='bbox 2264 3723 2315 3756; x_wconf 73' lang='lat'><strong>13¹</strong></span> 
     </span>
    </p>
   </div>
   <div class='ocr_carea' id='block_1_14' title="bbox 1367 3098 1371 3194">
    <p class='ocr_par' dir='ltr' id='par_1_19' title="bbox 1367 3098 1371 3194">
     <span class='ocr_line' id='line_1_79' title="bbox 1367 3098 1371 3194; baseline 0 816"><span class='ocrx_word' id='word_1_1091' title='bbox 1367 3098 1371 3194; x_wconf 95' lang='lat' dir='ltr'><strong> </strong></span> 
     </span>
    </p>
   </div>
   <div class='ocr_carea' id='block_1_15' title="bbox 1368 3195 1372 3349">
    <p class='ocr_par' dir='ltr' id='par_1_20' title="bbox 1368 3195 1372 3349">
     <span class='ocr_line' id='line_1_80' title="bbox 1368 3195 1372 3349; baseline 0 661"><span class='ocrx_word' id='word_1_1092' title='bbox 1368 3195 1372 3349; x_wconf 95' lang='lat' dir='ltr'><strong> </strong></span> 
     </span>
    </p>
   </div>
  </div>
 </body>
</html>
