2618 4010
242 117 282 164 N
285 133 349 164 ov.
380 118 524 166 XXIV
553 123 662 164 4-6

242 231 360 275 σχῆμα
397 228 453 264 δεῖ
487 228 625 274 ταύτην
659 234 754 275 ἔχειν
787 230 991 280 ἀναγκαίως
1026 232 1092 275 τὴν
1123 232 1229 274 τάξιν
1258 233 1327 277 τὴν

240 278 344 330 μεζχρι
368 276 436 310 νῦν
455 278 528 328 xdni¹
545 277 624 310 τῶν
642 276 913 322 σπεκταβιλίων
936 275 1124 325 ἀρχόντων
1144 277 1323 327 πεφυλαγ-

240 333 356 364 μενην
377 333 467 354 κατα
492 333 535 355 το
559 321 774 368 κεκρατηκὸς
795 320 946 358 ἄνωθεν
970 323 1067 357 ἔθος.

1313 118 1392 170 194

1922 141 1981 174 ΒΕ
2011 141 2243 174 PRAETORE
2274 140 2468 175 rismum

1396 235 1528 270 habere
1551 236 1752 272 necessario
1774 237 1950 282 culhem,
1983 240 2044 285 qui
2067 240 2242 277 hactenus
2265 241 2303 276 in
2327 245 2466 287 specta-

1394 279 1524 315 bilibus
1549 282 1606 315 est
1627 280 1807 317 iudicibus
1827 283 2036 320 observatus
2064 285 2258 321 secundum
2289 285 2383 332 quod
2412 288 2464 321 te-

1391 325 1470 360 nuit
1493 325 1576 360 olim
1599 326 1828 364 consuetudo,
1850 342 1853 344 ·

1238 457 1395 494 CAPUT
1424 458 1467 494 V.

292 517 438 565 Ἐπειδὴ
461 519 501 557 83
522 523 669 570 ἔναγχος
699 524 809 558 θείαν
840 522 1005 564 διάταξιν
1030 522 1235 571 γράψαντες
1258 524 1321 559 τὰς

1436 525 1528 569 Quia
1552 535 1634 561 vero
1659 537 1772 572 nuper
1795 537 1936 564 sacram
1959 532 2247 567 constitutionem
2267 531 2464 566 scribentes

239 564 320 612 ἄχρι
357 571 610 602 πεντακοσίων
642 568 875 622 νομισμάτων
907 570 1095 614 ἐφεσιμους
1126 567 1226 603 δίκας
1258 566 1319 612 [ἃς]
1356 574 1376 606 5
1390 580 1503 615 usque
1527 570 1574 605 ad
1598 571 1808 616 quingentos
1832 573 1964 609 solidos
1986 576 2264 621 appellationum
2292 586 2419 611 causas
2443 588 2465 611 a

240 611 311 645 ὑπὸ
333 615 407 646 τοῖς
430 611 682 657 περιβλέπτοις
705 625 875 658 αρχουσιν
906 615 946 646 ἐν
969 613 1068 654 τάξει
1093 615 1198 648 θείου
1223 612 1319 648 δικα-

240 659 387 703 στηρίου
421 655 727 700 κατεξετάζεσθαι
762 657 1110 702 νενομοθετήκαμεν,
1144 659 1318 701 θεσπίζο-

238 713 316 745 μεν,
348 701 381 735 εἰ
402 700 553 745 τοιαύτη
575 714 629 737 τις
651 706 792 750 γένοιτο
817 701 907 746 δίκη,
941 702 1032 737 κατὰ
1055 703 1124 747 τὴν
1147 701 1320 738 Πισιδίαν

238 748 363 789 μέντοι
385 746 510 791 μόνον.
543 747 614 781 εἴτε
644 751 682 781 ἐκ
712 749 956 801 παραπομπῆς
987 746 1158 795 ἡμετέρας
1187 748 1258 783 εἴτε
1281 751 1320 783 ἔκ

1390 614 1646 660 spectabilibus
1672 616 1849 653 iudicibus
1873 618 1911 652 in
1931 619 2052 655 ordine
2074 622 2167 656 sacri
2191 621 2357 656 auditorii
2382 630 2463 655 exa-

1391 660 1519 695 minari
1549 660 1780 703 decrevimus,
1812 663 2003 706 sancimus,
2035 665 2066 700 si
2095 666 2177 701 talis
2208 666 2328 711 aliqua
2359 665 2465 700 fuerit

1389 705 1444 748 lis,
1467 706 1503 739 in
1519 705 1653 741 Pisidia
1671 711 1789 741 tamen
1807 708 1932 748 solum,
1953 708 2026 744 sive
2041 719 2085 745 ex
2102 709 2322 755 delegatione
2342 715 2465 746 nostra

1389 750 1462 785 sive
1484 760 1528 785 ex
1549 750 1698 786 alicuius
1721 752 2056 796 gloriosissimorum
2073 760 2277 791 nostrorum
2294 755 2462 797 iudicum,

239 802 337 825 τινος
363 792 443 826 τῶν
466 790 714 832 ἐνδοξοτάτων
745 806 849 836 mmm
872 806 1071 846 αρχοντιυν,
1103 794 1135 827 εἰ
1154 793 1203 846 μὴ
1223 798 1319 839 περί·
1338 798 1377 830 10
1390 795 1420 830 si
1444 806 1516 830 non
1541 796 1747 840 spectabilis
1771 797 1876 832 datus
1900 797 2010 832 fuerit
2032 798 2148 842 iudex,
2172 810 2244 835 non
2263 800 2309 835 ad
2326 804 2450 845 specta

238 834 393 879 βλεπτος
416 834 435 870 ὁ
459 834 646 881 δεδομένος
668 838 720 880 εἴη
746 836 923 880 δικαστης,
946 851 996 882 μη
1021 839 1108 884 πρὸς
1131 851 1198 872 τον
1223 843 1320 884 περί-

238 878 398 923 βλεπτον
420 879 677 915 ’Ῑουστινιανὸν
709 883 846 925 κόμητα
878 884 940 925 τῆς
971 884 1202 926 Πακατιανῆς
1229 886 1319 937 Φρυ-

237 928 317 971 γίας
352 927 472 964 (τοῦτο
507 923 596 979 ὅπερ
633 927 762 972 πρώην
794 926 1146 980 νενομοθετήκαμεν)
1178 941 1320 974 φοιταν,

237 966 318 1003 ἀλλ’
351 967 768 1026 ἐπ’-αὗτον’φε’ρεσθόξι
788 985 872 1026 ,την
903 974 1029 1018 ἔφεσιν
1058 974 1119 1016 τῆς
1150 975 1220 1008 ἐπα
1244 978 1321 1015 χίας

238 1016 300 1057 τῆς
330 1011 451 1056 αὐτου,
489 1028 602 1049 αυτον
636 1029 677 1050 τε
713 1028 820 1058 αυτης
853 1018 1059 1063 ακροᾶσθαι
1091 1017 1183 1052 κατὰ

237 1055 473 1106 ἀκροατηρίου
502 1062 619 1104 σχῆμα
650 1063 721 1102 (καὶ
751 1059 819 1108 γὰρ
849 1059 894 1105 δὴ
922 1065 982 1095 καὶ
1005 1062 1124 1107 τούτῳ
1148 1063 1317 1108 σεμνύνο-

236 1117 304 1147 ,ιιεν
335 1103 402 1146 τὴν
433 1102 568 1150 ἀρχήν),
606 1103 718 1140 αὐτόν
748 1119 789 1140 τε
821 1103 912 1154 αὐτῇ
942 1106 1079 1142 τέλειον
1109 1109 1318 1143 ἐπιτιθέναι

238 1149 396 1203 &witigo
424 1162 464 1182 εν
487 1146 614 1191 τύπον,
647 1147 711 1185 οὐκ
735 1147 1043 1196 ἀναπεμπόμενον
1069 1152 1158 1200 πρὸς
1181 1153 1318 1197 ταύτην

236 1191 304 1236 τὴν
339 1207 378 1227 ευ
402 1197 535 1238 αίμονα
571 1193 690 1238 πόλιν,
727 1192 826 1230 ὅπως
861 1192 908 1230 ἂν
941 1196 992 1241 μὴ
1027 1200 1167 1242 μικρῶν
1198 1199 1319 1233 ἕνεκεν

236 1237 457 1284 προφάσεων
485 1238 640 1286 μεγάλας
670 1240 707 1275 οἱ
737 1238 965 1285 δικαζόμενοι
1000 1244 1156 1289 ταραχάς
1187 1257 1227 1277 τε
1258 1246 1317 1277 καὶ
1332 1247 1374 1279 20

237 1284 363 1328 ζημίας
384 1281 632 1328 ὖπομείναιεν.

1389 839 1492 874 bilem
1509 840 1745 876 Iustinianum
1767 842 1929 877 comitem
1951 842 2164 879 Pacatianae
2186 844 2358 891 Phrygiae
2382 845 2463 885 (hoc

1391 885 1485 929 quod
1511 886 1644 921 dudum
1663 886 1859 927 sanximus)
1886 887 2063 930 advenire,
2089 887 2151 923 sed
2169 888 2214 923 ad
2234 899 2313 924 eum
2334 890 2464 924 deferri

1389 930 1665 974 appellationem
1689 932 1892 983 provinciae
1911 942 2009 975 suae,
2033 932 2219 977 ipsumque
2241 943 2319 969 eain
2340 935 2465 970 audire

1390 975 1583 1010 secundum
1615 985 1707 1011 sacri
1738 977 1906 1012 auditorii
1935 976 2087 1020 figuram
2125 978 2261 1022 (utique
2291 979 2396 1015 etiam
2428 978 2464 1014 in

1248 1023 1320 1052 είυυ
1337 1019 1458 1055 151100
1481 1020 1710 1056 nobilitamus
1734 1021 2006 1074 magistratum),
2037 1022 2224 1067 ipsumque
2255 1023 2289 1058 ei
2311 1023 2463 1059 definiti-

1387 1074 1466 1099 vam
1485 1065 1666 1110 imponere
1686 1076 1866 1102 sancimus
1887 1067 2047 1110 formam,
2073 1077 2146 1102 non
2162 1067 2399 1103 remittentem
2419 1069 2464 1103 ad

1387 1109 1482 1145 hanc
1505 1110 1745 1146 felicissimam
1770 1112 1958 1154 civitatem,
1984 1115 2023 1147 ut
2047 1122 2118 1147 non
2142 1121 2332 1157 parvarum
2355 1122 2466 1148 causa

1386 1155 1613 1235 giiissiignum
1634 1157 1804 1191 maximas
1820 1156 1999 1201 litigantes
2022 1157 2147 1192 turbas
2168 1156 2365 1202 damnaque
2387 1167 2464 1193 sus-

1230 1379 1386 1414 CAPUT
1410 1379 1470 1415 VI.

279 1438 402 1478 ’Όπως
426 1440 465 1476 δὲ
495 1439 542 1477 ἂν
565 1441 694 1477 εἰδοῒεν
724 1445 784 1477 καὶ
816 1442 853 1478 οἷ
875 1443 1220 1490 παραλαμβάνοντες
1251 1443 1318 1489 τήν

235 1500 277 1521 τε
299 1488 363 1522 τοῦ
387 1492 591 1535 πραίτωρος
613 1486 724 1531 ἀρχὴν
745 1486 810 1522 τάς
831 1502 871 1523 τε
890 1488 999 1524 ἄλλας
1019 1490 1081 1524 τὰς
1101 1488 1190 1538 παρ>
1215 1487 1319 1534 ἡμῶν

237 1532 469 1588 ξξευρημένας
499 1546 540 1567 τε
569 1536 631 1567 καὶ
665 1533 951 1586 ἐξευρησομένας,
984 1534 1077 1569 κατὰ
1106 1539 1191 1569 τίνα
1215 1548 1318 1582 προς-

949 1577 957 1589 Ι

1425 1446 1490 1500 ,Ut
1513 1449 1632 1499 autem
1657 1448 1773 1483 sciant
1802 1451 1840 1484 et
1870 1448 1931 1494 qui
1962 1450 2167 1495 percipiunt
2189 1450 2369 1503 praetoris
2401 1450 2463 1485 ad-

1387 1496 1683 1528 ministrationem
1722 1495 1759 1528 et
1793 1493 1882 1529 alias
1924 1505 2017 1539 quae
2056 1505 2079 1529 a
2115 1495 2218 1530 nobis
2254 1494 2464 1530 adinventae

1387 1540 1472 1571 sunt
1495 1540 1531 1571 et
1554 1537 1838 1581 adinveniuntur,
1864 1539 2158 1583 quemadmodum
2187 1542 2366 1585 competat
2388 1540 2462 1575 cin-

235 1590 312 1633 ηκει
342 1590 481 1632 τροῖτον
510 1575 751 1632 διακυβερνᾶν
778 1590 841 1613 τας
870 1578 993 1659 azzae,
1029 1579 1239 1625 συνείδομεν
1268 1579 1317 1625 μὴ
1331 1584 1372 1616 25
1387 1582 1472 1625 gula
1494 1582 1698 1626 gubernari,
1723 1585 1968 1629 perspeximus
1993 1595 2063 1620 non
2089 1584 2204 1619 solum
2223 1585 2276 1619 eis
2294 1585 2464 1630 praebere

235 1634 349 1666 μονον
374 1626 492 1657 αυτοῖς
515 1626 685 1670 παρέχειν
708 1637 754 1658 τοι
777 1622 894 1669 σύμβο
916 1638 939 1658 α
970 1627 1031 1668 τῆς
1054 1623 1160 1672 ἀρχῆς
1183 1627 1223 1660 ἐν
1246 1630 1318 1660 τοῖς

236 1665 465 1712 καλουμένοις
488 1666 731 1711 καιδικέλλοις,
756 1667 844 1703 ἀλλὰ
867 1673 927 1703 καὶ
946 1668 1137 1724 ἐγγράφειν
1157 1670 1223 1705 τὸν
1238 1670 1318 1714 τρό-

237 1724 308 1747 πον
325 1709 416 1747 ica-9³
431 1710 475 1747 ὃν
494 1711 713 1756 διοικήσειαν
732 1714 799 1757 τὴν
817 1711 940 1760 άρχὴν,
959 1712 1052 1763 α’περ
1071 1715 1107 1750 οἱ
1125 1715 1196 1762 πρὸ
1214 1714 1318 1759 ἡμῶν

236 1757 438 1811 νομοθέται
461 1757 666 1812 μανδάτα
689 1763 924 1805 πρινκίπις
948 1758 1113 1795 ἐκάλουν·
1153 1759 1240 1795 ὥςτε
1258 1758 1318 1794 αὗ-

1387 1627 1614 1671 magistratus
1646 1627 1801 1671 insignia
1839 1629 1875 1663 in
1914 1630 1969 1664 liis
2006 1630 2065 1673 qui
2098 1632 2272 1664 vocantur
2302 1629 2463 1669 codicilli.

1388 1672 1450 1706 sed
1474 1672 1581 1707 etiam
1605 1673 1799 1708 inscribere
1822 1673 1964 1709 modum
1989 1674 2183 1709 secundum
2212 1684 2317 1719 quem
2340 1680 2464 1719 regant

1387 1717 1736 1761 administrationem,
1799 1728 1866 1753 uae
1904 1725 1987 1754 ante
2019 1730 2085 1754 nos
2116 1719 2334 1764 legislatores
2363 1729 2461 1754 man-

1387 1762 1472 1797 data
1494 1762 1667 1807 principis
1691 1729 1939 1808 appeilabantz
1974 1768 2014 1799 ut
2037 1764 2106 1808 ipsi
2135 1765 2181 1799 ad
2205 1774 2248 1799 ea
2271 1764 2463 1810 respicien-

235 1813 317 1836 τους
340 1802 429 1856 πρὸς
452 1816 567 1838 ταυτα
599 1801 875 1858 άποβλέπρντας
903 1803 969 1848 τὴν
999 1807 1135 1839 οἰκείαν
1157 1804 1317 1840 &mv-⁹23-
1331 1810 1372 1841 30
1387 1812 1440 1842 tes
1460 1817 1561 1842 suam
1578 1811 1704 1852 regant
1724 1808 2078 1851 administrationem,
2100 1813 2137 1844 et
2155 1809 2208 1844 ita
2226 1812 2358 1845 nostris
2378 1809 2462 1844 sub·

235 1861 315 1882 νειν
343 1861 454 1894 αρχην
485 1851 546 1882 καὶ
576 1849 690 1896 ταύτῃ
722 1861 803 1883 τους
834 1853 1021 1895 ημετέρους
1053 1849 1226 1893 ὑπηκόους
1258 1849 1317 1885 διὰ

236 1890 389 1928 πάντων
427 1890 590 1947 ὠφελεῖν.
637 1894 831 1941 τοιγαροῦν
866 1898 926 1928 καὶ
961 1893 1192 1938 dnonas-yma
1224 1895 1316 1930 κατὰ

235 1936 279 1971 τὸ
310 1937 416 1972 θεῖον
448 1939 554 1982 ημῶν
585 1936 821 1983 λατέρκουλον
850 1938 896 1975 τὰ
927 1942 1079 1974 τοιαῦτα
1110 1941 1197 1974 θεῖα
1228 1954 1317 1984 μαν-

237 1980 332 2017 δάτα
356 1980 674 2027 διεκελευσάμεθα,
704 1981 804 2037 ὅπως
826 1981 876 2037 ἂν,
897 1981 972 2028 ἅμα
996 1988 1069 2019 τοῖς
1093 1984 1318 2020 κωδικέλλοις

1386 1852 1489 1887 iectis
1521 1852 1556 1887 in
1590 1853 1755 1888 omnibus
1788 1853 1938 1898 prosint.
1987 1854 2099 1898 Igitur
2129 1854 2236 1889 etiam
2260 1854 2402 1890 recondi
2426 1855 2463 1889 in

1386 1907 1489 1932 sacro
1529 1902 1652 1933 nostro
1692 1899 1866 1933 laterculo
1902 1899 2103 1934 huiusmodi
2143 1899 2260 1935 divina
2297 1899 2465 1935 mandata

1387 1943 1642 1987 praecepimus,
1666 1947 1842 1986 quatenus
1866 1954 1938 1978 una
1962 1954 2043 1979 cuin
2064 1943 2237 1979 codicillis
2261 1945 2389 1980 dentur
2407 1946 2462 1979 iu-

1389 1986 1530 2022 dicibus
1555 1990 1591 2022 et
1613 1988 1859 2022 iusiurandum
1884 1989 2147 2033 praebentibus,
2180 1990 2276 2033 quod
2299 1989 2337 2024 in
2360 1999 2464 2025 sacra

236 2024 373 2062 διδοῖτο
397 2030 470 2062 τοῖς
499 2027 662 2081 άρχρυοι,
690 2042 756 2063 τον
786 2042 827 2063 τε
857 2042 965 2074 ορκον
991 2033 1245 2074 παρεχομένοις
1275 2027 1318 2064 δν
1334 2034 1374 2066 35
1391 2036 1514 2067 nostra
1539 2032 1793 2068 constitutione
1818 2034 2106 2087 conscripsimus,
2138 2037 2174 2069 et
2203 2034 2275 2069 alia
2300 2035 2464 2070 universa

236 2074 297 2106 ἐπὶ
328 2073 390 2115 τῆς
419 2072 525 2107 θείας
554 2074 658 2116 ημῶν
681 2072 876 2113 διατάξεως
906 2074 1129 2121 ἐγράψαμεν,
1160 2074 1207 2109 τὰ
1226 2074 1317 2109 ἄλλα

235 2130 276 2151 τε
305 2113 453 2152 ἅπαντα
487 2114 584 2151 οὕτω
621 2116 877 2163 διοικουμένοις
912 2116 959 2171 ὣς
994 2117 1091 2176 ἡμεξς
1109 2161 1117 2172 Κ
1130 2118 1316 2164 ἐτάξαμεν.

1385 2077 1438 2111 ita
1459 2077 1664 2121 regentibus
1697 2077 1790 2113 sicut
1820 2088 1885 2113 nos
1908 2078 2088 2114 iussimus.
2138 2079 2320 2115 Subicitur
2342 2084 2461 2115 autem

1386 2122 1493 2156 etiam
1519 2122 1692 2166 quaedam
1724 2122 1917 2167 descriptio
1948 2133 1971 2158 a
1995 2124 2097 2159 nobis
2122 2124 2204 2158 huic
2235 2134 2360 2160 sacrae
2382 2124 2461 2170 legi,

235 2159 523 2205 ’Ῥποτεθήσεται
547 2161 588 2196 δὲ
610 2167 673 2197 καί
693 2174 747 2197 τις
767 2161 962 2210 ἀπογραφη
985 2176 1060 2210 παρ
1097 2166 1203 2208 ημῶν
1223 2163 1319 2208 τῷδε

235 2252 417 2298 leqitimae
451 2253 586 2299 speciei
615 2253 843 2288 adsimilatus
873 2255 936 2294 sit,
964 2256 1176 2289 necessario
1210 2266 1290 2289 eum
1326 2256 1488 2290 ordinem
1523 2255 1656 2290 habere
1689 2256 1792 2291 debet
1825 2258 1889 2303 qui
1922 2257 2107 2303 hucusque
2139 2259 2178 2292 in
2208 2258 2462 2304 spectabilibus

235 2296 510 2343 magistratibus
531 2297 726 2332 secundum
750 2298 1043 2334 consuetudinem
1067 2310 1162 2345 quae
1178 2299 1324 2345 pridem
1349 2299 1502 2336 obtinuit
1524 2305 1689 2336 servatus
1710 2306 1773 2336 est.

370 2342 415 2378 V.
462 2341 641 2385 Quoniam
661 2353 746 2378 vero
766 2354 884 2389 nuper
903 2353 1011 2378 sacra
1032 2345 1290 2380 constitutione
1309 2345 1517 2392 conscripta
1539 2345 1741 2388 sanximus,
1763 2350 1804 2381 ut
1822 2356 1954 2381 causae
1974 2347 2260 2398 appellationum
2279 2358 2393 2400 usque
2412 2348 2462 2383 ad

234 2388 516 2434 quinqentorum
534 2398 729 2423 aureorum
748 2399 921 2423 summam
943 2385 1193 2435 spectabilium
1211 2390 1490 2436 maqistratuum
1505 2390 1699 2425 secundum
1719 2390 1882 2426 ordinem
1901 2401 1997 2426 sacri
2015 2391 2190 2428 auditorii
2205 2393 2369 2428 examini
2380 2393 2461 2428 sub-

235 2433 404 2475 iciantur,
435 2443 531 2467 nilne
554 2432 736 2468 sancimus
760 2437 812 2475 ut,
843 2434 877 2468 si
901 2445 994 2479 quae
1017 2434 1195 2469 eiusmodi
1216 2445 1328 2470 causa
1353 2439 1524 2481 emerqat,
1555 2435 1593 2470 in
1616 2435 1697 2470 sola
1731 2440 1847 2471 tamen
1872 2434 2029 2478 Pisidia,
2061 2437 2136 2473 sive
2165 2448 2215 2473 ex
2239 2442 2366 2473 nostra
2388 2438 2463 2474 sive

235 2488 285 2513 ex
303 2477 649 2524 qloriosissimorum
673 2482 882 2513 nostrorum
906 2479 1184 2530 mayistratuum
1208 2479 1362 2515 alicuius
1382 2480 1620 2526 delmaticae,
1644 2480 1716 2515 nisi
1737 2480 1948 2526 spectabilis
1969 2481 2019 2516 sit
2039 2481 2154 2518 iudex
2177 2483 2242 2527 qui
2264 2482 2374 2518 datus
2395 2489 2460 2524 est,

234 2533 309 2558 non
329 2522 380 2558 ad
399 2522 628 2569 spectabilem
653 2524 817 2558 comitem
838 2522 1082 2559 lastinianum
1103 2523 1329 2560 Pacatianae
1343 2524 1530 2571 Pliryqiae
1554 2525 1745 2570 deferatur
1768 2524 1821 2567 (id
1839 2525 1940 2571 quod
1958 2531 2066 2561 antea
2088 2526 2165 2572 leqe
2185 2527 2460 2570 constituimus),

234 2567 300 2603 sed
320 2572 362 2603 ut
384 2568 435 2603 ad
456 2567 559 2603 illum
582 2567 784 2615 appellatio
808 2568 847 2603 in
863 2569 1060 2614 provincia
1083 2570 1199 2615 ipsius
1216 2570 1413 2616 pertineat,
1445 2574 1557 2615 utque
1580 2571 1595 2604 i
1619 2580 1658 2605 se
1688 2569 1734 2605 de
1756 2581 1800 2605 ea
1829 2570 2023 2605 secundum
2053 2572 2152 2606 sacri
2184 2571 2359 2607 auditorii
2377 2572 2460 2618 for-

235 2622 330 2648 mam
349 2617 547 2659 coqnoscat
567 2613 709 2653 (etenim
728 2612 796 2648 hac
815 2624 960 2659 quoque
972 2618 1158 2660 potestate
1180 2615 1253 2649 iam
1270 2616 1523 2661 maqistratum
1547 2581 1647 2649 ieliim
1668 2619 1854 2657 ornamus)
1878 2619 1914 2650 et
1928 2616 2006 2661 ipse
2023 2616 2057 2651 ei
2075 2616 2237 2661 sormam
2259 2616 2460 2652 absolutam

233 2659 398 2704 imponat
426 2658 619 2700 sancimus,
650 2668 735 2693 neve
767 2659 929 2693 remittat
958 2658 1009 2693 ad
1031 2658 1125 2694 lianc
1146 2660 1291 2705 felicem
1315 2660 1458 2702 urbem,
1489 2670 1535 2694 ne
1561 2663 1717 2706 propter
1743 2660 1901 2706 exiquas
1931 2670 2063 2695 causas
2093 2671 2246 2707 maqnas
2270 2661 2395 2696 turbas
2426 2667 2461 2697 et

234 2713 368 2749 maqna
391 2702 525 2738 damna
547 2702 699 2738 subeant
721 2702 915 2749 litiqantes.

369 2747 431 2783 VI.
496 2746 540 2783 Ut
573 2751 693 2783 autem
727 2747 802 2793 ipsi
830 2748 893 2793 qui
921 2749 1111 2795 praetoris
1141 2750 1396 2796 maqistratum
1432 2753 1641 2795 ceterosque
1675 2760 1699 2784 a
1730 2748 1834 2784 nobis
1869 2749 1924 2784 vel
1953 2750 2116 2786 inventos
2146 2750 2202 2786 vel
2230 2750 2461 2787 inveniendos

233 2793 439 2845 suscepturi
459 2797 546 2827 sunt
567 2792 697 2835 sciant,
729 2803 833 2838 quem
857 2792 907 2828 ad
928 2793 1071 2828 modum
1095 2794 1221 2831 deceat
1243 2805 1307 2830 eos
1326 2794 1563 2841 maqistratus
1584 2805 1721 2841 reqere,
1746 2794 1891 2840 placuit
1920 2794 2024 2830 nobis
2054 2806 2130 2830 non
2159 2795 2277 2831 solum
2301 2796 2460 2843 insiqnia

233 2841 471 2884 maqtstratus
500 2837 546 2872 iis
575 2837 615 2871 in
638 2836 814 2872 codicillis
844 2838 909 2883 qui
939 2843 1117 2874 vocantur
1141 2839 1329 2884 praebere,
1360 2839 1426 2875 sed
1452 2840 1560 2875 etiam
1593 2838 1736 2874 modum
1767 2838 1964 2874 inscribere
1991 2839 2187 2875 secundum
2219 2851 2324 2887 quem
2346 2842 2459 2888 maqi-

162 2911 169 2918 .
233 2886 388 2918 stratum
411 2882 674 2924 administrent,
699 2893 793 2927 quae
806 2882 958 2934 ’quidem
981 2883 1155 2919 mandata
1176 2884 1358 2931 principis
1380 2884 1559 2920 vocabant
1586 2884 1651 2929 qui
1673 2888 1758 2919 ante
1781 2894 1848 2918 nos
1865 2883 2020 2929 fuerunt
2043 2884 2319 2937 lequmlatores;
2348 2890 2390 2921 ut
2411 2885 2462 2921 ad

234 2927 364 2963 horum
386 2937 551 2962 normam
581 2938 685 2962 suum
712 2931 967 2973 maqislratum
998 2929 1169 2975 rediqant
1195 2934 1306 2975 atque
1333 2929 1386 2965 ita
1408 2928 1562 2964 subditis
1593 2928 1728 2964 nostm's
1749 2939 1819 2975 per
1842 2928 1964 2963 omnia
1980 2935 2139 2975 prosint.
2198 2928 2330 2976 Itaque
2353 2931 2459 2966 etiam

233 2970 410 3008 eiusmodi
431 2982 540 3007 sacra
563 2971 735 3007 mandata
758 2973 796 3007 in
819 2983 927 3008 sacro
952 2973 1128 3009 laterculo
1153 2979 1280 3009 nostro
1304 2973 1434 3020 reponi
1457 2973 1636 3016 iussimus,
1669 2984 1763 3019 quae
1786 2984 1860 3008 una
1888 2983 1968 3024 cum
1992 2973 2169 3009 codicillis
2192 2974 2323 3010 dentur
2345 2975 2458 3027 maqi-

233 3017 407 3053 stratibus
430 3022 465 3052 et
491 3016 755 3060 iusiurandum,
780 3017 881 3063 quod
901 3018 940 3053 in
962 3029 1071 3054 sacra
1095 3023 1224 3054 nostra
1247 3018 1506 3054 constitutione
1527 3018 1750 3065 scripsimus,
1779 3019 2017 3071 praestitui-is
2039 3023 2075 3054 et
2096 3019 2239 3066 reliqua
2262 3019 2384 3055 omnia
2405 3025 2459 3056 ita

233 3062 288 3098 uti
306 3062 562 3109 praecepimus
585 3062 904 3098 administratoris.
952 3061 1158 3099 Subicietur
1180 3074 1265 3100 vero
1289 3074 1311 3098 a
1336 3062 1439 3098 nobis
1463 3063 1546 3099 huic
1567 3074 1698 3099 sacrae
1721 3063 1791 3110 leqi
1816 3063 1924 3098 etiam
1948 3063 2146 3111 descriptio
2169 3063 2347 3110 quaedam
2365 3075 2460 3111 quae

1381 3151 1618 3202 λατέρκουλον
1642 3167 1699 3188 om.
1726 3155 1762 3188 B
1789 3156 1800 3195 Η
1832 3156 1874 3187 33
1898 3150 2002 3197 ἡμῶν
2026 3167 2083 3187 om.
2113 3155 2141 3187 L
2167 3155 2179 3197 u
2211 3151 2456 3199 λατέρκουλον]

1381 3211 1406 3231 s.
1416 3213 1446 3232 v.
1461 3198 1622 3233 οικιακὸν
1645 3200 1692 3232 Μ
1701 3199 1714 3243 ΙΙ
1730 3195 1909 3242 μανδάτα]
1934 3196 2216 3245 παραγγέλματα
2239 3199 2286 3232 M
2290 3211 2316 3232 s.
2330 3211 2371 3240 m,
2387 3198 2422 3231 B
2442 3198 2456 3242 ΙΙ

1381 3245 1423 3279 36
1447 3241 1656 3285 διατάξεως]
1682 3245 1765 3278 Νου.
1790 3243 1882 3277 VIII
1896 3246 1946 3287 (p.
1962 3245 2018 3284 89)

279 3158 298 3187 2
323 3151 605 3196 σπεκταβιλίων]
630 3152 883 3199 περιβλέπτων
907 3155 943 3187 Β
969 3154 982 3193 ΙΙ
1005 3159 1025 3187 4
1050 3151 1226 3194 διάταξιν]
1251 3166 1313 3186 non

234 3207 363 3233 servata
383 3207 447 3237 σοις
473 3201 516 3242 qs.
532 3199 654 3231 Biener
664 3212 698 3242 p.
713 3201 774 3233 511
797 3198 810 3243 ss
826 3202 845 3233 5
871 3201 1122 3232 πεντακοσίων
1141 3196 1312 3241 νομισμά-

234 3246 324 3286 των]
355 3245 576 3289 τριακοσίων
607 3239 652 3283 (τ’
671 3243 808 3284 Theoti„
833 3249 847 3277 ῖ
866 3246 939 3277 Aeli.
962 3245 1045 3284 cod.)
1077 3240 1312 3287 νομισμάτων

238 3290 357 3322 ΤΙιεοά.
381 3289 457 3322 Alli.
492 3290 656 3321 trecentos
685 3298 802 3321 aureos
827 3289 949 3322 Iulian.
981 3290 1037 3331 (είί
1064 3289 1185 3322 ΤΙιεοά.
1209 3290 1262 3329 25,
1287 3296 1310 3329 i,

236 3334 356 3375 ΛιΙι.4,
372 3342 399 3375 5,
423 3334 520 3367 schol.
536 3333 599 3366 Iul.
614 3334 662 3383 αιζ
672 3346 699 3366 c.
713 3334 770 3386 {552
788 3333 801 3376 fl
821 3329 861 3367 ἃς
883 3329 954 3368 ὑπὸ
980 3334 1102 3375 MLB,
1133 3329 1174 3367 ἃς
1197 3333 1311 3386 dflevi't
1424 3336 1444 3368 2
1468 3336 1528 3376 est]
1553 3337 1586 3367 et
1619 3334 1673 3387 VJ]
1692 3334 1782 3377 quod
1801 3334 1957 3387 VJUquae
1982 3334 2108 3412 Ίὶυιιῗ.
2125 3332 2175 3377 116
2243 3376 2252 3384 ο
2279 3375 2288 3383 .
2329 3330 2451 3384 tion-em

237 3378 474 3421 Ilumberykius
484 3379 541 3421 (cll
555 3379 598 3419 ς),
623 3388 686 3411 τας
702 3387 774 3413 voto
792 3379 987 3412 Haloander
1002 3378 1016 3422 ΙΙ
1035 3381 1076 3413 10
1101 3375 1311 3412 ἐνδοτατων
1387 3378 1442 3423 Vll
1470 3381 1490 3413 6
1515 3379 1675 3412 adiutor-ii
1699 3379 1756 3422 Vl!
1779 3380 1797 3413 7
1823 3379 1938 3420 aliqua
1961 3378 2039 3411 talis
2108 3376 2123 3422 Ι
2149 3378 2185 3411 ii
2291 3386 2310 3408 ο
2332 3375 2407 3410 libri
2441 3378 2454 3417 Η

237 3420 299 3464 Lu
327 3423 363 3455 11
393 3419 559 3457 δεδωκώς
586 3421 649 3467 ΒΙΙ
677 3424 716 3457 13
739 3420 1092 3467 νενομοθετήκαμεν]
1116 3424 1199 3458 Νου.
1224 3422 1315 3456 VIII

236 3477 261 3496 c.
276 3465 324 3507 2ss
346 3468 384 3499 19
408 3466 475 3508 τὴν
499 3475 529 3501 et
550 3465 600 3511 μὴ
622 3481 680 3501 om.
695 3468 727 3502 L
742 3466 755 3522 Ι
773 3468 812 3502 21
842 3464 1097 3509 1’ὑπομείνοιεν
1115 3468 1159 3502 Μ
1179 3463 1308 3510 ὑπομέ-

234 3521 332 3542 νοιεν
355 3510 424 3543 LB
443 3511 455 3554 ΙΙ
478 3514 520 3545 22
544 3510 612 3554 τήν
634 3514 687 3554 τε]
709 3508 819 3554 τηνδε
842 3513 875 3545 Β
899 3512 911 3556 ΙΙ
935 3515 976 3547 27
1002 3510 1227 3547 κωδικέλλοις
1250 3513 1308 3554 Μ]

235 3550 455 3587 κωὸικίλλοις
480 3557 547 3590 LB
570 3558 666 3596 (idem
682 3558 740 3610 34)
765 3556 778 3602 Ι
799 3554 952 3603 γράφειν
975 3559 1007 3592 L
1036 3561 1049 3602 fl
1077 3560 1118 3593 28
1143 3553 1310 3591 καθόσον

235 3594 447 3639 διοικήσεων
472 3600 502 3633 L
520 3600 533 3654 Ι
549 3603 591 3634 29
614 3599 783 3644 μανδατα
807 3605 992 3646 πρινκίπις
1013 3604 1050 3656 (s.
1064 3616 1092 3637 υ.
1111 3601 1309 3658 παραγγέλ-

233 3654 333 3686 ματα
345 3647 550 3686 αρχοντικα)
563 3646 616 3686 Μ]
630 3642 833 3691 ἀποκρίσεις
844 3643 1050 3691 ἇρχοντικας
1059 3648 1129 3682 LB
1141 3646 1154 3693 ss
1166 3649 1211 3682 30
1221 3658 1307 3681 απο-

233 3684 428 3731 annonae
440 3688 471 3721 L
489 3687 502 3731 Ι
519 3691 556 3722 31
583 3685 757 3732 ὑπηκόους
775 3704 833 3725 om.
844 3692 894 3726 Bc
911 3692 925 3737 Ι
940 3694 982 3727 32
992 3705 1038 3737 sq.
1061 3691 1252 3739 τοιγαροῦν
1265 3710 1308 3716 -

1022 3744 1059 3761 ·

1383 3425 1421 3457 12
1445 3424 1609 3456 sancimus
1634 3425 1711 3458 libri
1724 3423 1737 3468 fl
1767 3425 1805 3459 13
1829 3434 1903 3457 eum
1927 3424 2008 3458 Vol.
2027 3422 2041 3465 Ι
2065 3424 2103 3456 15
2125 3421 2317 3461 magi-mm
2343 3421 2421 3453 libri

1377 3468 1587 3501 definitiuum
1621 3468 1678 3512 V}
1707 3469 1745 3503 16
1767 3468 1999 3502 remittendam
2021 3467 2108 3510 vulq-
2158 3466 2198 3499 17
2221 3474 2351 3497 musam
2383 3465 2415 3497 V

1378 3514 1420 3547 23
1443 3513 1581 3547 inuento
1605 3514 1639 3547 T
1659 3513 1731 3557 1124
1754 3513 2011 3546 adinvenientiu-
2022 3510 2117 3545 Beck
2161 3509 2204 3543 2⁶
2226 3509 2451 3552 perspeximus

1381 3558 1424 3599 T]
1449 3559 1674 3601 prospeximus
1694 3558 1729 3592 V
1747 3558 1974 3601 prospeximus
1994 3556 2080 3634 ogq-
2098 3552 2112 3605 Ι
2134 3553 2178 3604 28
2200 3553 2236 3585 in
2260 3553 2312 3586 hie
2337 3553 2384 3595 T]
2408 3554 2451 3586 ab

1376 3602 1429 3635 his
1449 3602 1506 3646 VH
1534 3605 1575 3637 28
1599 3603 1898 3636 amministratione
1919 3601 1953 3635 V
1971 3600 1986 3644 Ι
2079 3596 2194 3630 timna
2218 3598 2349 3650 Tium..
2376 3598 2408 3631 V
2435 3598 2448 3642 fl

1377 3648 1419 3681 33
1442 3647 1668 3690 praecepimus
1695 3647 1741 3690 T]
1764 3645 1984 3689 praecipimus
2011 3640 2079 3686 V}
2106 3643 2149 3675 36
2174 3645 2447 3676 oon-titutionem

1383 3690 1438 3736 Vll
1457 3693 1500 3726 36
1525 3693 1585 3737 leq.
1598 3688 1832 3735 subicieturi’fl
1850 3691 1892 3724 37
1916 3686 2088 3729 discriptio
2108 3685 2142 3721 V
