2612 4016
202 174 347 207 1uss1o
377 174 623 208 ms'rmmm
1287 161 1372 210 797
1504 224 1517 227 ‚
2153 164 2261 220 App.
2282 165 2354 207 Ill.
2378 164 2435 207 IV

202 273 330 318 quibus
355 273 428 309 iam
457 273 641 309 beneficiis
671 274 855 318 gaudeatis
886 276 923 311 et
954 285 1046 320 quae
1074 286 1097 311 a
1128 279 1251 312 nostra
1283 279 1368 312 sunt
1399 275 1672 312 mansuetudine
1705 275 1932 312 conferenda.
1982 276 2083 312 Unde
2114 276 2281 321 precibus
2311 285 2434 311 corum

202 328 340 371 summa
371 329 453 354 cum
484 318 701 361 benignitate
731 321 908 364 susceptis
937 321 984 356 ad
1018 321 1184 357 universa
1216 321 1484 367 respondimus;
1519 325 1555 357 et
1587 324 1758 374 quantum
1790 321 1887 366 apud
1919 331 1983 356 nos
2009 331 2132 357 eorum
2157 321 2288 364 legatio
2312 321 2432 364 valuit,

200 373 281 408 ipsa
312 366 466 399 testatur
496 363 665 399 exhibitio
697 365 962 409 praestitorum.
1011 367 1264 412 Quaecumque
1295 366 1403 410 igitur
1434 367 1480 402 ad
1513 367 1695 411 privilegia
1723 369 1842 401 vestra
1871 366 2050 411 vestrique
2082 366 2220 402 concilii
2241 367 2432 411 pertinent,

200 408 302 444 iuxta
332 413 486 444 veterem
518 408 700 444 firmamus
731 410 964 455 disciplinam.
1014 413 1124 447 Orate
1154 413 1261 456 igitur
1293 411 1446 447 divinam
1479 411 1770 455 miscricordiam,
1801 414 1842 446 ut
1873 415 1907 446 et
1931 422 1997 447 nos
2017 412 2235 456 reipublicae
2260 415 2294 446 et
2316 412 2431 455 ipsam

200 454 306 490 noble
338 455 455 489 servet
486 454 718 497 incolumem,
751 457 787 491 et
815 466 904 500 quos
937 466 959 491 a
986 456 1070 501 iugo
1101 457 1343 502 subripuimus
1368 456 1651 500 Vvandalorum,
1676 457 1770 491 ultra
1793 456 1916 492 florem
1940 457 2122 493 felicitatis
2147 457 2314 502 antiquae
2338 457 2431 492 sicut
2455 459 2474 490 5

200 498 362 536 volumus
387 499 575 545 erigamus.
624 500 705 536 Dat.
730 500 820 546 prid.
845 512 929 537 non.
957 502 1084 538 octob.
1111 502 1181 538 cP.
1207 502 1291 548 imp.
1317 502 1374 538 dn.
1399 502 1590 537 Iustiniani
1613 501 1721 547 <pp.>
1746 502 1837 546 Aug.
1863 511 1957 538 anno
1981 501 2060 539 xv.
2267 505 2314 544 [α.
2341 505 2431 544 54η

1290 680 1354 716 111.

242 746 470 799 IUSSIO
517 749 905 800 IUSTINIANI
952 748 1604 867 IMPEIEQ'EPXIJJIESNIIU’RO
1651 748 2046 799 PRIVILEGIO
2094 748 2393 799 CONCILII

199 892 398 937 Imperator
421 893 570 929 Flavius
595 893 815 929 lastinianus
839 893 1096 930 Alamannicus
1122 893 1297 929 Gothicus
1322 894 1521 931 Francicus
1543 894 1778 931 Germanicus
1799 893 1951 928 Anticus
1969 893 2432 937 <Alanicus>Vvanda1icus
2461 898 2499 929 10

250 938 444 975 Africanus
469 939 597 985 (pius)
617 938 704 974 felix
726 938 871 974 inclitus
894 938 1010 977 victor
1033 948 1077 975 ac
1100 938 1341 985 triumphator
1363 950 1503 985 semper
1526 939 1711 984 Augustus
1737 939 1898 974 Daciano
1923 938 2198 984 metropolitano
2224 939 2377 984 Byzacii.

380 1006 528 1051 Semper
560 1008 705 1043 nostrae
737 1006 922 1042 serenitati
955 1017 1043 1042 cura
1067 1006 1135 1043 fuit
1157 1007 1350 1043 servandae
1371 1007 1562 1043 vetustatis
1586 1007 1737 1042 maxime
1761 1005 1985 1051 disciplinae,
2010 1016 2116 1050 quam
2140 1018 2322 1052 nunquam
2347 1018 2431 1043 con-

200 1051 420 1096 tempsimus,
450 1052 521 1087 nisi
551 1056 588 1088 et
619 1052 656 1087 in
687 1052 812 1087 melius
844 1062 1072 1097 augeremus3
1107 1053 1319 1098 praesertim
1347 1053 1512 1098 quotiens
1538 1053 1581 1087 de
1611 1051 1865 1088 ecclesiasticis
1889 1051 2041 1095 negotiis
2066 1052 2237 1096 contingit
2258 1053 2431 1097 quaestio,

200 1107 292 1142 quae
325 1101 468 1142 patrum
501 1099 646 1133 constat
675 1096 809 1141 regulis
841 1097 999 1141 definita,
1031 1098 1138 1133 immo
1170 1098 1324 1133 adventu
1347 1098 1492 1143 superni
1516 1097 1669 1133 numinis
1697 1097 1883 1142 inspirata,
1909 1098 1991 1141 quia
2016 1100 2155 1132 constat
2179 1107 2258 1133 csse
2282 1098 2431 1134 caelitus

201 1142 397 1178 constituta
421 1143 590 1188 quicquid
613 1143 815 1188 apostolica
836 1142 996 1178 decernit
1019 1143 1230 1179 auctoritas.
1279 1143 1373 1179 Hinc
1398 1145 1454 1178 est
1478 1143 1573 1187 quod
1596 1143 1632 1178 in
1656 1142 1840 1178 Africanis
1857 1153 1998 1187 quoque
2015 1142 2176 1178 conciliis
2193 1143 2255 1178 illa
2272 1143 2432 1179 volumus
2460 1146 2498 1177 15

199 1188 385 1230 reservari,
416 1198 508 1234 quae
540 1187 737 1234 antiquitas
769 1188 896 1223 statuit
928 1190 965 1223 et
992 1188 1216 1232 sequentium
1250 1188 1476 1224 oboedientia
1508 1188 1699 1224 custodivit
1728 1191 1835 1232 atque
1866 1189 1903 1222 in
1927 1189 2090 1222 nostrum
2113 1198 2227 1232 usque
2250 1189 2432 1223 saeculum

198 1233 411 1268 intemerata
435 1233 614 1278 perduxit.
662 1232 791 1268 Nullus
814 1233 909 1269 inter
932 1233 1102 1279 primates
1126 1234 1215 1269 illud
1238 1234 1306 1269 sibi
1330 1234 1551 1279 privilegium
1574 1233 1730 1269 vindicet
1745 1233 1839 1278 quod
1859 1233 2042 1278 accepisse
2057 1243 2131 1268 non
2148 1233 2285 1277 legitur,
2311 1233 2430 1269 nullus

199 1277 356 1323 adripiat
387 1279 484 1324 quod
512 1278 681 1314 habuisse
713 1278 841 1321 iugiter
873 1289 946 1314 non
978 1279 1171 1324 probatur-3
1204 1289 1270 1315 nec
1304 1279 1347 1314 de
1378 1279 1561 1323 rescriptis
1589 1279 1635 1314 ad
1658 1278 1763 1314 unius
1789 1278 2047 1323 suggestionem
2071 1278 2273 1323 promeritis
2298 1282 2361 1314 aut
2386 1279 2430 1314 de

200 1324 371 1369 exemplis
398 1324 691 1359 consuetudinem
715 1323 931 1359 violantibus
957 1324 1147 1359 cuiuslibet
1179 1324 1247 1360 sibi
1271 1324 1475 1359 blandiatur
1499 1323 1659 1359 ambitio.
1706 1323 1799 1358 Illud
1822 1333 1887 1368 pro
1912 1323 1988 1368 lege
2012 1324 2223 1358 servandum
2248 1326 2312 1366 est,
2337 1324 2431 1368 quod

202 1369 362 1404 conciliis
396 1368 581 1405 definitum
612 1369 765 1404 servavit
789 1369 917 1404 devota
940 1369 1151 1414 posteritas3
1185 1380 1266 1405 nam
1288 1379 1379 1414 quae
1403 1369 1481 1414 quis
1501 1369 1537 1404 in
1561 1368 1820 1413 praeiudicium
1843 1370 2059 1403 statutorum
2084 1368 2301 1412 quibuslibet
2324 1369 2430 1404 rebus
2456 1370 2499 1402 20

199 1414 397 1459 usurpavit,
431 1414 641 1458 corrigenda
672 1414 792 1459 potius
825 1423 931 1458 quam
962 1414 1135 1450 imitanda
1167 1424 1364 1450 censemus.
1413 1415 1451 1449 si
1485 1414 1568 1458 quid
1591 1414 1700 1458 igitur
1723 1414 1996 1458 metropolitano
2022 1413 2253 1458 Karthaginis
2278 1414 2332 1449 vel
2355 1413 2431 1459 pri-

200 1459 356 1495 matibus
376 1459 566 1495 Numidiae
595 1460 652 1495 vel
677 1459 822 1503 Byzacii
853 1459 1084 1495 conciliorum
1116 1460 1313 1496 auctoritas
1344 1459 1524 1504 praestitit
1555 1463 1590 1494 et
1621 1459 1796 1494 inoffensa
1830 1459 2050 1494 consuetudo
2075 1459 2237 1501 servavit,
2271 1458 2340 1494 hoc
2364 1459 2434 1494 sibi

200 1505 349 1558 quisque
379 1509 489 1550 optet,
517 1506 587 1541 hoc
618 1505 783 1546 vindicet,
816 1504 885 1540 hoc
917 1508 1043 1540 nostra
1066 1508 1186 1550 speret
1209 1505 1396 1541 sanctione
1419 1504 1564 1540 firmari.
1611 1504 1688 1540 Nos
1711 1505 1849 1539 tutores
1873 1506 2010 1539 tantum
2034 1514 2157 1540 sumus
2181 1504 2369 1539 vetustatis
2394 1508 2430 1539 et

200 1550 379 1594 vindicem
412 1560 480 1586 nec
513 1551 626 1586 deerit
658 1549 903 1585 ecclesiastica.
934 1550 1093 1586 vindicta
1127 1550 1181 1585 vel
1211 1554 1336 1586 nostra
1366 1550 1404 1585 in
1427 1560 1506 1592 eos,
1539 1550 1600 1595 qui
1624 1553 1688 1585 aut
1710 1549 1901 1585 ambitiosa
1925 1549 2093 1601 superbia
2117 1553 2181 1584 aut
2204 1549 2432 1594 subrepticiis

200 1595 505 1640 postulationibus
538 1595 788 1641 antiquitatem
819 1600 1012 1631 temerasse
1046 1595 1282 1637 docebuntur,
1313 1595 1480 1640 quoniam
1505 1595 1551 1630 ad
1575 1594 1771 1630 divinitatis
1795 1594 1908 1630 tendit
1930 1594 2108 1635 inluriam,
2140 1594 2201 1640 qui
2224 1601 2431 1630 sauctorum
2457 1596 2498 1628 25

200 1644 343 1685 patrum
378 1641 575 1677 constituta
599 1642 827 1676 contemnere
849 1650 894 1676 ac
914 1640 1047 1676 violare
1070 1651 1144 1676 non
1167 1641 1304 1683 metuit,
1337 1644 1462 1676 sancte
1482 1651 1524 1676 ac
1548 1639 1813 1684 religiosissime
1837 1641 1950 1683 pater.
2000 1640 2190 1675 Beatitudo
2213 1639 2334 1683 itaque
2358 1641 2432 1681 tua,

202 1696 293 1730 quae
320 1695 386 1731 per
416 1686 510 1722 hanc
543 1686 695 1722 divinam
726 1686 982 1731 pragmaticam
1015 1686 1237 1721 sanctionem
1261 1688 1385 1721 nostra
1409 1685 1537 1721 statuit
1561 1685 1767 1729 aeternitas,
1793 1684 1936 1719 effectui
1960 1685 2158 1729 mancipari
2183 1684 2434 1728 observarique

200 1734 380 1774 procuret.
427 1731 604 1767 Divinitas
635 1734 672 1767 te
703 1733 820 1767 servet
850 1740 914 1776 per
945 1731 1077 1767 multos
1109 1742 1242 1776 annos,
1274 1734 1400 1768 sancte
1429 1741 1472 1766 ac
1495 1730 1761 1775 religiosissime
1785 1733 1897 1774 pater.
1945 1729 2030 1764 Dat.
2054 1730 2138 1764 1111.
2164 1729 2236 1764 kal.
2261 1729 2434 1764 Novemb.

201 1775 284 1820 imp.
312 1776 371 1812 dn.
396 1777 586 1812 Iustiniani
606 1786 700 1812 anno
725 1776 821 1811 XVI.
2272 1777 2317 1815 [α.
2346 1776 2435 1814 542.]

1281 1907 1343 1943 IV.
2461 1909 2502 1942 30

299 1979 477 2031 ΠΕΡΙ
527 1978 670 2030 ΤΟΥ
718 1977 1035 2030 ΜΗΔΕΝΑ
1085 1976 1590 2029 ΜΗΤΕΥΕΣΘΑΙ
1641 1976 1786 2027 EIII
1835 1973 2244 2027 ΙΔΙῼΤΙΚΑΙΣ
2293 1974 2352 2025 Η

834 2043 1248 2095 ΔΗΜΟΣΙΑΙΣ
1297 2042 1800 2094 ΠΡΟΦΑΣΕΣΙΝ.

1071 2117 1106 2153 Ὁ
1131 2116 1237 2154 αὐτὸς
1259 2119 1425 2163 βασιλεὺς
1449 2144 1550 2153 .....

347 2191 392 2225 Τὸ
419 2203 462 2225 στ
488 2189 683 2224 ατιωτικὸν
706 2188 792 2232 ἡμῖν
814 2187 835 2231 ἢ
860 2186 1025 2223 πολιτεία
1049 2186 1110 2221 διὰ
1133 2187 1241 2221 τοῦτο
1264 2189 1386 2232 τρέφει
1410 2213 1417 2219 .
1433 2211 1440 2219 .
1456 2213 1463 2219 .
1478 2211 1486 2220 .

341 2240 362 2273 1
403 2241 464 2278 Μη
490 2241 537 2270 εἰς
561 2237 639 2270 τῶν
662 2233 850 2280 ἆρχόντων
875 2230 897 2276 ἢ
917 2233 995 2267 τῶν
1018 2231 1230 2278 λογοθετῶν
1254 2227 1276 2275 ἢ
1301 2232 1378 2266 τῶν
1402 2229 1523 2265 ἄλλων
1537 2231 1616 2266 τῶν
1633 2229 1680 2265 τὰ
1697 2228 1853 2274 δημόσια
1875 2229 2119 2273 πραττόντων
2134 2231 2317 2273 μητευέτω
2336 2227 2435 2264 οἶκόν
2459 2232 2501 2264 35

476 2293 573 2315 τινος
607 2280 786 2326 προφάσει
822 2277 1008 2322 δημοσίων
1044 2274 1277 2322 ὀφλημάτων,
1313 2274 1387 2310 ἀλλ’
1431 2276 1531 2322 εἴπερ
1562 2275 1676 2310 οἴεται
1707 2275 1791 2309 τοὺς
1820 2272 2046 2310 ὑπευθύνους
2078 2274 2185 2309 ἔνδον
2216 2275 2293 2308 τῶν
2324 2276 2435 2318 οἴὶιων

475 2326 725 2380 κρύπτεσθαι,
756 2322 939 2368 δημοσίοις
970 2323 1164 2367 κεχρῆσθαι
1197 2321 1406 2367 προσώποις
1435 2319 1523 2366 πρὸς
1554 2319 1623 2363 τὴν
1654 2319 1798 2355 τούτων
1833 2317 2075 2363 ἀναζήτησιν·
2112 2323 2171 2353 καὶ
2206 2320 2306 2365 εἴπερ
2331 2320 2435 2366 εὗρεν

476 2370 615 2413 αυτούς,
640 2369 794 2413 δημοσίᾳ
817 2370 1011 2414 παραγέτω
1036 2370 1096 2401 καὶ
1119 2365 1190 2410 τὴν
1212 2367 1402 2412 εἴσπραξιν
1424 2365 1610 2401 ποιείσθω
1633 2363 1730 2409 μηδα
1760 2366 1807 2398 ῶς
1831 2368 1904 2399 τοῖς
1927 2365 2032 2398 οἴκοις
2055 2364 2299 2410 παρενοχλῶν.
2339 2366 2370 2398 εἰ
2394 2363 2434 2398 δὲ

476 2420 535 2449 καὶ
567 2415 826 2462 στρατιωτικῆς
850 2411 1000 2456 δεηθείη
1023 2412 1198 2467 βοηθείας
1222 2411 1310 2459 πρὸς
1333 2411 1401 2455 τὴν
1425 2410 1594 2451 ἐξάνυσιν
1616 2411 1694 2444 τῶν
1742 2413 1914 2454 ημοσίων,
1938 2411 1987 2453 μὴ
2012 2409 2205 2453 κεχρήσθω
2237 2408 2434 2443 νεολέκτοις

473 2459 714 2507 στρατιώταις
745 2459 835 2504 πρὸς
864 2459 982 2500 τοῦτο,
1014 2456 1104 2490 αλλὰ
1128 2460 1202 2491 τοῖς
1223 2458 1262 2490 ἐν
1285 2456 1474 2503 πράγμασι
1497 2457 1742 2500 τετριμμένοις
1765 2457 1825 2488 καὶ
1850 2454 1918 2497 τὴν
1942 2453 2133 2496 πολιτικὴν
2156 2453 2262 2494 τάξιν
2285 2455 2432 2488 έπιστα-
2457 2454 2500 2486 40

471 2509 591 2551 μένοις
620 2509 679 2539 καὶ
711 2504 780 2548 τὴν
811 2502 999 2550 εἴσπραξιν
1031 2499 1095 2536 οὐκ
1127 2503 1167 2536 ἐν
1197 2504 1270 2536 τοῖς
1300 2502 1418 2544 οἴκοις,
1451 2499 1541 2534 ἀλλὰ
1572 2498 1727 2544 δημοσία
1759 2502 1983 2544 ποιουμένοις
2012 2498 2105 2543 μετὰ
2135 2500 2198 2542 τῆς
2230 2497 2433 2544 πρεπούσης

477 2552 743 2586 καθοσιώσεως.

344 2621 431 2664 App.
452 2621 516 2653 III
537 2627 625 2653 extat
648 2620 681 2652 in
703 2618 766 2652 Iul.
798 2617 961 2654 Utinensi3
988 2616 1036 2648 ed.
1063 2615 1216 2648 Pithoeus
1237 2627 1271 2658 p.
1290 2615 1353 2648 237
1381 2627 1396 2648 e
1420 2615 1529 2648 codice
1554 2614 1671 2657 iynoto.

342 2667 430 2710 App.
447 2666 510 2699 IV
527 2666 660 2709 epitome
685 2671 772 2697 extat
796 2663 887 2706 apud
905 2662 980 2694 Ath.
1000 2661 1054 2703 20,
1067 2667 1096 2693 5.

1277 2777 1350 2816 IV.

380 2853 480 2906 ΝΕ
525 2853 687 2914 QUIS
732 2847 1065 2902 METETUR
1117 2845 1695 2965 ΟρΒΠΒΟῗΙΟῶιῗΟΝΕΒ
1738 2845 2100 2897 PRIVATAS
2140 2845 2278 2897 AUT

1121 2991 1221 3028 Idem
1244 2993 1444 3039 imperator
1469 3017 1476 3025 .
1491 3017 1498 3025 .
1512 3018 1522 3029 .

346 3064 561 3101 Exercitum
585 3062 690 3098 nobis
713 3072 772 3097 res
789 3060 939 3107 publica
963 3059 1044 3095 ideo
1068 3059 1136 3095 alit
1159 3086 1167 3094 .
1182 3085 1191 3094 .
1205 3085 1213 3094 .
1736 3102 1743 3109 ·

346 3113 368 3147 1
415 3109 529 3145 Nemo
558 3107 834 3153 maqistratuum
866 3108 929 3140 aut
959 3104 1194 3139 rationalium
1224 3108 1287 3140 aut
1319 3108 1518 3139 ceterorum
1574 3103 1614 3139 ai
1636 3103 1787 3148 publica
1811 3106 1969 3138 tractant
1993 3106 2124 3139 metato
2146 3104 2289 3139 domum
2314 3104 2432 3139 cuias-

212 3167 319 3203 quam
347 3159 500 3201 propter
530 3152 649 3189 debita
677 3150 839 3198 publica,
869 3149 933 3186 sed
964 3149 997 3184 si
1028 3149 1204 3185 debitores
1233 3150 1331 3184 intra
1363 3148 1489 3183 domos
1521 3158 1542 3182 a
1566 3147 1694 3182 scondi
1721 3148 1918 3190 existimat,
1936 3148 2095 3194 publicis
2117 3153 2243 3183 utatur
2264 3149 2434 3194 personis

211 3202 261 3237 ad
291 3211 354 3236 eos
384 3197 639 3245 irtdaqandos,·
671 3202 780 3242 atque
806 3196 839 3230 si
861 3205 925 3230 eos
947 3195 1092 3236 invenit,
1108 3193 1256 3240 publice
1271 3193 1458 3239 producat
1478 3196 1513 3227 et
1534 3192 1760 3228 exactionem
1781 3192 1903 3237 faciat
1925 3193 2026 3228 nullo
2050 3193 2156 3228 modo
2180 3193 2304 3228 domos
2325 3194 2433 3229 mole-

210 3250 324 3282 stans.
373 3244 414 3279 Sa·
444 3254 529 3280 vero
560 3242 667 3278 etiam
695 3240 846 3276 militari
875 3238 1039 3284 indiqeat
1067 3238 1209 3274 auxilio
1242 3239 1291 3273 ad
1314 3238 1546 3284 publicorum
1577 3236 1815 3278 exactionem,
1844 3248 1917 3272 non
1950 3241 2076 3273 utatur
2099 3237 2148 3272 ad
2171 3237 2239 3273 lzoc
2262 3237 2434 3273 militibus

212 3290 318 3326 modo
349 3287 577 3334 conscriptis,
605 3285 670 3322 sed
700 3287 752 3322 eis
783 3285 847 3330 qai
877 3285 916 3318 in
939 3283 1046 3319 rebus
1071 3283 1148 3319 triti
1167 3284 1240 3318 sint
1262 3286 1296 3318 et
1314 3283 1367 3318 rei
1385 3281 1555 3328 publicae
1579 3281 1741 3317 ordinem
1766 3283 1948 3327 coynz'tum
1972 3281 2127 3318 habeant
2150 3286 2185 3317 et
2208 3283 2433 3318 exactionem

212 3335 341 3371 nonin
366 3334 540 3374 domibus,
563 3331 627 3367 sed
647 3330 792 3377 publice
813 3329 959 3375 faciant
982 3339 1061 3364 cum
1086 3327 1204 3364 debita
1228 3327 1426 3363 devotione.

257 3449 278 3480 4
302 3446 393 3478 iusta
407 3445 493 3478 Pia.
510 3443 523 3481 ΙΙ
543 3446 562 3478 5
576 3442 835 3476 Vandalicorum
849 3441 935 3475 Pith.
954 3440 966 3483 ΙΙ
985 3440 1073 3472 ultra
1091 3438 1287 3480 Zachariae]
1358 3438 1441 3471 libet
1458 3438 1543 3472 Pith.
1557 3438 1678 3479 (Utin.)
1695 3436 1707 3480 ΙΙ
1727 3439 1767 3471 20
1793 3438 1969 3481 posteritas
1991 3437 2105 3479 Zach.]
2130 3438 2332 3481 prosperitas
2346 3439 2429 3474 Pieli.

213 3491 303 3525 ultro
314 3490 532 3529 Pith.(Utin.)
545 3486 557 3533 ΙΙ
572 3490 590 3522 8
604 3488 690 3520 idem
703 3486 770 3519 alia
783 3486 885 3519 iussio
901 3486 987 3518 Utin.
1001 3485 1067 3517 alia
1081 3485 1184 3517 iussio
1200 3485 1287 3517 Pieh.
1358 3484 1478 3526 (Utin.)
1496 3483 1508 3526 ll
1527 3484 1567 3516 23
1594 3484 1696 3525 optet,
1714 3483 1778 3515 sibi
1802 3484 1949 3516 vindicet
1973 3484 2061 3516 Pitk.
2087 3484 2099 3526 ΙΙ
2127 3485 2168 3517 27
2193 3484 2432 3527 observataque

212 3535 515 3580 ssprivilegioPitlz]
530 3532 710 3576 priuilegia
725 3532 824 3573 Utin„
838 3530 1024 3573 privilegiis
1035 3528 1158 3572 Zeten-ll
1168 3529 1288 3564 9Viza-
1357 3529 1443 3561 Pith.
1470 3529 1603 3569 (Utin),
1630 3540 1714 3561 corr.
1740 3529 1841 3561 Kroll
1868 3531 1915 3568 (at
1940 3530 1982 3569 cf.
2009 3529 2084 3561 bull.
2110 3541 2192 3562 corr.
2218 3530 2292 3563 hell.
2316 3531 2437 3563 XVII

214 3581 288 3614 ceni
304 3581 389 3614 Pith.
404 3579 524 3620 (Utin.)
539 3579 621 3612 idem
634 3590 663 3610 v.
676 3578 781 3611 11.22
794 3575 805 3620 ss
822 3578 860 3610 10
870 3575 1025 3616 Anticus]
1040 3575 1184 3607 atthious
1200 3575 1286 3607 Utin.
1358 3575 1423 3607 504
1442 3574 1462 3606 l.
1482 3574 1535 3614 18)
1554 3572 1566 3616 ΙΙ
1583 3575 1624 3606 29
1649 3571 1713 3604 XV
1741 3586 1782 3606 an
1804 3573 1888 3606 XVI
1920 3574 2006 3606 Utin.
2032 3575 2181 3607 incertum
2201 3573 2212 3616 ss
2231 3575 2273 3608 34
2297 3573 2353 3615 τὸ]
2378 3574 2429 3608 τᾱί

214 3625 373 3658 Alanious
398 3625 485 3658 Pith.
503 3623 516 3666 ΙΙ
535 3624 577 3657 14
601 3623 754 3655 constant
777 3623 857 3654 coni.
875 3621 1014 3654 Skutsch
1031 3619 1043 3663 ss
1062 3619 1206 3652 adventu
1227 3620 1290 3659 (vel
1357 3620 1425 3651 cod.
1444 3614 1571 3671 ΙΙῖἠμὴν
1596 3618 1664 3650 cod.
1692 3616 1704 3660 {l
1727 3619 1769 3652 36
1794 3618 1824 3650 εἰ
1848 3620 1930 3663 περὶ
1950 3615 2057 3651 τόται
2081 3620 2163 3659 cod„
2186 3631 2268 3652 corr.
2295 3618 2396 3653 Zach.
2420 3619 2432 3658 ΙΙ

214 3670 373 3711 obventu)
399 3667 513 3708 Zach.]
539 3667 684 3700 abventu
709 3667 792 3700 Pith-
818 3666 938 3707 (Utin.)
961 3665 974 3708 ΙΙ
1003 3667 1042 3699 15
1069 3664 1288 3697 constitutum
1358 3665 1397 3697 37
1432 3674 1535 3706 ευρεν
1559 3663 1673 3702 Kroll]
1698 3660 1802 3706 εὗρον
1826 3664 1894 3697 cod.
1922 3662 1934 3707 ss
1966 3664 2008 3696 39
2032 3662 2215 3708 κεκρίσθω
2240 3666 2310 3697 cod.
2341 3662 2354 3707 ΙΙ
2387 3666 2430 3699 40

216 3716 295 3749 coni.
310 3713 412 3749 Zach.
430 3713 443 3757 ΙΙ
461 3712 620 3746 discernit
639 3713 725 3745 Utin.
742 3710 755 3755 ΙΙ
777 3712 816 3746 19
841 3709 1019 3743 cuiuslibet
1031 3710 1149 3751 Kroll]
1167 3708 1288 3751 quibus
1357 3709 1575 3751 τετριμένοις
1598 3708 1666 3740 cod.
