2618 4010
159 164 219 196 DE
246 161 456 195 TESTIBUS

159 267 219 297 καὶ
241 262 389 298 &uotam
417 261 494 296 τῶν
518 261 831 306 κατατιθεμένων,
863 266 982 297 καίτοι
1014 261 1236 319 δημοσιεύων

159 322 198 343 τε
229 312 289 342 καὶ
313 305 375 342 οὐκ
400 307 438 348 ἐξ
462 303 711 352 ἀπαραιτήτου
735 307 835 342 τινὸς
859 304 1011 355 άνάγκης
1035 309 1236 354 αφικέσθαι

158 354 206 398 μὴ
223 351 430 398 δυνάμενος,
455 354 495 386 έν
518 352 586 395 ἴσῳ
611 355 684 386 τοῖς
707 357 1010 399 παραγενομένοις
1032 356 1144 396 ἔσται,
1177 357 1236 388 καὶ

159 396 264 434 οὐδὲν
286 396 412 444 ὄφελος
440 399 478 431 ἐκ
507 398 569 440 τῆς
593 395 704 432 αὐτοῦ
729 403 944 443 προπετείας
976 396 1074 443 αὐτῷ
1095 398 1237 446 γενήσε-

158 458 235 485 ται,
267 441 357 478 ἀλλὰ
386 441 607 477 δοκείτωσαν
637 445 704 487 μὲν
728 443 913 488 συστάδην
936 448 1134 492 γεγονυῖαι,
1167 441 1237 479 ὅσα

160 488 199 523 δὲ
227 487 272 523 ἂν
303 485 493 534 ἁρμόσειεν
526 486 624 531 αὐτῷ
650 489 960 536 παραγράφεσθαι
992 494 1074 535 περὶ
1104 486 1236 531 αὐτῶν,

159 534 289 575 ἐξεῖναι
311 532 452 569 τούτοις
474 534 653 588 χρῆσθαι,
684 536 797 578 μόνου
821 537 886 570 τοῦ
911 533 1030 570 δοκεῖν
1054 532 1165 569 αὐτὰς
1189 535 1236 569 εἶ-

158 593 219 613 ναι
248 582 453 624 μονομερεῖς
489 578 549 613 ὸιά
584 579 653 622 τὴν
688 577 797 614 αὐτοῦ
834 584 1064 626 προπέτειαν,
1099 579 1157 614 οἷα
1193 578 1236 623 δὴ

158 622 240 658 κατ’
265 621 470 659 αὐθάδειαν
500 624 550 669 μὴ
581 628 887 671 παραγενομένου,
920 629 996 660 ταῖς
1026 629 1237 671 μαρτυρίαις

158 666 424 704 άντιτίθεσθαι
454 670 503 715 μὴ
537 668 746 714 δυναμένου.
1071 669 1078 679 ‘

158 711 279 750 ὁπόσα
311 718 394 760 περὶ
422 715 620 761 μαρτύρων
651 716 751 761 παρὰ
781 718 858 751 τῶν
888 716 958 761 πρὸ
989 714 1094 759 ήμῶν
1127 714 1148 758 ἢ
1177 719 1236 750 καὶ

158 757 247 805 παρ’
273 757 379 804 ἡμῶν
413 758 535 795 αὐτῶν
559 762 698 807 εἴρηταί
722 774 762 795 τε
785 765 844 795 καὶ
868 761 1155 804 νενομοθέτηται
1178 774 1235 794 κυ-

157 809 248 851 ρίων
278 806 470 850 μενόντων
503 809 563 840 καὶ
592 806 691 853 παρὰ
727 808 804 841 τῶν
835 804 1018 852 ἡμετέρων
1053 803 1236 839 δικαστῶν

157 850 451 907 φυλαττομένων,
482 852 566 905 este!
609 854 719 894 είζους
754 852 825 885 εἴτε
854 851 1020 886 ἐλάττους
1049 851 1130 891 εἷεν,
1166 851 1237 884 εἴτε

1217 147 1302 195 453

801 673 880 705 Τῶν
904 669 1026 705 ἄλλων
1057 668 1236 705 απάντων
1252 669 1410 705 lOlente.

2112 150 2219 192 Nov.
2250 148 2326 191 XC
2357 151 2381 191 9

1304 260 1424 296 venire
1449 261 1603 297 noluerit
1626 263 1661 297 et
1684 261 1807 297 audire
1830 261 2069 307 depositiones
2098 259 2241 302 (etenim
2264 258 2382 304 publi·

1306 307 1495 349 cabuntur)
1528 309 1563 342 et
1586 317 1658 342 non
1681 318 1745 353 per
1767 307 2048 342 inexcusabilem
2081 306 2236 351 aliquam
2258 315 2382 340 neces-

1305 352 1446 387 sitatem
1471 352 1598 388 deduci
1621 363 1694 388 non
1718 353 1842 398 possit,
1876 352 1997 387 similis
2022 351 2222 387 advenienti
2246 351 2323 392 erit,
2350 355 2384 385 et

1305 397 1442 432 nullum
1466 398 1629 433 iuvamen
1653 408 1697 433 ex
1721 408 1786 433 sua
1809 398 2040 442 protervitate
2060 398 2092 433 ei
2109 396 2295 436 efficietur,
2321 396 2384 431 sed

1273 448 1291 479 5
1306 442 1490 478 videantur
1525 443 1664 488 quidem
1702 443 1932 487 probationes
1969 443 2103 485 factae,
2141 451 2384 487 quaecumque

1305 498 1387 523 vero
1413 488 1659 534 competierint
1691 488 1724 524 ei
1747 488 1793 523 ad
1818 487 2070 533 disputandum
2094 487 2137 522 de
2161 487 2228 527 his,
2262 486 2384 521 licebit

1304 533 1358 568 his
1379 534 1450 575 uti,
1475 533 1694 569 solummodo
1719 534 1815 578 quod
1835 534 1998 569 videntur
2022 543 2100 568 esse
2125 542 2168 567 ex
2188 542 2261 566 una
2280 534 2384 576 parte

1305 581 1451 624 propter
1486 580 1561 614 eius
1597 578 1831 623 proterviam,
1875 579 1976 623 quasi
2010 581 2157 622 propter
2197 577 2383 611 audaciam

1304 625 1446 659 minime
1472 624 1706 666 advenientis,
1741 624 1990 659 testationibus
2016 632 2196 667 opponere
2228 633 2300 657 non
2323 632 2382 658 va-

1459 669 1632 704 Omnibus
1658 669 1736 704 aliis
1761 678 1852 713 quae
1874 668 1918 703 de
1941 668 2092 703 testibus
2116 672 2152 702 et
2176 667 2220 702 ab
2247 668 2300 702 his
2326 667 2384 711 qui

1305 717 1389 749 ante
1412 725 1477 749 nos
1510 718 1546 749 et
1569 724 1591 749 a
1614 714 1717 748 nobis
1747 714 1834 758 ipsis
1858 713 1954 748 dicta
1976 714 2062 748 sunt
2085 715 2121 747 et
2144 712 2282 747 sancita
2305 712 2384 746 fixis

1304 759 1531 796 manentibus
1563 763 1598 794 et
1621 769 1643 794 a
1665 758 1799 793 nostris
1829 758 2005 794 iudicibus
2031 758 2278 800 observandis,
2312 757 2385 792 sive

1305 805 1454 839 maiores
1487 804 1559 839 sive
1582 803 1735 838 minores
1761 803 1832 838 sint
1864 805 1900 838 et
1924 803 1996 838 sive
2027 802 2063 837 in
2087 803 2156 837 hac
2183 812 2311 846 magna
2335 802 2384 837 ci-

1305 850 1412 885 vitate
1436 849 1510 884 sive
1533 849 1621 884 foris
1645 848 1683 883 in
1706 847 1910 893 provinciis,
1936 852 1975 882 ut
1993 851 2027 883 et
2043 858 2085 883 ea
2109 858 2199 892 quae
2225 848 2268 882 de
2284 848 2383 882 testi-

158 899 219 931 ἐπὶ
238 909 371 951 ‘raptvs
394 909 455 939 της
468 910 567 952 χμεχα
591 908 630 939 ης
653 894 792 951 ndi-ems
816 897 886 931 εἴτε
910 899 949 930 ἐν
969 899 1046 930 ταῖς
1071 896 1144 936 ἔξω
1167 894 1236 937 χώ-
1252 894 1372 930 15bus
1408 898 1492 929 sunt
1527 897 1698 938 quantum
1733 893 1902 938 possibile
1938 893 2042 928 nobis
2077 897 2130 928 est
2166 893 2384 937 corrigentes

159 954 252 987 ραις,
277 943 336 976 ἱνα
353 945 411 976 καὶ
435 956 481 976 τα
497 956 574 976 των
589 955 786 988 μαρτυρων
809 940 946 977 ὁπόσον
970 940 1117 976 δυνατοὶ
1142 941 1235 974 καθ-

159 986 359 1031 εστήκαμεν
383 986 711 1032 ἐπανορθώσαντες
740 989 793 1021 ἔτι
817 986 1083 1032 καθαρώτερόν
1113 998 1152 1019 τε
1177 988 1236 1019 καὶ

159 1031 357 1078 ὁσιώτερον
391 1033 455 1067 τὰς
483 1031 582 1067 δίκας
617 1030 849 1078 πράττεσθαι
884 1030 1234 1086 παρασκευάσωμεν·

160 1074 211 1111 δι’
240 1075 281 1112 ἃς
312 1081 370 1112 καὶ
400 1078 463 1112 τὰς
493 1075 679 1112 άκοοάσεις
707 1079 879 1124 γίνεσθαι
912 1077 1011 1122 παρὰ
1042 1080 1114 1111 τοῖς
1138 1075 1235 1110 ὸικα-

1304 940 1423 974 adhuc
1446 939 1571 984 purius
1595 943 1632 974 et
1655 938 1816 974 sanctius
1840 938 1922 974 lites
1946 939 2001 982 agi
2024 948 2296 983 praeparemus3
2321 948 2386 983 per

1306 995 1393 1029 quas
1418 988 1454 1019 et
1478 984 1696 1029 cognitiones
1719 983 1798 1019 fieri
1822 994 1844 1018 a
1867 983 2045 1019 iudicibus
2071 984 2235 1019 omnibus
2261 983 2385 1018 divinis

1305 1030 1498 1075 propositis
1523 1029 1711 1074 evangeliis
1736 1029 1915 1065 sancimus
1940 1032 1976 1064 et
1995 1029 2239 1064 iusiurandum
2265 1029 2385 1063 subire

1306 1079 1341 1110 et
1372 1075 1555 1119 pulsantes
1591 1077 1626 1110 et
1656 1075 1819 1119 pulsatos
1851 1077 1888 1110 et
1911 1075 2103 1110 advocatos
2135 1074 2385 1119 praecipimus,

160 1126 259 1156 σταῖς
290 1119 406 1158 ἅπασι
435 1125 512 1175 τῶν
535 1110 653 1176 θείων
676 1126 923 1169 προκειμένων
947 1122 1080 1176 λογίων
1112 1124 1235 1165 ἐνομο-
1250 1124 1291 1156 20
1306 1121 1438 1166 ubique
1462 1120 1527 1155 deo
1547 1120 1751 1166 inspectore
1775 1123 1811 1155 et
1834 1130 1957 1155 eorum
1983 1120 2042 1164 qui
2064 1120 2225 1155 iudicant
2247 1124 2283 1155 et
2308 1118 2384 1163 qui-

160 1165 378 1212 θετήσαμεν,
404 1172 463 1202 καὶ
479 1166 588 1214 ὁρκον
611 1171 755 1210 υπέχειν
778 1171 837 1202 καὶ
857 1167 939 1202 τοὺς
958 1170 1154 1215 ἐνάγοντας
1177 1170 1236 1200 καὶ

159 1214 241 1247 τοὺς
268 1215 499 1260 ἐναγομένους
534 1217 593 1248 καὶ
625 1214 707 1247 τοὺς
736 1212 950 1260 συνηγόρους
981 1211 1236 1258 παρεκελευσά-

158 1259 269 1302 μεθα,
295 1260 481 1301 πανταχοῦ
504 1259 572 1293 τὸν
588 1258 682 1293 θεὸν
704 1260 913 1304 ἐφιστάντες
936 1262 1013 1293 ταῖς
1038 1259 1113 1293 τῶν
1138 1256 1235 1291 δικα-

160 1307 323 1348 ζομένων
351 1317 390 1338 τε
420 1308 479 1338 καὶ
508 1302 735 1346 δικαζόντων
764 1308 823 1337 καὶ
852 1305 929 1338 τῶν
952 1301 1236 1358 μαρτυρούντων

1305 1167 1372 1201 bus
1404 1165 1583 1202 iudicatur
1616 1169 1651 1200 et
1683 1166 1742 1209 qui
1775 1165 2015 1201 testimonium
2047 1166 2220 1211 praebent
2250 1164 2384 1200 anima-

1305 1212 1389 1253 bus,
1426 1214 1466 1247 ut
1499 1211 1665 1256 perennis
1699 1210 1755 1246 dei
1788 1211 2077 1246 commemoratio
2114 1215 2148 1245 et
2182 1209 2386 1255 praesentia

1305 1256 1438 1291 munda
1460 1257 1575 1292 litium
1606 1261 1642 1291 et
1674 1257 1763 1291 citra
1788 1256 2025 1301 suspicionem
2058 1256 2277 1300 litigantibus
2308 1255 2383 1289 fiat.

1306 1303 1418 1346 Quam
1450 1313 1531 1337 vero
1563 1302 1674 1347 legem
1708 1304 1828 1336 tenere
1864 1303 2025 1337 volumus
2062 1302 2105 1337 de
2137 1306 2254 1337 cetero
2291 1300 2386 1336 omni

160 1352 301 1393 ψυχαῖς,
335 1350 395 1383 ἵνα
426 1347 486 1383 διὰ
519 1347 673 1384 πάντων
696 1350 740 1396 τῇ
763 1351 827 1383 τοῦ
852 1350 942 1383 θεοῦ
958 1363 1088 1404 ,μνήμῃ
1113 1361 1152 1382 τε
1176 1351 1235 1382 καὶ
1250 1351 1290 1383 25
1305 1353 1474 1393 tempore.

159 1397 338 1439 παρουσίᾳ
369 1395 518 1442 καθαρὰ
550 1395 595 1429 τὰ
624 1396 702 1428 τῶν
727 1392 841 1428 δικῶν
865 1398 923 1428 καὶ
948 1407 1141 1429 ανυποπτα
1164 1396 1236 1428 τοῖς

159 1438 402 1483 δικαζομένοις
423 1443 570 1486 γίνοιτο.
611 1437 655 1474 ὃν
675 1438 719 1483 δὴ
735 1437 849 1484 νόμον
865 1443 1008 1486 κρατεῖν
1024 1436 1237 1484 βουλόμεθα

159 1486 206 1518 εἰς
228 1484 296 1519 τὸν
320 1487 338 1518 ἐ
367 1485 446 1528 εξῆς
469 1481 616 1519 ἅπαντα
641 1485 782 1529 χρόνον,

203 1499 490 1576 <Ἐπίῖογος >
551 1530 597 1564 Τὰ
629 1535 753 1565 τοίνυν
788 1527 1028 1585 παραστάντα
1061 1528 1148 1583 ἡμῖν
1179 1532 1238 1562 καὶ

1365 1526 1636 1573 (Epilogus)
1690 1527 1789 1571 Quae
1823 1528 1931 1572 igitur
1967 1527 2180 1572 placuerunt
2214 1526 2316 1561 nobis
2352 1529 2388 1561 et

159 1573 219 1608 διὰ
244 1574 350 1609 τοῦδε
381 1576 445 1609 τοῦ
471 1576 575 1610 θείου
599 1574 801 1620 δηλούμενα
832 1589 942 1630 νομου
974 1590 993 1618 η
1018 1575 1062 1618 σὴ
1086 1574 1240 1620 υπεροχὴ
1252 1579 1294 1611 30
1308 1584 1372 1619 per
1397 1574 1490 1608 hanc
1516 1573 1668 1607 divinam
1701 1573 1929 1608 manifestata
1960 1577 2043 1608 sunt
2073 1573 2184 1617 legem
2216 1575 2278 1607 tua
2302 1572 2386 1606 emi-

160 1622 251 1666 ἔργῳ
284 1623 344 1653 καὶ
374 1624 504 1673 πέρατι
537 1619 764 1666 παραδοῦναι
795 1633 998 1655 σπευσατω.
1091 1621 1175 1655 Dat.
1201 1620 1236 1655 k.

157 1665 296 1755 ggtigigb
319 1665 396 1746 §PC
417 1677 519 1746 ncncpris
533 1666 591 1701 dn.
625 1667 812 1701 Iustiniani
841 1678 899 1711 pp.
935 1668 977 1702 A.
1009 1676 1101 1702 anno
1133 1666 1233 1701 XIII.

1208 1714 1253 1751 [a.
1269 1713 1345 1751 539]

1309 1619 1431 1655 nentia
1455 1618 1555 1663 operi
1579 1618 1790 1662 effectuique
1818 1618 1959 1653 tradere
1983 1618 2138 1653 festinet.
2206 1617 2286 1652 Dat.
2312 1617 2384 1651 kal.

1305 1665 1431 1700 Octob.
1450 1664 1533 1709 imp.
1551 1663 1608 1699 dn.
1628 1663 1815 1698 Iustiniani
1836 1675 1895 1708 pp.
1912 1664 2001 1709 Aug.
2021 1674 2116 1699 anno
2129 1662 2228 1698 XIII.
2247 1662 2387 1708 Apione

1415 1710 1490 1745 viro
1515 1709 1710 1744 clarissimo
1737 1710 1892 1744 consule.

161 1804 266 1836 testes
289 1800 509 1847 deponentes
532 1801 699 1845 noluerit,
731 1811 811 1836 cum
842 1801 965 1847 utique
994 1802 1031 1836 in
1055 1801 1204 1849 publico
1235 1805 1397 1836 versetur
1426 1810 1470 1834 ac
1500 1810 1573 1834 non
1605 1810 1654 1834 ea:
1678 1799 1876 1834 inevitabili
1905 1798 2063 1845 quadam
2090 1798 2301 1835 necessitate
2323 1798 2388 1834 ad-

159 1847 278 1881 venire
302 1851 466 1892 nequeat,
496 1847 582 1893 pari
605 1846 686 1882 loco
712 1857 791 1882 cum
811 1847 1066 1893 praesentibus
1090 1847 1170 1888 erit,
1200 1857 1315 1892 neque
1338 1845 1450 1880 ullum
1474 1844 1697 1879 commodum
1722 1856 1770 1880 ex
1794 1844 2022 1880 contumacia
2047 1844 2079 1879 ei
2104 1844 2290 1890 obtinqet;
2325 1843 2389 1879 sed

159 1891 347 1927 videantur
371 1892 514 1938 quidem
541 1892 741 1927 testimonia
773 1899 928 1938 ucraque
947 1896 1056 1939 parte
1074 1898 1270 1939 praesente
1291 1891 1415 1936 facta,
1447 1901 1694 1936 quaecumque
1723 1901 1805 1926 vero
1836 1891 1869 1925 ei
1892 1889 2127 1936 exceptiones
2160 1889 2204 1925 de
2226 1889 2272 1924 iis
2296 1898 2387 1924 com-

157 1942 291 1983 petent,
324 1936 380 1972 leis
410 1937 463 1972 uti
491 1937 607 1980 liceat,
638 1938 708 1972 nisi
738 1938 837 1984 quod
868 1938 935 1973 lioc
959 1949 1080 1980 unum,
1111 1938 1155 1973 ab
1180 1949 1253 1972 una
1287 1940 1425 1972 tantum
1454 1940 1561 1982 parte
1584 1946 1626 1970 ea
1648 1936 1754 1981 facta
1779 1935 1908 1982 videri,
1937 1938 2096 1982 propter
2126 1934 2388 1970 contumaciam

160 1982 246 2025 eius,
271 1983 357 2028 quip
387 1994 405 2018 e
429 1983 492 2027 qui
512 1993 583 2029 per
604 1982 796 2027 fastidium
819 1994 892 2018 non
917 1983 1092 2029 adfuerit,
1125 1982 1336 2019 testimoniis
1360 1981 1501 2034 opponi
1522 1992 1594 2016 non
1612 1981 1742 2027 possit.
1792 1980 1947 2026 Reliqua
1971 1983 2089 2015 autem
2114 1980 2246 2021 omnia,
2279 1990 2387 2026 quae-

160 2038 311 2073 cumque
368 2039 386 2062 e
411 2027 557 2062 testibus
585 2039 608 2062 a
639 2028 887 2063 decessoribus
910 2029 1048 2063 nostris
1079 2028 1134 2064 vel
1164 2040 1186 2063 a
1211 2027 1312 2062 nobis
1337 2028 1427 2074 ipszs
1447 2026 1545 2062 dicta
1576 2030 1611 2061 et
1633 2026 1776 2061 sancita
1800 2031 1903 2068 sunt,
1927 2030 2011 2060 rata
2034 2030 2204 2061 maneant
2233 2028 2342 2071 atque
2365 2036 2388 2060 a

160 2072 337 2108 iudicibus
360 2073 507 2112 nostris,
539 2072 612 2108 sive
635 2074 790 2108 maiores
812 2074 885 2108 sive
907 2073 1065 2109 minores
1088 2074 1177 2115 sint,
1209 2073 1281 2107 sive
1305 2073 1342 2106 in
1366 2082 1500 2117 maqna
1524 2071 1593 2106 leac
1616 2071 1704 2106 urbe
1734 2071 1808 2106 sive
1831 2071 1868 2105 in
1888 2071 2100 2117 provinciis,
2125 2070 2387 2112 custodiantur,

161 2122 201 2152 ut
224 2118 269 2152 iis
293 2128 435 2163 quoque
459 2128 552 2162 quae
576 2118 625 2152 ad
648 2121 752 2153 testes
769 2119 955 2163 pertinent
980 2129 1003 2153 a
1026 2118 1130 2153 nobis
1153 2122 1327 2164 quantum
1348 2118 1433 2161 fieri
1454 2121 1575 2162 potest
1598 2116 1795 2152 emendatis
1818 2117 2034 2161 efficiamus,
2066 2120 2106 2150 ut
2129 2116 2236 2151 etiam
2253 2117 2389 2162 purius

162 2166 196 2197 et
219 2163 381 2198 sanctius
405 2162 484 2197 lites
509 2166 691 2208 aqantur;
719 2168 877 2209 propter
901 2173 992 2208 quas
1014 2164 1121 2198 etiam
1146 2163 1371 2209 coqnitiones
1402 2162 1503 2207 apud
1526 2161 1662 2197 iudices
1686 2172 1807 2196 omnes
1834 2161 1920 2206 sieri
1942 2161 2073 2197 divinis
2099 2161 2227 2196 litteris
2247 2172 2386 2207 propo-

162 2207 240 2242 sitis
263 2208 463 2248 sanoeimus,
499 2213 608 2252 atque
637 2207 888 2242 iusiurandum
918 2207 1039 2242 subire
1074 2214 1107 2243 et
1141 2214 1283 2243 actores
1313 2211 1347 2242 et
1370 2217 1452 2241 reos
1482 2210 1518 2241 et
1540 2206 1736 2241 advocatos
1759 2206 1939 2248 iussimus,
1975 2206 2079 2241 deum
2105 2207 2235 2251 ubique
2258 2210 2293 2242 et
2317 2206 2388 2242 liti-

162 2256 331 2297 qatorum
363 2257 398 2287 et
419 2251 575 2286 iudicum
607 2257 642 2286 et
667 2253 806 2287 testium
831 2252 962 2286 animis
984 2257 1215 2298 praesentem
1243 2254 1499 2297 proponentes,
1530 2256 1571 2286 ut
1595 2251 1655 2286 dei
1676 2251 1849 2285 memoria
1873 2262 1917 2286 ac
1934 2251 2146 2297 praesentia
2174 2262 2243 2296 per
2267 2251 2388 2286 omnia

164 2298 243 2331 lites
265 2297 428 2342 inteqrae
458 2300 492 2331 et
522 2297 727 2342 suspicione
758 2306 893 2332 vacuae
917 2297 1140 2342 litiqantibus
1160 2298 1265 2342 fiant.

165 2349 283 2377 turum
306 2342 425 2377 valere
449 2341 620 2380 volumus.

301 2386 364 2433 Ep
376 2386 440 2421 ilo
450 2398 474 2430 q
483 2398 507 2421 u
516 2397 542 2421 s.

164 2432 213 2467 ad
235 2443 327 2478 opus
350 2436 386 2468 et
408 2432 573 2477 effectum
598 2431 777 2466 adducere
799 2431 955 2466 studeat.

1314 2295 1428 2338 Quam
1453 2295 1595 2341 quidem
1628 2296 1740 2341 leyem
1771 2296 1809 2330 in
1841 2306 1943 2331 omne
1969 2299 2106 2342 tempus
2136 2295 2304 2343 deinceps
2325 2297 2387 2341 fu-

589 2385 690 2429 Quae
720 2386 833 2432 iqitur
864 2386 967 2421 nobis
994 2386 1216 2432 placuerunt
1246 2391 1279 2420 et
1306 2396 1378 2431 per
1401 2383 1496 2419 hanc
1526 2394 1668 2419 sacram
1692 2385 1804 2430 leqem
1837 2385 2071 2421 declarantur
2102 2389 2164 2421 tua
2187 2386 2388 2422 sublimitas

212 2537 223 2568 1
254 2537 370 2568 καίτοι
394 2530 619 2577 δημοσιεύων
642 2534 682 2567 τὲ
706 2530 801 2575 (ἀντὶ
826 2533 890 2566 τοῦ
916 2530 1082 2576 ἐνδημῶν
1100 2533 1143 2565 M
1155 2544 1180 2564 s.
1198 2532 1241 2571 v.)

166 2581 267 2621 MB2]
303 2582 362 2612 καὶ
394 2575 452 2613 ὅτι
484 2576 706 2622 δημοσιεύων
729 2579 769 2612 τὲ
792 2579 839 2612 L¹
870 2581 929 2611 καὶ
957 2574 1014 2612 ὅτι
1039 2576 1241 2621 δημοσιευο-

164 2628 285 2669 μένων
295 2625 336 2666 (Ἰ)
362 2625 420 2666 12²,
446 2638 503 2658 om.
524 2624 582 2666 ΒΓ,
619 2624 741 2657 etenim
765 2624 1026 2667 publicabuntur
1051 2636 1069 2659 ς
1096 2629 1108 2666 ΙΙ
1139 2624 1158 2655 2
1184 2624 1242 2654 καὶ

166 2685 222 2704 om.
244 2671 294 2704 Rs
313 2683 340 2703 υ.
365 2671 384 2703 l.
415 2669 427 2713 ΙΙ
456 2672 475 2704 3
500 2672 572 2703 τοῖς
602 2671 950 2715 παραγενησομένοις
976 2670 1024 2702 B⁸
1038 2683 1068 2701 v.
1091 2670 1110 2701 l.
1147 2668 1241 2700 adve-

165 2716 273 2749 nienti
297 2727 316 2752 ς
343 2714 355 2758 ΙΙ
384 2717 402 2748 5
428 2712 618 2757 συστάδην]
643 2716 854 2757 probationes
878 2727 896 2751 ς
921 2715 933 2757 1]
961 2715 1145 2760 γεγονέναι
1174 2714 1241 2745 Ha-

167 2763 301 2795 Ioander
315 2760 506 2815 γεγονῆναι
521 2760 571 2794 Bf
585 2761 596 2804 ΙΙ
616 2763 634 2794 7
651 2759 743 2793 εἶναι
765 2756 876 2793 αὐτὰς
889 2761 919 2793 L
939 2759 950 2803 ΙΙ
968 2762 986 2794 8
1005 2757 1048 2802 δὴ
1067 2772 1124 2791 om.
1139 2757 1243 2801 LBs'l

167 2809 204 2842 11
232 2808 341 2850 παρα]
367 2808 399 2838 et
415 2806 455 2838 ab
481 2818 499 2842 ς
516 2802 568 2849 1Ιῆ
593 2819 649 2839 om.
666 2818 684 2841 ς
701 2805 713 2849 ΙΙ
736 2807 775 2839 14
798 2804 868 2838 εἴτε
892 2806 963 2846 ἐπὶ]
990 2808 1021 2838 et
1045 2804 1113 2837 sive
1138 2805 1173 2835 in
1191 2815 1210 2838 ς
1232 2802 1242 2846 Η

168 2854 207 2887 19
220 2850 394 2897 γενέσθαι
408 2852 438 2883 L
450 2849 461 2895 Ι]
474 2853 515 2884 20
530 2849 859 2894 ἐνομοθετήσαμεν]
877 2851 1042 2882 sancimus
1059 2862 1087 2885 ς.
1120 2850 1196 2883 Cod.
1211 2851 1242 2890 3,

166 2906 230 2938 1,14
250 2897 262 2941 11
279 2898 321 2931 22
334 2893 642 2940 παρεκελεύσαμεν
653 2897 682 2929 L
697 2896 918 2938 praecipimus
931 2908 950 2931 ς
965 2896 977 2939 ΙΙ
997 2897 1038 2929 23
1053 2894 1129 2928 τῶν
1145 2892 1242 2927 δικα-

167 2944 330 2985 ζομένων
354 2954 392 2974 τε
416 2943 476 2973 καὶ
501 2939 741 2982 δικαζόντων]
766 2944 798 2973 et
816 2952 930 2973 eorum
955 2941 1013 2982 qui
1036 2940 1187 2972 iudicant
1212 2942 1243 2971 et

167 2988 289 3029 quibus
312 2987 480 3018 iudicatur
504 2998 522 3022 ς
539 2986 551 3030 ΙΙ
570 2989 611 3020 25
621 3000 668 3029 sq.
688 2986 748 3019 ἵνα
760 3006 802 3009 -
816 2983 940 3026 δικῶν]
968 2989 1003 3017 ut
1019 2986 1172 3028 perennis
1191 2984 1243 3017 dei

168 3032 433 3064 commemoratio
458 3035 490 3063 et
512 3032 698 3073 praesentia
721 3031 845 3063 munda
865 3031 974 3063 litium
999 3030 1047 3074 31}
1070 3027 1141 3070 διὰ]
1168 3029 1243 3063 τῶν

169 3074 227 3110 διὰ
254 3076 302 3108 ΒΓ
328 3076 341 3121 ΙΙ
373 3077 414 3109 26
438 3076 515 3108 τῶν
540 3090 597 3109 om.
615 3076 666 3110 ΒΓ
691 3078 702 3118 Η
730 3078 770 3110 27
798 3072 854 3116 δὴ]
892 3086 968 3108 vero
993 3078 1026 3116 (i.
1053 3089 1077 3108 e.
1103 3073 1154 3117 δὲ)
1180 3087 1199 3111 ς
1232 3073 1244 3119 ΙΙ

170 3124 208 3156 31
236 3122 302 3154 dat.
326 3140 369 3145 —
390 3131 478 3154 cons.
504 3134 532 3161 ς,
558 3119 692 3167 ἐγράφη
710 3117 901 3154 καλάνδων
923 3117 1154 3166 Ὀκτωβρίων
1178 3122 1243 3162 βα-

169 3165 300 3199 σιλείας
322 3162 575 3199 Ἰουστινιανοῦ
601 3165 643 3199 τὸ
670 3164 722 3208 ιβ’
737 3162 906 3198 ὑπατείας
926 3167 1084 3207 (sic)Ath.
1111 3164 1242 3209 ἐξεφω-

168 3211 267 3254 νήθη
299 3213 383 3253 μηνὶ
412 3206 602 3256 ὅκτωβρίῳ
635 3211 697 3253 τῆς
719 3208 901 3254 βασιλείας
925 3212 996 3243 ἔτει
1021 3208 1064 3256 ιγ’
1089 3206 1243 3252 ὑπατείᾳ

166 3253 327 3291 Ἆπίονος
346 3257 477 3297 ΤΙιεοά.,
501 3257 566 3289 dat.
588 3267 647 3288 xv.
668 3257 700 3288 k.
725 3258 805 3297 sept.
824 3256 887 3288 CP.
914 3259 988 3299 post
1013 3266 1068 3288 css
1094 3255 1242 3289 uilisario

170 3314 216 3335 us.
242 3313 329 3334 anno
350 3301 385 3333 11
412 3301 452 3333 M

236 3438 249 3469 1
279 3435 509 3478 dispositiones
532 3435 618 3468 R¹T
648 3445 732 3476 quae
756 3435 968 3478 deponuntur
993 3435 1127 3479 Greyor.
1153 3435 1165 3479 ΙΙ
1195 3438 1240 3468 et-

173 3480 259 3513 enim
280 3500 322 3524 -÷
348 3483 367 3515 5
392 3481 508 3521 factae]
534 3480 748 3525 cumputiquc
772 3481 807 3512 in
832 3480 967 3523 publico
990 3480 1033 3512 sit
1056 3483 1089 3513 et
1111 3492 1178 3513 non
1204 3492 1242 3514 ex

172 3525 358 3558 inevitabili
383 3526 524 3567 quadam
547 3525 740 3558 necessitate
760 3525 873 3558 venire
897 3536 964 3558 non
984 3526 1100 3568 possit,
1123 3537 1242 3568 aequa-

1311 2530 1389 2563 liter
1408 2531 1454 2564 eis
1471 2533 1571 2564 erunt
1592 2532 1664 2574 (leq.
1680 2531 1755 2574 erit)
1771 2533 1939 2574 tamquam
1956 2532 1982 2564 si
2000 2532 2221 2575 advenissent,
2240 2536 2272 2566 et
2292 2534 2387 2568 nulla

1312 2576 1443 2609 utilitas
1475 2587 1513 2609 ex
1542 2579 1733 2618 contemptu
1762 2588 1821 2610 suo
1854 2578 1885 2610 ei
1917 2577 2132 2611 adhibuerint
2161 2579 2386 2621 (adhibebitur

1313 2622 1422 2666 vulq.)‚
1452 2622 1509 2655 sed
1538 2621 1740 2655 videbuntur
1773 2622 1904 2664 quidem
1937 2633 1975 2655 ex
1999 2623 2171 2665 utriusque
2201 2626 2386 2667 praesentia

1312 2667 1398 2699 facta
1418 2667 1554 2711 Greyor.
1575 2666 1587 2711 ΙΙ
1611 2667 1826 2710 publicantur
1846 2668 1902 2712 Vll
1921 2670 1940 2702 2
1965 2678 2032 2700 non
2055 2669 2131 2701 17¹?
2144 2670 2227 2711 RT]
2253 2671 2316 2702 nisi
2339 2671 2387 2703 V²

1311 2714 1397 2755 ναῖς.
1418 2711 1430 2756 Ι]
1446 2712 1592 2754 aliquam
1616 2712 1872 2745 inexcusabilem
1890 2714 1920 2746 T
1932 2714 1944 2756 ΙΙ
1969 2715 1987 2746 3
2007 2715 2135 2756 possint
2156 2715 2205 2748 V²
2218 2715 2248 2748 T
2260 2714 2271 2759 ΙΙ
2291 2715 2386 2748 adin-

1311 2758 1519 2790 uenientiR¹
1533 2757 1543 2801 ΙΙ
1557 2759 1577 2791 4
1589 2758 1830 2800 propteruitate
1846 2759 1879 2792 V
1887 2758 1899 2803 ΙΙ
1919 2760 1938 2793 6
1950 2759 2112 2802 petierint
2129 2760 2179 2802 Vll
2190 2760 2254 2802 his]
2272 2761 2319 2794 eis
2337 2760 2387 2805 Vss

1312 2805 1329 2835 7
1356 2803 1384 2834 is
1406 2803 1439 2835 V
1455 2802 1466 2846 ΙΙ
1495 2804 1514 2836 8
1538 2803 1764 2846 propteruiam
1790 2805 1936 2847 (propter
1960 2805 2049 2837 uiam
2071 2805 2134 2846 17¹)
2162 2805 2235 2838 RV
2258 2809 2381 2847 protei-1

1312 2848 1450 2880 uitatem
1470 2847 1518 2881 Τ2
1535 2847 1547 2891 ΙΙ
1564 2848 1698 2889 *quasiJ
1723 2859 1806 2890 quae
1831 2850 1908 2882 libri
1921 2850 1933 2892 Η
1952 2851 1972 2883 9
1997 2849 2242 2891 testationibus]
2267 2851 2309 2883 al.
2329 2852 2385 2884 ad-

1311 2893 1520 2925 testationem
1536 2893 1587 2925 T³
1600 2895 1631 2926 in
1645 2906 1746 2936 marq.
1766 2892 1778 2937 ΙΙ
1797 2896 1837 2928 10
1860 2896 1902 2934 et]
1928 2894 1968 2927 ad
1991 2898 2004 2926 ῑ
2027 2898 2060 2926 et
2078 2896 2140 2936 Τι’,
2165 2898 2198 2928 et
2221 2909 2280 2929 om.
2303 2897 2351 2929 V¹
2376 2899 2387 2939 ΙΙ

1314 2941 1352 2972 11
1372 2938 1451 2980 ipsis
1469 2951 1526 2970 om.
1539 2938 1572 2970 R
1590 2937 1603 2981 ΙΙ
1623 2939 1661 2972 13
1680 2939 1823 2971 minores
1839 2939 1909 2972 siue
1925 2939 2064 2972 maiores
2079 2940 2147 2972 sint
2165 2942 2196 2973 in
2214 2954 2279 2974 ras.
2305 2941 2354 2974 V2
2373 2942 2385 2985 ΙΙ

1312 2986 1344 3016 et
1368 2984 1435 3015 sive
1460 2996 1516 3015 om.
1540 2983 1574 3015 V
1592 2982 1604 3025 ΙΙ
1633 2985 1674 3017 14
1697 2983 1785 3016 foras
1801 2984 1835 3017 V
1850 2983 1862 3028 ΙΙ
1887 2987 1937 3025 ut]
1962 2986 2021 3017 aut
2046 2985 2100 3018 Ta
2119 2985 2131 3029 ΙΙ
2156 2987 2188 3018 et
2213 2999 2271 3019 om.
2294 2987 2356 3019 VT
2375 2988 2386 3029 ΙΙ

1314 3031 1354 3062 15
1368 3031 1417 3061 est
1433 3027 1529 3060 nobis
1546 3028 1729 3069 corigentes
1748 3029 1780 3062 T
1794 3027 1805 3073 ΙΙ
1825 3031 1864 3063 16
1877 3029 1997 3070 adhuc]
2018 3032 2050 3062 et
2063 3030 2172 3062 adhuc
2185 3030 2235 3063 R²
2250 3030 2262 3075 ΙΙ
2279 3041 2384 3073 purus

1312 3074 1360 3107 R¹
1384 3073 1476 3116 prius
1490 3072 1539 3105 Τ1
1555 3071 1567 3116 ΙΙ
1585 3073 1731 3105 sanctius
1746 3093 1788 3097 —-
1802 3075 1844 3107 22
1862 3076 1894 3107 et
1909 3073 1996 3118 prael
2015 3087 2076 3108 scr.
2091 3075 2140 3108 R2
2154 3077 2186 3108 in
2202 3089 2268 3108 ras.
2279 3078 2299 3109 4
2312 3089 2360 3109 vv.
2374 3076 2385 3118 11

1310 3122 1380 3162 per]
1406 3121 1437 3150 et
1459 3117 1505 3150 V²
1533 3117 1545 3160 ΙΙ
1577 3120 1616 3151 17
1642 3121 1674 3149 et
1698 3131 1756 3151 om.
1779 3119 1816 3159 V,
1841 3119 1896 3151 uel
1921 3121 1980 3152 ins.
2003 3119 2052 3152 V³
2081 3119 2093 3163 ΙΙ
2123 3122 2163 3154 18
2187 3121 2385 3163 praepositis

1320 3166 1381 3198 VT
1394 3164 1406 3208 ΙΙ
1426 3165 1466 3198 19
1492 3164 1523 3195 et
1545 3163 1713 3205 pulsantes
1738 3176 1795 3196 om.
1811 3164 1861 3197 T²
1880 3163 1891 3206 ΙΙ
1916 3165 1957 3198 20
1983 3164 2043 3197 deo
2067 3165 2254 3207 inspectore
2279 3166 2331 3199 Τ3
2352 3168 2384 3199 in

1312 3211 1427 3254 τηανφ]
1453 3208 1549 3241 deum
1573 3208 1791 3250 inspectorem
1817 3209 1934 3247 RVT;
1967 3209 2082 3242 dantes
2106 3212 2157 3243 vel
2179 3211 2385 3252 imponentes

1313 3255 1493 3288 addendum
1508 3260 1613 3286 censet
1629 3253 1858 3296 Osenbru'yqen
1877 3252 1889 3298 ss
1906 3255 1945 3288 21
1962 3256 1994 3286 et
2009 3254 2078 3295 qui]
2093 3255 2136 3287 al.
2151 3266 2264 3288 eorum
2277 3258 2383 3289 adscr.

1315 3300 1365 3334 T³
1378 3302 1409 3333 in
1424 3312 1524 3341 marq.
1543 3298 1555 3341 ΙΙ
1574 3299 1615 3331 22
1636 3298 1802 3340 perennis]
1823 3312 1884 3329 *u
1907 3299 1956 3332 V¹
1979 3309 2037 3341 per
2058 3300 2106 3332 V2
2125 3301 2136 3339 ΙΙ
2153 3311 2384 3334 commemora-

1312 3346 1437 3378 tionem
1457 3344 1505 3377 V³
1523 3343 1535 3386 ΙΙ
1553 3344 1593 3376 23
1607 3343 1730 3375 munda
1747 3356 1804 3376 om.
1822 3344 1854 3377 T
1861 3344 1871 3364 ¹
1889 3343 1900 3387 ΙΙ
1917 3343 2085 3386 litiganti*
2109 3345 2158 3377 17¹
2177 3346 2384 3386 litigantium

1313 3390 1406 3424 RV2
1429 3390 1441 3433 ΙΙ
1468 3390 1510 3423 24
1535 3399 1633 3430 quam
1657 3399 1736 3421 uero
1762 3390 1794 3422 in
1815 3402 1881 3421 ras.
1905 3388 1953 3422 V2
1975 3387 1987 3433 ll
2013 3392 2101 3421 certo
2126 3390 2158 3422 R
2176 3390 2187 3429 ΙΙ
2213 3391 2253 3424 30
2279 3392 2384 3423 mani-

1312 3437 1395 3469 festa
1409 3434 1506 3477 RVn
1525 3435 1563 3467 31
1579 3436 1698 3466 subscr.
1725 3433 1801 3466 data
1820 3433 1865 3466 kl.
1887 3434 1996 3466 octub.
2021 3434 2118 3477 impr.
2138 3434 2213 3467 don.
2233 3435 2309 3468 iust.
2328 3446 2383 3478 pp.

1312 3492 1387 3522 aug.
1413 3491 1500 3512 anno
1525 3478 1605 3510 XII.
1631 3478 1749 3521 apione
1774 3479 1847 3511 uiro
1872 3478 2056 3512 clarissimo
2081 3479 2216 3513 consule
2243 3481 2281 3523 V,
2317 3482 2382 3516 dat.

1313 3526 1378 3559 kal.
1400 3527 1464 3558 oct.
1490 3525 1613 3558 omissis
1639 3525 1771 3567 reliquis
1797 3525 1914 3557 Bomb.
1929 3525 1973 3558 II
