<?xml version="1.0" encoding="UTF-8"?>
<!DOCTYPE html PUBLIC "-//W3C//DTD XHTML 1.0 Transitional//EN"
    "http://www.w3.org/TR/xhtml1/DTD/xhtml1-transitional.dtd">
<html xmlns="http://www.w3.org/1999/xhtml" xml:lang="en" lang="en">
 <head>
  <title>
</title>
<meta http-equiv="Content-Type" content="text/html;charset=utf-8" />
  <meta name='ocr-system' content='tesseract 3.04.00' />
  <meta name='ocr-capabilities' content='ocr_page ocr_carea ocr_par ocr_line ocrx_word'/>
</head>
<body>
  <div class='ocr_page' id='page_1' title='image "./corpusiuriscivil03krueuoft_0343.png"; bbox 0 0 2618 4010; ppageno 0'>
   <div class='ocr_carea' id='block_1_1' title="bbox 167 135 511 176">
    <p class='ocr_par' dir='ltr' id='par_1_1' title="bbox 167 135 511 176">
     <span class='ocr_line' id='line_1_1' title="bbox 167 135 511 176; baseline 0.006 -10"><span class='ocrx_word' id='word_1_1' title='bbox 167 135 245 176; x_wconf 80' lang='lat' dir='ltr'>Qm</span> <span class='ocrx_word' id='word_1_2' title='bbox 273 136 511 168; x_wconf 66' lang='lat' dir='ltr'>sensnum·</span> 
     </span>
    </p>
   </div>
   <div class='ocr_carea' id='block_1_2' title="bbox 1236 122 1318 170">
    <p class='ocr_par' dir='ltr' id='par_1_2' title="bbox 1236 122 1318 170">
     <span class='ocr_line' id='line_1_2' title="bbox 1236 122 1318 170; baseline 0 0"><span class='ocrx_word' id='word_1_3' title='bbox 1236 122 1318 170; x_wconf 86' lang='lat'>313</span> 
     </span>
    </p>
   </div>
   <div class='ocr_carea' id='block_1_3' title="bbox 2011 128 2393 172">
    <p class='ocr_par' dir='ltr' id='par_1_3' title="bbox 2011 128 2393 172">
     <span class='ocr_line' id='line_1_3' title="bbox 2011 128 2393 172; baseline -0.005 0"><span class='ocrx_word' id='word_1_4' title='bbox 2011 128 2120 172; x_wconf 89' lang='lat' dir='ltr'>Nov.</span> <span class='ocrx_word' id='word_1_5' title='bbox 2151 129 2268 172; x_wconf 90' lang='lat' dir='ltr'>LVII</span> <span class='ocrx_word' id='word_1_6' title='bbox 2301 131 2336 171; x_wconf 90' lang='lat'>1.</span> <span class='ocrx_word' id='word_1_7' title='bbox 2369 130 2393 170; x_wconf 84' lang='lat'>2</span> 
     </span>
    </p>
   </div>
   <div class='ocr_carea' id='block_1_4' title="bbox 1173 281 1386 319">
    <p class='ocr_par' dir='ltr' id='par_1_4' title="bbox 1173 281 1386 319">
     <span class='ocr_line' id='line_1_4' title="bbox 1173 281 1386 319; baseline -0.005 -1"><span class='ocrx_word' id='word_1_8' title='bbox 1173 281 1333 319; x_wconf 82' lang='lat' dir='ltr'>CAPUT</span> <span class='ocrx_word' id='word_1_9' title='bbox 1357 282 1386 318; x_wconf 92' lang='grc' dir='ltr'>Ι.</span> 
     </span>
    </p>
   </div>
   <div class='ocr_carea' id='block_1_5' title="bbox 163 357 1242 541">
    <p class='ocr_par' dir='ltr' id='par_1_5' title="bbox 163 357 1242 541">
     <span class='ocr_line' id='line_1_5' title="bbox 211 357 1240 408; baseline 0.001 -14"><span class='ocrx_word' id='word_1_10' title='bbox 211 361 436 403; x_wconf 81' lang='grc' dir='ltr'><strong><em>Θεσπίζομεν</em></strong></span> <span class='ocrx_word' id='word_1_11' title='bbox 458 362 593 401; x_wconf 77' lang='grc' dir='ltr'><strong><em>τοίνυν,</em></strong></span> <span class='ocrx_word' id='word_1_12' title='bbox 623 357 673 403; x_wconf 81' lang='grc' dir='ltr'>μὴ</span> <span class='ocrx_word' id='word_1_13' title='bbox 696 361 803 394; x_wconf 84' lang='grc' dir='ltr'><strong><em>τοῦτο</em></strong></span> <span class='ocrx_word' id='word_1_14' title='bbox 826 361 998 407; x_wconf 68' lang='grc' dir='ltr'><strong><em>γίνεσθαι</em></strong></span> <span class='ocrx_word' id='word_1_15' title='bbox 1023 358 1172 406; x_wconf 76' lang='grc' dir='ltr'><strong><em>κώλυμα</em></strong></span> <span class='ocrx_word' id='word_1_16' title='bbox 1195 362 1240 408; x_wconf 81' lang='grc' dir='ltr'><strong><em>τῇ</em></strong></span> 
     </span>
     <span class='ocr_line' id='line_1_6' title="bbox 164 401 1242 452; baseline 0.001 -14"><span class='ocrx_word' id='word_1_17' title='bbox 164 404 244 450; x_wconf 78' lang='grc' dir='ltr'><strong><em>ἱερᾷ</em></strong></span> <span class='ocrx_word' id='word_1_18' title='bbox 258 403 468 451; x_wconf 76' lang='grc' dir='ltr'><strong><em>λειτουργίᾳ,</em></strong></span> <span class='ocrx_word' id='word_1_19' title='bbox 485 401 564 438; x_wconf 79' lang='grc' dir='ltr'><strong><em>ἀλλ’</em></strong></span> <span class='ocrx_word' id='word_1_20' title='bbox 580 404 719 449; x_wconf 78' lang='grc' dir='ltr'><strong><em>ἑτέρους</em></strong></span> <span class='ocrx_word' id='word_1_21' title='bbox 735 406 1034 452; x_wconf 73' lang='grc' dir='ltr'><strong><em>ἐγκαθίστασθαι</em></strong></span> <span class='ocrx_word' id='word_1_22' title='bbox 1048 404 1148 450; x_wconf 82' lang='grc' dir='ltr'><strong><em>παρὰ</em></strong></span> <span class='ocrx_word' id='word_1_23' title='bbox 1163 406 1242 440; x_wconf 85' lang='grc' dir='ltr'>τῶν</span> 
     </span>
     <span class='ocr_line' id='line_1_7' title="bbox 164 446 1240 496; baseline 0.001 -13"><span class='ocrx_word' id='word_1_24' title='bbox 164 450 233 483; x_wconf 76' lang='grc' dir='ltr'>θεο</span> <span class='ocrx_word' id='word_1_25' title='bbox 263 446 462 484; x_wconf 81' lang='grc' dir='ltr'><strong><em>ιλεστάτων</em></strong></span> <span class='ocrx_word' id='word_1_26' title='bbox 491 447 719 492; x_wconf 66' lang='grc' dir='ltr'><strong><em>ἐπισκόπων,</em></strong></span> <span class='ocrx_word' id='word_1_27' title='bbox 754 447 820 496; x_wconf 76' lang='grc' dir='ltr'>ὑφ’</span> <span class='ocrx_word' id='word_1_28' title='bbox 847 447 907 485; x_wconf 68' lang='grc' dir='ltr'>οὓς</span> <span class='ocrx_word' id='word_1_29' title='bbox 939 449 979 485; x_wconf 83' lang='grc' dir='ltr'>αἱ</span> <span class='ocrx_word' id='word_1_30' title='bbox 1010 448 1118 485; x_wconf 79' lang='grc' dir='ltr'><strong><em>αὐταὶ</em></strong></span> <span class='ocrx_word' id='word_1_31' title='bbox 1149 450 1240 484; x_wconf 82' lang='grc' dir='ltr'><strong><em>καθ’·</em></strong></span> 
     </span>
     <span class='ocr_line' id='line_1_8' title="bbox 163 492 1240 541; baseline 0.002 -13"><span class='ocrx_word' id='word_1_32' title='bbox 163 505 354 537; x_wconf 83' lang='grc' dir='ltr'><strong><em>εστηκασιν</em></strong></span> <span class='ocrx_word' id='word_1_33' title='bbox 385 492 584 537; x_wconf 75' lang='grc' dir='ltr'><strong><em>ἐκκλησίαι,</em></strong></span> <span class='ocrx_word' id='word_1_34' title='bbox 616 497 675 527; x_wconf 80' lang='grc' dir='ltr'>καὶ</span> <span class='ocrx_word' id='word_1_35' title='bbox 708 493 835 530; x_wconf 72' lang='grc' dir='ltr'><strong><em>αὐτοὺς</em></strong></span> <span class='ocrx_word' id='word_1_36' title='bbox 865 496 982 530; x_wconf 82' lang='grc' dir='ltr'><strong><em>ταῦτα</em></strong></span> <span class='ocrx_word' id='word_1_37' title='bbox 1014 496 1240 541; x_wconf 77' lang='grc' dir='ltr'><strong><em>κομίζεσθαι,</em></strong></span> 
     </span>
    </p>
   </div>
   <div class='ocr_carea' id='block_1_6' title="bbox 1310 359 2391 541">
    <p class='ocr_par' dir='ltr' id='par_1_6' title="bbox 1310 359 2391 541">
     <span class='ocr_line' id='line_1_9' title="bbox 1356 359 2391 406; baseline 0.001 -11"><span class='ocrx_word' id='word_1_38' title='bbox 1356 360 1542 396; x_wconf 89' lang='lat' dir='ltr'>Sancimus</span> <span class='ocrx_word' id='word_1_39' title='bbox 1563 359 1682 404; x_wconf 86' lang='lat' dir='ltr'>igitur,</span> <span class='ocrx_word' id='word_1_40' title='bbox 1706 370 1779 395; x_wconf 89' lang='lat' dir='ltr'>non</span> <span class='ocrx_word' id='word_1_41' title='bbox 1799 360 1868 396; x_wconf 89' lang='lat' dir='ltr'>hoc</span> <span class='ocrx_word' id='word_1_42' title='bbox 1887 361 1965 396; x_wconf 87' lang='lat' dir='ltr'>fieri</span> <span class='ocrx_word' id='word_1_43' title='bbox 1986 362 2263 406; x_wconf 84' lang='lat' dir='ltr'>prohibitionem</span> <span class='ocrx_word' id='word_1_44' title='bbox 2285 370 2391 396; x_wconf 85' lang='lat' dir='ltr'>sacro</span> 
     </span>
     <span class='ocr_line' id='line_1_10' title="bbox 1310 403 2391 449; baseline 0.001 -9"><span class='ocrx_word' id='word_1_45' title='bbox 1310 405 1525 448; x_wconf 88' lang='lat' dir='ltr'>ministerio,</span> <span class='ocrx_word' id='word_1_46' title='bbox 1555 405 1618 441; x_wconf 85' lang='lat' dir='ltr'>sed</span> <span class='ocrx_word' id='word_1_47' title='bbox 1649 403 1738 439; x_wconf 86' lang='lat' dir='ltr'>alios</span> <span class='ocrx_word' id='word_1_48' title='bbox 1771 405 1956 449; x_wconf 84' lang='lat' dir='ltr'>subrogari</span> <span class='ocrx_word' id='word_1_49' title='bbox 1987 416 2010 441; x_wconf 88' lang='lat' dir='ltr'>a</span> <span class='ocrx_word' id='word_1_50' title='bbox 2042 407 2108 443; x_wconf 87' lang='lat' dir='ltr'>deo</span> <span class='ocrx_word' id='word_1_51' title='bbox 2140 405 2391 442; x_wconf 82' lang='lat' dir='ltr'>amantissimis</span> 
     </span>
     <span class='ocr_line' id='line_1_11' title="bbox 1310 449 2388 495; baseline 0 -9"><span class='ocrx_word' id='word_1_52' title='bbox 1310 449 1488 495; x_wconf 87' lang='lat' dir='ltr'>episcopis</span> <span class='ocrx_word' id='word_1_53' title='bbox 1508 449 1575 485; x_wconf 91' lang='lat' dir='ltr'>sub</span> <span class='ocrx_word' id='word_1_54' title='bbox 1597 449 1726 494; x_wconf 88' lang='lat' dir='ltr'>quibus</span> <span class='ocrx_word' id='word_1_55' title='bbox 1746 449 1847 494; x_wconf 80' lang='lat' dir='ltr'>ipsae</span> <span class='ocrx_word' id='word_1_56' title='bbox 1867 451 2083 487; x_wconf 81' lang='lat' dir='ltr'>constitutae</span> <span class='ocrx_word' id='word_1_57' title='bbox 2104 455 2190 487; x_wconf 90' lang='lat' dir='ltr'>sunt</span> <span class='ocrx_word' id='word_1_58' title='bbox 2205 451 2388 493; x_wconf 81' lang='lat' dir='ltr'>ecclesiae,</span> 
     </span>
     <span class='ocr_line' id='line_1_12' title="bbox 1311 494 2391 541; baseline 0 -11"><span class='ocrx_word' id='word_1_59' title='bbox 1311 499 1347 531; x_wconf 87' lang='lat' dir='ltr'>et</span> <span class='ocrx_word' id='word_1_60' title='bbox 1370 505 1432 531; x_wconf 89' lang='lat' dir='ltr'>eos</span> <span class='ocrx_word' id='word_1_61' title='bbox 1455 495 1546 531; x_wconf 88' lang='lat' dir='ltr'>haec</span> <span class='ocrx_word' id='word_1_62' title='bbox 1569 494 1744 539; x_wconf 89' lang='lat' dir='ltr'>accipere.</span> <span class='ocrx_word' id='word_1_63' title='bbox 1792 494 1875 530; x_wconf 90' lang='lat' dir='ltr'>Non</span> <span class='ocrx_word' id='word_1_64' title='bbox 1899 496 1992 530; x_wconf 88' lang='lat' dir='ltr'>enim</span> <span class='ocrx_word' id='word_1_65' title='bbox 2022 497 2185 532; x_wconf 88' lang='lat' dir='ltr'>volumus</span> <span class='ocrx_word' id='word_1_66' title='bbox 2211 496 2391 541; x_wconf 84' lang='lat' dir='ltr'>aliquibus</span> 
     </span>
    </p>
   </div>
   <div class='ocr_carea' id='block_1_7' title="bbox 163 535 2391 593">
    <p class='ocr_par' dir='ltr' id='par_1_7' title="bbox 163 535 2391 593">
     <span class='ocr_line' id='line_1_13' title="bbox 163 535 2391 593; baseline 0.001 -21"><span class='ocrx_word' id='word_1_67' title='bbox 163 535 254 593; x_wconf 47' lang='grc' dir='ltr'><strong><em>οὐδὲ,</em></strong></span> <span class='ocrx_word' id='word_1_68' title='bbox 271 537 338 593; x_wconf 62' lang='grc' dir='ltr'>γὰρ</span> <span class='ocrx_word' id='word_1_69' title='bbox 360 537 570 592; x_wconf 66' lang='grc' dir='ltr'><strong><em>ρουλόμεθά</em></strong></span> <span class='ocrx_word' id='word_1_70' title='bbox 588 550 671 593; x_wconf 49' lang='lat' dir='ltr'>‚vaca</span> <span class='ocrx_word' id='word_1_71' title='bbox 702 538 844 575; x_wconf 78' lang='grc' dir='ltr'><em>διδόναι</em></span> <span class='ocrx_word' id='word_1_72' title='bbox 872 538 1073 593; x_wconf 64' lang='grc' dir='ltr'><strong><em>κερδαίνςιν</em></strong></span> <span class='ocrx_word' id='word_1_73' title='bbox 1103 539 1151 575; x_wconf 82' lang='grc' dir='ltr'><strong><em>τὰ</em></strong></span> <span class='ocrx_word' id='word_1_74' title='bbox 1173 538 1241 585; x_wconf 81' lang='grc' dir='ltr'>ἤδη</span> <span class='ocrx_word' id='word_1_75' title='bbox 1278 544 1297 576; x_wconf 89' lang='grc'>5</span> <span class='ocrx_word' id='word_1_76' title='bbox 1311 540 1390 576; x_wconf 84' lang='lat' dir='ltr'>dari</span> <span class='ocrx_word' id='word_1_77' title='bbox 1420 539 1553 576; x_wconf 86' lang='lat' dir='ltr'>lucrari</span> <span class='ocrx_word' id='word_1_78' title='bbox 1585 549 1677 584; x_wconf 87' lang='lat' dir='ltr'>quae</span> <span class='ocrx_word' id='word_1_79' title='bbox 1704 539 1775 575; x_wconf 87' lang='lat' dir='ltr'>iam</span> <span class='ocrx_word' id='word_1_80' title='bbox 1806 539 1882 582; x_wconf 85' lang='lat' dir='ltr'>[eis]</span> <span class='ocrx_word' id='word_1_81' title='bbox 1919 550 1984 584; x_wconf 89' lang='lat' dir='ltr'>per</span> <span class='ocrx_word' id='word_1_82' title='bbox 2014 541 2112 585; x_wconf 90' lang='lat' dir='ltr'>ipsos</span> <span class='ocrx_word' id='word_1_83' title='bbox 2147 546 2212 576; x_wconf 88' lang='lat' dir='ltr'>aut</span> <span class='ocrx_word' id='word_1_84' title='bbox 2244 545 2391 586; x_wconf 87' lang='lat' dir='ltr'>propter</span> 
     </span>
    </p>
   </div>
   <div class='ocr_carea' id='block_1_8' title="bbox 162 581 1242 776">
    <p class='ocr_par' dir='ltr' id='par_1_8' title="bbox 162 581 1242 776">
     <span class='ocr_line' id='line_1_14' title="bbox 163 581 1240 633; baseline 0.002 -15"><span class='ocrx_word' id='word_1_85' title='bbox 163 596 239 628; x_wconf 86' lang='grc' dir='ltr'>παρ</span> <span class='ocrx_word' id='word_1_86' title='bbox 279 594 403 618; x_wconf 84' lang='grc' dir='ltr'><strong><em>αυτων</em></strong></span> <span class='ocrx_word' id='word_1_87' title='bbox 432 581 454 626; x_wconf 81' lang='grc' dir='ltr'>ἢ</span> <span class='ocrx_word' id='word_1_88' title='bbox 477 581 528 617; x_wconf 71' lang='grc' dir='ltr'>δι’</span> <span class='ocrx_word' id='word_1_89' title='bbox 555 597 679 618; x_wconf 91' lang='grc' dir='ltr'><strong><em>αυτων</em></strong></span> <span class='ocrx_word' id='word_1_90' title='bbox 708 597 793 630; x_wconf 87' lang='grc' dir='ltr'><strong><em>χορη</em></strong></span> <span class='ocrx_word' id='word_1_91' title='bbox 817 584 953 629; x_wconf 84' lang='grc' dir='ltr'><strong><em>ούμενα</em></strong></span> <span class='ocrx_word' id='word_1_92' title='bbox 980 589 1059 620; x_wconf 88' lang='grc' dir='ltr'><strong><em>ταῖς</em></strong></span> <span class='ocrx_word' id='word_1_93' title='bbox 1086 584 1240 633; x_wconf 79' lang='grc' dir='ltr'><strong><em>ἁγιωτά-</em></strong></span> 
     </span>
     <span class='ocr_line' id='line_1_15' title="bbox 162 626 1241 676; baseline 0.003 -14"><span class='ocrx_word' id='word_1_94' title='bbox 162 638 240 662; x_wconf 88' lang='grc' dir='ltr'><strong><em>ταις</em></strong></span> <span class='ocrx_word' id='word_1_95' title='bbox 264 626 463 672; x_wconf 78' lang='grc' dir='ltr'><strong><em>ἐκκλησίαις</em></strong></span> <span class='ocrx_word' id='word_1_96' title='bbox 487 627 693 676; x_wconf 77' lang='grc' dir='ltr'><strong><em>(ἐπειδήπερ</em></strong></span> <span class='ocrx_word' id='word_1_97' title='bbox 718 627 802 664; x_wconf 74' lang='grc' dir='ltr'><strong><em>οὐδε</em></strong></span> <span class='ocrx_word' id='word_1_98' title='bbox 833 628 990 675; x_wconf 75' lang='grc' dir='ltr'><strong><em>θεμιτὸν</em></strong></span> <span class='ocrx_word' id='word_1_99' title='bbox 1014 627 1107 665; x_wconf 73' lang='grc' dir='ltr'><strong><em>καθ’</em></strong></span> <span class='ocrx_word' id='word_1_100' title='bbox 1143 630 1241 665; x_wconf 86' lang='grc' dir='ltr'><strong><em>οἱαν-</em></strong></span> 
     </span>
     <span class='ocr_line' id='line_1_16' title="bbox 163 670 1242 722; baseline 0.003 -15"><span class='ocrx_word' id='word_1_101' title='bbox 163 670 296 715; x_wconf 82' lang='grc' dir='ltr'><strong><em>δήποτε</em></strong></span> <span class='ocrx_word' id='word_1_102' title='bbox 327 673 513 719; x_wconf 85' lang='grc' dir='ltr'><strong><em>πρόφασιν</em></strong></span> <span class='ocrx_word' id='word_1_103' title='bbox 543 674 663 721; x_wconf 78' lang='grc' dir='ltr'><strong><em>κέρδος</em></strong></span> <span class='ocrx_word' id='word_1_104' title='bbox 685 674 785 710; x_wconf 76' lang='grc' dir='ltr'><strong><em>τινας</em></strong></span> <span class='ocrx_word' id='word_1_105' title='bbox 808 678 926 710; x_wconf 77' lang='grc' dir='ltr'><strong><em>ποιεῖν</em></strong></span> <span class='ocrx_word' id='word_1_106' title='bbox 957 677 996 709; x_wconf 81' lang='grc' dir='ltr'><strong><em>ἐκ</em></strong></span> <span class='ocrx_word' id='word_1_107' title='bbox 1022 678 1084 719; x_wconf 80' lang='grc' dir='ltr'>τῆς</span> <span class='ocrx_word' id='word_1_108' title='bbox 1107 676 1242 722; x_wconf 79' lang='grc' dir='ltr'><strong><em>ἑτέρων</em></strong></span> 
     </span>
     <span class='ocr_line' id='line_1_17' title="bbox 162 714 1241 776; baseline 0.003 -25"><span class='ocrx_word' id='word_1_109' title='bbox 162 714 454 770; x_wconf 71' lang='grc' dir='ltr'><strong><em>ἀποστερήσεως),</em></strong></span> <span class='ocrx_word' id='word_1_110' title='bbox 484 715 574 753; x_wconf 80' lang='grc' dir='ltr'><strong><em>ἀλλὰ</em></strong></span> <span class='ocrx_word' id='word_1_111' title='bbox 596 719 642 754; x_wconf 87' lang='grc' dir='ltr'><strong><em>τὰ</em></strong></span> <span class='ocrx_word' id='word_1_112' title='bbox 665 719 705 760; x_wconf 76' lang='grc' dir='ltr'>ἐξ</span> <span class='ocrx_word' id='word_1_113' title='bbox 717 719 1109 776; x_wconf 24' lang='grc' dir='ltr'><strong><em>κάρχῆςτχορηγούμενα</em></strong></span> <span class='ocrx_word' id='word_1_114' title='bbox 1139 723 1187 764; x_wconf 85' lang='grc' dir='ltr'><strong><em>με’</em></strong></span> <span class='ocrx_word' id='word_1_115' title='bbox 1205 734 1241 767; x_wconf 90' lang='grc' dir='ltr'>ρι</span> 
     </span>
    </p>
   </div>
   <div class='ocr_carea' id='block_1_9' title="bbox 1310 584 2391 765">
    <p class='ocr_par' dir='ltr' id='par_1_9' title="bbox 1310 584 2391 765">
     <span class='ocr_line' id='line_1_18' title="bbox 1310 584 2391 631; baseline 0 -11"><span class='ocrx_word' id='word_1_116' title='bbox 1310 586 1407 631; x_wconf 89' lang='lat' dir='ltr'>ipsos</span> <span class='ocrx_word' id='word_1_117' title='bbox 1433 584 1724 630; x_wconf 73' lang='lat' dir='ltr'>expendebantur</span> <span class='ocrx_word' id='word_1_118' title='bbox 1754 584 1989 620; x_wconf 83' lang='lat' dir='ltr'>sanctissimis</span> <span class='ocrx_word' id='word_1_119' title='bbox 2019 587 2177 621; x_wconf 88' lang='lat' dir='ltr'>ecclesiis</span> <span class='ocrx_word' id='word_1_120' title='bbox 2210 586 2391 631; x_wconf 87' lang='lat' dir='ltr'>(quoniam</span> 
     </span>
     <span class='ocr_line' id='line_1_19' title="bbox 1311 629 2391 675; baseline 0.001 -10"><span class='ocrx_word' id='word_1_121' title='bbox 1311 631 1476 666; x_wconf 89' lang='lat' dir='ltr'>nolumus</span> <span class='ocrx_word' id='word_1_122' title='bbox 1505 640 1570 675; x_wconf 90' lang='lat' dir='ltr'>per</span> <span class='ocrx_word' id='word_1_123' title='bbox 1601 629 1797 675; x_wconf 76' lang='lat' dir='ltr'>quamlibet</span> <span class='ocrx_word' id='word_1_124' title='bbox 1828 630 2054 665; x_wconf 87' lang='lat' dir='ltr'>occasionem</span> <span class='ocrx_word' id='word_1_125' title='bbox 2085 631 2224 666; x_wconf 88' lang='lat' dir='ltr'>lucrum</span> <span class='ocrx_word' id='word_1_126' title='bbox 2251 631 2391 675; x_wconf 85' lang='lat' dir='ltr'>aliquos</span> 
     </span>
     <span class='ocr_line' id='line_1_20' title="bbox 1310 674 2390 721; baseline 0.001 -11"><span class='ocrx_word' id='word_1_127' title='bbox 1310 676 1429 711; x_wconf 77' lang='lat' dir='ltr'>facere</span> <span class='ocrx_word' id='word_1_128' title='bbox 1460 685 1503 710; x_wconf 86' lang='lat' dir='ltr'>ex</span> <span class='ocrx_word' id='word_1_129' title='bbox 1535 675 1685 711; x_wconf 89' lang='lat' dir='ltr'>aliorum</span> <span class='ocrx_word' id='word_1_130' title='bbox 1714 674 1965 717; x_wconf 83' lang='lat' dir='ltr'>fraudatione),</span> <span class='ocrx_word' id='word_1_131' title='bbox 1996 675 2059 711; x_wconf 91' lang='lat' dir='ltr'>sed</span> <span class='ocrx_word' id='word_1_132' title='bbox 2090 686 2182 721; x_wconf 83' lang='lat' dir='ltr'>quae</span> <span class='ocrx_word' id='word_1_133' title='bbox 2213 677 2258 712; x_wconf 85' lang='lat' dir='ltr'>ab</span> <span class='ocrx_word' id='word_1_134' title='bbox 2288 675 2390 711; x_wconf 88' lang='lat' dir='ltr'>initio</span> 
     </span>
     <span class='ocr_line' id='line_1_21' title="bbox 1311 719 2390 765; baseline 0 -10"><span class='ocrx_word' id='word_1_135' title='bbox 1311 721 1604 756; x_wconf 83' lang='lat' dir='ltr'>ministrabantur</span> <span class='ocrx_word' id='word_1_136' title='bbox 1633 729 1772 765; x_wconf 84' lang='lat' dir='ltr'>semper</span> <span class='ocrx_word' id='word_1_137' title='bbox 1795 719 1891 764; x_wconf 88' lang='lat' dir='ltr'>dari,</span> <span class='ocrx_word' id='word_1_138' title='bbox 1925 722 1961 755; x_wconf 92' lang='lat' dir='ltr'>et</span> <span class='ocrx_word' id='word_1_139' title='bbox 1989 730 2062 755; x_wconf 90' lang='lat' dir='ltr'>non</span> <span class='ocrx_word' id='word_1_140' title='bbox 2086 731 2227 756; x_wconf 88' lang='lat' dir='ltr'>sacrum</span> <span class='ocrx_word' id='word_1_141' title='bbox 2253 731 2297 756; x_wconf 83' lang='lat' dir='ltr'>ex</span> <span class='ocrx_word' id='word_1_142' title='bbox 2320 721 2390 755; x_wconf 91' lang='lat' dir='ltr'>hoc</span> 
     </span>
    </p>
   </div>
   <div class='ocr_carea' id='block_1_10' title="bbox 161 761 2389 820">
    <p class='ocr_par' dir='ltr' id='par_1_10' title="bbox 161 761 2389 820">
     <span class='ocr_line' id='line_1_22' title="bbox 161 761 2389 820; baseline 0.001 -24"><span class='ocrx_word' id='word_1_143' title='bbox 161 773 298 797; x_wconf 77' lang='grc' dir='ltr'><strong><em>παντός</em></strong></span> <span class='ocrx_word' id='word_1_144' title='bbox 321 761 567 806; x_wconf 71' lang='grc' dir='ltr'><strong><em>ἐπιδίδοσθαι,</em></strong></span> <span class='ocrx_word' id='word_1_145' title='bbox 600 768 659 798; x_wconf 83' lang='grc' dir='ltr'>καὶ</span> <span class='ocrx_word' id='word_1_146' title='bbox 681 778 944 820; x_wconf 33' lang='grc' dir='ltr'><strong><em>μηῖτηνῃιεραν</em></strong></span> <span class='ocrx_word' id='word_1_147' title='bbox 975 765 1151 799; x_wconf 72' lang='grc' dir='ltr'><strong><em>ἐντεῦθεν</em></strong></span> <span class='ocrx_word' id='word_1_148' title='bbox 1196 779 1240 799; x_wconf 79' lang='grc' dir='ltr'>ει·</span> <span class='ocrx_word' id='word_1_149' title='bbox 1256 768 1297 799; x_wconf 82' lang='lat'>10</span> <span class='ocrx_word' id='word_1_150' title='bbox 1311 765 1544 801; x_wconf 89' lang='lat' dir='ltr'>ministerium</span> <span class='ocrx_word' id='word_1_151' title='bbox 1570 765 1764 810; x_wconf 88' lang='lat' dir='ltr'>corrumpi:</span> <span class='ocrx_word' id='word_1_152' title='bbox 1800 775 1874 800; x_wconf 92' lang='lat' dir='ltr'>non</span> <span class='ocrx_word' id='word_1_153' title='bbox 1899 765 2072 801; x_wconf 86' lang='lat' dir='ltr'>existente</span> <span class='ocrx_word' id='word_1_154' title='bbox 2095 766 2256 810; x_wconf 87' lang='lat' dir='ltr'>licentia,</span> <span class='ocrx_word' id='word_1_155' title='bbox 2289 770 2389 810; x_wconf 85' lang='lat' dir='ltr'>post-</span> 
     </span>
    </p>
   </div>
   <div class='ocr_carea' id='block_1_11' title="bbox 160 806 1241 999">
    <p class='ocr_par' dir='ltr' id='par_1_11' title="bbox 160 806 1241 999">
     <span class='ocr_line' id='line_1_23' title="bbox 161 806 1240 856; baseline 0.003 -15"><span class='ocrx_word' id='word_1_156' title='bbox 161 811 332 854; x_wconf 90' lang='grc' dir='ltr'><strong><em>τουργίαν</em></strong></span> <span class='ocrx_word' id='word_1_157' title='bbox 360 806 660 856; x_wconf 73' lang='grc' dir='ltr'><strong><em>διαφθείρεσθαι.</em></strong></span> <span class='ocrx_word' id='word_1_158' title='bbox 706 823 769 844; x_wconf 89' lang='grc' dir='ltr'>ουκ</span> <span class='ocrx_word' id='word_1_159' title='bbox 798 821 906 853; x_wconf 90' lang='grc' dir='ltr'><strong><em>ουσης</em></strong></span> <span class='ocrx_word' id='word_1_160' title='bbox 934 807 1054 844; x_wconf 81' lang='grc' dir='ltr'><strong><em>ἀδείας</em></strong></span> <span class='ocrx_word' id='word_1_161' title='bbox 1075 809 1167 854; x_wconf 85' lang='grc' dir='ltr'><strong><em>μετὰ</em></strong></span> <span class='ocrx_word' id='word_1_162' title='bbox 1197 809 1240 844; x_wconf 88' lang='grc' dir='ltr'><strong><em>τὸ</em></strong></span> 
     </span>
     <span class='ocr_line' id='line_1_24' title="bbox 161 851 1241 901; baseline 0.003 -16"><span class='ocrx_word' id='word_1_163' title='bbox 161 854 427 899; x_wconf 68' lang='grc' dir='ltr'><strong><em>ὀγκαταστῆναί</em></strong></span> <span class='ocrx_word' id='word_1_164' title='bbox 456 866 556 888; x_wconf 84' lang='grc' dir='ltr'><strong><em>τινας</em></strong></span> <span class='ocrx_word' id='word_1_165' title='bbox 586 851 669 889; x_wconf 78' lang='grc' dir='ltr'><strong><em>ἀντὶ</em></strong></span> <span class='ocrx_word' id='word_1_166' title='bbox 698 855 776 889; x_wconf 78' lang='grc' dir='ltr'>τῶν</span> <span class='ocrx_word' id='word_1_167' title='bbox 798 857 987 901; x_wconf 79' lang='grc' dir='ltr'><strong><em>προτέρων</em></strong></span> <span class='ocrx_word' id='word_1_168' title='bbox 1016 852 1197 900; x_wconf 83' lang='grc' dir='ltr'><strong><em>κληρικῶν</em></strong></span> <span class='ocrx_word' id='word_1_169' title='bbox 1220 851 1241 897; x_wconf 83' lang='grc' dir='ltr'>ἢ</span> 
     </span>
     <span class='ocr_line' id='line_1_25' title="bbox 160 895 1240 955; baseline 0.001 -23"><span class='ocrx_word' id='word_1_170' title='bbox 160 895 260 943; x_wconf 83' lang='grc' dir='ltr'><strong><em>παρὰ</em></strong></span> <span class='ocrx_word' id='word_1_171' title='bbox 283 899 347 932; x_wconf 79' lang='grc' dir='ltr'>τοῦ</span> <span class='ocrx_word' id='word_1_172' title='bbox 372 896 577 945; x_wconf 78' lang='grc' dir='ltr'><strong><em>ἁγιωτάτου</em></strong></span> <span class='ocrx_word' id='word_1_173' title='bbox 601 897 821 946; x_wconf 85' lang='grc' dir='ltr'><strong><em>πατριάρχου</em></strong></span> <span class='ocrx_word' id='word_1_174' title='bbox 844 899 868 943; x_wconf 87' lang='grc' dir='ltr'><em>ἢ</em></span> <span class='ocrx_word' id='word_1_175' title='bbox 888 898 986 944; x_wconf 78' lang='grc' dir='ltr'><strong><em>παρὰ</em></strong></span> <span class='ocrx_word' id='word_1_176' title='bbox 1009 900 1087 934; x_wconf 80' lang='grc' dir='ltr'>τῶν</span> <span class='ocrx_word' id='word_1_177' title='bbox 1111 901 1240 955; x_wconf 78' lang='grc' dir='ltr'><strong><em>ἐπιχω-</em></strong></span> 
     </span>
     <span class='ocr_line' id='line_1_26' title="bbox 161 937 1241 999; baseline 0.002 -23"><span class='ocrx_word' id='word_1_178' title='bbox 161 946 253 987; x_wconf 86' lang='grc' dir='ltr'><strong><em>ρίων</em></strong></span> <span class='ocrx_word' id='word_1_179' title='bbox 287 943 499 978; x_wconf 73' lang='grc' dir='ltr'><strong><em>ἐπισκόπων</em></strong></span> <span class='ocrx_word' id='word_1_180' title='bbox 535 937 642 978; x_wconf 70' lang='grc' dir='ltr'><strong><em>αὖθις</em></strong></span> <span class='ocrx_word' id='word_1_181' title='bbox 675 944 758 978; x_wconf 79' lang='grc' dir='ltr'><strong><em>τοὺς</em></strong></span> <span class='ocrx_word' id='word_1_182' title='bbox 791 941 1096 999; x_wconf 79' lang='grc' dir='ltr'><strong><em>ἀναχωρήσαντας</em></strong></span> <span class='ocrx_word' id='word_1_183' title='bbox 1130 943 1241 979; x_wconf 88' lang='grc' dir='ltr'><strong><em>παλιν</em></strong></span> 
     </span>
    </p>
   </div>
   <div class='ocr_carea' id='block_1_12' title="bbox 1309 810 2391 991">
    <p class='ocr_par' dir='ltr' id='par_1_12' title="bbox 1309 810 2391 991">
     <span class='ocr_line' id='line_1_27' title="bbox 1311 810 2391 856; baseline 0.001 -12"><span class='ocrx_word' id='word_1_184' title='bbox 1311 820 1418 855; x_wconf 86' lang='lat' dir='ltr'>quam</span> <span class='ocrx_word' id='word_1_185' title='bbox 1441 811 1568 846; x_wconf 85' lang='lat' dir='ltr'>statuti</span> <span class='ocrx_word' id='word_1_186' title='bbox 1590 810 1724 845; x_wconf 82' lang='lat' dir='ltr'>fuerint</span> <span class='ocrx_word' id='word_1_187' title='bbox 1745 810 1855 855; x_wconf 81' lang='lat' dir='ltr'>aliqui</span> <span class='ocrx_word' id='word_1_188' title='bbox 1877 820 1944 855; x_wconf 79' lang='lat' dir='ltr'>pro</span> <span class='ocrx_word' id='word_1_189' title='bbox 1961 810 2141 856; x_wconf 82' lang='lat' dir='ltr'>prioribus</span> <span class='ocrx_word' id='word_1_190' title='bbox 2166 811 2303 846; x_wconf 87' lang='lat' dir='ltr'>clericis</span> <span class='ocrx_word' id='word_1_191' title='bbox 2327 813 2391 845; x_wconf 86' lang='lat' dir='ltr'>aut</span> 
     </span>
     <span class='ocr_line' id='line_1_28' title="bbox 1310 855 2391 901; baseline 0.001 -11"><span class='ocrx_word' id='word_1_192' title='bbox 1310 866 1331 890; x_wconf 88' lang='lat' dir='ltr'>a</span> <span class='ocrx_word' id='word_1_193' title='bbox 1356 856 1581 891; x_wconf 86' lang='lat' dir='ltr'>sanctissimo</span> <span class='ocrx_word' id='word_1_194' title='bbox 1613 855 1820 901; x_wconf 81' lang='lat' dir='ltr'>patriarcha</span> <span class='ocrx_word' id='word_1_195' title='bbox 1848 859 1914 891; x_wconf 88' lang='lat' dir='ltr'>aut</span> <span class='ocrx_word' id='word_1_196' title='bbox 1943 866 1966 891; x_wconf 89' lang='lat' dir='ltr'>a</span> <span class='ocrx_word' id='word_1_197' title='bbox 1995 856 2273 901; x_wconf 86' lang='lat' dir='ltr'>provincialibus</span> <span class='ocrx_word' id='word_1_198' title='bbox 2297 856 2391 900; x_wconf 86' lang='lat' dir='ltr'>epis-</span> 
     </span>
     <span class='ocr_line' id='line_1_29' title="bbox 1311 900 2389 944; baseline 0.002 -10"><span class='ocrx_word' id='word_1_199' title='bbox 1311 901 1420 944; x_wconf 90' lang='lat' dir='ltr'>copis,</span> <span class='ocrx_word' id='word_1_200' title='bbox 1454 911 1580 936; x_wconf 90' lang='lat' dir='ltr'>rursus</span> <span class='ocrx_word' id='word_1_201' title='bbox 1602 901 1809 937; x_wconf 88' lang='lat' dir='ltr'>recedentes</span> <span class='ocrx_word' id='word_1_202' title='bbox 1835 900 1951 936; x_wconf 90' lang='lat' dir='ltr'>denuo</span> <span class='ocrx_word' id='word_1_203' title='bbox 1976 910 2135 936; x_wconf 88' lang='lat' dir='ltr'>remeare</span> <span class='ocrx_word' id='word_1_204' title='bbox 2158 901 2247 937; x_wconf 84' lang='lat' dir='ltr'>velle</span> <span class='ocrx_word' id='word_1_205' title='bbox 2269 902 2306 936; x_wconf 89' lang='lat' dir='ltr'>et</span> <span class='ocrx_word' id='word_1_206' title='bbox 2329 910 2389 936; x_wconf 82' lang='lat' dir='ltr'>ex-</span> 
     </span>
     <span class='ocr_line' id='line_1_30' title="bbox 1309 945 2391 991; baseline -0.001 -11"><span class='ocrx_word' id='word_1_207' title='bbox 1309 945 1441 989; x_wconf 89' lang='lat' dir='ltr'>pellere</span> <span class='ocrx_word' id='word_1_208' title='bbox 1469 946 1699 990; x_wconf 82' lang='lat' dir='ltr'>subrogatos,</span> <span class='ocrx_word' id='word_1_209' title='bbox 1732 949 1768 980; x_wconf 89' lang='lat' dir='ltr'>et</span> <span class='ocrx_word' id='word_1_210' title='bbox 1797 946 1878 989; x_wconf 86' lang='lat' dir='ltr'>cogi</span> <span class='ocrx_word' id='word_1_211' title='bbox 1909 946 2066 991; x_wconf 87' lang='lat' dir='ltr'>duplicia</span> <span class='ocrx_word' id='word_1_212' title='bbox 2096 946 2298 982; x_wconf 86' lang='lat' dir='ltr'>ministrare</span> <span class='ocrx_word' id='word_1_213' title='bbox 2329 955 2391 980; x_wconf 88' lang='lat' dir='ltr'>eos</span> 
     </span>
    </p>
   </div>
   <div class='ocr_carea' id='block_1_13' title="bbox 161 986 2392 1036">
    <p class='ocr_par' dir='ltr' id='par_1_13' title="bbox 161 986 2392 1036">
     <span class='ocr_line' id='line_1_31' title="bbox 161 986 2392 1036; baseline 0.001 -15"><span class='ocrx_word' id='word_1_214' title='bbox 161 989 350 1022; x_wconf 83' lang='grc' dir='ltr'><strong><em>ἐπανιέναι</em></strong></span> <span class='ocrx_word' id='word_1_215' title='bbox 380 986 581 1033; x_wconf 77' lang='grc' dir='ltr'><strong><em>βούλεσθαι</em></strong></span> <span class='ocrx_word' id='word_1_216' title='bbox 614 992 674 1023; x_wconf 77' lang='grc' dir='ltr'>καὶ</span> <span class='ocrx_word' id='word_1_217' title='bbox 698 989 856 1030; x_wconf 72' lang='grc' dir='ltr'><strong><em>ἐξωθεῖν</em></strong></span> <span class='ocrx_word' id='word_1_218' title='bbox 886 1001 968 1024; x_wconf 85' lang='grc' dir='ltr'><strong><em>τους</em></strong></span> <span class='ocrx_word' id='word_1_219' title='bbox 999 988 1240 1036; x_wconf 79' lang='grc' dir='ltr'><strong><em>έγκαταστάν-</em></strong></span> <span class='ocrx_word' id='word_1_220' title='bbox 1254 992 1295 1024; x_wconf 88' lang='grc'>15</span> <span class='ocrx_word' id='word_1_221' title='bbox 1310 990 1372 1033; x_wconf 92' lang='lat' dir='ltr'>qui</span> <span class='ocrx_word' id='word_1_222' title='bbox 1395 990 1534 1025; x_wconf 81' lang='lat' dir='ltr'>faciunt</span> <span class='ocrx_word' id='word_1_223' title='bbox 1567 991 1674 1026; x_wconf 82' lang='lat' dir='ltr'>talem</span> <span class='ocrx_word' id='word_1_224' title='bbox 1698 1000 1906 1035; x_wconf 81' lang='lat' dir='ltr'>expensam,</span> <span class='ocrx_word' id='word_1_225' title='bbox 1939 991 2025 1026; x_wconf 83' lang='lat' dir='ltr'>dare</span> <span class='ocrx_word' id='word_1_226' title='bbox 2054 993 2091 1027; x_wconf 80' lang='lat' dir='ltr'>et</span> <span class='ocrx_word' id='word_1_227' title='bbox 2120 990 2325 1036; x_wconf 76' lang='lat' dir='ltr'>subrogatis</span> <span class='ocrx_word' id='word_1_228' title='bbox 2358 996 2392 1025; x_wconf 82' lang='lat' dir='ltr'>et</span> 
     </span>
    </p>
   </div>
   <div class='ocr_carea' id='block_1_14' title="bbox 161 1031 1241 1225">
    <p class='ocr_par' dir='ltr' id='par_1_14' title="bbox 161 1031 1241 1225">
     <span class='ocr_line' id='line_1_32' title="bbox 161 1031 1239 1081; baseline 0.001 -15"><span class='ocrx_word' id='word_1_229' title='bbox 161 1044 239 1075; x_wconf 86' lang='grc' dir='ltr'><strong><em>τας,</em></strong></span> <span class='ocrx_word' id='word_1_230' title='bbox 272 1036 331 1067; x_wconf 87' lang='grc' dir='ltr'>καὶ</span> <span class='ocrx_word' id='word_1_231' title='bbox 355 1031 627 1081; x_wconf 74' lang='grc' dir='ltr'><strong><em>ἀναγκάζεσθαι</em></strong></span> <span class='ocrx_word' id='word_1_232' title='bbox 655 1032 765 1069; x_wconf 84' lang='grc' dir='ltr'><strong><em>διπλᾶ</em></strong></span> <span class='ocrx_word' id='word_1_233' title='bbox 787 1038 951 1080; x_wconf 80' lang='grc' dir='ltr'><strong><em>χορηγεῖν</em></strong></span> <span class='ocrx_word' id='word_1_234' title='bbox 974 1034 1057 1068; x_wconf 77' lang='grc' dir='ltr'><strong><em>τοὺς</em></strong></span> <span class='ocrx_word' id='word_1_235' title='bbox 1074 1037 1239 1078; x_wconf 85' lang='grc' dir='ltr'><strong><em>ποιουμέ-</em></strong></span> 
     </span>
     <span class='ocr_line' id='line_1_33' title="bbox 161 1076 1241 1126; baseline 0.002 -15"><span class='ocrx_word' id='word_1_236' title='bbox 161 1089 243 1111; x_wconf 84' lang='grc' dir='ltr'><strong><em>νους</em></strong></span> <span class='ocrx_word' id='word_1_237' title='bbox 274 1077 341 1121; x_wconf 86' lang='grc' dir='ltr'>τὴν</span> <span class='ocrx_word' id='word_1_238' title='bbox 371 1078 542 1122; x_wconf 83' lang='grc' dir='ltr'><strong><em>τοιαύτην</em></strong></span> <span class='ocrx_word' id='word_1_239' title='bbox 570 1083 752 1126; x_wconf 75' lang='grc' dir='ltr'><strong><em>χορηγίαν,</em></strong></span> <span class='ocrx_word' id='word_1_240' title='bbox 786 1076 874 1113; x_wconf 75' lang='grc' dir='ltr'><strong><em>ὤςτε</em></strong></span> <span class='ocrx_word' id='word_1_241' title='bbox 905 1077 1049 1113; x_wconf 86' lang='grc' dir='ltr'><strong><em>διδόναι</em></strong></span> <span class='ocrx_word' id='word_1_242' title='bbox 1078 1083 1138 1113; x_wconf 82' lang='grc' dir='ltr'>καὶ</span> <span class='ocrx_word' id='word_1_243' title='bbox 1167 1082 1241 1113; x_wconf 84' lang='grc' dir='ltr'><strong><em>τοῖς</em></strong></span> 
     </span>
     <span class='ocr_line' id='line_1_34' title="bbox 163 1123 1239 1169; baseline 0.003 -14"><span class='ocrx_word' id='word_1_244' title='bbox 163 1125 404 1169; x_wconf 82' lang='grc' dir='ltr'><strong><em>ἑγκαταστᾶσι</em></strong></span> <span class='ocrx_word' id='word_1_245' title='bbox 439 1127 498 1158; x_wconf 85' lang='grc' dir='ltr'>καὶ</span> <span class='ocrx_word' id='word_1_246' title='bbox 529 1127 602 1158; x_wconf 87' lang='grc' dir='ltr'><strong><em>τοῖς</em></strong></span> <span class='ocrx_word' id='word_1_247' title='bbox 636 1123 747 1159; x_wconf 87' lang='grc' dir='ltr'><strong><em>πάλιν</em></strong></span> <span class='ocrx_word' id='word_1_248' title='bbox 782 1125 970 1159; x_wconf 80' lang='grc' dir='ltr'><strong><em>ἐπανιέναι</em></strong></span> <span class='ocrx_word' id='word_1_249' title='bbox 994 1123 1239 1169; x_wconf 73' lang='grc' dir='ltr'><strong><em>βουλομένοις·</em></strong></span> 
     </span>
     <span class='ocr_line' id='line_1_35' title="bbox 161 1165 1241 1225; baseline 0.002 -24"><span class='ocrx_word' id='word_1_250' title='bbox 161 1165 243 1201; x_wconf 78' lang='grc' dir='ltr'><strong><em>ἀλλ’</em></strong></span> <span class='ocrx_word' id='word_1_251' title='bbox 270 1170 437 1225; x_wconf 51' lang='grc' dir='ltr'><strong><em>ἐκείνους,</em></strong></span> <span class='ocrx_word' id='word_1_252' title='bbox 449 1171 517 1213; x_wconf 73' lang='grc' dir='ltr'>μὲν</span> <span class='ocrx_word' id='word_1_253' title='bbox 541 1166 757 1221; x_wconf 53' lang='grc' dir='ltr'><strong><em>ἐπανιόντας</em></strong></span> <span class='ocrx_word' id='word_1_254' title='bbox 784 1167 833 1213; x_wconf 86' lang='grc' dir='ltr'>μὴ</span> <span class='ocrx_word' id='word_1_255' title='bbox 857 1167 1136 1215; x_wconf 77' lang='grc' dir='ltr'><strong><em>προςδέχεσθαι,</em></strong></span> <span class='ocrx_word' id='word_1_256' title='bbox 1167 1171 1241 1203; x_wconf 82' lang='grc' dir='ltr'><strong><em>τοῖς</em></strong></span> 
     </span>
    </p>
   </div>
   <div class='ocr_carea' id='block_1_15' title="bbox 1308 1035 2393 1216">
    <p class='ocr_par' dir='ltr' id='par_1_15' title="bbox 1308 1035 2393 1216">
     <span class='ocr_line' id='line_1_36' title="bbox 1310 1035 2391 1081; baseline 0.002 -13"><span class='ocrx_word' id='word_1_257' title='bbox 1310 1035 1427 1069; x_wconf 89' lang='lat' dir='ltr'>denuo</span> <span class='ocrx_word' id='word_1_258' title='bbox 1458 1045 1618 1070; x_wconf 86' lang='lat' dir='ltr'>remeare</span> <span class='ocrx_word' id='word_1_259' title='bbox 1650 1036 1861 1078; x_wconf 87' lang='lat' dir='ltr'>volentibus,</span> <span class='ocrx_word' id='word_1_260' title='bbox 1895 1036 1957 1071; x_wconf 90' lang='lat' dir='ltr'>sed</span> <span class='ocrx_word' id='word_1_261' title='bbox 1987 1036 2068 1072; x_wconf 89' lang='lat' dir='ltr'>illos</span> <span class='ocrx_word' id='word_1_262' title='bbox 2100 1036 2244 1081; x_wconf 86' lang='lat' dir='ltr'>quidem</span> <span class='ocrx_word' id='word_1_263' title='bbox 2274 1046 2391 1072; x_wconf 87' lang='lat' dir='ltr'>rever-</span> 
     </span>
     <span class='ocr_line' id='line_1_37' title="bbox 1310 1081 2392 1126; baseline 0.001 -12"><span class='ocrx_word' id='word_1_264' title='bbox 1310 1083 1423 1115; x_wconf 87' lang='lat' dir='ltr'>tentes</span> <span class='ocrx_word' id='word_1_265' title='bbox 1448 1091 1519 1115; x_wconf 89' lang='lat' dir='ltr'>non</span> <span class='ocrx_word' id='word_1_266' title='bbox 1544 1081 1689 1126; x_wconf 89' lang='lat' dir='ltr'>suscipi,</span> <span class='ocrx_word' id='word_1_267' title='bbox 1715 1081 1775 1125; x_wconf 90' lang='lat' dir='ltr'>qui</span> <span class='ocrx_word' id='word_1_268' title='bbox 1798 1090 1881 1116; x_wconf 88' lang='lat' dir='ltr'>vero</span> <span class='ocrx_word' id='word_1_269' title='bbox 1906 1085 1988 1125; x_wconf 90' lang='lat' dir='ltr'>post</span> <span class='ocrx_word' id='word_1_270' title='bbox 2009 1081 2207 1117; x_wconf 86' lang='lat' dir='ltr'>discessum</span> <span class='ocrx_word' id='word_1_271' title='bbox 2229 1081 2392 1126; x_wconf 89' lang='lat' dir='ltr'>priorum</span> 
     </span>
     <span class='ocr_line' id='line_1_38' title="bbox 1309 1125 2392 1171; baseline 0.002 -13"><span class='ocrx_word' id='word_1_272' title='bbox 1309 1125 1434 1159; x_wconf 86' lang='lat' dir='ltr'>statuti</span> <span class='ocrx_word' id='word_1_273' title='bbox 1458 1129 1552 1166; x_wconf 88' lang='lat' dir='ltr'>sunt,</span> <span class='ocrx_word' id='word_1_274' title='bbox 1584 1126 1634 1160; x_wconf 88' lang='lat' dir='ltr'>eis</span> <span class='ocrx_word' id='word_1_275' title='bbox 1659 1125 1737 1160; x_wconf 90' lang='lat' dir='ltr'>dari</span> <span class='ocrx_word' id='word_1_276' title='bbox 1760 1126 2016 1171; x_wconf 81' lang='lat' dir='ltr'>emolumenta3</span> <span class='ocrx_word' id='word_1_277' title='bbox 2054 1127 2152 1162; x_wconf 93' lang='lat' dir='ltr'>nullo</span> <span class='ocrx_word' id='word_1_278' title='bbox 2176 1126 2278 1162; x_wconf 89' lang='lat' dir='ltr'>lucro</span> <span class='ocrx_word' id='word_1_279' title='bbox 2309 1126 2392 1161; x_wconf 92' lang='lat' dir='ltr'>hinc</span> 
     </span>
     <span class='ocr_line' id='line_1_39' title="bbox 1308 1169 2393 1216; baseline 0.002 -12"><span class='ocrx_word' id='word_1_280' title='bbox 1308 1169 1597 1205; x_wconf 88' lang='lat' dir='ltr'>ministrantibus</span> <span class='ocrx_word' id='word_1_281' title='bbox 1622 1181 1824 1216; x_wconf 83' lang='lat' dir='ltr'>accessuro,</span> <span class='ocrx_word' id='word_1_282' title='bbox 1857 1171 1943 1206; x_wconf 86' lang='lat' dir='ltr'>talia</span> <span class='ocrx_word' id='word_1_283' title='bbox 1966 1171 2096 1207; x_wconf 89' lang='lat' dir='ltr'>lucrari</span> <span class='ocrx_word' id='word_1_284' title='bbox 2128 1172 2324 1207; x_wconf 85' lang='lat' dir='ltr'>nitentibus</span> <span class='ocrx_word' id='word_1_285' title='bbox 2348 1182 2393 1207; x_wconf 84' lang='lat' dir='ltr'>ex</span> 
     </span>
    </p>
   </div>
   <div class='ocr_carea' id='block_1_16' title="bbox 163 1211 2392 1268">
    <p class='ocr_par' dir='ltr' id='par_1_16' title="bbox 163 1211 2392 1268">
     <span class='ocr_line' id='line_1_40' title="bbox 163 1211 2392 1268; baseline 0.002 -21"><span class='ocrx_word' id='word_1_286' title='bbox 163 1211 203 1247; x_wconf 84' lang='grc' dir='ltr'><strong><em>δὲ</em></strong></span> <span class='ocrx_word' id='word_1_287' title='bbox 221 1212 311 1255; x_wconf 80' lang='grc' dir='ltr'><strong><em>μετὰ</em></strong></span> <span class='ocrx_word' id='word_1_288' title='bbox 334 1213 401 1257; x_wconf 87' lang='grc' dir='ltr'>τὴν</span> <span class='ocrx_word' id='word_1_289' title='bbox 418 1213 647 1268; x_wconf 70' lang='grc' dir='ltr'><strong><em>αναχιόρησιν</em></strong></span> <span class='ocrx_word' id='word_1_290' title='bbox 669 1227 748 1248; x_wconf 90' lang='grc' dir='ltr'>των</span> <span class='ocrx_word' id='word_1_291' title='bbox 768 1226 957 1267; x_wconf 77' lang='grc' dir='ltr'><strong><em>προτερων</em></strong></span> <span class='ocrx_word' id='word_1_292' title='bbox 976 1215 1240 1261; x_wconf 83' lang='grc' dir='ltr'><strong><em>ἑγκαταστᾶσιν</em></strong></span> <span class='ocrx_word' id='word_1_293' title='bbox 1254 1216 1296 1248; x_wconf 87' lang='grc'>20</span> <span class='ocrx_word' id='word_1_294' title='bbox 1310 1224 1375 1249; x_wconf 82' lang='lat' dir='ltr'>sua</span> <span class='ocrx_word' id='word_1_295' title='bbox 1398 1214 1601 1250; x_wconf 77' lang='lat' dir='ltr'>substantia</span> <span class='ocrx_word' id='word_1_296' title='bbox 1632 1215 1774 1250; x_wconf 89' lang='lat' dir='ltr'>omnino</span> <span class='ocrx_word' id='word_1_297' title='bbox 1805 1217 2060 1260; x_wconf 78' lang='lat' dir='ltr'>praebentibus</span> <span class='ocrx_word' id='word_1_298' title='bbox 2090 1217 2146 1253; x_wconf 77' lang='lat' dir='ltr'>his</span> <span class='ocrx_word' id='word_1_299' title='bbox 2177 1217 2239 1262; x_wconf 84' lang='lat' dir='ltr'>qui</span> <span class='ocrx_word' id='word_1_300' title='bbox 2270 1217 2317 1252; x_wconf 81' lang='lat' dir='ltr'>ab</span> <span class='ocrx_word' id='word_1_301' title='bbox 2341 1217 2392 1252; x_wconf 82' lang='lat' dir='ltr'>eis</span> 
     </span>
    </p>
   </div>
   <div class='ocr_carea' id='block_1_17' title="bbox 162 1255 1241 1442">
    <p class='ocr_par' dir='ltr' id='par_1_17' title="bbox 162 1255 1241 1442">
     <span class='ocr_line' id='line_1_41' title="bbox 163 1255 1239 1307; baseline 0.003 -17"><span class='ocrx_word' id='word_1_302' title='bbox 163 1255 281 1292; x_wconf 81' lang='grc' dir='ltr'><strong><em>αὐτοῖς</em></strong></span> <span class='ocrx_word' id='word_1_303' title='bbox 304 1256 479 1293; x_wconf 74' lang='grc' dir='ltr'><strong><em>δίδοσθαι</em></strong></span> <span class='ocrx_word' id='word_1_304' title='bbox 501 1270 563 1293; x_wconf 83' lang='grc' dir='ltr'>τας</span> <span class='ocrx_word' id='word_1_305' title='bbox 586 1257 758 1302; x_wconf 84' lang='grc' dir='ltr'><strong><em>σιτήσεις·</em></strong></span> <span class='ocrx_word' id='word_1_306' title='bbox 794 1257 936 1293; x_wconf 79' lang='grc' dir='ltr'><strong><em>οὐδενος</em></strong></span> <span class='ocrx_word' id='word_1_307' title='bbox 957 1257 1101 1307; x_wconf 76' lang='grc' dir='ltr'><strong><em>κέρδους</em></strong></span> <span class='ocrx_word' id='word_1_308' title='bbox 1122 1260 1239 1294; x_wconf 77' lang='grc' dir='ltr'><strong><em>ἐντεῦ-</em></strong></span> 
     </span>
     <span class='ocr_line' id='line_1_42' title="bbox 164 1303 1240 1350; baseline 0.001 -14"><span class='ocrx_word' id='word_1_309' title='bbox 164 1303 234 1336; x_wconf 72' lang='grc' dir='ltr'>θεν</span> <span class='ocrx_word' id='word_1_310' title='bbox 264 1306 337 1337; x_wconf 88' lang='grc' dir='ltr'><strong><em>τοῖς</em></strong></span> <span class='ocrx_word' id='word_1_311' title='bbox 365 1304 556 1350; x_wconf 79' lang='grc' dir='ltr'><strong><em>χορηγοῦσι</em></strong></span> <span class='ocrx_word' id='word_1_312' title='bbox 588 1307 879 1350; x_wconf 77' lang='grc' dir='ltr'><strong><em>προςγινομένου,</em></strong></span> <span class='ocrx_word' id='word_1_313' title='bbox 913 1305 992 1338; x_wconf 72' lang='grc' dir='ltr'><strong><em>ταῖν</em></strong></span> <span class='ocrx_word' id='word_1_314' title='bbox 1020 1303 1067 1339; x_wconf 83' lang='grc' dir='ltr'><strong><em>τὰ</em></strong></span> <span class='ocrx_word' id='word_1_315' title='bbox 1089 1306 1240 1339; x_wconf 82' lang='grc' dir='ltr'><strong><em>τοιαῦτα</em></strong></span> 
     </span>
     <span class='ocr_line' id='line_1_43' title="bbox 162 1345 1241 1396; baseline 0.003 -15"><span class='ocrx_word' id='word_1_316' title='bbox 162 1345 362 1393; x_wconf 85' lang='grc' dir='ltr'><strong><em>κερδαίνειν</em></strong></span> <span class='ocrx_word' id='word_1_317' title='bbox 396 1347 654 1395; x_wconf 76' lang='grc' dir='ltr'><strong><em>ἐγχειρούντων</em></strong></span> <span class='ocrx_word' id='word_1_318' title='bbox 689 1350 728 1383; x_wconf 79' lang='grc' dir='ltr'><strong><em>ἐκ</em></strong></span> <span class='ocrx_word' id='word_1_319' title='bbox 763 1350 825 1391; x_wconf 83' lang='grc' dir='ltr'>τῆς</span> <span class='ocrx_word' id='word_1_320' title='bbox 859 1350 1002 1384; x_wconf 81' lang='grc' dir='ltr'><strong><em>ἑαυτῶν</em></strong></span> <span class='ocrx_word' id='word_1_321' title='bbox 1036 1353 1241 1396; x_wconf 79' lang='grc' dir='ltr'><strong><em>περιουσίας</em></strong></span> 
     </span>
     <span class='ocr_line' id='line_1_44' title="bbox 162 1391 1241 1442; baseline 0.001 -15"><span class='ocrx_word' id='word_1_322' title='bbox 162 1393 307 1427; x_wconf 85' lang='grc' dir='ltr'><strong><em>πάντως</em></strong></span> <span class='ocrx_word' id='word_1_323' title='bbox 337 1393 573 1441; x_wconf 87' lang='grc' dir='ltr'><strong><em>παρεχόντων</em></strong></span> <span class='ocrx_word' id='word_1_324' title='bbox 603 1397 676 1428; x_wconf 90' lang='grc' dir='ltr'><strong><em>τοῖς</em></strong></span> <span class='ocrx_word' id='word_1_325' title='bbox 703 1391 795 1440; x_wconf 75' lang='grc' dir='ltr'><strong><em>παρ’</em></strong></span> <span class='ocrx_word' id='word_1_326' title='bbox 830 1394 972 1429; x_wconf 81' lang='grc' dir='ltr'><strong><em>ἑαυτῶν</em></strong></span> <span class='ocrx_word' id='word_1_327' title='bbox 1001 1396 1241 1442; x_wconf 79' lang='grc' dir='ltr'><strong><em>ἐγκαταστᾶσι</em></strong></span> 
     </span>
    </p>
   </div>
   <div class='ocr_carea' id='block_1_18' title="bbox 1309 1259 2393 1442">
    <p class='ocr_par' dir='ltr' id='par_1_18' title="bbox 1309 1259 2393 1442">
     <span class='ocr_line' id='line_1_45' title="bbox 1309 1259 2391 1307; baseline 0.004 -13"><span class='ocrx_word' id='word_1_328' title='bbox 1309 1259 1435 1295; x_wconf 88' lang='lat' dir='ltr'>statuti</span> <span class='ocrx_word' id='word_1_329' title='bbox 1459 1263 1543 1295; x_wconf 90' lang='lat' dir='ltr'>sunt</span> <span class='ocrx_word' id='word_1_330' title='bbox 1566 1260 1804 1295; x_wconf 89' lang='lat' dir='ltr'>emolumenta</span> <span class='ocrx_word' id='word_1_331' title='bbox 1826 1263 1863 1295; x_wconf 91' lang='lat' dir='ltr'>et</span> <span class='ocrx_word' id='word_1_332' title='bbox 1887 1271 2007 1297; x_wconf 90' lang='lat' dir='ltr'>omnes</span> <span class='ocrx_word' id='word_1_333' title='bbox 2033 1272 2220 1307; x_wconf 85' lang='lat' dir='ltr'>expensas,</span> <span class='ocrx_word' id='word_1_334' title='bbox 2250 1262 2391 1297; x_wconf 83' lang='lat' dir='ltr'>heredi-</span> 
     </span>
     <span class='ocr_line' id='line_1_46' title="bbox 1309 1305 2393 1353; baseline 0.002 -14"><span class='ocrx_word' id='word_1_335' title='bbox 1309 1305 1448 1349; x_wconf 90' lang='lat' dir='ltr'>busque</span> <span class='ocrx_word' id='word_1_336' title='bbox 1481 1314 1604 1340; x_wconf 89' lang='lat' dir='ltr'>eorum</span> <span class='ocrx_word' id='word_1_337' title='bbox 1634 1309 1670 1340; x_wconf 91' lang='lat' dir='ltr'>et</span> <span class='ocrx_word' id='word_1_338' title='bbox 1699 1305 1982 1348; x_wconf 87' lang='lat' dir='ltr'>successoribus,</span> <span class='ocrx_word' id='word_1_339' title='bbox 2015 1307 2210 1343; x_wconf 90' lang='lat' dir='ltr'>scientibus</span> <span class='ocrx_word' id='word_1_340' title='bbox 2234 1307 2329 1353; x_wconf 89' lang='lat' dir='ltr'>quia,</span> <span class='ocrx_word' id='word_1_341' title='bbox 2361 1306 2393 1342; x_wconf 90' lang='lat' dir='ltr'>si</span> 
     </span>
     <span class='ocr_line' id='line_1_47' title="bbox 1310 1349 2391 1397; baseline 0.002 -12"><span class='ocrx_word' id='word_1_342' title='bbox 1310 1350 1416 1385; x_wconf 91' lang='lat' dir='ltr'>etiam</span> <span class='ocrx_word' id='word_1_343' title='bbox 1439 1354 1523 1395; x_wconf 91' lang='lat' dir='ltr'>post</span> <span class='ocrx_word' id='word_1_344' title='bbox 1544 1350 1634 1385; x_wconf 88' lang='lat' dir='ltr'>haec</span> <span class='ocrx_word' id='word_1_345' title='bbox 1658 1349 1912 1393; x_wconf 77' lang='lat' dir='ltr'>fraudaverim,</span> <span class='ocrx_word' id='word_1_346' title='bbox 1946 1354 2044 1386; x_wconf 88' lang='lat' dir='ltr'>certa</span> <span class='ocrx_word' id='word_1_347' title='bbox 2067 1352 2248 1396; x_wconf 89' lang='lat' dir='ltr'>possessio</span> <span class='ocrx_word' id='word_1_348' title='bbox 2281 1352 2391 1397; x_wconf 88' lang='lat' dir='ltr'>depu-</span> 
     </span>
     <span class='ocr_line' id='line_1_48' title="bbox 1309 1395 2391 1442; baseline 0.002 -12"><span class='ocrx_word' id='word_1_349' title='bbox 1309 1395 1447 1431; x_wconf 87' lang='lat' dir='ltr'>tabitur</span> <span class='ocrx_word' id='word_1_350' title='bbox 1479 1405 1524 1430; x_wconf 83' lang='lat' dir='ltr'>ex</span> <span class='ocrx_word' id='word_1_351' title='bbox 1548 1405 1671 1430; x_wconf 90' lang='lat' dir='ltr'>eorum</span> <span class='ocrx_word' id='word_1_352' title='bbox 1705 1395 1908 1431; x_wconf 81' lang='lat' dir='ltr'>substantia</span> <span class='ocrx_word' id='word_1_353' title='bbox 1940 1396 2053 1431; x_wconf 88' lang='lat' dir='ltr'>sacris</span> <span class='ocrx_word' id='word_1_354' title='bbox 2077 1397 2208 1432; x_wconf 85' lang='lat' dir='ltr'>nostris</span> <span class='ocrx_word' id='word_1_355' title='bbox 2233 1397 2391 1442; x_wconf 84' lang='lat' dir='ltr'>privatis,</span> 
     </span>
    </p>
   </div>
   <div class='ocr_carea' id='block_1_19' title="bbox 162 1436 1868 1493">
    <p class='ocr_par' dir='ltr' id='par_1_19' title="bbox 162 1436 1868 1493">
     <span class='ocr_line' id='line_1_49' title="bbox 162 1436 1868 1493; baseline 0.002 -22"><span class='ocrx_word' id='word_1_356' title='bbox 162 1436 224 1471; x_wconf 85' lang='grc' dir='ltr'>τὰς</span> <span class='ocrx_word' id='word_1_357' title='bbox 246 1436 399 1481; x_wconf 82' lang='grc' dir='ltr'><strong><em>σιτήσεις</em></strong></span> <span class='ocrx_word' id='word_1_358' title='bbox 422 1442 481 1471; x_wconf 81' lang='grc' dir='ltr'>καὶ</span> <span class='ocrx_word' id='word_1_359' title='bbox 505 1437 622 1473; x_wconf 82' lang='grc' dir='ltr'><strong><em>πάσας</em></strong></span> <span class='ocrx_word' id='word_1_360' title='bbox 650 1438 714 1473; x_wconf 80' lang='grc' dir='ltr'>τὰς</span> <span class='ocrx_word' id='word_1_361' title='bbox 736 1443 914 1493; x_wconf 81' lang='grc' dir='ltr'><strong><em>χορηγίας,</em></strong></span> <span class='ocrx_word' id='word_1_362' title='bbox 945 1438 1178 1493; x_wconf 78' lang='grc' dir='ltr'><strong><em>κληρονόμων</em></strong></span> <span class='ocrx_word' id='word_1_363' title='bbox 1202 1453 1242 1474; x_wconf 86' lang='grc' dir='ltr'>τε</span> <span class='ocrx_word' id='word_1_364' title='bbox 1254 1442 1296 1476; x_wconf 87' lang='grc'>25</span> <span class='ocrx_word' id='word_1_365' title='bbox 1310 1444 1351 1476; x_wconf 89' lang='lat' dir='ltr'>ut</span> <span class='ocrx_word' id='word_1_366' title='bbox 1373 1440 1458 1476; x_wconf 87' lang='lat' dir='ltr'>hinc</span> <span class='ocrx_word' id='word_1_367' title='bbox 1481 1440 1696 1476; x_wconf 84' lang='lat' dir='ltr'>ministratio</span> <span class='ocrx_word' id='word_1_368' title='bbox 1720 1441 1771 1476; x_wconf 84' lang='lat' dir='ltr'>eis</span> <span class='ocrx_word' id='word_1_369' title='bbox 1795 1440 1868 1475; x_wconf 81' lang='lat' dir='ltr'>fiat.</span> 
     </span>
    </p>
   </div>
   <div class='ocr_carea' id='block_1_20' title="bbox 161 1481 1241 1666">
    <p class='ocr_par' dir='ltr' id='par_1_20' title="bbox 161 1481 1241 1666">
     <span class='ocr_line' id='line_1_50' title="bbox 162 1481 1241 1529; baseline 0.004 -14"><span class='ocrx_word' id='word_1_370' title='bbox 162 1481 286 1516; x_wconf 77' lang='grc' dir='ltr'><strong><em>αὐτῶν</em></strong></span> <span class='ocrx_word' id='word_1_371' title='bbox 314 1486 373 1516; x_wconf 88' lang='grc' dir='ltr'>καὶ</span> <span class='ocrx_word' id='word_1_372' title='bbox 398 1481 590 1526; x_wconf 87' lang='grc' dir='ltr'><strong><em>διαδόχων,</em></strong></span> <span class='ocrx_word' id='word_1_373' title='bbox 620 1482 773 1518; x_wconf 85' lang='grc' dir='ltr'><strong><em>εἰδότων</em></strong></span> <span class='ocrx_word' id='word_1_374' title='bbox 804 1497 853 1519; x_wconf 84' lang='grc' dir='ltr'><strong><em>ως</em></strong></span> <span class='ocrx_word' id='word_1_375' title='bbox 875 1486 906 1518; x_wconf 84' lang='grc' dir='ltr'><strong><em>εἰ</em></strong></span> <span class='ocrx_word' id='word_1_376' title='bbox 930 1488 990 1519; x_wconf 86' lang='grc' dir='ltr'>καὶ</span> <span class='ocrx_word' id='word_1_377' title='bbox 1011 1498 1103 1529; x_wconf 86' lang='grc' dir='ltr'><strong><em>μετα</em></strong></span> <span class='ocrx_word' id='word_1_378' title='bbox 1125 1486 1241 1519; x_wconf 80' lang='grc' dir='ltr'><strong><em>ταῦτα</em></strong></span> 
     </span>
     <span class='ocr_line' id='line_1_51' title="bbox 161 1524 1241 1576; baseline 0.004 -16"><span class='ocrx_word' id='word_1_379' title='bbox 161 1524 456 1573; x_wconf 81' lang='grc' dir='ltr'><strong><em>ἀποστερήσαιεν,</em></strong></span> <span class='ocrx_word' id='word_1_380' title='bbox 480 1527 569 1576; x_wconf 85' lang='grc' dir='ltr'><strong><em>ῥητὴ</em></strong></span> <span class='ocrx_word' id='word_1_381' title='bbox 592 1530 712 1572; x_wconf 80' lang='grc' dir='ltr'><strong><em>κτῆσις</em></strong></span> <span class='ocrx_word' id='word_1_382' title='bbox 730 1527 1021 1575; x_wconf 72' lang='grc' dir='ltr'><strong><em>ἀφορισθήσεται</em></strong></span> <span class='ocrx_word' id='word_1_383' title='bbox 1041 1532 1080 1563; x_wconf 79' lang='grc' dir='ltr'><strong><em>ἐκ</em></strong></span> <span class='ocrx_word' id='word_1_384' title='bbox 1103 1531 1163 1573; x_wconf 72' lang='grc' dir='ltr'>τῆς</span> <span class='ocrx_word' id='word_1_385' title='bbox 1180 1526 1241 1563; x_wconf 77' lang='grc' dir='ltr'>αὐ-</span> 
     </span>
     <span class='ocr_line' id='line_1_52' title="bbox 162 1571 1240 1620; baseline 0.003 -15"><span class='ocrx_word' id='word_1_386' title='bbox 162 1572 240 1606; x_wconf 80' lang='grc' dir='ltr'>τῶν</span> <span class='ocrx_word' id='word_1_387' title='bbox 263 1577 467 1618; x_wconf 81' lang='grc' dir='ltr'><strong><em>περιουσίας</em></strong></span> <span class='ocrx_word' id='word_1_388' title='bbox 490 1577 563 1608; x_wconf 80' lang='grc' dir='ltr'><strong><em>τοῖς</em></strong></span> <span class='ocrx_word' id='word_1_389' title='bbox 587 1574 701 1608; x_wconf 80' lang='grc' dir='ltr'><strong><em>θἐίοις</em></strong></span> <span class='ocrx_word' id='word_1_390' title='bbox 723 1572 826 1618; x_wconf 78' lang='grc' dir='ltr'><strong><em>ἡμῶν</em></strong></span> <span class='ocrx_word' id='word_1_391' title='bbox 850 1574 1049 1620; x_wconf 85' lang='grc' dir='ltr'><strong><em>πριβάτοις,</em></strong></span> <span class='ocrx_word' id='word_1_392' title='bbox 1075 1571 1163 1610; x_wconf 77' lang='grc' dir='ltr'><strong><em>ὥςτε</em></strong></span> <span class='ocrx_word' id='word_1_393' title='bbox 1187 1577 1240 1609; x_wconf 79' lang='grc' dir='ltr'>ἐν·</span> 
     </span>
     <span class='ocr_line' id='line_1_53' title="bbox 161 1616 924 1666; baseline 0.005 -16"><span class='ocrx_word' id='word_1_394' title='bbox 161 1617 295 1651; x_wconf 71' lang='grc' dir='ltr'><strong><em>τεῦθεν</em></strong></span> <span class='ocrx_word' id='word_1_395' title='bbox 318 1617 384 1661; x_wconf 87' lang='grc' dir='ltr'>τὴν</span> <span class='ocrx_word' id='word_1_396' title='bbox 406 1623 578 1666; x_wconf 88' lang='grc' dir='ltr'><strong><em>χορηγίαν</em></strong></span> <span class='ocrx_word' id='word_1_397' title='bbox 602 1616 721 1653; x_wconf 77' lang='grc' dir='ltr'><strong><em>αὐτοῖς</em></strong></span> <span class='ocrx_word' id='word_1_398' title='bbox 742 1620 924 1666; x_wconf 76' lang='grc' dir='ltr'><strong><em>γίνεσθαι.</em></strong></span> 
     </span>
    </p>
   </div>
   <div class='ocr_carea' id='block_1_21' title="bbox 1164 1732 1401 1768">
    <p class='ocr_par' dir='ltr' id='par_1_21' title="bbox 1164 1732 1401 1768">
     <span class='ocr_line' id='line_1_54' title="bbox 1164 1732 1401 1768; baseline -0.004 0"><span class='ocrx_word' id='word_1_399' title='bbox 1164 1732 1324 1768; x_wconf 85' lang='lat' dir='ltr'>CAPUT</span> <span class='ocrx_word' id='word_1_400' title='bbox 1354 1732 1401 1767; x_wconf 88' lang='grc' dir='ltr'>Π.</span> 
     </span>
    </p>
   </div>
   <div class='ocr_carea' id='block_1_22' title="bbox 212 1807 1299 1865">
    <p class='ocr_par' dir='ltr' id='par_1_22' title="bbox 212 1807 1299 1865">
     <span class='ocr_line' id='line_1_55' title="bbox 212 1807 1299 1865; baseline 0.004 -23"><span class='ocrx_word' id='word_1_401' title='bbox 212 1807 366 1844; x_wconf 80' lang='grc' dir='ltr'><strong><em>Κάκεῖνο</em></strong></span> <span class='ocrx_word' id='word_1_402' title='bbox 388 1812 512 1854; x_wconf 78' lang='grc' dir='ltr'><strong><em>μέντοι</em></strong></span> <span class='ocrx_word' id='word_1_403' title='bbox 542 1810 634 1864; x_wconf 39' lang='grc' dir='ltr'><strong><em>πρὸς,</em></strong></span> <span class='ocrx_word' id='word_1_404' title='bbox 652 1809 761 1865; x_wconf 78' lang='grc' dir='ltr'><strong><em>τιμὴν</em></strong></span> <span class='ocrx_word' id='word_1_405' title='bbox 789 1815 849 1845; x_wconf 86' lang='grc' dir='ltr'>καὶ</span> <span class='ocrx_word' id='word_1_406' title='bbox 877 1814 985 1856; x_wconf 83' lang='grc' dir='ltr'><strong><em>σέβας</em></strong></span> <span class='ocrx_word' id='word_1_407' title='bbox 1014 1813 1078 1846; x_wconf 86' lang='grc' dir='ltr'>τοῦ</span> <span class='ocrx_word' id='word_1_408' title='bbox 1103 1811 1242 1858; x_wconf 76' lang='grc' dir='ltr'><strong><em>θρόνου</em></strong></span> <span class='ocrx_word' id='word_1_409' title='bbox 1256 1814 1299 1846; x_wconf 87' lang='grc'>30</span> 
     </span>
    </p>
   </div>
   <div class='ocr_carea' id='block_1_23' title="bbox 161 1853 1243 2048">
    <p class='ocr_par' dir='ltr' id='par_1_23' title="bbox 161 1853 1243 2048">
     <span class='ocr_line' id='line_1_56' title="bbox 164 1853 1241 1901; baseline 0.003 -13"><span class='ocrx_word' id='word_1_410' title='bbox 164 1855 225 1888; x_wconf 87' lang='grc' dir='ltr'>τοῦ</span> <span class='ocrx_word' id='word_1_411' title='bbox 258 1856 322 1888; x_wconf 80' lang='grc' dir='ltr'>σοῦ</span> <span class='ocrx_word' id='word_1_412' title='bbox 347 1853 566 1900; x_wconf 83' lang='grc' dir='ltr'><strong><em>διορίζομεν,</em></strong></span> <span class='ocrx_word' id='word_1_413' title='bbox 603 1867 691 1890; x_wconf 85' lang='grc' dir='ltr'><strong><em>ωςτε</em></strong></span> <span class='ocrx_word' id='word_1_414' title='bbox 719 1857 750 1889; x_wconf 78' lang='grc' dir='ltr'><strong><em>εἰ</em></strong></span> <span class='ocrx_word' id='word_1_415' title='bbox 781 1868 833 1891; x_wconf 90' lang='grc' dir='ltr'>τις</span> <span class='ocrx_word' id='word_1_416' title='bbox 864 1855 1097 1901; x_wconf 86' lang='grc' dir='ltr'><strong><em>οἰκοδομήσας</em></strong></span> <span class='ocrx_word' id='word_1_417' title='bbox 1121 1855 1241 1900; x_wconf 76' lang='grc' dir='ltr'><strong><em>ἐκκλη-</em></strong></span> 
     </span>
     <span class='ocr_line' id='line_1_57' title="bbox 163 1897 1243 1950; baseline 0.004 -18"><span class='ocrx_word' id='word_1_418' title='bbox 163 1902 248 1933; x_wconf 89' lang='grc' dir='ltr'><strong><em>σίαν</em></strong></span> <span class='ocrx_word' id='word_1_419' title='bbox 271 1897 293 1943; x_wconf 85' lang='grc' dir='ltr'><em>ἢ</em></span> <span class='ocrx_word' id='word_1_420' title='bbox 317 1904 376 1934; x_wconf 89' lang='grc' dir='ltr'>καὶ</span> <span class='ocrx_word' id='word_1_421' title='bbox 399 1900 515 1935; x_wconf 81' lang='grc' dir='ltr'><strong><em>ἄλλως</em></strong></span> <span class='ocrx_word' id='word_1_422' title='bbox 537 1902 702 1948; x_wconf 83' lang='grc' dir='ltr'><strong><em>χορηγῶν</em></strong></span> <span class='ocrx_word' id='word_1_423' title='bbox 724 1904 797 1935; x_wconf 86' lang='grc' dir='ltr'><strong><em>τοῖς</em></strong></span> <span class='ocrx_word' id='word_1_424' title='bbox 821 1903 861 1936; x_wconf 79' lang='grc' dir='ltr'>ἐν</span> <span class='ocrx_word' id='word_1_425' title='bbox 885 1900 975 1950; x_wconf 79' lang='grc' dir='ltr'><strong><em>αὐτῇ</em></strong></span> <span class='ocrx_word' id='word_1_426' title='bbox 1000 1901 1243 1949; x_wconf 81' lang='grc' dir='ltr'><strong><em>λειτουργοῦσι</em></strong></span> 
     </span>
     <span class='ocr_line' id='line_1_58' title="bbox 162 1942 1241 1994; baseline 0.004 -17"><span class='ocrx_word' id='word_1_427' title='bbox 162 1942 316 1987; x_wconf 87' lang='grc' dir='ltr'><strong><em>σιτήσεις</em></strong></span> <span class='ocrx_word' id='word_1_428' title='bbox 345 1944 512 1988; x_wconf 83' lang='grc' dir='ltr'><strong><em>βούλοιτό</em></strong></span> <span class='ocrx_word' id='word_1_429' title='bbox 541 1957 641 1980; x_wconf 90' lang='grc' dir='ltr'><strong><em>τινας</em></strong></span> <span class='ocrx_word' id='word_1_430' title='bbox 672 1945 855 1991; x_wconf 80' lang='grc' dir='ltr'><strong><em>κληρικοὺς</em></strong></span> <span class='ocrx_word' id='word_1_431' title='bbox 884 1947 1108 1993; x_wconf 71' lang='grc' dir='ltr'><strong><em>ἐγκαθιστᾶν</em></strong></span> <span class='ocrx_word' id='word_1_432' title='bbox 1139 1944 1241 1994; x_wconf 78' lang='grc' dir='ltr'><strong><em>αὐτῇ,</em></strong></span> 
     </span>
     <span class='ocr_line' id='line_1_59' title="bbox 161 1987 1238 2048; baseline 0.003 -26"><span class='ocrx_word' id='word_1_433' title='bbox 161 1987 211 2032; x_wconf 88' lang='grc' dir='ltr'>μὴ</span> <span class='ocrx_word' id='word_1_434' title='bbox 231 1989 323 2023; x_wconf 81' lang='grc' dir='ltr'><strong><em>εἶναι</em></strong></span> <span class='ocrx_word' id='word_1_435' title='bbox 345 1990 443 2034; x_wconf 77' lang='grc' dir='ltr'><strong><em>αὐτῷ</em></strong></span> <span class='ocrx_word' id='word_1_436' title='bbox 465 1995 672 2043; x_wconf 71' lang='grc' dir='ltr'><strong><em>παρρησίαν</em></strong></span> <span class='ocrx_word' id='word_1_437' title='bbox 694 1990 873 2036; x_wconf 88' lang='grc' dir='ltr'><strong><em>μηδεμίαν</em></strong></span> <span class='ocrx_word' id='word_1_438' title='bbox 892 1989 1139 2048; x_wconf 38' lang='grc' dir='ltr'><strong><em>οῧςὶβοῗύλεται</em></strong></span> <span class='ocrx_word' id='word_1_439' title='bbox 1155 1990 1238 2026; x_wconf 52' lang='grc' dir='ltr'><strong><em>κατ)</em></strong></span> 
     </span>
    </p>
   </div>
   <div class='ocr_carea' id='block_1_24' title="bbox 1310 1810 2405 2036">
    <p class='ocr_par' dir='ltr' id='par_1_24' title="bbox 1310 1810 2405 2036">
     <span class='ocr_line' id='line_1_60' title="bbox 1365 1810 2397 1854; baseline 0.004 -10"><span class='ocrx_word' id='word_1_440' title='bbox 1365 1810 1459 1846; x_wconf 89' lang='lat' dir='ltr'>Illud</span> <span class='ocrx_word' id='word_1_441' title='bbox 1492 1820 1634 1854; x_wconf 88' lang='lat' dir='ltr'>quoque</span> <span class='ocrx_word' id='word_1_442' title='bbox 1667 1810 1714 1846; x_wconf 88' lang='lat' dir='ltr'>ad</span> <span class='ocrx_word' id='word_1_443' title='bbox 1745 1810 1917 1845; x_wconf 89' lang='lat' dir='ltr'>honorem</span> <span class='ocrx_word' id='word_1_444' title='bbox 1950 1813 1986 1846; x_wconf 90' lang='lat' dir='ltr'>et</span> <span class='ocrx_word' id='word_1_445' title='bbox 2018 1810 2153 1845; x_wconf 91' lang='lat' dir='ltr'>cultum</span> <span class='ocrx_word' id='word_1_446' title='bbox 2187 1811 2280 1847; x_wconf 88' lang='lat' dir='ltr'>sedis</span> <span class='ocrx_word' id='word_1_447' title='bbox 2311 1815 2397 1848; x_wconf 84' lang='lat' dir='ltr'>tuae</span> 
     </span>
     <span class='ocr_line' id='line_1_61' title="bbox 1312 1855 2396 1900; baseline 0.002 -9"><span class='ocrx_word' id='word_1_448' title='bbox 1312 1855 1545 1898; x_wconf 86' lang='lat' dir='ltr'>decernimus,</span> <span class='ocrx_word' id='word_1_449' title='bbox 1570 1857 1612 1890; x_wconf 92' lang='lat' dir='ltr'>ut</span> <span class='ocrx_word' id='word_1_450' title='bbox 1630 1855 1660 1891; x_wconf 89' lang='lat' dir='ltr'>si</span> <span class='ocrx_word' id='word_1_451' title='bbox 1676 1855 1755 1900; x_wconf 88' lang='lat' dir='ltr'>quis</span> <span class='ocrx_word' id='word_1_452' title='bbox 1774 1855 1970 1891; x_wconf 88' lang='lat' dir='ltr'>aedificans</span> <span class='ocrx_word' id='word_1_453' title='bbox 1995 1855 2184 1891; x_wconf 88' lang='lat' dir='ltr'>ecclesiam</span> <span class='ocrx_word' id='word_1_454' title='bbox 2207 1860 2271 1892; x_wconf 85' lang='lat' dir='ltr'>aut</span> <span class='ocrx_word' id='word_1_455' title='bbox 2289 1859 2396 1893; x_wconf 87' lang='lat' dir='ltr'>etiam</span> 
     </span>
     <span class='ocr_line' id='line_1_62' title="bbox 1311 1900 2396 1946; baseline 0.004 -11"><span class='ocrx_word' id='word_1_456' title='bbox 1311 1901 1414 1936; x_wconf 85' lang='lat' dir='ltr'>aliter</span> <span class='ocrx_word' id='word_1_457' title='bbox 1443 1900 1647 1946; x_wconf 86' lang='lat' dir='ltr'>expendens</span> <span class='ocrx_word' id='word_1_458' title='bbox 1677 1901 1714 1935; x_wconf 91' lang='lat' dir='ltr'>in</span> <span class='ocrx_word' id='word_1_459' title='bbox 1746 1910 1788 1936; x_wconf 88' lang='lat' dir='ltr'>ea</span> <span class='ocrx_word' id='word_1_460' title='bbox 1819 1900 2104 1936; x_wconf 87' lang='lat' dir='ltr'>ministrantibus</span> <span class='ocrx_word' id='word_1_461' title='bbox 2134 1902 2304 1938; x_wconf 88' lang='lat' dir='ltr'>alimenta</span> <span class='ocrx_word' id='word_1_462' title='bbox 2335 1914 2396 1939; x_wconf 92' lang='lat' dir='ltr'>vo-</span> 
     </span>
     <span class='ocr_line' id='line_1_63' title="bbox 1310 1945 2405 1990; baseline 0.003 -9"><span class='ocrx_word' id='word_1_463' title='bbox 1310 1946 1419 1981; x_wconf 90' lang='lat' dir='ltr'>luerit</span> <span class='ocrx_word' id='word_1_464' title='bbox 1443 1947 1582 1990; x_wconf 88' lang='lat' dir='ltr'>aliquos</span> <span class='ocrx_word' id='word_1_465' title='bbox 1607 1945 1757 1981; x_wconf 88' lang='lat' dir='ltr'>clericos</span> <span class='ocrx_word' id='word_1_466' title='bbox 1782 1948 1953 1988; x_wconf 87' lang='lat' dir='ltr'>statuere,</span> <span class='ocrx_word' id='word_1_467' title='bbox 1977 1956 2050 1981; x_wconf 92' lang='lat' dir='ltr'>non</span> <span class='ocrx_word' id='word_1_468' title='bbox 2072 1956 2152 1982; x_wconf 91' lang='lat' dir='ltr'>esse</span> <span class='ocrx_word' id='word_1_469' title='bbox 2176 1947 2209 1982; x_wconf 89' lang='lat' dir='ltr'>ei</span> <span class='ocrx_word' id='word_1_470' title='bbox 2228 1947 2405 1986; x_wconf 66' lang='lat' dir='ltr'>fiduciam,</span> 
     </span>
     <span class='ocr_line' id='line_1_64' title="bbox 1310 1991 2395 2036; baseline 0.002 -10"><span class='ocrx_word' id='word_1_471' title='bbox 1310 1991 1421 2026; x_wconf 81' lang='lat' dir='ltr'>ullam</span> <span class='ocrx_word' id='word_1_472' title='bbox 1451 2001 1542 2036; x_wconf 91' lang='lat' dir='ltr'>quos</span> <span class='ocrx_word' id='word_1_473' title='bbox 1574 1991 1649 2026; x_wconf 91' lang='lat' dir='ltr'>vult</span> <span class='ocrx_word' id='word_1_474' title='bbox 1679 2001 1743 2035; x_wconf 88' lang='lat' dir='ltr'>per</span> <span class='ocrx_word' id='word_1_475' title='bbox 1773 1994 1988 2035; x_wconf 85' lang='lat' dir='ltr'>potestatem</span> <span class='ocrx_word' id='word_1_476' title='bbox 2020 1991 2197 2026; x_wconf 87' lang='lat' dir='ltr'>deducere</span> <span class='ocrx_word' id='word_1_477' title='bbox 2225 1995 2311 2028; x_wconf 85' lang='lat' dir='ltr'>tuae</span> <span class='ocrx_word' id='word_1_478' title='bbox 2339 2004 2395 2028; x_wconf 90' lang='lat' dir='ltr'>re-</span> 
     </span>
    </p>
   </div>
   <div class='ocr_carea' id='block_1_25' title="bbox 163 2034 2396 2091">
    <p class='ocr_par' dir='ltr' id='par_1_25' title="bbox 163 2034 2396 2091">
     <span class='ocr_line' id='line_1_65' title="bbox 163 2034 2396 2091; baseline 0.003 -24"><span class='ocrx_word' id='word_1_479' title='bbox 163 2034 329 2089; x_wconf 62' lang='grc' dir='ltr'><strong><em>ἐξρυσίοξν</em></strong></span> <span class='ocrx_word' id='word_1_480' title='bbox 353 2035 539 2090; x_wconf 66' lang='grc' dir='ltr'><strong><em>προςάγειν</em></strong></span> <span class='ocrx_word' id='word_1_481' title='bbox 562 2050 607 2084; x_wconf 83' lang='grc' dir='ltr'><strong><em>τῃ</em></strong></span> <span class='ocrx_word' id='word_1_482' title='bbox 632 2035 879 2091; x_wconf 36' lang='grc' dir='ltr'><strong><em>σῇῗθεοφιλίᾳ,</em></strong></span> <span class='ocrx_word' id='word_1_483' title='bbox 905 2039 949 2082; x_wconf 78' lang='grc' dir='ltr'>ἐφ</span> <span class='ocrx_word' id='word_1_484' title='bbox 993 2051 1066 2081; x_wconf 84' lang='grc' dir='ltr'>ῳτε</span> <span class='ocrx_word' id='word_1_485' title='bbox 1088 2050 1242 2082; x_wconf 86' lang='grc' dir='ltr'><strong><em>χειροτο-</em></strong></span> <span class='ocrx_word' id='word_1_486' title='bbox 1255 2039 1298 2073; x_wconf 82' lang='grc'>35</span> <span class='ocrx_word' id='word_1_487' title='bbox 1311 2036 1490 2072; x_wconf 75' lang='lat' dir='ltr'>verentiae</span> <span class='ocrx_word' id='word_1_488' title='bbox 1515 2035 1561 2071; x_wconf 76' lang='lat' dir='ltr'>ad</span> <span class='ocrx_word' id='word_1_489' title='bbox 1585 2035 1803 2072; x_wconf 81' lang='lat' dir='ltr'>ordinandos</span> <span class='ocrx_word' id='word_1_490' title='bbox 1829 2046 1890 2072; x_wconf 82' lang='lat' dir='ltr'>eos</span> <span class='ocrx_word' id='word_1_491' title='bbox 1913 2051 2044 2068; x_wconf 61' lang='lat' dir='ltr'>*avenn</span> <span class='ocrx_word' id='word_1_492' title='bbox 2068 2037 2265 2072; x_wconf 82' lang='lat' dir='ltr'>examinari</span> <span class='ocrx_word' id='word_1_493' title='bbox 2287 2048 2310 2073; x_wconf 83' lang='lat' dir='ltr'>a</span> <span class='ocrx_word' id='word_1_494' title='bbox 2333 2042 2396 2085; x_wconf 77' lang='lat' dir='ltr'>tua</span> 
     </span>
    </p>
   </div>
   <div class='ocr_carea' id='block_1_26' title="bbox 161 2081 1245 2174">
    <p class='ocr_par' dir='ltr' id='par_1_26' title="bbox 161 2081 1245 2174">
     <span class='ocr_line' id='line_1_66' title="bbox 162 2081 1241 2129; baseline 0.003 -17"><span class='ocrx_word' id='word_1_495' title='bbox 162 2093 239 2114; x_wconf 87' lang='grc' dir='ltr'><strong><em>νειν</em></strong></span> <span class='ocrx_word' id='word_1_496' title='bbox 263 2092 391 2115; x_wconf 81' lang='grc' dir='ltr'><strong><em>αυτους</em></strong></span> <span class='ocrx_word' id='word_1_497' title='bbox 414 2085 566 2128; x_wconf 87' lang='grc' dir='ltr'><strong><em>ακρίτως</em></strong></span> <span class='ocrx_word' id='word_1_498' title='bbox 590 2084 650 2115; x_wconf 86' lang='grc' dir='ltr'>καὶ</span> <span class='ocrx_word' id='word_1_499' title='bbox 674 2081 934 2125; x_wconf 77' lang='grc' dir='ltr'><strong><em>ανεξεταστως,</em></strong></span> <span class='ocrx_word' id='word_1_500' title='bbox 958 2081 1049 2117; x_wconf 81' lang='grc' dir='ltr'><strong><em>ἀλλὰ</em></strong></span> <span class='ocrx_word' id='word_1_501' title='bbox 1071 2094 1241 2129; x_wconf 77' lang='grc' dir='ltr'><strong><em>προςαγο-</em></strong></span> 
     </span>
     <span class='ocr_line' id='line_1_67' title="bbox 161 2122 1245 2174; baseline 0.003 -15"><span class='ocrx_word' id='word_1_502' title='bbox 161 2127 287 2169; x_wconf 83' lang='grc' dir='ltr'><strong><em>μένους</em></strong></span> <span class='ocrx_word' id='word_1_503' title='bbox 316 2122 443 2160; x_wconf 72' lang='grc' dir='ltr'><strong><em>αὐτοὺς</em></strong></span> <span class='ocrx_word' id='word_1_504' title='bbox 474 2124 712 2168; x_wconf 72' lang='grc' dir='ltr'><strong><em>ἐξετάζεσθαι</em></strong></span> <span class='ocrx_word' id='word_1_505' title='bbox 736 2125 834 2173; x_wconf 82' lang='grc' dir='ltr'><strong><em>παρὰ</em></strong></span> <span class='ocrx_word' id='word_1_506' title='bbox 858 2128 920 2170; x_wconf 78' lang='grc' dir='ltr'>τῆς</span> <span class='ocrx_word' id='word_1_507' title='bbox 948 2128 1010 2170; x_wconf 85' lang='grc' dir='ltr'>σῆς</span> <span class='ocrx_word' id='word_1_508' title='bbox 1033 2125 1245 2174; x_wconf 80' lang='grc' dir='ltr'><strong><em>ἁγιωσύνης,</em></strong></span> 
     </span>
    </p>
   </div>
   <div class='ocr_carea' id='block_1_27' title="bbox 208 2216 2402 2261">
    <p class='ocr_par' dir='ltr' id='par_1_27' title="bbox 208 2216 2402 2261">
     <span class='ocr_line' id='line_1_68' title="bbox 208 2216 2402 2261; baseline 0.001 -12"><span class='ocrx_word' id='word_1_509' title='bbox 208 2229 281 2259; x_wconf 84' lang='lat' dir='ltr'>cap.</span> <span class='ocrx_word' id='word_1_510' title='bbox 295 2217 319 2249; x_wconf 94' lang='grc' dir='ltr'><em>Ι</em></span> <span class='ocrx_word' id='word_1_511' title='bbox 331 2218 507 2250; x_wconf 84' lang='lat' dir='ltr'>summaria</span> <span class='ocrx_word' id='word_1_512' title='bbox 528 2218 647 2251; x_wconf 77' lang='lat' dir='ltr'>habent</span> <span class='ocrx_word' id='word_1_513' title='bbox 669 2218 750 2251; x_wconf 78' lang='lat' dir='ltr'>Call.</span> <span class='ocrx_word' id='word_1_514' title='bbox 765 2218 918 2251; x_wconf 88' lang='lat' dir='ltr'><em>LXXX</em></span> <span class='ocrx_word' id='word_1_515' title='bbox 926 2216 998 2250; x_wconf 88' lang='lat' dir='ltr'>VII</span> <span class='ocrx_word' id='word_1_516' title='bbox 1009 2219 1106 2261; x_wconf 82' lang='lat' dir='ltr'>capit.</span> <span class='ocrx_word' id='word_1_517' title='bbox 1124 2219 1166 2251; x_wconf 88' lang='lat'>19</span> <span class='ocrx_word' id='word_1_518' title='bbox 1191 2218 1278 2259; x_wconf 82' lang='lat' dir='ltr'>(inde</span> <span class='ocrx_word' id='word_1_519' title='bbox 1300 2219 1466 2260; x_wconf 74' lang='lat' dir='ltr'>appendix</span> <span class='ocrx_word' id='word_1_520' title='bbox 1490 2217 1624 2251; x_wconf 86' lang='lat' dir='ltr'>Nomoc.</span> <span class='ocrx_word' id='word_1_521' title='bbox 1638 2217 1669 2250; x_wconf 92' lang='lat' dir='ltr'><em>L</em></span> <span class='ocrx_word' id='word_1_522' title='bbox 1691 2218 1853 2251; x_wconf 83' lang='lat' dir='ltr'>titulorum</span> <span class='ocrx_word' id='word_1_523' title='bbox 1871 2229 1944 2259; x_wconf 83' lang='lat' dir='ltr'>cap.</span> <span class='ocrx_word' id='word_1_524' title='bbox 1961 2218 2036 2250; x_wconf 80' lang='lat' dir='ltr'>eccl.</span> <span class='ocrx_word' id='word_1_525' title='bbox 2051 2218 2083 2259; x_wconf 89' lang='grc'>8)</span> <span class='ocrx_word' id='word_1_526' title='bbox 2103 2224 2133 2251; x_wconf 80' lang='lat' dir='ltr'>et</span> <span class='ocrx_word' id='word_1_527' title='bbox 2152 2218 2284 2251; x_wconf 83' lang='lat' dir='ltr'>Nomoc.</span> <span class='ocrx_word' id='word_1_528' title='bbox 2300 2218 2402 2252; x_wconf 89' lang='lat' dir='ltr'>XIV</span> 
     </span>
    </p>
   </div>
   <div class='ocr_carea' id='block_1_28' title="bbox 164 2262 311 2303">
    <p class='ocr_par' dir='ltr' id='par_1_28' title="bbox 164 2262 311 2303">
     <span class='ocr_line' id='line_1_69' title="bbox 164 2262 311 2303; baseline -0.007 -9"><span class='ocrx_word' id='word_1_529' title='bbox 164 2262 210 2294; x_wconf 79' lang='grc' dir='ltr'>ιιί.</span> <span class='ocrx_word' id='word_1_530' title='bbox 236 2263 267 2303; x_wconf 89' lang='grc'><strong><em>8,</em></strong></span> <span class='ocrx_word' id='word_1_531' title='bbox 284 2269 311 2294; x_wconf 84' lang='lat'>2.</span> 
     </span>
    </p>
   </div>
   <div class='ocr_carea' id='block_1_29' title="bbox 2094 2335 2211 2340">
    <p class='ocr_par' dir='ltr' id='par_1_29' title="bbox 2094 2335 2211 2340">
     <span class='ocr_line' id='line_1_70' title="bbox 2094 2335 2211 2340; baseline 0 0"><span class='ocrx_word' id='word_1_532' title='bbox 2094 2335 2211 2340; x_wconf 95' lang='lat' dir='ltr'> </span> 
     </span>
    </p>
   </div>
   <div class='ocr_carea' id='block_1_30' title="bbox 2212 2336 2394 2342">
    <p class='ocr_par' dir='ltr' id='par_1_30' title="bbox 2212 2336 2394 2342">
     <span class='ocr_line' id='line_1_71' title="bbox 2212 2336 2394 2342; baseline 0 0"><span class='ocrx_word' id='word_1_533' title='bbox 2212 2336 2394 2342; x_wconf 95' lang='lat' dir='ltr'> </span> 
     </span>
    </p>
   </div>
   <div class='ocr_carea' id='block_1_31' title="bbox 164 2369 2396 2467">
    <p class='ocr_par' dir='ltr' id='par_1_31' title="bbox 164 2369 2396 2467">
     <span class='ocr_line' id='line_1_72' title="bbox 298 2369 2395 2420; baseline 0 -11"><span class='ocrx_word' id='word_1_534' title='bbox 298 2373 327 2409; x_wconf 90' lang='grc' dir='ltr'>Ι.</span> <span class='ocrx_word' id='word_1_535' title='bbox 375 2372 566 2409; x_wconf 88' lang='lat' dir='ltr'>Sancimus</span> <span class='ocrx_word' id='word_1_536' title='bbox 588 2373 713 2418; x_wconf 72' lang='lat' dir='ltr'>iqitur,</span> <span class='ocrx_word' id='word_1_537' title='bbox 744 2383 790 2408; x_wconf 88' lang='lat' dir='ltr'>ne</span> <span class='ocrx_word' id='word_1_538' title='bbox 812 2372 852 2407; x_wconf 89' lang='lat' dir='ltr'>id</span> <span class='ocrx_word' id='word_1_539' title='bbox 873 2383 980 2407; x_wconf 88' lang='lat' dir='ltr'>sacro</span> <span class='ocrx_word' id='word_1_540' title='bbox 1012 2371 1213 2407; x_wconf 87' lang='lat' dir='ltr'>ministerio</span> <span class='ocrx_word' id='word_1_541' title='bbox 1237 2370 1490 2417; x_wconf 84' lang='lat' dir='ltr'>impedimento</span> <span class='ocrx_word' id='word_1_542' title='bbox 1514 2370 1578 2413; x_wconf 88' lang='lat' dir='ltr'>sit,</span> <span class='ocrx_word' id='word_1_543' title='bbox 1609 2370 1676 2405; x_wconf 89' lang='lat' dir='ltr'>sed</span> <span class='ocrx_word' id='word_1_544' title='bbox 1697 2373 1739 2405; x_wconf 82' lang='lat' dir='ltr'>ut</span> <span class='ocrx_word' id='word_1_545' title='bbox 1761 2369 1825 2404; x_wconf 84' lang='lat' dir='ltr'>alii</span> <span class='ocrx_word' id='word_1_546' title='bbox 1848 2370 2116 2406; x_wconf 80' lang='lat' dir='ltr'>substituantur</span> <span class='ocrx_word' id='word_1_547' title='bbox 2144 2383 2167 2407; x_wconf 92' lang='lat' dir='ltr'>a</span> <span class='ocrx_word' id='word_1_548' title='bbox 2190 2371 2257 2407; x_wconf 87' lang='lat' dir='ltr'>deo</span> <span class='ocrx_word' id='word_1_549' title='bbox 2282 2374 2395 2420; x_wconf 86' lang='lat' dir='ltr'>caris-</span> 
     </span>
     <span class='ocr_line' id='line_1_73' title="bbox 164 2414 2396 2467; baseline -0 -13"><span class='ocrx_word' id='word_1_550' title='bbox 164 2419 264 2455; x_wconf 85' lang='lat' dir='ltr'>simis</span> <span class='ocrx_word' id='word_1_551' title='bbox 291 2430 311 2454; x_wconf 93' lang='lat' dir='ltr'>e</span> <span class='ocrx_word' id='word_1_552' title='bbox 339 2419 484 2465; x_wconf 86' lang='lat' dir='ltr'>iscopis,</span> <span class='ocrx_word' id='word_1_553' title='bbox 515 2418 580 2453; x_wconf 86' lang='lat' dir='ltr'>sub</span> <span class='ocrx_word' id='word_1_554' title='bbox 604 2417 734 2464; x_wconf 82' lang='lat' dir='ltr'>quibus</span> <span class='ocrx_word' id='word_1_555' title='bbox 757 2416 928 2452; x_wconf 82' lang='lat' dir='ltr'>ecclesiae</span> <span class='ocrx_word' id='word_1_556' title='bbox 958 2416 1043 2452; x_wconf 82' lang='lat' dir='ltr'>illae</span> <span class='ocrx_word' id='word_1_557' title='bbox 1073 2416 1292 2452; x_wconf 75' lang='lat' dir='ltr'>constitutae</span> <span class='ocrx_word' id='word_1_558' title='bbox 1315 2419 1411 2457; x_wconf 86' lang='lat' dir='ltr'>sunt,</span> <span class='ocrx_word' id='word_1_559' title='bbox 1443 2420 1552 2460; x_wconf 86' lang='lat' dir='ltr'>atque</span> <span class='ocrx_word' id='word_1_560' title='bbox 1583 2414 1640 2450; x_wconf 76' lang='lat' dir='ltr'>ilci</span> <span class='ocrx_word' id='word_1_561' title='bbox 1671 2414 1761 2450; x_wconf 77' lang='lat' dir='ltr'>haec</span> <span class='ocrx_word' id='word_1_562' title='bbox 1790 2414 1972 2467; x_wconf 72' lang='lat' dir='ltr'>auferant.</span> <span class='ocrx_word' id='word_1_563' title='bbox 2031 2415 2158 2461; x_wconf 85' lang='lat' dir='ltr'>Neque</span> <span class='ocrx_word' id='word_1_564' title='bbox 2188 2417 2282 2451; x_wconf 83' lang='lat' dir='ltr'>enim</span> <span class='ocrx_word' id='word_1_565' title='bbox 2310 2418 2396 2454; x_wconf 82' lang='lat' dir='ltr'>ullis</span> 
     </span>
    </p>
   </div>
   <div class='ocr_carea' id='block_1_32' title="bbox 107 2459 2395 2509">
    <p class='ocr_par' dir='ltr' id='par_1_32' title="bbox 107 2459 2395 2509">
     <span class='ocr_line' id='line_1_74' title="bbox 107 2459 2395 2509; baseline -0 -9"><span class='ocrx_word' id='word_1_566' title='bbox 107 2481 111 2484; x_wconf 52' lang='lat'><strong>⁴</strong></span> <span class='ocrx_word' id='word_1_567' title='bbox 164 2464 301 2500; x_wconf 76' lang='lat' dir='ltr'>homini</span> <span class='ocrx_word' id='word_1_568' title='bbox 325 2475 367 2499; x_wconf 89' lang='lat' dir='ltr'>us</span> <span class='ocrx_word' id='word_1_569' title='bbox 397 2463 591 2499; x_wconf 79' lang='lat' dir='ltr'>concedere</span> <span class='ocrx_word' id='word_1_570' title='bbox 621 2462 786 2499; x_wconf 83' lang='lat' dir='ltr'>volumus</span> <span class='ocrx_word' id='word_1_571' title='bbox 815 2466 856 2497; x_wconf 88' lang='lat' dir='ltr'>ut</span> <span class='ocrx_word' id='word_1_572' title='bbox 884 2461 1122 2507; x_wconf 79' lang='lat' dir='ltr'>lucrifaciant</span> <span class='ocrx_word' id='word_1_573' title='bbox 1152 2472 1246 2506; x_wconf 87' lang='lat' dir='ltr'>quae</span> <span class='ocrx_word' id='word_1_574' title='bbox 1277 2460 1322 2496; x_wconf 84' lang='lat' dir='ltr'>ab</span> <span class='ocrx_word' id='word_1_575' title='bbox 1352 2460 1443 2506; x_wconf 82' lang='lat' dir='ltr'>ipsis</span> <span class='ocrx_word' id='word_1_576' title='bbox 1473 2459 1531 2495; x_wconf 82' lang='lat' dir='ltr'>vel</span> <span class='ocrx_word' id='word_1_577' title='bbox 1558 2470 1627 2506; x_wconf 87' lang='lat' dir='ltr'>per</span> <span class='ocrx_word' id='word_1_578' title='bbox 1658 2461 1756 2507; x_wconf 86' lang='lat' dir='ltr'>ipsos</span> <span class='ocrx_word' id='word_1_579' title='bbox 1786 2460 2027 2495; x_wconf 76' lang='lat' dir='ltr'>sanctisstmis</span> <span class='ocrx_word' id='word_1_580' title='bbox 2051 2460 2210 2496; x_wconf 84' lang='lat' dir='ltr'>ecclesiis</span> <span class='ocrx_word' id='word_1_581' title='bbox 2241 2468 2395 2509; x_wconf 73' lang='lat' dir='ltr'>eroqata</span> 
     </span>
    </p>
   </div>
   <div class='ocr_carea' id='block_1_33' title="bbox 159 2504 2401 3138">
    <p class='ocr_par' dir='ltr' id='par_1_33' title="bbox 159 2504 2397 2961">
     <span class='ocr_line' id='line_1_75' title="bbox 164 2504 2394 2555; baseline 0 -11"><span class='ocrx_word' id='word_1_582' title='bbox 164 2514 251 2545; x_wconf 87' lang='lat' dir='ltr'>sunt</span> <span class='ocrx_word' id='word_1_583' title='bbox 273 2509 458 2555; x_wconf 86' lang='lat' dir='ltr'>(quoniam</span> <span class='ocrx_word' id='word_1_584' title='bbox 480 2509 545 2554; x_wconf 89' lang='lat' dir='ltr'>fas</span> <span class='ocrx_word' id='word_1_585' title='bbox 568 2519 641 2543; x_wconf 87' lang='lat' dir='ltr'>non</span> <span class='ocrx_word' id='word_1_586' title='bbox 665 2511 719 2543; x_wconf 89' lang='lat' dir='ltr'>est</span> <span class='ocrx_word' id='word_1_587' title='bbox 742 2507 817 2543; x_wconf 84' lang='lat' dir='ltr'>ulia</span> <span class='ocrx_word' id='word_1_588' title='bbox 841 2518 891 2543; x_wconf 76' lang='lat' dir='ltr'>ex</span> <span class='ocrx_word' id='word_1_589' title='bbox 914 2517 1025 2542; x_wconf 86' lang='lat' dir='ltr'>causa</span> <span class='ocrx_word' id='word_1_590' title='bbox 1049 2506 1188 2542; x_wconf 83' lang='lat' dir='ltr'>lucrum</span> <span class='ocrx_word' id='word_1_591' title='bbox 1212 2516 1343 2552; x_wconf 80' lang='lat' dir='ltr'>capere</span> <span class='ocrx_word' id='word_1_592' title='bbox 1366 2516 1471 2551; x_wconf 87' lang='lat' dir='ltr'>quem</span> <span class='ocrx_word' id='word_1_593' title='bbox 1497 2516 1581 2540; x_wconf 88' lang='lat' dir='ltr'>uam</span> <span class='ocrx_word' id='word_1_594' title='bbox 1604 2515 1655 2540; x_wconf 80' lang='lat' dir='ltr'>ex</span> <span class='ocrx_word' id='word_1_595' title='bbox 1674 2504 1831 2540; x_wconf 85' lang='lat' dir='ltr'>aliorum</span> <span class='ocrx_word' id='word_1_596' title='bbox 1852 2504 2118 2550; x_wconf 82' lang='lat' dir='ltr'>fraudatione),</span> <span class='ocrx_word' id='word_1_597' title='bbox 2144 2506 2211 2542; x_wconf 89' lang='lat' dir='ltr'>sed</span> <span class='ocrx_word' id='word_1_598' title='bbox 2231 2517 2326 2552; x_wconf 82' lang='lat' dir='ltr'>quae</span> <span class='ocrx_word' id='word_1_599' title='bbox 2348 2509 2394 2544; x_wconf 84' lang='lat' dir='ltr'>ab</span> 
     </span>
     <span class='ocr_line' id='line_1_76' title="bbox 164 2549 2396 2601; baseline -0.001 -11"><span class='ocrx_word' id='word_1_600' title='bbox 164 2555 269 2590; x_wconf 83' lang='lat' dir='ltr'>initio</span> <span class='ocrx_word' id='word_1_601' title='bbox 285 2554 466 2601; x_wconf 86' lang='lat' dir='ltr'>praestita</span> <span class='ocrx_word' id='word_1_602' title='bbox 488 2557 575 2589; x_wconf 86' lang='lat' dir='ltr'>sunt</span> <span class='ocrx_word' id='word_1_603' title='bbox 592 2564 663 2599; x_wconf 88' lang='lat' dir='ltr'>per</span> <span class='ocrx_word' id='word_1_604' title='bbox 684 2563 787 2588; x_wconf 91' lang='lat' dir='ltr'>omne</span> <span class='ocrx_word' id='word_1_605' title='bbox 810 2555 950 2598; x_wconf 88' lang='lat' dir='ltr'>tempus</span> <span class='ocrx_word' id='word_1_606' title='bbox 973 2551 1115 2593; x_wconf 82' lang='lat' dir='ltr'>dentur,</span> <span class='ocrx_word' id='word_1_607' title='bbox 1146 2561 1233 2586; x_wconf 87' lang='lat' dir='ltr'>neve</span> <span class='ocrx_word' id='word_1_608' title='bbox 1250 2560 1393 2585; x_wconf 87' lang='lat' dir='ltr'>sacrum</span> <span class='ocrx_word' id='word_1_609' title='bbox 1423 2549 1470 2584; x_wconf 75' lang='grc' dir='ltr'>ιη’</span> <span class='ocrx_word' id='word_1_610' title='bbox 1487 2560 1508 2585; x_wconf 88' lang='lat' dir='ltr'>e</span> <span class='ocrx_word' id='word_1_611' title='bbox 1526 2550 1762 2600; x_wconf 83' lang='lat' dir='ltr'>ministerium</span> <span class='ocrx_word' id='word_1_612' title='bbox 1782 2553 2047 2601; x_wconf 77' lang='lat' dir='ltr'>corrumpatur.</span> <span class='ocrx_word' id='word_1_613' title='bbox 2095 2549 2173 2586; x_wconf 88' lang='lat' dir='ltr'>Nec</span> <span class='ocrx_word' id='word_1_614' title='bbox 2193 2559 2396 2598; x_wconf 77' lang='lat' dir='ltr'>postquam</span> 
     </span>
     <span class='ocr_line' id='line_1_77' title="bbox 166 2594 2396 2645; baseline -0.001 -9"><span class='ocrx_word' id='word_1_615' title='bbox 166 2602 203 2636; x_wconf 87' lang='lat' dir='ltr'>in</span> <span class='ocrx_word' id='word_1_616' title='bbox 227 2600 345 2635; x_wconf 79' lang='lat' dir='ltr'>iocum</span> <span class='ocrx_word' id='word_1_617' title='bbox 366 2599 534 2645; x_wconf 81' lang='lat' dir='ltr'>priorum</span> <span class='ocrx_word' id='word_1_618' title='bbox 558 2599 769 2634; x_wconf 83' lang='lat' dir='ltr'>clericorum</span> <span class='ocrx_word' id='word_1_619' title='bbox 799 2597 853 2633; x_wconf 86' lang='lat' dir='ltr'>vel</span> <span class='ocrx_word' id='word_1_620' title='bbox 876 2609 899 2632; x_wconf 88' lang='lat' dir='ltr'>a</span> <span class='ocrx_word' id='word_1_621' title='bbox 923 2596 1149 2632; x_wconf 84' lang='lat' dir='ltr'>sanctissimo</span> <span class='ocrx_word' id='word_1_622' title='bbox 1172 2594 1394 2642; x_wconf 74' lang='lat' dir='ltr'>patriarcha</span> <span class='ocrx_word' id='word_1_623' title='bbox 1424 2595 1480 2642; x_wconf 79' lang='grc' dir='ltr'>υεί</span> <span class='ocrx_word' id='word_1_624' title='bbox 1506 2594 1551 2630; x_wconf 85' lang='lat' dir='ltr'>ab</span> <span class='ocrx_word' id='word_1_625' title='bbox 1581 2596 1763 2641; x_wconf 75' lang='lat' dir='ltr'>episcopis</span> <span class='ocrx_word' id='word_1_626' title='bbox 1786 2594 2077 2641; x_wconf 75' lang='lat' dir='ltr'>provincialibus</span> <span class='ocrx_word' id='word_1_627' title='bbox 2107 2595 2176 2631; x_wconf 81' lang='lat' dir='ltr'>alii</span> <span class='ocrx_word' id='word_1_628' title='bbox 2202 2597 2396 2644; x_wconf 74' lang='lat' dir='ltr'>subroqati</span> 
     </span>
     <span class='ocr_line' id='line_1_78' title="bbox 164 2639 2394 2720; baseline -0.001 -39"><span class='ocrx_word' id='word_1_629' title='bbox 164 2648 260 2687; x_wconf 89' lang='lat' dir='ltr'>sunt,</span> <span class='ocrx_word' id='word_1_630' title='bbox 286 2644 432 2680; x_wconf 85' lang='lat' dir='ltr'>licentia</span> <span class='ocrx_word' id='word_1_631' title='bbox 447 2643 594 2679; x_wconf 86' lang='lat' dir='ltr'>dabitur</span> <span class='ocrx_word' id='word_1_632' title='bbox 609 2643 656 2678; x_wconf 87' lang='lat' dir='ltr'>iis</span> <span class='ocrx_word' id='word_1_633' title='bbox 671 2643 737 2688; x_wconf 79' lang='lat' dir='ltr'>qui</span> <span class='ocrx_word' id='word_1_634' title='bbox 750 2642 966 2678; x_wconf 84' lang='lat' dir='ltr'>recesserint</span> <span class='ocrx_word' id='word_1_635' title='bbox 978 2641 1012 2676; x_wconf 87' lang='lat' dir='ltr'>si</span> <span class='ocrx_word' id='word_1_636' title='bbox 1027 2651 1157 2676; x_wconf 87' lang='lat' dir='ltr'>rursus</span> <span class='ocrx_word' id='word_1_637' title='bbox 1173 2640 1294 2676; x_wconf 88' lang='lat' dir='ltr'>redire</span> <span class='ocrx_word' id='word_1_638' title='bbox 1316 2643 1352 2675; x_wconf 90' lang='lat' dir='ltr'>et</span> <span class='ocrx_word' id='word_1_639' title='bbox 1371 2639 1555 2720; x_wconf 42' lang='lat' dir='ltr'>effipellere</span> <span class='ocrx_word' id='word_1_640' title='bbox 1573 2639 1792 2691; x_wconf 58' lang='lat' dir='ltr'>subrogatos</span> <span class='ocrx_word' id='word_1_641' title='bbox 1811 2639 1931 2681; x_wconf 85' lang='lat' dir='ltr'>velint,</span> <span class='ocrx_word' id='word_1_642' title='bbox 1955 2650 2027 2691; x_wconf 84' lang='lat' dir='ltr'>quo</span> <span class='ocrx_word' id='word_1_643' title='bbox 2048 2644 2227 2692; x_wconf 71' lang='lat' dir='ltr'>coquntur</span> <span class='ocrx_word' id='word_1_644' title='bbox 2244 2641 2394 2689; x_wconf 82' lang='lat' dir='ltr'>duplum</span> 
     </span>
     <span class='ocr_line' id='line_1_79' title="bbox 159 2684 2395 2737; baseline -0.001 -12"><span class='ocrx_word' id='word_1_645' title='bbox 159 2694 354 2737; x_wconf 86' lang='lat' dir='ltr'>praestare</span> <span class='ocrx_word' id='word_1_646' title='bbox 401 2690 442 2724; x_wconf 89' lang='lat' dir='ltr'>ui</span> <span class='ocrx_word' id='word_1_647' title='bbox 463 2688 640 2724; x_wconf 84' lang='lat' dir='ltr'>eiusmodi</span> <span class='ocrx_word' id='word_1_648' title='bbox 660 2687 909 2734; x_wconf 75' lang='lat' dir='ltr'>eroqationem</span> <span class='ocrx_word' id='word_1_649' title='bbox 931 2686 1094 2732; x_wconf 86' lang='lat' dir='ltr'>faciunt,</span> <span class='ocrx_word' id='word_1_650' title='bbox 1126 2686 1180 2721; x_wconf 86' lang='lat' dir='ltr'>ita</span> <span class='ocrx_word' id='word_1_651' title='bbox 1204 2689 1246 2720; x_wconf 91' lang='lat' dir='ltr'>ut</span> <span class='ocrx_word' id='word_1_652' title='bbox 1272 2688 1307 2720; x_wconf 88' lang='lat' dir='ltr'>et</span> <span class='ocrx_word' id='word_1_653' title='bbox 1330 2684 1376 2719; x_wconf 83' lang='lat' dir='ltr'>iis</span> <span class='ocrx_word' id='word_1_654' title='bbox 1417 2689 1480 2720; x_wconf 90' lang='lat' dir='ltr'>ent</span> <span class='ocrx_word' id='word_1_655' title='bbox 1509 2685 1573 2730; x_wconf 84' lang='lat' dir='ltr'>qui</span> <span class='ocrx_word' id='word_1_656' title='bbox 1592 2684 1775 2720; x_wconf 75' lang='lat' dir='ltr'>substituti</span> <span class='ocrx_word' id='word_1_657' title='bbox 1795 2687 1881 2720; x_wconf 88' lang='lat' dir='ltr'>sunt</span> <span class='ocrx_word' id='word_1_658' title='bbox 1909 2688 1945 2720; x_wconf 91' lang='lat' dir='ltr'>et</span> <span class='ocrx_word' id='word_1_659' title='bbox 1967 2685 2013 2720; x_wconf 78' lang='lat' dir='ltr'>its</span> <span class='ocrx_word' id='word_1_660' title='bbox 2036 2696 2097 2731; x_wconf 83' lang='grc' dir='ltr'>ραι</span> <span class='ocrx_word' id='word_1_661' title='bbox 2121 2686 2242 2722; x_wconf 88' lang='lat' dir='ltr'>redire</span> <span class='ocrx_word' id='word_1_662' title='bbox 2264 2698 2395 2723; x_wconf 83' lang='lat' dir='ltr'>rursus</span> 
     </span>
     <span class='ocr_line' id='line_1_80' title="bbox 165 2729 2396 2778; baseline -0.001 -7"><span class='ocrx_word' id='word_1_663' title='bbox 165 2735 292 2771; x_wconf 79' lang='lat' dir='ltr'>velint:</span> <span class='ocrx_word' id='word_1_664' title='bbox 324 2746 363 2770; x_wconf 87' lang='lat' dir='ltr'>se</span> <span class='ocrx_word' id='word_1_665' title='bbox 411 2734 465 2769; x_wconf 82' lang='lat' dir='ltr'>illi</span> <span class='ocrx_word' id='word_1_666' title='bbox 514 2733 631 2769; x_wconf 85' lang='lat' dir='ltr'>uidem</span> <span class='ocrx_word' id='word_1_667' title='bbox 660 2733 723 2778; x_wconf 82' lang='lat' dir='ltr'>qui</span> <span class='ocrx_word' id='word_1_668' title='bbox 745 2732 920 2768; x_wconf 85' lang='lat' dir='ltr'>redierint</span> <span class='ocrx_word' id='word_1_669' title='bbox 950 2743 996 2767; x_wconf 83' lang='lat' dir='ltr'>ne</span> <span class='ocrx_word' id='word_1_670' title='bbox 1026 2731 1263 2777; x_wconf 83' lang='lat' dir='ltr'>recipiantur,</span> <span class='ocrx_word' id='word_1_671' title='bbox 1294 2729 1340 2764; x_wconf 83' lang='lat' dir='ltr'>iis</span> <span class='ocrx_word' id='word_1_672' title='bbox 1363 2734 1483 2765; x_wconf 88' lang='lat' dir='ltr'>autem</span> <span class='ocrx_word' id='word_1_673' title='bbox 1506 2730 1571 2776; x_wconf 82' lang='lat' dir='ltr'>qui</span> <span class='ocrx_word' id='word_1_674' title='bbox 1594 2732 1685 2776; x_wconf 86' lang='lat' dir='ltr'>post</span> <span class='ocrx_word' id='word_1_675' title='bbox 1700 2730 1874 2776; x_wconf 81' lang='lat' dir='ltr'>priorum</span> <span class='ocrx_word' id='word_1_676' title='bbox 1903 2729 2100 2765; x_wconf 84' lang='lat' dir='ltr'>discessum</span> <span class='ocrx_word' id='word_1_677' title='bbox 2129 2730 2289 2767; x_wconf 79' lang='lat' dir='ltr'>instituti</span> <span class='ocrx_word' id='word_1_678' title='bbox 2308 2737 2396 2768; x_wconf 88' lang='lat' dir='ltr'>sunt</span> 
     </span>
     <span class='ocr_line' id='line_1_81' title="bbox 165 2773 2397 2827; baseline -0.001 -12"><span class='ocrx_word' id='word_1_679' title='bbox 165 2780 257 2827; x_wconf 82' lang='lat' dir='ltr'>ipsis</span> <span class='ocrx_word' id='word_1_680' title='bbox 279 2790 448 2815; x_wconf 84' lang='lat' dir='ltr'>annonae</span> <span class='ocrx_word' id='word_1_681' title='bbox 494 2782 612 2821; x_wconf 88' lang='lat' dir='ltr'>entur,</span> <span class='ocrx_word' id='word_1_682' title='bbox 644 2788 732 2813; x_wconf 85' lang='lat' dir='ltr'>neve</span> <span class='ocrx_word' id='word_1_683' title='bbox 760 2777 872 2813; x_wconf 86' lang='lat' dir='ltr'>ullum</span> <span class='ocrx_word' id='word_1_684' title='bbox 903 2776 1043 2813; x_wconf 86' lang='lat' dir='ltr'>lucrum</span> <span class='ocrx_word' id='word_1_685' title='bbox 1074 2775 1157 2811; x_wconf 87' lang='lat' dir='ltr'>inde</span> <span class='ocrx_word' id='word_1_686' title='bbox 1189 2774 1239 2810; x_wconf 89' lang='lat' dir='ltr'>ad</span> <span class='ocrx_word' id='word_1_687' title='bbox 1266 2785 1327 2810; x_wconf 88' lang='lat' dir='ltr'>eos</span> <span class='ocrx_word' id='word_1_688' title='bbox 1357 2775 1425 2820; x_wconf 76' lang='lat' dir='ltr'>qui</span> <span class='ocrx_word' id='word_1_689' title='bbox 1452 2785 1497 2810; x_wconf 89' lang='lat' dir='ltr'>ea</span> <span class='ocrx_word' id='word_1_690' title='bbox 1513 2779 1711 2821; x_wconf 84' lang='lat' dir='ltr'>praestant</span> <span class='ocrx_word' id='word_1_691' title='bbox 1731 2773 1920 2825; x_wconf 79' lang='lat' dir='ltr'>redundet,</span> <span class='ocrx_word' id='word_1_692' title='bbox 1951 2785 2031 2810; x_wconf 90' lang='lat' dir='ltr'>cum</span> <span class='ocrx_word' id='word_1_693' title='bbox 2055 2775 2119 2821; x_wconf 82' lang='lat' dir='ltr'>qui</span> <span class='ocrx_word' id='word_1_694' title='bbox 2143 2776 2232 2812; x_wconf 81' lang='lat' dir='ltr'>talia</span> <span class='ocrx_word' id='word_1_695' title='bbox 2256 2777 2397 2814; x_wconf 83' lang='lat' dir='ltr'>lucrari</span> 
     </span>
     <span class='ocr_line' id='line_1_82' title="bbox 167 2819 2392 2871; baseline -0.001 -11"><span class='ocrx_word' id='word_1_696' title='bbox 167 2825 429 2871; x_wconf 83' lang='lat' dir='ltr'>temptaverint,</span> <span class='ocrx_word' id='word_1_697' title='bbox 462 2824 607 2859; x_wconf 90' lang='lat' dir='ltr'>omnino</span> <span class='ocrx_word' id='word_1_698' title='bbox 637 2834 688 2859; x_wconf 76' lang='lat' dir='ltr'>ex</span> <span class='ocrx_word' id='word_1_699' title='bbox 709 2823 786 2858; x_wconf 83' lang='lat' dir='ltr'>suis</span> <span class='ocrx_word' id='word_1_700' title='bbox 809 2821 914 2858; x_wconf 84' lang='lat' dir='ltr'>bonis</span> <span class='ocrx_word' id='word_1_701' title='bbox 937 2832 1104 2857; x_wconf 86' lang='lat' dir='ltr'>annonas</span> <span class='ocrx_word' id='word_1_702' title='bbox 1126 2824 1162 2856; x_wconf 90' lang='lat' dir='ltr'>et</span> <span class='ocrx_word' id='word_1_703' title='bbox 1182 2830 1367 2866; x_wconf 78' lang='lat' dir='ltr'>expensas</span> <span class='ocrx_word' id='word_1_704' title='bbox 1391 2829 1512 2855; x_wconf 83' lang='lat' dir='ltr'>omnes</span> <span class='ocrx_word' id='word_1_705' title='bbox 1541 2819 1587 2854; x_wconf 79' lang='lat' dir='ltr'>iis</span> <span class='ocrx_word' id='word_1_706' title='bbox 1610 2820 1673 2865; x_wconf 82' lang='lat' dir='ltr'>qui</span> <span class='ocrx_word' id='word_1_707' title='bbox 1695 2819 1740 2854; x_wconf 88' lang='lat' dir='ltr'>ab</span> <span class='ocrx_word' id='word_1_708' title='bbox 1764 2820 1856 2866; x_wconf 74' lang='lat' dir='ltr'>ipsis</span> <span class='ocrx_word' id='word_1_709' title='bbox 1882 2820 2041 2871; x_wconf 66' lang='lat' dir='ltr'>instituti</span> <span class='ocrx_word' id='word_1_710' title='bbox 2068 2824 2155 2855; x_wconf 85' lang='lat' dir='ltr'>sunt</span> <span class='ocrx_word' id='word_1_711' title='bbox 2175 2822 2392 2868; x_wconf 87' lang='lat' dir='ltr'>praebeant,</span> 
     </span>
     <span class='ocr_line' id='line_1_83' title="bbox 160 2864 2393 2921; baseline -0.001 -16"><span class='ocrx_word' id='word_1_712' title='bbox 160 2870 376 2921; x_wconf 80' lang='lat' dir='ltr'>pariterque</span> <span class='ocrx_word' id='word_1_713' title='bbox 400 2868 549 2905; x_wconf 76' lang='lat' dir='ltr'>heredes</span> <span class='ocrx_word' id='word_1_714' title='bbox 571 2879 696 2904; x_wconf 90' lang='lat' dir='ltr'>eorum</span> <span class='ocrx_word' id='word_1_715' title='bbox 720 2871 757 2903; x_wconf 89' lang='lat' dir='ltr'>et</span> <span class='ocrx_word' id='word_1_716' title='bbox 777 2878 1020 2903; x_wconf 87' lang='lat' dir='ltr'>successores:</span> <span class='ocrx_word' id='word_1_717' title='bbox 1071 2867 1108 2902; x_wconf 89' lang='lat' dir='ltr'>ui</span> <span class='ocrx_word' id='word_1_718' title='bbox 1131 2866 1259 2907; x_wconf 88' lang='lat' dir='ltr'>sciant,</span> <span class='ocrx_word' id='word_1_719' title='bbox 1282 2864 1315 2899; x_wconf 86' lang='lat' dir='ltr'>si</span> <span class='ocrx_word' id='word_1_720' title='bbox 1335 2870 1466 2911; x_wconf 82' lang='lat' dir='ltr'>postea</span> <span class='ocrx_word' id='word_1_721' title='bbox 1489 2875 1632 2910; x_wconf 83' lang='lat' dir='ltr'>quoque</span> <span class='ocrx_word' id='word_1_722' title='bbox 1655 2875 1699 2900; x_wconf 84' lang='lat' dir='ltr'>ea</span> <span class='ocrx_word' id='word_1_723' title='bbox 1722 2864 1949 2912; x_wconf 78' lang='lat' dir='ltr'>abstulerint,</span> <span class='ocrx_word' id='word_1_724' title='bbox 1973 2868 2108 2905; x_wconf 84' lang='lat' dir='ltr'>certam</span> <span class='ocrx_word' id='word_1_725' title='bbox 2124 2867 2393 2912; x_wconf 83' lang='lat' dir='ltr'>possessionem</span> 
     </span>
     <span class='ocr_line' id='line_1_84' title="bbox 166 2908 2078 2961; baseline -0.003 -11"><span class='ocrx_word' id='word_1_726' title='bbox 166 2925 216 2950; x_wconf 80' lang='lat' dir='ltr'>ex</span> <span class='ocrx_word' id='word_1_727' title='bbox 239 2914 344 2950; x_wconf 76' lang='lat' dir='ltr'>bonis</span> <span class='ocrx_word' id='word_1_728' title='bbox 366 2915 529 2961; x_wconf 87' lang='lat' dir='ltr'>ipsorum</span> <span class='ocrx_word' id='word_1_729' title='bbox 552 2913 668 2949; x_wconf 85' lang='lat' dir='ltr'>sacris</span> <span class='ocrx_word' id='word_1_730' title='bbox 691 2912 828 2948; x_wconf 84' lang='lat' dir='ltr'>nostris</span> <span class='ocrx_word' id='word_1_731' title='bbox 847 2912 1005 2958; x_wconf 82' lang='lat' dir='ltr'>privatis</span> <span class='ocrx_word' id='word_1_732' title='bbox 1052 2914 1237 2958; x_wconf 87' lang='lat' dir='ltr'>eputatum</span> <span class='ocrx_word' id='word_1_733' title='bbox 1260 2910 1318 2951; x_wconf 89' lang='lat' dir='ltr'>iri,</span> <span class='ocrx_word' id='word_1_734' title='bbox 1345 2913 1389 2944; x_wconf 89' lang='lat' dir='ltr'>ut</span> <span class='ocrx_word' id='word_1_735' title='bbox 1409 2908 1493 2945; x_wconf 87' lang='lat' dir='ltr'>inde</span> <span class='ocrx_word' id='word_1_736' title='bbox 1515 2909 1680 2960; x_wconf 71' lang='lat' dir='ltr'>eroqatio</span> <span class='ocrx_word' id='word_1_737' title='bbox 1703 2909 1776 2960; x_wconf 77' lang='lat' dir='ltr'>illis</span> <span class='ocrx_word' id='word_1_738' title='bbox 1796 2909 1874 2954; x_wconf 81' lang='lat' dir='ltr'>fiat.</span> <span class='ocrx_word' id='word_1_739' title='bbox 2071 2954 2078 2961; x_wconf 43' lang='lat'><strong>·</strong></span> 
     </span>
    </p>

    <p class='ocr_par' dir='ltr' id='par_1_34' title="bbox 165 2953 2401 3138">
     <span class='ocr_line' id='line_1_85' title="bbox 298 2953 2393 3035; baseline -0.001 -40"><span class='ocrx_word' id='word_1_740' title='bbox 298 2959 346 2994; x_wconf 88' lang='lat' dir='ltr'>H.</span> <span class='ocrx_word' id='word_1_741' title='bbox 403 2959 532 2995; x_wconf 89' lang='lat' dir='ltr'>Verum</span> <span class='ocrx_word' id='word_1_742' title='bbox 556 2958 649 2994; x_wconf 83' lang='lat' dir='ltr'>illud</span> <span class='ocrx_word' id='word_1_743' title='bbox 678 2968 823 3003; x_wconf 84' lang='lat' dir='ltr'>quoque</span> <span class='ocrx_word' id='word_1_744' title='bbox 853 2957 892 2991; x_wconf 85' lang='lat' dir='ltr'>in</span> <span class='ocrx_word' id='word_1_745' title='bbox 915 2956 1090 2992; x_wconf 78' lang='lat' dir='ltr'>honorem</span> <span class='ocrx_word' id='word_1_746' title='bbox 1119 2960 1154 2992; x_wconf 90' lang='lat' dir='ltr'>et</span> <span class='ocrx_word' id='word_1_747' title='bbox 1176 2954 1410 2991; x_wconf 84' lang='lat' dir='ltr'>reverentiam</span> <span class='ocrx_word' id='word_1_748' title='bbox 1444 2958 1528 2989; x_wconf 88' lang='lat' dir='ltr'>tuae</span> <span class='ocrx_word' id='word_1_749' title='bbox 1550 2953 1645 2990; x_wconf 71' lang='lat' dir='ltr'>sedas</span> <span class='ocrx_word' id='word_1_750' title='bbox 1665 2954 1854 2999; x_wconf 69' lang='lat' dir='ltr'>definimus</span> <span class='ocrx_word' id='word_1_751' title='bbox 1876 2957 1936 3002; x_wconf 84' lang='lat' dir='ltr'>ut,</span> <span class='ocrx_word' id='word_1_752' title='bbox 1959 2955 1992 2989; x_wconf 83' lang='lat' dir='ltr'>si</span> <span class='ocrx_word' id='word_1_753' title='bbox 2014 2965 2097 3000; x_wconf 73' lang='lat' dir='ltr'>quis</span> <span class='ocrx_word' id='word_1_754' title='bbox 2113 2956 2183 3035; x_wconf 55' lang='grc' dir='ltr'>βαι</span> <span class='ocrx_word' id='word_1_755' title='bbox 2206 2957 2393 2992; x_wconf 81' lang='lat' dir='ltr'>eeclesiam</span> 
     </span>
     <span class='ocr_line' id='line_1_86' title="bbox 166 2998 2394 3056; baseline -0.001 -16"><span class='ocrx_word' id='word_1_756' title='bbox 166 3004 412 3056; x_wconf 83' lang='lat' dir='ltr'>aedificaverit</span> <span class='ocrx_word' id='word_1_757' title='bbox 441 3003 497 3040; x_wconf 84' lang='lat' dir='ltr'>vel</span> <span class='ocrx_word' id='word_1_758' title='bbox 526 3004 634 3039; x_wconf 90' lang='lat' dir='ltr'>etiam</span> <span class='ocrx_word' id='word_1_759' title='bbox 663 3003 737 3038; x_wconf 84' lang='lat' dir='ltr'>alio</span> <span class='ocrx_word' id='word_1_760' title='bbox 767 3001 875 3038; x_wconf 92' lang='lat' dir='ltr'>modo</span> <span class='ocrx_word' id='word_1_761' title='bbox 900 3001 1098 3037; x_wconf 81' lang='lat' dir='ltr'>ministeria</span> <span class='ocrx_word' id='word_1_762' title='bbox 1129 3002 1168 3036; x_wconf 85' lang='lat' dir='ltr'>in</span> <span class='ocrx_word' id='word_1_763' title='bbox 1196 3012 1240 3036; x_wconf 89' lang='lat' dir='ltr'>ea</span> <span class='ocrx_word' id='word_1_764' title='bbox 1264 2998 1474 3035; x_wconf 84' lang='lat' dir='ltr'>obeuntibus</span> <span class='ocrx_word' id='word_1_765' title='bbox 1505 3009 1671 3034; x_wconf 87' lang='lat' dir='ltr'>annonas</span> <span class='ocrx_word' id='word_1_766' title='bbox 1694 3002 1878 3045; x_wconf 89' lang='lat' dir='ltr'>praestet,</span> <span class='ocrx_word' id='word_1_767' title='bbox 1908 2999 2059 3035; x_wconf 82' lang='lat' dir='ltr'>clericos</span> <span class='ocrx_word' id='word_1_768' title='bbox 2088 3011 2111 3035; x_wconf 88' lang='lat' dir='ltr'>a</span> <span class='ocrx_word' id='word_1_769' title='bbox 2126 3011 2233 3047; x_wconf 75' lang='lat' dir='ltr'>iquos</span> <span class='ocrx_word' id='word_1_770' title='bbox 2263 3002 2301 3037; x_wconf 86' lang='lat' dir='ltr'>in</span> <span class='ocrx_word' id='word_1_771' title='bbox 2330 3002 2394 3038; x_wconf 80' lang='grc' dir='ltr'><strong><em>ι’ίίιι</em></strong></span> 
     </span>
     <span class='ocr_line' id='line_1_87' title="bbox 167 3043 2401 3096; baseline -0.001 -12"><span class='ocrx_word' id='word_1_772' title='bbox 167 3050 354 3084; x_wconf 75' lang='lat' dir='ltr'>instituere</span> <span class='ocrx_word' id='word_1_773' title='bbox 376 3049 473 3091; x_wconf 84' lang='lat' dir='ltr'>velit,</span> <span class='ocrx_word' id='word_1_774' title='bbox 496 3049 532 3084; x_wconf 81' lang='lat' dir='ltr'>ei</span> <span class='ocrx_word' id='word_1_775' title='bbox 550 3048 713 3094; x_wconf 83' lang='lat' dir='ltr'>facultas</span> <span class='ocrx_word' id='word_1_776' title='bbox 737 3058 809 3082; x_wconf 85' lang='lat' dir='ltr'>non</span> <span class='ocrx_word' id='word_1_777' title='bbox 831 3047 878 3082; x_wconf 86' lang='lat' dir='ltr'>sit</span> <span class='ocrx_word' id='word_1_778' title='bbox 894 3057 988 3092; x_wconf 83' lang='lat' dir='ltr'>quos</span> <span class='ocrx_word' id='word_1_779' title='bbox 1007 3047 1084 3083; x_wconf 82' lang='lat' dir='ltr'>vult</span> <span class='ocrx_word' id='word_1_780' title='bbox 1105 3057 1155 3082; x_wconf 76' lang='lat' dir='ltr'>ex</span> <span class='ocrx_word' id='word_1_781' title='bbox 1176 3057 1244 3081; x_wconf 89' lang='lat' dir='ltr'>sua</span> <span class='ocrx_word' id='word_1_782' title='bbox 1268 3043 1486 3080; x_wconf 88' lang='lat' dir='ltr'>auctoritate</span> <span class='ocrx_word' id='word_1_783' title='bbox 1508 3043 1559 3079; x_wconf 91' lang='lat' dir='ltr'>ad</span> <span class='ocrx_word' id='word_1_784' title='bbox 1575 3043 1749 3090; x_wconf 83' lang='lat' dir='ltr'>pietatem</span> <span class='ocrx_word' id='word_1_785' title='bbox 1774 3048 1872 3079; x_wconf 86' lang='lat' dir='ltr'>tuam</span> <span class='ocrx_word' id='word_1_786' title='bbox 1895 3043 2110 3096; x_wconf 78' lang='lat' dir='ltr'>adducendi,</span> <span class='ocrx_word' id='word_1_787' title='bbox 2133 3057 2207 3091; x_wconf 81' lang='lat' dir='ltr'>quo</span> <span class='ocrx_word' id='word_1_788' title='bbox 2227 3054 2401 3091; x_wconf 69' lang='lat' dir='ltr'>creenturv</span> 
     </span>
     <span class='ocr_line' id='line_1_88' title="bbox 165 3089 2394 3138; baseline -0 -10"><span class='ocrx_word' id='word_1_789' title='bbox 165 3093 245 3129; x_wconf 85' lang='lat' dir='ltr'>sine</span> <span class='ocrx_word' id='word_1_790' title='bbox 268 3093 401 3129; x_wconf 85' lang='lat' dir='ltr'>iudicio</span> <span class='ocrx_word' id='word_1_791' title='bbox 426 3096 461 3128; x_wconf 90' lang='lat' dir='ltr'>et</span> <span class='ocrx_word' id='word_1_792' title='bbox 483 3093 652 3129; x_wconf 80' lang='lat' dir='ltr'>examine</span> <span class='ocrx_word' id='word_1_793' title='bbox 656 3104 672 3133; x_wconf 89' lang='lat'><em>;</em></span> <span class='ocrx_word' id='word_1_794' title='bbox 705 3092 771 3128; x_wconf 85' lang='lat' dir='ltr'>sed</span> <span class='ocrx_word' id='word_1_795' title='bbox 791 3091 940 3127; x_wconf 82' lang='lat' dir='ltr'>adducti</span> <span class='ocrx_word' id='word_1_796' title='bbox 962 3091 1219 3127; x_wconf 80' lang='lat' dir='ltr'>examinentur</span> <span class='ocrx_word' id='word_1_797' title='bbox 1241 3101 1266 3126; x_wconf 85' lang='lat' dir='ltr'>a</span> <span class='ocrx_word' id='word_1_798' title='bbox 1290 3093 1353 3125; x_wconf 90' lang='lat' dir='ltr'>tua</span> <span class='ocrx_word' id='word_1_799' title='bbox 1375 3089 1580 3132; x_wconf 87' lang='lat' dir='ltr'>sanctitate,</span> <span class='ocrx_word' id='word_1_800' title='bbox 1611 3092 1721 3134; x_wconf 82' lang='lat' dir='ltr'>atque</span> <span class='ocrx_word' id='word_1_801' title='bbox 1743 3099 1794 3124; x_wconf 81' lang='lat' dir='ltr'>ex</span> <span class='ocrx_word' id='word_1_802' title='bbox 1815 3092 1995 3124; x_wconf 73' lang='lat' dir='ltr'>sententia</span> <span class='ocrx_word' id='word_1_803' title='bbox 2026 3094 2062 3125; x_wconf 89' lang='lat' dir='ltr'>et</span> <span class='ocrx_word' id='word_1_804' title='bbox 2086 3094 2149 3125; x_wconf 89' lang='lat' dir='ltr'>tua</span> <span class='ocrx_word' id='word_1_805' title='bbox 2172 3095 2209 3126; x_wconf 89' lang='lat' dir='ltr'>et</span> <span class='ocrx_word' id='word_1_806' title='bbox 2231 3092 2309 3126; x_wconf 83' lang='lat' dir='ltr'>eius</span> <span class='ocrx_word' id='word_1_807' title='bbox 2330 3093 2394 3138; x_wconf 84' lang='lat' dir='ltr'>qui</span> 
     </span>
    </p>
   </div>
   <div class='ocr_carea' id='block_1_34' title="bbox 305 3162 1642 3171">
    <p class='ocr_par' dir='ltr' id='par_1_35' title="bbox 305 3162 1642 3171">
     <span class='ocr_line' id='line_1_89' title="bbox 305 3162 1642 3171; baseline 0 0"><span class='ocrx_word' id='word_1_808' title='bbox 305 3162 1642 3171; x_wconf 95' lang='lat' dir='ltr'> </span> 
     </span>
    </p>
   </div>
   <div class='ocr_carea' id='block_1_35' title="bbox 1279 3202 2394 3338">
    <p class='ocr_par' dir='ltr' id='par_1_36' title="bbox 1279 3202 2394 3338">
     <span class='ocr_line' id='line_1_90' title="bbox 1360 3202 2394 3246; baseline 0.002 -9"><span class='ocrx_word' id='word_1_809' title='bbox 1360 3206 1375 3237; x_wconf 90' lang='lat'>1</span> <span class='ocrx_word' id='word_1_810' title='bbox 1403 3204 1464 3235; x_wconf 90' lang='lat' dir='ltr'>hoc</span> <span class='ocrx_word' id='word_1_811' title='bbox 1487 3203 1534 3244; x_wconf 93' lang='lat' dir='ltr'>V]</span> <span class='ocrx_word' id='word_1_812' title='bbox 1559 3213 1597 3235; x_wconf 87' lang='lat' dir='ltr'>ex</span> <span class='ocrx_word' id='word_1_813' title='bbox 1617 3203 1680 3235; x_wconf 89' lang='lat' dir='ltr'>hoo</span> <span class='ocrx_word' id='word_1_814' title='bbox 1697 3203 1732 3235; x_wconf 80' lang='lat' dir='ltr'><em>R</em></span> <span class='ocrx_word' id='word_1_815' title='bbox 1746 3204 1830 3246; x_wconf 76' lang='lat' dir='ltr'>vuly.</span> <span class='ocrx_word' id='word_1_816' title='bbox 1851 3202 1900 3246; x_wconf 76' lang='grc'>112</span> <span class='ocrx_word' id='word_1_817' title='bbox 1923 3202 2071 3236; x_wconf 86' lang='lat' dir='ltr'>misterio</span> <span class='ocrx_word' id='word_1_818' title='bbox 2082 3204 2170 3237; x_wconf 67' lang='grc' dir='ltr'>ΕΤι</span> <span class='ocrx_word' id='word_1_819' title='bbox 2194 3206 2394 3239; x_wconf 86' lang='lat' dir='ltr'>monasterio</span> 
     </span>
     <span class='ocr_line' id='line_1_91' title="bbox 1321 3246 2394 3293; baseline 0.001 -11"><span class='ocrx_word' id='word_1_820' title='bbox 1321 3247 1379 3292; x_wconf 74' lang='lat' dir='ltr'>Vn</span> <span class='ocrx_word' id='word_1_821' title='bbox 1394 3247 1480 3281; x_wconf 84' lang='lat' dir='ltr'>alius</span> <span class='ocrx_word' id='word_1_822' title='bbox 1499 3247 1550 3280; x_wconf 86' lang='lat' dir='ltr'>R¹</span> <span class='ocrx_word' id='word_1_823' title='bbox 1566 3247 1578 3290; x_wconf 84' lang='grc' dir='ltr'>ΙΙ</span> <span class='ocrx_word' id='word_1_824' title='bbox 1596 3258 1616 3280; x_wconf 91' lang='lat' dir='ltr'>a</span> <span class='ocrx_word' id='word_1_825' title='bbox 1639 3259 1698 3281; x_wconf 86' lang='lat' dir='ltr'>om.</span> <span class='ocrx_word' id='word_1_826' title='bbox 1720 3247 1771 3281; x_wconf 81' lang='lat' dir='ltr'>V¹</span> <span class='ocrx_word' id='word_1_827' title='bbox 1786 3246 1799 3292; x_wconf 87' lang='grc' dir='ltr'>ΙΙ</span> <span class='ocrx_word' id='word_1_828' title='bbox 1817 3247 2027 3280; x_wconf 86' lang='lat' dir='ltr'>amatissimis</span> <span class='ocrx_word' id='word_1_829' title='bbox 2048 3248 2099 3282; x_wconf 86' lang='lat' dir='ltr'>V³</span> <span class='ocrx_word' id='word_1_830' title='bbox 2118 3248 2130 3293; x_wconf 83' lang='grc' dir='ltr'>ΙΙ</span> <span class='ocrx_word' id='word_1_831' title='bbox 2147 3251 2167 3283; x_wconf 85' lang='grc'><strong>5</strong></span> <span class='ocrx_word' id='word_1_832' title='bbox 2191 3249 2285 3282; x_wconf 87' lang='lat' dir='ltr'>luera</span> <span class='ocrx_word' id='word_1_833' title='bbox 2307 3250 2360 3283; x_wconf 63' lang='lat'>13²</span> <span class='ocrx_word' id='word_1_834' title='bbox 2382 3249 2394 3292; x_wconf 88' lang='grc' dir='ltr'>ΙΙ</span> 
     </span>
     <span class='ocr_line' id='line_1_92' title="bbox 1279 3291 2393 3338; baseline 0.001 -12"><span class='ocrx_word' id='word_1_835' title='bbox 1279 3309 1281 3315; x_wconf 63' lang='lat'>&gt;</span> <span class='ocrx_word' id='word_1_836' title='bbox 1314 3294 1360 3326; x_wconf 87' lang='lat' dir='ltr'>eis</span> <span class='ocrx_word' id='word_1_837' title='bbox 1375 3293 1595 3327; x_wconf 84' lang='lat' dir='ltr'>delevitBeck</span> <span class='ocrx_word' id='word_1_838' title='bbox 1609 3291 1622 3336; x_wconf 78' lang='grc' dir='ltr'>ΙΙ</span> <span class='ocrx_word' id='word_1_839' title='bbox 1640 3303 1700 3336; x_wconf 87' lang='lat' dir='ltr'>per</span> <span class='ocrx_word' id='word_1_840' title='bbox 1719 3305 1776 3325; x_wconf 90' lang='lat' dir='ltr'>om.</span> <span class='ocrx_word' id='word_1_841' title='bbox 1792 3291 1847 3337; x_wconf 76' lang='grc'>1711</span> <span class='ocrx_word' id='word_1_842' title='bbox 1866 3292 1954 3334; x_wconf 88' lang='lat' dir='ltr'>ipsos</span> <span class='ocrx_word' id='word_1_843' title='bbox 1970 3294 2030 3326; x_wconf 86' lang='lat' dir='ltr'>del.</span> <span class='ocrx_word' id='word_1_844' title='bbox 2047 3294 2100 3327; x_wconf 83' lang='lat' dir='ltr'>V³</span> <span class='ocrx_word' id='word_1_845' title='bbox 2116 3294 2128 3337; x_wconf 78' lang='lat' dir='ltr'>ss</span> <span class='ocrx_word' id='word_1_846' title='bbox 2146 3295 2166 3327; x_wconf 88' lang='grc'><strong>9</strong></span> <span class='ocrx_word' id='word_1_847' title='bbox 2181 3305 2306 3327; x_wconf 80' lang='lat' dir='ltr'>sacram</span> <span class='ocrx_word' id='word_1_848' title='bbox 2318 3295 2366 3328; x_wconf 91' lang='lat' dir='ltr'>R¹</span> <span class='ocrx_word' id='word_1_849' title='bbox 2379 3293 2393 3338; x_wconf 76' lang='lat' dir='ltr'>ss</span> 
     </span>
    </p>
   </div>
   <div class='ocr_carea' id='block_1_36' title="bbox 167 3201 1246 3339">
    <p class='ocr_par' dir='ltr' id='par_1_37' title="bbox 167 3201 1246 3339">
     <span class='ocr_line' id='line_1_93' title="bbox 215 3201 1245 3249; baseline -0.003 -9"><span class='ocrx_word' id='word_1_850' title='bbox 215 3209 231 3240; x_wconf 95' lang='lat'>1</span> <span class='ocrx_word' id='word_1_851' title='bbox 250 3205 357 3238; x_wconf 81' lang='grc' dir='ltr'><strong><em>τοῦτο</em></strong></span> <span class='ocrx_word' id='word_1_852' title='bbox 377 3203 425 3248; x_wconf 84' lang='grc' dir='ltr'>μὴ</span> <span class='ocrx_word' id='word_1_853' title='bbox 445 3208 569 3240; x_wconf 88' lang='grc' dir='ltr'><strong><em>τοίνυν</em></strong></span> <span class='ocrx_word' id='word_1_854' title='bbox 582 3207 633 3239; x_wconf 80' lang='lat' dir='ltr'>L“</span> <span class='ocrx_word' id='word_1_855' title='bbox 650 3205 663 3249; x_wconf 83' lang='grc' dir='ltr'>ΙΙ</span> <span class='ocrx_word' id='word_1_856' title='bbox 687 3207 707 3240; x_wconf 81' lang='lat'>5</span> <span class='ocrx_word' id='word_1_857' title='bbox 726 3202 884 3246; x_wconf 79' lang='grc' dir='ltr'><strong><em>δοθῆναι</em></strong></span> <span class='ocrx_word' id='word_1_858' title='bbox 899 3205 949 3237; x_wconf 79' lang='lat' dir='ltr'>La</span> <span class='ocrx_word' id='word_1_859' title='bbox 968 3204 979 3246; x_wconf 88' lang='grc' dir='ltr'>ΙΙ</span> <span class='ocrx_word' id='word_1_860' title='bbox 1002 3206 1020 3237; x_wconf 81' lang='grc'>’7</span> <span class='ocrx_word' id='word_1_861' title='bbox 1042 3201 1125 3238; x_wconf 75' lang='grc' dir='ltr'><strong><em>οὐδὲ</em></strong></span> <span class='ocrx_word' id='word_1_862' title='bbox 1142 3204 1245 3247; x_wconf 79' lang='grc' dir='ltr'><strong><em>θεμι-</em></strong></span> 
     </span>
     <span class='ocr_line' id='line_1_94' title="bbox 167 3247 1246 3303; baseline 0.001 -19"><span class='ocrx_word' id='word_1_863' title='bbox 167 3248 234 3284; x_wconf 86' lang='grc' dir='ltr'>τὸν</span> <span class='ocrx_word' id='word_1_864' title='bbox 241 3252 299 3290; x_wconf 88' lang='grc' dir='ltr'>Μ]</span> <span class='ocrx_word' id='word_1_865' title='bbox 313 3247 354 3283; x_wconf 81' lang='grc' dir='ltr'><strong><em>οὐ</em></strong></span> <span class='ocrx_word' id='word_1_866' title='bbox 364 3247 417 3290; x_wconf 76' lang='grc' dir='ltr'><strong><em>(οὗ</em></strong></span> <span class='ocrx_word' id='word_1_867' title='bbox 433 3264 490 3284; x_wconf 85' lang='lat' dir='ltr'>om.</span> <span class='ocrx_word' id='word_1_868' title='bbox 501 3251 652 3284; x_wconf 66' lang='grc' dir='ltr'>Νοιηοο.α</span> <span class='ocrx_word' id='word_1_869' title='bbox 662 3250 730 3294; x_wconf 87' lang='lat' dir='ltr'>pr.)</span> <span class='ocrx_word' id='word_1_870' title='bbox 740 3247 953 3301; x_wconf 74' lang='grc' dir='ltr'><strong><em>βουλόμεθα</em></strong></span> <span class='ocrx_word' id='word_1_871' title='bbox 961 3249 1031 3283; x_wconf 88' lang='lat' dir='ltr'>LB</span> <span class='ocrx_word' id='word_1_872' title='bbox 1039 3249 1195 3303; x_wconf 43' lang='grc' dir='ltr'>Νοιηοοὶ,ιι</span> <span class='ocrx_word' id='word_1_873' title='bbox 1204 3260 1224 3285; x_wconf 81' lang='grc' dir='ltr'><strong><em>ς’</em></strong></span> <span class='ocrx_word' id='word_1_874' title='bbox 1235 3248 1246 3292; x_wconf 92' lang='grc' dir='ltr'>ΙΙ</span> 
     </span>
     <span class='ocr_line' id='line_1_95' title="bbox 169 3292 1244 3339; baseline -0.003 -9"><span class='ocrx_word' id='word_1_875' title='bbox 169 3297 189 3330; x_wconf 89' lang='grc'>8</span> <span class='ocrx_word' id='word_1_876' title='bbox 213 3293 318 3339; x_wconf 81' lang='grc' dir='ltr'><strong><em>κέρδη</em></strong></span> <span class='ocrx_word' id='word_1_877' title='bbox 330 3296 379 3328; x_wconf 84' lang='lat' dir='ltr'>L²</span> <span class='ocrx_word' id='word_1_878' title='bbox 401 3297 443 3328; x_wconf 85' lang='grc' dir='ltr'><strong><em>κέ</em></strong></span> <span class='ocrx_word' id='word_1_879' title='bbox 464 3292 543 3329; x_wconf 88' lang='grc' dir='ltr'><strong><em>δους</em></strong></span> <span class='ocrx_word' id='word_1_880' title='bbox 557 3295 607 3329; x_wconf 72' lang='lat' dir='ltr'>B!</span> <span class='ocrx_word' id='word_1_881' title='bbox 635 3296 648 3339; x_wconf 83' lang='grc' dir='ltr'>ΙΙ</span> <span class='ocrx_word' id='word_1_882' title='bbox 671 3307 756 3328; x_wconf 91' lang='grc' dir='ltr'><strong><em>τινα</em></strong></span> <span class='ocrx_word' id='word_1_883' title='bbox 779 3294 848 3327; x_wconf 91' lang='lat' dir='ltr'>LB</span> <span class='ocrx_word' id='word_1_884' title='bbox 857 3293 1010 3328; x_wconf 73' lang='lat' dir='ltr'>Nomoe.d</span> <span class='ocrx_word' id='word_1_885' title='bbox 1026 3299 1039 3338; x_wconf 77' lang='grc' dir='ltr'>ΙΙ</span> <span class='ocrx_word' id='word_1_886' title='bbox 1065 3295 1107 3328; x_wconf 89' lang='grc'>14</span> <span class='ocrx_word' id='word_1_887' title='bbox 1124 3294 1244 3335; x_wconf 73' lang='grc' dir='ltr'><strong><em>αυθις]</em></strong></span> 
     </span>
    </p>
   </div>
   <div class='ocr_carea' id='block_1_37' title="bbox 167 3332 1248 3652">
    <p class='ocr_par' dir='ltr' id='par_1_38' title="bbox 167 3332 1248 3652">
     <span class='ocr_line' id='line_1_96' title="bbox 167 3332 1244 3383; baseline -0.001 -10"><span class='ocrx_word' id='word_1_888' title='bbox 167 3342 227 3373; x_wconf 78' lang='grc' dir='ltr'>καὶ</span> <span class='ocrx_word' id='word_1_889' title='bbox 246 3332 355 3373; x_wconf 65' lang='grc' dir='ltr'><strong><em>αὖθις</em></strong></span> <span class='ocrx_word' id='word_1_890' title='bbox 369 3339 418 3374; x_wconf 77' lang='lat' dir='ltr'>L⁶</span> <span class='ocrx_word' id='word_1_891' title='bbox 443 3340 448 3383; x_wconf 73' lang='grc' dir='ltr'>Ι</span> <span class='ocrx_word' id='word_1_892' title='bbox 485 3337 595 3374; x_wconf 85' lang='grc' dir='ltr'><strong><em>πάλιν</em></strong></span> <span class='ocrx_word' id='word_1_893' title='bbox 615 3354 674 3374; x_wconf 89' lang='lat' dir='ltr'>om.</span> <span class='ocrx_word' id='word_1_894' title='bbox 688 3340 739 3373; x_wconf 49' lang='grc' dir='ltr'>ΒΕ</span> <span class='ocrx_word' id='word_1_895' title='bbox 753 3338 906 3373; x_wconf 74' lang='lat' dir='ltr'>Nomoc.d</span> <span class='ocrx_word' id='word_1_896' title='bbox 922 3338 935 3382; x_wconf 85' lang='grc' dir='ltr'>ΙΙ</span> <span class='ocrx_word' id='word_1_897' title='bbox 954 3341 995 3373; x_wconf 86' lang='grc'>15</span> <span class='ocrx_word' id='word_1_898' title='bbox 1016 3338 1159 3379; x_wconf 73' lang='grc' dir='ltr'><strong><em>ἔξωθεν</em></strong></span> <span class='ocrx_word' id='word_1_899' title='bbox 1177 3340 1219 3372; x_wconf 88' lang='grc' dir='ltr'><em>Μ</em></span> <span class='ocrx_word' id='word_1_900' title='bbox 1233 3339 1244 3379; x_wconf 85' lang='grc' dir='ltr'>ΙΙ</span> 
     </span>
     <span class='ocr_line' id='line_1_97' title="bbox 170 3380 1244 3426; baseline -0.001 -8"><span class='ocrx_word' id='word_1_901' title='bbox 170 3387 211 3418; x_wconf 83' lang='lat'>17</span> <span class='ocrx_word' id='word_1_902' title='bbox 224 3380 319 3419; x_wconf 65' lang='grc' dir='ltr'><strong><em>ὥστε</em></strong></span> <span class='ocrx_word' id='word_1_903' title='bbox 332 3382 474 3419; x_wconf 87' lang='grc' dir='ltr'><strong><em>διδόναι</em></strong></span> <span class='ocrx_word' id='word_1_904' title='bbox 485 3386 544 3426; x_wconf 89' lang='grc' dir='ltr'>Μ]</span> <span class='ocrx_word' id='word_1_905' title='bbox 558 3382 702 3419; x_wconf 90' lang='grc' dir='ltr'><strong><em>διδόναι</em></strong></span> <span class='ocrx_word' id='word_1_906' title='bbox 712 3396 753 3417; x_wconf 87' lang='grc' dir='ltr'>τε</span> <span class='ocrx_word' id='word_1_907' title='bbox 765 3384 832 3417; x_wconf 85' lang='lat' dir='ltr'>LB</span> <span class='ocrx_word' id='word_1_908' title='bbox 842 3383 1048 3426; x_wconf 69' lang='lat' dir='ltr'>Nomos-⁶(5)</span> <span class='ocrx_word' id='word_1_909' title='bbox 1064 3385 1076 3424; x_wconf 93' lang='grc' dir='ltr'>ΙΙ</span> <span class='ocrx_word' id='word_1_910' title='bbox 1097 3386 1138 3418; x_wconf 84' lang='grc'>19</span> <span class='ocrx_word' id='word_1_911' title='bbox 1151 3380 1244 3425; x_wconf 70' lang='grc' dir='ltr'><strong><em>ἀλλ’]</em></strong></span> 
     </span>
     <span class='ocr_line' id='line_1_98' title="bbox 169 3425 1247 3474; baseline -0.002 -11"><span class='ocrx_word' id='word_1_912' title='bbox 169 3425 293 3463; x_wconf 78' lang='grc' dir='ltr'><strong><em>ἁπλῶς</em></strong></span> <span class='ocrx_word' id='word_1_913' title='bbox 304 3431 355 3463; x_wconf 79' lang='lat' dir='ltr'>La</span> <span class='ocrx_word' id='word_1_914' title='bbox 376 3428 491 3464; x_wconf 81' lang='grc' dir='ltr'><strong><em>ἁλλῶς</em></strong></span> <span class='ocrx_word' id='word_1_915' title='bbox 505 3431 575 3472; x_wconf 83' lang='lat' dir='ltr'>(sic)</span> <span class='ocrx_word' id='word_1_916' title='bbox 589 3428 637 3463; x_wconf 64' lang='lat' dir='ltr'>L¹³</span> <span class='ocrx_word' id='word_1_917' title='bbox 654 3430 667 3474; x_wconf 86' lang='grc' dir='ltr'>ΙΙ</span> <span class='ocrx_word' id='word_1_918' title='bbox 689 3426 739 3472; x_wconf 87' lang='grc' dir='ltr'>μὴ</span> <span class='ocrx_word' id='word_1_919' title='bbox 759 3442 816 3462; x_wconf 88' lang='lat' dir='ltr'>om.</span> <span class='ocrx_word' id='word_1_920' title='bbox 831 3429 916 3461; x_wconf 79' lang='lat' dir='ltr'>LB⁶</span> <span class='ocrx_word' id='word_1_921' title='bbox 925 3428 1077 3463; x_wconf 69' lang='lat' dir='ltr'>Nomoc.⁶</span> <span class='ocrx_word' id='word_1_922' title='bbox 1094 3428 1107 3473; x_wconf 81' lang='grc' dir='ltr'>ΙΙ</span> <span class='ocrx_word' id='word_1_923' title='bbox 1131 3430 1172 3463; x_wconf 83' lang='grc'>23</span> <span class='ocrx_word' id='word_1_924' title='bbox 1187 3425 1247 3461; x_wconf 75' lang='grc' dir='ltr'>αὐ-</span> 
     </span>
     <span class='ocr_line' id='line_1_99' title="bbox 169 3470 1246 3519; baseline 0.001 -12"><span class='ocrx_word' id='word_1_925' title='bbox 169 3475 246 3515; x_wconf 79' lang='grc' dir='ltr'>τῶν</span> <span class='ocrx_word' id='word_1_926' title='bbox 270 3475 425 3509; x_wconf 75' lang='lat' dir='ltr'>Nomoc.d</span> <span class='ocrx_word' id='word_1_927' title='bbox 455 3475 467 3519; x_wconf 80' lang='grc' dir='ltr'>ΙΙ</span> <span class='ocrx_word' id='word_1_928' title='bbox 496 3476 540 3509; x_wconf 89' lang='grc'>24</span> <span class='ocrx_word' id='word_1_929' title='bbox 562 3471 715 3509; x_wconf 82' lang='grc' dir='ltr'><strong><em>πάντων</em></strong></span> <span class='ocrx_word' id='word_1_930' title='bbox 739 3474 771 3506; x_wconf 88' lang='lat' dir='ltr'><em>L</em></span> <span class='ocrx_word' id='word_1_931' title='bbox 798 3473 810 3516; x_wconf 83' lang='grc' dir='ltr'>ΙΙ</span> <span class='ocrx_word' id='word_1_932' title='bbox 839 3470 1121 3517; x_wconf 84' lang='grc' dir='ltr'><strong><em>παραιρούντων</em></strong></span> <span class='ocrx_word' id='word_1_933' title='bbox 1143 3476 1200 3508; x_wconf 79' lang='lat' dir='ltr'>L⁰</span> <span class='ocrx_word' id='word_1_934' title='bbox 1235 3473 1246 3517; x_wconf 94' lang='grc' dir='ltr'>ΙΙ</span> 
     </span>
     <span class='ocr_line' id='line_1_100' title="bbox 170 3514 1248 3565; baseline 0.001 -14"><span class='ocrx_word' id='word_1_935' title='bbox 170 3520 211 3552; x_wconf 85' lang='grc'>27</span> <span class='ocrx_word' id='word_1_936' title='bbox 234 3522 348 3552; x_wconf 80' lang='grc' dir='ltr'><strong><em>κτίσις</em></strong></span> <span class='ocrx_word' id='word_1_937' title='bbox 371 3521 403 3553; x_wconf 90' lang='lat' dir='ltr'><em>L</em></span> <span class='ocrx_word' id='word_1_938' title='bbox 430 3520 442 3563; x_wconf 76' lang='grc' dir='ltr'>ΙΙ</span> <span class='ocrx_word' id='word_1_939' title='bbox 466 3521 504 3552; x_wconf 80' lang='grc' dir='ltr'><strong><em>ἐκ</em></strong></span> <span class='ocrx_word' id='word_1_940' title='bbox 522 3520 583 3561; x_wconf 84' lang='grc' dir='ltr'>τῆς</span> <span class='ocrx_word' id='word_1_941' title='bbox 605 3518 650 3545; x_wconf 75' lang='lat'>—&#39;</span> <span class='ocrx_word' id='word_1_942' title='bbox 671 3519 714 3554; x_wconf 84' lang='lat'>28</span> <span class='ocrx_word' id='word_1_943' title='bbox 734 3514 935 3562; x_wconf 83' lang='grc' dir='ltr'><strong><em>πριβὰτοις]</em></strong></span> <span class='ocrx_word' id='word_1_944' title='bbox 959 3518 1005 3562; x_wconf 81' lang='grc' dir='ltr'><strong><em>τῇ</em></strong></span> <span class='ocrx_word' id='word_1_945' title='bbox 1026 3516 1121 3565; x_wconf 82' lang='grc' dir='ltr'><strong><em>ἱδικῇ</em></strong></span> <span class='ocrx_word' id='word_1_946' title='bbox 1143 3515 1248 3562; x_wconf 81' lang='grc' dir='ltr'><strong><em>ἡμῶν</em></strong></span> 
     </span>
     <span class='ocr_line' id='line_1_101' title="bbox 170 3561 1246 3643; baseline 0.001 -47"><span class='ocrx_word' id='word_1_947' title='bbox 170 3575 215 3596; x_wconf 89' lang='grc' dir='ltr'><strong><em>πε</em></strong></span> <span class='ocrx_word' id='word_1_948' title='bbox 240 3566 357 3643; x_wconf 42' lang='lat' dir='ltr'>uoueri}</span> <span class='ocrx_word' id='word_1_949' title='bbox 369 3567 402 3597; x_wconf 91' lang='lat' dir='ltr'><strong><em>B</em></strong></span> <span class='ocrx_word' id='word_1_950' title='bbox 419 3565 431 3608; x_wconf 80' lang='grc' dir='ltr'>ΙΙ</span> <span class='ocrx_word' id='word_1_951' title='bbox 447 3567 490 3600; x_wconf 89' lang='grc'>33</span> <span class='ocrx_word' id='word_1_952' title='bbox 510 3563 735 3610; x_wconf 74' lang='grc' dir='ltr'><strong><em>ἐγκαθιστᾶν</em></strong></span> <span class='ocrx_word' id='word_1_953' title='bbox 755 3561 856 3609; x_wconf 74' lang='grc' dir='ltr'><strong><em>αὐτῇ]</em></strong></span> <span class='ocrx_word' id='word_1_954' title='bbox 875 3565 1020 3597; x_wconf 82' lang='lat' dir='ltr'>statuere</span> <span class='ocrx_word' id='word_1_955' title='bbox 1037 3575 1056 3600; x_wconf 80' lang='grc' dir='ltr'><strong><em>ς</em></strong></span> <span class='ocrx_word' id='word_1_956' title='bbox 1071 3563 1084 3609; x_wconf 75' lang='grc' dir='ltr'>ΙΙ</span> <span class='ocrx_word' id='word_1_957' title='bbox 1103 3565 1144 3598; x_wconf 83' lang='grc'>35</span> <span class='ocrx_word' id='word_1_958' title='bbox 1163 3563 1246 3597; x_wconf 82' lang='grc' dir='ltr'>θέο-</span> 
     </span>
     <span class='ocr_line' id='line_1_102' title="bbox 171 3611 291 3652; baseline 0.008 -12"><span class='ocrx_word' id='word_1_959' title='bbox 171 3620 212 3652; x_wconf 86' lang='grc' dir='ltr'>φι</span> <span class='ocrx_word' id='word_1_960' title='bbox 253 3611 291 3641; x_wconf 90' lang='grc' dir='ltr'>ία</span> 
     </span>
    </p>
   </div>
   <div class='ocr_carea' id='block_1_38' title="bbox 234 3758 288 3785">
    <p class='ocr_par' dir='ltr' id='par_1_39' title="bbox 234 3758 288 3785">
     <span class='ocr_line' id='line_1_103' title="bbox 234 3758 288 3785; baseline 0 0"><span class='ocrx_word' id='word_1_961' title='bbox 234 3758 288 3785; x_wconf 86' lang='lat'>111.</span> 
     </span>
    </p>
   </div>
   <div class='ocr_carea' id='block_1_39' title="bbox 1279 3209 1282 3710">
    <p class='ocr_par' dir='ltr' id='par_1_40' title="bbox 1279 3209 1282 3710">
     <span class='ocr_line' id='line_1_104' title="bbox 1279 3209 1282 3710; baseline 0 0"><span class='ocrx_word' id='word_1_962' title='bbox 1279 3209 1282 3710; x_wconf 95' lang='lat' dir='ltr'> </span> 
     </span>
    </p>
   </div>
   <div class='ocr_carea' id='block_1_40' title="bbox 1314 3337 2393 3732">
    <p class='ocr_par' dir='ltr' id='par_1_41' title="bbox 1314 3337 2393 3732">
     <span class='ocr_line' id='line_1_105' title="bbox 1318 3337 2393 3382; baseline 0.001 -10"><span class='ocrx_word' id='word_1_963' title='bbox 1318 3340 1353 3372; x_wconf 93' lang='grc'>11</span> <span class='ocrx_word' id='word_1_964' title='bbox 1377 3349 1438 3380; x_wconf 88' lang='lat' dir='ltr'>pro</span> <span class='ocrx_word' id='word_1_965' title='bbox 1454 3337 1633 3379; x_wconf 86' lang='lat' dir='ltr'>prioribus]</span> <span class='ocrx_word' id='word_1_966' title='bbox 1657 3337 1887 3379; x_wconf 88' lang='lat' dir='ltr'>proprioribus</span> <span class='ocrx_word' id='word_1_967' title='bbox 1909 3337 2088 3379; x_wconf 85' lang='lat' dir='ltr'>(prioribus</span> <span class='ocrx_word' id='word_1_968' title='bbox 2099 3339 2162 3379; x_wconf 68' lang='lat'>13¹)</span> <span class='ocrx_word' id='word_1_969' title='bbox 2186 3338 2263 3372; x_wconf 88' lang='lat' dir='ltr'>RV</span> <span class='ocrx_word' id='word_1_970' title='bbox 2279 3339 2292 3382; x_wconf 78' lang='grc' dir='ltr'>ΙΙ</span> <span class='ocrx_word' id='word_1_971' title='bbox 2319 3341 2360 3373; x_wconf 86' lang='grc'>12</span> <span class='ocrx_word' id='word_1_972' title='bbox 2373 3351 2393 3372; x_wconf 84' lang='lat' dir='ltr'>a</span> 
     </span>
     <span class='ocr_line' id='line_1_106' title="bbox 1315 3382 2392 3427; baseline 0.003 -11"><span class='ocrx_word' id='word_1_973' title='bbox 1315 3396 1372 3416; x_wconf 91' lang='lat' dir='ltr'>om.</span> <span class='ocrx_word' id='word_1_974' title='bbox 1388 3382 1484 3426; x_wconf 71' lang='lat' dir='ltr'>RVH</span> <span class='ocrx_word' id='word_1_975' title='bbox 1502 3392 1522 3414; x_wconf 89' lang='lat' dir='ltr'>a</span> <span class='ocrx_word' id='word_1_976' title='bbox 1534 3382 1649 3415; x_wconf 87' lang='lat' dir='ltr'>om.R¹</span> <span class='ocrx_word' id='word_1_977' title='bbox 1660 3382 1694 3415; x_wconf 92' lang='lat' dir='ltr'><strong><em>V</em></strong></span> <span class='ocrx_word' id='word_1_978' title='bbox 1705 3383 1717 3424; x_wconf 82' lang='grc' dir='ltr'>ΙΙ</span> <span class='ocrx_word' id='word_1_979' title='bbox 1734 3384 1777 3418; x_wconf 90' lang='grc'>14</span> <span class='ocrx_word' id='word_1_980' title='bbox 1790 3382 2129 3424; x_wconf 69' lang='lat' dir='ltr'>dupliciziministrare</span> <span class='ocrx_word' id='word_1_981' title='bbox 2146 3384 2198 3416; x_wconf 77' lang='lat' dir='ltr'>V⁰</span> <span class='ocrx_word' id='word_1_982' title='bbox 2212 3384 2225 3427; x_wconf 79' lang='grc' dir='ltr'>ΙΙ</span> <span class='ocrx_word' id='word_1_983' title='bbox 2248 3385 2286 3417; x_wconf 86' lang='grc'>15</span> <span class='ocrx_word' id='word_1_984' title='bbox 2301 3384 2392 3427; x_wconf 87' lang='lat' dir='ltr'>dare]</span> 
     </span>
     <span class='ocr_line' id='line_1_107' title="bbox 1315 3426 2393 3473; baseline 0.003 -13"><span class='ocrx_word' id='word_1_985' title='bbox 1315 3431 1348 3461; x_wconf 86' lang='lat' dir='ltr'>et</span> <span class='ocrx_word' id='word_1_986' title='bbox 1371 3427 1448 3460; x_wconf 87' lang='lat' dir='ltr'>dare</span> <span class='ocrx_word' id='word_1_987' title='bbox 1471 3427 1567 3461; x_wconf 84' lang='lat' dir='ltr'>Beck</span> <span class='ocrx_word' id='word_1_988' title='bbox 1592 3426 1605 3470; x_wconf 84' lang='grc' dir='ltr'>ΙΙ</span> <span class='ocrx_word' id='word_1_989' title='bbox 1634 3428 1675 3460; x_wconf 88' lang='grc'>16</span> <span class='ocrx_word' id='word_1_990' title='bbox 1699 3427 1945 3460; x_wconf 82' lang='lat' dir='ltr'>reuertentibus</span> <span class='ocrx_word' id='word_1_991' title='bbox 1968 3427 2016 3460; x_wconf 83' lang='lat' dir='ltr'>R¹</span> <span class='ocrx_word' id='word_1_992' title='bbox 2041 3428 2053 3470; x_wconf 88' lang='grc' dir='ltr'>ΙΙ</span> <span class='ocrx_word' id='word_1_993' title='bbox 2083 3430 2123 3461; x_wconf 85' lang='lat'>17</span> <span class='ocrx_word' id='word_1_994' title='bbox 2149 3438 2226 3462; x_wconf 85' lang='lat' dir='ltr'>vero</span> <span class='ocrx_word' id='word_1_995' title='bbox 2249 3442 2307 3462; x_wconf 89' lang='lat' dir='ltr'>om.</span> <span class='ocrx_word' id='word_1_996' title='bbox 2331 3431 2365 3464; x_wconf 90' lang='lat' dir='ltr'><strong><em>V</em></strong></span> <span class='ocrx_word' id='word_1_997' title='bbox 2381 3432 2393 3473; x_wconf 78' lang='grc' dir='ltr'>Η</span> 
     </span>
     <span class='ocr_line' id='line_1_108' title="bbox 1315 3471 2392 3517; baseline 0.003 -12"><span class='ocrx_word' id='word_1_998' title='bbox 1315 3473 1478 3505; x_wconf 86' lang='lat' dir='ltr'>dicessum</span> <span class='ocrx_word' id='word_1_999' title='bbox 1502 3473 1535 3505; x_wconf 87' lang='lat' dir='ltr'><em>R</em></span> <span class='ocrx_word' id='word_1_1000' title='bbox 1559 3474 1571 3514; x_wconf 88' lang='grc' dir='ltr'>ΙΙ</span> <span class='ocrx_word' id='word_1_1001' title='bbox 1602 3473 1643 3506; x_wconf 90' lang='grc'>18</span> <span class='ocrx_word' id='word_1_1002' title='bbox 1667 3471 1763 3505; x_wconf 83' lang='lat' dir='ltr'>luero</span> <span class='ocrx_word' id='word_1_1003' title='bbox 1788 3472 1893 3513; x_wconf 86' lang='lat' dir='ltr'>Beck]</span> <span class='ocrx_word' id='word_1_1004' title='bbox 1918 3482 1999 3504; x_wconf 89' lang='lat' dir='ltr'>uero</span> <span class='ocrx_word' id='word_1_1005' title='bbox 2024 3474 2102 3506; x_wconf 77' lang='lat' dir='ltr'>libri</span> <span class='ocrx_word' id='word_1_1006' title='bbox 2124 3473 2137 3517; x_wconf 91' lang='grc' dir='ltr'>ΙΙ</span> <span class='ocrx_word' id='word_1_1007' title='bbox 2167 3475 2209 3508; x_wconf 91' lang='lat'>19</span> <span class='ocrx_word' id='word_1_1008' title='bbox 2233 3473 2392 3508; x_wconf 77' lang='lat' dir='ltr'>*accessu</span> 
     </span>
     <span class='ocr_line' id='line_1_109' title="bbox 1314 3516 2392 3562; baseline 0.003 -12"><span class='ocrx_word' id='word_1_1009' title='bbox 1314 3519 1490 3557; x_wconf 84' lang='lat' dir='ltr'>(accessum</span> <span class='ocrx_word' id='word_1_1010' title='bbox 1521 3517 1567 3559; x_wconf 94' lang='lat' dir='ltr'>V)</span> <span class='ocrx_word' id='word_1_1011' title='bbox 1600 3517 1678 3550; x_wconf 82' lang='lat' dir='ltr'>libri</span> <span class='ocrx_word' id='word_1_1012' title='bbox 1708 3516 1721 3562; x_wconf 81' lang='grc' dir='ltr'>ΙΙ</span> <span class='ocrx_word' id='word_1_1013' title='bbox 1752 3519 1791 3551; x_wconf 86' lang='grc'>21</span> <span class='ocrx_word' id='word_1_1014' title='bbox 1820 3519 1853 3550; x_wconf 89' lang='lat' dir='ltr'>et</span> <span class='ocrx_word' id='word_1_1015' title='bbox 1883 3527 1994 3549; x_wconf 87' lang='lat' dir='ltr'>omnes</span> <span class='ocrx_word' id='word_1_1016' title='bbox 2023 3527 2179 3560; x_wconf 84' lang='lat' dir='ltr'>expensas</span> <span class='ocrx_word' id='word_1_1017' title='bbox 2212 3531 2271 3553; x_wconf 86' lang='lat' dir='ltr'>om.</span> <span class='ocrx_word' id='word_1_1018' title='bbox 2294 3520 2346 3553; x_wconf 59' lang='grc' dir='ltr'>Β*</span> <span class='ocrx_word' id='word_1_1019' title='bbox 2380 3520 2392 3562; x_wconf 81' lang='grc' dir='ltr'>ΙΙ</span> 
     </span>
     <span class='ocr_line' id='line_1_110' title="bbox 1316 3561 2391 3608; baseline 0.003 -13"><span class='ocrx_word' id='word_1_1020' title='bbox 1316 3564 1358 3596; x_wconf 88' lang='grc'>22</span> <span class='ocrx_word' id='word_1_1021' title='bbox 1379 3561 1541 3595; x_wconf 84' lang='lat' dir='ltr'>sientibus</span> <span class='ocrx_word' id='word_1_1022' title='bbox 1561 3561 1609 3595; x_wconf 82' lang='lat' dir='ltr'>V²</span> <span class='ocrx_word' id='word_1_1023' title='bbox 1626 3561 1638 3604; x_wconf 82' lang='grc' dir='ltr'>ΙΙ</span> <span class='ocrx_word' id='word_1_1024' title='bbox 1656 3562 1684 3594; x_wconf 90' lang='lat' dir='ltr'>si</span> <span class='ocrx_word' id='word_1_1025' title='bbox 1698 3562 1809 3602; x_wconf 86' lang='lat' dir='ltr'>etiam]</span> <span class='ocrx_word' id='word_1_1026' title='bbox 1831 3562 2004 3594; x_wconf 86' lang='lat' dir='ltr'>scientiam</span> <span class='ocrx_word' id='word_1_1027' title='bbox 2022 3563 2121 3596; x_wconf 87' lang='lat' dir='ltr'>etiam</span> <span class='ocrx_word' id='word_1_1028' title='bbox 2136 3563 2187 3596; x_wconf 68' lang='grc' dir='ltr'>Β*</span> <span class='ocrx_word' id='word_1_1029' title='bbox 2205 3562 2218 3608; x_wconf 66' lang='grc' dir='ltr'>ΙΙ</span> <span class='ocrx_word' id='word_1_1030' title='bbox 2234 3564 2276 3598; x_wconf 87' lang='grc'>23</span> <span class='ocrx_word' id='word_1_1031' title='bbox 2290 3567 2391 3606; x_wconf 78' lang='lat' dir='ltr'>certa]</span> 
     </span>
     <span class='ocr_line' id='line_1_111' title="bbox 1317 3606 2391 3650; baseline 0.005 -13"><span class='ocrx_word' id='word_1_1032' title='bbox 1317 3620 1378 3638; x_wconf 59' lang='lat' dir='ltr'>*n</span> <span class='ocrx_word' id='word_1_1033' title='bbox 1394 3607 1442 3639; x_wconf 65' lang='grc' dir='ltr'>Β*</span> <span class='ocrx_word' id='word_1_1034' title='bbox 1461 3606 1473 3650; x_wconf 87' lang='grc' dir='ltr'>ΙΙ</span> <span class='ocrx_word' id='word_1_1035' title='bbox 1498 3607 1541 3640; x_wconf 86' lang='grc'>32</span> <span class='ocrx_word' id='word_1_1036' title='bbox 1562 3617 1747 3650; x_wconf 62' lang='lat' dir='ltr'>expe-cens</span> <span class='ocrx_word' id='word_1_1037' title='bbox 1768 3607 1820 3640; x_wconf 75' lang='lat' dir='ltr'>V²</span> <span class='ocrx_word' id='word_1_1038' title='bbox 1838 3606 1851 3650; x_wconf 87' lang='grc' dir='ltr'>ΙΙ</span> <span class='ocrx_word' id='word_1_1039' title='bbox 1877 3608 1920 3641; x_wconf 89' lang='grc'>33</span> <span class='ocrx_word' id='word_1_1040' title='bbox 1940 3606 2095 3640; x_wconf 86' lang='lat' dir='ltr'>fiduciam</span> <span class='ocrx_word' id='word_1_1041' title='bbox 2118 3608 2200 3650; x_wconf 86' lang='lat' dir='ltr'>VT]</span> <span class='ocrx_word' id='word_1_1042' title='bbox 2221 3609 2391 3642; x_wconf 84' lang='lat' dir='ltr'>licentiam</span> 
     </span>
     <span class='ocr_line' id='line_1_112' title="bbox 1315 3651 2392 3698; baseline 0.002 -12"><span class='ocrx_word' id='word_1_1043' title='bbox 1315 3653 1349 3685; x_wconf 88' lang='lat' dir='ltr'><em>R</em></span> <span class='ocrx_word' id='word_1_1044' title='bbox 1363 3651 1375 3696; x_wconf 80' lang='grc' dir='ltr'>ΙΙ</span> <span class='ocrx_word' id='word_1_1045' title='bbox 1395 3653 1437 3686; x_wconf 87' lang='lat'>35</span> <span class='ocrx_word' id='word_1_1046' title='bbox 1452 3653 1573 3686; x_wconf 80' lang='lat' dir='ltr'>hiatum</span> <span class='ocrx_word' id='word_1_1047' title='bbox 1590 3653 1708 3686; x_wconf 83' lang='lat' dir='ltr'>notavi.</span> <span class='ocrx_word' id='word_1_1048' title='bbox 1731 3652 1788 3685; x_wconf 85' lang='lat' dir='ltr'>sed</span> <span class='ocrx_word' id='word_1_1049' title='bbox 1810 3659 1884 3686; x_wconf 83' lang='lat' dir='ltr'>ante</span> <span class='ocrx_word' id='word_1_1050' title='bbox 1904 3652 2086 3686; x_wconf 83' lang='lat' dir='ltr'>examinari</span> <span class='ocrx_word' id='word_1_1051' title='bbox 2109 3654 2186 3688; x_wconf 81' lang='lat' dir='ltr'>add.</span> <span class='ocrx_word' id='word_1_1052' title='bbox 2199 3654 2392 3698; x_wconf 77' lang='lat' dir='ltr'>R²Tvulq.,</span> 
     </span>
     <span class='ocr_line' id='line_1_113' title="bbox 1316 3696 1671 3732; baseline 0 -1"><span class='ocrx_word' id='word_1_1053' title='bbox 1316 3704 1390 3731; x_wconf 82' lang='lat' dir='ltr'>ante</span> <span class='ocrx_word' id='word_1_1054' title='bbox 1413 3702 1491 3730; x_wconf 81' lang='lat' dir='ltr'>tuae</span> <span class='ocrx_word' id='word_1_1055' title='bbox 1513 3710 1542 3732; x_wconf 90' lang='grc' dir='ltr'>υ.</span> <span class='ocrx_word' id='word_1_1056' title='bbox 1557 3698 1601 3732; x_wconf 85' lang='grc'>34</span> <span class='ocrx_word' id='word_1_1057' title='bbox 1622 3696 1671 3731; x_wconf 83' lang='lat' dir='ltr'>V³</span> 
     </span>
    </p>
   </div>
   <div class='ocr_carea' id='block_1_41' title="bbox 2087 3757 2132 3789">
    <p class='ocr_par' dir='ltr' id='par_1_42' title="bbox 2087 3757 2132 3789">
     <span class='ocr_line' id='line_1_114' title="bbox 2087 3757 2132 3789; baseline -0.022 0"><span class='ocrx_word' id='word_1_1058' title='bbox 2087 3757 2132 3789; x_wconf 84' lang='lat'>40</span> 
     </span>
    </p>
   </div>
  </div>
 </body>
</html>
