2618 4010
150 138 206 169 ΕΤ
236 138 294 169 EA
323 139 443 178 QUAE
473 139 607 171 PARIT

148 240 215 282 μὲν
239 237 383 273 δέδοται
407 240 460 284 τῷ
482 239 666 286 ποάγματι
690 237 811 281 τύπος,
837 237 879 274 ὂν
898 242 993 283 ἔχειν
1012 240 1128 275 καλῶς
1153 243 1227 275 ἐνο-

148 287 316 328 μίσαμεν.
364 285 488 318 Αὖθις
511 271 552 318 δὲ
576 287 693 331 ἕτερος
718 285 831 326 ἱκέτης
855 285 1081 332 ἀνεφαίνετο,
1116 285 1231 333 λέγων

148 328 215 363 τὸν
248 331 309 372 τῆς
331 329 494 376 γυναικὸς
525 333 665 375 πατέρα
697 330 764 372 τὴν
788 329 915 365 οὐσίαν
935 329 1233 374 ὑποκαταστῆσαι

149 377 221 408 τοῖς
246 373 364 409 ἄλλοις
388 371 497 408 αὑτοῦ
522 379 659 415 παισίν,
685 374 876 418 ἐλαχίστην
901 375 940 410 δὲ
963 380 1093 424 μοῖραν
1116 375 1233 421 μόνην

149 419 238 465 παρ’
259 417 348 463 αὐτῆ
370 419 532 454 κελεῦσαι
552 423 684 465 μένειν,
707 425 766 454 καὶ
783 425 897 468 μέγαν
915 421 1028 456 αὑτὸν
1050 436 1095 457 πε
1119 427 1232 456 ιι’στα-

149 465 243 498 σθαι
267 456 446 505 κίνδυνον,
471 466 542 512 εἴγε
566 464 587 508 ἡ
606 467 674 509 μὲν
695 465 803 500 αὐτοῦ
826 472 1015 513 περιουσία
1032 482 1090 502 κιν
1115 467 1232 502 υνεύοι

148 513 234 555 περί
254 523 294 543 τε
317 510 385 553 τὴν
405 511 467 553 τῆς
491 511 636 555 προικὸς
661 509 960 546 ἀποκατάστασιν
985 513 1070 558 πὲρί
1091 526 1131 548 τε
1155 510 1231 547 ὁλό-

147 553 279 601 κληρον
302 553 344 589 τὸ
377 557 415 589 ἐκ
438 556 516 589 τῶν
539 558 706 602 γαμικῶν
731 556 966 601 συμβολαίων
998 561 1057 592 ἐπὶ
1089 560 1133 606 τῇ
1161 557 1233 603 πρὸ

145 597 260 645 γάμου
281 597 401 646 δωρεᾷ
419 597 638 656 σύ,ιιφωνον,)
655 599 754 645 αὐτῷ
777 600 816 636 δὲ
837 601 980 637 οὐδενὸς
1001 604 1093 646 ἐξείη
1114 606 1232 645 τυχεῖν

1222 126 1304 174 255

1918 132 2025 177 Nov.
2056 132 2247 176 XXXIX
2268 146 2330 188 pr.
2365 137 2381 175 1

1298 242 1413 277 forma
1452 253 1555 287 quam
1596 241 1686 278 bene
1726 252 1764 277 se
1804 242 1936 279 habere
1976 244 2187 296 putavimus.
2249 245 2387 280 Rursus

1301 290 1421 322 autem
1452 288 1544 322 alter
1569 289 1720 333 supplex
1750 289 1918 332 apparuit
1953 289 2075 324 dicens
2101 290 2221 325 uxoris
2247 294 2386 334 patrem

1303 333 1540 367 substantIam
1561 333 1636 368 eius
1657 334 1883 368 substituisse
1909 334 1986 368 aliis
2013 336 2086 369 suis
2114 335 2196 370 filiis
2222 346 2386 379 parvam-

1303 388 1371 422 que
1408 382 1546 423 partem
1582 379 1694 414 solam
1731 379 1827 422 apud
1864 389 1940 413 eam
1976 380 2124 415 iussisse
2163 390 2316 422 manere,
2354 385 2388 415 et

1269 427 1466 467 5magnum
1492 423 1633 459 sibimet
1658 424 1828 458 inminere
1849 425 2059 467 periculum,
2085 426 2115 459 si
2139 436 2226 461 suae
2247 426 2387 470 quidem

1303 469 1526 504 substantiae
1550 469 1749 514 periculum
1773 472 1957 513 pateretur
1985 473 2020 504 et
2045 470 2140 504 circa
2167 471 2257 505 dotis
2283 472 2384 506 resti-

1301 514 1477 549 tutionem
1509 516 1546 549 et
1578 515 1675 549 circa
1706 517 1822 549 totum
1854 524 1897 548 ex
1930 514 2109 550 dotalibus
2143 515 2386 551 instrumentis

1302 569 1409 604 super
1433 559 1668 604 antenuptiali
1693 559 1885 594 donatione
1909 561 2072 603 pactum,
2099 561 2168 595 sibi
2192 571 2273 595 vero
2300 561 2387 595 nihil

1301 604 1424 639 liceret
1447 605 1645 649 promereri
1668 604 1795 640 horum
1820 608 1970 648 propter
2000 605 2236 640 sublationem
2262 616 2306 641 ex
2330 617 2386 641 re-

145 645 289 679 τούτων
314 643 373 679 διὰ
393 659 460 688 την
477 647 515 680 ἐκ
534 647 595 689 τῆς
619 647 947 682 αποκαταστάσεως
970 652 1049 682 τῶν
1070 648 1231 694 πραγμά·
1248 652 1288 684 10
1302 650 1498 685 stitutione.
1536 650 1635 685 Haec
1660 660 1725 685 nos
1751 650 1878 684 merito
1904 654 2180 692 commoverunt,
2205 656 2241 685 et
2262 651 2387 686 melius

145 702 224 724 των
259 688 462 737 ἀφαίρεσιν.
516 694 635 725 Ταῦτα
673 691 760 736 ἡμᾶς
796 692 942 727 εἰκότως
978 696 1138 736 ἐκίνησε,
1173 697 1232 727 καὶ

146 733 294 779 ἄμεινον
326 734 505 780 ᾠήθημεν
534 736 601 771 τὸν
625 735 797 783 ἡμέτερον
827 739 1094 785 ἐπανορθῶσαι
1118 735 1233 782 νόμον

146 777 168 822 ἢ
188 779 270 814 τούς
292 778 468 824 ’ὑπηκόους
492 784 665 829 περιορᾶν
689 781 972 824 κινδυνεύοντας,
997 787 1057 816 καὶ
1075 781 1232 828 μάλιστα

146 826 186 857 ἐν
208 825 350 872 γάμοις,
375 826 430 863 ὠν
454 826 560 861 οὐδέν
585 830 684 862 ἐστιν
709 825 925 873 ἀνθρώποις
948 827 1231 874 χρησιμώτερον,

145 869 203 903 οἶα
228 874 288 907 καὶ
311 871 438 915 μόνων
463 876 582 907 ποιεῖν
605 870 827 918 ἀνθρώπους
851 871 1075 918 δυναμένων.

1301 695 1469 729 arbitrati
1494 706 1616 730 sumus
1642 696 1803 730 nostram
1828 694 2007 738 corrigere
2035 695 2148 739 legem
2173 706 2277 739 quam
2301 697 2387 731 sub-

1300 739 1412 774 iectos
1446 740 1633 784 despicere
1665 740 1863 784 periculum
1895 741 2132 780 sustinentes,
2166 743 2318 775 maxime
2349 742 2388 776 in

1301 785 1446 829 nuptiis,
1470 796 1621 829 quarum
1641 785 1730 820 nihil
1748 789 1803 820 est
1822 785 2026 820 homInibus
2048 786 2183 830 utilius,
2203 790 2386 830 tamquam

1302 830 1389 865 solis
1413 830 1532 866 facere
1557 831 1717 866 homines
1743 831 1953 866 valentibus.

1156 987 1313 1024 CAPUT
1339 988 1367 1023 Ι.

191 1050 259 1085 Διά
282 1065 338 1086 τοι
362 1054 470 1087 τοῦτο
494 1052 560 1087 τὸν
584 1051 750 1099 παρόντα
773 1053 929 1097 τίθεμεν
949 1052 1072 1098 νόμον,
1098 1053 1143 1088 τὰ
1190 1056 1229 1088 ἐν

145 1093 234 1131 ἄλλα
265 1095 386 1132 πάντα
416 1099 477 1141 τῆς
506 1097 633 1144 πρώην
666 1095 755 1143 παρ’
784 1096 887 1142 ἡμῶν
917 1100 1128 1143 τεθειμένης
1177 1114 1228 1133 ια-

144 1140 279 1183 τάξεως
303 1141 407 1190 κύρια
429 1147 553 1187 μένειν
572 1142 794 1188 βουλόμενοι,
819 1147 920 1178 τουτὶ
945 1142 984 1178 δὲ
1007 1147 1230 1186 καινίζοντες

143 1189 268 1230 μόνον,
299 1189 359 1221 ἵνα
383 1189 419 1222 εἴ
443 1200 497 1222 τις
527 1188 569 1222 τὸ
602 1187 730 1222 λοιπὸν
761 1187 1061 1223 ἀποκατάστασιν
1088 1193 1229 1224 ποιοῖτο

1352 1055 1466 1098 Quam
1492 1056 1536 1091 ob
1562 1066 1636 1091 rem
1660 1059 1886 1101 praesentem
1917 1057 2082 1102 ponimus
2107 1057 2234 1102 legem,
2267 1058 2387 1093 omnia

1299 1101 1439 1144 quidem
1478 1101 1548 1136 alia
1583 1102 1713 1146 prioris
1746 1112 1767 1136 a
1801 1102 1904 1137 nobis
1940 1102 2080 1147 positae
2118 1103 2385 1138 constitutionis

1298 1148 1379 1180 rata
1410 1156 1555 1181 manere
1587 1147 1764 1188 volentes,
1795 1147 1864 1182 hoc
1898 1158 1980 1182 vero
2011 1148 2222 1183 innovantes
2253 1149 2384 1184 solum-

1298 1190 1415 1233 modo,
1442 1193 1482 1225 ut
1507 1191 1536 1226 si
1559 1191 1636 1235 quis
1662 1192 1705 1225 de
1732 1195 1850 1227 cetero
1875 1193 2136 1228 restitutionem
2156 1193 2281 1228 fecerit
2301 1204 2383 1228 sua-

144 1246 222 1266 των
254 1234 385 1286 ἑαυτοῦ,
414 1231 648 1280 πραγμάτων,
686 1235 837 1287 πρῶτον
867 1236 935 1277 μὲν
968 1233 1141 1280 φυλάττοι
1173 1236 1227 1279 τῷ
1243 1238 1284 1270 20
1298 1247 1377 1270 rum
1407 1246 1545 1277 rerum,
1579 1238 1732 1280 primum
1764 1237 1906 1281 quidem
1938 1243 2055 1273 servet
2086 1239 2160 1274 filio
2193 1239 2385 1283 legitimam

144 1276 249 1312 παιδὶ
279 1277 321 1312 τὸ
345 1292 499 1322 νομιμον
522 1282 642 1326 μέρος,
675 1291 716 1312 ου
740 1292 780 1312 το
812 1282 988 1325 τέταρτον
1017 1282 1137 1322 (τοῦτο
1161 1280 1229 1328 γὰρ

144 1323 482 1370 ἐπηνωρθώσαμεν,
507 1328 639 1358 πενίαν
664 1324 773 1358 αὐτοῦ
798 1323 936 1367 πολλὴν
961 1325 1226 1372 καταγνόντες),

142 1366 230 1401 ἀλλά
261 1367 303 1401 τὸ
335 1372 460 1413 τρίτον
493 1366 639 1404 πάντως
671 1367 692 1412 ἢ
724 1368 766 1403 τὸ
798 1367 906 1413 ἥμισυ
936 1370 1028 1405 κατὰ
1059 1370 1123 1405 τὸν
1148 1373 1226 1406 τῶν

143 1411 290 1447 παίδων
307 1410 485 1458 ἀριθμόν·
502 1417 648 1468 ῗέπειτα
680 1417 739 1448 καὶ
765 1416 835 1467 [εἰς]
862 1416 902 1449 τὸ
929 1414 1143 1460 λειπόμενον
1167 1418 1227 1459 τῆς

1297 1283 1448 1326 partem,
1474 1292 1545 1316 non
1571 1283 1734 1326 quartam
1758 1282 1806 1324 (id
1830 1283 1922 1316 enim
1944 1284 2205 1319 emendavimus
2225 1284 2385 1328 inopiam

1297 1327 1372 1361 eius
1405 1327 1593 1371 plurimam
1629 1327 1963 1371 reprehendentes),
2003 1329 2066 1363 sed
2095 1329 2237 1364 tertiam
2269 1329 2384 1365 modis

1298 1372 1462 1407 omnibus
1493 1376 1556 1407 aut
1588 1372 1740 1407 mediam
1776 1372 1971 1407 secundum
2000 1373 2155 1408 filiorum
2187 1385 2383 1416 numerum,

1296 1417 1424 1452 deinde
1448 1420 1484 1452 et
1507 1427 1552 1452 ex
1575 1417 1713 1462 reliqua
1737 1417 1963 1452 substantiae
1987 1420 2101 1462 parte,
2127 1419 2246 1454 sinon
2271 1419 2382 1454 suffe-

144 1456 266 1492 οὐσίας
288 1461 402 1514 μέρος,
429 1461 468 1492 ἐν
488 1474 518 1502 ῳ
542 1473 591 1504 μη
614 1464 807 1513 αρκοιήντο
831 1459 985 1505 νόμιμον
1008 1464 1113 1506 μέρος
1138 1461 1227 1507 πρὸς
1239 1465 1281 1498 25
1297 1463 1384 1497 cerit
1407 1463 1563 1505 legitima
1587 1473 1672 1507 pars
1703 1462 1750 1497 ad
1775 1462 1867 1497 dotis
1898 1466 1962 1497 aut
1992 1467 2075 1498 ante
2099 1465 2245 1508 nuptias
2271 1464 2383 1500 dona-

142 1502 288 1549 προικὸς
318 1518 339 1546 η
372 1509 613 1550 προγαμιαίας
645 1503 780 1550 δωρεας
811 1504 977 1539 ἐπίδοσιν
1000 1505 1226 1551 εὐσχημόνως

141 1552 199 1582 καὶ
232 1547 320 1594 πρὸς
350 1548 417 1592 τὴν
452 1551 529 1584 τῶν
562 1549 766 1595 προςιόπων
798 1550 977 1594 ποιότητα
1009 1564 1226 1598 συμμετρου-

140 1596 256 1637 μένης,
283 1594 483 1641 ἐξῃρῆσθαι
502 1598 560 1628 καὶ
581 1593 670 1630 αὐτὸ
690 1597 750 1639 τῆς
768 1594 1103 1639 ἀποκαταστάσεως,
1130 1595 1223 1631 καθ’

141 1636 228 1673 ὅσον
253 1640 538 1693 προςτιθέμενον
572 1642 625 1684 τῷ
650 1645 792 1685 νομίμῳ
824 1644 924 1686 μέρει
956 1642 1023 1686 τὴν
1051 1646 1181 1697 προῖκα
1206 1639 1227 1686 ἢ

1295 1508 1403 1543 tionis
1428 1508 1645 1543 oblationem
1677 1508 1827 1543 honeste
1857 1511 1893 1543 et
1925 1510 2122 1544 secundum
2145 1520 2382 1554 personarum

1296 1554 1506 1597 qualitatem
1525 1553 1694 1593 metitam.
1716 1554 1882 1598 excipere
1901 1553 2008 1588 etiam
2027 1554 2096 1589 hoc
2118 1563 2140 1588 a
2157 1555 2383 1590 restitutione

1298 1599 1494 1633 secundum
1520 1599 1615 1644 quod
1639 1598 1816 1633 adiectum
1850 1599 2025 1642 legitimae
2058 1599 2153 1644 parti
2177 1600 2297 1635 dotem
2321 1602 2385 1635 aut

1297 1644 1579 1689 antenuptialem
1603 1644 1692 1678 facit
1716 1643 1955 1679 donationem.
1993 1644 2182 1680 Sancimus
2209 1645 2303 1680 enim
2328 1655 2384 1680 se-

141 1683 208 1737 τὴν
232 1697 303 1730 προ
326 1682 440 1732 γάμου
465 1689 562 1719 ποιεῖ
585 1684 736 1730 δωρεάν.
783 1687 1010 1741 θεσπιζομεν
1039 1702 1107 1742 γαρ
1132 1686 1225 1722 κατὰ
1241 1691 1283 1723 30
1298 1689 1455 1724 cundum
1478 1690 1575 1724 hunc
1599 1689 1743 1725 modum
1768 1689 1886 1734 excipi
1910 1689 2023 1725 modis
2049 1691 2212 1726 omnibus
2238 1701 2260 1726 a
2281 1690 2383 1725 resti-

140 1742 272 1763 τουτον
291 1729 357 1764 τὸν
377 1728 515 1777 τρόπον
537 1731 740 1778 ἐξῃρῆσθαι
762 1736 945 1767 παντοίως
967 1745 1026 1776 της
1044 1746 1226 1768 αποκατα-

141 1773 301 1809 στάσεως
331 1773 377 1809 τὰ
407 1776 542 1822 γαμικὰ
574 1775 777 1820 συμβόλαια
809 1780 868 1811 καὶ
900 1777 962 1812 τὰς
996 1781 1056 1813 ἐπὶ
1089 1776 1227 1813 τούτοις

141 1819 339 1863 ἐκποιήσεις
369 1817 390 1864 ἢ
418 1818 625 1864 ὑποθήκας·
663 1819 731 1856 κᾶν
762 1823 793 1856 εἰ
824 1826 1074 1867 βεβαρημένον
1108 1824 1160 1867 εἴη
1185 1824 1226 1858 τὸ

140 1865 335 1920 πρόςωπον
355 1863 376 1909 ἢ
389 1864 434 1919 τὸ
452 1868 515 1900 τοῦ
536 1863 664 1912 ἀνδρὸς
685 1864 706 1910 ἢ
722 1866 764 1901 τὸ
782 1869 843 1923 τῆς
859 1869 1025 1915 γυναικὸς
1044 1868 1224 1904 ἀποκατα-

1296 1735 1434 1769 tutione
1458 1735 1632 1780 nuptialia
1655 1734 1869 1769 documenta
1893 1737 1929 1770 et
1949 1745 2058 1780 super
2081 1736 2137 1770 his
2156 1735 2275 1771 factas
2297 1736 2383 1771 alie-

1296 1780 1459 1815 nationes
1492 1782 1557 1815 aut
1587 1781 1820 1825 hypothecas,
1854 1783 1889 1815 et
1912 1780 1967 1815 vel
1999 1780 2029 1815 si
2052 1784 2199 1825 gravata
2231 1781 2278 1816 sit
2301 1791 2383 1826 per-

1296 1835 1386 1860 sona
1417 1829 1480 1861 aut
1511 1825 1575 1861 viri
1608 1829 1671 1860 aut
1701 1825 1857 1860 mulieris
1894 1825 2120 1861 restitutione
2155 1826 2237 1869 tali,
2276 1827 2385 1862 liceat

1296 1871 1403 1905 etiam
1427 1872 1459 1906 ei
1483 1875 1730 1915 nuncupatam
1755 1871 2038 1915 antenuptialem
2063 1881 2128 1906 seu
2151 1875 2301 1916 propter
2317 1882 2383 1907 nu-

141 1922 265 1945 στασει
296 1924 464 1959 τοιαυτῃ,
503 1912 635 1952 ἐξέστω
671 1915 731 1946 καὶ
763 1925 877 1947 ουτως
906 1913 974 1956 τὴν
1002 1914 1225 1959 καλουμένην
1239 1918 1281 1950 35
1294 1916 1389 1960 ptias
1421 1916 1649 1952 donationem
1674 1916 1820 1959 Offerre,
1851 1915 1940 1951 nihil
1965 1919 2139 1962 quantum
2169 1918 2206 1952 in
2231 1917 2301 1953 illis
2326 1927 2382 1953 re-

140 1954 426 2003 προγαμιαίανῆ
453 1956 512 1991 διὰ
534 1957 651 2004 γάμον
685 1956 826 2005 δωρεὰν
858 1957 1079 2002 ἐπιδιδόναι,
1111 1958 1227 2004 μηδὲν

185 2061 256 2091 cap.
274 2051 356 2092 lpr.
380 2046 439 2091 (τὰ
461 2049 530 2092 μὲν
554 2046 644 2082 ἄλλα
658 2073 666 2082 .
681 2074 688 2082 .
705 2075 713 2083 .
727 2051 750 2090 .)
778 2051 874 2083 habet
894 2051 943 2083 Β8
965 2063 1000 2093 p.
1016 2051 1081 2084 574
1095 2051 1201 2085 Zach-

138 2137 192 2172 rei
214 2137 340 2188 forma
371 2148 480 2183 quam
512 2142 609 2173 recte
639 2149 678 2173 se
702 2137 834 2174 habere
865 2139 1160 2174 existimavimus.

1217 2138 1361 2174 Rursus
1386 2144 1505 2176 autem
1538 2141 1632 2176 alter
1664 2140 1768 2175 nobis
1795 2141 1957 2188 supplex
1986 2143 2121 2185 extitit,
2155 2143 2217 2188 qui
2249 2143 2385 2179 diceret

139 2193 272 2218 uxoris
289 2186 438 2228 patrem
461 2183 612 2228 reliquis
636 2183 759 2218 liberis
782 2184 858 2218 suis
881 2184 975 2219 bona
998 2184 1199 2219 restituisse
1225 2195 1291 2219 nec
1315 2185 1386 2219 nisi
1409 2186 1593 2220 minimam

138 2238 380 2273 maqnumque
411 2227 480 2262 sibi
511 2228 694 2262 imminere
716 2229 941 2274 periculum,
972 2228 1149 2279 siquidem
1180 2229 1296 2275 ipsius
1328 2229 1423 2264 bona
1456 2234 1490 2264 et
1520 2242 1593 2275 quo

1647 2190 1761 2221 artem
1786 2187 1889 2237 apud
1910 2188 2029 2232 ipsam
2052 2199 2199 2223 manere
2222 2188 2382 2230 iussisse,

1653 2231 1703 2265 ad
1733 2231 1830 2266 dotis
1859 2232 2121 2268 restitutionem
2153 2236 2188 2268 et
2211 2233 2310 2278 quod
2335 2233 2385 2267 ad

141 2277 255 2308 totum
278 2277 424 2318 pactum
455 2273 494 2306 in
518 2272 743 2318 nuptialibus
775 2274 1022 2308 instrumentis
1054 2273 1099 2308 de
1122 2272 1321 2309 donatione
1344 2278 1429 2309 ante
1452 2276 1602 2320 nuptias
1623 2275 1766 2319 factum
1784 2276 2054 2321 periclitentur,
2087 2277 2159 2323 ipsi
2183 2288 2268 2313 vero
2293 2277 2385 2312 nihil

140 2328 265 2352 eorum
289 2317 461 2362 consequi
485 2316 594 2352 liceat
611 2322 769 2365 propter
793 2317 970 2353 bonorum
994 2329 1043 2353 eoe
1066 2319 1292 2353 restitutione
1316 2319 1590 2370 ademptionem.
1641 2320 1711 2354 His
1734 2331 1802 2355 nos
1826 2322 1954 2356 merito
1980 2323 2149 2357 commoti
2172 2333 2305 2364 sumus,
2339 2334 2382 2358 ac

140 2362 255 2397 satius
286 2362 459 2397 duoeimus
491 2367 654 2396 nostram
687 2363 800 2408 leqem
832 2363 1021 2398 emendare
1056 2374 1166 2408 quam
1191 2364 1278 2409 pati
1311 2363 1476 2398 subditos
1496 2365 1725 2410 periclitari,
1755 2366 1977 2411 praesertim
2012 2367 2051 2401 in
2082 2367 2221 2413 nuptiis
2252 2367 2383 2413 quibus

141 2407 233 2442 utlaii
257 2406 460 2442 hominibus
483 2407 609 2442 utilius
629 2411 693 2449 est,
719 2408 854 2454 quippe
877 2419 972 2453 quae
994 2408 1095 2443 solae
1112 2409 1321 2454 producere
1346 2408 1507 2443 homines
1526 2410 1682 2455 possint.

276 2452 305 2487 Ι.
355 2452 556 2498 Propterea
574 2456 806 2498 praesentem
831 2453 944 2499 leqem
966 2453 1132 2498 ferimus,
1165 2453 1307 2499 reliqua
1331 2453 1484 2506 quidem·
1507 2454 1627 2489 omnia
1660 2466 1754 2500 quae
1779 2456 1912 2507 priore
1935 2457 2193 2492 constitutione
2218 2468 2336 2503 nuper
2359 2469 2381 2492 a

140 2498 244 2534 nobis
269 2497 345 2532 lata
369 2498 601 2533 continentur
631 2502 715 2533 rata
748 2509 893 2533 manere
924 2498 1094 2539 volenteS,
1128 2497 1196 2533 hoc
1221 2509 1304 2534 vero
1328 2498 1444 2533 solum
1469 2503 1690 2542 innovantes,
1723 2505 1765 2535 ut
1794 2511 1825 2536 si
1851 2502 1934 2547 quis
1965 2503 2003 2536 in
2026 2507 2213 2548 posterum
2237 2503 2380 2538 restitu-

143 2544 275 2578 tionem
295 2543 381 2587 sieri
402 2553 525 2577 rerum
549 2553 698 2577 suarum
722 2542 853 2585 iubeat,
876 2543 1035 2589 primum
1057 2547 1176 2579 servet
1193 2543 1274 2594 filio
1301 2543 1496 2590 Zeqitimam
1517 2549 1678 2591 partem,
1704 2557 1777 2580 non
1802 2551 1970 2592 quartam
1994 2547 2077 2589 (lioc
2100 2549 2194 2583 enim
2217 2549 2380 2583 correxi-

140 2599 219 2623 mus
242 2588 389 2622 nimiam
422 2588 499 2622 eius
532 2589 739 2623 tenuitatem
763 2590 982 2634 arquentes),
1014 2588 1079 2623 sed
1103 2599 1248 2623 omnino
1275 2589 1417 2624 tertiam
1441 2589 1498 2625 vel
1520 2590 1706 2625 dimidiam
1733 2591 1929 2626 secundum
1952 2603 2138 2627 numerum
2163 2591 2357 2628 liberorum
2367 2606 2381 2634 ,-

140 2633 270 2668 deinde
293 2633 400 2668 etiam
431 2633 574 2678 reliqua
598 2633 774 2668 bonorum
793 2645 899 2679 pars,
931 2634 963 2668 si
987 2644 1062 2668 non
1092 2634 1260 2678 sufficiat
1292 2633 1452 2679 leqitima
1478 2646 1573 2681 pars
1605 2635 1654 2670 ad
1681 2635 1778 2670 dotis
1809 2636 1865 2672 vel
1887 2636 2097 2672 donationis
2120 2638 2382 2683 antenuptialis

140 2679 323 2713 dationem
348 2678 497 2713 honeste
522 2689 565 2713 ac
582 2690 656 2724 pro
681 2679 859 2725 qualitate
880 2690 1122 2724 personarum
1147 2678 1363 2721 metiendae,
1395 2680 1476 2725 ipsa
1501 2691 1646 2726 quoque
1677 2692 1699 2715 a
1723 2682 1952 2717 restitutione
1975 2683 2170 2725 eximatur,
2202 2683 2240 2717 in
2265 2694 2380 2728 quan-

142 2728 215 2759 tum
241 2723 366 2758 addita
392 2724 573 2769 leqitimae
593 2726 696 2770 parti
720 2724 839 2759 dotem
863 2729 927 2759 aut
951 2724 1184 2759 donationem
1208 2728 1293 2758 ante
1316 2726 1465 2770 nuptias
1486 2726 1613 2770 efficit.
1662 2724 1853 2761 Sancimus
1873 2728 1977 2769 enim,
2003 2733 2043 2763 ut
2066 2727 2261 2763 secundum
2286 2728 2382 2764 hunc

139 2769 284 2804 modum
316 2772 527 2803 contractus
558 2769 740 2815 nuptiales
772 2774 807 2804 et
837 2780 932 2814 quae
964 2780 1006 2804 eo
1038 2770 1180 2804 nomine
1210 2770 1335 2813 factae
1369 2774 1456 2804 sunt
1485 2770 1722 2805 alienationes
1754 2772 1809 2806 vel
1840 2771 2065 2818 hypothecae
2098 2785 2120 2808 a
2152 2774 2381 2808 restitutione

141 2815 285 2849 omnino
312 2814 542 2849 eximantur:
576 2820 611 2849 et
635 2815 799 2859 quamvis
824 2818 977 2850 onerata
1008 2815 1055 2849 sit
1072 2825 1239 2860 persona
1271 2815 1344 2849 sive
1377 2814 1448 2849 viri
1469 2815 1543 2850 sive
1567 2816 1727 2850 mulieris
1751 2817 1927 2851 eiusmodi
1951 2818 2191 2861 restitutione,
2214 2820 2267 2853 sic
2291 2829 2380 2864 quo-

140 2871 209 2905 que
232 2859 465 2894 donationem
489 2870 583 2904 quae
605 2864 758 2895 vocatur
789 2864 874 2895 ante
906 2860 960 2895 vel
989 2865 1145 2906 propter
1175 2860 1326 2904 nuptias
1349 2859 1438 2894 dare
1462 2859 1580 2901 liceat,
1613 2864 1655 2895 ut
1679 2860 1771 2895 nihil
1794 2868 1969 2907 quantum
2000 2863 2049 2898 ad
2071 2863 2156 2898 illas
2180 2875 2237 2899 res
2262 2864 2382 2899 valeat

1299 2953 1355 2982 tur
1377 2950 1408 2982 V
1427 2950 1574 2992 patietur
1597 2951 1644 2983 R¹
1661 2951 1673 2994 ΙΙ
1692 2954 1710 2985 ’7
1737 2955 1787 2993 ex]
1812 2963 1832 2985 a
1851 2954 1901 2986 Β*
1920 2954 1931 2995 ΙΙ
1947 2955 2161 2986 astrumentis
2180 2958 2381 2997 superantur

1299 2994 1445 3037 nuptiali
1459 2995 1507 3027 R¹
1531 2994 1544 3038 ΙΙ
1569 2997 1588 3029 8
1606 3006 1684 3028 vero
1701 3010 1758 3030 om.
1778 2999 1823 3030 Ιίι
1851 2997 1863 3041 ΙΙ
1894 3000 1914 3031 9
1931 2997 2058 3039 liceret]
2080 2999 2180 3032 licere
2197 3003 2230 3032 et
2250 3001 2281 3032 V
2301 3001 2380 3033 lice-

1299 3042 1349 3072 ret
1375 3042 1407 3072 et
1429 3038 1507 3082 1³:²11
1526 3039 1713 3073 sublatione
1734 3043 1782 3074 R¹
1802 3043 1814 3085 l]
1837 3043 2081 3076 restitutionem
2098 3044 2132 3077 R
2149 3044 2161 3087 ΙΙ
2189 3047 2224 3078 11
2252 3047 2380 3077 nostra-

186 2952 205 2983 2
220 2950 412 2991 οἰκέτηςΙᾷ1
430 2950 442 2992 ΙΙ
461 2952 479 2983 3
495 2947 794 2991 ὑποκαταστῆσαι
805 2951 914 2990 Mssg]
930 2945 1229 2992 ἀποκαταστῆσαι

141 2996 172 3028 L
189 2995 200 3038 Η
220 2997 239 3027 4
254 2991 363 3027 αὐτοῦ
374 2995 444 3027 LB
462 2995 474 3038 ΙΙ
493 2998 510 3027 5
527 2991 651 3035 αὐτὸν]
667 2991 767 3027 αὐτῶ
783 2995 831 3027 L2
845 2991 957 3028 αὑτὸν
971 2996 1148 3028 Heimbaclz
1161 2997 1205 3037 (ς)
1219 2995 1229 3035 ΙΙ

142 3043 162 3073 G
177 3036 286 3072 αὑτοῦ
299 3040 477 3072 Heimbach
487 3043 530 3080 (ς)
545 3038 556 3084 ΙΙ
569 3037 768 3073 κινδυνεύει
783 3041 812 3072 L
822 3040 851 3072 B
870 3040 882 3083 ΙΙ
899 3042 916 3072 7
932 3037 1125 3084 ὁλόκληρον
1139 3042 1227 3093 libri]

141 3081 184 3117 τὸ
205 3080 400 3126 ὁλόκληρον
414 3085 610 3118 Haloander
626 3084 638 3128 ΙΙ
658 3086 678 3118 8
696 3082 890 3127 συμβόλων
903 3085 935 3117 L
953 3084 965 3128 ΙΙ
983 3087 1002 3118 9
1017 3096 1229 3128 συμφωνου-

141 3141 252 3172 μενον
265 3129 295 3160 L
309 3128 319 3171 l]
334 3124 434 3170 αὐτῷ
446 3130 625 3162 Ηείτηὸαοίι
637 3133 682 3170 (ς)
699 3129 710 3173 ΙΙ
736 3133 773 3162 10
787 3129 865 3162 τῶν
878 3128 1106 3174 πραγμάτων
1119 3143 1176 3164 om.
1188 3142 1207 3166 ς
1219 3130 1230 3173 ΙΙ

146 3176 182 3207 11
210 3174 383 3215 ἐκίνησαν
407 3174 438 3205 L
463 3173 474 3215 ll
504 3175 544 3206 12
569 3169 782 3218 ἧμέτετερον
806 3175 877 3215 (sic)
894 3176 924 3206 L
949 3175 960 3218 Η
988 3177 1031 3208 20
1052 3174 1141 3215 τῶν]
1163 3174 1230 3216 τὴν

143 3220 194 3252 La
215 3219 227 3261 ll
256 3220 297 3252 22
316 3216 655 3263 ἐπηνωρθώσαμεν]
682 3232 751 3251 nov.
766 3220 902 3252 XVIII
923 3218 934 3262 Η
962 3217 1098 3261 πολλὴν
1121 3216 1229 3252 αὐτοῦ

145 3266 177 3297 Β
196 3264 207 3307 ΙΙ
227 3265 268 3297 23
281 3261 347 3296 τὸν
360 3276 417 3295 om.
430 3263 477 3295 L¹
495 3264 507 3306 l]
524 3265 566 3296 24
580 3263 627 3296 εἷς
640 3264 777 3304 ML1B,
792 3266 853 3297 del.
866 3265 912 3296 L2
930 3264 941 3307 ΙΙ
960 3275 998 3297 ex
1012 3265 1141 3306 reliqua
1153 3265 1229 3297 sub-

142 3308 284 3341 stantiae
304 3310 397 3350 parte
419 3311 452 3347 (i.
470 3322 493 3339 e.
516 3309 553 3339 ἐκ
573 3309 636 3340 τοῦ
660 3306 872 3351 λειπομένου
893 3321 924 3342 τ.
947 3321 976 3343 ο.
997 3310 1159 3354 μέρουςῩ)
1177 3322 1196 3346 ς
1219 3309 1230 3354 ΙΙ

144 3357 184 3387 25
199 3350 334 3397 ἀρκείοι
348 3352 396 3385 L¹
415 3353 425 3394 ΙΙ
443 3355 484 3386 26
499 3349 713 3395 εὐσχήμονος
730 3355 821 3386 malit
834 3355 1023 3387 Zachariae
1039 3354 1050 3398 ΙΙ
1070 3357 1110 3387 27
1127 3365 1228 3400 προς·

145 3396 272 3439 ώπων]
299 3397 525 3443 πραγμάτων
540 3400 615 3430 ΑῑΙι.
635 3397 646 3438 ΙΙ
672 3400 713 3432 28
736 3395 836 3439 αὐτὸ]
860 3394 930 3432 ἀπὸ
944 3399 993 3432 Bl
1013 3398 1025 3443 ΙΙ
1048 3395 1228 3433 ὑποκατα-

143 3442 300 3477 στάσεως
314 3444 361 3476 Bl
381 3444 392 3486 ΙΙ
415 3445 458 3476 34
479 3439 499 3484 ἢ
517 3441 558 3475 τὸ
574 3440 650 3484 -τῆ
669 3441 723 3483 τὸ]
749 3439 861 3484 ἢ---ἣ
877 3445 910 3476 B
940 3442 952 3486 l]
979 3440 1229 3486 ἀποκαταστῆ-

143 3489 220 3521 σειῗ
246 3490 290 3521 L*
324 3488 336 3531 ΙΙ
366 3490 406 3521 35
430 3491 489 3520 καὶ
513 3484 638 3528 οὕτως]
669 3489 769 3520 etiam
795 3489 824 3520 ci
848 3491 882 3527 (i.
904 3501 929 3521 e.
951 3491 1010 3520 καὶ
1035 3485 1149 3531 αὐτῷ)
1176 3502 1195 3526 ς
1219 3490 1229 3534 Η

146 3536 188 3567 36
213 3534 487 3579 προγαμιαίαν],
502 3530 642 3579 δωρεὰν
667 3534 744 3566 add.
759 3534 794 3566 B
813 3534 825 3576 ΙΙ
854 3530 994 3579 δωρεὰν
1015 3547 1073 3567 om.
1087 3534 1138 3567 B⁸

193 3625 212 3656 2
237 3623 335 3656 aliter
357 3625 405 3657 V¹
428 3623 440 3668 ΙΙ
467 3626 567 3666 patu
592 3623 641 3656 V¹
657 3623 669 3666 ΙΙ
690 3625 709 3656 3
731 3623 925 3655 sustinuisse
948 3624 994 3656 ΒΛ
1012 3623 1024 3666 ΙΙ
1044 3626 1062 3656 5
1088 3624 1227 3657 iminerc

156 3668 208 3702 V¹
227 3668 240 3712 11
255 3679 333 3701 suae
352 3670 483 3710 quidem
502 3669 704 3701 substantiae
724 3668 953 3709 (substantiam
966 3668 1029 3709 R1)
1051 3670 1139 3710 libri]
1167 3671 1225 3713 leq.

148 3723 209 3746 sua
234 3714 365 3754 quidem
389 3713 603 3747 substantia?
631 3712 643 3758 ΙΙ
667 3716 686 3747 6
711 3713 897 3755 periculum
922 3713 1041 3747 om.R¹
1061 3714 1073 3758 ΙΙ
1095 3723 1225 3756 parere-

1298 3096 1372 3117 rum
1385 3085 1435 3117 R¹
1451 3084 1462 3128 ΙΙ
1484 3086 1524 3117 13
1550 3095 1635 3126 qua*
1662 3086 1750 3118 nihil
1775 3090 1822 3119 est
1846 3088 1999 3120 omnibus
2022 3088 2102 3132 13¹1]
2125 3091 2164 3122 14
2189 3089 2381 3122 hominibus

1298 3129 1376 3173 R¹ss
1407 3131 1445 3163 16
1470 3129 1576 3170 legem
1601 3131 1755 3172 ponimus
1781 3133 1812 3164 R
1836 3131 1849 3176 ΙΙ
1877 3134 1916 3166 17
1939 3133 2108 3174 prioribus
2132 3134 2180 3166 R¹
2198 3133 2210 3177 11
2243 3136 2281 3168 18
2307 3138 2381 3167 rata

1298 3177 1444 3215 manere]
1470 3185 1536 3206 non
1562 3175 1610 3206 ita
1633 3177 1745 3208 tenere
1770 3177 1819 3209 R¹
1838 3177 1850 3220 ΙΙ
1879 3177 2038 3218 volentes]
2065 3179 2259 3211 ualentius
2295 3180 2344 3212 V¹
2368 3180 2380 3224 ΙΙ

1299 3221 1388 3260 vero]
1413 3220 1449 3251 in
1474 3219 1523 3252 R¹
1542 3219 1554 3263 ΙΙ
1573 3221 1612 3253 19
1638 3222 1676 3252 ut
1699 3234 1757 3254 om.
1776 3221 1824 3254 V¹
1841 3223 1852 3264 ΙΙ
1871 3222 1899 3254 si
1921 3222 1996 3263 quis
2017 3236 2056 3253 u
2073 3224 2112 3256 de
2133 3224 2184 3256 V¹
2202 3223 2214 3267 ΙΙ
2231 3227 2379 3267 suarum]

1298 3275 1396 3307 super
1419 3275 1553 3296 suarum
1576 3265 1629 3297 Ra
1657 3265 1670 3308 ΙΙ
1700 3267 1741 3299 20
1765 3267 1910 3308 primum
1935 3268 2040 3300 om.R
2066 3269 2077 3311 Η
2107 3272 2214 3301 servet
2238 3282 2295 3302 om.
2319 3270 2352 3303 V

1298 3310 1448 3351 legitimo
1471 3310 1522 3342 Va
1547 3309 1558 3352 ΙΙ
1584 3311 1620 3343 21
1651 3311 1724 3351 *id]
1757 3312 1838 3352 quid
1864 3312 1956 3345 RV¹
1989 3313 2077 3353 quod
2098 3313 2148 3346 V²
2174 3314 2237 3346 hoc
2261 3316 2346 3358 vuly.

1300 3357 1341 3388 22
1360 3355 1390 3386 ei
1412 3355 1445 3387 V
1457 3353 1468 3398 l]
1486 3355 1527 3387 23
1553 3356 1683 3387 numeri
1697 3356 1746 3388 Β.1
1765 3357 1777 3400 l]
1794 3358 1837 3390 24
1857 3357 2039 3398 suffecerit]
2064 3358 2231 3391 sufficeret
2250 3359 2284 3392 V
2301 3360 2379 3392 sufi—

1298 3402 1386 3432 ceret
1410 3399 1460 3431 R2
1495 3400 1610 3431 fecerit
1635 3400 1680 3432 Β*
1713 3400 1725 3444 ΙΙ
1753 3403 1795 3435 25
1821 3405 1881 3433 aut
1904 3405 1981 3434 ante
2005 3403 2139 3445 nuptias
2163 3403 2269 3445 RV³1
2301 3407 2379 3438 ante

1297 3445 1432 3488 nuptias
1455 3446 1514 3476 aut
1542 3444 1592 3477 V¹
1621 3443 1633 3489 l]
1661 3447 1702 3478 27
1728 3447 1875 3479 metitam
1900 3448 1944 3487 V]
1970 3448 2085 3479 metita
2098 3448 2145 3480 R¹
2169 3450 2289 3482 merita
2315 3450 2378 3489 RQ

1299 3491 1358 3533 leq.
1372 3489 1531 3521 metitae‘?
1548 3490 1559 3531 l]
1579 3491 1727 3532 accipere
1740 3492 1772 3523 R
1789 3490 1800 3535 ΙΙ
1819 3492 1860 3523 ad
1878 3493 2122 3525 restitutionem
2136 3494 2213 3527 libri
2226 3495 2238 3538 ΙΙ
2265 3496 2307 3528 29
2321 3495 2378 3528 do-

1297 3535 1466 3567 nationem
1490 3534 1570 3566 facit
1594 3535 1664 3568 RT
1682 3535 1694 3579 ss
1721 3538 1763 3569 30
1788 3537 1907 3579 excipi]
1924 3550 2008 3567 *ire*-
2026 3538 2073 3570 R¹
2097 3538 2109 3580 ΙΙ
2130 3538 2173 3571 ad
2196 3540 2378 3573 restitutio-

1297 3590 1372 3612 nem
1394 3580 1479 3612 V⁰R
1496 3578 1507 3622 ΙΙ
1528 3581 1564 3612 31
1583 3580 1729 3622 nuptiali
1742 3581 1790 3613 R¹
1806 3581 1818 3625 ΙΙ
1837 3582 2066 3623 alienationes]
2081 3583 2145 3616 alie
2157 3585 2264 3627 suppl.
2284 3585 2332 3618 V2
2345 3588 2378 3619 in

1296 3637 1346 3667 sp.
1358 3637 1427 3657 vac.
1453 3623 1464 3667 ΙΙ
1492 3625 1534 3657 32
1556 3627 1651 3665 grata
1674 3626 1718 3657 V¹
1747 3625 1759 3669 ΙΙ
1791 3628 1832 3660 33
1850 3627 2094 3660 restitutionem
2111 3629 2160 3662 R²
2183 3628 2195 3674 1]
2227 3631 2270 3663 34
2286 3633 2379 3663 ante-

1296 3669 1447 3712 nuptiale
1460 3669 1509 3701 R¹
1536 3670 1547 3712 {1
1571 3680 1628 3702 seu
1641 3673 1776 3713 propter
1790 3673 1923 3714 nuptias
1937 3673 2162 3715 donationem]
2184 3675 2378 3708 donationes

1296 3725 1352 3747 seu
1370 3716 1504 3756 propter
1526 3715 1658 3756 nuptias
1683 3716 1754 3756 (sic)
1780 3716 1828 3748 R¹
