2586 3990
240 132 348 179 Nov.
373 132 592 177 CXXXIII
624 136 643 175 1

237 241 439 287 οἱῳδὴποτε
473 243 703 286 μοναστηρίῳ
741 241 821 281 τῶν
855 239 928 276 ὑπὸ
965 241 1034 276 τὸν
1066 242 1313 286 οἰκουμενικὸν

238 285 463 331 πατριάρχην
485 286 574 330 (εἴτε
597 285 675 329 ἐπὶ)
697 286 829 330 ταύτης
857 287 918 329 τῆς
940 286 1093 332 μεγάλης
1114 286 1254 323 πόλεως
1277 285 1312 343 [ἢ

237 333 314 366 τῶν
336 329 406 365 ὑπὸ
431 330 498 371 τὴν
514 330 583 372 σὴν
606 328 729 365 ὄντων
749 328 969 378 ἁγιωσύνην]
994 331 1065 365 εἴτε
1084 333 1145 367 ἐπὶ
1167 333 1230 376 τῆς
1250 346 1311 366 αυ-

236 377 296 418 τῆς
320 372 542 419 περιοικίδας,
573 373 645 408 εἴτε
668 371 759 421 παρ’
781 373 886 419 ἡμῶν
907 372 1030 410 αὐτῶν
1053 374 1311 422 ᾠκοδομημένα

236 421 305 453 εἴτε
337 415 425 464 παρ’
452 420 597 464 ἑτέρων,
632 417 840 462 ἰδιάζουσαν
869 420 1007 462 οἴκησιν
1039 420 1167 463 ἔχοντά
1196 434 1311 456 τινων

233 465 414 508 μοναχῶν,
443 464 560 497 ταῦτα
584 461 705 498 πάντα
727 463 962 509 καθαιρήσεις
988 464 1137 511 τρόποις
1159 462 1310 509 ἅπασιν,

235 507 385 549 ἀνοίξεις
416 520 455 542 τε
485 505 604 542 αὖτοῖς
632 507 698 552 τὴν
727 505 895 552 ἀλλήλων
927 509 1033 553 θέαν,
1065 513 1125 544 καὶ
1152 510 1310 558 ὄψονται

234 552 368 588 πάντες
389 552 436 586 τὰ
459 549 550 598 παρ’
569 550 736 597 ἀλλήλων
759 552 1002 599 πραττόμενα.
1038 559 1077 589 τί
1096 555 1166 602 γὰρ
1190 554 1234 599 δὴ
1250 559 1310 590 καὶ

233 595 550 642 εὐλαβηθήσονται
567 599 675 632 τοῦτο
693 596 921 644 πράττοντες,
946 596 1046 640 ἅπαξ
1061 600 1207 635 ἑαυτοὺς
1223 598 1308 635 ἀνα-

1305 130 1390 181 668

2007 146 2221 190 Quouono
2249 146 2450 180 oronm'r

1379 244 1498 290 aliqua
1527 244 1734 285 habitacula
1763 246 1846 281 sunt
1874 245 1912 281 in
1936 246 2099 291 vquolibet
2133 244 2346 281 monasterio
2377 245 2447 282 sub

1377 292 1442 324 tua
1465 290 1738 325 constitutorum
1767 289 1964 335 sanctitate,
1995 291 2070 327 sive
2099 290 2135 325 in
2159 291 2226 325 hac
2248 299 2375 334 magna
2397 290 2446 327 ci-

1379 334 1486 369 vitate
1517 333 1590 368 sive
1618 333 1656 369 in
1679 334 1755 369 eius
1784 343 1849 387 per
1872 334 2055 371 circuitum
2086 334 2298 370 habitaculis
2329 335 2402 371 sive
2425 345 2448 371 a

1378 379 1482 414 nobis
1505 378 1593 423 ipsis
1616 378 1813 413 aedificatis
1837 377 1910 414 sive
1933 380 1979 415 ab
2002 379 2092 422 aliis,
2124 389 2285 416 seorsum
2306 378 2446 415 habita-

1347 423 1510 458 5ti0nem
1534 423 1703 458 habentia.
1724 424 1923 467 aliquorum
1945 425 2207 468 monachorum,
2231 424 2320 460 haec
2337 425 2447 461 omni-

1379 468 1445 502 bus
1463 467 1575 503 modis
1598 467 1753 512 depones
1775 468 1914 513 aperies
1938 478 1984 504 ue
2006 470 2056 505 eis
2071 470 2253 512 alterutra,
2277 469 2340 505 ubi
2357 469 2447 505 cele-

1377 513 1533 547 brentur.
1578 512 1670 557 Quid
1691 513 1785 548 enim
1808 478 2048 549 fumigabunt
2069 515 2139 550 hoc
2160 519 2314 560 agentes,
2339 514 2448 550 semel

1376 557 1473 602 ipsos
1493 557 1651 593 dicantes
1671 557 1738 593 deo
1761 561 1797 593 et
1814 558 2102 594 abrenuntiantes
2127 560 2289 604 publicae
2313 569 2447 595 comes-

1378 602 1533 637 sationi?
1577 602 1627 638 Et
1655 602 1723 638 hoc
1752 603 1892 647 quidem
1921 603 1973 638 ita
2002 604 2117 639 valere
2146 615 2243 640 nunc
2273 608 2309 640 et
2330 605 2367 639 in
2390 604 2447 639 fu-

233 643 360 676 θέντες
375 642 455 685 θεῷ
477 645 536 676 καὶ
555 640 772 678 ἀπειπόντες
795 643 884 687 πρὸς
907 646 1031 679 πᾶσαν
1055 643 1202 689 δημώδη
1218 644 1309 680 δίαι-
1325 648 1364 681 10
1377 650 1495 682 turum
1530 657 1633 683 omne
1661 648 1821 683 volumus
1856 652 2013 692 tempus,
2049 648 2146 684 nullo
2181 649 2287 691 (sicut
2317 649 2448 684 dictum

231 700 323 729 ταν,·
346 688 529 721 καὶτοῦτο
551 689 619 730 μὲν
633 688 747 735 ταύτῃ
772 688 915 733 κρατεῖν
939 690 1007 723 νῦν
1029 703 1069 723 ’τε
1091 693 1151 724 καὶ
1173 692 1220 725 εἰς
1242 691 1310 725 τὸν

232 732 312 775 ἑξῆς
340 728 487 767 ἅπαντα
517 730 730 777 βουλόμεθα
757 734 897 778 χρόνον,
927 731 1073 770 οὐδενὸς
1103 732 1151 769 ὠς
1174 736 1310 782 εἴρηται

233 779 373 820 ἔχοντος
387 777 526 820 οἴκησιν
539 775 647 819 ἰδίαν,
664 775 755 812 ἀλλὰ
769 779 1112 824 συναθροιζομένων
1130 777 1309 815 ἁπάντων

232 825 292 855 καὶ
313 822 514 876 θεωμέναέν
544 823 589 856 τὰ
621 820 712 876 παρ’
740 821 906 867 ἀλλήλων
934 825 1184 879 πραττόμενα·
1220 824 1308 871 πρό-

1379 695 1445 732 est)
1469 691 1621 728 habente
1644 692 1886 728 habitaculum
1909 702 2089 736 seorsum,
2112 694 2174 729 sed
2195 694 2447 738 congregandis

1376 736 1539 772 omnibus
1564 739 1601 772 et
1623 737 1893 781 inspicientibus
1917 747 2006 782 quae
2029 736 2110 782 (ab)
2133 738 2312 774 alterutris
2335 748 2447 784 agun-

1376 785 1446 817 tur.
1495 782 1637 817 Certum
1668 782 1761 817 enim
1784 785 1839 817 est
1866 783 1949 827 quia
1972 782 2059 817 talia
2082 784 2276 818 studebunt
2298 793 2341 819 ea
2363 794 2447 818 con-

1377 826 1524 862 stituere
1547 827 1667 871 qualia
1690 827 1831 863 omnino
1862 827 2092 872 inculpabilia
2114 831 2267 863 manent.
2313 828 2395 871 (Et)
2419 828 2448 862 si

233 865 341 909 δηλον
370 868 441 913 γὰρ
464 880 524 920 οτι
547 880 699 902 τοιαυτα
723 868 939 903 σπεύσουσιν
965 883 1056 903 αυτα
1081 870 1308 904 καθεσταναι
1324 874 1363 904 15
1377 872 1455 916 quis
1470 872 1676 925 apparuerit
1695 876 1833 907 tantum
1852 872 2051 916 impudens,
2074 876 2115 907 ut
2129 872 2260 908 audeat
2274 876 2448 917 temptare

1281 919 1288 929 1

232 911 290 945 οἷα
326 910 511 946 παντελως
546 909 772 956 ἀνεπίληπτα
805 916 912 955 μένει.
959 914 991 948 εἰ
1020 913 1063 949 δέ
1087 926 1140 949 τις
1174 912 1308 960 ὄφθειη

231 958 408 991 τοσοῦτον
438 953 604 1000 ἀναιδής,
636 954 724 992 ὥςτε
747 957 886 1002 τολμᾶν
916 959 1105 1004 ἐπιχειρεῖν
1129 963 1308 1006 παραβαί-

231 1015 308 1036 νειν
330 1015 367 1036 τι
382 1002 460 1036 τῶν
474 1002 830 1047 νενομοθετημένων,
855 1001 874 1037 ὁ
900 1005 962 1047 τῆς
983 1006 1095 1048 μονῆς
1117 1002 1309 1053 ἡγούμενος

230 1048 346 1080 ταῦτα
377 1047 582 1088 ἐξεταζέτω.
631 1046 841 1102 βουλόμεθα
870 1048 940 1095 γὰρ
971 1050 1033 1092 τῆς
1061 1051 1129 1102 νῦν
1158 1049 1308 1096 σφοδρο-

1401 918 1614 952 raevaricari
1645 917 1739 960 quod
1767 917 1943 952 sancitum
1971 920 2042 959 est,
2073 917 2276 952 monasterii
2304 918 2449 963 praesul

1375 928 1465 997 baec
1488 962 1674 997 examinet.
1719 962 1890 997 Volumus
1914 962 2004 997 enim
2026 963 2320 998 vehementiorem
2343 972 2447 1007 quam

1377 1016 1471 1042 nunc
1495 1010 1549 1041 est
1571 1007 1651 1041 fieri
1673 1006 1963 1049 observationem,
1989 1009 2024 1043 et
2038 1007 2190 1052 primum
2213 1007 2354 1053 quidem
2376 1017 2448 1043 non

1377 1051 1547 1096 plurimos
1578 1061 1656 1087 esse
1684 1052 1722 1087 in
1744 1052 1996 1087 monasterium
2026 1052 2221 1096 ingressus,
2253 1052 2316 1088 sed
2338 1063 2448 1087 unum

230 1094 340 1136 τέραν
361 1092 536 1138 γενέσθαι
550 1092 629 1146 (τὴν
646 1105 913 1147 παρατηρησιν,,
926 1097 985 1127 καὶ
1005 1107 1154 1140 πρωτον
1176 1097 1243 1139 μὲν
1259 1096 1308 1140 μὴ
1323 1098 1364 1130 20
1377 1099 1441 1132 aut
1458 1097 1652 1132 secundum
1674 1096 1778 1140 forte,
1801 1101 1837 1132 et
1851 1098 1994 1132 adstare
2017 1097 2145 1133 ianuae
2167 1098 2261 1133 viros
2285 1107 2387 1133 senes
2412 1100 2448 1132 et

230 1135 363 1172 πολλὰς
394 1136 486 1170 εἶναι
516 1148 580 1171 τας
609 1137 657 1171 εἰς
686 1150 728 1171 το
752 1150 997 1184 μοναστηριον
1019 1138 1189 1183 εἰςόδους,
1217 1138 1308 1175 ἀλλὰ

230 1185 318 1224 μίαν
345 1179 369 1224 ἢ
400 1180 464 1215 δύο
493 1182 614 1226 τυχόν,
649 1182 846 1228 ἐφεστάναι
877 1197 918 1217 τε
947 1186 992 1231 τῇ
1022 1184 1145 1220 πυλίδι
1176 1184 1309 1231 ἄνδρας

229 1226 468 1273 γεγηρακότας
503 1230 563 1260 καὶ
597 1228 785 1273 σώφρονας
821 1231 881 1261 καὶ
911 1233 1241 1275 μεμαρτυρημένους
1271 1232 1309 1272 ἐξ

231 1269 417 1313 ἁπάντων,
441 1272 544 1317 οἵπερ
559 1271 643 1306 οὔτε
659 1275 731 1307 τοῖς
746 1270 1021 1316 εύλαβεστάτοις
1042 1279 1209 1319 μοναχοῖς
1228 1289 1308 1330 συχ-

1379 1143 1496 1177 castos
1520 1146 1555 1176 et
1578 1141 1768 1177 testimonii
1789 1142 1874 1178 boni
1896 1153 1940 1178 ex
1963 1143 2140 1183 omnibus,
2173 1143 2233 1188 qui
2256 1152 2370 1187 neque
2392 1151 2447 1177 re-

1379 1187 1625 1222 verentissimis
1650 1187 1830 1222 monachis
1854 1187 2050 1223 concedant
2073 1188 2148 1222 sine
2163 1188 2303 1223 abbatis
2327 1187 2448 1222 volun-

1377 1234 1451 1267 tate
1482 1232 1644 1267 deserere
1675 1233 1944 1274 monasterium,
1975 1233 2039 1267 sed
2061 1233 2158 1267 intus
2183 1242 2243 1268 eos
2267 1232 2450 1267 detineant

1377 1286 1467 1321 quae
1498 1277 1555 1312 dei
1583 1280 1666 1312 sunt
1694 1278 1849 1313 zelantes
1879 1287 1945 1313 nec
1976 1280 2086 1312 semet
2113 1278 2210 1322 ipsos
2237 1277 2448 1319 lacerantes,

229 1315 430 1362 χωρήσουσι
453 1320 558 1362 χωρὶς
581 1319 642 1360 τῆς
665 1319 732 1352 τοῦ
753 1315 948 1365 ἡγουμένου
969 1320 1113 1366 γνώμης
1136 1323 1308 1366 ἐκφοιταν
1323 1322 1363 1355 25
1377 1331 1443 1357 nec
1467 1324 1569 1357 actus
1591 1332 1656 1357 nec
1680 1323 1809 1367 studia,
1840 1333 1906 1358 nec
1929 1322 2018 1358 alios
2047 1323 2221 1368 quosdam
2243 1322 2389 1358 introire
2410 1322 2448 1357 in

230 1364 268 1395 ἐκ
291 1363 356 1396 τοῦ
379 1365 639 1407 μοναστηρίου,
661 1360 743 1397 ἀλλ’
769 1364 855 1397 εἴσω
879 1363 1025 1399 τούτους
1045 1365 1240 1407 καθέξουσι
1261 1365 1308 1401 τοὶ
1376 1367 1629 1402 monasterium
1659 1367 1823 1403 noctibus
1858 1371 1893 1403 et
1924 1367 2047 1403 diebus
2078 1368 2213 1410 sinant,
2249 1367 2343 1412 quod
2377 1377 2448 1403 non

229 1407 319 1452 πρὸς
355 1406 448 1441 θεὸν
483 1406 677 1450 ζηλοῦντας
711 1411 770 1442 καὶ
804 1409 852 1453 μὴ
887 1407 1120 1445 διασπῶντας
1154 1411 1309 1455 ἑαυτούς,
1375 1415 1473 1448 recte
1492 1422 1635 1447 manere
1654 1416 1822 1457 procuret
1844 1412 2092 1448 venerabilium
2112 1414 2338 1448 voluntatem,
2378 1411 2447 1448 Sit-

229 1453 320 1497 μήτε
343 1451 407 1486 τὰς
430 1452 574 1497 πράξεις
596 1453 687 1496 μήτε
710 1453 774 1487 τὰς
798 1452 1049 1498 ἐπιτηδεύσεις,
1071 1455 1154 1491 οὔτε
1172 1458 1310 1502 ἑτέρους
1376 1467 1446 1502 que
1477 1458 1682 1493 cautissima
1716 1458 1871 1493 maceria.
1901 1458 2074 1493 munitum
2104 1457 2374 1502 monasterium,
2407 1458 2449 1492 ut

228 1497 330 1531 τινὰς
363 1498 538 1541 γενέσθαι
569 1497 661 1532 κατὰ
688 1498 730 1533 τὸ
754 1497 1000 1545 μοναστήριον
1023 1499 1165 1547 νύκτωρ
1187 1515 1228 1536 τε
1250 1505 1309 1536 καὶ
1376 1502 1497 1538 nullus
1520 1504 1634 1538 exitus
1658 1503 1801 1540 aliunde
1824 1503 1893 1539 nisi
1915 1513 1979 1549 per
2000 1504 2128 1538 ianuas
2151 1502 2208 1538 sit.

229 1539 318 1587 μεθ’
337 1538 473 1598 ἡμέραν
505 1541 681 1585 ἐάσουσιν,
712 1545 815 1590 οἵπερ
844 1543 908 1578 οὐκ
941 1542 1062 1591 ὀρθὴν
1093 1550 1215 1589 μένειν
1241 1548 1309 1590 τὴν
1322 1549 1364 1582 30

229 1589 306 1622 τῶν
334 1586 611 1632 ευλαβεστάτων
640 1589 812 1632 μοναχῶν
844 1591 1156 1635 παρασκευάσουσι
1187 1591 1310 1634 δόξαν.

230 1634 325 1667 ἔστω
356 1630 397 1666 δὲ
426 1630 566 1678 ἀκριβεῖ
587 1633 744 1678 θ’ριγκίῳ
769 1647 899 1679 περιπε
927 1639 1105 1690 ραγμένον
1135 1637 1176 1671 τὸ
1200 1651 1311 1681 μονα-

230 1677 388 1724 στήριον,
412 1675 501 1712 ‹fis-u
515 1676 693 1722 μηδεμίαν
716 1677 846 1720 ἔξοδον
868 1649 1075 1723 ἇῧαχοθεν
1099 1681 1196 1726 πλὴν
1210 1680 1233 1726 ἢ
1250 1680 1311 1717 διὰ

229 1724 308 1757 τῶν
332 1720 495 1758 πυλίδων
517 1723 619 1757 εἶναι.

296 1793 326 1813 υ.
340 1782 383 1814 20
405 1778 455 1823 μὴ
477 1778 610 1814 πολλὰς
633 1777 673 1813 δὲ
695 1780 788 1822 &kent
810 1779 873 1814 τὰς
889 1800 932 1806 -
955 1783 999 1816 30
1023 1779 1191 1816 ἐάσουσιν
1214 1790 1324 1817 extant
1346 1784 1396 1817 B'
1418 1785 1438 1817 l.
1453 1797 1478 1818 c.

228 1846 304 1881 ullo
333 1856 383 1881 ea:
411 1847 638 1881 monasteriis
667 1846 732 1881 sub
757 1849 983 1882 oecumenico
1010 1848 1225 1894 patriarcha
1252 1849 1326 1884 sive
1355 1850 1393 1884 in
1423 1849 1491 1885 hac
1514 1861 1648 1896 maqna
1678 1851 1821 1886 civitate
1850 1851 1935 1893 [sive
1958 1862 2052 1896 quae
2083 1851 2147 1887 sub
2170 1852 2361 1887 sanctitate
2384 1856 2446 1887 tua

228 1893 325 1934 sunt]
348 1892 423 1926 sive
445 1892 482 1925 in
505 1891 582 1926 eius
606 1891 789 1927 territorio
813 1893 1025 1935 constitutis,
1047 1893 1122 1929 sive
1144 1904 1167 1928 a
1191 1893 1293 1928 nobis
1315 1893 1405 1940 ipsis
1426 1894 1618 1940 aedificata
1639 1895 1714 1931 sive
1732 1896 1777 1931 ab
1798 1895 1891 1938 aliis,
1916 1906 2009 1941 quae
2030 1900 2237 1948 separatam
2256 1897 2447 1932 habitatio-

229 1946 309 1971 nem
332 1934 588 1971 nonnullorum
611 1935 868 1972 monachorum
893 1936 1060 1980 habeant,
1089 1937 1178 1974 haec
1202 1939 1322 1974 omnia
1345 1939 1507 1974 omnibus
1528 1940 1643 1975 modis
1667 1940 1779 1983 tolles,
1811 1941 2021 1987 aperiesque
2043 1942 2089 1976 its
2111 1946 2270 1976 mutuum
2293 1942 2388 1977 inter
2409 1952 2448 1977 se

229 1980 448 2033 adspectum,
479 1985 520 2016 ut
543 1991 637 2026 quae
658 1980 807 2016 invicem
830 1982 926 2017 inter
947 1993 1009 2018 eos
1032 1988 1193 2029 ayuntur
1216 1993 1336 2019 omnes
1359 1984 1590 2030 conspiciant.
1641 1984 1711 2020 Cur
1734 1986 1826 2021 enim
1851 1985 1991 2020 tandem
2022 1985 2091 2020 hoc
2114 1996 2223 2031 aqere
2245 1990 2447 2028 vereantur,

230 2036 292 2072 qm
315 2025 424 2061 semel
445 2025 513 2061 deo
535 2036 613 2061 sese
635 2027 881 2061 consecrarint
913 2027 1080 2073 omnique
1109 2028 1292 2062 saeculari
1318 2028 1411 2063 vitae
1434 2029 1700 2064 renuntiarint?
1746 2029 1795 2064 Et
1816 2029 1885 2064 hoc
1908 2029 2050 2075 quidem
2080 2030 2131 2064 ita
2155 2030 2275 2065 valere
2297 2035 2331 2065 et
2353 2041 2449 2066 nunc

229 2075 265 2106 et
285 2081 354 2117 per
377 2081 481 2106 omne
502 2069 670 2117 deinceps
694 2074 832 2116 tempus
855 2070 1028 2112 volumus,
1061 2082 1130 2106 neu
1153 2073 1360 2117 quisquam,
1392 2073 1447 2107 uti
1468 2072 1599 2107 dictum
1623 2077 1692 2115 est,
1719 2084 1794 2119 pro
1822 2075 1914 2108 riam
1938 2074 2193 2109 habitationem
2216 2074 2357 2118 habeat,
2385 2075 2451 2111 sed

230 2126 351 2150 omnes
374 2121 639 2160 conqreqentur
668 2118 706 2151 et
727 2125 822 2160 quae
843 2115 938 2150 inter
959 2126 1020 2151 eos
1042 2115 1189 2151 invicem
1214 2120 1374 2162 aquntur
1397 2118 1622 2163 conspiciant
1627 2130 1643 2159 ;
1675 2085 1906 2164 manisssstum
1929 2119 2021 2154 enim
2045 2122 2099 2155 est
2128 2130 2277 2165 operam
2299 2130 2363 2156 eos
2384 2120 2449 2156 da-

230 2166 333 2195 turos
355 2164 396 2195 ut
418 2171 461 2195 ea
486 2160 575 2194 talia
597 2159 759 2196 existant
782 2160 907 2205 qualia
930 2161 1027 2195 omni
1049 2160 1327 2206 reprehensione
1350 2166 1508 2198 careant.
1556 2161 1598 2198 Si
1620 2163 1702 2209 quis
1724 2169 1840 2199 autem
1864 2163 1955 2199 adeo
1979 2164 2026 2198 im
2054 2163 2167 2200 adens
2187 2169 2377 2217 appareat,
2409 2169 2451 2201 ut

229 2204 369 2251 aliquid
391 2215 441 2240 ex
462 2205 508 2239 iis
531 2215 625 2250 quae
646 2205 787 2240 sancita
810 2209 896 2240 sunt
918 2205 1054 2241 violare
1071 2204 1214 2248 audeat,
1235 2206 1386 2252 praesul
1408 2207 1618 2243 monasterii
1639 2207 1728 2243 haec
1748 2209 1939 2244 eoeaminet.
2027 2208 2165 2244 olumus
2187 2220 2280 2244 enim
2293 2211 2446 2246 severio-

227 2261 303 2286 rem
326 2260 435 2296 quam
458 2260 553 2284 nunc
575 2255 630 2285 est
644 2249 729 2294 fieri
753 2248 1052 2293 observationem,
1083 2261 1127 2286 ac
1144 2251 1304 2298 primum
1325 2251 1467 2298 quidem
1496 2263 1570 2287 non
1597 2252 1729 2288 multos
1757 2264 1835 2289 esse
1863 2253 1914 2288 ad
1943 2254 2196 2290 monasterium
2225 2253 2357 2297 aditus,
2384 2255 2450 2290 sed

229 2306 338 2330 unum
361 2294 416 2330 vel
435 2294 538 2346 forte
561 2295 663 2336 duos,
692 2299 894 2341 portaeque
916 2295 1064 2331 adstare
1086 2295 1184 2331 viros
1206 2306 1309 2331 senes
1337 2301 1372 2332 et
1394 2301 1516 2332 castos
1545 2302 1581 2333 et
1610 2298 1766 2332 omnium
1798 2299 1997 2334 testimonio
2022 2299 2218 2345 probatos,
2250 2300 2314 2346 qui
2334 2310 2449 2346 neque

229 2340 510 2386 reliqiosisszmis
539 2339 725 2374 monachis
753 2341 965 2386 permittant
995 2342 1073 2376 sine
1101 2340 1284 2387 praesulis
1315 2341 1499 2378 voluntate
1528 2343 1748 2378 monasterio
1776 2342 1918 2388 eqredi,
1954 2342 2019 2379 sed
2048 2354 2111 2379 eos
2139 2345 2238 2380 intus
2265 2344 2450 2381 detineant

214 2395 322 2430 *quae
343 2384 400 2420 dei
429 2388 516 2419 sunt
543 2388 732 2427 sectantes,
764 2395 809 2420 ne
838 2395 878 2421 se
900 2386 1012 2432 ipsos,
1042 2386 1116 2421 sive
1143 2386 1303 2421 actiones
1330 2397 1419 2422 suas
1447 2388 1521 2423 sive
1543 2387 1684 2430 studia,
1713 2387 1930 2431 distrahant,
1959 2398 2075 2434 neque
2104 2389 2198 2424 alios
2224 2389 2320 2425 ullos
2341 2393 2448 2425 noctu

228 2430 356 2476 dieque
378 2430 519 2464 versari
538 2429 577 2464 in
599 2430 817 2465 monasterio
835 2432 1041 2476 patiantur,
1072 2431 1136 2476 qui
1158 2431 1301 2477 quidem
1323 2431 1487 2478 effecturi
1508 2432 1582 2467 sint
1612 2443 1657 2468 ne
1685 2433 1778 2468 bona
1809 2437 1952 2468 maneat
1973 2434 2192 2469 existimatio
2221 2434 2447 2480 reliqiosissi-

228 2476 295 2510 mis
324 2473 520 2510 monachis.
574 2473 631 2510 Sit
662 2480 781 2510 autem
809 2476 1063 2511 monasterium
1089 2476 1199 2521 firma
1229 2478 1386 2512 maceria
1414 2477 1729 2523 circumsaeptum,
1760 2488 1806 2513 ne
1835 2478 1957 2514 exitus
1986 2477 2080 2513 ullus
2109 2478 2255 2515 aliunde
2283 2479 2356 2515 nisi
2378 2490 2448 2526 per

223 2524 357 2566 portas
380 2523 517 2565 pateat.

286 2602 302 2634 1
326 2600 405 2633 τῶν
420 2597 493 2633 ὑπὸ
510 2618 554 2624 --
571 2600 591 2633 2
607 2596 749 2633 πόλεως
771 2612 831 2632 om.
848 2600 912 2642 Ge,
930 2602 951 2633 ι’.
965 2612 990 2633 ε.
1008 2601 1171 2643 exemplar
1187 2600 1307 2634 Menae

230 2646 470 2688 archiepiscopo
495 2646 638 2682 missum:
670 2645 785 2678 ibidem
809 2657 892 2697 quae
915 2657 1019 2678 eorum
1045 2646 1112 2678 loco
1135 2646 1307 2678 substituta

228 2697 301 2723 sunt
315 2692 413 2723 verba
435 2685 459 2732 ἢ
481 2686 517 2732 (ἢ
533 2702 592 2723 om.
605 2691 637 2731 ς’)
660 2689 738 2723 τῶν
754 2686 826 2723 ὑπο
843 2687 912 2732 τὴν
931 2688 1000 2732 σὴν
1015 2686 1139 2723 ὄντων
1154 2686 1306 2735 ἁγιωσύ-

228 2747 306 2778 νην,
338 2736 447 2768 eadem
472 2737 505 2768 in
529 2735 630 2768 altero
655 2747 779 2778 quoque
803 2735 979 2778 exemplari
1000 2734 1169 2777 (MLAB)
1193 2742 1306 2769 temere

230 2781 424 2823 interpolata
437 2781 585 2823 leyuntur
602 2779 614 2822 ΙΙ
631 2781 650 2813 2
664 2779 734 2812 εἴτε
747 2779 807 2813 ἐπὶ
820 2781 896 2813 add.
907 2780 1094 2813 Zachariae
1107 2793 1145 2813 esc
1156 2790 1176 2816 ς·
1186 2779 1198 2824 ΙΙ
1212 2780 1231 2813 3
1244 2779 1305 2813 tut

228 2825 301 2868 τῆς]
325 2826 407 2867 περὶ
429 2825 492 2867 τῆς
511 2825 546 2858 Β
577 2825 658 2869 περὶ
681 2823 750 2866 τὴν
762 2825 793 2858 A
810 2824 822 2868 ΙΙ
840 2820 948 2867 αὐτῆς
971 2837 1029 2858 om.
1043 2825 1091 2858 M
1099 2824 1112 2868 ΙΙ
1130 2826 1152 2858 4
1174 2835 1304 2870 περιοι-

228 2867 312 2903 κίδα
334 2871 366 2903 A
389 2872 460 2912 (per
484 2869 661 2902 circuitum
686 2869 887 2902 habitaculis
907 2872 939 2911 ς)
954 2869 967 2913 ΙΙ
992 2869 1062 2903 εἴτε
1085 2871 1188 2903 om.A
1205 2866 1304 2904 Ιίάύ-

227 2916 306 2948 τῶν
329 2928 387 2948 om.
404 2915 458 2957 Cu
474 2911 735 2958 οἰκοδομημένα
760 2914 805 2947 Μ
829 2914 1017 2954 aedificatis,
1043 2916 1063 2948 i.
1078 2927 1103 2948 e.
1123 2911 1304 2958 ᾠκοδομη-

227 2959 373 3003 μένωνῖ
388 2972 407 2996 ς
425 2959 438 3003 Ε
453 2962 473 2994 5
489 2956 698 3001 ἰδιάζουσαν
713 2958 852 3002 οἴκησιν
863 2957 1080 3001 (ἰδιαζούσας
1097 2959 1248 3002 οἰκήσεις
1260 2959 1304 3002 A)

229 3006 358 3057 ἔχοντα
379 3005 494 3038 τινῶν
516 3004 687 3048 μοναχῶν
707 3004 816 3046 Ace]
842 3017 899 3038 om.
916 3005 1025 3039 MLB
1042 3005 1054 3048 ΙΙ
1071 3005 1092 3039 6
1116 3005 1240 3038 πάντα
1262 3023 1306 3028 -

228 3046 365 3083 ἅπασιν
379 3050 532 3091 MLAB]
557 3049 649 3083 πᾶσι
671 3047 819 3095 τρόποις
841 3048 998 3104 καθαιρ’
1025 3060 1074 3083 εις
1099 3050 1151 3086 Cr
1167 3050 1180 3093 ss
1198 3051 1216 3083 7
1237 3047 1306 3092 τὴν

228 3091 395 3136 ἀλλήλων
410 3094 505 3127 θέαν
517 3113 561 3118 -
575 3095 595 3128 8
607 3092 854 3139 πραττόμενα]
875 3093 943 3137 τὴν
959 3107 982 3126 α
1006 3092 1127 3136 λήλων
1143 3090 1305 3139 πάροδον

234 3141 262 3174 C
279 3139 439 3172 alterutra
451 3139 510 3172 ubi
521 3139 729 3172 celebrentur
745 3150 766 3175 ς
781 3140 792 3180 ΙΙ
812 3141 832 3173 9
844 3138 1065 3184 πράττοντες
1075 3140 1174 3180 ΑΟς]
1192 3139 1305 3184 πράτ-

228 3197 304 3218 τειν
328 3185 439 3218 MLB
461 3185 474 3227 ΙΙ
501 3187 542 3219 10
566 3183 658 3226 θεῷ]
682 3184 736 3217 τοῦ
758 3183 839 3217 θεῶ
863 3185 895 3218 L
918 3185 930 3228 ΙΙ
955 3185 1082 3218 πᾶσαν
1104 3197 1163 3218 om.
1187 3182 1305 3227 4-1Ιαί-

230 3232 312 3262 τίαν
338 3230 367 3263 C
375 3243 406 3263 v.
421 3230 440 3262 l.
457 3229 471 3273 ΙΙ
491 3231 529 3264 11
553 3231 658 3262 ταυτὶ
687 3228 740 3272 011
759 3231 801 3263 12
825 3228 950 3274 ἐφεξῆς
974 3230 1003 3264 0
1023 3228 1029 3274 Ι
1048 3231 1087 3262 14
1109 3229 1305 3273 εἰσομένων

234 3274 261 3307 C
282 3274 295 3317 ΙΙ
324 3277 362 3309 15
377 3274 530 3308 τοιαῦτα
541 3275 656 3315 ABG]
680 3272 727 3307 τὰ
749 3274 899 3307 τοιαῦτα
917 3274 988 3308 ML
1018 3274 1024 3318 Ι
1050 3270 1144 3307 αὐτὰ
1166 3274 1304 3315 ABCe]

230 3315 332 3351 αὐτοὶ
356 3320 427 3352 ML
444 3319 457 3362 ΙΙ
476 3320 517 3354 16
541 3314 782 3362 ἀνεπιτίμητα
802 3319 834 3352 A
850 3319 863 3362 ΙΙ
879 3321 980 3362 μενεῖ
1001 3320 1030 3353 0
1036 3333 1065 3352 v.
1077 3322 1109 3361 1.‚
1123 3319 1154 3352 L
1182 3320 1305 3362 μένειν

230 3363 260 3395 A
277 3363 336 3406 1Ιεί
359 3360 409 3405 δὲ]
433 3365 492 3396 καὶ
516 3363 547 3396 εἰ
575 3364 627 3408 ΟΙΙ
651 3366 687 3398 1Ί
705 3365 895 3408 ἐπιχειρεῖν
919 3376 958 3397 τε
982 3365 1041 3397 καὶ
1063 3366 1306 3409 παραβαίνειν

230 3408 260 3440 Α
279 3412 291 3449 ΙΙ
316 3409 355 3442 18
378 3421 415 3442 τι
429 3409 507 3441 τῶν
522 3408 869 3452 νενομοθετημένων
881 3409 971 3451 ΜΒ]
995 3407 1042 3442 τὰ
1067 3409 1305 3452 νενομοθετη-

230 3453 320 3494 μένα
344 3453 406 3486 LA
435 3453 524 3495 quod
542 3454 703 3486 sancitum
728 3457 778 3486 est
802 3466 837 3495 ς,
868 3466 905 3487 τι
928 3467 986 3487 om.
1005 3454 1035 3488 0
1048 3455 1207 3498 plerique,
1232 3461 1306 3487 ante

231 3499 471 3540 παραβαίνειν
495 3499 564 3542 coll.
588 3499 617 3532 0
635 3498 745 3542 ιιηιιεΙΙ
773 3501 813 3533 19
836 3497 907 3544 γὰρ
930 3511 989 3534 om,
1009 3499 1072 3533 οο.
1085 3501 1105 3532 1.
1121 3498 1134 3543 ΙΙ
1152 3498 1215 3541 τῆς
1237 3498 1306 3532 νῦν

233 3538 474 3586 σφοδροτέραν
492 3543 562 3583 Ae]
586 3541 654 3585 ’τὴν
677 3543 744 3577 νῦν
767 3541 1012 3589 σφοδροτέραν
1024 3543 1134 3577 MLB
1155 3540 1305 3589 σφοδρο-

233 3587 339 3626 τέραν
354 3589 432 3619 νυνὶ
452 3587 482 3621 C
496 3589 508 3628 ΙΙ
524 3589 566 3621 20
579 3586 647 3630 τὴν
658 3588 787 3632 AC(e)]
812 3602 870 3622 om.
886 3589 995 3622 MLB
1012 3588 1025 3631 ΙΙ
1043 3590 1082 3622 21
1101 3587 1194 3621 εἶναι
1219 3589 1304 3631 0(ς)]

235 3627 326 3668 ἔχειν
338 3630 477 3664 MLAB
494 3630 508 3675 u
522 3630 586 3665 τὰς
602 3646 659 3665 om.
673 3634 704 3666 A
721 3634 733 3675 ΙΙ
751 3634 794 3667 22
808 3629 885 3675 δύο]
909 3630 1079 3677 δευτέραν
1099 3634 1150 3670 Ge
1161 3634 1281 3667 Theod.
1293 3633 1306 3676 ΙΙ

235 3672 428 3716 ἐφεστάναι
444 3677 494 3717 τε]
515 3674 710 3720 ἐφεστάναι
727 3674 767 3710 δὲ
778 3678 830 3712 B⁶
852 3680 912 3711 καὶ
928 3676 1125 3723 ἐφεστάναι
1141 3678 1170 3713 C
1181 3677 1194 3721 Ι
1211 3675 1305 3725 πύλῃ

235 3717 353 3750 „48⁶0
364 3718 378 3761 Ι
393 3719 435 3751 24
451 3719 531 3753 τοὺς
550 3716 828 3764 εύλαβεστάτους
840 3723 1015 3766 μοναχοὺς
1030 3722 1095 3756 LA
1110 3728 1122 3766 ΙΙ
1141 3723 1183 3757 25
1203 3723 1306 3768 ἐκφυ-

1372 2601 1450 2645 γεῖν
1465 2600 1494 2634 C
1508 2599 1520 2643 ΙΙ
1538 2601 1581 2635 26
1593 2600 1632 2633 ἐκ
1646 2613 1703 2634 om.
1717 2601 1747 2635 G
1759 2601 1772 2644 ΙΙ
1788 2602 1861 2634 ἔσω
1877 2601 1907 2636 0
1919 2601 1932 2645 ΙΙ
1948 2602 1990 2635 27
2004 2600 2108 2643 θεὸν]
2126 2599 2194 2635 ’τὸν
2206 2600 2299 2635 θεὸν
2310 2604 2343 2636 L
2358 2603 2371 2647 ss
2389 2604 2447 2647 ζη-

1373 2646 1525 2679 τοῦντας
1539 2657 1608 2679 cum
1626 2646 1819 2679 Haloandro
1836 2647 1921 2688 vulo.
1939 2648 1990 2686 (de
2006 2647 2036 2679 A
2054 2659 2115 2679 non
2132 2650 2266 2689 constat)
2283 2647 2296 2690 ss
2312 2650 2372 2681 καὶ
2388 2662 2445 2682 om·

1375 2691 1424 2722 B⁶
1440 2690 1452 2732 ΙΙ
1470 2686 1528 2722 διά
1553 2700 1659 2724 οντας
1673 2690 1810 2724 ἑαυτοῖς
1820 2692 1862 2731 A,
1888 2688 2119 2725 διασπῶντας
2136 2705 2193 2725 om.
2204 2692 2255 2725 B⁰
2268 2692 2283 2747 [Ι
2300 2694 2342 2727 28
2357 2691 2448 2736 μήτε

1373 2732 1437 2768 τὰς
1448 2733 1522 2779 πρά
1546 2745 1594 2768 εις
1607 2732 1700 2779 μήτε
1710 2734 1775 2769 τὰς
1786 2732 2026 2777 ἐπιτηδεύσεις
2038 2749 2096 2770 om.
2107 2736 2155 2769 B·
2172 2735 2185 2780 ΙΙ
2200 2747 2299 2771 τινας
2310 2737 2447 2783 ἑτέρους

1373 2780 1404 2812 Α
1422 2783 1433 2821 ΙΙ
1456 2781 1499 2814 29
1513 2778 1684 2827 γίνεσθαι
1707 2781 1736 2814 0
1762 2781 1902 2813 introire
1925 2792 1944 2816 ς
1962 2782 1974 2823 ΙΙ
1994 2793 2035 2814 τε
2055 2793 2112 2814 om.
2134 2782 2196 2815 C'v.
2212 2782 2231 2814 l.
2248 2783 2260 2824 ΙΙ
2286 2784 2330 2816 30
2351 2779 2444 2816 καθ’

1372 2821 1508 2870 ἡμέραν
1528 2826 1577 2859 Β*
1593 2825 1605 2862 ΙΙ
1623 2822 1782 2859 ἐάσωσιν
1806 2826 1835 2859 0
1855 2825 1868 2869 ΙΙ
1884 2820 1975 2877 ὅπερ
1997 2821 2062 2859 οὐκ
2079 2825 2132 2862 Ge
2153 2824 2281 2859 οἵτινες
2303 2829 2362 2859 καὶ
2382 2828 2414 2860 A
2434 2827 2447 2872 ΙΙ

1371 2871 1492 2912 μένειν
1515 2883 1572 2903 om.
1588 2871 1644 2910 M(
1650 2870 1718 2912 Bt)
1736 2869 1748 2914 ΙΙ
1764 2871 1803 2905 31
1823 2882 1991 2912 μοναχων
2011 2883 2068 2904 om.
2087 2871 2138 2907 0<
2153 2869 2167 2914 ss
2183 2870 2447 2915 παρασκευάσει

1372 2915 1436 3003 geu
1447 2915 1474 2994 113
1475 2915 1518 2948 32
1541 2913 1697 2994 θ’ριγκὲω
1714 2915 1771 2956 Μ]
1796 2914 1953 2961 θριγγίω
1978 2915 2009 2949 L
2039 2918 2185 2961 τριγχίῳ
2209 2916 2277 2950 AC
2302 2915 2445 2963 θ’ριγκῷ

1477 2962 1497 2994 3
1521 2956 1543 3002 ἢ
1565 2973 1623 2994 om.

1440 3050 1455 3082 1
1483 3048 1629 3090 aliquam
1657 3048 1707 3082 T¹
1735 3047 1748 3092 ΙΙ
1775 3048 1936 3090 quolibet]
1971 3048 2235 3082 testimoniorum
2267 3050 2343 3083 add.
2367 3053 2405 3084 ε·
2434 3051 2446 3094 Η

1371 3094 1644 3127 monasteriorum
1669 3098 1777 3137 tvutq.
1796 3094 1808 3137 ΙΙ
1823 3096 1845 3128 4
1860 3093 2032 3126 aedificata
2043 3094 2137 3127 Beck
2154 3093 2167 3138 ΙΙ
2182 3093 2445 3129 *habitationem

1372 3138 1538 3180 habentia]
1564 3138 1751 3172 habitantia
1767 3139 1821 3172 Tt
1834 3139 1997 3181 (habitata
2011 3139 2117 3182 ναῖς.)
2134 3137 2147 3182 ΙΙ
2170 3139 2191 3173 6
2211 3138 2377 3182 deponens
2399 3147 2412 3174 t
2432 3140 2444 3184 ΙΙ

1374 3186 1391 3217 7
1410 3184 1469 3226 qui
1484 3185 1572 3217 enim
1589 3192 1600 3217 t
1629 3185 1687 3226 qui
1703 3184 1765 3216 hoc
1784 3183 1835 3217 Τι
1853 3184 1866 3226 ΙΙ
1881 3183 2019 3224 *semel1
2042 3186 2143 3216 semet
2156 3184 2232 3217 libri
2246 3184 2259 3228 ΙΙ
2278 3185 2297 3218 8
2310 3194 2444 3218 conver-

1371 3229 1495 3275 sationi
1517 3228 1637 3294 nalal}
1659 3230 1679 3264 9
1704 3230 1737 3261 et
1759 3228 1807 3270 in]
1832 3230 1866 3261 et
1888 3241 1947 3262 om.
1961 3231 1997 3262 τ’*
2013 3228 2026 3271 ΙΙ
2044 3230 2086 3263 10
2109 3231 2217 3270 omne]
2239 3239 2306 3262 esso
2327 3230 2383 3272 ΤΙΙ
2402 3231 2440 3265 11

1371 3273 1560 3307 habitaculo
1585 3273 1618 3307 T
1649 3282 1660 3307 t
1685 3274 1698 3317 ΙΙ
1730 3275 1771 3308 12
1794 3273 1836 3307 ab
1865 3273 1943 3307 add.
1965 3275 2052 3317 vulq.
2078 3274 2091 3316 ΙΙ
2123 3274 2163 3307 13
2188 3273 2277 3306 enim
2301 3275 2360 3316 est]
2394 3277 2444 3308 est

1371 3319 1432 3351 hoc
1459 3320 1498 3360 T,
1536 3322 1585 3352 est
1607 3319 1696 3351 enim
1719 3319 1804 3362 vulq.
1829 3317 1841 3362 ΙΙ
1873 3318 2051 3351 studebant
2075 3325 2088 3351 t
2114 3317 2127 3362 ss
2155 3319 2371 3352 constitutum
2393 3321 2443 3352 est

1373 3363 1423 3396 T¹
1440 3362 1452 3407 ΙΙ
1479 3365 1521 3398 14
1544 3366 1699 3396 maneant
1723 3371 1735 3397 t
1757 3361 1770 3415 ΙΙ
1792 3363 1867 3396 *Et
1891 3365 2008 3397 addidi
2029 3365 2152 3403 (autem
2171 3371 2246 3407 poet
2267 3363 2342 3406 quis
2364 3364 2441 3397 add.

1369 3409 1468 3451 vulq.)
1484 3409 1496 3451 ΙΙ
1517 3410 1558 3443 16
1581 3418 1773 3452 praeuaoau
1798 3409 1831 3442 T
1848 3408 1854 3451 Ι
1875 3410 1912 3442 17
1938 3408 2037 3449 enim]
2060 3408 2124 3441 hoo
2147 3408 2180 3441 T
2187 3407 2198 3428 ¹
2215 3408 2228 3451 Β
2247 3409 2288 3444 18
2311 3407 2440 3450 quidem

1369 3452 1513 3495 primum
1531 3454 1564 3487 Τ
1571 3453 1609 3498 tu
1628 3455 1707 3494 non]
1730 3453 1767 3486 in
1794 3454 1826 3487 T
1845 3453 1852 3497 Ι
1875 3455 1916 3488 19
1930 3464 1998 3486 esse
2021 3453 2119 3496 only]
2143 3452 2246 3486 fuisse
2269 3453 2346 3486 libri
2357 3451 2370 3496 ΙΙ
2388 3452 2440 3485 in-

1370 3508 1499 3539 gressus
1513 3500 1613 3543 vu19.]
1630 3498 1796 3540 ingressos
1812 3498 1889 3532 libri
1903 3498 1917 3541 fl
1934 3499 1976 3532 20
1992 3498 2026 3530 et
2041 3500 2146 3530 castos
2163 3510 2221 3531 om.
2235 3504 2248 3530 t
2261 3496 2276 3541 Ι
2292 3497 2333 3531 21
2347 3498 2439 3530 testi-

1370 3543 1478 3583 moni,
1503 3555 1561 3575 om.
1583 3543 1663 3576 boni
1684 3551 1695 3577 t
1717 3544 1730 3586 u
1754 3543 1840 3585 *qui
1858 3545 1975 3585 neque]
2000 3542 2146 3584 quinque
2170 3541 2274 3584 libri!
2297 3542 2340 3575 22
2363 3553 2440 3575 con-

1371 3587 1466 3620 cedat
1490 3587 1545 3631 ΤΙΙ
1572 3588 1614 3622 23
1638 3588 1824 3629 *deseret-e]
1847 3597 1994 3630 segor-ere
2016 3589 2177 3629 (sategero
2193 3585 2241 3627 T)
2266 3586 2342 3619 libri
2362 3587 2375 3629 ll
2398 3589 2440 3623 25

1370 3632 1492 3674 studia]
1517 3632 1666 3666 custodia
1685 3633 1724 3676 tn
1742 3634 1785 3667 26
1801 3634 1908 3666 noctis
1926 3632 1958 3666 T
1965 3632 1977 3653 ¹
1992 3632 2005 3674 ΙΙ
2021 3631 2143 3670 sinant]
2167 3629 2220 3662 sin
2242 3633 2352 3663 autem
2380 3633 2411 3665 T
2429 3636 2433 3675 Ι

1373 3678 1413 3711 2Ί
1431 3679 1552 3710 rectam
1577 3679 1661 3722 vulq.
1679 3677 1692 3721 [1
1709 3677 1884 3710 uoluntate
1900 3675 1960 3721 Tfl
1974 3677 2017 3718 28
2033 3674 2170 3708 materia
2193 3682 2204 3707 t
2221 3674 2235 3720 u
2250 3676 2292 3710 29
2315 3675 2375 3709 alii
2397 3684 2409 3711 t

1371 3722 1472 3755 ianua
1497 3722 1529 3755 Τ
1536 3721 1547 3742 ¹
1579 3722 1714 3755 ianuam
1738 3722 1790 3756 2⁷²
