2618 4010
247 132 289 176 N
291 147 356 176 ov.
387 132 614 178 XXXVIII
644 146 706 189 pr.

463 364 641 418 ΠΕΡΙ
673 300 1123 423 BOAYH'AEYTSEN

282 430 466 484 ῼΣΤΕ
497 431 1040 487 ΕΝΝΑΟΥΓΚΙΟΝ
1073 430 1304 483 ΚΑΤΑ-

283 498 753 553 AIMIIANEIN
787 499 959 552 ΤΟΙΣ
995 496 1306 550 ΕΑΥΤῼΝ

404 566 875 621 ΒΟΥΛΕῩΤΑΙΣ
911 564 1192 618 ΠΑΙΣΙΝ.

255 845 292 883 ’0
322 844 428 883 αὐτὸς
459 847 626 892 βασιλεὺς
653 846 802 895 Ἰωάννῃ
837 847 891 891 τῷ
929 844 1154 900 ἐνδοξοτάτῳ
1189 842 1335 899 ἐπάρχῳ

257 894 334 928 τῶν
358 892 467 940 ἱερῶν
497 894 559 936 τῆς
575 890 649 927 ’Ἐω
674 896 912 939 πραιτωρίων
942 891 985 926 τὸ
1011 895 1037 935 β
1056 917 1065 934 ,
1089 889 1162 926 απὸ
1185 903 1338 926 υπατων
1353 893 1393 927 10

660 942 720 972 καὶ
739 940 931 983 πατρικίῳ.

301 1006 359 1060 <11
363 1018 384 1051 ρ
392 1019 411 1039 ο
421 1018 440 1039 ο
448 1008 463 1039 ι’
467 1019 494 1049 μ
503 1019 516 1038 ι
525 1005 603 1050 ον.>
643 1005 688 1040 Οἱ
702 1003 770 1058 την
786 1003 974 1056 πολιτείαν
987 1001 1091 1058 ,ἡμῖνῃ
1098 1000 1209 1038 πάλαι
1229 1015 1337 1055 κατα·

258 1061 454 1094 στησαντες
477 1046 657 1094 ᾠήθησαν
679 1063 807 1106 χρηναι
836 1062 929 1083 κατα
956 1061 1024 1090 την
1047 1059 1108 1102 της
1130 1046 1336 1092 βασιλευου-

1313 128 1397 178 246

2074 147 2134 180 ΒΕ
2164 145 2477 178 NATURALIBUS

1842 298 2044 336 XXXVIII.

1598 366 1652 415 R
1676 364 1770 414 DE
1796 367 2277 420 NATURALIBUS

1402 435 1475 482 IN
1495 433 1756 483 CURIAM
1772 434 2209 487 DEPUTANDIS
2232 437 2367 486 VEL
2387 437 2481 486 DE

1460 499 1980 550 DISTRIBUENDA
2013 502 2424 553 FACULTATE

2285 300 2393 336 Auth.
2414 299 2480 336 XL

1370 581 1389 613 5
1404 567 1784 617 OURIALIUM
1798 567 1872 616 IN
1885 568 2107 619 FILIOS
2123 570 2480 621 MASOULOS

1407 634 1539 685 SEU
1567 634 1794 683 FILIAS
1820 635 1961 685 VEL
1993 634 2060 685 SI
2085 636 2246 687 SINE
2279 638 2482 688 FILIIS

1404 702 1710 752 FUERINT
1736 700 2071 753 OURIALES
2101 704 2174 753 IN
2198 704 2484 764 QUOTAM

1540 769 1819 818 PARTEM
1855 767 2263 821 SUOGEDANT
2301 773 2354 822 R

1441 847 1530 892 Imp.
1555 845 1773 882 lastinianus
1797 846 1888 890 Aug.
1914 845 2065 882 Iohanni
2087 858 2147 892 pp.
2174 857 2240 894 per
2262 848 2453 885 Orientem.

1450 1002 1740 1049 (Praefatio.)
1787 1002 1855 1047 Qui
1886 1002 2143 1048 rempublicam
2173 1003 2258 1040 olim
2288 1005 2390 1041 nobis
2413 1006 2484 1042 dis-

1406 1052 1620 1094 posuerunt,
1652 1049 1929 1084 aestimaverunt
1960 1052 2125 1093 oportere
2148 1050 2342 1085 secundum
2368 1051 2486 1095 regiae

257 1106 320 1138 σης
350 1092 487 1150 πόλεως
517 1098 670 1139 μίμησιν
705 1094 880 1140 αθροῖσαι
914 1091 1010 1147 uest:
1043 1093 1197 1144 ἑζιαστην
1227 1089 1337 1126 πόλιν
1406 1094 1505 1130 urbis
1535 1094 1650 1129 instar
1680 1093 1839 1128 adunare
1868 1093 1907 1128 in
1937 1103 2152 1138 unaquaque
2184 1094 2326 1130 civitate
2349 1096 2486 1131 nobiles

256 1138 339 1174 τοὺς
381 1153 419 1174 ευ
441 1137 649 1218 ὸχςγςνότας
688 1142 748 1173 καὶ
791 1138 923 1182 ἑκάστη
966 1144 1167 1185 συγκλητον
1211 1134 1337 1171 δοῦναι
1354 1142 1392 1174 15
1405 1139 1500 1175 viros
1531 1141 1569 1175 et
1598 1138 1789 1183 unicuique
1818 1141 1964 1174 senatus
1995 1138 2080 1173 dare
2106 1138 2260 1181 curiam,
2293 1149 2358 1184 per
2381 1150 2487 1185 quam

464 1199 477 1218 ι

283 1182 364 1218 ουλ’

256 1188 404 1264 {fluxui
437 1241 478 1263 τε
510 1229 684 1276 γίνεσθαι
717 1229 810 1263 κατὰ
843 1228 947 1269 τάξιν
983 1241 1050 1271 την
1082 1238 1337 1273 προςηκουσαν.

257 1274 353 1308 οὕτω
377 1278 502 1309 τοίνυν
514 1273 568 1327 κτὸ
591 1275 739 1321 πρᾶγμα
761 1272 936 1317 ἤνθησεν,
969 1270 1083 1307 οὕτως
1114 1272 1228 1318 ἐφάνη
1251 1271 1338 1316 λαμ·

528 1195 567 1227 ης
601 1183 724 1226 ἔμελλε
758 1183 805 1218 τά
838 1197 878 1219 τε
902 1174 1070 1237 ’δημόσια
1105 1182 1338 1238 πράττεσθαι
1407 1184 1612 1220 debuissent
1635 1183 1693 1227 agi
1724 1193 1816 1227 quae
1848 1183 1994 1229 publica
2024 1186 2109 1219 sunt
2139 1187 2246 1237 atque
2270 1185 2388 1220 omnia
2410 1185 2488 1220 fieri

1407 1229 1603 1264 secundum
1634 1228 1795 1264 ordinem
1827 1232 2096 1273 competentem.
2158 1228 2216 1264 Sic
2245 1239 2399 1275 namque
2429 1240 2487 1266 res

1406 1273 1538 1318 floruit,
1571 1274 1623 1309 sic
1648 1274 1814 1318 apparuit
1838 1273 1946 1315 clara,
1977 1273 2029 1308 ita
2059 1278 2100 1308 ut
2124 1284 2273 1317 magnae
2305 1279 2341 1310 et
2372 1286 2418 1320 po
2446 1286 2486 1310 u-

258 1316 363 1364 πρόν,
389 1318 448 1355 ,ὠς
481 1329 544 1353 τας
578 1323 748 1366 μεγίστας
782 1332 823 1353 τε
857 1321 917 1352 καὶ
951 1314 1339 1364 πολυανθρωποτάτας
1406 1320 1507 1355 losae
1539 1319 1666 1354 domus
1699 1318 1885 1353 curialium
1913 1321 2049 1361 essent,
2087 1319 2314 1355 multitudine
2346 1320 2406 1364 qui
2432 1330 2487 1355 em

257 1365 370 1399 οἰκίας
392 1363 601 1408 βουλευτῶν
624 1363 734 1405 εἶναι,
768 1362 933 1406 πλήθους
954 1365 1021 1407 μὲν
1045 1362 1148 1397 ὄντος
1170 1363 1233 1396 τοῦ
1257 1365 1338 1405 βου·
1353 1366 1395 1398 20
1409 1364 1582 1399 existente
1606 1363 1805 1404 curialium,
1835 1362 1929 1407 quod
1953 1367 2072 1398 autem
2094 1363 2318 1399 functionum
2342 1364 2486 1400 videba-

258 1406 431 1450 λεύοντος,
455 1410 516 1452 τῆς
540 1406 580 1443 δὲ
604 1407 774 1451 δοκούσης
803 1408 895 1443 εἶναι
925 1409 1004 1442 τῶν
1028 1406 1339 1454 λειτουργημάτων

258 1453 458 1501 βαρύτητος
480 1451 600 1487 οὐδενὶ
626 1452 815 1488 παντελῶς
846 1451 1027 1500 ἀφορήτου
1051 1453 1338 1496 καθισταμένης·

258 1501 314 1542 τῷ
353 1498 399 1551 ᾲρ
423 1500 470 1534 εἰς
489 1498 630 1552 ulis-9³:09
654 1496 854 1552 διῃρῆσθαι
872 1499 914 1533 τὸ
934 1495 1339 1553 ἢάροςὶᾶνεπαίσθητον

1407 1413 1468 1444 tur
1498 1418 1576 1444 esse
1608 1419 1699 1443 onus
1736 1408 1825 1443 nulli
1861 1409 2001 1443 omnino
2034 1408 2255 1444 intolerabile
2290 1409 2487 1445 existebat:

1409 1464 1491 1488 nam
1516 1453 1611 1498 quod
1634 1453 1672 1488 in
1695 1453 1957 1488 multitudinem
1982 1453 2149 1488 dividitur
2172 1464 2262 1489 onus
2282 1454 2488 1490 insensibile

1408 1498 1663 1543 propemodum
1686 1498 1775 1533 facit
1800 1498 1861 1538 eis,
1892 1498 1953 1543 qui
1977 1498 2045 1534 hoc
2077 1498 2265 1533 sustinent.
2314 1499 2488 1544 Quoniam

259 1555 321 1587 σχε
345 1557 389 1578 ον
422 1547 496 1579 τοῖς
531 1557 640 1578 τουτο
674 1546 916 1588 υπομένουσιν
948 1557 1002 1586 ην.
1053 1545 1147 1577 Επεὶ
1178 1541 1218 1576 δὲ
1249 1540 1340 1575 κατὰ
1408 1547 1527 1578 autem
1550 1554 1615 1588 per
1638 1545 1758 1588 partes
1784 1543 1925 1587 quidam
1949 1546 2145 1587 coeperunt
2167 1553 2206 1578 se
2227 1544 2380 1579 eximere
2404 1545 2486 1579 albo

258 1592 363 1642 μέρος
384 1587 541 1634 ἤρξαντό
573 1600 667 1623 τινες
697 1587 841 1622 ἑαυτοὺς
873 1588 1028 1634 ἐξαιρεῖν
1058 1589 1137 1640 τῷν
1160 1586 1339 1631 βουλευτι-
1353 1591 1394 1624 25
1410 1589 1531 1623 curiae
1555 1591 1592 1623 et
1616 1589 1824 1624 occasiones
1848 1588 2006 1623 invenire
2036 1598 2099 1632 per
2123 1598 2211 1632 quas
2234 1588 2338 1624 liberi
2359 1590 2487 1624 harum

259 1647 338 1668 κων
368 1632 610 1677 λευκωμάτων
640 1636 699 1667 καὶ
731 1634 945 1680 ἐξευρίσκειν
977 1644 1171 1679 προφάσεις
1203 1629 1254 1666 δι’
1286 1630 1339 1666 ὡν

260 1690 339 1713 πως
355 1677 541 1723 ἐλεύθεροι
559 1677 702 1712 τούτων
720 1680 877 1719 ἔσονται,
897 1677 976 1712 εἶτα
995 1674 1077 1711 κατ’
1098 1674 1218 1724 ὀλίγον
1236 1673 1339 1720 ἠλατ-

259 1722 370 1766 τώθη
401 1723 447 1758 τὰ
477 1720 711 1769 βουλευτήρια
729 1727 880 1777 ἱμυρίων
910 1722 1179 1765 ἐπινοηθεισῶν
1202 1721 1339 1767 προφά-

1409 1633 1647 1675 efficerentur,
1673 1633 1724 1668 sic
1748 1633 1933 1677 paullatim
1958 1633 2161 1668 deminutae
2186 1638 2270 1668 sunt
2291 1634 2411 1669 curiae
2434 1635 2487 1669 in-

1409 1678 1565 1714 numeris
1598 1679 1808 1721 excogitatis
1842 1678 2108 1721 occasionibus,
2142 1688 2207 1723 per
2238 1688 2326 1722 quas
2349 1679 2486 1724 potuis-

1409 1727 1490 1759 sent
1513 1723 1684 1768 specialia
1708 1723 1849 1768 quidem
1872 1724 1962 1758 bene
1983 1723 2125 1764 habere,
2151 1724 2350 1759 communia
2370 1727 2489 1759 autem

260 1781 367 1810 σεων,
405 1769 444 1809 ἐξ
475 1759 530 1803 ὧν
552 1766 676 1812 ἔμελλε
697 1781 744 1802 τα
766 1770 833 1812 μὲν
856 1766 933 1802 ἰδιά
957 1765 1073 1802 καλῶς
1097 1767 1201 1808 ἕξειν,
1232 1766 1278 1801 τὰ
1302 1765 1341 1800 δὲ
1410 1772 1445 1803 et
1469 1769 1613 1813 publica
1637 1769 1792 1803 deminui
1815 1779 1880 1813 per
1899 1768 2028 1803 omnia.
2074 1768 2270 1812 Propterea
2286 1768 2332 1803 ad
2353 1779 2488 1814 paucos

260 1812 364 1848 κοινὰ
401 1817 462 1847 καὶ
497 1811 520 1847 ὃ

259 1859 370 1893 τοῦτο
400 1859 448 1894 εἰς
478 1856 524 1892 ἄν
548 1869 612 1904 ρας
642 1855 779 1910 ὅλίχους
811 1854 1034 1903 περιστάντα
1065 1856 1112 1891 τὰ
1143 1855 1281 1910 λειτουρ
1307 1855 1341 1900 ή-

569 1810 654 1847 ὀσια
690 1810 751 1847 διὰ
788 1811 942 1848 πάντων
977 1811 1233 1846 ἐλαττοῦσθαι.
1281 1810 1340 1845 διὰ
1354 1816 1396 1848 30
1410 1813 1503 1848 viros
1528 1814 1695 1848 redactae
1719 1813 1920 1848 functiones
1953 1817 1988 1848 et
2010 1813 2152 1848 illorum
2176 1814 2367 1849 facultates
2393 1825 2488 1849 com-

1408 1861 1606 1900 moverunt,
1640 1864 1675 1892 et
1707 1858 1866 1893 civitates
1898 1858 1949 1893 ita
1981 1858 2182 1894 deminutae
2214 1862 2314 1901 sunt,
2349 1863 2390 1894 ut
2420 1860 2488 1895 sub

259 1917 360 1956 pigra
390 1900 563 1938 κάκείνοις
592 1900 655 1936 τὰς
681 1906 804 1937 ovatae
831 1904 1015 1937 κατέσεισε
1046 1904 1106 1935 καὶ
1137 1913 1200 1936 τας
1222 1902 1271 1937 πό
1313 1914 1342 1936 ις
1410 1904 1500 1939 istos
1523 1903 1681 1948 perditos
1706 1903 1941 1938 conductores
1966 1913 2056 1947 quos
2080 1902 2237 1938 vindices
2261 1908 2392 1938 vocant
2409 1903 2489 1939 red-

261 1960 373 1983 ουτως
395 1945 615 1992 ἠλάττωσεν,
647 1943 736 1981 ὦςτε
765 1945 839 1982 ὑπὸ
869 1945 1015 1981 τούτους
1045 1946 1139 1980 εἶναι
1161 1947 1243 1980 τοὺς
1266 1946 1340 1982 ὀλε·

262 1994 399 2050 θ’ρίουξ.
411 1991 604 2047 μισᾷωτὰς
627 1991 686 2026 οὓς
709 1989 754 2035 δὴ
775 1990 940 2037 βίνὸικας
963 1990 1121 2025 καλοῦσι.
1163 1995 1340 2036 συμβέβη-

261 2052 324 2072 κεν
357 2051 422 2072 ουν
451 2051 494 2073 το
518 2036 717 2081 πολίτευμα
747 2035 881 2080 μεστὸν
903 2039 971 2081 μὲν
995 2034 1251 2080 ἐλλειμμάτων,
1280 2051 1341 2081 με·
1354 2041 1397 2074 35

261 2085 282 2119 1
328 2082 416 2118 στὸν
450 2081 491 2117 δὲ
524 2081 639 2125 πάσης
673 2079 811 2116 ἀδικίας
868 2081 1030 2116 ενέσθαι.
1095 2082 1213 2115 Ταῦτα
1244 2080 1340 2126 ἡμεῖς

262 2127 430 2163 πολλάκις
458 2124 740 2174 ἀνερευνώμενοι
769 2095 946 2170 ᾠήέημεν
975 2127 1103 2172 χρῆναι
1135 2125 1340 2172 θεραπείαν

1410 1952 1493 1984 acta
1517 1948 1617 1983 curia
1642 1948 1747 1992 plena
1771 1948 1912 1993 quidem
1933 1948 2142 1991 defectibus,
2168 1948 2274 1993 plena
2294 1959 2375 1984 vero
2395 1949 2490 1985 omni

1409 1993 1585 2028 iniustitia
1607 1993 1719 2028 fieret.

1408 2085 1431 2119 1
1475 2083 1576 2118 Haec
1599 2093 1665 2118 nos
1689 2092 1795 2136 saepe
1814 2084 2081 2134 perscrutantes
2103 2082 2364 2118 aestimavimus
2385 2094 2489 2128 opor-

1408 2132 1485 2163 tere
1509 2128 1680 2163 medelam
1712 2138 1764 2162 rel
1787 2128 1973 2172 adlnbere3
2008 2132 2043 2162 et
2066 2130 2239 2171 quantum
2269 2138 2335 2163 nos
2358 2127 2396 2162 in
2420 2127 2489 2164 hoc

318 2218 402 2252 Nov.
428 2218 648 2252 XXXVIII
665 2219 723 2259 (=
743 2218 896 2250 Authent.
918 2217 1010 2250 XL.-
1042 2217 1152 2258 9loss.‚
1180 2219 1227 2259 cf.
1254 2217 1380 2251 Biener
1408 2218 1523 2252 Gesch.
1549 2219 1606 2252 der
1630 2218 1715 2252 Nov.
1736 2231 1772 2262 p.
1797 2219 1877 2260 447)
1905 2218 2030 2252 Graece
2054 2225 2142 2252 extat
2165 2219 2199 2252 in
2223 2218 2304 2252 ML.
2331 2238 2372 2242 —
2396 2219 2487 2263 Epit.

263 2264 386 2298 ΤΙιεοᾰ.
399 2264 454 2306 38,
476 2264 598 2297 Athan.
613 2265 644 2304 8,
659 2270 681 2297 1.
729 2263 850 2296 Iulian.
873 2269 973 2295 const.
998 2261 1163 2295 XXXV.

1268 2382 1379 2419 XXX
1386 2382 1493 2419 VIII.
1542 2416 1545 2418 ,

479 2451 582 2504 DE
611 2450 1146 2503 DECURIONIBUS
1181 2450 1267 2501 UT
1293 2451 1530 2502 FILIIS
1560 2450 1719 2502 SUJS
1751 2449 2284 2502 DECURIONIBUS

861 2517 1322 2579 RELINQUANT
1347 2518 1442 2570 No
1453 2518 1598 2571 VEM
1634 2518 1897 2570 UNCIAS.

309 2598 411 2636 Idem
429 2599 615 2645 Auqustus
635 2595 797 2633 Iohanni
817 2597 1082 2644 qloriosissimo
1099 2597 1298 2644 praefecto
1318 2608 1424 2634 sacro
1449 2597 1606 2634 Orientis
1626 2598 1815 2644 praetorio
1840 2598 1981 2640 iterum,
2005 2597 2198 2634 exconsuli
2220 2600 2257 2633 et
2276 2597 2445 2644 patricio.

400 2665 665 2712 Praefatio.

723 2664 793 2708 Qui
827 2665 1086 2712 rempublicam
1122 2665 1227 2701 nobis
1262 2665 1348 2701 olim
1383 2665 1659 2707 constituerunt,
1695 2663 1745 2699 ad
1774 2663 2010 2700 imitationem
2045 2664 2146 2700 urbis
2179 2664 2303 2711 reqiae
2333 2664 2371 2699 in
2403 2675 2491 2699 una—

263 2724 338 2760 qua
365 2723 409 2748 ue
447 2711 591 2748 civitate
629 2710 728 2746 viros
763 2709 903 2746 nobiles
940 2710 1164 2756 colliqendos
1201 2710 1460 2746 existimarunt
1500 2713 1536 2745 et
1573 2709 1767 2755 unicuique
1806 2713 1970 2744 senatum
2010 2709 2169 2744 dandum
2208 2720 2278 2756 per
2315 2719 2419 2755 quem
2457 2714 2492 2744 et

262 2758 337 2806 pub
352 2757 410 2793 ica
433 2756 583 2803 neqotia
606 2755 870 2800 conficerentur
892 2759 928 2791 et
950 2755 1071 2790 omnia
1094 2760 1190 2790 recte
1213 2759 1323 2801 atque
1347 2754 1475 2791 ordine
1493 2754 1634 2800 fierent.
1686 2755 1804 2799 Atque
1827 2765 1871 2789 ea
1893 2765 1953 2789 res
1976 2754 2067 2789 adeo
2088 2754 2227 2800 floruit,
2259 2753 2349 2790 adeo
2372 2753 2491 2799 splen-

264 2802 352 2839 dida
374 2801 567 2849 apparuit,
599 2804 642 2836 ut
663 2800 845 2836 maximae
868 2804 987 2836 essent
1014 2804 1051 2836 et
1071 2800 1382 2847 populosissimam
1407 2799 1534 2835 domus
1557 2798 1767 2841 curialium,
1800 2809 1879 2834 cum
1903 2804 1938 2834 et
1959 2810 2094 2845 maqna
2125 2803 2218 2835 esset
2240 2798 2346 2846 copia
2373 2798 2492 2834 curia-

266 2848 352 2884 lium
382 2857 498 2894 neque
520 2856 706 2881 munerum
738 2844 839 2890 quod
867 2856 945 2881 esse
976 2844 1163 2881 videbatur
1195 2856 1287 2880 onus
1318 2845 1486 2892 cuiquam
1517 2844 1663 2879 omnino
1694 2843 1921 2879 intolerabile
1943 2849 2036 2879 esset
2041 2856 2055 2885 ;
2090 2855 2132 2879 eo
2163 2844 2177 2878 i
2203 2855 2245 2880 so
2270 2843 2363 2879 enim
2382 2843 2494 2895 ‘quod

264 2893 359 2928 inter
381 2901 553 2938 maqnum
583 2900 771 2926 numerum
803 2889 1029 2926 dividebatur
1058 2901 1149 2926 onus
1178 2891 1261 2936 fere
1291 2901 1365 2926 non
1396 2900 1509 2936 qrave
1539 2894 1619 2924 erat
1642 2889 1687 2924 iis
1717 2889 1781 2935 qui
1803 2888 1843 2923 id
1864 2889 2098 2925 sustinebant.

264 2937 425 2974 eximere
447 2947 525 2972 sese
553 2946 603 2971 ex
625 2934 709 2970 albo
734 2934 866 2986 curiali
888 2940 1086 2986 coeperunt
1115 2946 1316 2981 causasque
1338 2934 1500 2986 reperire
1523 2945 1597 2980 per
1620 2944 1713 3015 {uas
1740 2934 1842 2979 forte
1873 2934 1917 2969 ab
1942 2944 1984 2969 eo
2017 2933 2270 2976 liberarentur,
2303 2937 2376 2969 tum

267 2982 369 3019 latim
392 2981 596 3018 deminutae
626 2982 710 3015 sunt
733 2990 857 3016 curiae
885 2984 1057 3016 sescentis
1085 2980 1206 3016 causis
1228 2984 1460 3032 excoqztatzs,
1490 2990 1540 3015 ex
1563 2990 1623 3025 qui

2190 2889 2228 2924 bi
2248 2899 2334 2924 vero
2356 2888 2495 2934 sznquli

2427 2943 2491 2968 au-

1651 2990 1693 3014 us
1715 2983 1755 3013 ut
1771 2978 1943 3025 privatae
1967 2978 2110 3024 quidem
2133 2990 2193 3014 res
2216 2978 2302 3014 bene
2323 2989 2362 3014 se
2410 2977 2490 3014 abe-

264 3032 364 3069 rent,
399 3035 602 3063 communes
635 3035 720 3061 vero
756 3029 791 3060 et
822 3024 991 3071 publicae
1025 3025 1171 3060 omnino
1207 3025 1499 3060 deminuerentur
1533 3024 1658 3059 evenit.
1719 3023 1920 3070 Propterea
1953 3023 2003 3058 ad
2032 3034 2175 3075 paucos
2210 3023 2307 3059 viros
2342 3022 2492 3075 redacta

265 3083 416 3108 munera
439 3075 476 3107 et
497 3070 643 3106 illorum
667 3069 830 3116 ipsorum
854 3069 950 3105 bona
972 3073 1178 3106 everterunt
1205 3073 1242 3106 et
1263 3069 1426 3105 civitates
1449 3068 1540 3104 adeo
1564 3069 1830 3111 imminuerunt,
1865 3072 1906 3104 ut

1961 3067 2087 3104 erdaetis
2114 3068 2195 3104 istis
2222 3067 2490 3109 mercennariis,

265 3128 358 3199 quos
377 3116 521 3164 quidem
543 3114 702 3151 vindices
725 3119 866 3156 vocant,
889 3114 1147 3150 subicerentur.
1191 3113 1283 3150 Inde
1302 3114 1465 3160 contiqit,
1490 3118 1530 3150 ut
1549 3113 1755 3166 respublica
1778 3124 1857 3149 cum
1875 3113 1919 3148 de
1941 3113 2075 3149 ectibus
2100 3117 2173 3149 tum
2194 3112 2291 3148 omni
2314 3111 2491 3148 iniustitia

338 3161 550 3209 repleretur.

323 3255 344 3287 9
373 3249 519 3296 ἐπάρχῳ
550 3251 581 3284 L
606 3251 694 3291 Ata]
728 3246 877 3293 ὑπάρχῳ
904 3250 949 3283 Μ
978 3249 991 3293 11
1031 3251 1071 3283 10
1104 3247 1215 3283 aidan
1239 3249 1285 3282 L¹
1333 3249 1344 3291 11

271 3299 311 3331 12
340 3293 425 3341 ἡμῖν
449 3296 555 3337 MLe]
586 3292 690 3339 ἡμῶν
721 3297 772 3329 cit.
803 3295 921 3329 Theod.
942 3295 1018 3328 Aeh.
1049 3294 1062 3339 11
1099 3296 1139 3328 13
1169 3290 1344 3338 ὦὴθημεν

269 3343 315 3375 L¹
339 3342 352 3386 11
386 3345 425 3376 15
449 3338 581 3387 ἑκάστῃ
606 3340 694 3380 [1²5]
719 3336 875 3381 ἑκάστην
900 3339 988 3372 ML¹
1015 3338 1028 3392 11
1058 3341 1100 3373 20
1125 3340 1254 3373 οἰκείας
1282 3340 1308 3372 L
1333 3338 1343 3382 11

270 3388 312 3419 23
336 3387 389 3429 τῷ
404 3387 580 3430 Scrimyer]
604 3384 647 3419 τὸ
663 3385 756 3421 MLe
770 3383 782 3428 11
802 3385 844 3418 26
868 3382 1122 3427 λευκωματων]
1147 3382 1344 3428 λειτουργη-

268 3430 396 3472 μάτων
409 3431 456 3463 L²
471 3432 483 3473 11
502 3432 544 3464 28
563 3429 771 3471 ἑπινοηθεῒς
790 3429 831 3462 L¹
850 3428 863 3473 11
879 3430 921 3463 29
939 3426 1088 3472 ἤμελλεν
1101 3430 1131 3462 L
1148 3428 1160 3473 11
1179 3430 1221 3463 33
1237 3425 1342 3469 ὥστε]

271 3469 364 3506 ὥστε
387 3472 467 3508 τοὺς
491 3476 522 3508 L
547 3471 640 3508 ὥστε
664 3470 792 3508 αὐτοὺς
813 3474 1006 3507 Ηαὶοαηάεν
1021 3474 1033 3516 ΙΙ
1053 3476 1095 3508 34
1120 3475 1345 3517 συμβέβηκεν

272 3510 336 3551 οὖν
358 3517 399 3551 τὸ
424 3517 632 3562 πολίτευμα]
663 3519 797 3553 redacta
819 3518 913 3552 curia
937 3529 956 3554 ς
980 3519 1059 3552 baec
1079 3520 1245 3562 prioribus
1270 3530 1343 3552 con·

274 3563 401 3596 tinuans
423 3562 436 3605 11
460 3565 499 3597 37
527 3563 723 3609 θεραπείας
747 3563 794 3597 L¹

316 3652 339 3685 4
360 3650 587 3685 distributoris
606 3654 664 3697 Vfl
679 3656 700 3688 6
719 3655 747 3687 si
765 3667 824 3689 om.
847 3654 900 3688 Vt
916 3652 929 3699 Ι
951 3655 970 3687 7
992 3654 1095 3687 fuerit
1114 3652 1172 3698 Vfl
1187 3653 1223 3687 in
1243 3654 1343 3695 quota

270 3697 366 3740 parte
386 3695 419 3729 V
437 3694 450 3738 Ι
472 3696 492 3729 8
510 3697 690 3731 auooodunt
710 3699 762 3732 1⁷⁰
787 3698 801 3744 Ι
826 3701 866 3734 16
890 3708 957 3741 qua
977 3698 1017 3742 εΙΙ
1037 3701 1078 3734 16
1089 3711 1138 3742 sq.
1161 3697 1339 3732 secundum

621 3159 724 3195 Haec
746 3170 814 3195 nos
836 3159 921 3195 dum
943 3159 1090 3206 saepius
1116 3163 1401 3205 perscrutamur,
1426 3158 1638 3194 medicinam
1661 3169 1693 3194 et
1719 3158 1774 3194 rei
1796 3157 2035 3195 adhibendam
2058 3158 2326 3205 reputavimus;
2358 3160 2395 3192 et
2416 3165 2488 3202 quo

1413 3249 1563 3282 ordinem
1583 3250 1656 3282 fieri
1674 3257 1686 3283 t
1705 3248 1717 3294 11
1744 3251 1896 3291 namque]
1916 3250 2028 3291 itaque
2042 3250 2126 3293 vuly.
2146 3248 2158 3293 11
2175 3259 2210 3282 re
2231 3255 2244 3282 t
2265 3248 2279 3290 Ι
2303 3248 2344 3281 18
2357 3246 2487 3288 aperuit

1422 3295 1456 3327 V
1474 3293 1487 3338 11
1517 3296 1558 3328 19
1582 3295 1695 3328 domos
1719 3293 1839 3327 curiali
1863 3297 1973 3327 autem
1997 3297 2104 3326 essent
2132 3294 2165 3327 V
2186 3293 2200 3337 11
2229 3290 2374 3334 quidem]
2398 3291 2487 3331 quod

1415 3339 1545 3372 tNeob.
1572 3338 1584 3383 11
1607 3341 1649 3374 20
1671 3338 1847 3373 curialium
1868 3339 1925 3381 Vl!
1947 3338 2123 3372 uidebatur
2146 3338 2190 3379 V]
2213 3336 2367 3369 uideatur
2382 3334 2486 3369 Neob.

1413 3383 1555 3417 debeant
1568 3392 1580 3417 ε
1594 3385 1606 3427 11
1626 3386 1665 3418 21
1683 3395 1749 3418 esse
1763 3385 1870 3416 bonus
1890 3384 1928 3425 V,
1943 3397 1999 3417 om.
2014 3391 2026 3416 t
2039 3383 2141 3417 Neob.
2161 3377 2411 3424 [lintella-abile
2430 3379 2463 3412 V
2475 3379 2487 3422 11

1414 3430 1456 3462 22
1470 3428 1687 3462 multitudino
1704 3430 1733 3462 V
1748 3429 1760 3472 11
1776 3429 1883 3461 honus
1897 3429 1975 3462 libri
1988 3428 2000 3471 11
2019 3429 2061 3462 23
2074 3427 2166 3467 fauit]
2187 3426 2247 3469 leq.
2261 3423 2328 3456 fuit
2339 3424 2392 3456 vol
2402 3423 2463 3455 fit?
2475 3423 2488 3476 11

1414 3475 1457 3507 24
1476 3474 1610 3515 quidam
1630 3484 1687 3507 coe
1713 3476 1811 3507 erunt
1827 3474 1926 3517 only-1
1951 3473 2083 3515 quidem
2175 3470 2256 3502 runt
2275 3467 2401 3502 tNeob.
2427 3479 2486 3510 qui

1413 3518 1614 3561 deceperunt
1634 3520 1668 3552 V
1693 3518 1699 3562 1
1723 3520 1765 3553 25
1783 3518 1934 3551 invenire
1958 3530 2016 3551 om.
2038 3516 2070 3550 V
2089 3514 2103 3559 Ι
2125 3513 2234 3555 hberi]
2261 3514 2293 3546 in
2313 3513 2372 3545 hoc
2390 3525 2485 3547 voca-

1414 3564 1487 3596 bulo
1509 3565 1618 3606 deficit
1637 3571 1647 3597 t
1672 3565 1717 3607 (f.
1739 3565 1812 3606 86¹³)
1840 3563 1853 3607 11
1881 3564 1924 3597 26
1948 3561 2117 3595 deminuta
2143 3557 2208 3608 Vfl
2236 3559 2316 3608 sunt
2339 3570 2398 3590 om.
2420 3559 2451 3590 V
2473 3557 2485 3601 Ι

1413 3609 1455 3642 27
1481 3607 1602 3650 *quas1
1627 3619 1693 3650 qna
1713 3608 1817 3642 Neob.
1849 3618 1934 3649 qnae
1963 3606 1993 3638 V
2015 3605 2029 3647 Ι
2055 3604 2097 3638 28
2121 3601 2256 3644 spemah
2278 3602 2311 3634 V
2333 3600 2345 3646 11
2374 3605 2485 3636 autem

1413 3665 1471 3686 om.
1493 3653 1525 3684 V
1548 3653 1561 3697 11
1590 3655 1632 3687 29
1656 3652 1710 3694 εᾶ]
1741 3655 1774 3685 et
1801 3653 1880 3686 libri
1946 3651 1990 3684 30
2013 3648 2102 3680 uiro·
2125 3646 2181 3679 sed
2205 3648 2276 3679 acte
2301 3647 2485 3680 functionis

1421 3697 1478 3741 Vn
1494 3699 1532 3731 31
1549 3699 1597 3731 ita
1616 3711 1675 3732 om.
1689 3697 1792 3731 Ναοῦ.
1811 3696 1823 3740 11
1839 3697 1881 3730 33
1917 3691 2146 3728 simultatibus
2167 3690 2224 3735 Vll
2247 3693 2290 3726 34
2305 3691 2434 3726 iustitie
2458 3692 2492 3727 V
