2618 4010
139 122 199 153 DE
227 117 455 152 MANDATIS
487 115 732 150 PRINCIPUM

139 221 163 257 8
183 213 246 267 (ἶ)
292 219 370 266 ρῶν
392 215 609 265 φυλάττοντι
632 217 711 251 τῶν
740 217 882 265 χειρῶν.
979 218 1147 253 Τοιοῦτον
1179 216 1219 251 δὲ

140 264 305 311 παρέξεις
335 262 470 299 σαυτὸν
504 259 620 298 ἅπασι
651 261 806 306 δημοσίᾳ
836 275 877 297 τε
906 263 967 297 καὶ
998 260 1092 307 ἰδίᾳ,
1130 259 1218 297 ὤςτε

140 307 399 366 φοβερώτατον
431 310 499 354 μὲν
534 308 627 342 εἶναι
661 310 734 342 τοῖς
770 305 1014 355 ἁμαρτάνουσι
1049 312 1109 343 καὶ
1144 312 1218 343 τοῖς

139 356 389 404 αγνωμονοῦσι
419 353 507 400 πρὸς
535 352 576 388 τὸ
607 351 789 397 δημόσιον,
820 351 1055 401 ἡμερώτατον
1086 352 1127 388 δὲ
1157 356 1218 387 καὶ

140 403 258 446 πρᾷον
280 396 393 435 ἅπασι
417 402 491 434 τοῖς
522 401 793 442 έπιεικεστέροις
816 402 876 432 καὶ
906 397 1125 447 εὐγνώμοσι,
1158 402 1217 432 καὶ

140 445 318 494 πατρικὴν
342 441 459 479 αὐτοῖς
483 443 629 491 εἰςάγειν
654 443 843 490 πρόνοιαν.

1228 100 1300 148 121

1977 102 2085 147 Nov.
2116 102 2238 146 XVH
2255 106 2362 146 5—7

1285 216 1311 253 3
1356 217 1457 262 puris
1482 217 1645 252 servante
1668 214 1842 250 manibus.
1936 215 2061 251 Talem
2077 224 2160 251 vero
2178 214 2366 260 praebebis

1286 263 1511 308 temetipsum
1530 261 1693 297 omnibus
1712 261 1854 305 publice
1878 262 1914 296 et
1937 261 2112 306 privatim,
2136 263 2178 296 ut
2199 260 2365 295 terribilis

1286 308 1425 353 quidem
1455 308 1503 343 sis
1533 306 1818 351 delinquentibus
1843 309 1879 340 et
1901 306 2074 342 indevotis
2099 306 2195 342 circa
2217 306 2365 346 fiscalia,

1286 352 1591 389 mansuetissimus
1617 355 1738 386 autem
1769 355 1804 385 et
1834 351 1928 386 mitis
1961 353 2124 388 omnibus
2156 351 2306 396 placidis
2331 355 2367 386 et

1254 403 1272 434 5
1287 399 1423 434 devotis
1446 402 1483 434 et
1507 401 1692 442 paternam
1717 396 1769 432 eis
1793 396 1965 432 exhibens
1989 397 2257 442 providentiam.

1136 511 1292 579 CAPUT
1318 535 1388 588 vn
1413 505 1420 515 ’

184 595 249 650 (H)
292 601 396 638 Ἀλλὰ
426 600 517 648 μηδὲ
543 600 689 636 τούτους
713 600 758 645 δὴ
789 601 871 636 τούς
899 602 1133 647 καλουμένους
1166 602 1251 650 λό-;
1283 615 1291 630 s

139 661 220 697 γους
244 653 438 695 προχείρως
463 646 604 682 διδόναι
636 645 806 682 σπεύδειν
830 644 851 690 ἢ
873 650 933 682 ἐπὶ
964 647 1114 682 πλείονα
1141 647 1244 695 xpri-‘¹‘

141 708 216 737 νον,
240 694 330 729 ἀλλὰ
349 698 409 728 καὶ
431 691 513 738 μετ’
533 693 726 732 ἐξετάσεως
745 696 804 726 καὶ
825 694 865 727 ἐν
886 690 1005 740 χρόνῳ
1030 697 1219 747 συμμέτρῳ
1240 696 1247 729 ,⁸

1333 589 1409 637 ‘Sed-
1428 594 1542 647 n'eque
1564 600 1655 636 haec
1680 609 1770 645 quae
1794 600 1961 636 dicuntur
1980 601 2087 636 verba
2110 601 2159 639 (id
2183 603 2240 636 est
2257 601 2367 636 iusiu-

1289 648 1452 699 randum)
1476 650 1639 692 prompte
1661 646 1749 698 dare
1771 646 1917 681 festines
1942 651 2005 698 saut
2039 646 2191 690 amplius
2214 650 2367 698 tempus:

1290 693 1352 728 sed
1384 696 1420 728 et
1451 703 1532 728 cum
1556 691 1815 727 examinatione
1839 691 1908 737 (et)
1940 703 1976 726 1n
2009 693 2170 736 tempore
2200 691 2370 727 mediocri

141 743 200 793 καὶ
224 738 567 793 οὖχὶὑπερβαίνοντι
591 737 784 784 τριάκοντα
808 738 1043 786 προθεσμίαν
1066 740 1220 792 ημερῶν,
1237 742 1275 773 10
1290 742 1325 773 et
1348 749 1421 773 non
1444 736 1719 773 transcendente
1742 736 1889 781 triginta
1910 736 2047 771 dierum
2068 736 2236 778 indutias,
2261 747 2306 771 ne
2327 746 2371 771 ex

143 797 230 819 ωςτε
259 799 308 830 μη
336 785 511 819 ἐντεῦθεν
538 783 758 831 ἀπεράντους
780 782 872 816 εἶναι
903 786 975 817 τοῖς
1007 782 1221 829 ἄνθρωποις

141 830 201 865 τὰς
233 830 320 878 πρὸς
352 829 496 864 ἑαυτοὺς
525 828 752 875 φιλονεικίας.
798 828 845 862 Εἰ
876 825 917 861 δὲ
945 831 1009 862 καί
1034 841 1119 863 τινα
1149 826 1220 863 ὑπὸ

141 875 207 910 τὸν
238 873 457 920 καλούμενον
490 872 595 922 λόγον
618 873 802 929 ποιήσαιο,
834 870 910 909 εἶτά
941 885 995 908 τις
1026 872 1220 921 προςέλθοι

141 917 222 955 κατ’
251 919 379 962 αὗτοῖι,
410 919 501 961 ἄξεις
524 922 590 964 μὲν
614 918 735 960 αὐτον,
769 917 962 972 φυλάττων
985 917 1049 953 τὸν
1078 917 1219 963 δεδομέ-

1278 778 1357 818 *hoc
1380 783 1541 818 infinitae
1564 783 1635 817 sint
1654 782 1856 818 hominibus
1876 781 1922 816 ad
1942 782 2091 817 invicem
2114 782 2370 817 contentiones.

1289 829 1327 862 Si
1351 839 1432 864 vero
1457 828 1564 863 etiam
1588 828 1740 872 aliquem
1764 828 1832 863 sub
1864 831 2073 872 nuncupato
2097 828 2204 862 verbo
2231 827 2369 869 feceris,

1290 874 1416 909 deinde
1440 874 1567 918 aliquis
1592 873 1718 908 adierit
1742 873 1911 908 adversus
1936 883 2026 916 eum,
2052 873 2206 908 deduces
2231 871 2371 916 quidem

1289 929 1385 962 eum,
1420 918 1623 954 custodiens
1657 918 1778 953 datum
1803 919 1835 953 ei
1856 918 2019 961 verbum,
2049 918 2120 964 <et>
2152 917 2371 953 examinabis

142 980 207 1001 νον
231 964 330 1010 αὐτῷ
361 964 476 1020 λόγον,
507 962 680 1006 ἐξετάσεις
709 962 749 998 δὲ
778 977 845 1006 την
868 961 1052 999 ὑπόθεσιν
1075 965 1138 998 τοῦ
1165 962 1219 998 λό-
1238 968 1275 1000 15
1290 964 1471 1008 negotium
1494 964 1602 999 verbo
1626 964 1757 1008 ubique
1781 967 1933 1006 servato,
1958 967 1995 998 et
2015 963 2046 998 si
2066 964 2172 998 etiam
2193 962 2373 998 sententia

141 1025 205 1059 yov
228 1023 435 1054 πανταχοσε
459 1013 673 1053 σωζομένου,
698 1012 758 1042 καὶ
781 1010 880 1054 εἴπερ
905 1012 964 1043 καὶ
1019 1009 1110 1056 ήφου
1134 1007 1216 1044 κατ’

144 1056 251 1091 αὐτοῦ
282 1055 433 1100 δεήσειε,
462 1053 710 1090 καταδικάσεις
741 1053 863 1095 αὐτόν,
898 1058 957 1089 καὶ
1010 1058 1088 1088 υοῖν
1121 1053 1219 1098 αὐτῷ

143 1101 340 1149 προθήσεις
364 1103 511 1149 αἵρεσιν,
541 1097 563 1143 ἢ
587 1101 618 1133 εἰ
640 1097 808 1143 βούλεται
832 1101 885 1143 τῷ
912 1097 1092 1144 δεδομένῳ
1126 1099 1219 1147 λόγῳ

143 1149 318 1195 καθαρῶς
346 1145 512 1182 ἀπειπεῖν
535 1148 594 1179 καὶ
618 1145 759 1199 πρᾶξαι)
776 1143 822 1178 τά
846 1145 1042 1199 κριθέντα,
1075 1143 1097 1189 ἢ
1121 1146 1152 1179 εἰ
1174 1145 1223 1189 μὴ

1291 1014 1417 1044 contra
1452 1019 1532 1044 eum
1568 1010 1771 1044 necessaria
1806 1009 1871 1051 sit,
1909 1008 2162 1044 condemnabis
2198 1019 2300 1049 eum,
2337 1011 2374 1042 et

1293 1055 1444 1089 duorum
1468 1064 1648 1099 propones
1667 1055 1887 1096 electionem,
1911 1058 2032 1089 utrum
2051 1054 2135 1089 velit
2155 1054 2240 1089 dato
2264 1053 2372 1088 verbo

1291 1100 1455 1148 absolute
1479 1100 1731 1134 abrenuntiare
1764 1103 1800 1134 et
1830 1109 1934 1144 agere
1966 1109 2056 1144 quae
2086 1099 2245 1134 iudicata
2278 1101 2373 1140 sunt,

1293 1156 1339 1180 an
1362 1156 1445 1180 non.
1496 1145 1599 1179 Certe
1623 1145 1654 1178 si
1677 1155 1750 1179 non
1773 1145 1859 1188 hoc,
1884 1146 1996 1179 sacris
2021 1155 2100 1179 eum
2133 1144 2293 1179 terminis
2317 1154 2373 1177 re-

143 1194 260 1235 τοῦτο,
283 1195 355 1227 τοῖς
377 1192 479 1246 ἱεροῖς
502 1188 612 1224 αὐτὸν
630 1202 722 1236 οροις
740 1202 1058 1234 αποκαταστησεις,
1083 1188 1222 1224 κάκεῖσε
1235 1194 1278 1226 20
1292 1191 1429 1232 stitues,
1454 1191 1490 1224 et
1512 1189 1563 1224 ibi
1587 1190 1831 1224 executionem
1855 1190 1986 1224 inferes
2010 1192 2207 1235 temperate
2236 1193 2272 1225 et
2294 1199 2374 1225 cum

143 1238 209 1272 τὸν
234 1240 456 1283 ἐκβιβασμον
480 1232 619 1275 ἐπάξεις
635 1235 833 1281 σωφρόνως
856 1239 916 1269 καὶ
932 1235 1023 1280 μετὰ
1042 1237 1104 1280 τῆς
1127 1233 1221 1282 ὀφει-

144 1282 268 1327 λούσης
291 1285 364 1317 τοῖς
386 1279 550 1327 εὐαγέσιν
574 1278 668 1328 ὅροις
693 1279 822 1316 αἰδοῦς.

1291 1236 1412 1271 debita
1436 1234 1698 1271 venerabilibus
1722 1235 1811 1270 locis
1836 1235 2043 1271 reverentia.

1122 1373 1280 1410 CAPUT
1312 1373 1393 1410 VII.

186 1433 250 1487 <ὂ>
297 1439 386 1476 Οὔτε
416 1439 456 1474 δὲ
487 1438 722 1487 ἀνδροφόνοις
751 1438 834 1475 οὔτε
863 1444 997 1485 μοιχοῖς
1029 1438 1111 1475 οὔτε
1135 1454 1224 1488 παρ·

142 1487 269 1520 θένων
291 1483 450 1533 ἅρπαξιν
479 1483 552 1530 ἁμα
577 1483 724 1520 τάνουσι
755 1485 823 1530 τὴν
854 1488 893 1519 ἐκ
923 1488 1001 1521 τῶν
1032 1483 1131 1533 ὅρων
1161 1501 1225 1532 φυ-

144 1530 258 1571 λὰξεις
280 1530 489 1577 ἀσφάλειαν,
511 1499 577 1565 άλῖ

144 1581 226 1623 ρίαν
250 1575 369 1611 αὐτοῖς
397 1575 547 1617 ἐπάξεις.
596 1574 645 1610 Οὐ
667 1576 735 1623 γάρ
759 1578 837 1611 τῶν
869 1576 915 1611 τὰ
940 1578 1091 1612 τοιαῦτα
1114 1591 1224 1623 αμαρ-

142 1618 334 1656 τανόντων
360 1620 556 1668 φείδεσθαι
582 1620 764 1668 προςήκει,
797 1620 885 1655 ἀλλὰ
908 1624 986 1656 τῶν
1010 1620 1224 1670 περιόντων,

143 1669 203 1700 ἵνα
236 1666 286 1712 μὴ
320 1668 471 1701 τοιαῦτα
505 1665 575 1701 ὑπὸ
610 1668 689 1701 τῶν
722 1666 997 1713 τολμηροτέρων
1038 1667 1223 1710 πάσχοιεν·

143 1711 258 1746 ἄλλως
288 1725 327 1746 τε
350 1710 371 1756 ἡ
396 1715 433 1746 ἐκ
463 1713 541 1746 τῶν
573 1712 681 1758 ἱερῶν
705 1710 882 1758 ἀσφάλεια
913 1711 953 1746 οὐ
985 1716 1058 1747 τοῖς
1086 1711 1224 1747 ἀδικοῦ-

1340 1440 1465 1486 Neque
1484 1442 1603 1475 autem
1626 1439 1813 1475 homicidis
1837 1448 1952 1484 neque
1975 1439 2146 1475 adulteris
2169 1450 2283 1484 neque
2306 1440 2375 1474 vir—

1294 1486 1416 1531 ginum
1439 1485 1646 1530 raptoribus
1671 1485 1958 1530 delinquentibus
1991 1486 2223 1521 terminorum
2256 1489 2376 1520 custo-

578 1530 602 1564 ὰ
626 1530 797 1565 κάκεῖθεν
821 1530 1014 1572 ἐξελκύσεις
1030 1535 1089 1566 καὶ
1114 1546 1224 1586 τιμω-
1239 1535 1280 1568 25
1295 1532 1370 1567 dies
1395 1531 1581 1574 cautelam,
1605 1530 1669 1566 sed
1692 1530 1798 1566 etiam
1819 1530 1901 1565 inde
1922 1531 2088 1566 extrahes
2110 1534 2146 1566 et
2163 1531 2377 1576 supplicium

1294 1577 1346 1612 eis
1369 1577 1513 1612 inferes.
1560 1576 1643 1612 Non
1674 1576 1766 1611 enim
1798 1576 1886 1611 talia
1910 1576 2196 1621 delinquentibus
2227 1586 2377 1621 parcere

1296 1622 1484 1667 competit,
1518 1622 1580 1657 sed
1611 1622 1896 1666 obpatientibus,
1936 1626 1976 1656 ut
2004 1633 2077 1657 non
2107 1622 2196 1656 talia
2219 1632 2241 1656 a
2273 1632 2376 1666 prae-

1295 1668 1539 1713 sumptoribus
1574 1667 1769 1712 patiantur.
1817 1667 1955 1702 Deinde
1990 1667 2203 1712 templorum
2237 1667 2379 1702 cautela

1294 1724 1368 1749 non
1391 1713 1616 1754 nocentibus,
1641 1713 1703 1748 sed
1727 1712 1834 1747 laesis
1859 1712 1965 1748 datur
1989 1723 2011 1748 a
2034 1713 2129 1757 lege,
2154 1715 2191 1747 et
2215 1723 2288 1748 non
2312 1713 2380 1747 erit

144 1770 215 1799 σιν,
241 1755 330 1792 ἀλλὰ
356 1761 429 1792 τοῖς
452 1755 695 1810 ἀδικουμένοις
721 1756 866 1792 δέδοται
893 1758 992 1805 παρὰ
1015 1759 1078 1793 τοῦ
1103 1759 1224 1803 νόμου,
1239 1761 1281 1793 30
1294 1758 1465 1804 possibile
1488 1761 1679 1803 utrumque
1704 1758 1797 1792 tueri
1830 1758 1970 1793 cautela
2002 1769 2186 1794 sacrorum
2217 1759 2381 1794 locorum

143 1806 203 1836 καὶ
220 1803 282 1836 οὐκ
301 1801 348 1837 ἂν
368 1803 419 1846 εἴη
436 1801 595 1836 δυνατόν
614 1799 782 1848 ἑκάτερον
797 1804 1046 1851 ἰσχυρίζεσθαι
1061 1805 1106 1851 τῇ
1127 1804 1226 1849 παρὰ

143 1848 226 1892 τῶν-
245 1845 389 1882 ἇσύλων
416 1847 544 1883 τόπων
567 1845 756 1893 ἀσφαλείᾳ,
781 1851 840 1881 καὶ
866 1847 931 1882 τὸν
951 1847 1146 1883 ἀδικοῦντα
1166 1852 1225 1883 καὶ

144 1895 162 1928 1
187 1894 234 1938 <Ι>
279 1892 343 1928 τὸν
367 1891 612 1938 ἀδικούμενον.
703 1893 769 1926 Τὰς
792 1891 832 1927 δὲ
855 1894 934 1927 τῶν
954 1893 1138 1939 δημοσίων
1163 1893 1223 1940 φό-

145 1952 220 1986 ρων
244 1938 435 1986 εἰςπράξεις
465 1941 525 1972 καὶ
554 1936 661 1972 ἔνδον
684 1939 763 1972 τῶν
796 1938 906 1985 ἱερῶν
938 1941 1111 1993 γίνεσθαι
1135 1939 1226 1984 μετὰ

1294 1807 1331 1839 e't
1354 1804 1553 1839 laedentem
1577 1806 1613 1839 et
1636 1804 1782 1838 laesum.

1293 1896 1314 1930 1
1360 1894 1592 1930 Publicorum
1623 1904 1706 1929 vero
1738 1894 1951 1928 tributorum
1985 1894 2189 1930 exactiones
2219 1896 2255 1929 et
2285 1895 2378 1929 intra

1294 1940 1429 1985 templa
1454 1940 1621 1975 decenter
1644 1940 1722 1974 fieri
1741 1940 1987 1985 praeparabis,
2013 1940 2180 1985 quoniam
2203 1940 2378 1975 fiscalium

144 1996 207 2017 του
229 1987 429 2038 πρέποντος
447 1982 736 2030 παρασκευάσειε,
763 1982 956 2031 ἐπειδήπερ
977 1999 996 2019 ο
1013 1986 1091 2019 τῶν
1116 1983 1220 2041 δῃμο-
1236 1988 1276 2021 35
1291 1986 1382 2021 ratio
1403 1989 1439 2021 et
1455 1985 1626 2022 militibus
1644 1988 1680 2020 et
1696 1985 1844 2030 privatis
1861 1985 2019 2030 ipsisque
2043 1986 2186 2031 templis
2210 1989 2247 2021 et
2269 1996 2377 2021 cunc-

145 2033 238 2062 σίων
263 2028 362 2076 λογος
385 2032 444 2063 καὶ
468 2025 708 2076 στρατιώταις
732 2032 791 2062 καὶ
816 2027 988 2072 ἰδιώταις,
1021 2034 1082 2064 καὶ
1106 2034 1226 2065 αυτοῖς

190 2135 262 2166 cap.
295 2122 368 2155 VII
389 2134 440 2164 pr.
466 2121 561 2153 habet
585 2120 736 2154 Nomoc.d
760 2121 863 2155 XIV
881 2123 927 2155 tit.
953 2124 985 2164 9,
1010 2124 1070 2161 30;
1105 2124 1242 2157 eiusdem
1265 2125 1468 2157 summarium
1495 2123 1546 2156 ΒΤ
1567 2126 1598 2162 5,
1623 2130 1649 2164 1,
1677 2130 1709 2156 12
1734 2123 1787 2164 (ex
1812 2123 1947 2164 Alban„
1978 2123 2045 2156 vid.
2070 2136 2106 2167 p.
2131 2124 2191 2157 191
2219 2123 2377 2164 Heimb.);

146 2169 188 2212 cs:
214 2168 344 2201 Nomoc.
369 2167 471 2200 XIV
489 2167 534 2199 tit.
561 2167 581 2199 l.
603 2179 629 2198 c.

145 2280 172 2316 3
216 2290 398 2315 assessore
429 2279 541 2313 uteris
570 2277 683 2323 leqem
712 2281 747 2311 et
777 2278 954 2312 iustitiam
986 2288 1066 2312 cum
1090 2279 1201 2323 puris
1232 2279 1397 2313 manibus
1428 2282 1629 2313 servaturo.

1743 2278 1865 2314 Talem
1889 2283 2007 2315 autem
2032 2284 2138 2316 temet
2160 2280 2323 2316 omnibus
2345 2284 2381 2316 et

141 2324 287 2371 publice
309 2328 346 2358 et
368 2323 544 2368 privatim
562 2321 789 2367 praestabis,
821 2325 863 2356 ut
886 2322 1045 2356 maxime
1069 2322 1280 2357 metuendus
1302 2324 1354 2357 sis
1378 2322 1666 2368 delinquentibus
1688 2326 1725 2358 et
1752 2324 1924 2359 adversus
1944 2325 2072 2369 fiscum
2097 2326 2379 2368 contumacibus,

147 2369 454 2404 mansuetissimus
476 2377 560 2402 vero
586 2370 622 2401 et
643 2366 741 2401 mitis
764 2366 928 2401 omnibus
955 2366 1081 2412 probis
1104 2371 1140 2401 et
1159 2367 1340 2412 officiosis
1364 2368 1480 2413 iisque
1493 2371 1690 2413 paternam
1714 2378 1839 2403 curam
1858 2369 2055 2415 impertias.

282 2413 344 2448 VI.
392 2411 465 2447 Sed
486 2422 530 2446 ne
550 2410 659 2456 fidem
684 2411 826 2456 quidem
844 2410 1031 2456 publicam
1058 2411 1159 2446 illam
1182 2431 1227 2436 —
1249 2413 1316 2457 qui
1339 2416 1517 2447 vocantur
1546 2411 1642 2458 λόγοι
1666 2433 1711 2438 —-
1732 2415 1940 2460 promptius
1963 2414 2053 2450 dare
2082 2419 2148 2451 aut
2169 2416 2207 2450 in
2234 2415 2380 2467 lonqius

151 2464 289 2505 tempus
306 2467 495 2503 properes,
519 2455 584 2491 sed
598 2460 633 2491 et
649 2466 728 2490 cum
749 2456 916 2490 examine
934 2460 970 2490 et
984 2456 1023 2490 in
1045 2460 1184 2502 tempus
1201 2467 1402 2503 conqruum
1420 2461 1456 2492 et

1530 2457 1578 2492 od
1601 2468 1675 2492 non
1699 2458 1856 2493 excedat
1880 2459 2031 2505 triqinta
2049 2460 2187 2495 dierum
2207 2472 2226 2495 s
2250 2466 2378 2503 atium,

1504 2468 1527 2491 u

149 2516 193 2539 ne
218 2504 382 2548 infinitae
405 2501 489 2536 hinc
509 2502 672 2536 existant
699 2500 882 2535 hominum
907 2501 1001 2536 inter
1023 2512 1062 2536 se
1086 2502 1343 2537 contentiones.
1391 2468 1529 2545 Quodsi
1549 2513 1656 2549 quem
1680 2503 1788 2538 etiam
1814 2501 1908 2550 λόγῳ
1933 2505 1999 2550 qui
2019 2505 2152 2540 dicitur
2175 2517 2218 2540 su
2242 2507 2378 2548 ieceris,

149 2554 184 2584 et
201 2548 328 2584 deinde
344 2548 426 2592 quis
449 2557 527 2582 eum
547 2546 746 2587 conveniat,
767 2546 805 2580 in
826 2547 882 2580 ius
906 2546 1048 2591 quidem
1065 2546 1173 2581 duces
1196 2558 1287 2589 eum,
1309 2546 1514 2582 custodiens
1534 2551 1656 2582 datam
1681 2548 1714 2582 ei
1730 2548 1851 2592 fidem,
1875 2550 2103 2586 examinabis
2126 2556 2246 2586 autem
2269 2562 2379 2597 arqu-

149 2598 303 2629 mentum
324 2592 398 2638 fide
420 2591 464 2627 ab
490 2591 587 2626 omni
611 2595 718 2641 parte
740 2595 897 2632 servata,
921 2595 957 2626 et
978 2591 1012 2625 si
1042 2591 1185 2637 quidem
1213 2593 1320 2627 etiam
1348 2593 1529 2628 sententia
1553 2596 1681 2627 contra
1705 2604 1784 2628 eum
1810 2605 1903 2640 opus
1925 2595 1991 2637 sit,
2021 2595 2275 2631 condemnabis
2300 2608 2380 2631 eum

149 2643 185 2674 et
207 2638 362 2673 duarum
385 2638 419 2672 ei
442 2647 563 2672 rerum
589 2647 609 2670 o
641 2640 771 2671 tionem
789 2647 1000 2682 propones,
1033 2637 1107 2672 sive
1136 2637 1221 2672 velit
1243 2637 1350 2672 datae
1370 2637 1460 2682 fidei
1474 2648 1572 2683 pure
1592 2639 1803 2674 renuntiare
1827 2643 1860 2674 et
1881 2639 2010 2684 facere
2032 2640 2212 2683 iudicata,
2245 2641 2319 2677 sive
2342 2642 2382 2676 id

150 2684 259 2723 nolit,
286 2683 403 2718 sacris
426 2693 505 2717 eum
526 2681 594 2726 fini
618 2691 661 2715 us
684 2681 862 2723 restitues,
888 2685 997 2727 atque
1016 2682 1066 2718 ibi
1086 2682 1333 2718 executionem
1358 2681 1541 2718 adhibebis
1562 2682 1747 2719 moderate
1770 2687 1806 2719 et
1829 2695 1908 2719 cum
1932 2696 1976 2720 ea
1999 2696 2093 2732 quae
2113 2687 2230 2722 sacris
2246 2686 2381 2732 finibus

150 2728 296 2764 debetur
319 2727 528 2764 reverentia.

284 2773 364 2810 VII.
412 2772 538 2818 Neque
566 2782 650 2807 vero
680 2771 870 2807 homicidis
898 2783 1014 2818 neque
1044 2772 1219 2808 adulteris
1249 2783 1365 2818 neque
1388 2773 1568 2819 viryinum
1600 2774 1811 2820 raptoribus
1840 2774 2128 2822 delinquentibus
2140 2778 2275 2858 ἐῖηἱιιηι
2305 2789 2378 2814 ser-

150 2820 249 2856 vabis
263 2819 504 2859 securitatem,
524 2816 589 2852 sed
611 2821 646 2852 et
663 2817 747 2852 inde
771 2817 946 2852 extrahes
966 2828 1028 2852 eos
1046 2822 1083 2853 et
1102 2829 1259 2864 poenam
1276 2818 1322 2852 iis
1342 2818 1514 2864 impones.
1552 2818 1678 2865 Neque
1696 2820 1789 2854 enim
1809 2821 1898 2855 talia
1919 2822 2140 2868 delinquenti
2164 2835 2206 2859 us
2224 2835 2381 2870 parcere

150 2865 262 2907 decet,
284 2864 349 2899 sed
367 2864 413 2898 iis
423 2862 565 2909 potius,
590 2862 653 2942 qui
671 2866 857 2908 superant,
881 2873 926 2897 ne
946 2862 991 2897 ab
1011 2863 1270 2898 audacioribus
1288 2863 1376 2897 talia
1389 2863 1607 2908 patientum·
1631 2875 1711 2899 cum
1728 2867 1947 2910 praesertim
1973 2868 2186 2914 templorum
2204 2870 2381 2905 securitas

150 2921 224 2945 non
245 2909 416 2944 iniuriam
438 2907 593 2953 facienti
617 2918 678 2949 us,
710 2907 774 2942 sed
796 2907 931 2942 iniuria
956 2908 1098 2952 affectis
1120 2919 1143 2942 a
1169 2908 1247 2954 leqe
1271 2908 1358 2942 data
1382 2909 1449 2950 sit,
1482 2919 1546 2943 nec
1566 2909 1648 2953 sieri
1665 2910 1781 2954 facile
1802 2912 1937 2956 possit,
1962 2916 2002 2947 ut
2025 2917 2195 2959 uterque„
2221 2918 2294 2949 tam
2317 2915 2381 2960 qui

150 2957 170 2990 1
215 2954 338 2989 intulit
366 2964 474 2999 quam
498 2953 563 2998 qui
590 2962 722 2998 passus
753 2956 806 2987 est
835 2952 1023 2994 iniuriam,
1060 2953 1245 2998 asylorum
1275 2953 1470 2988 securitate
1502 2954 1651 2988 nitatur.
1756 2954 1982 2991 Exactiones
2013 2962 2131 2994 autem
2167 2959 2381 2995 tributorum

145 3000 376 3046 publicorum
395 3003 434 3033 ut
447 2998 555 3033 etiam
571 2997 610 3031 in
628 2997 716 3031 locis
735 2997 851 3032 sacris
867 3007 946 3031 cum
962 2997 1139 3043 diqnitate
1156 2999 1252 3043 fiant
1276 2998 1430 3040 curabis,
1456 2998 1627 3043 quoniam
1653 2998 1867 3035 tributorum
1884 3002 1981 3037 ratio
2007 3007 2042 3038 et
2062 3004 2232 3039 militibus
2247 3008 2284 3039 et
2301 3005 2379 3051 pri-

197 3115 217 3146 2
249 3109 409 3154 δημοσίῳ
435 3112 486 3144 B⁰
512 3110 524 3156 ΙΙ
555 3114 575 3145 6
607 3111 780 3157 πατρικῆς
806 3111 869 3143 Ma
899 3110 910 3154 ΙΙ
938 3110 1140 3157 εἷσψαγεῖν
1164 3113 1196 3144 L
1221 3112 1233 3154 Η
1302 3114 1334 3144 et
1359 3113 1477 3144 addidi

154 3161 171 3191 7
209 3154 264 3199 δὴ]
303 3153 347 3197 δῆ
371 3158 420 3198 L,
457 3153 510 3189 δεῖ
540 3157 735 3189 Haloander
765 3155 777 3199 ΙΙ
814 3157 833 3189 8
868 3153 890 3197 ἢ
922 3156 1024 3196 ΕΒς]
1064 3170 1121 3189 om.
1148 3157 1193 3188 M
1222 3155 1234 3201 Η
1310 3158 1357 3189 V¹

156 3206 195 3237 10
220 3199 439 3247 ὑπερβαίνον
459 3202 490 3233 L
560 3204 598 3234 15
625 3197 734 3234 αὐτὸν
755 3201 803 3233 L¹
829 3200 840 3243 Η
868 3202 907 3234 16
932 3202 991 3232 καὶ
1014 3210 1087 3235 ante
1111 3199 1233 3246 ψήφου

154 3261 210 3282 om.
237 3248 268 3280 L
286 3247 298 3290 ΙΙ
317 3248 355 3279 Π
381 3243 510 3278 καταδι
535 3243 650 3278 άσκεις
671 3247 722 3278 B⁶
737 3245 749 3290 ΙΙ
769 3242 879 3286 αὐτῷ]
907 3243 994 3278 αὐτὸ
1014 3246 1073 3287 L¹,
1098 3260 1156 3280 om.
1183 3259 1202 3283 ς
1222 3246 1233 3290 ΙΙ

161 3296 196 3327 18
222 3289 443 3335 προσθήσεις
466 3292 497 3323 L
523 3289 535 3335 ΙΙ
559 3287 752 3333 δεδομένον
776 3292 823 3323 L¹
848 3291 859 3333 ΙΙ
890 3292 928 3323 19
950 3289 1076 3335 πράξει
1100 3292 1136 3324 Β
1157 3290 1233 3335 11τά

155 3336 424 3382 κατακριθέντα
446 3337 476 3369 L
498 3336 510 3378 11
558 3331 580 3377 ἢ
612 3335 641 3367 εἰ
672 3334 721 3378 μὴ
752 3336 870 3375 τοῦτο]
903 3346 944 3367 an
974 3347 1052 3368 non.
1084 3338 1172 3369 certe
1204 3338 1232 3369 si

155 3394 221 3415 non
242 3384 305 3415 hoc
327 3394 345 3418 ς
361 3382 372 3426 ΙΙ
391 3377 475 3424 ὅρου
494 3379 543 3414 L¹
562 3380 574 3424 11
591 3382 630 3414 21
657 3380 790 3420 ἑπέξεις
809 3381 840 3412 L
856 3382 868 3423 ΙῙ
887 3382 928 3413 22
953 3377 1133 3426 εύγενεσιν
1153 3382 1202 3414 L¹
1221 3384 1233 3426 ΙΙ

156 3424 258 3474 ὅροις]
283 3427 364 3459 locis
389 3439 407 3462 ς
425 3427 437 3469 ΙΙ
453 3428 495 3460 23
521 3423 560 3458 δὲ
585 3438 642 3458 om.
663 3426 694 3457 L
709 3427 721 3468 ss
741 3428 783 3459 26
804 3423 849 3457 τὰ
874 3438 931 3458 οηι.
948 3426 978 3458 L
997 3426 1009 3469 ΙΙ
1025 3428 1065 3459 27
1092 3422 1232 3471 περιόν-

1499 3111 1511 3155 ss
1537 3113 1709 3153 mediocri]
1736 3114 1863 3145 modic*
1883 3115 1932 3148 V²
1956 3117 2085 3149 modico
2104 3117 2153 3150 1⁷³
2169 3116 2180 3161 ΙΙ
2204 3120 2241 3151 10
2266 3121 2299 3150 et
2322 3131 2379 3151 om.

1381 3156 1393 3200 Η
1420 3158 1470 3196 ex]
1497 3159 1529 3189 et
1553 3156 1689 3201 1211111
1718 3158 1871 3191 omnibus
1896 3161 1997 3195 RVO
2017 3162 2028 3205 H
2047 3164 2086 3195 13
2116 3162 2273 3195 adiecerit
2296 3164 2345 3195 R¹

1301 3202 1460 3234 deducere
1485 3202 1512 3234 Ο
1530 3200 1543 3245 ΙΙ
1562 3203 1602 3235 14
1626 3203 1790 3235 custodies
1803 3204 1851 3236 R¹
1870 3203 1882 3248 Η
1900 3206 1930 3237 ci
1955 3219 2013 3239 om.
2036 3206 2090 3251 VH
2110 3209 2141 3239 et
2166 3209 2242 3240 add.
2262 3210 2350 3252 vulq.
2378 3164 2383 3252 1

1305 3249 1344 3279 16
1368 3247 1434 3278 sint
1454 3247 1502 3279 R¹
1527 3246 1539 3290 ΙΙ
1571 3249 1606 3279 17
1632 3258 1813 3289 praepones
1835 3249 1935 3294 RVH
1956 3253 1994 3285 19
2019 3262 2086 3284 non
2108 3254 2162 3292 (ne
2187 3253 2245 3294 0¹)
2266 3253 2328 3286 hoc
2353 3256 2381 3286 0

1301 3293 1400 3334 υιιῖφ]
1438 3292 1500 3323 1100
1530 3301 1595 3323 non
1626 3293 1658 3324 R
1692 3293 1772 3326 haec
1803 3304 1871 3326 non
1899 3296 1932 3328 V
1951 3296 1963 3339 ss
1994 3298 2035 3329 20
2068 3297 2206 3329 infferre
2232 3298 2291 3340 3¹,
2329 3299 2381 3331 in-

1302 3338 1385 3369 feres
1409 3349 1466 3368 om.
1489 3337 1630 3370 Vinicio
1650 3340 1796 3381 payinae
1828 3338 1839 3381 ΙΙ
1867 3341 2027 3382 temptare
2041 3342 2090 3374 R¹
2117 3341 2129 3385 ΙΙ
2160 3344 2203 3382 et]
2236 3344 2276 3375 ut
2295 3343 2346 3376 Β*
2368 3344 2381 3390 ΙΙ

1303 3384 1343 3415 23
1372 3392 1430 3426 n—cc
1455 3381 1615 3413 adulteris
1635 3381 1779 3416 V³·ne*
1805 3384 1964 3417 adulteris
1988 3386 2037 3418 Β*
2070 3397 2178 3428 neque
2207 3387 2380 3422 adulteriis

1306 3428 1332 3459 O
1367 3433 1401 3459 ut
1436 3437 1495 3458 nec
1527 3426 1670 3460 adulteri
1697 3429 1745 3461 V¹
1776 3428 1788 3472 l}
1816 3440 1923 3470 neque
1959 3432 2007 3463 bis
2035 3443 2097 3464 scr.
2130 3432 2179 3465 V¹
2206 3431 2219 3477 ΙΙ
2249 3435 2292 3468 26
2327 3435 2379 3466 in-

155 3476 243 3513 των]
259 3472 557 3515 obpatientibus(‘?)
571 3483 589 3506 ς
603 3467 790 3510 (δεδιότων
805 3471 1011 3512 Haloander)
1030 3470 1043 3515 ss
1059 3474 1101 3504 29
1121 3469 1232 3515 ἀσφά·

157 3515 254 3550 λειαν
279 3518 325 3550 L¹
342 3517 354 3561 ΙΙ
373 3519 415 3551 32
437 3513 660 3550 ἀδικούντων
685 3516 731 3548 L¹

204 3610 217 3640 1
244 3609 429 3640 seruantem
451 3608 484 3640 V
507 3607 519 3651 ΙΙ
546 3606 728 3649 praebebis]
750 3606 856 3648 plebis
877 3607 925 3639 V¹
956 3606 967 3648 ΙΙ
991 3609 1012 3640 4
1035 3607 1232 3639 manifestis-

157 3652 256 3684 simus
271 3653 302 3685 R
318 3651 330 3696 ΙΙ
349 3654 366 3685 7
387 3652 421 3684 id
443 3655 502 3692 est]
525 3653 568 3684 -ἱικ
592 3651 640 3685 V*
657 3650 669 3694 ΙΙ
689 3653 708 3684 8
732 3651 888 3693 promitte
904 3652 947 3684 R*
966 3650 978 3695 ss
997 3653 1067 3692 aut]
1085 3652 1121 3684 in
1132 3653 1232 3696 vul9-.

158 3699 216 3728 aut
238 3697 274 3728 in
298 3697 483 3731 Zachariae
510 3696 523 3741 ΙΙ
552 3699 571 3730 9
606 3699 637 3728 et
658 3709 716 3728 om.
743 3697 775 3728 R
799 3695 811 3739 ΙΙ
837 3697 1014 3728 examinati
1039 3707 1134 3729 omne
1161 3697 1191 3729 R
1221 3696 1234 3739 ΙΙ

227 3751 269 3776 Hi

1301 3472 1401 3504 ferres
1415 3472 1463 3503 Ιί1
1482 3470 1494 3514 ΙΙ
1511 3473 1550 3504 27
1569 3473 1727 3505 conuenit
1739 3474 1772 3506 R
1791 3473 1802 3516 ΙΙ
1818 3474 1860 3506 ob
1880 3476 2084 3516 patientibus
2096 3477 2162 3510 Ro
2185 3490 2224 3508 u
2250 3479 2379 3521 patien-

1300 3517 1388 3548 tibus
1411 3517 1443 3549 V
1449 3516 1459 3536 ¹
1484 3517 1563 3549 haec
1594 3517 1648 3559 (al.
1675 3519 1737 3550 hoc
1761 3520 1837 3561 ηις.)
1861 3521 2064 3561 patientibus
2087 3522 2136 3555 V³
2166 3523 2229 3556 hoc
2251 3525 2379 3566 patien-

1301 3562 1390 3593 tibus
1413 3562 1522 3604 vul9.‚·
1557 3574 1598 3595 an
1625 3563 1684 3606 leq.
1713 3564 1982 3605 opperientibus?
2011 3566 2023 3609 {l
2052 3569 2090 3599 ut
2123 3570 2202 3609 non]
2238 3579 2305 3602 non
2341 3572 2380 3602 ut

1300 3606 1347 3638 R¹
1380 3607 1391 3648 ΙΙ
1422 3608 1462 3638 29
1499 3608 1530 3638 et
1554 3620 1612 3639 om.
1638 3608 1686 3640 R¹
1711 3608 1722 3650 ΙΙ
1750 3611 1790 3641 30
1827 3611 2005 3651 utrumque
2029 3621 2096 3644 non
2121 3614 2260 3646 eritueri
2284 3615 2336 3647 Ra
2370 3617 2381 3658 ΙΙ

1301 3650 1462 3702 cautelam
1472 3652 1524 3684 Va
1543 3650 1555 3695 ΙΙ
1572 3654 1614 3686 34
1632 3654 1841 3694 praeparabis
1859 3655 1953 3696 17¹0]
1975 3657 2165 3699 properabis
2186 3659 2281 3693 RV²
2303 3671 2378 3702 pro-

1301 3696 1431 3728 curabis
1455 3698 1542 3740 vulq.

2065 3761 2106 3792 16
