2618 4010
139 166 456 200 HELENOPONTI

139 267 221 302 τούς
245 280 284 302 τε
302 267 450 308 τίτλους,
476 265 646 313 καθάπερ
671 263 831 301 εἰπόντες
852 266 1031 311 ἔφθημεν,
1055 264 1219 306 κατεάξει

138 312 231 348 κατὰ
252 314 314 357 τῆς
337 310 447 347 αὐτοῦ
471 310 623 357 κεφαλῆς
645 309 817 356 βασάνοις
836 324 877 345 τε
896 310 1019 354 αὐτὸνυ
1036 308 1219 354 ὑποθήσει

138 361 298 405 πικραῖς,
336 355 423 392 ὥςτε
457 358 574 392 ταῦτα
608 355 852 402 μανθάνοντα
886 356 953 391 τὸν
988 355 1018 400 ᾧ
1055 356 1219 403 προςήκει

138 402 320 450 προςώπῳ
344 399 548 451 γινώσκειν,
573 400 621 437 οἷς
644 400 706 437 οὐκ
730 403 870 443 ἔξεστιν
901 400 983 437 οὔτε
1013 399 1063 436 δι’
1090 402 1218 436 ἑαυτοῦ

1217 150 1297 197 217

1912 152 2018 194 Nov.
2051 151 2235 193 XXVIII
2266 153 2375 192 5—-8

1289 263 1550 310 praediximus,
1588 261 1790 306 confringat
1826 262 1902 298 eius
1943 263 2054 307 capiti
2096 263 2373 308 verberibusque

1289 320 1368 345 eum
1401 309 1555 344 subiciat
1586 308 1733 349 amaris,
1766 309 1807 341 ut
1830 308 1920 343 haec
1946 308 2085 344 discens
2121 309 2178 344 cui
2203 309 2373 353 competit

1288 365 1443 400 persona
1469 357 1672 398 cognoscat,
1703 352 1787 397 quia
1811 363 1883 388 non
1907 353 1990 388 licet
2020 364 2135 399 neque
2160 364 2224 400 per
2249 364 2287 389 se
2311 364 2372 389 ne-

1289 411 1357 446 que
1391 411 1455 446 per
1489 400 1628 445 aliquos
1664 399 1936 443 obsequentium
1972 403 2036 435 aut
2071 400 2151 445 <ad>
2185 400 2373 435 avaritiam

137 450 219 483 οὔτε
243 447 302 483 διά
326 462 440 483 τινων
462 446 676 503 δορυφόρων
706 446 728 491 ἢ
752 461 780 505 π
804 446 839 482 ὸς
866 446 1079 488 πλεονεξίαν
1103 460 1217 494 παρα·
1255 448 1537 491 5suscept0rum
1562 444 1744 481 subiectos
1770 444 1921 479 laedere.

137 493 426 539 λαμβανομένων
449 505 531 528 τους
556 505 730 537 υπηκοους
754 509 774 527 α
802 497 900 527 ικεῖν.

1132 605 1290 641 CAPUT
1315 605 1375 641 VI.

182 676 246 708 Δεῖ
269 672 309 708 δὲ
333 670 443 709 αὐτὸν
467 673 597 720 ὁμοίως
627 675 692 710 τὸν
716 674 959 720 περίβλεπτον
982 671 1219 721 μοδεράτωρα

136 718 369 754 ἀναστέλλειν
401 723 460 754 καὶ
491 720 572 755 τοὺς
597 720 834 768 λῃστεύοντας
864 723 923 753 καὶ
947 719 1029 753 τούς
1053 718 1219 754 πλεονεκ-

136 766 287 799 τοῦντας
311 768 370 798 καὶ
394 765 475 800 τοὺς
497 766 664 812 γυναῖκάς
687 780 727 800 τε
746 769 805 799 καὶ
827 768 1030 809 περιουσίας
1055 768 1115 797 καὶ
1135 760 1220 799 ὑπο-

1336 673 1487 716 Oportet
1510 675 1628 707 autem
1662 681 1742 707 eum
1767 671 1928 706 similiter
1959 671 2189 715 spectabilem
2214 671 2372 706 modera-

1291 721 1404 753 torem
1422 717 1588 753 cohibere
1614 717 1720 752 etiam
1744 717 2002 752 latrocinantes
2023 716 2094 762 <et>
2110 716 2178 751 vim
2200 716 2373 751 facientes

1290 767 1326 798 et
1349 764 1514 798 mulieres
1540 767 1647 807 atque
1669 763 1902 806 substantias,
1927 763 2084 797 iumenta
2105 765 2141 796 et
2162 761 2291 796 similia
2310 762 2373 796 ab-

137 809 241 857 ζύγια
263 813 322 844 καὶ
347 809 392 844 τὰ
415 813 566 845 τοιαῦτα
589 809 827 856 ἁρπάζοντας,
858 808 957 844 ὅπως
982 807 1027 843 ἂν
1050 808 1221 855 καθαρὸν
1239 811 1276 843 10
1289 808 1476 853 ripientes‚
1510 810 1678 853 quatinus
1709 819 1838 852 purum
1872 810 1987 843 servet
2019 807 2114 852 quod
2144 807 2278 842 iustum
2308 809 2373 850 est,

136 854 309 900 φυλάττοι
333 854 375 890 τὸ
401 854 551 898 δίκαιον,
576 861 636 890 καὶ
660 860 857 902 φανείημεν
881 852 1006 899 ὀρθῶς
1031 852 1091 889 ἐπ’
1119 852 1218 897 αὐτῷ

134 899 418 945 βεβουλευμένοι,
455 905 515 935 καὶ
546 902 595 946 μή
630 914 683 936 τις
714 902 803 945 ἡμᾶς
837 900 991 934 εἰςέλθοι
1025 897 1220 944 μετάμελος

135 942 192 980 ὅτι
217 944 484 994 λῃστοδιώκτας
512 960 552 981 τε
582 951 640 981 καὶ
666 945 888 991 βιοκωλύτας
919 943 1138 989 ἐπαύσαμεν,
1170 958 1219 978 τι·

134 991 213 1024 νῶν
242 993 309 1035 μὲν
338 991 638 1046 κατατρεχόντων
673 991 740 1046 τὴγ
769 991 903 1036 χώραν,
941 989 1051 1024 αὐτοῦ
1084 988 1123 1024 δὲ
1157 987 1220 1024 οὐκ

1289 856 1326 888 et
1351 864 1586 898 appareamus
1620 856 1717 888 recte
1750 863 1857 898 super
1880 863 1922 889 eo
1950 853 2142 897 cogitasse,
2175 855 2210 886 et
2234 862 2278 886 ne
2302 852 2375 886 ulla

1289 899 1392 933 nobis
1425 899 1645 943 ingrediatur
1676 899 1896 943 paenitentia
1930 899 2012 943 quia
2044 899 2223 933 latronum
2253 907 2373 941 perse-

1290 948 1433 979 cutores
1459 948 1494 978 et
1514 944 1760 979 violentiarum
1785 944 1995 979 inhibitores
2016 943 2222 985 amovimus,
2248 943 2374 987 aliqui-

1289 989 1357 1024 bus
1383 989 1523 1033 quidem
1544 990 1824 1025 discurrentibus
1850 1000 1915 1034 per
1934 989 2164 1034 provinciam,
2190 989 2270 1033 ipso
2291 998 2374 1022 vero

134 1033 341 1090 ᾇμύνοντος.
380 1035 441 1071 διὰ
460 1050 567 1071 τουτο
590 1051 657 1091 γαρ
684 1038 782 1080 αυτῷ
808 1039 867 1070 καὶ
889 1034 971 1069 τούς
991 1034 1220 1083 στρατιώτας
1235 1037 1274 1070 15
1290 1045 1361 1069 non
1386 1035 1591 1070 ulciscente.
1641 1035 1725 1070 Ideo
1752 1035 1843 1070 enim
1869 1035 1901 1070 ei
1926 1038 1962 1070 et
1985 1035 2113 1069 milites
2139 1033 2373 1075 subdidimus,

134 1082 381 1127 υπεθήκαμεν,
419 1082 479 1117 ἵνα
511 1085 571 1116 καὶ
602 1095 669 1124 την
701 1084 850 1116 ἐκείνων
885 1083 981 1123 ἔχων
1013 1084 1112 1127 χεῖρα
1145 1079 1217 1114 δυς·

134 1126 382 1172 καταμάχητος
406 1131 479 1162 τοῖς
503 1126 761 1171 ἐπηρεάζουσιν
786 1127 848 1170 εἴη.

1288 1081 1330 1158 {3¹⁵
1354 1080 1554 1159 ettillorum
1585 1080 1722 1115 habens
1754 1091 1898 1115 manum
1927 1079 2215 1125 inexpugnabilis
2240 1079 2373 1115 violen-

1305 1136 1334 1160 1s
1364 1135 1394 1160 si
1415 1153 1421 1159 .

1123 1261 1280 1297 CAPUT
1305 1261 1382 1296 VII.

192 1332 311 1364 Ταῦτα
342 1327 441 1374 αὐτῷ
473 1328 677 1374 συλλήβδην
708 1331 964 1378 παραινοῦμεν.
1012 1329 1058 1364 τὰ
1080 1329 1148 1377 γὰρ
1173 1328 1217 1372 δὴ

138 1374 230 1409 κατὰ
252 1378 357 1420 μέρος
380 1376 514 1410 εἴσεται
538 1377 663 1422 σαφῶς
694 1379 733 1410 ἔκ
757 1389 796 1409 τε
819 1377 883 1410 τοῦ
908 1377 1020 1410 πᾶσιν
1044 1378 1084 1410 ἐν
1108 1376 1218 1418 κοινῷ

1341 1329 1440 1364 Haec
1477 1339 1557 1364 eum
1599 1329 1818 1374 complexive
1859 1340 2052 1364 monemus.
2105 1330 2376 1366 Particulariter

1290 1377 1407 1410 autem
1434 1375 1522 1410 sciet
1547 1378 1671 1419 aperte
1703 1379 1738 1409 et
1763 1385 1806 1410 ex
1829 1375 1905 1419 lege
1931 1376 2094 1410 omnibus
2127 1375 2164 1410 in
2190 1386 2376 1411 commune

132 1424 377 1474 yeyqaptptg'vov
397 1419 520 1465 νόμου,
553 1417 647 1455 καθ’
669 1418 781 1466 ὅνπερ
816 1419 993 1474 ἐτάξαμεν
1020 1420 1087 1476 τὰς)
1102 1419 1219 1465 ἀρχάς,
1234 1423 1275 1455 20
1290 1420 1506 1464 conscripta,
1541 1419 1734 1455 secundum
1762 1431 1867 1465 quam
1890 1420 2129 1455 ordinavimus
2156 1421 2307 1464 cingula,
2339 1423 2377 1456 et

134 1468 174 1500 ἔκ
196 1478 236 1500 τε
254 1479 337 1500 των
357 1465 561 1510 βασιλικῶν
585 1465 908 1522 παραγγελμάτων,
934 1464 1025 1513 άπερ
1047 1468 1146 1510 αυτῷ
1169 1464 1218 1500 δι-

134 1509 258 1546 δόντες
280 1508 544 1558 ’ὖφηγησόμεθα
569 1526 661 1546 κατα
685 1516 769 1546 τίνα
793 1511 932 1560 τρόπον
958 1510 1128 1553 διαθήσει
1152 1510 1218 1554 τὴν

133 1555 253 1602 ἀρχὴν.
301 1561 362 1590 καὶ
385 1558 502 1591 ταῦτα
527 1557 701 1604 πράττων
734 1555 816 1601 ἡμῖν
848 1571 888 1591 τε
920 1557 983 1591 οὐκ
1014 1555 1218 1613 άποθύζιιος

132 1604 236 1635 ἔσται
267 1602 348 1645 θεῷ
380 1616 421 1636 τε
450 1606 510 1636 καὶ
540 1604 593 1646 τῷ
619 1601 720 1682 νόλιῳ
750 1602 817 1645 τὴν
841 1603 969 1636 ἑαυτοῦ
992 1602 1110 1648 ψυχὴν
1133 1616 1218 1636 ανα-

133 1645 244 1689 θήσει
268 1650 327 1681 καὶ
351 1645 492 1694 ἀγαθὰς
516 1645 606 1694 ὑπὲρ
630 1645 652 1682 ὅ
674 1659 712 1691 ης
740 1649 801 1691 τῆς
824 1646 1030 1691 διοικήσεως
1062 1649 1132 1689 ἕξει
1156 1647 1218 1682 τὰς
1233 1651 1273 1683 25
1288 1648 1500 1682 bernatione
1531 1647 1679 1682 habebst
1711 1658 1806 1691 spes.

133 1690 291 1726 ἐλπίδας.
327 1689 629 1736 (Ῥποτεθήσεται,
641 1691 681 1727 δὲ
700 1696 760 1727 καὶ
780 1693 974 1740 κατάλογος
998 1692 1094 1737 τῷδε
1114 1691 1218 1738 ἡμῶν

134 1739 186 1780 τῷ
220 1737 315 1781 θείῳ
347 1735 468 1782 νόμῳ,
503 1737 554 1772 δι’
589 1737 629 1773 οὗ
659 1737 849 1786 γενήσεται
883 1737 1052 1786 φανερόν,
1082 1743 1121 1773 τί
1151 1741 1218 1782 μὲν

136 1782 248 1816 αὐτόν
271 1796 312 1817 τε
335 1786 394 1817 καὶ
418 1783 485 1817 τὸν
510 1782 690 1830 πάρεδρον
713 1787 771 1817 καὶ
796 1783 864 1827 τὴν
888 1784 992 1825 τάξιν
1016 1783 1083 1819 τὶν
1108 1782 1218 1818 αὐτοῦ

134 1829 233 1881 παρὰ
256 1830 319 1881 τσῦ
351 1826 522 1883 δημοσίου
547 1828 710 1875 προςήκει
742 1827 970 1884 λαμβάνειν,υ
982 1834 1020 1864 τί
1043 1828 1083 1863 δὲ
1107 1829 1218 1863 αὐτὸν

1289 1476 1332 1500 ex
1357 1465 1602 1511 imperialibus
1627 1466 1805 1500 mandatis
1839 1476 1930 1511 quae
1962 1466 1995 1500 ei
2020 1466 2145 1500 dantes
2171 1467 2375 1510 explanavi-

1288 1522 1379 1553 mus,
1414 1511 1708 1556 quemadmodum
1734 1511 1901 1556 disponat
1925 1511 2279 1546 administrationem.
2327 1512 2377 1546 Et

1288 1557 1377 1592 haec
1408 1566 1516 1601 agens
1554 1556 1657 1591 nobis
1694 1567 1766 1591 non
1805 1567 1934 1592 exosus
1965 1557 2033 1592 erit
2068 1560 2104 1591 et
2134 1557 2200 1592 deo
2237 1557 2377 1602 legique

1288 1613 1388 1637 suam
1413 1602 1567 1637 animam
1593 1602 1855 1637 commendabit
1887 1613 1930 1637 ac
1959 1603 2072 1638 bonas
2101 1613 2165 1647 pro
2192 1602 2288 1637 omni
2312 1613 2375 1646 gu-

1862 1648 2067 1682 Subicietur
2096 1650 2218 1682 autem
2249 1651 2285 1683 et
2316 1648 2375 1683 de-

1289 1693 1435 1738 scriptio
1461 1693 1543 1727 huic
1568 1693 1653 1736 legi,
1687 1702 1752 1738 per
1783 1703 1887 1738 quam
1919 1693 1982 1728 fiet
2013 1693 2257 1735 manifestum,
2316 1693 2376 1727 uid

1289 1739 1431 1783 quidem
1455 1739 1572 1782 ipsum
1597 1742 1632 1772 et
1656 1748 1874 1773 assessorem
1899 1742 1934 1774 et
1959 1739 2116 1774 officium
2139 1739 2215 1773 eius
2241 1748 2262 1773 a
2313 1749 2376 1773 sco

1290 1786 1473 1828 competat
1496 1784 1669 1827 accipere,
1704 1783 1787 1827 quid
1812 1787 1931 1819 autem
1964 1795 2029 1828 pro
2062 1784 2375 1818 administratoriis

1288 1831 1460 1873 praebere
1486 1829 1668 1871 codicillis,
1700 1829 1869 1872 quatinus
1895 1829 2011 1864 sciens
2036 1829 2287 1864 liberalitatem
2312 1830 2374 1864 da-

133 1875 224 1921 υπὲρ
247 1887 325 1908 των
345 1876 504 1920 αρχικιῦν
528 1878 697 1919 παρέχειν
721 1873 925 1919 συμβόλων,
950 1887 1049 1910 οπως
1073 1873 1118 1909 ἄν
1142 1877 1217 1909 ἐπι·
1234 1877 1275 1909 30
1289 1874 1394 1909 tionis
1417 1874 1453 1908 in
1475 1884 1513 1909 se
1534 1874 1653 1909 factae
1676 1877 1711 1908 et
1730 1875 1950 1918 paucitatem
1972 1885 1993 1909 a
2011 1885 2049 1910 se
2075 1875 2170 1910 circa
2192 1874 2374 1909 codicillos

133 1916 308 1962 στάμενος
330 1917 373 1954 τό
398 1933 437 1953 τε
462 1919 670 1967 ἐλευθέριον
693 1921 754 1963 τῆς
778 1919 974 1955 ἐπιδόσεως
1002 1921 1063 1964 τῆς
1088 1921 1135 1954 εἰς
1159 1918 1218 1953 αὖ·
1287 1920 1516 1964 procedentis
1541 1929 1721 1963 expensae
1746 1922 1869 1954 utatur
1891 1923 2134 1965 competenter
2156 1921 2275 1961 rebus,
2301 1930 2374 1954 ma-

133 1962 200 1997 τόν
222 1967 412 2010 γενομένης
443 1963 486 1999 τό
516 1979 556 1999 τε
580 1963 869 2009 συνεσταλμένον
899 1967 959 2009 τῆς
989 1963 1079 2011 παρ’
1108 1963 1217 1999 αὐτοῦ
1287 1965 1423 2000 ioribus
1455 1965 1619 2008 gentibus
1652 1968 1687 1999 et
1721 1965 1952 2009 amplioribus
1986 1965 2190 2000 hominibus
2224 1975 2373 2010 sperans

134 2011 216 2055 περὶ
239 2010 284 2043 τὰ
309 2007 472 2054 σύμβολα
505 2010 698 2056 προιούσης
729 2008 894 2053 δαπάνης
916 2013 1036 2057 χρῷτο
1061 2009 1152 2045 κατὰ
1175 2009 1218 2044 τὸ
1287 2020 1465 2055 praeesse,
1491 2010 1521 2046 si
1546 2010 1796 2056 praesentibus
1823 2015 1946 2046 utatur
1973 2012 2229 2056 competenter.

133 2055 309 2099 προςῆκον
325 2058 398 2089 τοῖς
418 2055 614 2103 πράγμασι,
636 2053 816 2099 μειζόνων
835 2069 875 2090 τε
894 2057 1021 2090 ἐθνῶν
1040 2059 1100 2090 καὶ
1120 2054 1216 2091 πλεκ

133 2097 231 2133 όνων
262 2096 481 2145 ἀνθρώπων
517 2100 678 2143 ἐλπίζων
709 2100 840 2146 ἄρχειν,
877 2103 908 2135 εἰ
939 2105 1012 2136 τοῖς
1049 2103 1089 2135 ἐν
1119 2104 1218 2148 χερσὶ
1232 2104 1272 2135 35

132 2141 304 2190 χρήσαιτο
329 2143 584 2191 προςηκόντως.

1114 2236 1271 2272 CAPUT
1296 2236 1394 2271 VIII.

169 2302 325 2347 Δίδομεν
345 2302 384 2337 δὲ
404 2307 464 2337 καὶ
482 2305 587 2338 τοῦτο
619 2303 659 2337 τὸ
679 2302 742 2337 τὰς
759 2306 894 2358 ἐφέσεις
915 2303 977 2338 τὰς
996 2301 1086 2349 παρ’
1107 2301 1216 2337 αὐτοῦ
1339 2302 1475 2336 Damus
1511 2305 1631 2338 autem
1672 2305 1708 2338 et
1744 2303 1804 2338 isti
1835 2302 2095 2347 appellationes
2132 2313 2223 2347 quae
2254 2304 2300 2338 ab
2333 2315 2374 2340 eo

133 2348 226 2383 κατὰ
249 2348 290 2382 τὸ
314 2350 392 2382 τῶν
415 2348 672 2394 περιβλέπτων
702 2349 890 2392 ἀρχόντων
914 2350 1032 2392 σχῆμα
1057 2347 1155 2393 παρά
1179 2361 1219 2381 τε
1295 2347 1387 2381 fiunt
1427 2349 1622 2383 secundum
1665 2348 1916 2392 spectabilium
1954 2347 2112 2382 iudicum
2153 2349 2297 2383 schema
2340 2353 2376 2384 et

134 2437 306 2479 (eximus,
330 2438 368 2471 in
393 2437 511 2483 capite
535 2437 611 2472 eius
635 2437 847 2482 consrinqet
870 2441 905 2472 et
930 2437 1116 2472 tormentis
1139 2437 1279 2471 acerbis
1306 2448 1385 2472 eum
1408 2437 1569 2479 subiciet,
1601 2442 1642 2472 ut
1674 2437 1730 2472 liis
1763 2448 1804 2472 co
1833 2437 1919 2472 nitis
1943 2448 1986 2471 ea
2007 2437 2056 2471 ad
2080 2448 2188 2483 quam
2212 2450 2271 2473 res
2291 2451 2374 2485 per—

135 2483 224 2517 tinet
239 2493 404 2528 persona
428 2482 615 2528 intelleqat
638 2493 712 2517 non
737 2482 845 2517 licere
867 2492 983 2527 neque
1002 2492 1073 2528 per
1095 2493 1132 2517 se
1156 2492 1270 2527 neque
1288 2493 1361 2528 per
1384 2482 1558 2518 satellites
1582 2482 1727 2528 aliquos
1755 2494 1796 2518 ve
1834 2482 1883 2517 ad
1906 2482 2138 2528 cupiditatem
2163 2485 2297 2519 ascitos
2321 2485 2374 2519 in-

133 2527 240 2563 iuriis
262 2527 423 2563 subditos
449 2527 611 2572 afficere.

270 2573 330 2608 VI.
390 2572 564 2608 Similiter
596 2577 714 2608 autem
745 2573 862 2618 ipsum
892 2571 1122 2618 spectabilem
1154 2572 1420 2607 moderatorem
1453 2583 1617 2607 coercere
1651 2575 1796 2619 oportet
1826 2576 1862 2608 et
1894 2573 2156 2609 latrocinantes
2188 2580 2221 2609 et
2254 2575 2374 2610 aliena

135 2621 346 2664 appetentes
374 2622 409 2653 et
432 2629 495 2653 eos
526 2618 589 2663 qui
613 2618 781 2653 mulieres
810 2623 846 2652 et
875 2617 970 2652 bona
1002 2622 1036 2652 et
1067 2617 1226 2652 iumenta
1258 2621 1294 2652 et
1327 2617 1501 2652 eiusmodi
1532 2618 1607 2653 alia
1631 2618 1798 2665 rapiunt,
1828 2621 1869 2652 ut
1891 2618 2072 2664 inteqrum
2104 2619 2286 2655 custodiat
2313 2620 2372 2654 ius

134 2673 271 2708 nosque
294 2667 392 2698 recte
423 2663 468 2698 de
499 2675 540 2698 eo
570 2663 750 2697 iudicasse
783 2667 964 2708 appareat
992 2673 1078 2698 neve
1108 2662 1184 2697 ulla
1215 2673 1283 2697 nos
1306 2663 1534 2708 paenitentia
1566 2663 1694 2698 subeat
1724 2662 1823 2708 quod
1848 2663 2030 2698 latronum
2057 2668 2307 2709 persecutores
2339 2669 2376 2700 et

135 2708 334 2753 biocolytas
355 2708 617 2750 sustulerimus,
649 2708 680 2743 si
705 2708 768 2753 qui
791 2711 1006 2754 qrassentur
1022 2718 1095 2753 per
1111 2708 1363 2753 provinciam,
1393 2708 1472 2753 ipse
1495 2719 1580 2743 vero
1603 2709 1672 2744 vim
1696 2719 1770 2743 non
1795 2713 1930 2743 arceat.
1990 2708 2195 2760 Propterea
2219 2711 2311 2745 enim
2341 2710 2374 2745 ei

134 2754 243 2789 etiam
266 2754 397 2788 milites
419 2753 645 2796 subiecimus,
671 2759 711 2788 ut
735 2753 882 2788 illorum
906 2764 1015 2787 manu
1038 2757 1141 2788 utens
1165 2753 1338 2798 superari
1359 2763 1433 2786 non
1455 2753 1571 2798 facile
1584 2754 1707 2799 possit
1730 2754 1774 2788 ab
1800 2754 1844 2788 iis
1868 2755 1934 2799 qui
1955 2754 2127 2788 iniuriam
2149 2755 2306 2800 faciunt.

269 2798 348 2833 VII.
406 2798 508 2834 Haec
539 2810 608 2834 nos
637 2810 716 2834 eum
746 2799 950 2833 summatim
979 2797 1179 2832 hortamur.
1228 2797 1383 2842 Sinqula
1415 2799 1508 2832 enim
1541 2803 1711 2834 accurate
1738 2800 1939 2844 perspiciet
1969 2803 2005 2834 et
2034 2810 2085 2834 ea·
2108 2800 2140 2834 le
2167 2812 2186 2835 e
2211 2800 2374 2835 omnibus

134 2844 173 2878 in
189 2854 374 2879 commune
397 2845 547 2890 scripta,
571 2843 767 2879 secundum
789 2854 897 2888 quam
921 2843 1159 2889 magistratus
1184 2842 1442 2884 ordinavimus,
1468 2847 1504 2878 et
1526 2854 1575 2878 ex
1599 2843 1781 2878 mandatis
1805 2844 2054 2890 imperialibus
2075 2845 2138 2890 qui
2163 2857 2205 2880 us
2225 2846 2260 2880 ei
2278 2845 2374 2881 datis

134 2888 430 2934 explanabimus,
461 2889 759 2935 quemadmodum
790 2889 959 2924 instituat
989 2889 1251 2933 maqz‘stratum.
1312 2889 1429 2932 Atque
1453 2887 1542 2923 baec
1572 2889 1605 2923 si
1628 2893 1728 2935 aqat,
1762 2899 1877 2934 neque
1907 2889 2011 2924 nobis
2042 2890 2079 2923 in
2108 2894 2212 2925 ratus
2240 2891 2310 2926 erit
2340 2894 2374 2926 et

134 2934 201 2969 deo
225 2944 270 2969 ac
293 2934 325 2969 le
352 2934 365 2968 i
389 2934 546 2969 animam
570 2945 674 2969 suam
699 2933 934 2973 consecrabit,
965 2937 1000 2968 et
1023 2933 1154 2968 bonam
1179 2933 1223 2967 de
1247 2936 1323 2967 tota
1348 2932 1664 2969 administratione
1694 2945 1793 2980 spem
1823 2933 1974 2969 habebit.
2024 2933 2077 2969 Su
2102 2935 2231 2970 icietur
2254 2939 2373 2971 autem

135 2979 244 3014 etiam
264 2979 302 3013 in
330 2990 379 3014 ex
402 2990 531 3014 sacrae
561 2978 644 3014 huic
675 2979 749 3024 leqi
770 2983 930 3020 nostrae,
956 2989 1030 3024 per
1053 2990 1156 3024 quem
1181 2978 1414 3023 manifestum
1436 2978 1517 3023 fiet,
1549 2978 1639 3023 quid
1662 2979 1805 3024 quidem
1837 2982 1873 3013 et
1895 2980 2013 3025 ipsum
2038 2984 2073 3014 et
2097 2991 2315 3016 assessorem
2339 2985 2375 3016 et

135 3024 301 3069 officium
332 3025 410 3059 eius
440 3036 463 3059 a
487 3025 577 3069 fisco
611 3024 788 3069 accipere,
822 3023 910 3069 quid
936 3027 1055 3058 autem
1086 3035 1164 3058 eum
1190 3034 1265 3069 pro
1299 3022 1501 3068 insignibus
1531 3024 1769 3069 maqistratus
1792 3029 1989 3069 praestare
2014 3036 2088 3071 par
2118 3025 2184 3060 sit:
2221 3030 2263 3061 ut
2293 3036 2373 3060 cum

135 3073 335 3114 coqnoscat
357 3074 392 3104 et
416 3072 556 3114 quanta
585 3070 633 3104 sit
656 3069 857 3104 liberalitas
881 3068 1039 3103 dationis
1068 3069 1107 3102 in
1129 3069 1248 3114 ipsum
1272 3068 1426 3102 collatae
1455 3071 1490 3103 et
1513 3072 1738 3114 quantopere
1763 3073 1931 3104 coartata
1963 3070 2010 3104 sit
2036 3071 2199 3115 impensa
2223 3070 2267 3105 ab
2293 3071 2373 3115 ipso

135 3114 173 3148 in
196 3113 356 3158 insiqnia
382 3114 564 3156 facienda,
597 3114 753 3159 neqotiis
777 3112 1076 3158 quemadmodum
1108 3113 1208 3148 decet
1235 3117 1361 3148 utatur
1393 3123 1436 3147 ac
1460 3117 1583 3158 speret
1613 3114 1698 3159 fore
1729 3117 1771 3148 ut
1800 3113 2000 3149 maioribus
2031 3126 2176 3160 quoque
2207 3115 2374 3161 qentibus

136 3162 172 3193 et
188 3157 359 3204 pluribus
384 3157 586 3193 bominibus
606 3158 768 3204 imperet,
793 3158 825 3192 si
848 3158 894 3192 iis
917 3169 1011 3203 quae
1034 3158 1073 3192 in
1097 3159 1262 3193 manibus
1285 3161 1370 3192 sunt
1393 3158 1447 3192 uti
1470 3158 1572 3193 decet
1594 3169 1682 3193 usus
1704 3158 1761 3193 sit.

271 3202 371 3238 VIII.
427 3203 588 3238 Ceterum
612 3202 681 3238 hoc
703 3213 847 3249 quoque
871 3202 1109 3244 concedimus,
1142 3207 1183 3238 ut
1211 3203 1255 3238 de
1279 3203 1586 3249 appellationibus
1616 3215 1709 3249 quae
1739 3203 1783 3238 ab
1814 3214 1856 3238 eo
1878 3204 1969 3248 fient
1990 3205 2187 3240 secundum
2210 3206 2372 3251 formam

1336 3296 1355 3328 2
1378 3296 1457 3326 haec
1479 3307 1537 3326 om.
1558 3294 1613 3335 Vll
1630 3294 1741 3327 dicens
1762 3296 1826 3328 VT
1840 3296 1851 3338 ΙΙ
1868 3295 1951 3348 aad
1971 3297 2104 3346 addidit
2117 3295 2348 3348 Qsenbruayen
2361 3297 2373 3364 Ι]

1290 3344 1308 3374 5
1335 3340 1584 3381 subsceptorum
1607 3338 1663 3382 Vn
1689 3342 1707 3373 8
1733 3342 1765 3372 et
1788 3353 1846 3373 om.
1873 3341 1948 3373 labri
1964 3341 1975 3382 ll
1995 3342 2014 3373 9
2040 3342 2237 3382 arripientes
2262 3342 2339 3374 libri
2359 3340 2371 3385 1,

1292 3387 1332 3418 12
1358 3395 1422 3426 qua
1456 3383 1511 3427 Vll
1535 3387 1783 3425 persecutorum
1815 3385 1869 3428 Vll
1900 3386 1937 3418 13
1962 3385 2073 3416 amoui
2099 3386 2176 3418 libri
2200 3385 2212 3428 ΙΙ
2238 3388 2277 3419 15
2304 3396 2371 3419 non

181 3298 200 3329 2
220 3295 347 3327 ἑαυτοῦ
361 3295 392 3327 L
412 3293 424 3338 Η
442 3296 459 3327 3
479 3294 597 3339 μικρὲς
614 3296 648 3334 (ι’.
660 3308 684 3327 e.
698 3296 850 3339 μικραῖς)
865 3294 897 3326 L
916 3293 927 3337 ΙΙ
943 3291 1008 3326 τὸν
1026 3284 1069 3336 ᾧ]
1089 3292 1131 3326 τὸ
1152 3296 1219 3328 νῦν

135 3341 184 3374 L²
203 3342 214 3383 ΙΙ
232 3343 250 3374 5
263 3338 452 3378 πλεονεξία
466 3340 497 3371 L
516 3338 528 3382 ΙΙ
545 3343 564 3371 9
578 3339 660 3372 τοὺς
672 3340 848 3380 Scrimqer]
863 3336 925 3371 τὰς
939 3340 1015 3372 libri
1025 3338 1037 3384 ΙΙ
1053 3341 1092 3373 10
1106 3336 1219 3383 ἁρπά-

137 3386 241 3426 ζονας
265 3385 324 3439 LJ!
343 3384 518 3429 καθαρῶς
542 3385 574 3416 L
592 3385 604 3426 11
631 3386 669 3417 11
696 3382 857 3429 φυλάττῃ
882 3386 915 3415 Β
941 3383 952 3426 ΙΙ
979 3385 1022 3418 14
1045 3382 1108 3417 οὐκ
1131 3381 1218 3427 ἀμύ·

136 3432 271 3470 νοντος]
290 3427 534 3473 ακαμύνοντος
547 3429 594 3461 L¹
621 3429 696 3474 ustie
720 3426 798 3470 τὴν]
818 3428 896 3461 τῶν
910 3429 956 3461 L¹
976 3429 987 3470 Η
1004 3429 1140 3462 ἐκεῖνον
1153 3431 1184 3462 L
1209 3430 1219 3472 Η

139 3477 178 3509 18
202 3474 261 3515 τὰ]
287 3474 329 3508 τὸ
344 3476 385 3507 M
400 3474 411 3518 ΙΙ
429 3473 496 3520 γὰρ
520 3471 576 3515 δὴ]
601 3476 711 3505 autem
736 3485 755 3509 ς
770 3474 781 3516 ΙΙ
803 3475 843 3506 20
868 3471 992 3516 νόμου]
1006 3487 1074 3507 nov.
1097 3475 1190 3508 VIII
1208 3473 1219 3519 ΙΙ

136 3515 328 3565 καθὸνπερ
354 3521 410 3560 Μ]
445 3517 614 3562 καθάπερ
642 3520 672 3551 L
703 3515 795 3551 καθ’ὶ
822 3514 867 3551 δν
892 3519 928 3551 Β
949 3519 960 3561 ΙΙ
989 3515 1218 3562 ὑπετάξαμεν

139 3565 173 3597 Β
188 3563 200 3609 ΙΙ
220 3567 257 3598 21
287 3562 610 3610 παραγγελμάτων]
636 3577 705 3597 nov.
726 3563 847 3597 XVII
861 3562 873 3606 ΙΙ
890 3564 932 3596 22
956 3558 1218 3608 ὑφηγησάμεθα

137 3610 344 3650 Haloander]
359 3606 625 3656 ὑφηγησάμεθα
640 3610 717 3641 libri
733 3607 745 3652 ΙΙ
762 3609 803 3641 23
816 3604 974 3651 άθύμιος
988 3610 1018 3641 L
1032 3608 1044 3653 ΙΙ
1060 3612 1099 3642 24
1114 3610 1217 3642 ἔσται

136 3673 181 3678 -
202 3650 386 3697 ἀναθήσει
412 3668 469 3688 om.
485 3656 536 3688 13⁰
555 3654 566 3698 ΙΙ
584 3656 625 3688 26
650 3649 754 3697 ἡμῶν
774 3653 828 3695 τῷ
843 3652 937 3695 θείῳ
965 3666 1022 3686 om.
1037 3665 1057 3690 ς
1075 3653 1086 3697 ΙΙ
1104 3655 1142 3688 31
1170 3654 1218 3687 εἰς

137 3693 249 3731 αὑτὸν
273 3708 303 3733 ει
326 3702 368 3733 32
394 3698 486 3745 παρ’
507 3697 617 3732 αὑτοῦ
643 3710 662 3735 ς
681 3699 692 3741 ΙΙ
721 3700 761 3732 32
786 3700 975 3743 γινομένης
1000 3699 1036 3731 Β
1052 3698 1064 3742 ΙΙ
1090 3700 1130 3732 35
1157 3696 1216 3744 ἅρ-

136 3741 202 3785 χὴν
226 3744 257 3775 L
276 3744 287 3786 ΙΙ
311 3745 350 3777 37
378 3745 485 3778 τοῦτο
508 3743 550 3778 τὸ
576 3745 633 3785 Μ]
659 3744 766 3776 τοῦτο
793 3744 826 3775 Β
852 3740 969 3785 τούτῳ
995 3744 1048 3780 Le

209 3799 259 3826 ΠΙ.

1290 3444 1347 3463 om.
1371 3431 1400 3461 V
1416 3428 1427 3472 l}
1447 3430 1486 3462 18
1513 3439 1587 3461 eum
1617 3429 1661 3470 V]
1687 3431 1775 3462 enim
1803 3430 1858 3473 ΤΙΙ
1882 3432 1920 3462 19
1944 3430 2025 3462 sciet
2049 3432 2081 3461 et
2105 3432 2215 3472 aperte
2248 3431 2334 3464 Val.
2359 3431 2363 3475 Ι

1290 3478 1331 3508 20
1356 3475 1479 3516 scripta
1506 3473 1561 3516 ΤΙΙ
1581 3475 1622 3507 23
1648 3475 1719 3515 deo]
1747 3475 1788 3507 do
1810 3475 1863 3517 Vll
1891 3477 1930 3507 27
1957 3485 1976 3506 a
2001 3487 2058 3507 om.
2084 3475 2166 3508 Val.
2183 3476 2195 3518 ΙΙ
2215 3477 2256 3509 28
2283 3486 2349 3518 quo

1292 3521 1323 3552 T
1338 3519 1348 3561 ΙΙ
1365 3519 1667 3560 administratoriis]
1683 3520 1936 3552 aministratorii
1949 3522 2027 3551 sunt
2048 3518 2102 3563 Vl}
2123 3521 2165 3554 29
2183 3521 2300 3553 scienti
2322 3520 2372 3566 VH

1289 3564 1474 3596 libertatem
1497 3564 1579 3596 Val.
1600 3562 1611 3607 ΙΙ
1627 3564 1772 3597 dationis
1792 3565 1836 3604 V]
1864 3564 2052 3596 donationis
2077 3564 2243 3610 Neobury.
2269 3566 2370 3599 dona-

1289 3610 1369 3641 toris
1396 3608 1451 3653 ΤΙΙ
1478 3611 1518 3641 33
1545 3610 1706 3650 praecessi
1728 3610 1781 3652 Vn
1808 3611 1848 3649 si]
1873 3610 1909 3641 in
1940 3610 2023 3643 Val.
2050 3608 2062 3653 ss
2091 3611 2132 3644 38
2158 3612 2251 3644 siunt
2278 3612 2312 3645 V

2058 3802 2100 3833 28
