2618 4010
1201 123 1287 171 365
1892 125 2000 168 Nov.
2030 123 2214 166 LXXIII
2248 126 2353 167 1—3

121 239 161 277 οὗ
185 240 257 285 μὴν
287 238 347 275 διὰ
378 239 532 275 πάντων
555 238 791 286 παρεοικότα,
823 244 884 274 καὶ
907 239 950 275 τό
979 253 1019 288 γε
1050 242 1110 275 ἐπὶ
1130 242 1204 274 τοῖς
1272 238 1410 282 similia,
1435 240 1472 273 et
1490 238 1664 283 quantum
1685 237 1731 273 ad
1751 237 1847 273 illam
1865 237 2083 282 scripturam
2107 235 2185 271 sine
2200 235 2351 272 termino

119 286 325 334 γράμμασιν
348 283 493 332 ἀκρίτου
517 286 581 319 τοῦ
599 285 807 333 πράγματος
826 285 1085 330 μεμενηκότος),
1110 282 1200 319 ἀλλὰ
1270 294 1381 320 causa
1403 282 1624 329 permansit),
1657 283 1722 329 sed
1744 284 1774 319 is
1808 284 1867 328 qui
1891 283 2089 328 depositum
2118 281 2180 317 dat
2203 281 2353 317 advocet

120 333 188 376 τὴν
218 329 533 387 παρακαταθήκην
567 328 687 365 διδοὺς
718 331 993 378 προςκαλείσθω
1026 334 1086 365 καὶ
1108 329 1198 375 μάρ-
1268 330 1375 365 etiam
1399 332 1510 366 testes
1534 331 1576 364 ut
1599 328 1769 374 possibile
1793 333 1848 365 est
1870 329 2043 364 honestos
2071 331 2107 381 et
2130 327 2201 363 fide
2224 327 2350 381 dignos

120 392 163 412 τυ
189 389 229 412 ας
249 388 298 416 ως
317 373 394 410 οἷόν
413 389 454 410 τε
477 375 626 420 σεμνοὺς
649 380 710 410 καὶ
731 380 887 412 πίστεως
907 375 1034 419 ἀξίους,
1058 379 1118 410 καὶ
1137 376 1201 410 οὐκ
1272 379 1308 410 et
1331 386 1403 411 non
1427 375 1546 410 minus
1568 376 1654 416 tres,
1686 378 1726 409 ut
1751 385 1821 410 non
1846 375 1883 410 in
1907 375 1986 410 sola
2009 375 2189 419 scriptura
2213 375 2250 408 et
2273 382 2351 409 eius

121 422 287 457 ἐλάττους
315 422 441 466 τριῶν,
479 422 538 455 ἵνα
569 419 618 465 μὴ
650 423 710 456 ἐπὶ
741 421 868 467 μόνων
902 420 1092 468 ἦρτήμεθα
1123 422 1201 456 τῶν
1238 421 1535 456 5examinati0ne
1558 419 1792 464 pendeamus,
1819 421 1882 456 sed
1907 420 1955 456 sit
1977 419 2219 454 iudicantibus
2244 419 2351 454 etiam

118 466 341 515 γραμμάτων
365 469 424 500 καὶ
448 468 508 510 τῆς
528 466 671 501 τούτων
689 466 962 510 ἀντεξετάσεως,
986 463 1070 502 ἀλλ’
1088 460 1110 514 ᾗ
1128 470 1201 502 τοῖς
1269 466 1416 502 testium
1437 465 1620 502 solacium.
1661 465 1805 501 Etenim
1825 466 1916 502 tales
1940 464 2210 516 testificationes
2235 464 2350 500 susci-

121 511 301 555 ὃικοὶζουσι
330 515 389 545 καὶ
414 509 436 555 ἦ
459 511 559 559 παρὰ
589 514 667 546 τῶν
696 513 895 560 μαρτύρων
926 511 1094 557 βοήθεια.
1141 515 1200 546 καὶ
1268 512 1397 557 pimus,
1434 522 1504 556 quo
1529 514 1737 556 praesentes
1760 514 1871 547 testes
1896 511 2027 552 dicant,
2060 510 2144 554 quia
2167 509 2222 545 lus
2246 519 2350 554 prae-

119 557 186 604 γάρ
222 555 264 601 δὴ
304 560 364 591 καὶ
400 556 567 592 τοιαύτας
601 563 798 604 μαρτυρίας
833 558 1073 606 προςιέμεθα,
1103 556 1200 592 ’ὥςτε
1269 557 1430 592 sentibus
1463 556 1679 602 subscripsit
1711 557 1772 602 qui
1802 557 2052 592 documentum
2075 554 2161 590 fecit
2192 558 2228 589 et
2253 554 2350 590 hunc

119 601 316 647 παριόντας
334 601 516 648 μάρτυρας
537 602 664 650 λέγειν,
690 601 739 638 οἷς
766 601 889 638 αὐτῶν
913 602 1116 651 παρόντων,
1134 601 1199 638 ’ὑπ-
1268 604 1458 639 noverunt:
1506 611 1588 636 nam
1623 602 1654 637 si
1688 602 1926 638 invenerimus
1964 603 2002 636 et
2042 600 2132 635 tales
2176 600 2350 652 quosdam

118 651 275 694 ε’γραψεν
296 644 315 682 ὁ
340 647 382 682 τὸ
403 648 626 693 συμβόλαιον
650 648 859 694 ποιούμενος
889 652 949 683 καὶ
980 649 1089 683 τοῦτο
1121 651 1197 684 ἐπί·
1214 652 1254 684 10
1268 650 1378 684 testes
1412 658 1485 683 non
1509 647 1625 681 minus
1657 657 1764 691 quam
1793 649 1867 683 tres
1900 647 2024 691 dignos
2051 645 2122 680 fide
2146 647 2349 687 exlstentes,

118 704 289 727 στανται·
325 694 357 727 εἰ
378 693 446 741 γὰρ
471 690 635 739 εὕροιμεν
659 698 718 728 καὶ
741 694 920 729 τοιούτους
943 693 1043 728 τινὰς
1065 693 1198 740 μάρτυ-
1268 703 1383 738 neque
1407 693 1514 728 talem
1537 691 1780 727 interdicimus
1798 692 1914 727 fidem.
1960 691 2085 736 Neque
2106 691 2199 726 enim
2223 694 2262 725 ut
2285 691 2349 725 ab·

118 751 180 783 ρας
201 735 264 772 ούκ
285 737 451 773 ἐλάττους
475 741 553 774 τῶν
570 741 684 787 τριῶν
702 737 931 780 ἀξιοπίστους
949 739 1198 780 καθεστῶτας,
1235 752 1237 754 ·
1268 738 1465 774 breviemus
1498 737 1730 782 probationes
1762 737 1927 782 ponimus
1956 737 2087 782 legem,
2120 736 2184 772 sed
2208 738 2249 771 ut
2270 745 2350 772 esse

117 780 200 817 οὐδὲ
223 783 290 818 τ“ν
314 783 487 829 τοιαύτην
510 781 780 832 άπαγορεύομεν
804 789 940 820 πίστιν.
980 780 1020 818 οὗ
1043 783 1114 830 γὰρ
1139 785 1199 818 ἵνα
1270 793 1332 820 eas
1356 786 1394 819 et
1418 786 1525 819 caute
1547 791 1627 819 esse
1651 782 1836 819 faciamus.

117 798 367 874 evave'fflwusv
391 829 455 865 τὰς
480 826 678 872 ἀποδείξεις
700 831 854 876 τίθεμεν
877 830 945 864 τὸν
964 826 1008 864 νό
1038 843 1090 872 ον,
1115 824 1198 863 ἀλλ’
1373 842 1377 846 ·

117 874 178 909 ἵνα
206 878 265 909 καὶ
298 875 390 910 εἶναι
420 875 553 911 ταύτας
576 875 783 921 ποιήσωμεν
818 879 877 910 καὶ
901 872 1000 922 άσφα
1025 876 1073 909 ῶς
1095 874 1199 910 εἶναι.
1215 876 1257 909 15

122 140 331 174 CAUTELA
358 141 417 171 ΕΤ
444 140 551 171 FIDE

1117 988 1273 1024 CAPUT
1297 986 1346 1023 11.

1314 1055 1385 1091 Sed
1406 1057 1441 1090 et
1462 1056 1491 1091 si
1507 1056 1585 1100 quis
1607 1058 1670 1091 aut
1686 1056 1800 1091 mutui
1820 1056 2096 1091 instrumentum
2117 1056 2181 1089 aut
2201 1052 2349 1088 alterius

159 1054 266 1091 Ἀλλὰ
287 1054 357 1093 κᾶν
380 1058 416 1092 εἴ
434 1068 488 1092 τις
509 1054 532 1101 ἢ
555 1055 792 1102 δανείσματος
814 1054 1072 1101 συμβόλαιονῆ
1092 1055 1199 1091 ἄλλον
2098 1099 2106 1108 .

1269 1101 1467 1146 cuiuspiam
1491 1101 1601 1137 faciat
1626 1106 1660 1137 et
1681 1101 1836 1138 noluerit
1860 1102 1929 1137 hoc
1950 1101 1987 1136 in
2009 1100 2152 1146 pubhco
2175 1098 2350 1134 conficere

117 1102 214 1136 τινὸς
238 1102 390 1149 πράττοι
414 1106 475 1136 καὶ
494 1102 544 1146 μὴ
564 1101 729 1147 βούλεται
753 1103 860 1136 τοῦτο
885 1099 947 1138 ἐπ’
967 1100 1098 1150 ἀγορᾶς
1118 1114 1198 1137 συν·
2109 1144 2110 1147 ¹
2251 1144 2259 1152 ο

119 1148 243 1181 θεῖναι
275 1145 376 1195 (ὅπερ
406 1151 465 1183 καὶ
498 1150 560 1182 ἐπὶ
589 1149 651 1191 τῆς
674 1147 985 1194 παρακαταθήκης
1008 1145 1198 1194 ὁρίζομεν),
1268 1146 1377 1191 (quod
1400 1148 1437 1182 et
1459 1147 1497 1181 in
1518 1147 1680 1192 deposito
1697 1145 1943 1190 definivimus),
1968 1157 2041 1183 non
2065 1156 2110 1181 ex
2130 1145 2209 1190 ipso
2228 1144 2347 1179 Videa-

117 1193 166 1238 μὴ
191 1191 351 1228 αὐτόθεν
384 1192 533 1228 δοκείτω
565 1193 699 1228 πιστὸν
727 1193 769 1227 τὸ
797 1194 1029 1241 γραφόμενον
1061 1196 1120 1228 ἐπὶ
1143 1195 1196 1237 τῷ
1266 1195 1327 1227 tur
1352 1192 1520 1228 credibile
1553 1192 1647 1237 quod
1671 1193 1841 1229 scribitur
1871 1202 1981 1238 super
2006 1194 2131 1227 mutuo
2157 1191 2347 1226 documen-

118 1236 331 1285 δανείσματι
361 1237 598 1285 συμβόλαιον,
633 1237 729 1283 πλὴν
764 1240 795 1273 εἰ
824 1239 873 1284 μὴ
906 1243 967 1273 καὶ
1002 1238 1197 1288 μαρτύρων
1211 1241 1252 1274 20
1265 1241 1359 1281 tum,
1404 1237 1473 1273 nisi
1511 1238 1618 1273 etiam
1653 1239 1799 1274 testium
1837 1239 1969 1274 habeat
2004 1236 2245 1283 praesentiam
2278 1234 2349 1269 fide

118 1286 189 1326 ἔχει
210 1289 412 1332 παρουσίαν
431 1282 656 1324 ἀξιοπίστων
673 1281 735 1318 οὐκ
751 1283 960 1320 ἐλαττόνων
975 1285 1053 1320 τῶν
1070 1286 1196 1331 τριῶν,
1266 1283 1454 1329 dignorum
1478 1294 1550 1319 non
1574 1284 1690 1319 minus
1717 1284 1840 1327 trium,
1873 1288 1913 1319 ut
1944 1284 2015 1319 sive
2039 1283 2183 1318 veniant
2207 1285 2243 1317 et
2256 1290 2348 1333 ‚pro-

119 1331 178 1363 ἴνα
203 1330 273 1364 εἴτε
306 1325 406 1364 αὐτοὶ
430 1333 689 1376 παραγίνοιντο
719 1333 779 1364 καὶ
806 1333 880 1364 τοῖς
903 1331 1042 1365 οἰκείοις
1064 1344 1199 1378 μαρτυ-
1268 1328 1354 1374 priis
1390 1329 1716 1374 subscriptionibus
1753 1332 1967 1365 attestentur
2003 1329 2075 1364 sive
2111 1328 2171 1363 alii
2207 1326 2350 1372 quidam

118 1374 264 1421 ρήσαιεν
284 1374 501 1422 γράμμασιν,
526 1374 597 1409 εἴτε
617 1377 674 1410 ἕτε
697 1379 734 1410 οί
752 1387 846 1410 τινες
864 1377 1129 1423 μαρτυροῦντες
1150 1373 1198 1411 αἱς
1267 1373 1515 1420 testificentur,
1566 1376 1626 1411 uia
1645 1376 1896 1421 praesentibus
1917 1375 1968 1410 eis
1988 1374 2190 1411 confectum
2212 1375 2268 1408 est
2287 1372 2348 1407 do-

118 1419 315 1467 παρόντων
333 1419 457 1455 αὐτῶν
488 1419 530 1454 τὸ
562 1420 678 1466 συμβό
702 1434 784 1455 αιον
811 1422 998 1469 συνετάγη,
1031 1420 1102 1467 λαμ
1129 1421 1197 1470 άνῃ
1268 1423 1482 1464 numentum,
1515 1386 1621 1456 fidem
1645 1431 1757 1457 eausa
1781 1431 1825 1456 ex
1848 1425 2002 1466 utroque
2024 1419 2211 1466 percipiat,
2244 1417 2350 1452 etiam

117 1465 158 1499 τὸ
190 1467 337 1513 πρᾶγμα
368 1465 434 1511 τὴν
465 1470 591 1501 πίστιν
605 1498 607 1501 ,
621 1467 864 1514 ἑκατέρωθεν,
896 1467 959 1501 οὐκ
990 1464 1091 1512 ἀποβ
1111 1467 1199 1511 ήτου
1212 1469 1254 1503 25
1267 1466 1466 1501 litterarum
1502 1467 1764 1503 examinatione
1797 1467 1940 1512 penitus
1977 1477 2049 1502 non
2083 1464 2247 1510 repulsa,
2287 1462 2350 1498 sed

116 1509 303 1548 παντελῶς
335 1515 394 1546 καὶ
425 1513 486 1555 τῆς
516 1513 594 1546 τῶν
615 1510 840 1559 γραμμάτων
864 1512 1058 1554 ἐξετάσεως
1081 1512 1197 1557 οὔσης,
1267 1512 1345 1549 sola
1376 1523 1450 1548 non
1481 1512 1696 1556 sufficiente,
1727 1516 1919 1558 augmento
1951 1515 2072 1549 autem
2095 1510 2240 1547 testium
2265 1519 2350 1544 con-

117 1552 207 1589 ἀλλὰ
227 1557 338 1600 μόνης
363 1554 427 1591 ούκ
451 1556 635 1605 ἀρκούσης,
666 1559 712 1606 τῇ
737 1556 777 1593 δὲ
797 1558 984 1607 προςθήκῃ
1008 1559 1087 1593 τῶν
1109 1572 1198 1607 μαρ-
1266 1557 1453 1595 firmanda.

116 1600 238 1648 τύρων
261 1606 528 1648 βεβαιουμένης.

1097 1717 1256 1755 CAPUT
1284 1716 1349 1756 m.

160 1784 207 1817 Εἰ
224 1785 348 1828 μέντοι
367 1781 511 1819 τοιοῦτό
535 1797 572 1819 τι
596 1788 754 1830 συμβαίη
779 1783 906 1821 ὁποῖον
930 1785 993 1822 ἐπ’
1013 1784 1198 1835 Ἀρμενίας
1324 1786 1363 1820 Si
1386 1795 1470 1821 vero
1500 1786 1574 1821 tale
1605 1784 1739 1830 aliquid
1772 1785 1959 1829 contigerit
1989 1785 2093 1829 quale
2121 1785 2159 1821 in
2183 1783 2352 1820 Armenia

117 1830 267 1886 ἐγένετο,
291 1833 351 1863 καὶ
371 1831 493 1877 ἕτερον
516 1832 583 1874 μὲν
606 1827 628 1874 ἡ
648 1829 852 1875 παράθεσις
875 1833 954 1866 τῶν
971 1831 1198 1879 γραμμάτων
1211 1834 1253 1867 30
1267 1831 1403 1866 factum
1427 1833 1493 1874 est,
1518 1834 1554 1867 et
1577 1830 1674 1866 aliud
1698 1831 1839 1876 quidem
1866 1831 2023 1867 faciebat
2049 1831 2190 1867 collatio
2215 1831 2350 1866 littera-

116 1875 211 1910 είποι
241 1876 364 1921 ἕτερον
394 1873 434 1909 δὲ
466 1875 505 1910 αἱ
529 1880 741 1923 μαρτυρίαι,
774 1879 974 1921 τηνικαῦτα
1007 1876 1104 1922 ἡμεῖς
1130 1880 1197 1922 μὲν
1266 1887 1347 1912 rum
1379 1876 1477 1913 aliud
1509 1886 1592 1913 vero
1617 1877 1840 1921 testimonia,
1873 1879 1960 1913 tunc
1983 1887 2049 1912 nos
2079 1877 2220 1922 quidem
2243 1875 2350 1912 aesti-

116 1919 270 1966 οἰόμεθα
303 1919 349 1955 τὰ
377 1919 476 1967 παρὰ
510 1921 626 1964 ζώσης
651 1920 831 1969 ’λεγόμενα
863 1924 985 1970 φωνῆς
1015 1927 1074 1957 καὶ
1103 1920 1194 1968 μεθ’
1266 1922 1441 1958 mavimus
1465 1932 1507 1958 ea
1531 1932 1623 1967 quae
1647 1932 1669 1958 a
1690 1923 1767 1959 viva
1790 1923 1958 1958 dicuntur
1981 1932 2068 1958 voce
2093 1925 2129 1957 et
2154 1933 2234 1958 cum
2257 1921 2351 1957 iure-

115 1964 234 2013 ὅρκων
262 1968 378 2001 ταῦτα
402 1963 679 2013 ἀξιοπιστότερα
710 1969 771 2011 τῆς
793 1970 930 2016 γραφῆς
956 1966 1062 2012 αὐτῆς
1099 1966 1194 2003 καθ’
1267 1968 1431 2011 iurando,
1464 1968 1555 2004 haec
1579 1968 1739 2012 digniora
1761 1968 1833 2004 fide
1863 1978 1969 2013 quam
1994 1967 2208 2013 scripturam
2236 1967 2352 2013 ipsam

117 2008 228 2055 αὑτὴν
251 2010 455 2057 τυγχάνειν·
500 2011 595 2056 πλὴν
618 2009 699 2046 ἀλλ’
725 2014 821 2048 ἔστω
845 2016 952 2049 τοῦτο
976 2015 1037 2058 τῆς
1059 2016 1123 2048 τοῦ
1147 2013 1199 2048 δι·
1268 2013 1463 2049 secundum
1494 2023 1533 2049 se
1557 2014 1769 2050 subsistere:
1810 2016 2054 2051 verumtamen
2088 2014 2135 2049 sit
2167 2015 2237 2049 hoc
2260 2012 2351 2048 iudi-

115 2056 284 2099 κάζοντος
319 2055 499 2104 ἀγχινοίας
530 2071 570 2092 τε
601 2056 690 2102 ὁμοῦ
730 2062 790 2094 καὶ
825 2058 1012 2107 &sowi-ias
1046 2058 1087 2094 τὸ
1121 2063 1193 2095 τοῖς
1207 2062 1249 2095 35
1263 2059 1377 2095 cantis
1397 2059 1608 2105 prudentiae
1631 2059 1736 2095 simul
1760 2063 1868 2105 atque
1888 2059 2080 2106 religionis,
2104 2063 2146 2095 ut
2164 2059 2351 2096 veracibus

115 2146 258 2188 simile&
283 2149 319 2181 et
338 2146 438 2192 quod
458 2146 587 2182 attinet
611 2141 660 2182 ad
683 2148 824 2183 litteras
851 2159 962 2184 causa
985 2160 1119 2195 parum
1143 2149 1343 2185 diiudicata
1367 2150 1553 2191 manserit)
1563 2162 1574 2182 .·
1597 2149 1662 2184 sed
1681 2150 1745 2195 qui
1768 2150 1968 2197 depositum
1992 2150 2147 2185 daturus
2169 2153 2222 2185 est
2247 2153 2354 2185 testes

116 2202 260 2237 quoque
283 2190 434 2227 advocet
456 2195 630 2238 quantum
648 2193 791 2239 poterit
813 2191 984 2229 honestos
1007 2198 1042 2229 et
1060 2193 1135 2239 fide
1159 2194 1302 2239 diqnos,
1335 2205 1402 2229 nec
1426 2194 1545 2229 minus
1568 2204 1678 2239 quam
1704 2198 1789 2237 tres,
1813 2206 1859 2231 ne
1883 2206 1933 2231 ex
1951 2195 2039 2231 solis
2062 2194 2192 2230 litteris
2211 2205 2351 2230 earum-

117 2247 186 2281 que
209 2236 480 2287 comparatione
497 2237 734 2283 pendeamus,
765 2237 831 2273 sed
852 2238 1031 2274 iudicibus
1054 2239 1162 2274 etiam
1186 2251 1210 2274 a
1235 2238 1382 2275 testibus
1405 2238 1587 2275 auxilium
1610 2243 1790 2286 suppetat.
1842 2240 1986 2276 Etenim
2009 2239 2188 2276 eiusmodi
2209 2251 2281 2286 quo
2308 2250 2353 2275 ue

119 2281 323 2316 testimonia
351 2281 591 2324 admittimus,
631 2287 670 2317 ut
700 2286 804 2318 testes
836 2283 898 2329 qui
927 2284 1114 2329 prodeunt
1143 2284 1269 2320 dicant
1295 2284 1386 2330 ipsis
1410 2283 1669 2330 praesentibus
1697 2284 1954 2333 subscripsisse
1990 2296 2068 2321 eum
2101 2286 2164 2331 qui
2194 2296 2261 2321 con
2284 2285 2353 2321 ecit

116 2327 388 2362 instrumentum
424 2326 534 2373 idque
563 2338 602 2363 se
633 2339 758 2363 nosse:
801 2328 834 2363 si
860 2329 954 2364 enim
984 2328 1159 2364 eiusmodi
1192 2333 1299 2365 testes
1330 2329 1569 2365 invenerimus
1604 2340 1678 2364 non
1708 2330 1827 2366 minus
1857 2341 1966 2378 quam
1999 2335 2072 2367 tres
2100 2330 2176 2376 fide
2206 2330 2351 2377 diqnos,

116 2383 162 2408 ne
187 2372 293 2407 talem
316 2371 458 2418 quidem
482 2372 592 2417 fidem
616 2384 866 2419 aspernamur.
914 2373 1042 2420 Neque
1065 2375 1159 2411 enim
1188 2378 1230 2410 ut
1254 2374 1496 2421 probationes
1524 2385 1757 2411 coerceamus
1790 2375 1903 2423 leqem
1924 2376 2109 2422 ponimus,
2139 2375 2205 2412 sed
2226 2379 2269 2411 ut
2290 2386 2353 2412 eas

117 2421 153 2454 et
175 2428 281 2453 veras
304 2417 510 2463 efficiamus
533 2422 569 2453 et
590 2422 696 2454 tutas.

251 2462 298 2497 H.
346 2461 421 2499 Sed
449 2463 557 2499 etiam
586 2463 619 2498 si
643 2463 724 2509 quis
756 2463 811 2499 vel
841 2464 955 2499 mutui
977 2464 1254 2501 instrumentum
1285 2465 1341 2501 vet
1372 2465 1467 2501 alius
1495 2465 1651 2501 alicuius
1678 2465 1817 2512 neqotii
1843 2465 1966 2510 faciat
1995 2478 2110 2512 neque
2140 2466 2180 2502 id
2205 2467 2352 2514 publice

116 2508 294 2553 conficere
316 2507 401 2544 velit
431 2508 543 2554 (quod
565 2509 673 2544 etiam
697 2509 735 2544 in
758 2508 924 2556 deposito
949 2509 1162 2554 definimus),
1195 2521 1240 2546 ne
1262 2510 1348 2546 ilico
1379 2511 1656 2547 instrumentum
1686 2510 1731 2546 de
1754 2514 1878 2546 mutuo
1901 2511 2078 2558 scriptum
2106 2512 2180 2557 side
2202 2513 2352 2559 diqnum

116 2553 292 2596 videatur,
325 2553 396 2588 nisi
421 2554 562 2589 testium
585 2565 729 2600 quoque
751 2553 966 2590 idoneorum
990 2566 1065 2590 non
1088 2556 1207 2591 minus
1231 2566 1339 2602 quam
1363 2557 1470 2592 trium
1491 2557 1702 2603 praesentia
1726 2556 1937 2592 accesserit:
1971 2562 2013 2592 ut
2035 2558 2109 2593 sive
2132 2558 2205 2604 ipsi
2229 2558 2352 2594 adsint
2395 2579 2400 2584 ·

116 2603 153 2635 et
176 2598 307 2634 litteris
328 2599 404 2634 suis
428 2599 667 2635 testimonium
688 2598 915 2646 perhibeant,
942 2600 1016 2636 sive
1040 2600 1104 2636 atii
1129 2600 1277 2647 quidam
1300 2602 1363 2648 qui
1388 2606 1563 2638 testentur
1586 2601 1677 2648 ipsis
1697 2601 1951 2648 praesentibus
1973 2602 2250 2639 instrumentum
2274 2615 2351 2640 esse

117 2644 364 2690 compositum,
389 2645 572 2690 neqotium
597 2646 777 2690 utrimque
796 2644 906 2690 sidem
930 2646 1089 2692 accipiat
1096 2660 1109 2688 ;
1140 2657 1215 2681 non
1239 2647 1339 2692 quod
1360 2647 1585 2683 examinatio
1609 2647 1814 2683 litterarum
1831 2647 1948 2694 plane
1970 2648 2177 2695 respuenda
2196 2649 2256 2693 sit,
2287 2649 2352 2686 sed

116 2690 203 2735 quia
224 2689 305 2725 sola
328 2700 403 2725 non
426 2689 578 2735 sufficit,
603 2701 725 2726 verum
749 2691 955 2726 accessione
980 2692 1122 2727 testium
1146 2692 1399 2736 confirmanda
1424 2697 1487 2728 est.

249 2734 312 2770 III.
361 2734 403 2770 Si
427 2738 544 2770 tamen
569 2735 641 2771 tale
672 2736 761 2782 quid
783 2736 986 2782 contiqerit‚
1018 2736 1126 2783 quale
1156 2738 1194 2771 in
1218 2737 1390 2773 Armenia
1416 2738 1559 2783 factum
1583 2742 1649 2780 est,
1682 2742 1718 2774 et
1750 2737 1853 2774 aliud
1885 2740 2112 2785 comparatio
2146 2740 2350 2777 litterarum

116 2779 249 2816 indicet
280 2779 383 2815 aliud
406 2781 626 2822 testimonia,
665 2786 750 2816 tunc
781 2791 848 2816 nos
871 2781 1014 2827 quidem
1045 2793 1088 2818 ea
1119 2793 1212 2828 quae
1236 2782 1316 2818 viva
1340 2793 1427 2819 voce
1457 2787 1492 2818 et
1516 2793 1596 2818 cum
1619 2783 1856 2819 iureiurando
1878 2783 2051 2820 dicuntur
2079 2785 2155 2831 side
2178 2786 2350 2832 diqniora

116 2836 192 2862 esse
211 2826 460 2862 existimamus
477 2837 585 2871 quam
599 2827 819 2872 scripturam
831 2838 903 2872 per
917 2838 956 2862 se
971 2827 1108 2873 ipsam:
1133 2828 1204 2862 nisi
1219 2827 1319 2873 quod
1333 2827 1463 2863 iudicis
1483 2827 1551 2863 boc
1566 2831 1643 2864 esto
1654 2828 1877 2875 prudentiae
1900 2829 2010 2865 simul
2028 2834 2065 2866 et
2087 2831 2286 2878 reliqionis‚
2310 2838 2351 2868 ut

117 2890 2328 2903 Ἣ

1244 2902 1254 2927 f
1266 2919 1404 2965 γραφῆς
1430 2919 1477 2952 23⁸
1492 2919 1504 2963 ΙΙ
1529 2916 1636 2963 αὐτῆς
1660 2917 1786 2963 (αὐτὴν
1798 2920 1860 2964 12¹)
1883 2918 1966 2955 κατ’
1985 2919 2098 2965 αὐτὴν
2118 2923 2150 2956 L
2168 2923 2180 2967 ΙΙ
2197 2925 2238 2959 35
2260 2920 2348 2968 ὁμοῦ

163 2919 177 2950 1
206 2911 247 2949 οὗ
270 2913 342 2959 μὴν
367 2929 425 2950 om.
440 2918 472 2950 L
499 2919 510 2961 ΙΙ
538 2916 680 2950 ἐοικότα
703 2918 739 2950 Β
764 2917 776 2962 ΙΙ
805 2920 865 2950 καὶ
889 2916 931 2950 τό
955 2930 995 2963 γε
1017 2919 1059 2951 Μ
1065 2921 1095 2959 ς]
1121 2921 1199 2951 καί-

1268 2977 1324 2998 om.
1339 2965 1449 3009 Epan.
1469 2964 1481 3008 ΙΙ
1497 2962 1705 3011 &comitatae
1727 2966 1777 2999 M

115 2973 214 3006 τοιγε
238 2961 336 3005 LBu
362 2962 382 2995 2
405 2959 493 2995 ἀλλὰ
516 2963 574 3005 Μ]
598 2958 679 2995 ἀλλ’
706 2958 725 2995 ὁ
750 2963 847 2999 ΕΒς
871 2961 883 3007 ΙΙ
907 2964 927 2996 3
950 2961 1018 3008 τὴν
1045 2976 1103 2996 om.
1129 2964 1165 2997 B
1188 2962 1200 3008 ΙΙ

117 3003 197 3060 deus
220 3007 262 3058 L'
276 3006 289 3049 ΙΙ
318 3008 339 3040 4
363 3003 511 3063 ὥςηοῖόν
530 3020 574 3059 τε
598 3027 641 3032 -
667 3010 686 3041 5
703 3006 829 3061 τριῶν]
854 3005 955 3062 νόμρῳ
972 3005 1200 3064 μὲνῖδεοξτοῂς

117 3049 432 3130 stetten?
450 3050 1112 3141 ,ft‘22f132⁷²·t312‡½t.2¹fl3²2².
1133 3067 1199 3141 533}

116 3138 274 3185 βοήθεια
307 3109 375 3183 einp,
412 3123 778 3188 dcafflap‘tvqovpis'vwv
807 3110 918 3186 Elian.
954 3142 966 3183 ΙΙ
1006 3145 1046 3178 10
1078 3112 1198 3185 regim]

1312 3102 1332 3134 2
1356 3101 1396 3142 is]
1420 3100 1473 3132 his
1496 3100 1530 3132 R
1553 3100 1589 3133 id
1610 3101 1660 3134 7ι
1677 3100 1690 3144 ΙΙ
1707 3101 1892 3145 deposit*m
1920 3101 1967 3134 V¹
1984 3102 1996 3145 ΙΙ
2022 3104 2043 3137 4
2068 3105 2145 3145 tres]
2170 3105 2278 3137 tribus
2300 3106 2350 3139 1⁷³

1266 3157 1292 3180 s.
1308 3158 1349 3187 υ.,
1364 3146 1447 3189 vulq.
1467 3144 1479 3188 ΙΙ
1505 3146 1554 3186 ut]
1578 3147 1637 3179 aut
1661 3146 1711 3178 13¹
1737 3145 1749 3191 ΙΙ
1777 3147 1797 3181 5
1819 3146 2020 3189 pendeamus
2043 3149 2142 3192 only]
2165 3150 2349 3194 pendamus

117 3188 207 3220 hunc
233 3187 266 3229 (i.
284 3199 309 3219 e.
327 3187 474 3226 τοῦτονς
500 3192 542 3231 cf.
559 3201 597 3231 p.
612 3190 688 3230 368,
703 3190 751 3231 36)
775 3201 793 3225 ς
819 3188 831 3231 ΙΙ
858 3190 896 3224 11
912 3187 944 3221 εἰ
958 3207 1002 3213 -
1019 3190 1058 3223 13
1073 3192 1199 3223 πίστιν

118 3245 175 3266 om.
191 3232 302 3275 Epan.
326 3231 337 3275 ΙΙ
365 3234 406 3266 12
431 3232 683 3267 καθεστώτων
708 3234 759 3267 La
780 3234 792 3274 Η
821 3235 861 3267 13
887 3230 991 3266 οὐδὲν
1016 3235 1080 3267 Ma
1096 3234 1107 3279 ΙΙ
1133 3232 1200 3277 τὴν

118 3278 220 3312 om.L
237 3277 249 3321 ΙΙ
269 3279 310 3310 14
335 3276 576 3321 συστείλωμεν
597 3279 646 3311 B⁸
655 3279 764 3322 Epan.
783 3278 796 3322 ΙΙ
820 3278 974 3321 τίθεμεν
998 3277 1063 3313 τὸν
1087 3279 1200 3324 νόμον

117 3335 176 3356 om.
191 3324 300 3366 Epan.
327 3322 338 3366 ΙΙ
366 3326 404 3357 15
430 3325 489 3356 καὶ
511 3323 615 3365 εἶναι]
640 3326 700 3357 καὶ
725 3338 781 3358 om.
798 3336 817 3360 ς
834 3323 846 3367 ΙΙ
869 3322 1002 3357 ταύτας
1027 3326 1198 3369 MEpan.]

118 3365 227 3401 αὐτὰς
239 3367 323 3401 LBf
344 3364 470 3402 αὐτοὺς
480 3370 528 3402 Β8
540 3368 551 3413 Η
567 3368 671 3411 εἶναι]
685 3369 802 3403 ταῦτα
814 3367 963 3415 λέγομεν
979 3372 1055 3403 add.
1065 3372 1175 3414 Epan.
1188 3370 1200 3416 ΙΙ

121 3415 161 3447 16
179 3411 283 3446 Ἀλλά
295 3409 362 3447 κᾶν
380 3427 437 3447 om.
452 3415 562 3457 Epan.
582 3414 593 3458 ΙΙ
611 3424 664 3448 τις
681 3409 714 3457 ἢ]
731 3410 753 3457 ἢ
773 3428 830 3449 om.
845 3416 894 3447 Β*
904 3415 1014 3458 Epan.
1032 3415 1045 3459 ΙΙ
1065 3418 1104 3451 17
1117 3414 1198 3460 βού-

120 3456 218 3492 λεται
242 3460 343 3501 MBs]
376 3457 550 3502 βούληται
575 3460 776 3503 ΙιΒζΕραη.
792 3461 836 3502 (ς)
860 3459 872 3504 ΙΙ
905 3462 944 3494 18
970 3455 1114 3533 ὅπερ-
1129 3458 1199 3505 ὁρί-

121 3504 226 3546 ζομεν
247 3518 304 3538 om.
320 3506 430 3548 Epan.
449 3506 461 3549 ΙΙ
489 3507 529 3539 19
550 3506 610 3539 ἐπὶ
627 3506 676 3539 B⁸
685 3507 794 3548 Epan.
810 3508 840 3547 ς]
865 3506 904 3539 ἐν
924 3507 1034 3539 MLB
1068 3507 1079 3549 H
1096 3508 1137 3541 20
1151 3506 1199 3550 μὴ

120 3550 223 3582 om.L
246 3549 259 3594 ss
286 3551 325 3584 21
353 3550 429 3583 τῶν
454 3564 511 3584 om.
528 3551 559 3584 L
585 3551 597 3594 ss
622 3552 665 3585 22
690 3549 793 3583 αὐτοὶ
817 3564 874 3584 om.
889 3563 909 3588 ς
926 3551 938 3594 ΙΙ
964 3553 1006 3585 24
1031 3549 1198 3599 λαμβάνῃ

122 3593 234 3635 ΜΒΓ]
260 3592 435 3639 λαμβάνει
447 3597 531 3630 LB⁸
561 3594 739 3640 λαμβάνοι
752 3597 862 3640 Epan.
887 3597 898 3641 ΙΙ
928 3599 968 3630 27
984 3594 1023 3629 δὲ
1043 3610 1100 3630 om.
1115 3597 1167 3631 ΒΓ
1185 3598 1197 3643 ΙΙ

122 3638 165 3672 29
177 3652 224 3682 sq.
244 3640 290 3672 Εἰ
312 3661 357 3666 -
380 3642 530 3688 ἐγένετο,
555 3644 626 3684 καὶ]
652 3638 766 3676 Ὅταν
789 3643 900 3686 Εραη.
927 3642 939 3686 ss
963 3644 1100 3685 μέντοι]
1131 3645 1198 3686 μέν

119 3694 159 3715 τι
171 3684 202 3716 L
219 3684 231 3728 ΙΙ
256 3686 297 3719 30
311 3687 415 3734 ἕτερα
429 3689 474 3721 Μ
485 3688 496 3731 ΙΙ
522 3689 562 3722 31
583 3687 677 3721 εἴποι
688 3689 812 3731 Epan.]
829 3690 926 3722 ποιεῖ
939 3689 983 3721 Μ
986 3686 1061 3730 (ΒΓ)
1085 3689 1198 3722 ἐποίει

122 3728 225 3766 LB's
243 3730 255 3770 ss
271 3732 313 3765 32
333 3732 453 3776 φωνῆς
473 3731 645 3780 λεγόμενα
668 3735 698 3767 L
717 3732 730 3778 ss
746 3734 788 3767 33
814 3730 919 3779 ὅρκου
936 3734 966 3767 L
985 3733 1074 3778 [ιτῆς
1092 3730 1198 3777 αὐτῆς

1268 3190 1346 3224 libri
1360 3190 1372 3235 ss
1391 3190 1502 3232 etiam]
1528 3194 1560 3223 et
1582 3190 1638 3234 711
1657 3193 1675 3224 7
1693 3193 1772 3232 quo]
1793 3195 1832 3224 ut
1852 3204 1877 3224 s.
1891 3204 1918 3225 υ.
1938 3192 1987 3225 V³
2003 3191 2016 3236 ΙΙ
2033 3194 2054 3228 9
2069 3198 2258 3228 nocuerunt
2271 3196 2320 3229 13¹
2336 3195 2349 3241 Η

1267 3236 1308 3276 si]
1334 3237 1396 3269 etsi
1420 3237 1453 3268 R.
1477 3238 1488 3278 Η
1515 3236 1705 3269 uenerimus
1726 3236 1776 3270 V¹
1797 3235 1810 3280 ss
1835 3238 1867 3269 et
1890 3249 1948 3270 om.
1963 3237 1997 3270 R
2012 3237 2024 3282 ΙΙ
2053 3240 2091 3273 11
2118 3239 2184 3273 tale
2197 3240 2347 3274 dicimus

1275 3281 1327 3315 V¹
1342 3281 1354 3324 11
1384 3282 1424 3316 12
1449 3281 1584 3323 ροηίιω
1607 3282 1655 3315 71
1680 3282 1895 3324 proponimus
1916 3282 1994 3326 V³11
2023 3284 2161 3318 16rubr.
2183 3286 2347 3324 Quemad-

1266 3326 1401 3359 modum
1431 3327 1502 3359 sine
1526 3326 1705 3360 tabellione
1736 3327 1962 3360 instrumenta
1985 3332 2081 3361 caute
2110 3330 2184 3363 fieri
2206 3334 2348 3374 possunt

1269 3372 1338 3406 ΕΤ
1351 3374 1383 3406 in
1397 3385 1459 3415 my.
1481 3372 1532 3413 (ex
1550 3372 1628 3414 Iul.)
1655 3370 1667 3416 ΙΙ
1694 3374 1733 3407 17
1760 3373 1919 3405 conficere
1946 3374 2008 3415 Τί]
2041 3375 2191 3409 confiteri
2214 3377 2348 3411 RVT2

1267 3418 1352 3461 vulq.
1384 3417 1396 3461 ΙΙ
1425 3418 1467 3451 20
1489 3417 1633 3450 habeant
1655 3418 1723 3451 VT
1741 3418 1898 3451 adibeant
1917 3419 1949 3451 R
1975 3418 1988 3463 ΙΙ
2016 3420 2055 3454 21
2081 3420 2259 3462 dignorum
2278 3433 2347 3457 non

1266 3463 1388 3503 minus]
1414 3473 1488 3495 rum
1512 3473 1580 3495 non
1600 3463 1711 3496 minus
1735 3465 1767 3498 in
1785 3476 1850 3497 ras.
1874 3464 1929 3507 711
1956 3464 2036 3506 sive]
2061 3466 2090 3497 si
2112 3466 2146 3499 V
2161 3466 2174 3511 ΙΙ
2200 3469 2243 3502 22
2263 3470 2347 3502 ates-

1267 3510 1381 3540 tentur
1405 3508 1439 3540 R
1463 3509 1507 3550 (et
1529 3509 1576 3541 sic
1600 3509 1703 3552 infra)
1726 3509 1738 3551 ιι
1770 3509 1814 3543 24
1837 3519 1969 3542 oausam
1990 3510 2040 3543 V¹
2057 3510 2069 3554 ιι
2098 3512 2209 3555 etiam]
2235 3515 2268 3547 et
2289 3507 2348 3560 Vn

1267 3554 1309 3587 25
1334 3553 1612 3586 examinationem
1645 3554 1695 3587 Va
1725 3553 1737 3598 ΙΙ
1765 3554 1898 3597 repulsa
1931 3555 1975 3596 V]
2013 3555 2148 3598 expulsa
2171 3557 2222 3591 122
2251 3559 2347 3602 pulsa

1266 3598 1357 3631 R²T
1376 3598 1388 3641 ΙΙ
1419 3599 1461 3632 26
1475 3609 1543 3631 non
1557 3611 1616 3632 om.
1636 3599 1681 3632 V¹
1709 3598 1721 3643 ΙΙ
1745 3599 2002 3632 confirmandam
2024 3602 2075 3635 Va
2099 3601 2112 3646 ΙΙ
2133 3603 2179 3637 29
2196 3607 2284 3639 rubr.
2310 3605 2347 3638 Si

1265 3643 1454 3676 litterarum
1477 3644 1556 3676 fides
1576 3655 1596 3676 a
1619 3654 1701 3677 uoce
1724 3645 1858 3678 testium
1883 3645 2047 3689 discrepet
2070 3648 2103 3681 in
2126 3661 2186 3693 my.
2206 3650 2276 3683 RT
2295 3651 2348 3692 (esc
2377 3676 2381 3680 .

1265 3690 1342 3731 Iul.)
1361 3688 1373 3732 ΙΙ
1389 3689 1426 3721 Si
1447 3689 1522 3731 VT]
1541 3689 1601 3722 Sin
1614 3690 1648 3727 R
1665 3689 1678 3729 11
1695 3691 1734 3725 31
1751 3690 2002 3725 exstimauimus
2014 3692 2049 3726 R
2066 3691 2079 3737 ss
2095 3694 2137 3728 32
2153 3697 2184 3736 a]
2202 3695 2244 3728 ad
2266 3695 2315 3730 7ι
2336 3695 2349 3740 ΙΙ

1266 3735 1307 3769 33
1334 3735 1396 3767 hoc
1416 3734 1480 3778 ΒΗ
1504 3736 1548 3769 34
1570 3736 1631 3769 hee
1656 3733 1687 3768 T
1708 3735 1721 3780 ΙΙ
1744 3736 1786 3770 35
1811 3738 1861 3779 ut]
1886 3738 1945 3771 aut
1968 3737 2018 3771 Β*
