2580 3984
133 140 373 173 MONAGHOS
400 142 565 174 VIVERE

133 242 209 275 τῶν
232 241 415 287 γυναικῶν
436 241 513 275 τῶν
531 240 579 274 εἰς
596 238 638 275 τὸ
657 238 909 287 μοναστήριον,
932 242 1039 276 τοῦτο
1057 238 1130 286 ἅμα
1148 240 1208 276 διὰ

133 287 210 320 τῶν
244 283 517 329 εὖλαβεστάτων
553 285 738 331 θυρωρῶν
772 287 1008 332 πράττοντες·
1054 285 1108 322 δεῖ
1139 287 1208 334 γὰρ

133 331 300 365 τοιαύτας
315 331 415 365 τινὰς
430 332 490 365 ἐπὶ
507 333 583 364 ταῖς
602 331 731 376 θύραις
747 329 937 376 τετάχθαι,
955 333 1060 378 αἴπερ
1077 329 1209 377 ὁμοίως

133 377 196 410 τὰς
220 374 368 410 εἰςόδους
389 378 450 408 καὶ
473 373 614 415 ἐξόδους
637 377 701 411 τὰς
724 377 771 410 εἰς
794 377 836 410 τὸ
859 377 1103 423 μοναστήριον
1127 379 1208 413 ἐπο<

133 420 326 455 πτεύουσαι
348 422 407 454 καὶ
430 419 492 453 τὰς
515 419 658 460 ἐξόδους
681 421 878 456 κωλύσουσι
902 426 961 456 καὶ
978 419 1130 467 ἀβάτους
1145 421 1208 457 ἄν·

134 464 239 510 δράσι
261 465 323 499 τὰς
345 462 495 498 εἰςόδους
519 465 614 508 πλὴν
632 467 709 501 τῶν
725 464 1009 513 ἀποκρισιαρίων
1032 466 1208 511 καταστή-

133 521 266 543 σουσιν.
311 508 346 542 οἱ
369 507 407 543 δὲ
438 513 514 544 ταῖς
545 511 724 557 θυρωροῖς
754 511 981 551 ἐντεύξονται
1011 515 1068 545 καὶ
1091 514 1210 557 ἐροῦσι

132 555 201 596 τὴν
223 555 364 588 ἑαυτῶν
395 553 531 600 ἄφιξιν,
563 553 584 598 ἦ
618 555 656 590 δὲ
687 554 861 612 ἡγουμένη
895 557 1139 600 μανθάνουσά
1170 570 1210 591 τε

132 602 190 631 καὶ
214 600 387 632 κατιοῦσα
411 601 551 634 τούτοις
575 600 794 642 ἐντεύξεται,
820 605 919 634 αυτοὶ
944 600 982 634 δὲ
1004 600 1209 636 ἀνοίσουσιν

132 640 194 676 ἐπ’
229 645 367 687 ἐκείνην
402 644 447 679 τὰ
483 648 563 690 περὶ
603 649 664 688 τῆς
698 644 820 680 αὐτῶν
853 643 1057 689 διοικήσεως

132 691 247 732 χρείας
276 686 334 734 ἐφ’
361 681 383 735 ᾖ
413 690 703 737 παραγεγόνασι·
739 694 799 724 καὶ
829 687 943 725 οὕτως
977 695 1037 724 καὶ
1071 705 1118 725 τα
1148 688 1207 724 ἇν-

133 732 308 777 θρῶπινα
339 735 593 779 πραχθήσεται
616 735 731 770 καλῶς
762 739 822 769 καὶ
845 733 866 779 ἡ
892 737 1108 782 σωφροσύνη
1132 734 1208 770 δια-

132 782 231 821 μενεῖ
252 779 490 822 πανταχόθεν
522 778 589 815 ὑπ’
616 778 761 815 οἰδενὸς
784 782 1019 825 πειραζομένη
1042 782 1161 815 κακοῦ.

133 826 154 859 1
202 824 247 857 Εἰ
270 822 312 858 δέ
332 836 385 858 τις
409 822 563 870 ἁμάρτοι
588 828 663 881 (καῖ
681 825 889 879 γὰρμπολλιὲ
911 826 956 860 τὰ
975 823 1208 870 ἀνθρώπινα,

1197 127 1281 175 673

1943 130 1983 173 N
1985 143 2049 174 ov.
2071 128 2290 173 CXXXIII
2319 132 2344 171 5

1276 241 1363 277 nulli
1385 241 1594 277 feminarum
1624 250 1714 286 quae
1736 241 1773 276 in
1797 242 2010 276 monasterio
2034 243 2136 283 sunt,
2172 239 2261 275 haec
2284 248 2350 319 per

1276 287 1573 322 reverentissimas
1598 286 1761 322 ostiarias
1784 288 1938 330 agentes.
1986 286 2136 330 Oportet
2151 286 2242 321 enim
2258 286 2296 319 ta
2311 294 2348 320 es

1277 332 1413 377 aliquas
1445 332 1491 367 ad
1514 332 1639 367 ianuas
1663 331 1834 373 ordinari,
1867 340 1957 376 quae
1988 331 2148 366 similiter
2169 330 2350 375 ingressus

1277 380 1312 412 et
1345 386 1507 421 egressus
1541 378 1578 413 in
1608 377 1860 412 monasterium
1893 376 2083 420 inspiciant
2118 379 2154 411 et
2187 384 2350 419 egressus

1244 421 1490 467 5pr0hibeant
1520 426 1555 458 et
1582 421 1845 458 inaccessibiles
1879 421 1962 456 viris
1993 421 2172 465 ingressus
2206 421 2349 465 praeter

1277 466 1526 511 apocrisiarios
1559 467 1788 502 constituant.
1836 466 1893 501 Illi
1915 475 1997 501 vero
2030 465 2075 501 ad
2109 465 2272 501 ostiarias
2296 465 2349 500 lo-

1278 516 1429 556 quentur
1459 516 1495 547 et
1524 512 1642 547 dicent
1670 522 1772 547 suum
1801 512 2008 552 adventum,
2043 510 2246 545 abbatissae
2267 519 2350 545 vero

1277 566 1341 601 per
1364 567 1424 592 eas
1453 559 1686 600 agnoscentes
1717 559 1752 591 et
1781 556 2035 591 descendentes
2067 555 2122 590 his
2150 555 2349 599 loquentur,

1277 606 1311 636 et
1334 602 1384 636 illi
1408 602 1562 637 referent
1592 602 1637 636 ad
1667 601 1745 635 illas
1776 601 1819 636 de
1850 610 1971 636 earum
2001 600 2256 644 gubernatione
2288 603 2351 633 aut

1099 644 1115 655 ’⁸
1148 648 1210 689 τῆς
1224 650 1262 682 10
1277 646 1430 681 utilitate
1460 657 1525 691 pro
1557 656 1626 690 qua
1649 649 1838 690 venerunt;
1870 647 1906 680 et
1934 645 1986 680 ita
2016 648 2052 679 et
2081 655 2172 689 quae
2194 645 2351 679 humana

1276 696 1359 726 sunt
1389 696 1543 735 aguntur
1573 691 1663 726 bene
1693 695 1728 725 et
1758 691 1903 726 castitas
1932 693 2117 735 permanet
2146 689 2301 735 undique
2329 698 2351 723 a

1277 736 1372 771 nullo
1397 739 1570 781 temptata
1592 736 1696 771 malo.

1278 828 1298 861 1
1347 826 1478 870 Siquis
1499 829 1617 861 autem
1638 825 1822 870 deliquerit
1845 826 1937 867 (nam
1953 823 2065 858 multa
2085 825 2168 858 sunt
2186 823 2351 866 humana,

133 871 192 902 καὶ
215 865 278 902 οὐκ
303 867 350 903 ἅν
377 881 429 903 τις
454 869 602 904 δύναιτο
624 884 692 914 την
715 883 823 916 φυσιν
847 883 959 905 ουτως
983 873 1141 913 ἐπισχεῖν
1161 868 1209 904 ὠς
1224 874 1263 906 15
1278 876 1313 906 et
1335 871 1454 906 nullus
1477 871 1607 916 poterit
1629 872 1794 905 naturam
1819 869 1871 905 sic
1894 869 2044 905 retinere
2068 871 2108 903 ut
2131 879 2202 903 non
2226 870 2352 913 peccet

133 910 356 959 ἁμαρτάνειν
378 913 506 958 μηδέν·
530 916 637 949 τοῦτο
661 916 730 962 γάρ
753 918 829 950 ἐστι
852 915 965 960 μόνου
988 917 1104 959 θεοῦ),
1129 917 1208 949 τοῦ·

132 972 197 992 τον
219 963 363 1003 μετρίου
386 962 453 1003 μὲν
475 959 579 994 ὄντος
602 961 667 994 τοῦ
691 965 914 1004 πταίσματος
939 964 997 995 καὶ
1020 961 1209 996 νουθετεῖν

133 1006 191 1035 καὶ
222 1004 427 1050 καθείργειν
458 1008 516 1037 καὶ
547 1010 738 1051 μετανοίας
762 1004 860 1048 αὐτῷ
896 1005 1038 1040 διδόναι
1070 1004 1207 1049 καιρόν,

133 1048 191 1080 ἵνα
215 1047 349 1082 καλλίω
379 1049 484 1089 τάξιν
509 1049 633 1092 λαβὼν
665 1051 774 1084 αὐθις
799 1051 995 1086 ἐπανέλθοι
1020 1051 1108 1097 πρὸς
1130 1052 1208 1084 ἑαυ-

1277 916 1380 951 nihil:
1416 917 1485 952 hoc
1517 916 1608 951 enim
1640 916 1822 961 proprium
1853 919 1908 950 est
1939 914 2051 950 solum
2082 913 2162 958 dei),
2197 915 2293 948 hunc
2321 912 2352 948 si

1277 961 1414 1005 quidem
1446 961 1622 996 mediocre
1652 965 1839 1006 peccatum
1872 962 1943 1004 est,
1977 962 2012 994 et
2042 968 2184 994 monere
2215 962 2250 993 et
2273 968 2351 993 sus-

1276 1006 1429 1050 pendere
1452 1009 1487 1041 et
1511 1005 1747 1051 paenitentiae
1771 1005 1803 1040 ei
1827 1005 1912 1040 dare
1935 1007 2085 1049 tempus,
2112 1008 2152 1038 ut
2174 1003 2351 1039 meliorem

1277 1051 1433 1086 ordinem
1457 1062 1600 1086 sumens
1624 1061 1705 1086 mox
1729 1053 1926 1086 revertatur
1956 1050 2001 1084 ad
2030 1051 2142 1084 semet
2171 1049 2287 1094 ipsum
2316 1051 2352 1083 et

132 1092 199 1125 τὸν
231 1097 290 1126 καὶ
312 1093 361 1136 μὴ
385 1094 465 1127 τοὺς
489 1091 556 1147 ἤδη
581 1094 910 1138 καταβεβλημένους
939 1094 1121 1131 ἀπολέσειε
1146 1096 1207 1130 πό4
1222 1098 1263 1130 20
1277 1106 1348 1131 non
1371 1106 1461 1139 quos
1484 1097 1553 1131 iam
1577 1096 1696 1141 posuit
1729 1095 1867 1131 amittat
1889 1095 2046 1138 labores3
2083 1094 2113 1130 si
2137 1104 2218 1129 vero
2242 1093 2351 1128 maio-

131 1148 227 1170 νους·
254 1139 284 1171 εἰ
309 1137 347 1171 δὲ
369 1140 504 1181 μείζων
520 1152 539 1172 ο
559 1141 622 1172 τοῦ
641 1144 863 1182 πταίσματος
886 1142 937 1184 εἴη
954 1141 1096 1186 τρόπος,
1120 1142 1209 1186 πρὸς

130 1181 199 1224 τὴν
223 1178 405 1228 ἆμαρτίαν
429 1186 487 1216 καὶ
511 1183 579 1226 τὴν
603 1185 807 1228 ἐπιμέλειαν
837 1188 897 1228 τῆς
921 1186 1210 1231 ἐπανορθώσεως

131 1226 223 1260 εἶναι
239 1231 298 1261 καὶ
316 1223 424 1262 αὖθις
448 1228 644 1262 νουθεσίαν
668 1228 913 1277 σφοδροτέραν
937 1235 996 1265 καὶ
1011 1230 1209 1276 μετάνοιαν

132 1272 279 1316 ἰσχυρὰν
317 1269 494 1307 ἀπαιτεῖν.
542 1277 601 1307 καὶ
632 1275 662 1308 εἰ
692 1277 760 1319 μὲν
792 1277 943 1318 ἰσχίσειε
970 1277 1108 1311 τούτοις
1138 1280 1210 1309 τοῖς

1276 1141 1324 1175 ris
1351 1141 1477 1185 culpae
1507 1142 1554 1176 sit
1576 1141 1717 1184 modus,
1749 1141 1941 1176 secundum
1966 1140 2190 1175 commissum
2221 1142 2256 1174 et
2279 1149 2351 1174 me-

1276 1185 1391 1220 delam
1417 1186 1646 1221 correctionis
1677 1196 1754 1221 esse
1785 1190 1821 1220 et
1847 1195 1972 1221 rursus
1996 1185 2269 1220 admonitionem
2292 1193 2351 1219 ve-

1275 1230 1527 1267 hementiorem
1560 1235 1595 1266 et
1617 1231 1868 1276 paenitentiam
1898 1230 2023 1266 fortem
2052 1230 2202 1274 exigere.
2228 1229 2298 1264 *Et
2321 1229 2352 1264 si

1277 1276 1415 1320 quidem
1444 1276 1594 1311 valuerit
1628 1276 1705 1311 istis
1738 1276 1851 1311 modis
1881 1285 2043 1311 amovere
2070 1275 2209 1320 lapsum
2239 1274 2352 1310 susci-

131 1318 277 1360 τρόποις
310 1319 426 1351 σῶσαι
457 1319 524 1352 τὸν
556 1316 784 1372 ὀλισθαίνειν
808 1322 1006 1376 ἀρχόμενον
1038 1322 1092 1364 (τὸ
1119 1319 1207 1355 αὐτὸ
1223 1323 1263 1355 25
1276 1321 1441 1373 piendum
1466 1322 1548 1364 (hoc
1572 1324 1691 1356 autem
1715 1323 1751 1356 et
1773 1321 1810 1355 in
1831 1321 2035 1356 mulieribus
2062 1320 2237 1356 conversis
2262 1324 2297 1354 et
2315 1320 2352 1354 in

132 1361 170 1395 δὲ
199 1366 257 1395 καὶ
288 1364 346 1397 ἐπὶ
378 1364 560 1409 γυναικῶν
590 1361 777 1399 ἀσκουσων
809 1370 866 1399 καὶ
899 1366 1045 1412 ανδρῶν
1068 1371 1207 1412 φαμεν),

131 1407 235 1451 χάριν
258 1406 387 1441 εἰδέναι
416 1410 468 1451 τῷ
488 1408 630 1455 μεγάλῳ
657 1410 733 1453 θεῷ
767 1412 818 1453 τῷ
844 1415 903 1444 καὶ
928 1414 966 1445 έν
990 1410 1132 1454 οὐρανῷ
1156 1415 1207 1457 yl-

131 1453 265 1486 νεσθαι
281 1452 394 1497 χαρὰν
410 1457 486 1487 ταῖς
504 1451 702 1500 ἆγγελικαῖς
717 1456 858 1490 εἰπόντι
875 1455 1079 1500 δυνάμεσιν,
1103 1455 1207 1499 ἡνίκα

131 1509 184 1532 τις
219 1498 358 1541 σωθείη
395 1500 470 1532 τῶν
503 1498 810 1553 αμαρτανόντων·
850 1503 881 1535 εἰ
916 1500 955 1535 δὲ
989 1506 1151 1547 κρεῖττον
1185 1499 1207 1544 ἢ

1277 1366 1360 1401 viris
1390 1366 1562 1408 dicimus),
1594 1369 1711 1410 grates
1743 1376 1847 1409 agere
1877 1377 2002 1410 magno
2033 1366 2108 1408 deo,
2142 1376 2221 1400 cum
2253 1369 2288 1400 et
2316 1365 2353 1398 in

1278 1411 1375 1447 caelo
1404 1411 1469 1446 fiat
1499 1411 1665 1456 gaudium
1694 1411 1863 1455 angelicis
1887 1411 2092 1455 virtutibus,
2126 1410 2264 1455 quando
2289 1410 2352 1444 ali-

1278 1457 1353 1500 quis
1391 1457 1509 1492 salvus
1544 1456 1584 1491 fit
1618 1459 1862 1501 peccatorum3
1899 1457 1928 1492 si
1957 1467 2039 1491 vero
2075 1456 2231 1500 potiores
2259 1454 2354 1490 ultra

1276 1502 1485 1537 medicinam
1522 1511 1652 1537 causae
1686 1501 1792 1544 fiant,
1836 1505 1920 1536 tunc
1956 1502 2061 1536 etiam
2106 1501 2235 1546 expelli
2274 1510 2353 1535 eum

132 1543 222 1576 κατὰ
248 1543 451 1598 θεραπείαν
482 1557 525 1578 το
557 1546 703 1592 πρᾶγμα
726 1549 890 1599 γένηται,
921 1548 1117 1600 τηνικαῦτα
1148 1547 1500 1590 καὶ3υωοιιαεῑετίο,
1533 1551 1708 1593 quatenus
1740 1547 1828 1582 dans
1853 1550 1963 1582 semet
1995 1547 2109 1591 ipsum
2135 1556 2178 1581 ex
2201 1545 2353 1580 meliori-

132 1588 288 1628 ἐξωθεῖν
308 1589 422 1622 αυτὸν
446 1590 508 1622 τοῦ
524 1595 775 1635 μοναστηρίου,
800 1603 900 1626 οπως
921 1607 967 1626 αν
987 1590 1106 1626 ἐκδοὺς
1129 1592 1207 1625 ἑαυ-

132 1635 198 1667 τὸν
219 1635 256 1666 ἐκ
272 1635 348 1668 τῶν
363 1633 566 1668 καλλιόνων
591 1639 662 1669 τοῖς
685 1640 840 1682 χείροσιν
865 1635 972 1671 αὐτὸς
996 1639 1058 1680 τῆς
1081 1638 1208 1671 ἑαυτοῦ

131 1682 253 1712 κακίας
274 1676 488 1713 ἀπολαύσειε
510 1679 619 1723 μόνος
642 1684 699 1713 καὶ
720 1681 768 1725 μή
787 1695 822 1715 τι
846 1684 923 1716 τῶν
939 1683 1065 1717 ἑαυτοῦ
1089 1683 1211 1715 κακῶν

1277 1592 1343 1629 bus
1368 1593 1414 1628 ad
1436 1593 1558 1638 peiora
1588 1592 1665 1637 ipse
1689 1592 1764 1628 suis
1787 1592 1889 1629 malis
1913 1592 2072 1638 potiatur
2097 1592 2194 1628 solus
2225 1594 2260 1626 et
2282 1600 2354 1626 non

130 1833 336 1869 mulieribus
358 1845 451 1879 quae
474 1835 512 1869 in
533 1838 751 1870 monasterio
775 1842 859 1870 sunt
883 1836 1146 1882 colloquentur,
1178 1837 1215 1871 id
1237 1838 1344 1871 simul
1364 1848 1432 1883 per
1454 1837 1747 1883 reliqi‘osissimas
1770 1838 1939 1873 ostiarias
1962 1837 2087 1873 acturi.
2137 1836 2241 1871 Tales
2262 1835 2355 1871 enim

130 1879 273 1924 aliquas
295 1885 436 1925 oportet
462 1879 511 1915 ad
531 1880 636 1925 sores
659 1881 839 1921 constitui,
864 1892 957 1926 quae
971 1882 1136 1917 similiter
1160 1883 1341 1928 inqrcssus
1365 1888 1399 1917 et
1423 1893 1589 1929 eyressus
1612 1884 1649 1917 in
1674 1885 1893 1919 monasterio
1918 1883 2113 1923 observent,
2137 1886 2172 1917 et
2191 1891 2356 1927 eqressus

130 1923 347 1970 prohibeant
369 1929 403 1960 et
422 1925 539 1960 invios
562 1926 648 1961 viris
671 1926 854 1971 inqressus
878 1927 1040 1973 exceptis
1064 1928 1314 1974 apocrisiariis
1336 1927 1499 1963 reddant.
1547 1930 1665 1974 Atque
1685 1928 1724 1963 hi
1742 1938 1821 1963 cum
1844 1928 2004 1963 ostiariis
2025 1928 2218 1973 loquentur
2237 1937 2354 1961 suum-

132 1979 199 2013 que
231 1969 420 2004 adventum
452 1970 684 2011 nuntiabunt,
717 1970 897 2005 abbatissa
930 1977 1047 2007 autem
1079 1973 1213 2008 certior
1239 1974 1344 2017 facta
1377 1978 1411 2007 et
1435 1973 1651 2008 descendens
1683 1984 1760 2008 cum
1792 1974 1864 2008 illis
1897 1973 2075 2019 loquetur,
2107 1972 2176 2019 ipsi
2199 1982 2283 2008 vcro
2308 1971 2357 2006 ad

132 2024 209 2048 eam
232 2015 390 2052 reserent
447 2025 515 2049 uae
538 2015 587 2049 ad
610 2014 953 2050 administrationem
981 2027 1082 2051 suam
1115 2017 1170 2052 vel
1192 2018 1371 2062 neqotium
1391 2028 1464 2062 pro
1494 2023 1547 2052 ter
1572 2017 1670 2063 qnod
1691 2018 1913 2053 advenerunt
1936 2018 2142 2064 pertinent:
2176 2017 2299 2062 itaque
2321 2019 2356 2052 et

133 2058 311 2100 humanae
335 2069 392 2093 res
438 2070 502 2094 ene
552 2063 745 2104 eraqentur
768 2064 804 2094 et
828 2060 975 2094 castitas
998 2061 1154 2106 undique
1177 2061 1377 2095 servabitur
1401 2028 1500 2096 nubo
1525 2062 1621 2097 malo
1647 2067 1829 2108 temptata.

133 2106 152 2139 1
202 2103 242 2138 Si
265 2103 347 2148 quis
370 2113 453 2138 vero
478 2103 522 2139 de
536 2104 668 2149 iquerit
696 2103 821 2145 (multa
844 2104 935 2138 enim
958 2110 1042 2139 sunt
1066 2105 1241 2146 humana,
1274 2116 1338 2140 nec
1361 2107 1550 2151 quisquam
1575 2111 1742 2141 naturam
1766 2108 1818 2142 ita
1842 2108 2024 2142 continere
2042 2106 2175 2153 possit,
2204 2109 2243 2141 ut
2266 2105 2357 2142 nihil

133 2148 340 2194 delinquat;
375 2147 414 2182 id
435 2148 527 2183 enim
551 2148 664 2183 solius
686 2148 744 2183 dei
767 2152 842 2191 est),
867 2160 945 2183 eum
969 2150 1002 2183 si
1021 2150 1160 2195 quidem
1184 2150 1361 2184 mediocre
1382 2150 1430 2185 sit
1453 2150 1630 2191 delictum,
1654 2155 1690 2187 et
1709 2150 1898 2187 admoneat
1922 2157 1957 2187 et
1980 2158 2144 2187 coerceat
2174 2156 2210 2187 et
2230 2151 2354 2198 paeni-

135 2194 265 2228 tentiae
287 2193 319 2228 ei
343 2197 479 2239 tempus
504 2194 686 2235 concedat,
719 2197 757 2228 ut
781 2194 817 2228 in
841 2194 1019 2229 meliorem
1044 2195 1204 2230 ordinem
1228 2195 1395 2230 redactus
1418 2194 1466 2229 ad
1486 2206 1525 2230 se
1546 2195 1671 2231 redeat
1693 2207 1778 2232 neve
1802 2207 1894 2242 quos
1923 2197 1993 2231 iam
2018 2196 2191 2242 impendit
2213 2196 2355 2232 labores

131 2238 272 2284 perdat.
323 2238 387 2272 Sin
410 2240 558 2289 qravt'us
580 2239 627 2273 sit
650 2238 769 2274 delicti
793 2249 916 2284 qenus,
938 2250 1007 2285 pro
1027 2241 1168 2275 ratione
1184 2241 1332 2286 peccati
1352 2240 1459 2275 etiam
1484 2251 1573 2275 cura
1596 2241 1856 2276 emendationis
1879 2241 2092 2277 adhibeatur
2115 2242 2268 2287 itemque
2291 2241 2354 2277 ad-

133 2284 281 2318 monitio
306 2294 465 2318 severior
497 2289 605 2329 atque
627 2284 742 2328 sortis
768 2284 991 2329 paenitentia
1015 2285 1198 2331 exiqatur.
1248 2284 1296 2319 Et
1319 2286 1352 2319 si
1374 2284 1515 2330 quidem
1546 2284 1602 2320 his
1624 2286 1740 2321 modis
1762 2296 1907 2322 servare
1937 2298 2015 2322 eum
2047 2287 2111 2333 qui
2142 2286 2216 2322 labi
2237 2287 2354 2333 coepit

134 2329 286 2363 valuerit
308 2328 412 2370 (idem
438 2334 555 2363 autem
579 2333 614 2364 et
636 2328 679 2363 de
702 2328 906 2364 mutieribus
929 2329 1259 2365 sanctimonialibus
1282 2335 1316 2365 et
1336 2330 1379 2365 de
1399 2331 1485 2365 viris
1506 2330 1681 2372 dicimus),
1705 2332 1862 2377 qratiam
1883 2331 2014 2367 habeat
2036 2342 2169 2376 maqno
2190 2331 2268 2373 deo,
2293 2332 2357 2383 qui

134 2374 170 2407 in
195 2374 292 2407 eaelo
317 2384 460 2419 quoque
489 2373 662 2419 qaudium
677 2374 811 2420 parari
841 2374 1014 2418 anqelieis
1043 2375 1282 2420 potestatibus
1305 2374 1418 2415 dixit,
1452 2376 1487 2410 si
1508 2377 1589 2421 quis
1610 2376 1835 2421 peccantium
1859 2380 2041 2417 servetur;
2074 2378 2105 2410 si
2129 2387 2213 2412 vero
2237 2387 2355 2411 mator

133 2429 191 2453 res
213 2419 259 2452 sit
284 2429 390 2463 quam
414 2418 473 2453 cui
495 2418 630 2454 medela
654 2418 820 2454 adhiberi
838 2419 967 2464 possit,
1003 2424 1074 2454 tum
1098 2421 1204 2455 etiam
1228 2420 1388 2465 expellat
1411 2431 1488 2454 eum
1513 2422 1744 2463 monasterio,
1776 2425 1817 2456 ut
1840 2431 1919 2456 cum
1943 2432 1981 2457 se
2004 2422 2082 2468 ipse
2105 2433 2127 2456 a
2150 2421 2355 2456 melioribus

133 2463 182 2498 ad
205 2464 338 2509 peiora
368 2463 577 2506 contulerit,
611 2474 699 2499 suae
728 2464 806 2509 ipse
836 2463 994 2499 malitiae
1026 2465 1126 2499 solus
1152 2466 1315 2511 fructum
1348 2465 1472 2511 capiat
1505 2475 1591 2501 neve
1625 2465 1714 2511 quid
1744 2465 1911 2502 vitiorum
1946 2477 2095 2502 suorum
2129 2467 2237 2502 etiam
2272 2466 2355 2502 aliis

181 2624 195 2655 1
215 2622 351 2653 *τοῦτο
370 2616 455 2664 ἅμα]
478 2621 586 2653 τοῦτο
602 2617 692 2654 ἄλλα
711 2621 820 2654 MLB
844 2618 911 2653 ὅλα
928 2622 958 2654 A
983 2623 1041 2653 καὶ
1058 2622 1164 2654 τοῦτο
1186 2623 1213 2655 C

134 2666 212 2699 haec
244 2679 263 2702 ς
298 2667 418 2707 (τοῦτο
449 2662 535 2698 αὐτὸ
571 2668 649 2699 coni.
676 2667 874 2705 Zachariae)
903 2666 915 2709 ss
944 2669 963 2700 2
993 2666 1209 2710 πράττοντες

134 2720 207 2745 ante
231 2708 290 2744 διὰ
313 2711 390 2744 τῶν
414 2712 485 2744 coll.
509 2712 541 2744 A
559 2712 570 2752 ΙΙ
588 2713 607 2745 3
631 2707 809 2751 τοιαύτας]
834 2709 1001 2744 τοιαύτας
1024 2711 1115 2744 εἶναι
1140 2711 1175 2744 Β
1198 2711 1210 2755 ΙΙ

132 2756 233 2790 τινὰς
252 2764 327 2800 post
351 2755 481 2800 θύραις
505 2757 576 2789 coll.
600 2757 630 2789 A
661 2757 672 2799 ΙΙ
702 2758 772 2797 ἐπὶ]
804 2758 863 2788 καὶ
888 2756 947 2789 ἐπὶ
972 2757 1080 2789 MLB
1108 2757 1119 2798 ΙΙ
1149 2756 1210 2798 τῆς

133 2799 249 2844 θύρας
277 2802 306 2834 C
329 2801 342 2845 ΙΙ
371 2803 391 2834 4
416 2800 478 2834 τὰς
502 2814 559 2834 om.
585 2803 613 2834 A
638 2802 650 2844 ss
678 2803 748 2842 καὶ]
773 2813 812 2833 τε
836 2803 895 2833 καὶ
925 2803 952 2834 C
973 2802 984 2844 ΙΙ
1014 2800 1074 2834 τὰς
1097 2801 1144 2834 εἰς
1167 2820 1210 2826 -

133 2843 275 2886 ἐξόδους
301 2859 359 2881 om.
374 2846 405 2879 A
423 2846 435 2890 ΙΙ
453 2842 713 2880 έποπτεύσαιεν
743 2847 798 2882 (ῖς
814 2846 826 2884 ΙΙ
845 2850 864 2880 5
889 2843 1043 2888 ἀβάτους
1067 2842 1134 2879 ἇνὸ
1157 2846 1210 2879 ῶν

134 2889 284 2925 εἱςόδους
311 2892 339 2924 C
365 2892 376 2934 ΙΙ
407 2894 423 2924 7
450 2890 485 2924 οἱ
508 2888 557 2932 δὲ]
592 2887 676 2924 οὐδὲ
700 2892 741 2924 M
763 2891 775 2934 ΙΙ
805 2891 1032 2929 ἐντειῗξονται
1057 2889 1128 2931 (τεύ
1153 2903 1208 2924 ον-

133 2949 192 2969 ται
217 2937 260 2976 L)
286 2937 406 2976 MLB]
432 2948 470 2969 τε
495 2932 721 2975 έντεὺξονται
747 2937 812 2969 AC
829 2936 841 2979 ΙΙ
858 2935 925 2978 τὴν
950 2936 1088 2969 ἑαυτῶν
1113 2937 1209 2980 ἐροῦ·

135 2992 193 3013 σιν
208 2982 237 3013 Λ
256 2982 267 3023 ΙΙ
286 2982 304 3014 8
322 2978 343 3023 ἦ
362 2978 401 3012 δὲ
418 2977 591 3026 ἡγουμένη
611 2981 855 3023 μανθάνουσα
871 2982 939 3024 μὲν
959 2983 1017 3013 καὶ
1037 2981 1209 3015 κατιοῦσα

136 3026 261 3058 MLB
299 3021 320 3067 ἡ
344 3023 384 3058 δὲ
406 3023 580 3070 ἡγουμένη
604 3024 842 3068 μανθάνουσα
865 3039 904 3059 τε
928 3029 986 3058 καὶ
1010 3022 1060 3058 δι’
1087 3024 1210 3060 αὐτῶν

134 3069 307 3103 κατιοῦσα
331 3071 361 3103 A
409 3069 445 3103 αἱ
470 3069 509 3103 δὲ
540 3066 734 3115 ἡγούμεναι
765 3068 818 3103 δι’
844 3067 967 3104 αὐτῶν
996 3067 1207 3114 μανθάνου-

134 3118 197 3147 σαί
210 3127 248 3148 τε
266 3117 323 3147 καὶ
340 3116 527 3148 κατιοῦσαι
545 3118 598 3151 (lg
615 3117 626 3158 ΙΙ
645 3119 665 3150 9
682 3114 910 3155 έντεύξονται
932 3117 984 3152 Ge
1000 3119 1011 3158 ΙΙ
1036 3112 1137 3149 αὐτοὶ
1158 3114 1208 3158 δὲ]

134 3163 192 3192 καὶ
212 3156 316 3192 αὐταὶ
334 3157 374 3192 δὲ
394 3162 422 3193 C
434 3161 446 3203 ΙΙ
464 3156 659 3194 ἀνύσουσιν
679 3162 858 3204 Cplerique
877 3162 888 3202 ΙΙ
908 3164 947 3196 10
966 3158 1026 3195 ἐπ’
1043 3162 1158 3207 ἐκείνῃ
1173 3162 1208 3195 Β

134 3206 364 3248 έπικρίνασαι
383 3207 456 3249 (leq.
475 3201 534 3239 ἐπ’
551 3206 695 3247 ἐκείνας)
720 3207 749 3239 C
767 3206 809 3238 ad
824 3205 897 3238 illas
913 3218 932 3242 ς
949 3206 961 3249 ΙΙ
978 3206 1117 3239 ἑαυτῶν
1133 3207 1208 3240 ΜΒ

133 3252 220 3293 vuly.
239 3250 251 3292 ss
273 3252 306 3283 ll
328 3246 373 3292 ἢν
395 3250 446 3294 Cu
464 3250 595 3290 καὶτὰ]
617 3253 677 3283 καὶ
694 3264 750 3284 om.
766 3251 802 3284 B
820 3250 832 3290 ΙΙ
851 3253 891 3285 12
911 3249 1070 3294 διαμένει
1085 3252 1120 3284 Β
1135 3252 1147 3290 ΙΙ
1168 3254 1208 3286 13

134 3295 419 3339 ἐπηρεσαζομένη
445 3298 520 3338 (pro
539 3296 814 3341 ἐπηρεαζομένη)
838 3296 868 3329 A
894 3296 906 3339 ΙΙ
938 3298 977 3330 16
1001 3297 1089 3337 ἐστι]
1113 3293 1208 3330 ἴδιόν

134 3341 210 3373 ἐστι
231 3341 259 3373 C
265 3353 292 3376 ς.
320 3341 505 3383 Respicitur
521 3354 628 3373 versus
645 3342 845 3382 (Simonidis)
863 3344 1030 3384 proverbii
1046 3343 1112 3375 loco
1130 3343 1207 3375 cele-

136 3388 245 3419 bratus
264 3382 376 3428 μηδέν
393 3381 565 3430 ἁμαρτεῖν
585 3386 661 3418 ἐστι
678 3385 767 3418 θεοῦ
788 3387 847 3418 καὶ
863 3386 985 3420 πάντα
1002 3385 1208 3431 κατορθοῦν

133 3432 189 3473 (cs.
218 3432 293 3463 Cod.
312 3434 338 3469 l,
354 3439 395 3470 Π,
410 3439 425 3463 2
443 3436 458 3470 ᾗ
477 3433 519 3471 13)
546 3431 559 3473 ΙΙ
586 3428 713 3474 μόνου]
745 3431 849 3463 solum
873 3433 907 3473 (i.
929 3445 953 3464 e.
978 3428 1130 3474 μόνονῗ)
1155 3444 1174 3468 ς
1196 3434 1206 3474 ΙΙ

133 3473 259 3508 τούτου
289 3476 317 3509 C
347 3472 464 3509 τούτω
489 3478 518 3508 Α
535 3476 548 3518 ΙΙ
576 3478 613 3509 17
636 3477 783 3520 μέτριον
807 3478 837 3509 A
853 3478 865 3519 ΙΙ
883 3479 1106 3519 πταίσματος
1129 3491 1167 3511 ex
1189 3490 1207 3514 ς

135 3521 319 3554 Zachariae
338 3522 393 3564 (cf.
408 3522 475 3562 21)]
501 3519 708 3565 πράγματος
720 3521 896 3555 MLABG
917 3521 929 3564 ΙΙ
950 3523 989 3555 18
1014 3517 1119 3564 αὖτῆι
1142 3523 1173 3555 L
1195 3524 1207 3563 ΙΙ

138 3568 177 3599 19
201 3563 350 3599 καλλίαν
373 3568 401 3599 Δ
431 3567 443 3609 {1
471 3563 668 3609 ἀναλαβών
692 3566 722 3599 A
749 3566 761 3610 ΙΙ
793 3568 834 3600 20
858 3564 919 3610 μὴ]
953 3564 1043 3610 μηδὲ
1066 3568 1094 3601 C
1109 3581 1136 3601 υ.
1152 3569 1172 3600 l.
1195 3567 1200 3611 Ι

134 3605 304 3643 ἇπολέσοι
327 3613 357 3644 A
376 3611 388 3653 ΙΙ
405 3612 443 3645 21
469 3612 605 3654 μείζων
625 3607 658 3651 ὁ]
683 3611 816 3644 maioris
837 3614 871 3648 (i.
890 3625 913 3644 e.
931 3613 1127 3655 μείζονοςῖ)
1153 3625 1171 3648 ς
1193 3613 1198 3656 1

134 3653 339 3709 npdflaea‘toe
365 3656 398 3690 Β
417 3657 428 3699 ΙΙ
453 3659 494 3691 22
518 3654 760 3701 ἀνορθώσεως
784 3657 814 3690 L
835 3657 847 3700 ΙΙ
875 3658 916 3690 25
941 3655 1096 3691 ὄλισθον
1122 3659 1172 3693 Ος
1195 3659 1207 3700 ΙΙ

135 3701 326 3743 ἐρχομενον
344 3702 374 3734 Α
392 3700 405 3745 ΙΙ
420 3700 462 3735 τὸ
481 3698 570 3736 αὐτὸ
588 3698 711 3743 (ταύτὸ
722 3702 765 3744 Α)
782 3699 832 3743 δὲ]
857 3702 964 3736 τοῦτο
985 3703 1041 3740 Cf
1057 3703 1071 3748 ΙΙ
1087 3705 1127 3738 26
1147 3705 1206 3736 καὶ

205 3756 255 3785 111.

1277 2618 1433 2665 ἀνδρῶν]
1459 2624 1491 2654 et
1513 2621 1549 2655 in
1574 2623 1654 2655 viris
1676 2634 1696 2659 ς
1724 2622 1737 2668 ΙΙ
1765 2624 1806 2656 27
1831 2624 1885 2665 τῷ
1908 2625 1979 2665 καὶ]
2004 2624 2056 2666 ’τῷ
2083 2637 2139 2657 om.
2159 2625 2187 2658 C
2205 2624 2217 2667 ΙΙ
2241 2625 2282 2658 28
2306 2624 2352 2656 εἰ·

1276 2664 1387 2699 πόντι
1411 2680 1468 2700 om.
1483 2679 1517 2705 ςς
1542 2670 1583 2710 cs]
1601 2668 1729 2711 Evanq.
1747 2669 1858 2702 Lucae
1878 2671 1929 2710 15,
1942 2676 1975 2703 10
1998 2668 2011 2712 ΙΙ
2034 2671 2076 2703 29
2100 2665 2354 2713 ἁμαρτώντων

1277 2714 1348 2753 (sic)
1373 2720 1402 2745 et
1426 2707 1653 2756 ἁμαρτωλῶν
1682 2714 1711 2747 0
1718 2726 1746 2747 v.
1762 2714 1783 2748 l.
1807 2714 1820 2758 fl
1844 2716 2020 2758 κρείττων
2041 2715 2086 2747 Μ
2114 2717 2301 2760 κρείττονα
2329 2715 2359 2749 C

1276 2770 1303 2789 υ.
1319 2759 1350 2797 1.,
1366 2768 1384 2792 ς
1401 2757 1412 2799 ΙΙ
1438 2759 1480 2790 30
1504 2756 1551 2790 τὰ
1575 2755 1770 2803 πράγματα
1798 2759 1854 2795 Ge
1869 2760 1881 2803 ΙΙ
1899 2760 2098 2800 τηνικαῦτα
2110 2761 2265 2813 Ϊένηται
2293 2758 2353 2838 og!

1276 2803 1334 2834 καὶ
1358 2801 1515 2840 ἐξωθεῖν
1539 2803 1639 2844 Ace]
1665 2800 1718 2836 δεῖ
1739 2806 1798 2836 καὶ
1825 2803 1980 2843 ἐξωθεῖν
1998 2805 2037 2837 Μ
2072 2801 2124 2837 δει
2147 2803 2304 2844 ἐξωθεῖν

1277 2844 1467 2886 διεξωθεῖν
1491 2846 1539 2880 L⁶
1569 2847 1725 2887 ἐξωθεῖν
1751 2850 1799 2882 La
1814 2851 1826 2890 1)
1846 2851 1886 2882 33
1912 2852 1970 2882 καὶ
1990 2849 2039 2893 μή
2064 2860 2117 2882 τις
2141 2850 2216 2883 τῶν
2241 2845 2351 2883 αὐτοῦ

1276 2892 1397 2925 κακῶν
1413 2893 1444 2925 A
1476 2893 1536 2924 καὶ
1554 2892 1603 2935 μὴ
1624 2889 1645 2935 ἡ
1671 2894 1768 2927 αἰτία
1792 2893 1869 2927 τῶν
1888 2889 1999 2928 αὐτοῦ
2019 2894 2159 2937 (ἑαυτοῦ
2176 2897 2269 2939 unus)
2292 2906 2351 2928 κα-

1276 2937 1350 2970 κῶν
1377 2937 1406 2970 0
1437 2938 1471 2970 et
1493 2947 1560 2970 non
1584 2948 1643 2981 per
1667 2938 1737 2972 eius
1759 2938 1883 2972 malum
1907 2950 1927 2976 ς

1332 3119 1351 3150 2
1375 3117 1669 3149 reuerentissimam
1690 3125 1701 3150 t
1718 3117 1730 3159 ΙΙ
1746 3117 1920 3150 hostiarius
1938 3118 1970 3151 Τ
1990 3118 2182 3152 hostiarium
2199 3126 2210 3152 t
2227 3119 2239 3162 ΙΙ
2254 3130 2350 3162 opor-

1275 3164 1342 3194 teat
1368 3161 1418 3195 T¹
1434 3161 1447 3204 ΙΙ
1465 3163 1484 3196 3
1508 3161 1678 3204 ingressus
1701 3163 1801 3207 vulq]
1826 3162 1991 3205 ingressos
2015 3164 2091 3197 libri
2142 3166 2162 3197 4
2187 3166 2219 3197 et
2242 3175 2349 3206 egres-

1275 3218 1328 3239 sus
1351 3207 1452 3249 vulo]
1477 3209 1509 3239 et
1533 3217 1678 3249 egressos
1703 3214 1725 3249 t,
1745 3220 1802 3241 om.
1820 3207 1875 3252 ΤΙΙ
1895 3218 2056 3249 egressum
2083 3217 2093 3242 t
2140 3212 2159 3243 5
2184 3210 2274 3242 uiros
2297 3210 2349 3243 in·

1274 3251 1438 3293 gressibus
1456 3252 1542 3293 libri,
1559 3265 1641 3285 corr.
1654 3253 1739 3296 vulq.
1758 3251 1770 3296 ΙΙ
1788 3254 1807 3286 6
1819 3253 2034 3295 apocrisarios
2050 3254 2082 3286 Τ
2087 3261 2099 3287 t
2121 3254 2126 3298 Ι
2143 3255 2350 3288 constituant

1276 3298 1372 3340 ταῖς]
1389 3298 1596 3330 constituunt
1611 3298 1643 3330 Τ
1655 3298 1866 3330 constituerit
1884 3305 1894 3331 t
1912 3300 1924 3341 ΙΙ
1940 3301 2029 3339 vero]
2048 3309 2115 3332 non
2131 3300 2177 3332 T·
2197 3299 2209 3343 ΙΙ
2226 3300 2349 3334 hostia-

1276 3343 1339 3374 rias
1365 3342 1417 3375 Τί
1433 3341 1445 3385 Ι
1463 3343 1483 3376 8
1507 3342 1738 3375 descendentes
1762 3345 1861 3386 vulq.]
1887 3343 2089 3377 discedentes
2115 3345 2147 3377 Τ
2155 3352 2166 3377 t
2182 3344 2194 3387 ΙΙ
2212 3345 2348 3386 loquen-

1275 3393 1322 3419 tes
1346 3390 1381 3420 ια
1411 3386 1567 3428 loquetur
1591 3388 1621 3420 T
1625 3386 1639 3407 ²
1654 3388 1665 3431 ΙΙ
1685 3390 1704 3421 9
1726 3387 1812 3428 illas]
1837 3399 1888 3421 eas
1915 3389 1946 3421 T
1964 3390 1976 3431 ΙΙ
2003 3391 2043 3422 15
2067 3389 2200 3432 poterit]
2225 3391 2350 3433 poterit

1275 3433 1450 3474 dampnare
1475 3436 1509 3465 ιθ
1535 3432 1547 3475 ΙΙ
1570 3435 1688 3465 natm-a
1715 3434 1768 3466 Tt
1789 3433 1800 3477 ΙΙ
1826 3435 1938 3475 peccet
1960 3435 2059 3477 vul9.]
2083 3438 2237 3477 peccetur
2263 3436 2296 3469 T
2305 3444 2316 3470 t
2337 3435 2350 3481 ΙΙ

1279 3480 1316 3510 16
1333 3478 1421 3509 enim
1437 3478 1499 3510 hoc
1524 3476 1561 3521 ιΙΙ
1581 3480 1621 3511 17
1647 3480 1695 3511 est
1718 3491 1777 3512 om.
1794 3478 1825 3511 T
1839 3478 1851 3522 ΙΙ
1868 3479 1910 3511 20
1934 3479 2065 3511 amittat
2083 3481 2114 3512 T
2126 3480 2139 3524 ΙΙ
2156 3480 2295 3514 maiores
2319 3488 2347 3521 ες

1275 3523 1377 3555 maior
1399 3524 1484 3565 vuly.
1501 3522 1512 3565 ΙΙ
1532 3524 1569 3556 21
1598 3523 1723 3556 medela
1742 3523 1774 3556 T
1792 3522 1804 3566 ΙΙ
1827 3524 1870 3557 24
1890 3529 2042 3557 emouere
2060 3525 2090 3557 T
2109 3526 2284 3559 admouere
2304 3534 2316 3559 t
2335 3527 2348 3570 ss

1276 3567 1528 3611 *suscipiendus
1550 3568 1626 3601 libri
1640 3568 1652 3611 ΙΙ
1671 3569 1712 3602 25
1728 3569 1763 3600 in
1778 3567 1986 3610 mulieribus]
2008 3570 2044 3602 in
2065 3582 2122 3603 om.
2139 3570 2188 3604 Τ1
2203 3572 2215 3614 ΙΙ
2234 3573 2277 3605 26
2296 3571 2348 3604 ui-

1274 3613 1333 3645 riis
1357 3620 1368 3646 t
1393 3615 1405 3656 ΙΙ
1427 3613 1487 3646 deo
1511 3623 1630 3655 magno
1658 3614 1688 3646 Τ
1709 3613 1721 3657 ΙΙ
1745 3614 1786 3647 28
1811 3617 1945 3656 peccato
1977 3615 2009 3647 T
2016 3614 2026 3634 ¹
2041 3615 2053 3657 ΙΙ
2077 3615 2222 3658 potiores
2245 3618 2346 3661 vulq.]

1274 3659 1403 3701 potiosa
1427 3657 1474 3692 Τι
1493 3658 1659 3700 praetiosa
1677 3658 1752 3692 T²t
1780 3659 1911 3702 potiora
1931 3658 2005 3704 01.ss
2024 3661 2066 3694 29
2087 3661 2249 3696 medicine
2269 3672 2347 3697 cau·

1273 3714 1340 3737 sam
1366 3702 1787 3748 T¹sstun01utT²ss30
1812 3703 1885 3737 dari
1908 3711 1921 3739 t

2036 3764 2078 3798 85
