2618 4010
155 159 201 190 IN
234 158 405 191 CURIAM
436 154 719 191 DEPUTANDIS

155 261 352 305 ἐπαγαγεῖν
375 259 430 302 τῷ
454 259 653 305 πράγματι·
694 261 754 292 καὶ
784 254 858 302 ὅσῳ
893 263 975 305 περὶ
1007 261 1114 294 τοῦτο
1144 259 1240 304 ἡμεῖς

155 302 381 347 πονούμεθα,
406 301 567 347 τοσούτῳ
589 304 711 338 πᾶσαν
730 305 874 349 ἐξεῦρον
898 305 932 338 οἱ
953 304 1140 346 βουλευταὶ
1163 308 1237 347 τέχ-

154 362 222 391 νην
254 348 345 382 κατὰ
374 349 453 382 τῶν
476 346 601 393 ὀρθῶς
632 352 691 382 καὶ
718 347 865 383 δικαίως
890 351 1238 394 νενομοθετημένων

154 396 214 427 καὶ
238 392 331 427 κατὰ
355 395 416 427 τοῦ
444 391 625 437 δημοσίου.
675 392 798 437 ἐπειδὴ
822 395 889 442 γὰρ
922 394 1017 429 εἶδον
1042 394 1237 442 ἀναγκαζο-

153 441 279 482 μένους
303 437 446 472 ἑαυτοὺς
476 440 564 473 πᾶσι
589 437 736 485 τρόποις
765 441 808 486 τῇ
841 439 952 488 βουλῇ
978 439 1171 486 φυλάττειν
1195 440 1236 474 τὸ

153 487 337 529 τέταρτον,
370 486 429 516 καὶ
458 484 563 517 τοῦτο
592 482 692 527 μόλις
718 487 756 517 ἐν
780 489 852 519 τοῖς
874 483 963 531 παρ’
991 483 1095 529 ἡμῶν
1118 485 1238 530 νόμοις

153 528 350 569 ᾶποτεθέν,
383 527 539 572 ἤρξαντο
565 527 724 563 διασπᾶν
748 529 811 564 τὰς
834 529 955 564 οὐσίας
980 531 1113 573 αὐτῶν,
1150 527 1238 565 dicte

152 573 282 618 ιῗποροι
315 572 483 607 τελευτᾶν
515 577 574 606 καὶ
607 571 684 616 οὐχὶ
717 574 758 609 τὸ
791 579 966 620 τέταρτον
994 579 1116 621 μέρος,
1152 574 1233 609 ἀλλ’

152 614 239 661 ὅλην
274 618 398 663 ἐφεξῆς
431 618 499 659 τὴν
530 616 686 664 ἀπορίαν
712 621 764 674 ’τῇ
794 619 905 674 βουλῇ
939 618 1235 675 κατζαλιμπᾶνειν.

1238 143 1323 193 247

1934 149 1975 192 N
1977 163 2042 194 ov.
2072 148 2300 193 XXXVIII
2330 163 2388 205 pr.

1308 260 1523 303 laboramus,
1550 262 1688 295 tantum
1714 269 1852 295 omnem
1878 261 2136 296 adinvenerunt
2155 262 2308 297 curiales
2332 272 2390 297 ar-

1308 308 1379 339 tem
1410 306 1580 341 adversus
1613 315 1656 340 ea
1689 314 1781 348 quae
1818 307 1913 341 recte
1945 306 2108 350 iusteque
2139 307 2278 343 sancita
2308 310 2392 342 sunt

1309 354 1345 385 et
1377 354 1502 386 contra
1532 350 1670 386 fiscum.
1719 349 1813 384 Dum
1846 351 1938 385 enim
1968 352 2139 387 vidissent
2164 363 2240 387 com
2270 353 2327 388 elli
2352 363 2391 388 se

1308 396 1403 430 omni
1416 396 1521 431 modo
1538 405 1679 431 servare
1697 395 1819 430 curiae
1840 400 2003 440 quartam
2018 400 2166 441 partem,
2189 402 2223 432 et
2269 409 2311 433 oc
2332 399 2391 432 vix

1274 443 1373 484 5per
1403 445 1547 476 nostras
1579 441 1673 485 leges
1703 440 1926 485 impositum,
1962 446 2156 486 coeperunt
2190 443 2390 487 discerpere

1307 486 1473 530 proprias
1490 486 1694 528 facultates,
1724 485 1892 530 quatinus
1912 486 2029 521 minus
2054 487 2172 522 idonei
2198 488 2391 524 deficerent

1306 534 1342 565 et
1374 541 1445 566 non
1479 534 1643 576 quartam
1675 531 1895 576 portionem,
1929 532 1990 566 sed
2017 542 2156 567 omnem
2181 535 2389 568 continuum

1306 579 1555 621 paupertatem
1595 587 1697 611 suam
1738 576 1858 611 curiae
1899 576 2196 621 derelinquerent.
2252 578 2389 614 Deinde

1306 622 1474 665 quoniam
1507 626 1542 657 et
1571 622 1658 666 ipsis
1692 622 1902 666 corporibus
1927 622 2096 658 fraudare
2130 623 2265 658 curiam
2290 624 2388 658 volu-

151 664 228 697 εἶτα
261 662 395 715 ἐπειδὴ,
418 667 476 696 καὶ
507 678 585 697 των
618 676 801 709 σωματων
837 680 960 699 αυτων
992 667 1236 712 αποστερῆσαι
1255 668 1292 700 10
1307 669 1420 709 crunt,
1442 667 1511 701 iam
1532 669 1568 702 et
1587 678 1661 702 rem
1682 667 1839 702 Omnium
1856 667 2100 711 impiissimam
2119 669 2388 711 adinvenerunt,

151 707 193 742 τὸ
225 708 477 754 βουλευτηριον
508 711 684 754 ἔγνωσαν,
720 709 786 753 ἤδη
817 714 875 744 καὶ
906 712 1053 757 πρᾶγμα
1084 711 1236 744 πάντων

152 751 396 798 ἀσεβέστατον
430 755 644 796 ἐπενόησαν,
668 753 797 801 γάμων
821 752 1034 800 ἀπεχόμενοι
1058 760 1234 800 νομίμων,

153 794 241 832 ὥςτε
266 798 451 844 αἱρεῖσθαι
481 798 618 842 μᾶλλον
642 799 792 835 ἄπαιδες
820 799 861 834 τό
893 814 934 847 γε
964 803 1023 835 ἐπὶ
1055 802 1108 843 τῷ
1133 799 1234 843 νόμῳ

150 841 318 877 τελευτᾶν
343 841 363 886 ἢ
395 847 453 877 καὶ
478 846 531 887 τῷ
556 849 651 891 γένει
675 850 734 900 καὶ
758 847 803 892 τῇ
830 845 940 892 βουλῇ
963 843 1129 891 χρήσιμοι
1154 849 1233 891 φαί-

1305 721 1327 745 a
1359 712 1493 755 nuptiis
1527 712 1688 756 legitimis
1721 712 1960 754 abstinentes,
1998 716 2039 747 ut
2074 712 2242 756 eligerent
2276 714 2388 758 magis

1306 756 1383 790 sine
1408 756 1491 791 filiis
1517 768 1622 801 quam
1647 757 1713 792 sub
1738 757 1814 801 lege
1839 758 1991 792 deficere
2016 761 2080 793 aut
2102 759 2223 802 generi
2247 769 2312 793 suo
2336 760 2388 794 vel

1306 801 1424 836 curiae
1457 802 1561 837 utiles
1593 812 1777 847 apparere.
1832 803 1881 837 Et
1911 813 2036 838 rursus
2070 806 2221 847 egerunt
2257 804 2389 838 dudum

1304 846 1390 890 poni
1413 847 1542 890 legem,
1576 858 1666 891 quae
1690 850 1834 892 praeter
1863 848 2046 883 decretum
2070 849 2217 883 iubebat
2248 849 2299 884 eis
2325 849 2388 884 do-

149 888 293 922 νεσθαι.
342 892 400 921 καὶ
423 882 532 922 αὖθις
553 891 824 934 κατεπραξαντο
850 892 979 945 πραξην
1000 891 1156 933 τεθῆναι
1177 889 1234 924 νύ·
1250 893 1288 924 15
1303 901 1391 925 nare
1419 893 1577 936 propria,
1611 903 1691 928 cum
1718 893 1859 937 quando
1881 894 2115 928 venditionem
2144 904 2222 929 cum
2244 894 2388 929 decreto

148 947 228 977 μον,
261 931 297 966 ὂς
328 931 493 979 ὃεκρέτου
525 938 632 979 χωρὶς
663 938 860 980 ἐπέτρεπεν
893 938 1011 970 αυτοῖς
1046 935 1090 969 τὰ
1123 936 1233 969 οἰκεῖα

150 977 368 1024 δωρεῖσθαι,
403 983 559 1025 καίτοιγε
583 979 650 1023 τὴν
675 982 809 1025 πρᾶσιν
832 981 923 1023 μετὰ
947 979 1110 1027 δεκρξτου
1141 984 1232 1027 γίνε-

150 1024 242 1057 σθαι
275 1025 337 1057 τοῖι
369 1022 480 1068 νόμου
502 1025 737 1069 βουλομένου·
778 1023 797 1058 ὁ
823 1024 862 1059 δὲ
887 1022 1000 1059 οὕτως
1023 1027 1067 1068 ἦν
1091 1027 1232 1069 θαυμα-

149 1067 246 1109 στός,
282 1066 368 1102 ὥςτε
393 1069 509 1113 μόνην
541 1069 607 1113 τὴν
632 1071 764 1114 πρᾶσιν
788 1067 940 1125 ὑπᾴγειν
963 1072 1008 1117 τῇ
1032 1072 1095 1104 τοῦ
1119 1069 1233 1116 δεκρέ-

1303 935 1380 970 fieri
1412 936 1536 971 eadem
1567 938 1625 972 lex
1656 938 1813 973 volebat:
1853 938 1915 974 sed
1948 939 2039 974 haec
2070 939 2150 983 ipsa
2181 942 2258 974 erat
2282 940 2387 974 mira-

1303 980 1394 1020 bilis,
1429 991 1520 1025 quae
1552 983 1664 1017 solam
1696 983 1933 1019 venditionem
1968 984 2168 1020 subiciebat
2199 984 2388 1019 adiectioni

1303 1025 1437 1060 decreti
1458 1029 1495 1061 et
1515 1027 1595 1062 aliis
1617 1028 1745 1063 exhinc
1766 1029 2050 1071 necessitatibus,
2072 1029 2143 1064 alia
2164 1040 2245 1065 vero
2270 1030 2389 1065 omnia

1304 1071 1576 1115 derelinquebat
1612 1073 1660 1107 eis
1693 1083 1798 1117 agere
1831 1075 2026 1109 secundum
2059 1085 2162 1119 quem
2193 1075 2388 1110 voluissent

149 1126 213 1147 του
238 1112 423 1168 προςᾷὴκῃ
455 1117 514 1147 καὶ
538 1118 615 1148 ταῖς
639 1115 814 1149 ἐντεῦθεν
838 1128 1024 1161 αναγκαις,
1057 1108 1169 1149 τᾶλλα
1196 1114 1234 1148 δὲ
1247 1117 1289 1150 20
1303 1115 1456 1150 modum.
1505 1117 1606 1152 Haec
1630 1119 1891 1154 transtulerunt
1916 1119 2101 1154 curialium
2125 1120 2316 1155 facultates
2341 1122 2389 1155 ad

150 1157 271 1192 πάντα
307 1163 425 1192 αυτοῖς
457 1161 595 1204 ἐφιέναι
627 1159 800 1207 πράττειν
832 1158 925 1193 καθ’
961 1158 1003 1194 ὃν
1035 1159 1232 1204 ἠβούλοντο

149 1202 297 1249 τρόπον.
345 1205 460 1237 ταῦτα
484 1208 678 1248 μετέστησε
705 1204 767 1239 τᾶς
790 1205 1018 1249 βουλευτικὰς
1042 1207 1162 1239 οὐσίας
1186 1207 1233 1239 εἰς

149 1251 253 1293 ἕτερα
275 1251 334 1282 καὶ
353 1250 458 1295 ἕτερα
483 1247 668 1295 πρόςωπα,
694 1248 799 1284 οὐδὲν
822 1252 884 1293 τῆς
905 1249 1034 1294 βουλῆς
1058 1251 1232 1285 ἐντεῦθεν

151 1292 303 1336 ἐχούσης.
346 1295 538 1339 τοιγαροῦν
558 1295 594 1328 εἴ
611 1306 664 1328 τις
682 1293 897 1350 ἀριθμήσειε
917 1295 963 1329 τὰ
982 1297 1043 1349 τῆς
1063 1294 1232 1342 ἡμετέρας

1303 1161 1392 1195 alias
1417 1162 1470 1207 <et
1494 1162 1601 1206 alias>
1625 1173 1809 1207 personas,
1834 1165 1922 1199 nihil
1946 1165 2073 1200 exinde
2097 1165 2251 1200 habente
2277 1166 2386 1200 curia.

1302 1206 1465 1251 Denique
1499 1206 1528 1241 si
1560 1207 1638 1251 quis
1673 1208 1881 1243 denumerat
1914 1214 2060 1244 nostrae
2082 1210 2300 1254 reipublicae
2325 1222 2386 1246 cu-

1301 1251 1390 1295 rias,
1421 1255 1626 1287 attenuatas
1650 1253 1824 1295 inveniat,
1856 1254 1945 1289 alias
1979 1255 2119 1299 quidem
2151 1265 2265 1300 neque
2294 1256 2386 1291 viro-

1303 1307 1382 1331 rum
1406 1307 1521 1341 neque
1545 1307 1664 1332 rerum
1690 1298 1812 1343 copias
1837 1298 2021 1342 habentes,
2048 1300 2135 1335 alias
2160 1305 2276 1336 autem
2296 1311 2385 1345 pau-

148 1338 597 1393 ffolnetacfloullevriypca,
624 1339 792 1394 ἐλάχιστμ
816 1353 964 1387 ευρησει,
989 1354 1035 1375 τα
1058 1343 1124 1384 μὲν
1149 1342 1232 1376 οὔτε
1245 1344 1287 1376 25
1301 1352 1425 1377 corum
1449 1342 1574 1377 forsan
1597 1342 1798 1387 hominum,
1831 1354 1951 1379 rerum
1976 1347 2096 1380 autem
2118 1345 2206 1380 nihil
2230 1348 2385 1390 penitus.

148 1381 296 1430 ἀνδρῶν
313 1385 536 1431 ευποροῦντα
560 1384 642 1418 οὔτε
661 1399 866 1430 χρηματων,
889 1385 935 1420 τὰ
956 1384 995 1420 δὲ
1013 1384 1147 1433 ὀλίγων
1165 1389 1232 1432 μὲν

147 1428 189 1473 2„
207 1429 292 1462 ἴσως
312 1426 541 1473 ἀνθρώπων,
566 1430 759 1477 χρημάτων
782 1429 820 1464 δὲ
838 1429 1013 1476 οὐδαμῶς.
1053 1430 1143 1474 'Heu
1164 1434 1232 1477 μὲν

147 1474 212 1507 οὐν
243 1472 336 1507 κατὰ
366 1477 469 1520 μέρος
502 1475 686 1519 ἐθήκαμεν
719 1474 847 1520 νόμους
875 1473 972 1520 ἡμεῖς
1003 1477 1085 1511 τοὺς
1108 1477 1231 1520 βουλο-

146 1521 272 1562 μένους
296 1521 355 1551 καὶ
376 1519 438 1552 τὰς
459 1518 608 1565 πράσεις
632 1524 691 1554 καὶ
711 1520 773 1555 τὰς
797 1520 931 1567 δωρεὰς
954 1521 1016 1556 τὰς
1037 1520 1151 1556 ἁπλᾶς
1171 1526 1230 1556 καὶ

1300 1432 1324 1467 2
1372 1432 1484 1476 Igitur
1508 1433 1590 1468 olim
1616 1444 1679 1479 per
1703 1437 1823 1479 partes
1854 1445 1919 1470 nos
1944 1434 2157 1479 protulimus
2182 1436 2386 1471 sanctiones

1301 1478 1475 1522 quasdam
1502 1479 1633 1523 quippe
1658 1480 1816 1515 volentes
1847 1482 1883 1514 et
1913 1480 2132 1515 venditiones
2164 1483 2200 1515 et
2224 1481 2386 1516 donatIo-

1301 1533 1363 1558 nes
1388 1523 1568 1568 simplices
1601 1526 1638 1559 et
1662 1535 1800 1560 omnem
1832 1527 1953 1560 actum
1978 1525 2229 1561 alienationem
2251 1526 2386 1561 haben-

147 1564 271 1597 πᾶσαν
295 1564 427 1618 πρᾶξιν
452 1566 638 1618 ἐκποιήσιν
668 1569 821 1608 ἔχουσαν
846 1567 1089 1611 βουλευτικῶν
1113 1565 1230 1610 ἀκινή-
1245 1570 1286 1603 30
1300 1570 1372 1602 tem
1404 1569 1635 1604 immobilium
1668 1580 1787 1605 rerum
1825 1571 2011 1605 curialium
2047 1571 2209 1606 subicere
2243 1572 2386 1606 decreto

146 1621 224 1642 των
259 1622 485 1656 πραγματων
520 1612 739 1645 υποκεῖσθαι
777 1610 931 1658 δεκρέτῳ
967 1612 1057 1655 μετὰ
1095 1614 1155 1655 τῆς
1191 1615 1230 1647 ἐν

147 1655 273 1697 ἐκείνῳ
306 1656 359 1697 τῷ
392 1653 493 1699 νόμῳ
528 1659 688 1700 κειμένης
723 1657 1004 1704 παρατηρήσεως
1038 1661 1228 1704 γινομένῳ.

148 1699 243 1732 Εἶτα
268 1695 418 1744 ὕστερον
443 1699 566 1744 ἐπειδὴ
593 1701 683 1745 μετὰ
712 1701 860 1746 ψευδῶν
885 1704 1015 1737 αἰτιῶν
1040 1705 1230 1738 ἐποιοῦντο

146 1743 208 1777 τὰς
233 1743 374 1790 δωρεάς,
407 1749 467 1779 καὶ
493 1743 580 1780 αὐτὸ
605 1744 783 1788 καθάπαξ
807 1745 994 1793 ἀνείλομεν
1023 1748 1065 1782 τὸ
1091 1747 1231 1794 δωρεὰν

1301 1624 1382 1647 cum
1407 1614 1655 1650 observatione
1681 1615 1779 1650 facta
1811 1625 1902 1660 quae
1924 1616 1961 1650 in
1985 1616 2047 1651 illa
2076 1617 2152 1661 lege
2176 1616 2296 1661 posita
2320 1621 2384 1652 est.

1299 1658 1438 1694 Deinde
1461 1663 1544 1704 post
1574 1660 1664 1695 haec
1697 1661 1780 1706 quia
1813 1661 1879 1696 sub
1912 1661 2023 1697 falsas
2054 1671 2182 1696 causas
2206 1661 2388 1697 faciebant

1300 1704 1523 1748 donationes,
1557 1708 1592 1739 et
1618 1706 1686 1741 hoc
1711 1706 1854 1741 omnino
1878 1706 2125 1751 abrogavimus
2159 1707 2387 1742 donationem

1301 1749 1495 1794 simplicem
1530 1750 1650 1786 facere
1688 1752 1857 1787 curialem
1893 1752 1930 1786 in
1964 1762 2187 1797 quacumque
2211 1762 2384 1797 persona:

147 1786 265 1832 ἁπλῆν
286 1791 483 1845 ποιεῖσθαι1
500 1790 695 1845 βουλευτὴν
719 1794 767 1826 εἰς
787 1791 1000 1836 οἱανδήποτε
1017 1791 1229 1839 πρόςωπον·
1245 1797 1285 1830 35
1301 1795 1504 1839 excepimus
1525 1800 1643 1831 autem
1665 1799 1910 1841 competenter
1935 1798 2198 1842 antenuptiales
2224 1798 2386 1833 donatio-

148 1834 326 1879 ἐξείλομεν
350 1834 390 1869 δὲ
414 1836 559 1870 εἰκοτως
581 1849 644 1870 τας
668 1843 909 1885 προγαμιαίας
933 1838 1078 1884 δωρεάς,
1105 1838 1230 1882 ἐπειδὴ

145 1878 236 1923 μηδὲ
260 1878 393 1926 δωρεαὶ
416 1881 593 1922 καθάπαξ
617 1883 718 1925 εἰσίν,
750 1882 839 1917 ἀλλὰ
864 1882 1159 1931 συναλλάγματός
1191 1898 1229 1919 τε

147 1923 238 1958 εἶδος
260 1928 300 1959 ἐν
323 1923 470 1960 ταύταις
499 1930 655 1973 ἔγκειται
688 1932 748 1962 καὶ
776 1928 1010 1964 παιδοποιΐας
1035 1928 1231 1976 εἰςάγουσιν

147 1967 330 2014 εὐπορίαν,
363 1967 453 2017 ὅπερ
478 1969 645 2027 ἡμῖννκαὶ
667 1972 824 2017 μάλιστα
847 1976 895 2008 εἰς
917 1973 1109 2019 βουλευτὰς
1133 1989 1230 2021 περι-

147 2014 378 2050 σπούδαστόν
408 2018 518 2052 ἐστιν.
570 2021 711 2053 Επειτα
743 2016 899 2065 ὁρῶντες
929 2024 990 2054 καὶ
1022 2024 1103 2068 περὶ
1138 2018 1226 2054 αὐτὸ
1241 2024 1284 2056 40
1298 2021 1341 2056 de
1373 2021 1443 2057 hoc
1478 2022 1557 2067 ipso
1591 2023 1942 2070 circumscriptiones
1978 2024 2109 2060 multas

1299 1850 1373 1882 nee,
1395 1850 1437 1875 eo
1459 1841 1554 1885 quod
1573 1852 1688 1894 neque
1708 1842 1919 1878 donationes
1938 1843 2080 1878 omnino
2102 1847 2196 1885 sunt,
2217 1843 2280 1878 sed
2301 1854 2385 1878 con·

1299 1888 1437 1920 tractus
1462 1886 1600 1931 species
1624 1898 1661 1922 1n
1687 1887 1736 1922 eis
1760 1888 1897 1923 inserta.
1921 1892 1976 1923 est
2005 1891 2040 1923 et
2063 1888 2217 1923 filiorum
2241 1898 2385 1933 procre-

1301 1931 1476 1966 andorum
1498 1932 1636 1978 copiam
1660 1933 1906 1977 introducunt,
1931 1934 2027 1978 quod
2050 1933 2153 1969 nobis
2178 1937 2213 1968 et
2232 1934 2386 1968 maxime

1301 1975 1338 2010 in
1364 1976 1558 2012 curialibus
1583 1978 1692 2013 studii
1715 1982 1780 2014 est.
1829 1979 1917 2014 Post
1942 1979 2032 2014 haec
2064 1989 2151 2014 cons
2178 1979 2326 2059 icientes
2350 1983 2387 2014 et

2170 2035 2237 2067 eri,
2288 2035 2386 2069 egem

145 2152 262 2198 maqis
284 2162 352 2187 nos
374 2152 412 2186 in
436 2163 478 2187 eo
504 2151 721 2194 laboramus,
747 2164 788 2187 eo
810 2153 927 2198 maqis
951 2154 1106 2188 curiales
1131 2154 1247 2188 omnis
1270 2155 1415 2199 qeneris
1439 2155 1598 2199 artificia
1622 2159 1752 2190 contra
1775 2167 1819 2190 ea
1839 2167 1934 2202 quae
1961 2161 2057 2192 recte
2077 2162 2113 2192 et
2131 2158 2224 2192 iuste
2243 2158 2385 2193 sancita

146 2201 250 2232 erant
274 2201 309 2232 et
332 2200 460 2231 contra
481 2197 608 2241 fiscum
626 2203 876 2243 reppererunt.
918 2198 1002 2233 Cum
1024 2198 1117 2232 enim
1140 2198 1300 2233 viderent
1319 2210 1357 2233 se
1378 2199 1543 2234 omnibus
1561 2199 1676 2235 modis
1700 2201 1784 2246 coqi
1807 2202 1931 2237 curiae
1954 2206 2123 2247 quartam
2140 2207 2288 2248 partem
2311 2213 2385 2238 ser-

147 2253 245 2283 vare,
270 2242 379 2287 idque
399 2243 463 2277 vim
481 2243 520 2275 in
538 2242 676 2288 leqibus
695 2254 717 2276 a
738 2242 843 2277 nobis
864 2242 949 2276 latis
972 2253 1048 2277 esse
1062 2243 1239 2288 positum,
1264 2248 1462 2289 coeperunt
1484 2243 1581 2279 bona
1599 2255 1667 2279 sua
1683 2245 1875 2290 dissipare,
1895 2250 1937 2281 ut
1959 2248 2088 2292 inopes
2108 2247 2320 2282 decederent
2342 2258 2386 2282 ac

148 2298 220 2320 non
245 2290 413 2332 quartam
431 2291 588 2332 partem,
614 2298 735 2322 verum
760 2298 897 2321 omnem
922 2286 1091 2333 deinceps
1114 2288 1277 2338 inopiam
1303 2289 1427 2323 curiae
1449 2289 1703 2334 relinquerent.
1770 2289 1909 2326 Deinde
1933 2302 2012 2326 cum
2037 2291 2145 2326 etiam
2170 2292 2385 2338 corporibus

148 2332 287 2365 curiam
301 2331 455 2377 privare
475 2332 632 2366 animum
651 2332 872 2372 inducerent,
897 2333 968 2366 iam
988 2343 1063 2366 rem
1080 2343 1236 2366 omnium
1256 2333 1504 2378 impiissimam
1528 2334 1809 2379 excoqitarunt:
1834 2336 1898 2380 qui
1916 2347 1939 2370 a
1955 2336 2196 2371 matrimoniis
2217 2336 2384 2381 leqitimis

149 2376 410 2417 abstinuerunt,
431 2380 470 2410 ut
492 2376 543 2410 ita
564 2377 713 2411 mallent
733 2376 811 2411 sine
831 2376 953 2411 liberis
974 2377 1074 2422 quod
1091 2377 1140 2411 ad
1162 2377 1275 2422 leqem
1296 2378 1423 2412 attinet
1443 2378 1613 2413 decedere
1637 2389 1745 2424 quam
1769 2383 1805 2414 et
1824 2382 1952 2425 qeneri
1972 2385 2008 2416 et
2028 2381 2151 2416 curiae
2169 2381 2276 2416 utiles
2297 2392 2382 2416 esse.

149 2422 200 2455 Ac
224 2421 352 2455 deinde
377 2420 585 2466 effecerunt,
618 2426 658 2456 ut
682 2433 730 2457 nu
742 2432 798 2456 ier
822 2421 884 2456 lex
906 2422 1080 2467 ferretur,
1116 2433 1210 2467 quae
1233 2423 1310 2469 sine
1333 2422 1477 2457 decreto
1508 2423 1647 2458 donare
1675 2434 1735 2458 res
1757 2435 1844 2459 suas
1867 2426 1957 2471 ipsis
1978 2426 2212 2471 permitteret,
2244 2427 2384 2461 tametsi

148 2466 387 2501 venditionem
419 2477 497 2501 eum
529 2466 672 2502 decreto
705 2433 789 2511 fileri
814 2466 876 2501 lea:
900 2466 1024 2508 vellet,·
1057 2478 1100 2502 ea
1124 2471 1244 2502 autem
1277 2467 1341 2502 lex
1364 2467 1455 2502 adeo
1484 2469 1576 2502 mira
1598 2468 1691 2513 fuit,
1724 2473 1763 2503 ut
1787 2469 1902 2504 solam
1926 2470 2164 2506 venditionem
2188 2470 2383 2506 adiectioni

150 2511 286 2546 decreti
315 2516 350 2545 et
381 2511 652 2546 necessitatibus
681 2511 765 2546 inde
795 2511 960 2546 oriundis
990 2511 1178 2553 subiceret,
1209 2512 1351 2557 reliqua
1375 2523 1460 2547 vero
1486 2513 1605 2548 omnia
1637 2514 1728 2559 ipsis
1751 2526 1854 2560 quem
1879 2515 1929 2550 ad
1950 2515 2095 2550 modum
2119 2515 2249 2551 vellent
2273 2527 2384 2561 aqere

144 2556 379 2602 permitteret.
441 2556 542 2591 Haec
563 2557 729 2601 fuerunt,
762 2567 856 2602 quae
885 2556 979 2591 bona
1011 2557 1164 2591 curialia
1194 2556 1244 2591 acl
1266 2557 1358 2592 alias
1389 2562 1498 2603 atque
1522 2558 1615 2592 alias
1636 2569 1816 2604 personas
1850 2561 2112 2605 transferrent,
2144 2561 2198 2595 ita
2229 2564 2268 2595 ut
2291 2560 2384 2595 nibil

148 2601 233 2636 inde
256 2601 305 2635 ad
328 2602 467 2635 curiam
491 2601 719 2636 redundaret.
768 2600 916 2648 Quapro
947 2606 1000 2636 ter
1019 2603 1052 2636 si
1072 2603 1153 2648 quis
1176 2602 1397 2648 reipublicae
1421 2606 1567 2637 nostrae
1590 2605 1712 2638 curias
1732 2607 1984 2648 numeraverit,
2009 2605 2201 2640 admodum
2226 2606 2383 2651 exiquas

147 2646 314 2688 inveniet,
341 2657 420 2681 cum
441 2646 536 2681 aliae
559 2658 673 2692 neque
693 2647 779 2681 viris
800 2647 895 2682 abun
923 2651 984 2682 ent
1005 2658 1119 2692 neque
1136 2647 1311 2692 pecuniis,
1336 2647 1431 2682 aliae
1446 2658 1588 2694 paucos
1608 2649 1710 2694 sorte
1731 2649 1904 2692 nomines,
1923 2651 2103 2696 pecunias
2123 2661 2207 2686 vero
2227 2650 2384 2685 habeant

148 2691 172 2726 2
218 2691 347 2726 nullas.
424 2692 477 2726 Ac
506 2702 575 2726 nos
606 2692 748 2737 quidem
780 2692 852 2726 iam
882 2692 1048 2738 sinqulas
1080 2692 1176 2737 leqes
1209 2692 1369 2733 tulimus,
1404 2703 1497 2738 quae
1526 2697 1562 2728 et
1590 2694 1810 2729 venditiones
1840 2699 1874 2730 et
1903 2695 2117 2730 donationes
2145 2695 2326 2742 simplices
2349 2702 2385 2730 et

149 2747 287 2771 omnem
312 2740 429 2771 actum
462 2738 527 2782 qui
549 2737 801 2772 alienationem
833 2748 954 2772 rerum
978 2737 1167 2772 curialium
1192 2737 1422 2772 immobilium
1448 2739 1658 2780 contineret,
1690 2739 1832 2775 decreto
1857 2740 1971 2775 subici
2002 2740 2166 2776 iuberent
2188 2740 2382 2776 secundum

150 2782 431 2817 observationem
456 2793 549 2827 quae
572 2783 610 2817 in
635 2782 713 2828 leqe
736 2781 801 2817 illa
824 2783 964 2828 scripta
989 2786 1043 2817 est
1063 2782 1246 2827 faciendo.
1292 2781 1424 2817 Postea
1448 2793 1528 2817 cum
1552 2794 1600 2818 ex
1622 2784 1734 2828 falsis
1758 2786 1878 2820 causis
1901 2785 2117 2821 donationes
2139 2786 2319 2831 facerent,
2344 2786 2384 2820 id

148 2827 265 2872 ipsum
291 2838 434 2878 quoque
455 2827 567 2872 plane
590 2829 764 2862 vetuimus
784 2827 1015 2862 donationem
1039 2827 1235 2873 simplicem
1260 2827 1431 2871 conferre
1452 2828 1622 2863 curialem
1653 2830 1690 2863 in
1712 2830 1906 2875 quamlibet
1923 2842 2141 2877 personam:
2174 2832 2384 2877 eaecepimus

148 2875 266 2907 autem
288 2876 413 2907 merito
435 2872 702 2918 antenuptiales
722 2872 946 2914 donationes,
967 2873 1137 2918 quoniam
1156 2884 1199 2907 ne
1217 2872 1431 2906 donationes
1452 2873 1594 2917 quidem
1612 2874 1758 2909 omnino
1776 2880 1871 2916 sunt,
1891 2876 1956 2911 sed
1974 2880 2184 2911 contractus
2203 2876 2382 2922 quaedam

148 2918 285 2962 species
305 2918 343 2951 in
363 2917 408 2951 iis
426 2917 550 2963 posita
571 2922 623 2952 est
647 2921 680 2951 et
694 2918 966 2963 procreationis
987 2917 1180 2952 liberorum
1201 2917 1343 2963 copiam
1359 2921 1566 2962 praestant,
1591 2918 1691 2963 quod
1710 2919 1852 2964 quidem
1872 2921 1928 2956 vel
1947 2921 2105 2956 maxime
2127 2921 2165 2955 in
2186 2921 2384 2956 curialibus

148 2972 258 2996 curae
281 2962 384 2997 nobis
407 2966 469 2997 est.
528 2962 663 2997 Postea
688 2973 767 2996 eum
791 2962 991 2997 videremus
1015 2962 1084 2997 liae
1108 2973 1253 3008 quoque
1277 2962 1314 2996 in
1339 2972 1379 2996 re
1403 2962 1724 2999 circumventiones
1746 2964 1879 3000 multas
1903 2965 1999 3011 sieri,
2023 2966 2136 3012 leqem
2159 2966 2382 3012 scripsimus,

1426 3039 2309 3048 —-—«——---——--————..—.—-.-—-—-0-›-——·

195 3090 214 3120 2
228 3086 401 3119 τοσοῦτον
414 3087 445 3118 L
461 3085 473 3130 11
494 3089 512 3120 5
528 3084 655 3119 αὐτοὺς
667 3085 715 3119 L²
734 3086 745 3129 11
761 3084 803 3119 τὸ
816 3088 1003 3131 τέταρτον]
1016 3086 1077 3128 τῆς
1091 3098 1226 3130 περιου-

150 3135 228 3164 σίας
244 3128 366 3164 αὗτῶν
387 3132 463 3163 add.
478 3130 525 3162 L2
537 3143 602 3163 s.v.
623 3130 634 3174 ΙΙ
652 3134 670 3163 6
687 3126 820 3173 νόμοις]
841 3132 918 3164 Cod.
938 3134 986 3171 10,
1004 3137 1039 3164 35
1060 3131 1071 3174 11
1095 3133 1133 3164 12
1146 3127 1230 3164 ἀπε-

150 3175 286 3218 νόησαν
310 3177 352 3208 L¹
384 3171 592 3217 ὑπενόησαν
617 3176 664 3208 L2
687 3175 698 3219 11
733 3179 770 3209 15
797 3173 921 3218 νόμον]
952 3177 1029 3209 Cod.
1046 3178 1097 3218 10,
1117 3183 1193 3216 34,ss
1219 3176 1229 3219 11

155 3225 193 3255 16
204 3216 310 3262 αὐτῆς
328 3221 369 3253 L¹
383 3219 394 3265 11
410 3223 449 3254 18
460 3234 507 3263 sq.
519 3218 631 3253 οὕτως
642 3241 683 3244 —
694 3215 799 3261 ὥστε]
816 3221 889 3263 ipsa
900 3240 940 3244 —
951 3231 1035 3262 quae
1045 3223 1079 3261 (i.
1091 3234 1114 3254 e.
1127 3218 1231 3253 αὐτὸς

151 3287 194 3290 -
208 3262 244 3299 ὅς
262 3279 301 3311 γε
311 3267 339 3305 ⁴3)
358 3278 377 3301 ς
395 3265 407 3309 11
431 3267 473 3298 20
492 3263 537 3297 τᾶ
557 3263 690 3309 ἄλλοΕῙ,
708 3266 718 3307 11
746 3267 783 3298 21
807 3263 951 3309 ἀφιέναι
966 3267 996 3298 L
1012 3265 1024 3309 11
1052 3267 1093 3299 22
1115 3266 1231 3298 ταῦτα

154 3312 222 3351 Μ’ς]
247 3311 380 3344 ταῦτας
401 3311 448 3343 L¹
473 3310 590 3343 ταῦτα
610 3311 675 3343 οὖν
688 3311 736 3342 L²
761 3312 885 3356 (ταύτῃ
911 3310 974 3343 οὐν
990 3312 1196 3352 Haloander)

150 3358 344 3400 μετέστησε
358 3356 400 3388 Μ
405 3354 429 3396 l²]
444 3357 670 3398 μετέστησαν
686 3357 728 3387 M
733 3356 799 3387 αἶ]
812 3358 897 3398 vulq.
921 3356 1139 3398 μετέστησας
1152 3357 1200 3388 L¹

153 3403 195 3435 24
221 3400 381 3442 ἐχούσαις
407 3402 454 3433 L¹
470 3402 481 3444 11
502 3402 542 3434 25
558 3414 603 3443 sq.
626 3396 790 3432 *οὐδὲ-
805 3396 886 3432 οὐδὲ
908 3400 978 3432 ML
997 3401 1008 3441 11
1026 3402 1067 3434 28
1090 3399 1229 3444 νόμους]

1299 3099 1324 3119 s.
1336 3099 1365 3119 υ.
1379 3085 1427 3119 L²
1446 3086 1457 3129 11
1481 3085 1666 3132 εἰσάγοντε
1678 3089 1731 3120 vel
1742 3085 1950 3134 εἰσάγοντας
1973 3103 2056 3123 corr.
2070 3089 2146 3133 [1²ss
2172 3092 2216 3122 40
2241 3090 2317 3122 ἐστι
2345 3090 2389 3122 Μ’

1347 3179 1360 3210 1
1389 3178 1503 3217 artem]
1531 3176 1637 3209 autem
1651 3177 1724 3220 (sic)
1746 3177 1803 3221 Vss
1820 3181 1839 3212 6
1865 3188 1987 3210 munus
2009 3179 2102 3221 17117
2128 3190 2258 3211 omnem
2282 3181 2381 3223 vuly]

1299 3232 1394 3254 omne
1414 3222 1626 3254 Vcommune
1638 3221 1741 3254 Neob.
1759 3221 1771 3266 11
1791 3224 1988 3255 continuum
2009 3224 2054 3264 V]
2070 3225 2263 3256 continuam
2277 3224 2380 3258 Neob.

1299 3267 1460 3299 continuo
1485 3268 1570 3310 vulq.
1597 3266 1610 3310 ΙΙ
1639 3269 1676 3300 10
1701 3267 1767 3299 iam
1792 3270 1825 3300 et
1848 3281 1907 3301 om.
1930 3269 1964 3301 V
1984 3267 1996 3312 11
2024 3268 2253 3311 impiissimam
2278 3270 2379 3313 vulq]

1299 3312 1435 3354 impiam
1461 3313 1537 3344 libri
1551 3311 1563 3351 11
1591 3314 1628 3344 11
1657 3311 1805 3352 legerent
1825 3312 1882 3356 Vss
1909 3314 1948 3347 13
1973 3313 2069 3345 utilis
2092 3314 2149 3356 VH
2169 3316 2208 3348 14
2233 3314 2380 3355 iubebat]

1300 3358 1359 3400 leq.
1381 3356 1575 3388 tribuebat?
1603 3355 1616 3400 11
1648 3359 1687 3390 15
1714 3367 1788 3389 cum
1813 3358 1945 3400 quando
1971 3359 2016 3400 V]
2041 3369 2115 3391 cum
2135 3360 2239 3392 Neob.
2266 3370 2380 3401 quam-

1300 3412 1398 3443 quam
1412 3402 1506 3434 Beck
1525 3402 1537 3442 11
1557 3403 1596 3435 16
1616 3401 1727 3434 eadem
1741 3403 1857 3443 Neob.]
1882 3404 1924 3435 ad
1938 3413 2008 3436 eam
2031 3404 2086 3447 Vll
2107 3406 2144 3437 17
2164 3404 2235 3436 sola
2247 3405 2350 3439 Neob.
2370 3404 2383 3448 11

154 3446 342 3480 sanctiones
366 3446 525 3488 quasdam
547 3457 575 3481 ς.
604 3447 743 3483 Fuerunt
761 3446 838 3478 Cod.
857 3447 906 3486 10,
927 3449 973 3484 34,
991 3451 1058 3479 21.5.
1083 3453 1129 3486 35,
1148 3451 1175 3477 4.
1194 3452 1229 3477 5:
1299 3446 1489 3478 subiacebat
1509 3445 1566 3490 Vll
1585 3447 1624 3479 19
1638 3456 1721 3488 quae
1743 3447 1799 3491 Vll
1825 3441 1863 3481 21
1881 3450 1912 3481 et
1930 3448 2012 3480 alias
2032 3450 2108 3482 add.
2122 3450 2209 3493 vuly.
2229 3448 2241 3493 11
2264 3450 2306 3483 22
2326 3449 2382 3483 de-

152 3504 235 3534 quae
248 3504 310 3525 non
327 3499 436 3524 extant
462 3491 474 3534 11
500 3492 541 3524 32
559 3492 736 3536 γινομένῳ
757 3490 962 3529 Haloander]
983 3492 1171 3535 γινομένας
1192 3491 1237 3523 M
1300 3493 1452 3523 numerat
1470 3492 1514 3532 V]
1535 3491 1699 3523 denuetur
1714 3492 1829 3533 Neob.,
1845 3494 1904 3536 leq.
1918 3493 2136 3526 denumeret?
2161 3493 2167 3538 1
2189 3495 2231 3528 23
2244 3497 2382 3528 atenua-

151 3532 341 3580 γινόμενον
354 3536 402 3569 L²
426 3538 629 3582 γινομένων
649 3536 698 3568 L2
722 3535 807 3567 facta
831 3536 865 3576 (i.
880 3547 906 3567 e.
928 3535 1152 3579 γινομένηςῖ)
1177 3547 1196 3571 ς
1219 3534 1231 3579 11
1300 3539 1349 3567 tas
1371 3536 1404 3569 V
1422 3535 1433 3579 11
1457 3536 1606 3568 inveniet
1629 3537 1716 3580 vulq.
1741 3537 1752 3579 11
1780 3539 1823 3571 24
1848 3538 2022 3570 habentem
2050 3539 2126 3572 libri
2150 3538 2155 3582 Ι
2191 3541 2232 3573 28
2258 3540 2383 3583 quippe

154 3582 196 3614 33
218 3580 296 3614 εἶτα
316 3577 467 3624 ὕστερον
482 3579 568 3621 κτλ.]
593 3581 668 3614 C'od.
686 3582 736 3617 10,
758 3585 805 3620 34,
818 3585 833 3610 4
849 3581 1018 3612 secundum
1032 3581 1107 3613 Atlz.
1123 3582 1155 3622 8,
1171 3586 1186 3611 4
1203 3588 1233 3614 et

156 3626 278 3658 Tlieod.
301 3639 369 3659 nov.
385 3628 438 3667 87,
452 3635 478 3666 3,
503 3628 619 3659 rectius
643 3628 692 3666 10,
714 3631 760 3666 34,
777 3631 792 3654 ι’»
818 3626 987 3657 secundum
1007 3621 1065 3657 ΒΣ
1079 3626 1132 3666 29,
1149 3630 1176 3666 1,
1190 3630 1228 3657 65

155 3671 265 3710 (schol.
278 3672 348 3711 10):
363 3673 522 3714 nisiforte
534 3679 704 3714 temporum
718 3672 870 3703 rationem
886 3671 915 3702 Ιι.
927 3671 946 3703 l.
962 3682 1023 3702 non
1037 3672 1118 3703 satis
1133 3672 1233 3704 teneri

154 3722 277 3747 statuas
306 3715 319 3759 11
347 3718 388 3749 34
415 3712 525 3749 αὐτὸν
545 3716 593 3749 L²
622 3716 633 3759 11
664 3718 704 3749 38
725 3717 795 3754 καὶ]
820 3710 838 3756 ἢ
860 3715 899 3754 L,
924 3710 1093 3747 ἀπαιδίας
1115 3711 1229 3756 ἣαάᾱ.

1310 3581 1354 3621 V]
1379 3581 1512 3621 quidem
1536 3581 1650 3622 Neob.,
1684 3594 1742 3614 om.
1763 3584 1849 3626 vulq.
1879 3582 1891 3626 11
1920 3583 2082 3624 uolentes]
2106 3589 2150 3617 no
2175 3584 2209 3626 (i.
2236 3597 2261 3618 e.
2286 3587 2381 3626 uero)

1299 3625 1449 3657 uolentes
1481 3626 1516 3658 V
1536 3625 1548 3669 11
1580 3627 1622 3659 30
1645 3626 1814 3659 subiacere
1839 3629 1924 3670 vulq.
1957 3629 1968 3671 11
1997 3629 2039 3661 32
2064 3628 2125 3661 sub
2149 3628 2243 3662 falsis
2274 3630 2382 3662 causis

1298 3671 1385 3714 ναῖς.
1406 3670 1476 3713 1133
1502 3671 1581 3702 haec
1604 3670 1657 3715 Vn
1677 3673 1787 3704 omnia
1810 3673 1862 3706 Va
1878 3673 1892 3716 11
1916 3674 1958 3707 35
1983 3675 2060 3706 ante
2083 3674 2217 3716 nuptias
2241 3674 2344 3709 Neob.
2369 3672 2383 3720 11

1300 3717 1342 3748 40
1368 3716 1474 3757 ipsum
1498 3716 1529 3749 V
1546 3716 1558 3759 11
1587 3714 1676 3757 leges
1699 3717 1730 3749 V
