2618 4010
239 158 348 203 Nov.
367 157 524 202 XCVII
552 159 579 200 6

238 266 432 304 ἐπιδέδωκε
462 267 532 313 γὰρ
563 266 683 311 πατὴρ
715 268 847 313 προῖκα
876 263 899 310 ἢ
956 262 1046 314 ἡτηρ
1080 266 1192 321 τυχὸν
1226 263 1319 313 ὑπὲρ

238 311 367 348 παιδὸς
390 313 536 354 οἰκείας,
557 309 579 354 ἡ
604 308 645 345 δὲ
659 310 800 355 ταύτην
823 309 929 346 dm&
950 324 1020 345 ωκε
1043 312 1096 354 τῷ
1118 309 1235 356 ανδρί,
1258 316 1319 346 καὶ

237 357 464 400 ἐτελεύτησεν
487 353 507 390 ὁ
530 353 622 402 ἀνὴρ
645 353 797 401 ἄπορος·
833 356 911 391 εἶτα
941 357 1006 390 τοῦ
1037 355 1176 402 πατρὸς
1204 354 1228 399 ἢ
1258 357 1320 400 τῆς

235 402 369 447 μητρὸς
383 399 679 443 τελευτησάντων
699 397 909 436 ‹inat-tettae
937 404 996 435 καὶ
1020 397 1042 444 ἡ
1065 398 1213 448 γήμασα
1236 412 1319 436 συν-

237 449 441 493 ειςενεγκεῖν
471 446 540 489 τὴν
568 446 696 489 ἑαυτῆς
726 449 858 491 προῖκα
889 444 912 489 ἢ
935 445 1036 492 παρὰ
1059 446 1235 480 τοσοῦτον
1259 444 1319 480 λα-

236 494 324 535 βεῖν.
371 491 403 525 εἰ
425 492 493 532 μὲν
520 484 586 525 οὖν
617 488 637 524 ὁ
670 488 763 536 ἀνὴρ
786 487 949 534 εὐπόρως
970 492 1063 533 ἔχοι,
1097 490 1140 525 τὸ
1170 491 1320 538 πρᾶγμα

237 534 477 579 πανταχόθεν
493 532 645 570 εὔλυτόν
661 537 778 570 ἐστιν·
804 537 834 570 εἰ
851 533 890 569 δὲ
906 533 1052 570 οὐδενὸς
1075 536 1198 582 ἑτέρου
1215 539 1318 580 κυρία

236 581 378 615 καθέστ
403 594 464 615 κεν
496 582 612 624 ἐκείνη
643 579 740 624 πλὴν
771 578 795 624 ἢ
826 582 904 615 τῶν
932 577 1087 627 ἀγωγῶν
1121 582 1198 615 τῶν
1228 580 1320 615 κατὰ

236 627 301 660 τοῦ
326 624 374 660 ἀν
397 626 476 671 ρός,
510 625 550 660 αἱ
577 623 618 660 δὲ
647 624 779 670 ἄποροι
812 625 1072 668 καθεστήκασι,
1103 628 1164 660 καὶ
1183 623 1319 660 ἀντιτί-

1307 152 1394 201 476

1806 170 1869 202 DE
1897 168 2214 209 AQQUAm'rA‘m
2243 166 2378 200 nowls
2404 164 2463 199 ΕΤ

1387 266 1470 302 tulit
1503 265 1599 302 enitu
1632 264 1736 312 pater
1768 267 1885 304 dotem
1920 272 1984 304 aut
2015 271 2131 305 mater
2164 263 2260 304 forte·
2292 277 2357 313 pro
2388 266 2465 303 filia

1389 321 1470 354 sua,
1506 311 1601 347 hanc
1632 315 1751 347 autem
1781 312 1844 348 illa
1873 313 2004 350 obtulit
2033 315 2172 356 marito,
2205 317 2242 349 et
2273 312 2463 349 defunctus

1389 360 1444 391 est
1465 356 1518 391 vir
1540 356 1663 401 inops;
1698 356 1824 392 deinde
1851 361 1955 402 patre
1984 361 2048 395 aut
2077 363 2190 394 matre
2221 358 2371 394 mortuis
2401 366 2463 393 ex·

1388 400 1496 445 igitur
1525 402 1561 436 et
1589 410 1681 446 quae
1702 401 1826 447 nupsit
1847 403 2011 440 conferre
2039 414 2141 440 suam
2164 403 2283 439 dotem
2313 405 2376 438 aut
2398 402 2464 438 mi-

1356 450 1374 481 5
1389 456 1456 481 nus
1486 449 1627 481 tantum
1658 446 1834 491 accipere.
1881 446 1922 482 Si
1953 448 2093 493 quidem
2127 449 2180 484 vir
2216 449 2365 485 idoneus
2396 449 2463 491 est,

1390 500 1501 526 causa
1525 491 1679 535 undique
1703 491 1870 527 absoluta
1893 493 1963 536 est3
2000 494 2030 528 si
2053 503 2137 530 vero
2159 494 2292 530 nullius
2316 493 2463 528 alterius

1389 535 1532 572 domina
1553 536 1716 572 consistit
1732 536 1795 572 illa
1817 535 1886 572 nisi
1901 537 2081 573 actionum
2101 548 2193 584 quae
2214 542 2340 575 contra
2357 538 2464 573 mari-

1387 584 1462 616 tum
1492 583 1595 624 sunt,
1631 583 1670 616 at
1699 581 1759 616 ille
1794 581 1911 617 minus
1941 581 2090 619 idoneus
2120 586 2185 626 est,
2221 587 2258 620 et
2287 583 2465 619 obiciatur

1386 625 1526 661 mulieri
1559 626 1654 672 quod
1688 626 1759 661 iam
1793 626 1880 661 data
1914 627 1962 662 sit
1995 627 2060 663 dos
2094 638 2159 673 pro
2192 638 2251 673 ea,
2285 629 2349 664 illa
2379 638 2463 664 vero

237 671 346 706 θοιτο
370 672 415 718 τῇ
437 674 580 726 γυναικὶ
610 668 658 705 οἷς
681 668 749 714 ἤδη
774 669 980 705 ἐπιδέδοται
1004 671 1111 716 προὶξ
1141 669 1234 717 ὑπὲρ
1259 669 1319 704 αὖ·
1335 673 1375 705 10
1387 671 1562 707 actionem
1587 672 1750 707 conferat
1766 672 1902 707 nullum
1917 671 2105 708 habentem
2121 675 2262 718 penitus
2286 674 2464 715 effectum,

237 717 315 760 τῆς,
336 712 358 760 ἡ
373 714 414 750 δὲ
431 730 500 759 την
519 716 666 763 αγωγὴν
686 719 903 763 συνειςφέροι
925 713 1038 760 μηδὲν
1056 718 1210 758 ἔχουσαν
1227 727 1319 750 παν-

238 760 348 796 τελῶς
388 758 635 804 ἀποτέλεσμα,
677 759 788 806 νόμου
832 761 875 795 τὸ
912 762 1061 808 πρᾶγμα
1095 758 1182 806 ἡμῖν
1217 759 1321 801 ἄξιον

239 806 433 863 ἐνομίσθη,
470 809 530 840 καὶ
551 805 656 849 ἴσμεν
678 805 746 850 ἤδη
770 808 810 840 ἐν
835 805 980 841 πολλαῖς
1003 810 1164 861 κρίσεσιν
1188 804 1321 849 ἀπηνέ-

1387 716 1475 761 legis
1500 727 1610 752 causa
1633 717 1737 752 nobis
1761 717 1867 761 digna
1890 720 2016 762 putata
2035 720 2101 753 est.
2134 718 2185 753 Et
2203 719 2364 755 novimus
2385 719 2463 764 qui-

1389 761 1467 797 dem
1501 761 1571 797 iam
1606 762 1643 797 in
1678 762 1839 807 plurimis
1875 761 2016 797 iudiciis
2051 761 2215 798 duritiam
2249 766 2375 809 postea
2413 765 2465 799 sic

1388 806 1593 850 iudicatam,
1618 810 1653 842 et
1676 807 1861 842 mulierem
1886 811 2047 843 coactam
2073 807 2237 843 conferre
2260 809 2376 845 dotem
2403 812 2466 844 aut

239 863 367 897 στερον
392 851 482 886 αυτὸ
506 851 647 897 κριθέν,
673 854 734 886 καὶ
756 852 824 895 τὴν
847 854 998 897 γυναῖκα
1022 852 1322 897 αναγκασθεῖσαν
1390 854 1486 887 certe
1509 855 1675 898 reputare
1698 863 1763 897 pro
1788 862 1827 887 se
1850 852 1989 895 datam,
2014 862 2057 887 ex
2082 862 2152 897 qua
2176 853 2310 888 nullum
2333 854 2364 889 ei
2389 864 2463 889 om·

240 900 512 943 συνειςενεγκεῖν
540 897 610 940 τὴν
634 900 765 952 neugma
794 895 873 952 ἦτοι
896 896 1118 950 λογίσασθαι
1141 896 1210 940 τὴν
1231 895 1322 943 ὑπὲρ
1338 900 1378 932 15
1390 898 1474 933 nino
1488 934 1492 939 ,
1507 898 1654 941 contigit
1686 897 1851 933 effectum
1880 897 1917 932 in
1940 897 2026 942 ipsis
2056 900 2162 933 rebus
2186 898 2362 943 recipere:
2401 909 2465 934 nos

241 938 349 985 αὐτῆς
383 940 588 986 δεδομένην,
624 942 663 983 ἐξ
697 954 737 985 ης
772 939 878 976 ουδὲν
916 939 1004 988 αὐτῃ
1039 944 1163 988 γέγονε
1191 954 1322 976 παντε-

239 986 310 1021 λῶς
332 985 559 1031 ἀποτέλεσμα
582 989 623 1021 ἐν
640 985 758 1021 αὐτοῖς
780 990 853 1021 τοῖς
876 988 1086 1033 πράγμασιν
1105 984 1321 1032 ἀπολαβεῖν·

239 1030 338 1076 ἡμεῖς
367 1031 407 1067 δὲ
430 1033 469 1074 ἐξ
492 1033 628 1078 ἑτέρων
657 1031 787 1077 νόμων
810 1032 1019 1077 βοηθοῦμεν
1049 1033 1102 1076 τῷ
1127 1031 1321 1079 πράγματι.

242 1075 366 1131 ἐπει-δὴ
395 1075 698 1131 γὰρηδεδῴκαμεν
721 1080 797 1112 ταῖς
820 1078 983 1132 γυναιξὶν
999 1078 1138 1131 αἵρεσιν
1161 1081 1220 1112 καὶ
1241 1090 1321 1111 συν-

1390 946 1508 978 autem
1526 953 1570 977 ex
1585 943 1664 977 aliis
1686 942 1819 978 nostris
1842 942 1978 987 legibus
2002 943 2163 978 iuvamus
2182 952 2337 978 causam.
2375 943 2467 988 Quia

1390 987 1484 1023 enim
1520 988 1680 1023 dedimus
1718 988 1922 1023 mulieribus
1963 988 2170 1023 electionem
2209 992 2246 1023 et
2280 992 2466 1024 constante

1391 1033 1632 1074 matrimonio,
1666 1033 1696 1068 si
1718 1033 1811 1069 male
1841 1043 1899 1069 res
1923 1034 2071 1068 maritus
2095 1033 2282 1078 gubernet,
2314 1037 2351 1068 et
2372 1033 2466 1069 acci-

1392 1088 1477 1124 pere
1507 1088 1569 1113 eas
1601 1082 1637 1113 et
1665 1079 1865 1123 gubernare
1896 1081 1931 1113 et
1962 1078 2155 1114 secundum
2186 1079 2370 1114 decentem
2392 1089 2467 1114 mo-

241 1134 396 1158 εστωτος
424 1135 489 1157 του
518 1135 643 1167 γαμου,
675 1123 706 1156 εἰ
729 1125 846 1157 κακῶς
875 1136 922 1157 τα
952 1135 1148 1169 πραγματα
1179 1120 1199 1157 ὁ
1231 1119 1323 1177 ἀνὴρ
1338 1125 1379 1157 20
1393 1124 1474 1160 dum
1499 1128 1535 1159 et
1558 1123 1665 1159 sicuti
1688 1127 1811 1159 nostra
1834 1123 2042 1160 constitutio
2058 1123 2154 1165 dicit,
2179 1124 2209 1160 si
2225 1123 2366 1169 quidem
2381 1133 2469 1159 suae

242 1165 403 1212 διοικοίη,
434 1171 494 1202 καὶ
525 1167 724 1213 λαμβάνειν
754 1165 847 1202 αὐτὰ
879 1171 938 1202 καὶ
962 1165 1110 1202 διοικεῖν
1141 1168 1231 1202 κατὰ
1256 1181 1324 1202 τον

242 1215 431 1259 πρέποντα
453 1213 594 1259 τρόπον
625 1216 684 1247 καὶ
707 1212 877 1258 καθάπερ
906 1210 929 1256 ἡ
953 1210 1107 1258 ἡμετέρα
1130 1212 1222 1260 λέγει
1245 1211 1323 1247 διά-

241 1258 358 1299 ταξις·
395 1259 426 1293 εἰ
456 1261 524 1303 μὲν
557 1256 770 1299 αὖτεξονσία
801 1262 861 1292 καὶ
892 1257 1011 1293 τελεία
1043 1258 1111 1302 τὴν
1126 1256 1269 1301 ἡλικίαν
1300 1256 1322 1301 ἡ

241 1304 331 1358 γυνὴ
355 1302 734 1359 καιῩεστ’κοι,,εάυτῇ
757 1307 898 1349 μέμψιν
910 1305 1097 1357 ἐπαγέτω,
1127 1308 1164 1338 τί
1187 1302 1325 1347 δήποτε

1393 1169 1583 1214 potestatis
1618 1171 1654 1204 et
1689 1168 1870 1213 perfectae
1903 1169 2031 1205 aetatis
2062 1169 2189 1204 mulier
2220 1173 2291 1212 est,
2327 1168 2468 1204 sibimet

1394 1214 1537 1258 culpam
1568 1214 1714 1256 inferat,
1746 1225 1811 1250 cur
1833 1224 1915 1250 mox
1942 1214 2017 1250 viro
2045 1214 2237 1250 incohante
2267 1215 2358 1250 male
2381 1214 2466 1251 sub-

1394 1260 1528 1295 stantia
1557 1259 1610 1294 uti
1639 1270 1712 1295 non
1743 1259 1903 1305 percepit
1937 1262 1974 1295 et
2004 1260 2175 1295 auxiliata
2206 1261 2262 1295 est
2292 1259 2378 1295 sibi:
2415 1259 2468 1294 sic

1394 1305 1485 1339 enim
1515 1305 1684 1340 habitura
1718 1308 1796 1340 erat
1830 1304 1869 1340 in
1900 1305 2100 1341 collationis
2135 1305 2274 1340 ratione
2302 1304 2468 1350 proprias

243 1362 265 1382 α
313 1363 326 1382 ι
356 1362 420 1384 του
444 1347 492 1383 οἷν
516 1349 576 1395 ρὸς
597 1349 796 1397 αρξαμένου
829 1361 944 1383 κακως
967 1363 1011 1396 τῃ
1033 1353 1217 1394 περιουσίᾳ
1241 1351 1324 1404 χρῆ·
1339 1351 1379 1383 25
1393 1360 1450 1385 res
1475 1350 1630 1395 undique
1654 1351 1730 1385 Sine
1754 1350 1995 1395 diminutione,
2019 1353 2056 1386 et
2075 1351 2112 1386 in
2132 1360 2175 1386 ea
2194 1351 2309 1386 minus
2329 1352 2469 1386 tantum

243 1405 265 1428 σ
298 1407 336 1428 αι
357 1395 406 1439 μὴ
437 1397 497 1428 καὶ
521 1392 740 1439 ἀντελάβηο
759 1398 818 1428 καὶ
835 1395 1040 1438 ἐβοήθησεν
1063 1395 1191 1442 ἑαυτῇ·
1228 1407 1324 1428 ουτω

242 1439 312 1486 γὰρ
328 1437 376 1474 ἂν
392 1439 538 1484 ἔμελλεν
562 1441 655 1483 ἔχειν
678 1441 719 1475 ἐν
742 1441 795 1483 τῷ
818 1441 880 1483 τῆς
902 1440 1130 1485 συνειςφορᾶς
1160 1437 1256 1486 λόγῳ
1280 1440 1324 1474 τὰ

243 1485 355 1519 οἰκεῖα
390 1483 585 1532 πράγματα
620 1483 862 1527 πανταχόθεν
893 1482 1075 1530 ἆμείωτα,
1110 1488 1171 1518 καὶ
1201 1487 1241 1519 ἐν
1271 1486 1324 1527 τῷ

313 1530 414 1575 παρὰ
439 1532 622 1584 τοσοῦτον,
634 1531 701 1574 τὴν
724 1530 957 1585 συνειςφρρὰν
980 1530 1178 1566 ποιεῖσθαι.
1233 1531 1263 1564 εἰ
1287 1528 1327 1564 δὲ

1395 1395 1619 1431 collationem
1641 1395 1774 1431 facere.

1395 1533 1416 1566 1
1464 1529 1526 1565 Sin
1549 1533 1668 1565 autem
1693 1530 1760 1566 sub
1784 1532 1963 1576 potestate
1986 1533 2041 1566 est
2064 1534 2100 1566 et
2120 1530 2195 1566 sine
2218 1531 2329 1576 patris
2344 1530 2469 1567 volun-

243 1573 439 1616 ὑπεξουσία
461 1576 683 1619 καθεστηκοι
714 1579 774 1609 καὶ
796 1587 939 1622 γνωμης
970 1577 1034 1610 τοῦ
1060 1575 1197 1619 πατρὸς
1220 1578 1327 1628 χωρὶξ
1339 1578 1381 1611 30
1394 1578 1469 1611 tate
1484 1574 1562 1611 ‘hoc
1586 1585 1690 1620 agere
1710 1586 1784 1611 non
1803 1579 1955 1621 poterat,
1980 1575 2011 1612 si
2027 1575 2166 1621 quidem
2189 1577 2311 1611 adiens
2330 1580 2471 1622 patrem

243 1621 352 1655 τοῦτο
383 1620 559 1666 πράττειν
590 1618 632 1655 οὗ
657 1618 817 1662 δύναιτο,
851 1622 883 1655 εἰ
905 1622 972 1664 μὲν
995 1619 1245 1667 προςελθοῦσα
1271 1634 1324 1663 τῳ

244 1669 358 1710 πατρὶ
386 1667 505 1700 ταῦτα
536 1665 616 1701 εἶπέ
637 1679 676 1700 τε
698 1669 759 1700 καὶ
781 1663 1058 1711 ἐξεμαρτύρατο,
1093 1662 1181 1700 dieve
1205 1678 1324 1700 συναι-

245 1713 349 1746 νέσαι
373 1708 464 1758 αὐτῇ
490 1714 549 1745 καὶ
573 1711 620 1745 τὰ
646 1710 842 1758 πράγματα
866 1710 991 1756 λαβεῖν
1021 1714 1081 1745 καὶ
1105 1712 1327 1746 συνεστῶτος

245 1757 301 1790 ἔτι
332 1757 399 1791 τοῦ
428 1755 542 1803 γάμον
573 1759 633 1790 καὶ
664 1760 737 1790 τοῖς
768 1755 943 1810 δευτέροες
975 1754 1067 1790 αὐτὰ
1099 1759 1234 1802 καιροῖς
1262 1770 1326 1802 φυ-

1394 1621 1484 1656 haec
1515 1620 1606 1656 dixit
1640 1625 1676 1657 et
1706 1624 1908 1657 contestata
1939 1625 2012 1665 est,
2047 1625 2088 1656 ut
2120 1621 2336 1657 consentiret
2371 1622 2403 1657 ei
2434 1625 2471 1657 et

1395 1675 1452 1702 res
1475 1666 1659 1711 percipere
1690 1666 1796 1701 etiam
1821 1668 2008 1702 constante
2037 1667 2155 1702 adhuc
2176 1667 2403 1703 matrimonio
2435 1669 2471 1703 et

1394 1711 1560 1747 secundis
1584 1712 1802 1757 temporibus
1825 1721 1886 1747 eas
1911 1721 2070 1755 servare,
2103 1716 2139 1747 et
2161 1712 2231 1747 hoc
2262 1712 2334 1757 egit
2356 1716 2470 1758 pater,

1395 1756 1501 1792 etiam
1524 1767 1650 1792 rursus
1674 1756 1756 1792 hinc
1779 1757 1919 1801 integra
1942 1767 2008 1792 sua
2031 1757 2178 1793 habebit
2199 1757 2280 1792 iura
2305 1757 2414 1793 rebus
2438 1757 2471 1793 ei

244 1798 369 1856 λεῖξαι,
392 1805 453 1835 καὶ
477 1803 583 1837 τοῦτο
607 1803 654 1836 ἔπ
677 1803 762 1842 αξεν
785 1800 804 1835 ὁ
831 1814 962 1854 πατηρ,
986 1800 1098 1835 πάλιν
1121 1799 1327 1836 κάντεῦθεν
1340 1804 1382 1837 35
1395 1801 1557 1844 servatis,
1583 1812 1663 1837 cum
1688 1802 1794 1837 etiam
1818 1802 2073 1847 antenuptialis
2097 1802 2298 1838 donationis
2322 1813 2379 1839 res
2395 1803 2470 1839 vin-

244 1850 394 1894 ακέραια
423 1846 470 1881 τὰ
496 1847 609 1881 οἰκεῖα
631 1849 654 1880 ε’
672 1860 702 1881 ει
726 1845 848 1881 δίκαια
878 1860 956 1881 των
979 1847 1205 1893 πραγμάτων
1235 1844 1326 1894 αὐτῇ

245 1890 548 1947 πεφυλαγμένων·
580 1888 673 1927 ὅπου
695 1905 736 1939 γε
759 1894 818 1926 καὶ
841 1891 888 1926 τὰ
911 1892 974 1934 τῆς
998 1896 1237 1946 προγαμιαέας
1261 1890 1328 1926 δω-

267 1948 327 1971 aas
357 1950 556 1984 πραγματα
587 1935 740 1971 ἐκδικεῖν
767 1941 828 1971 καὶ
851 1938 892 1971 ἐν
915 1948 1115 1971 συνεστωτι
1146 1951 1199 1981 τῳ
1221 1935 1328 1984 γάμῳ

245 1950 456 2038 δεδώκαμεν
476 1979 568 2030 αὐτῇ
592 1985 652 2016 καὶ
670 1984 734 2017 τοῦ
753 1982 844 2026 μετὰ
866 1983 984 2016 ταῦτα
1007 1980 1174 2017 κινδύνου
1193 1982 1329 2018 παντὸς

1395 1847 1515 1882 dicare
1546 1847 1652 1882 etiam
1682 1851 1869 1883 constante
1898 1847 2120 1883 matrimonio
2145 1847 2344 1884 dederimus
2374 1848 2406 1884 ei
2436 1852 2473 1883 et

1397 1892 1586 1938 posteriori
1620 1892 1779 1938 periculo
1814 1893 1910 1928 omni
1943 1893 2099 1929 liberari.
2158 1893 2218 1928 Sin
2255 1898 2375 1929 autem
2409 1893 2473 1929 illa

1398 1937 1538 1983 quidem
1581 1937 1671 1973 haec
1712 1939 1915 1974 contestata
1956 1941 2012 1974 est
2051 1942 2208 1984 patrem,
2252 1938 2313 1974 ille
2353 1941 2471 1974 autem

245 2025 492 2071 ἇπηλλαχθαι.
541 2028 572 2061 εἰ
604 2025 644 2061 δὲ
671 2025 694 2071 ἡ
724 2030 793 2072 μὲν
820 2028 937 2062 ταῦτα
968 2027 1232 2073 ἐξεμαρτύρατο
1260 2026 1329 2062 τὸν
1342 2030 1385 2062 40

244 2143 353 2177 situm
375 2144 441 2176 est.
488 2138 648 2175 Dederat
670 2139 765 2174 enim
782 2143 895 2185 pater
925 2139 981 2175 vel
1003 2143 1119 2174 mater
1140 2139 1243 2184 forte
1260 2149 1336 2186 pro
1357 2139 1438 2183 filia
1461 2149 1530 2173 sua
1554 2139 1692 2181 dotem,
1726 2138 1815 2174 baec
1838 2143 1955 2175 autem
1980 2150 2057 2174 eam
2081 2141 2212 2176 marito
2236 2140 2396 2184 dederat,
2428 2153 2473 2178 ac

245 2186 399 2222 maritus
429 2186 538 2231 inops
567 2189 733 2220 mortuus
763 2189 818 2221 est
826 2197 840 2226 ;
876 2183 1004 2220 deinde
1027 2189 1140 2230 patre
1171 2183 1227 2220 vel
1257 2189 1373 2219 matre
1406 2183 1592 2230 defunctis
1622 2184 1786 2229 exiqitur
1808 2185 1922 2220 etiam
1945 2195 1969 2220 a
1988 2184 2071 2230 filia
2094 2197 2188 2232 quae
2211 2192 2403 2232 nupserat,
2433 2193 2474 2223 ut

246 2232 364 2267 dotem
387 2241 491 2266 suam
515 2230 686 2275 conferat
708 2234 774 2265 aut
798 2233 900 2265 tanto
924 2229 1042 2264 minus
1065 2229 1231 2276 accipiat.
1280 2231 1398 2275 Atque
1426 2230 1460 2264 si
1489 2229 1643 2265 maritus
1673 2229 1835 2276 locuples
1857 2230 1922 2272 sit,
1953 2240 2012 2266 res
2042 2230 2087 2266 ab
2112 2231 2208 2266 omni
2228 2236 2341 2277 parte
2360 2232 2475 2277 facile

245 2276 338 2313 solvi
355 2280 500 2323 potest,·
533 2275 591 2310 sin
613 2274 680 2310 illa
702 2274 839 2310 nullius
862 2274 1013 2310 alterius
1042 2275 1097 2310 rei
1125 2274 1196 2309 nisi
1227 2274 1410 2310 actionum
1442 2278 1571 2310 contra
1600 2275 1767 2310 maritum
1798 2285 1947 2327 compos
1973 2279 2045 2317 est,
2077 2280 2117 2312 at
2139 2287 2204 2312 eae
2230 2278 2357 2312 inanes
2377 2282 2473 2319 sunt,

246 2322 382 2368 quippe
404 2321 439 2356 si
459 2319 604 2356 mulieri
627 2324 839 2366 opponatur
870 2320 942 2355 iam
966 2319 1090 2355 datam
1113 2330 1191 2355 esse
1216 2330 1290 2371 pro
1314 2330 1360 2355 ea
1383 2318 1521 2362 dotem,
1553 2318 1642 2355 baec
1668 2324 1787 2355 autem
1818 2327 1995 2355 actionem
2026 2320 2196 2366 conferat
2220 2332 2314 2368 quae
2337 2321 2473 2358 nullum

242 2366 355 2414 plane
378 2365 544 2412 effectum
567 2364 718 2400 habeat:
750 2376 809 2401 res
832 2365 934 2401 nobis
959 2364 1038 2410 leqe
1057 2365 1171 2411 diqna
1195 2375 1271 2400 visa
1287 2369 1352 2401 est.
1399 2365 1452 2400 Ac
1471 2366 1602 2400 scimus
1624 2365 1697 2400 iam
1720 2365 1758 2399 in
1773 2365 1895 2401 multis
1916 2365 2059 2401 iudiciis
2082 2365 2209 2401 durius
2231 2367 2271 2402 id
2287 2378 2364 2402 esse
2381 2367 2473 2403 iudi-

247 2417 386 2454 catum,
409 2411 665 2456 mulieremque
689 2415 852 2446 coactam
876 2410 995 2446 dotem
1019 2411 1191 2455 conferre
1215 2410 1273 2446 vel
1289 2421 1363 2457 pro
1387 2410 1469 2457 ipsa
1485 2409 1608 2445 datam
1628 2414 1850 2457 computare,
1873 2421 1922 2446 eae
1938 2421 2014 2456 qua
2028 2411 2166 2446 nullum
2183 2411 2294 2458 plane
2312 2411 2474 2457 fructum

247 2457 280 2493 ei
302 2456 497 2503 contiqerit
518 2456 558 2491 in
580 2455 671 2502 ipsis
692 2456 798 2492 rebus
821 2455 990 2501 auferre:
1020 2466 1088 2491 nos
1110 2466 1194 2491 vero
1218 2466 1268 2491 ex
1291 2455 1374 2491 aliis
1399 2455 1536 2501 leqibus
1560 2466 1692 2491 causae
1713 2455 1948 2491 subvenimus.
1996 2455 2173 2499 Quoniam
2196 2458 2289 2493 enim
2317 2458 2474 2494 mulieri-

248 2503 313 2539 bus
336 2502 444 2538 etiam
467 2505 655 2537 constante
678 2501 907 2536 matrimonio
939 2500 1146 2536 electionem
1171 2500 1345 2543 dedimus,
1375 2501 1408 2535 si
1430 2501 1583 2536 maritus
1605 2511 1665 2536 res
1689 2500 1784 2536 male
1807 2500 2044 2543 administret,
2074 2506 2110 2537 et
2131 2501 2335 2549 accipiendi
2355 2513 2418 2538 eas
2439 2507 2477 2539 et

248 2545 529 2583 administrandi
552 2545 682 2582 idoneo
703 2545 809 2581 modo
833 2551 868 2582 et
917 2545 1191 2582 uemadmodum
1215 2550 1343 2582 nostra
1367 2546 1577 2582 constitutio
1601 2545 1706 2581 dicit:
1739 2545 1772 2580 si
1795 2546 1938 2592 quidem
1962 2546 2090 2582 mulier
2111 2557 2200 2583 suae
2220 2548 2412 2594 potestatis
2440 2552 2475 2584 et

248 2593 395 2629 adultae
418 2591 550 2628 aetatis
572 2591 631 2634 sit,
655 2590 727 2627 sibi
747 2591 830 2638 ipsa
854 2601 999 2637 cupam
1023 2590 1211 2634 attribuat,
1235 2602 1302 2627 cur
1318 2590 1471 2635 tandem,
1497 2591 1558 2627 ubi
1573 2591 1629 2627 vir
1643 2590 1747 2627 bonis
1769 2590 1863 2626 male
1879 2591 1931 2626 uti
1950 2592 2079 2637 coepit,
2103 2603 2178 2628 non
2194 2594 2371 2639 receperit
2392 2593 2476 2629 sibi-

248 2649 318 2685 que
347 2638 430 2684 ipsa
460 2636 644 2672 auxiliata
674 2636 745 2677 sit,·
791 2636 844 2672 ita
875 2636 968 2672 enim
999 2636 1036 2671 in
1061 2636 1268 2672 collationis
1297 2636 1442 2672 ratione
1471 2646 1530 2672 res
1560 2646 1647 2671 suas
1679 2635 1840 2682 undique
1867 2635 2028 2672 illibatas
2058 2636 2228 2673 habitura
2254 2642 2335 2674 erat
2365 2643 2406 2674 at
2432 2649 2476 2674 ue

248 2686 270 2720 1
315 2683 544 2719 collationem
568 2686 670 2717 tanto
695 2682 834 2717 minore
864 2682 903 2716 in
925 2692 1064 2717 summa
1086 2682 1248 2727 factura.
1295 2722 1301 2728 ,
1343 2680 1384 2716 Si
1408 2692 1492 2718 vero
1515 2680 1580 2717 sub
1602 2685 1783 2728 potestate
1812 2682 1862 2716 sit
1890 2685 1926 2717 et
1954 2682 2031 2716 sine
2055 2682 2239 2719 voluntate
2260 2683 2386 2730 patris
2432 2694 2476 2719 oc

249 2739 359 2775 aqere
382 2731 553 2775 nequeat,
583 2728 619 2762 si
640 2726 783 2773 quidem
802 2730 945 2779 patrem
969 2726 1059 2762 adiit
1090 2731 1200 2773 atque
1223 2726 1289 2762 illa
1313 2727 1410 2762 dixit
1440 2730 1475 2762 et
1506 2730 1708 2762 contestata
1732 2730 1804 2768 est,
1837 2730 1878 2761 ut
1903 2726 2125 2762 consentiret
2153 2728 2187 2763 ei
2216 2732 2253 2764 et
2281 2739 2342 2764 res
2368 2730 2476 2764 etiam

249 2776 438 2810 constante
459 2771 579 2808 adbuc
600 2772 831 2808 matrimonio
855 2772 1031 2818 reciperet
1054 2783 1187 2825 easque
1208 2771 1375 2808 secundis
1392 2771 1609 2818 temporibus
1631 2776 1803 2813 servaret,
1827 2775 1936 2817 atque
1951 2776 2065 2818 pater
2080 2771 2119 2807 id
2132 2773 2219 2818 equ,
2242 2783 2370 2809 rursus
2391 2773 2476 2809 inde

249 2829 394 2866 quoque
415 2818 560 2864 inteqra
583 2818 666 2853 iura
689 2827 758 2853 sua
782 2816 926 2853 habebit
947 2817 1055 2853 rebus
1078 2827 1149 2863 tpSi
1172 2817 1345 2853 servatis:

1380 2827 1460 2852 cum
1483 2817 1591 2853 etiam
1613 2827 1672 2852 res
1695 2816 1906 2852 donationis
1927 2821 2013 2852 ante
2035 2818 2182 2868 nuptias
2205 2817 2389 2854 vindicare
2418 2818 2475 2855 vel

249 2867 435 2900 constante
458 2862 688 2899 matrimonio
713 2863 749 2898 ei
771 2862 1068 2905 concesserimus,
1099 2866 1139 2897 ut
1164 2863 1262 2898 omni
1288 2861 1456 2909 deinceps
1481 2861 1649 2910 periculo
1681 2861 1860 2898 liberetur.
1908 2860 2045 2905 Quodsi
2073 2862 2139 2897 illa
2170 2862 2311 2908 quidem
2331 2867 2476 2910 patrem

310 2979 325 3010 1
353 2978 484 3031 προῖκα
506 2974 628 3032 πατὴρ
651 2976 683 3029 L
707 2974 721 3016 ΙΙ
749 2976 770 3009 2
793 2974 933 3031 οἰκείας]
967 2971 1059 3008 ἰδίας
1082 2974 1132 3008 B⁸
1160 2974 1173 3017 11
1195 2974 1223 3032 ’4
1248 2985 1330 3007 συν-

251 3022 490 3111 mittis}
503 3021 916 3111 {qfffffflzffslssffsslh
931 3020 979 3110 fi
988 3019 1050 3098 {11¹ss
1063 3018 1333 3098 ῗιιῖἷιῗιῗέἶιῖἶῖἶὲ

252 3114 303 3147 est
327 3124 346 3148 ς
361 3111 374 3157 ΙΙ
392 3108 623 3145 ἀντιτίθοιτο
648 3111 757 3152 ΜΒῙ]
782 3107 1035 3144 ἇντιτίθοιντο
1060 3111 1109 3144 Β*
1139 3107 1333 3143 ἆντιθοῖτο

253 3159 284 3191 L
301 3157 314 3201 Ι]
333 3159 372 3192 11
387 3158 602 3202 συνειςφέρει
613 3156 698 3190 LBr
713 3157 724 3199 ΙΙ
741 3157 868 3198 ἔχουσα
881 3156 950 3189 LB
967 3155 980 3199 ΙΙ
1000 3157 1040 3190 13
1053 3154 1168 3198 ἴσμεν]
1181 3155 1333 3188 novimus

253 3202 386 3245 quidem
410 3214 429 3238 ς
447 3202 459 3245 ΙΙ
475 3198 721 3256 ἀπηνέστερον
728 3201 849 3254 ε’τοῦτο
872 3204 912 3242 (v.
928 3201 949 3234 Ι.
966 3196 1079 3243 αὐτῷ)
1099 3202 1146 3234 Β*
1175 3200 1332 3233 duritiam

252 3250 366 3291 postea
389 3247 436 3279 uio
460 3248 494 3287 (i.
517 3261 542 3281 e.
567 3247 700 3289 απηνές
723 3258 875 3292 υστερον
897 3240 994 3279 οὕτω
1005 3245 1034 3287 ‘?)
1059 3258 1078 3282 ς
1097 3247 1108 3288 ΙΙ
1133 3247 1173 3280 21
1201 3242 1332 3287 διοική-
1364 3255 1366 3262 ·

254 3303 308 3326 σει
333 3293 378 3326 B·
402 3292 415 3336 u
443 3294 502 3325 καὶ
528 3290 729 3336 λαμβάνειν
742 3292 843 3332 LBe]
869 3293 930 3323 καὶ
946 3304 1004 3324 οηι.
1019 3292 1065 3324 M
1077 3290 1090 3335 ss
1105 3290 1210 3332 κατὰ]
1235 3293 1269 3323 et
1283 3300 1332 3323 se—

255 3338 399 3371 cundum
417 3338 452 3379 (i.
465 3350 491 3371 ε.
508 3339 568 3370 καὶ
586 3336 691 3377 κατὰ)
714 3349 734 3373 ς
751 3337 763 3374 ΙΙ
787 3338 830 3371 22
854 3334 1006 3380 τρόπον]
1030 3333 1140 3382 λόγον
1154 3337 1200 3369 Β·
1215 3336 1228 3379 ΙΙ
1255 3331 1331 3368 διά-

254 3382 365 3424 ταξις]
393 3382 472 3417 cod.
487 3383 519 3425 5,
532 3390 576 3423 12,
590 3390 626 3417 ‘29
644 3383 657 3426 ΙΙ
675 3383 717 3416 23
741 3379 894 3424 ἡλικίαν]
918 3381 1077 3415 οἰκείανὶ)
1090 3381 1141 3415 L⁰
1157 3382 1170 3425 ΙΙ
1188 3382 1231 3415 24
1254 3380 1332 3414 dav-

255 3427 317 3469 τῆς
332 3428 378 3461 Β*
391 3441 420 3461 υ.
435 3428 455 3461 l.
474 3426 488 3479 {j
509 3429 551 3462 25
576 3425 786 3471 χρήσασθαι
812 3427 862 3460 B!
877 3427 889 3470 ΙΙ
913 3428 956 3461 26
972 3423 1064 3472 αὑτῇ
1082 3426 1131 3460 B·
1157 3422 1249 3468 αὐτῆ
1268 3426 1300 3460 L
1322 3425 1334 3469 ΙΙ

258 3473 298 3506 28
324 3473 364 3506 ἐν
386 3472 452 3514 τῷ]
477 3483 513 3505 m
537 3483 576 3505 ea
602 3476 638 3514 (i.
655 3485 682 3506 e.
707 3473 747 3506 έν
767 3467 906 3513 αὗτῷῖ)
930 3483 949 3508 ς
969 3471 982 3515 ll
1009 3472 1052 3505 32
1077 3467 1333 3516 εξεμαρτύρετο

259 3517 307 3548 [1¹²
324 3517 336 3559 ΙΙ
353 3518 397 3551 33
415 3515 462 3550 τὰ
482 3516 678 3563 πράγματα
699 3530 738 3552 ετ
750 3530 833 3551 corr.
845 3517 877 3550 L
894 3517 907 3561 ΙΙ
923 3515 1050 3560 λαβεῖν
1064 3517 1178 3550 σπι-Μ
1188 3521 1202 3560 ΙΙ
1219 3517 1263 3551 35
1274 3517 1334 3549 καὶ

258 3560 373 3593 ταῦτα
389 3563 432 3599 L;
456 3565 516 3595 καὶ
537 3563 644 3597 τοῦτο
657 3581 699 3587 -
713 3564 815 3605 477,1
838 3561 1033 3608 συνῄνεσεν
1058 3574 1116 3596 om.
1131 3562 1180 3595 B‘
1227 3563 1271 3596 36
1289 3559 1334 3594 τὰ

260 3604 369 3637 οἰκεῖα
393 3602 541 3651 ἀκέραια
560 3608 624 3652 Bu
647 3609 691 3642 39
713 3605 901 3642 παντελῶς
924 3608 956 3640 L

264 3738 271 3743 .
285 3668 298 3670 μ
317 3694 337 3726 2
362 3693 420 3725 illa
443 3697 553 3727 autem
573 3696 606 3729 V
647 3698 666 3730 3
688 3669 1335 3740 vim!

262 3737 358 3770 mob-
380 3738 409 3770 V
422 3738 436 3781 Ι]
451 3742 600 3772 mortuus

1403 3022 1439 3054 11
1467 3021 1568 3063 digna
1592 3019 1687 3053 nobis
1713 3021 1745 3054 R
1761 3020 1774 3065 ΙΙ
1794 3022 1835 3055 12
1852 3020 1918 3053 iam
1938 3033 1996 3054 om.
2020 3021 2050 3053 V
2063 3019 2076 3064 ΙΙ
2091 3020 2261 3062 duritiam]
2287 3020 2410 3054 duritie
2426 3022 2476 3055 Τι

1400 3065 1522 3098 duriu·
1544 3065 1592 3099 V'
1624 3065 1740 3098 durius
1763 3066 1858 3100 Beck
1891 3065 2008 3099 durius
2032 3076 2103 3098 eam
2131 3066 2392 3110 Osenbri'lqyenu
2415 3067 2475 3108 sio]

1399 3110 1435 3142 id
1453 3111 1554 3145 'Beck
1567 3109 1581 3156 ΙΙ
1603 3112 1642 3145 13
1665 3111 1844 3144 iudicatam
1864 3110 2121 3155 R²VT²vu19.]
2145 3111 2292 3144 iudicata
2314 3112 2346 3144 Τ
2353 3113 2362 3132 ¹
2386 3111 2475 3144 iudi·

1400 3156 1467 3188 cari
1481 3156 1525 3198 R,
1541 3157 1584 3190 id.
1601 3156 1651 3189 T2
1664 3158 1696 3190 in
1710 3169 1824 3200 τηαν-9.,
1847 3156 2030 3189 iudicatum
2045 3156 2138 3190 Beck
2154 3156 2167 3199 ΙΙ
2185 3158 2227 3191 20
2252 3156 2346 3197 dicit]
2371 3156 2475 3198 siqui-

1400 3200 1472 3233 dem
1490 3203 1604 3234 nostra
1619 3202 1818 3234 constitutio
1834 3201 1917 3234 dicit
1933 3202 2010 3235 add.
2029 3201 2079 3234 Τ*
2097 3201 2109 3244 ΙΙ
2126 3203 2168 3235 22
2187 3201 2370 3234 substantie
2391 3201 2442 3235 V¹
2463 3200 2477 3246 Ι

1401 3246 1443 3279 23
1466 3247 1634 3290 praecepit
1658 3247 1691 3280 R.
1726 3246 1910 3290 perceperit
1942 3259 1981 3280 ex
2009 3247 2212 3289 praeceperit
2243 3247 2275 3280 T
2298 3246 2311 3289 ΙΙ
2339 3247 2386 3279 est
2416 3258 2473 3279 οηι.

1409 3291 1490 3324 VT¹
1515 3290 1528 3335 ΙΙ
1555 3293 1598 3326 24
1622 3291 1755 3324 abitura
1780 3292 1812 3325 T
1842 3292 1992 3324 habitare
2017 3291 2065 3325 Ε*
2094 3291 2106 3331 ΙΙ
2134 3291 2369 3325 collationibus
2391 3289 2441 3324 R·
2463 3290 2478 3332 ΙΙ

1401 3337 1442 3369 25
1467 3338 1510 3377 et]
1535 3346 1596 3370 uec
1621 3336 1727 3370 R¹T²
1745 3336 1758 3381 ΙΙ
1773 3339 1883 3369 tamen
1896 3337 1945 3370 R*
1964 3336 1976 3381 ΙΙ
1993 3338 2035 3371 26
2052 3336 2229 3370 collatione
2246 3336 2338 3377 RVn
2357 3333 2474 3368 2911oe

1400 3380 1575 3414 uoluntate
1597 3381 1632 3414 R
1654 3380 1668 3426 fl
1697 3382 1740 3416 30
1764 3384 1873 3425 potest
1893 3382 1926 3415 V
1949 3382 1961 3426 ΙΙ
1991 3383 2033 3416 32
2057 3383 2226 3426 percipere
2248 3381 2347 3424 vulg]
2368 3378 2473 3421 perci-

1365 3451 1367 3456 ,
1400 3429 1492 3468 peret
1508 3426 1540 3459 R
1551 3427 1614 3460 VT
1625 3426 1638 3470 ΙΙ
1654 3426 1866 3460 matrimonio
1883 3426 1992 3460 adhuc
2009 3427 2042 3460 R
2056 3425 2069 3468 ΙΙ
2087 3428 2130 3461 33
2149 3426 2220 3469 agit
2239 3424 2294 3467 V·
2311 3424 2354 3457 34
2373 3424 2472 3456 etiam

1399 3479 1475 3548 ἓξὲξ
1490 3474 1577 3559 5553.
1590 3471 2042 3560 <5³3⁵⁶2iiifii⁷glt¹²zi¹32l
2058 3468 2473 3560 fkffisstffisslfffflssz

1401 3560 1487 3594 ΒΤ*
1511 3561 1683 3595 uindicare
1707 3563 1786 3604 quia
1802 3561 1921 3595 mulier
1944 3562 2044 3595 etiam
2067 3560 2237 3594 oon-tante
2261 3557 2474 3608 matrimonio

1399 3608 1534 3648 propter
1558 3606 1692 3649 nuptias
1724 3607 1935 3640 donationem
1967 3606 2039 3647 sibi
2054 3604 2176 3648 poterit
2199 3602 2376 3635 uendmare
2411 3604 2472 3644 V¹,

1400 3650 1593 3684 uendiearet
1615 3653 1695 3693 quia
1715 3651 1849 3685 mulieri
1866 3652 1914 3685 T*
1929 3651 1943 3695 ΙΙ
1961 3652 2003 3685 36
2027 3650 2138 3689 etiam]
2163 3650 2196 3680 et
2218 3647 2298 3681 VT²
2314 3648 2327 3690 ΙΙ
2344 3647 2471 3681 dederi-

1400 3706 1472 3729 mufl
1493 3696 1626 3741 Vvul9.]
1642 3697 1791 3730 dedimu·
1806 3696 1898 3740 ΒΤΙΙ
1913 3699 1946 3728 et
1961 3707 2019 3728 on.
2042 3693 2122 3726 VT¹
2139 3692 2152 3735 Ι
2170 3695 2209 3726 37
2226 3693 2285 3725 Sin
2306 3693 2353 3726 Τ2
2364 3694 2449 3738 vulq.
2461 3693 2474 3737 ΙΙ

654 3744 672 3762 ⁰
683 3741 734 3774 T*
749 3742 762 3784 Ι
779 3743 801 3775 4
817 3744 851 3774 et
868 3754 926 3775 om.
941 3741 973 3774 R
989 3741 1002 3785 n
1019 3742 1179 3782 conferre]
1201 3744 1233 3774 et
1248 3742 1334 3774 serre
1364 3759 1368 3778 a
1402 3742 1443 3776 38
1465 3741 1545 3774 haec
1569 3741 1701 3783 quidem
1728 3741 1762 3774 T

1407 2975 1456 3008 V¹
1471 2974 1484 3019 ΙΙ
1503 2978 1521 3008 7
1547 2974 1619 3008 ulla
1646 2975 1696 3009 T¹
1714 2973 1727 3019 ΙΙ
1754 2977 1773 3010 8
1797 2977 1833 3008 at
1854 2975 1932 3008 illae
1956 2974 2066 3008 minus
2088 2975 2227 3008 idoneae
2249 2978 2329 3008 suut
2352 2976 2438 3020 vulq.
2464 2974 2478 3020 ΙΙ
2535 3009 2539 3012 ,
