2618 4010
271 114 377 159 Nov.
410 116 514 160 XIII
545 119 653 159 4-6

269 228 396 271 χρῆναι
417 226 484 269 τὴν
504 227 689 270 πρόφασιν
709 228 769 259 καὶ
790 224 1008 273 ’παραψυχὴν
1031 227 1211 271 τοσαύτην
1233 227 1351 262 αὐτοῖς

270 270 394 305 δοῦναι
427 275 486 305 και·
520 271 652 315 ἀνδρας
683 275 936 316 τετιμημένους
969 273 1017 307 εἰς
1050 275 1160 317 με’σον
1191 269 1350 319 ἀγαγεῖν,

271 313 370 350 ὅπως
403 313 450 350 ἂν
483 317 543 359 τῆς
576 312 699 350 αὐτῶν
733 312 858 362 ἀρετῆς
893 317 1070 359 αἴσθηται
1103 316 1145 351 τὸ
1181 313 1351 361 ὑπήκοον.

265 359 408 398 Ἐξουσι
440 359 480 394 δὲ
501 360 537 395 οἱ
557 359 792 413 περίβλεπτοι
815 362 894 415 τῶν
917 360 1045 406 δήμων
1068 365 1271 409 πραίτωρες
1292 365 1352 397 καὶ

1347 112 1423 161 104

1909 133 1968 163 DE
1997 130 2300 165 PRAETORIBUS
2329 130 2491 167 Porum

1419 235 1454 263 et
1478 228 1650 263 solacium
1672 231 1810 264 tantum
1836 229 1887 266 eis
1918 231 2022 276 dare,
2057 235 2094 267 et
2116 232 2276 268 homines
2299 233 2493 270 honoratos

1418 273 1465 308 ad
1484 273 1638 308 medium
1662 273 1856 317 adducere,
1887 283 2010 311 eorum
2039 276 2204 312 virtutem
2228 278 2385 313 sentiant
2406 278 2492 313 sub-

1419 317 1514 353 iecti.
1561 317 1755 371 Habebnnt
1771 324 1894 370 'autem
1917 321 2130 365 spectabiles
2154 322 2365 367 populorum
2389 333 2492 367 prae-

1419 366 1518 398 tores
1542 368 1579 397 et
1603 362 1850 398 consiliarium
1864 370 1986 401 nostro
2010 376 2119 412 super
2142 377 2203 403 eos
2225 366 2370 410 iudicio,
2401 368 2494 403 sicut
2521 375 2523 378 ·

273 403 451 458 :tfipedpov
462 406 542 459 ,τῆς
563 408 734 453 ημετέρας
756 403 819 441 ὁπ’
846 410 966 441 αυτοῖς
988 410 1154 452 κρίσεως,
1181 404 1352 453 καθάπερ
1389 411 1408 442 5
1421 408 1582 450 diximus,
1608 406 1763 451 dignum.

272 463 430 494 ειπομεν,
453 450 567 491 αξιυν.

1268 541 1424 577 CAPUT
1456 541 1500 578 V.

316 609 544 654 Παρέσονται
575 606 615 642 δὲ
648 605 767 643 αι’ντοῖς
797 611 855 641 καὶ
887 606 954 642 ἀντὶ
985 608 1094 642 εἴκοσι
1125 610 1350 655 στρατιῶται

271 654 330 686 καὶ
346 649 417 686 ἀνὰ
438 651 634 701 τριάκοντα
684 652 891 700 ατρικάριοι,
916 650 974 686 οὓς
996 651 1041 695 δὴ
1063 654 1131 687 νῦν
1153 652 1251 698 ἡμεῖς
1267 667 1349 688 κατ·

271 694 484 750 εστήσαμεν,
529 701 606 732 ταῖς
647 667 914 732 ἐῖατυπώσεσιν
949 694 1231 753 ύπηρετούμενοι
1274 702 1351 733 ταῖς

1464 609 1693 645 Assistebunt
1716 614 1835 646 autem
1859 610 1910 646 eis
1934 615 1970 646 et
2000 612 2114 649 viceni
2144 614 2272 650 milites
2302 616 2340 649 et
2367 613 2494 649 triceni

1420 655 1622 697 matricarii,
1647 666 1736 700 quos
1760 666 1855 691 nunc
1879 666 1945 691 nos
1971 659 2230 701 constituimus,
2254 659 2493 703 dispositioni·

1420 700 1487 734 bus
1518 700 1752 744 obsequentes
1783 711 1923 743 eorum,
1955 706 1992 735 et
2021 702 2136 738 sicubi
2159 704 2197 738 hi
2219 713 2281 739 eos
2313 705 2371 748 qui
2395 704 2492 738 inde-

273 742 396 776 αὐτων
419 746 498 784 καὶ,
531 743 566 777 εἴ
589 756 658 777 που
688 743 780 784 δέοι,
812 745 870 776 καὶ
903 754 984 777 τους
1014 744 1260 787 ακοσμοῦντας
1290 745 1349 778 ἐπ·
1370 748 1406 779 10
1421 749 1544 780 center
1567 750 1678 788 agunt
1701 745 1927 788 detinuerint,
1954 748 2168 791 competenti
2191 749 2314 784 ordine
2336 749 2491 783 tradant.

271 789 410 830 ἔχοντες
438 791 499 822 καὶ
524 790 577 831 τῷ
604 787 811 833 προςήκυντι
840 786 992 831 σχήματι
1023 786 1286 834 παραδιδόντες
1308 788 1350 823 τὸ

272 830 478 874 πολίτευμα.
527 836 591 866 Δεῖ
624 833 663 867 δὲ
699 830 826 866 αὐτούς
862 833 1088 866 ἐπίστασθαι
1123 835 1267 879 σαφῶς,
1304 831 1351 868 ὠς

271 877 335 910 ἐὰν
358 877 541 923 καθαρούς
565 876 707 911 ἑαυτοὺς
729 880 881 922 τηροῖεν,
913 876 980 920 τήν
1010 891 1051 911 τε
1082 879 1121 911 ἐκ
1151 879 1241 913 θεοῦ
1265 891 1349 922 συμ-

270 926 404 966 μαχίαν
428 923 544 963 ἕξουσι
567 924 628 976 τῆς
658 936 706 974 τε,
728 918 818 967 παρ’
837 919 948 975 ,ἡμῶν
971 919 1153 966 εὐμενείας
1175 921 1240 958 οὐκ
1263 921 1350 959 ἀπο·

1421 789 1570 834 Oportet
1593 793 1711 825 autem
1735 801 1796 826 eos
1822 791 1912 825 scire
1935 791 2121 827 manifeste
2144 793 2258 838 quod,
2290 794 2320 828 si
2343 794 2492 828 mundos

1421 835 1629 879 semetipsos
1663 836 1916 875 custodierint,
1954 839 1990 870 et
2022 836 2078 871 dei
2109 837 2277 873 auxilium
2312 838 2494 872 habebunt

1419 884 1454 914 et
1478 884 1600 915 nostra
1624 880 1825 925 placatione
1849 892 1919 915 non
1940 880 2202 917 fraudabuntur
2224 887 2260 917 et
2282 883 2419 926 longior
2442 883 2492 917 eis

1420 924 1571 968 dignitas
1588 926 1667 960 erit.
1708 924 1794 970 Quis
1811 926 1903 961 enim
1929 926 2018 961 bene
2042 929 2078 961 et
2101 929 2198 962 recte
2217 931 2377 971 agentem
2396 938 2493 962 amo-

271 966 484 1021 τεύξονται,ι
507 981 709 1020 μαιιροτερα
739 980 779 1000 τε
803 970 922 1000 αυτοῖς
944 969 1046 1001 ἔσται
1073 966 1119 1001 τὰ
1150 970 1212 1012 τῆς
1232 967 1347 1024 Ιάρχῆς.
1365 972 1402 1003 15
1419 979 1501 1005 vere
1523 970 1632 1005 velit?

271 1015 325 1045 τίς
357 1025 425 1058 γαρ
460 1026 506 1045 αν
537 1026 603 1046 τον
632 1011 748 1045 καλῶς
781 1024 822 1046 τε
853 1014 912 1045 καὶ
944 1009 1069 1058 ὀρθῶς
1100 1010 1354 1061 ὃιαγινομενον

272 1054 434 1101 ἀμείβειν
454 1056 677 1100 ἐθελήσειεν,

1261 1148 1417 1185 CAPUT
1446 1149 1508 1186 VI.

314 1211 416 1248 Ἀλλὰ
430 1211 497 1247 κᾶν
511 1215 542 1248 εἰ
558 1214 846 1261 παραπεμφθείη
858 1226 914 1249 τις
926 1212 1045 1250 αὐτοῖς
1056 1218 1095 1250 ἐκ
1107 1217 1172 1250 τοῦ
1185 1213 1350 1260 δικαστη-

272 1263 348 1303 ρίου
371 1261 435 1293 τοῦ
460 1256 710 1314 λαμπροτάτου
731 1256 886 1312 ἐπάρχου
909 1261 971 1303 τῆς
993 1259 1201 1305 εὐδαίμονος
1220 1258 1352 1304 ταύτης

1465 1217 1534 1252 Sed
1558 1217 1589 1252 si
1611 1217 1875 1252 transmittatur
1899 1218 2026 1261 aliquis
2059 1219 2110 1253 eis
2134 1229 2156 1254 a
2179 1219 2309 1255 iudicio
2333 1219 2396 1254 viri
2421 1219 2493 1254 cla-

1419 1262 1549 1297 rissimi
1572 1264 1743 1307 praefecti
1762 1262 1987 1298 felicissimae
2007 1264 2112 1299 huius
2130 1264 2295 1307 civitatis,
2319 1269 2494 1309 quatenus

272 1303 417 1346 πόλεως,
441 1307 486 1356 εξφ
530 1318 559 1347 ῳ
583 1308 764 1351 τιμωρίαν
782 1308 963 1347 υποσχεῖν,
988 1303 1146 1352 ἀκριβῶς
1165 1304 1349 1348 ἅναζητεί-
1363 1309 1406 1341 20
1419 1307 1604 1352 suppliciis
1637 1308 1853 1349 subiciatur,
1890 1308 2098 1352 scrupulose
2128 1310 2309 1353 inquirant
2341 1310 2492 1354 dignita-

270 1361 397 1383 τωσαν
419 1363 485 1392 την
516 1350 636 1384 αἰτίαν
665 1352 724 1382 καὶ
747 1350 1054 1393 μανθανέτωσαν,
1085 1350 1145 1396 ἐφ’
1171 1350 1222 1385 οἶς
1249 1349 1350 1385 ἀναι-

271 1395 372 1438 ροῦσι
402 1394 469 1428 τὸν
500 1391 748 1438 ἄνθρωπονῆ
775 1392 1015 1441 ἀφαιροῦνται
1045 1395 1169 1439 μέλους
1201 1394 1222 1439 ἢ
1253 1407 1351 1430 τινος

271 1436 450 1480 τοιούτου,
479 1436 754 1482 πυνθανόμενοι
778 1443 837 1473 καὶ
861 1438 951 1485 παρ’
976 1438 1086 1475 αὐτοῦ
1116 1442 1180 1475 τοῦ
1210 1439 1349 1482 ἐνδοξο-

271 1482 381 1518 τάτου
405 1482 577 1530 ἐπάρχου,
610 1486 640 1518 εἰ
663 1487 722 1518 καὶ
746 1486 853 1519 τοῦτο
883 1484 1071 1527 συνίδοιεν,
1105 1484 1194 1520 ὥςτε
1222 1484 1350 1520 αύτούς

1419 1356 1490 1386 tem
1514 1353 1600 1393 eius,
1626 1357 1661 1387 et
1684 1352 1891 1394 doceantur,
1915 1353 1952 1387 in
1976 1353 2105 1397 quibus
2125 1355 2295 1389 occidunt
2318 1355 2492 1390 hominem

1418 1400 1482 1431 aut
1504 1397 1674 1432 auferunt
1696 1397 1891 1432 membrum
1915 1401 1980 1431 aut
2002 1398 2074 1432 tale
2098 1399 2242 1444 aliquid,
2268 1400 2492 1434 sciscitantes

1418 1447 1455 1476 et
1478 1442 1523 1476 ab
1547 1442 1625 1487 ipso
1649 1442 1804 1486 glorioso
1828 1444 2029 1486 praefecto,
2061 1444 2090 1478 si
2115 1449 2150 1478 et
2173 1445 2241 1479 boc
2265 1444 2491 1489 praeviderit,

1418 1491 1459 1521 ut
1482 1497 1562 1521 cum
1586 1487 1784 1522 subtilitate
1807 1487 1990 1531 proferant
2020 1489 2229 1523 sententiam
2253 1494 2316 1523 aut
2339 1490 2491 1524 animam

271 1527 427 1585 ἀκριβῶς
446 1530 641 1585 ἐξενεγκεῖν
660 1528 729 1581 τὴν
753 1528 911 1575 ψῆφονῆ
930 1532 1042 1585 Ψυχῆς
1064 1530 1086 1574 ἢ
1107 1530 1232 1585 μέλους
1254 1530 1350 1565 τινὸς
1363 1534 1405 1566 25
1418 1536 1481 1566 aut
1503 1532 1700 1567 membrum
1720 1532 1871 1567 alicuius
1895 1532 2078 1567 auferendi
2102 1544 2124 1568 a
2148 1534 2336 1569 destinato.

271 1578 291 1610 l
336 1588 602 1620 αφαιρουμενην
629 1588 695 1608 τον
725 1587 1069 1621 παραπεμπομενον.
1168 1578 1285 1622 ,Ως-περ
1312 1574 1350 1610 δὲ

271 1618 354 1654 τούς
377 1618 634 1666 περιβλέπτους
655 1624 863 1666 πραίτωρας
882 1622 961 1655 τῶν
978 1619 1103 1665 δήμων
1122 1620 1350 1664 τηλικαύταις

271 1662 489 1709 ἐτιμήσαμεν
519 1663 682 1711 δωρεαῖς,
718 1662 938 1705 ἀξιώσαντες
971 1664 1096 1701 αὐτοὺς
1126 1669 1186 1700 καὶ
1218 1665 1348 1711 συμβό-

272 1709 347 1744 λων
370 1712 408 1743 ἐκ
427 1710 489 1752 τῆς
520 1707 687 1755 ἡμετέρας
714 1707 922 1756 προϊόντων
950 1710 1064 1757 χειρὸς
1094 1715 1153 1745 καὶ
1178 1711 1349 1754 σιτήσεως

270 1758 330 1788 καὶ
354 1759 585 1801 προςηγορίας
606 1754 782 1797 τοσαύτης
804 1758 862 1788 καὶ
886 1757 966 1789 τῶν
988 1755 1120 1797 ἄλλων,
1144 1754 1262 1790 ὁπόσα
1290 1758 1314 1790 ἔ
1336 1775 1348 1782 ·

271 1800 437 1846 προσθεν
467 1800 621 1846 εἴρηται·
657 1795 771 1834 οὕτως
802 1798 928 1835 αὐτοὺς
957 1798 1181 1845 ἀπαιτοῦμεν
1212 1771 1348 1835 ‹imarii—

271 1844 374 1879 ὃόναι
396 1841 482 1889 ἡμῖν
503 1844 572 1888 τὴν
594 1845 737 1878 ἑαυτῶν
759 1844 998 1891 καθαρότητα
1018 1850 1078 1880 καὶ
1101 1845 1169 1889 τὴν
1192 1848 1232 1880 ἐν
1256 1842 1349 1881 ἅπα·

271 1902 331 1924 σιν
348 1888 551 1937 ἀγρυπνίαν
570 1892 629 1924 καὶ
649 1888 692 1923 τὸ
714 1888 833 1924 πάντα
854 1889 1031 1936 πράττειν
1049 1891 1118 1934 ἴσῳ
1137 1894 1196 1925 καὶ
1220 1888 1348 1934 δικαίῳ

273 1934 314 1969 λο
338 1936 431 1979 ισμῷ
463 1938 523 1968 καὶ
552 1935 701 1981 καθαρᾷ
729 1935 774 1981 τῇ
805 1940 904 1981 χειρί.
952 1937 998 1969 Εἰ
1031 1934 1099 1982 γάρ
1133 1949 1170 1970 τι
1201 1939 1350 1981 φανεῖεν

270 1948 556 2024 τὲλζγμμελοῦντες
586 1982 646 2013 καὶ
677 1978 698 2022 ἢ
728 1980 940 2014 κλέπτοντες
962 1979 983 2024 ἢ
1045 1981 1059 1988 ”
1239 1980 1246 1990 ’

269 2023 474 2067 ἀνεχόμενοι
504 2022 526 2067 ἢ
557 2023 605 2069 μὴ
634 2025 746 2059 πᾶσιν
775 2023 975 2065 ἐπεξιόντες
1004 2023 1151 2073 τρόποις
1178 2029 1237 2059 καὶ
1267 2025 1349 2059 τούς

269 2073 336 2115 μὲν
359 2068 475 2110 ἀξίους
491 2068 655 2103 θανάτου
671 2067 943 2116 τιμωρούμενοι,
965 2070 1045 2105 τούς
1067 2069 1106 2104 δὲ
1123 2069 1345 2116 μετριώτερα

270 2114 495 2162 πράττοντας
519 2113 765 2155 ἐξελαύνοντες
787 2116 848 2157 τῆς
870 2114 1021 2162 μεγάλης
1044 2114 1175 2159 ταύτης
1199 2114 1347 2157 πόλεως,

270 2161 367 2195 ἔνθα
390 2157 436 2194 ἂν
459 2157 554 2204 ἡμεῖς
585 2157 860 2207 προςτάξαιμεν·
885 2160 1061 2204 ἴστωσαν,
1092 2161 1139 2195 ὠς
1163 2156 1264 2194 αὐτοὶ
1285 2159 1351 2194 τὸν

1418 1579 1436 1611 1
1485 1576 1785 1620 Quemadmodum
1815 1578 1908 1611 enim
1937 1579 2150 1622 spectabiles
2198 1583 2354 1614 raetores
2377 1589 2491 1623 popu·

1417 1622 1531 1656 lorum
1555 1623 1688 1657 talibus
1712 1622 1963 1657 honoravimus
1987 1589 2258 1666 donationibus,
2283 1624 2407 1667 dignos
2429 1634 2492 1658 eos

1418 1667 1588 1702 facientes
1622 1672 1658 1702 et
1689 1667 1859 1702 codicillis
1883 1677 1906 1701 a
1929 1671 2053 1702 nostra
2083 1668 2359 1713 procedentibus
2383 1679 2491 1703 manu

1417 1718 1452 1746 et
1474 1713 1624 1747 annonis
1645 1715 1682 1747 et
1708 1712 1947 1756 appellatione
1966 1716 2069 1747 tanta
2088 1718 2124 1748 et
2147 1713 2227 1748 aliis
2248 1723 2340 1757 quae
2359 1713 2491 1748 dudum

1362 1759 1405 1792 30
1418 1757 1514 1791 dicta
1537 1762 1630 1798 sunt,
1655 1757 1706 1792 ita
1726 1767 1787 1792 eos
1811 1757 1982 1800 exigimus
2003 1757 2151 1793 reddere
2175 1759 2278 1793 nobis
2299 1769 2401 1794 suam
2425 1769 2491 1803 pu-

1417 1801 1559 1837 ritatem
1591 1807 1627 1837 et
1656 1803 1693 1837 in
1723 1802 1886 1837 omnibus
1909 1802 2142 1845 vigilantiam,
2175 1806 2212 1838 et
2235 1809 2366 1839 cuncta
2389 1813 2492 1847 agere

1417 1847 1557 1891 aequali
1581 1851 1616 1882 et
1636 1847 1730 1882 iusta
1753 1847 1974 1882 conscientia
1998 1852 2033 1882 et
2056 1857 2146 1893 pura
2169 1858 2287 1883 manu.
2335 1849 2373 1883 Si
2397 1849 2491 1883 enim

1417 1892 1550 1935 aliquid
1584 1903 1606 1926 a
1633 1892 1816 1936 paruerint
1851 1892 2097 1937 delinquentes
2133 1897 2197 1928 aut
2230 1892 2394 1929 furantes
2428 1897 2492 1928 aut

1416 1937 1555 1971 furibus
1579 1947 1599 1971 a
1627 1938 1860 1980 quiescentes,
1886 1937 1954 1972 nisi
1978 1938 2141 1973 omnibus
2161 1938 2398 1974 resecaverint
2417 1949 2490 1972 mo-

1007 1994 1085 2014 των
1117 1979 1349 2016 κλεπτοντων
1362 1984 1403 2016 35
1417 1982 1481 2023 dis,
1507 1985 1543 2016 et
1566 1982 1691 2025 dignos
1713 1981 1853 2026 quidem
1879 1984 1993 2017 morte
2017 1983 2200 2028 suppliciis
2224 1983 2393 2025 subdere,
2418 1993 2490 2017 me-

1417 2027 1552 2062 diocria
1575 2037 1659 2062 vero
1684 2031 1827 2070 agentes
1851 2027 2028 2071 expellere
2050 2038 2073 2063 a
2095 2038 2222 2072 magna
2246 2028 2313 2063 hac
2339 2028 2490 2071 civitate,

1414 2071 1476 2107 ubi
1497 2082 1562 2107 nos
1586 2072 1891 2117 praeceperimus:
1917 2072 2044 2114 sciant,
2069 2072 2163 2117 quod
2186 2073 2255 2117 ipsi
2278 2083 2345 2117 pro
2366 2073 2488 2108 huius-

270 2248 364 2284 hanc
387 2247 429 2284 ob
454 2258 599 2283 causam
628 2248 913 2283 existimavimus
938 2253 973 2283 et
998 2252 1135 2283 tantum
1159 2249 1205 2283 iis
1227 2249 1402 2284 solacium
1426 2249 1584 2284 dandum
1609 2260 1685 2285 esse
1708 2253 1742 2285 et
1773 2250 1871 2285 viros
1895 2250 2095 2285 honoratos
2117 2250 2155 2285 in
2178 2251 2330 2286 medium
2347 2251 2488 2297 produ-

270 2293 418 2336 cendos,
442 2299 482 2328 ut
504 2304 627 2328 eorum
651 2293 814 2328 virtutem
837 2292 973 2328 subditi
990 2293 1158 2328 sentiant.
1202 2293 1397 2330 Habebunt
1421 2299 1539 2329 autem
1562 2294 1776 2340 spectabiles
1791 2300 1985 2341 praetores
2003 2294 2121 2342 plebis
2144 2295 2252 2331 etiam
2275 2307 2489 2332 assessorem

270 2344 394 2374 nostro
419 2338 463 2374 de
485 2338 531 2373 iis
553 2338 700 2379 iudicio,
723 2338 818 2373 sicut
840 2337 1012 2380 diximus,
1036 2337 1193 2384 diqnum.

403 2382 447 2419 V.
494 2383 658 2419 Aderant
679 2394 763 2419 vero
787 2382 834 2417 iis
857 2386 893 2418 et
915 2382 1029 2418 viceni
1051 2382 1180 2419 milites
1202 2387 1239 2419 ct
1262 2383 1389 2419 triceni
1409 2383 1628 2426 matricurii,
1651 2395 1745 2430 quos
1774 2383 1916 2430 quidem
1939 2395 2035 2420 nunc
2058 2385 2320 2428 constituimus,
2346 2385 2410 2432 qui
2432 2397 2490 2422 eo-

269 2440 349 2465 rum
378 2428 559 2464 mandatis
591 2428 836 2474 obsequantur
858 2428 945 2463 etsi
968 2427 1115 2474 quando
1139 2439 1232 2475 opus
1253 2429 1303 2464 sit
1327 2429 1584 2464 tumultuantes
1607 2429 1813 2464 contineant
1832 2433 1941 2475 atque
1965 2430 2189 2468 convenienti
2209 2430 2356 2477 formae
2379 2430 2490 2466 admi-

270 2474 517 2509 nistrationem
550 2473 707 2509 tradant.
756 2472 860 2520 Certo
891 2476 1010 2520 autem
1039 2473 1134 2509 scire
1163 2484 1226 2509 eos
1258 2478 1420 2527 oportet,
1448 2474 1482 2508 si
1513 2474 1675 2520 inteqros
1704 2484 1782 2510 sese
1806 2478 2016 2521 praestent,
2047 2479 2082 2510 et
2105 2486 2128 2510 a
2151 2474 2219 2510 deo
2243 2475 2422 2510 auxilium
2453 2487 2492 2511 se

271 2518 477 2561 habituros,
509 2529 574 2554 nec
601 2522 729 2554 nostra
761 2517 1006 2554 benevolentia
1037 2518 1245 2554 destitutum
1276 2518 1344 2561 tri,
1377 2529 1421 2553 ac
1451 2519 1712 2554 diuturniorem
1743 2519 1789 2554 iis
1812 2520 1978 2565 futuram
2002 2524 2231 2566 potestatem.
2278 2519 2368 2563 Quis
2397 2521 2490 2556 enim

271 2575 362 2607 eum,
386 2564 450 2610 qui
472 2563 560 2600 benc
582 2567 618 2599 et
641 2568 737 2599 recte
759 2574 798 2599 se
821 2563 927 2609 qerit,
955 2573 1138 2598 removere
1157 2563 1263 2598 velit?

404 2608 466 2645 VI.
522 2608 651 2644 Verum
675 2609 782 2644 etiam
805 2609 838 2643 si
861 2608 943 2654 quis
964 2619 1014 2644 ex
1040 2608 1175 2643 iudicio
1200 2608 1392 2643 clarissimi
1417 2608 1604 2655 praefecti
1632 2606 1739 2643 huius
1753 2608 1884 2688 [elicis
1912 2608 2013 2644 urbis
2042 2608 2093 2643 ad
2122 2620 2181 2645 eos
2211 2609 2489 2653 transmittatur,

271 2658 312 2691 ut
328 2666 487 2701 poenam
512 2653 654 2696 subeat,
686 2658 855 2689 accurate
883 2653 921 2687 in
949 2663 1096 2688 causam
1119 2653 1309 2699 inquirant
1333 2658 1368 2689 et
1391 2657 1631 2705 cognoscant,
1665 2664 1731 2688 cur
1779 2653 1930 2688 ominem
1958 2664 2095 2689 summo
2117 2654 2296 2701 supplicio
2322 2654 2491 2700 affecturi

271 2699 327 2735 vel
349 2699 504 2735 membro
525 2699 598 2734 sive
618 2698 684 2734 tali
700 2698 823 2744 aliquo
841 2698 1029 2744 privaturi
1046 2698 1130 2740 sint,
1153 2698 1498 2742 sciscitantesjetzam
1516 2709 1565 2733 ex
1588 2697 1668 2744 ipso
1692 2698 1955 2744 qloriosissimo
1974 2699 2182 2744 praesecto,
2205 2699 2238 2733 si
2262 2698 2331 2734 ltoc
2347 2710 2490 2746 quoque

271 2745 318 2780 iis
333 2744 535 2792 placuerit:
558 2744 611 2778 ita
636 2748 677 2779 ut
699 2748 870 2778 accurate
891 2743 1103 2778 sententiam
1124 2743 1262 2788 ferant,
1289 2755 1362 2790 qua
1386 2748 1451 2778 aut
1473 2742 1547 2778 vita
1570 2747 1635 2778 aut
1658 2742 1814 2778 membro
1838 2742 1962 2788 aliquo
1984 2743 2149 2789 privetur
2171 2744 2235 2790 qui
2261 2745 2491 2780 trammissus

270 2793 291 2825 1
336 2794 399 2825 est.
491 2788 795 2832 Quemadmodum
819 2792 936 2823 autem
964 2787 1178 2834 spectabiles
1203 2793 1395 2835 praetores
1419 2787 1539 2835 plebis
1570 2787 1680 2823 tantis
1710 2787 1916 2822 muneribus
1947 2787 2223 2830 honoravimus,
2254 2799 2334 2824 cum
2363 2800 2427 2824 eos
2454 2795 2491 2826 et

271 2834 449 2870 codicillis
472 2845 522 2870 ex
544 2839 670 2869 nostra
694 2844 802 2868 manu
820 2832 1138 2878 proficiscentibus
1157 2837 1192 2868 et
1211 2844 1358 2868 anrwna
1382 2838 1418 2869 et
1441 2837 1542 2868 tanta
1565 2831 1812 2879 appellatione
1830 2837 1865 2867 et
1886 2832 2043 2879 reliquis
2055 2844 2150 2884 quae
2172 2838 2255 2869 ante
2277 2833 2376 2869 dicta
2393 2839 2489 2876 sunt,

271 2879 413 2926 diqnati
430 2879 560 2914 sinens:
579 2879 632 2914 ita
655 2878 700 2913 ab
721 2878 766 2913 iis
781 2878 1002 2925 slaqitamus,
1025 2882 1067 2913 ut
1079 2877 1182 2913 nobis
1203 2878 1357 2914 vicissim
1376 2878 1619 2924 inteqritatem
1633 2888 1736 2912 suam
1756 2881 1793 2912 et
1811 2877 2035 2923 viqilannam
2055 2889 2093 2911 m
2110 2878 2272 2913 omnibus
2289 2883 2487 2924 praestent,

271 2930 307 2960 et
329 2929 370 2960 ut
393 2924 511 2959 omnia
535 2924 678 2959 ratione
701 2935 819 2969 aequa
842 2927 878 2959 et
903 2924 998 2959 iusta
1019 2933 1064 2958 ac
1088 2934 1190 2970 pura
1213 2934 1322 2959 manu
1345 2926 1485 2970 qerant.
1533 2922 1628 2957 Nam
1658 2922 1691 2957 si
1722 2921 1810 2968 quid
1832 2927 2011 2968 appareat
2042 2923 2126 2957 illos
2148 2922 2356 2969 delinquere
2378 2929 2413 2959 et
2435 2924 2491 2960 vel

269 2970 395 3015 furari
420 2969 475 3005 vel
497 2969 591 3004 alios
605 2969 690 3015 pati
708 2969 850 3014 furtum
867 2968 996 3014 facere
1023 2979 1139 3014 neque
1162 2979 1247 3004 vero
1276 2967 1440 3004 omnibus
1468 2967 1584 3003 modis
1606 2966 1791 3019 persequi,
1821 2978 1865 3002 ac
1891 2972 2005 3002 morte
2027 2967 2169 3013 quidem
2190 2967 2321 3014 diqnos
2343 2969 2488 3015 punire,

270 3015 334 3061 qm·
357 3025 440 3051 vero
465 3014 602 3050 leviora
625 3013 869 3049 commiserint
896 3024 946 3049 ex
969 3014 1038 3049 bac
1060 3024 1193 3059 maqna
1216 3012 1306 3049 urbe
1327 3024 1370 3049 eo
1395 3023 1467 3059 quo
1499 3023 1568 3047 nos
1590 3012 1799 3048 iussenmus
1821 3011 2023 3058 expellere:
2053 3013 2173 3048 sciant
2193 3023 2233 3048 se
2255 3012 2300 3048 de
2323 3012 2379 3048 his
2401 3014 2487 3049 rati-

282 3077 2489 3089 *ffl—

1415 3105 1552 3145 spatium
1574 3110 1653 3137 3-4
1679 3104 1750 3145 liet.)
1774 3103 1811 3135 hi
1831 3103 1865 3136 V
1880 3102 1943 3135 sibi
1968 3103 2024 3135 ubi
2048 3103 2097 3135 hii
2116 3104 2149 3137 R
2174 3102 2187 3146 Ι
2213 3106 2253 3137 10
2278 3103 2486 3136 detenuerint

1424 3149 1457 3181 V
1475 3149 1672 3181 detinuntur
1692 3149 1724 3181 R
1748 3148 1930 3181 detinentes
1954 3151 1985 3180 et
2009 3150 2094 3192 vuly.
2113 3148 2126 3191 ΙΙ
2142 3149 2280 3191 competi
2299 3149 2332 3181 R
2349 3149 2362 3192 fl
2377 3148 2487 3181 ordini

1415 3193 1581 3225 tradentes
1598 3194 1685 3236 vulq.
1713 3192 1726 3238 ΙΙ
1759 3196 1795 3227 11
1823 3196 1881 3225 aut
1905 3193 1938 3225 R
1962 3194 1974 3235 ΙΙ
1999 3195 2038 3226 12
2070 3194 2241 3236 semetipso
2260 3192 2326 3237 Vl!
2360 3195 2397 3226 13
2426 3202 2485 3225 no-

1414 3238 1560 3271 stramR
1583 3237 1596 3281 ΙΙ
1623 3240 1663 3271 14
1687 3241 1720 3270 et
1745 3251 1803 3272 om.
1820 3237 1892 3281 V⁸u
1915 3240 1951 3270 15
1971 3251 2018 3281 sq.
2043 3238 2151 3271 uelint
2173 3239 2201 3270 si
2219 3237 2484 3270 transmittantur

315 3107 335 3139 2
359 3106 418 3138 καὶ
442 3102 575 3150 ἄνδρας
589 3123 627 3129 -
643 3102 788 3155 ἀγαγεῖν
802 3118 861 3138 οηι.
880 3106 926 3138 Bc
940 3105 953 3147 ss
972 3107 991 3138 5
1014 3100 1120 3146 αὐτῆς
1132 3105 1163 3137 L
1178 3104 1191 3147 ΙΙ
1210 3106 1230 3139 8
1251 3099 1347 3146 τριά-

270 3154 393 3190 κονταΙ
415 3149 524 3183 εἴκοσι
555 3151 584 3182 Β
599 3149 612 3194 ΙΙ
631 3147 686 3192 δη]
712 3147 751 3182 δι’·
768 3151 799 3182 L
818 3151 866 3192 119
878 3163 926 3192 sq.
947 3151 1025 3182 ταῖς
1049 3147 1144 3183 διατ.
1162 3168 1208 3173 —
1226 3145 1347 3182 αὐτῶν

271 3210 329 3229 om.
354 3195 405 3228 B‘
427 3197 439 3237 ΙΙ
468 3198 507 3228 10
535 3191 609 3227 δέοι
633 3203 663 3228 et
687 3197 720 3228 11
751 3193 792 3228 τὸ
816 3191 1014 3237 πολίτευμα
1037 3207 1095 3227 om.
1121 3195 1167 3237 5ss
1189 3196 1228 3229 17
1252 3189 1348 3237 ἀμεί-

271 3242 362 3283 βειν]
391 3240 441 3283 μὴ
463 3236 627 3284 ἀμείβειν
647 3241 678 3273 L
708 3242 775 3283 μὲν
799 3235 962 3282 ἇμείβειν
986 3239 1182 3273 Haloander
1209 3238 1223 3283 ΙΙ
1249 3240 1293 3272 24
1317 3237 1349 3270 εἰ

271 3287 342 3325 καὶ]
378 3286 437 3317 καὶ
472 3285 503 3318 εἰ
527 3287 558 3318 l,
587 3287 599 3327 {l
626 3282 804 3318 συνίδοιεν
827 3285 875 3324 Β]
914 3281 1111 3317 συνείδοιεν
1132 3284 1203 3317 ML
1239 3286 1347 3326 (pi-ae·
1415 3284 1447 3316 R
1471 3282 1483 3326 ΙΙ
1513 3283 1551 3316 19
1574 3282 1675 3315 huius
1699 3282 1904 3315 felicissimae
1926 3282 1957 3314 R
1981 3284 2067 3327 vulo.
2091 3282 2104 3327 ΙΙ
2134 3285 2176 3316 20
2203 3283 2394 3323 inquiratur
2418 3280 2451 3314 R

273 3329 395 3362 uiderit
419 3334 450 3370 ς)
467 3330 479 3373 ΙΙ
496 3328 624 3363 αὐτοὺς
646 3330 749 3363 om.L
766 3331 778 3373 1}
797 3331 838 3363 25
864 3331 923 3372 leq.
945 3327 1013 3370 τὴν
1070 3329 1160 3373 ἧφον
1178 3327 1246 3371 ’τὴν
1268 3325 1348 3372 7³¹1?ss
1415 3330 1453 3362 21
1482 3328 1552 3360 eine
1576 3340 1634 3360 om.
1659 3328 1746 3371 vulq.
1771 3328 1859 3368 (Gr.)
1885 3326 1956 3370 1122
1980 3328 2124 3360 offerunt
2149 3328 2179 3360 R
2203 3327 2216 3370 fl
2236 3326 2428 3358 suscitantes

273 3376 315 3406 26
339 3370 612 3420 ἀφαιρουμένων
626 3375 667 3408 Μ
686 3370 953 3419 ἀφαιρούμενον
966 3374 1016 3406 13⁶
1038 3373 1043 3418 Ι
1071 3372 1139 3416 τὴν
1159 3385 1346 3420 παραπεμ-
1415 3374 1458 3406 al.
1488 3372 1500 3414 ΙΙ
1527 3373 1570 3405 23
1595 3375 1628 3404 et
1653 3386 1709 3405 mm.
1734 3373 1767 3406 V
1787 3372 1800 3417 ΙΙ
1825 3373 1896 3415 ipso
1920 3372 2054 3405 domino
2075 3372 2218 3414 glorioso
2238 3370 2401 3413 praesecto
2424 3369 2456 3402 V
2471 3367 2484 3409 ΙΙ

273 3419 432 3460 πομένην
449 3420 476 3452 L
496 3421 507 3463 ΙΙ
524 3422 566 3454 28
588 3419 732 3453 ἑαυτοῦς
744 3420 798 3463 Lu
811 3421 853 3453 36
873 3415 894 3460 ἢ
912 3417 973 3462 μὴ]
999 3419 1064 3451 nisi
1084 3420 1142 3460 (ε-
1159 3418 1191 3451 ci
1207 3415 1270 3461 μὴ)
1294 3430 1313 3454 f
1336 3419 1347 3460 ss
1414 3420 1456 3451 ‘24
1480 3416 1635 3450 subtilate
1648 3417 1695 3450 13¹
1713 3416 1726 3462 ΙΙ
1744 3419 1785 3451 25
1810 3417 1951 3450 alieuius
1974 3417 2153 3450 membrum
2169 3416 2198 3448 R
2210 3415 2253 3447 ai.
2271 3413 2285 3459 Ι]
2301 3416 2344 3447 26
2368 3423 2481 3455 quam-

274 3464 316 3496 38
348 3462 573 3506 πράττοντας
604 3478 662 3498 om.
689 3465 739 3498 13⁰
769 3464 781 3509 ΙΙ
812 3465 854 3498 39
878 3461 1145 3509 προστάξαιμεν
1168 3463 1344 3508 Scrimyer]
1413 3461 1586 3494 admodum
1609 3461 1665 3506 ΥΕ
1680 3461 1889 3505 spectabilem
1909 3462 1942 3495 R
1958 3461 1970 3506 ΙΙ
1988 3460 2182 3505 populorum
2207 3472 2264 3492 οηι.
2288 3458 2410 3500 13:28
2434 3459 2481 3491 sa-

273 3506 535 3551 προστάξοιμεν
559 3510 669 3543 MLB
1413 3508 1518 3540 ciente
1543 3507 1575 3539 V
1583 3506 1595 3549 ΙΙ
1613 3517 1747 3540 manum
1770 3507 1818 3540 R·
1834 3507 1846 3551 Ι
1865 3508 1908 3541 29
1932 3517 2016 3548 quae
2037 3505 2160 3540 dudum
2183 3504 2228 3543 V]
2249 3503 2374 3554 dudum
2397 3514 2481 3544 quae

1887 3552 1929 3586 32
1953 3549 2083 3593 aequali
2105 3550 2149 3589 et]
2172 3547 2359 3589 aequalibet
2382 3548 2424 3587 B,
2449 3552 2481 3580 et

1897 3598 1939 3630 33
1963 3592 2196 3639 apparueritR
2213 3593 2299 3634 {aut
2322 3593 2479 3634 furantes]

1411 3641 1596 3674 auferentes
1608 3641 1641 3673 R
1659 3642 1672 3684 Ι]
1688 3643 1729 3675 35
1753 3640 1899 3682 quidem]
1922 3640 2053 3683 quidem
2073 3641 2105 3671 et
2125 3637 2223 3678 uni
2239 3637 2270 3669 R
2285 3638 2297 3679 u
2315 3637 2480 3670 mediocoa

1411 3686 1445 3720 R
1473 3685 1487 3730 ΙΙ
1513 3689 1555 3719 36
1587 3686 1667 3719 haec
1688 3686 1722 3720 V
1743 3684 1756 3730 Ι
1782 3686 1823 3719 37
1854 3684 2093 3729 perceperimus
2116 3682 2149 3716 R
2181 3682 2399 3726 percipiemus
2421 3683 2452 3718 V
2468 3684 2480 3726 ss

1413 3552 1446 3585 R
1470 3552 1511 3584 al.
1540 3551 1552 3595 ΙΙ
1583 3554 1620 3585 31
1649 3552 1762 3584 cuncti
1786 3552 1819 3584 R
1844 3551 1857 3595 Ι

321 3599 335 3630 l
362 3596 537 3630 boner-atos
552 3599 582 3630 R
597 3598 609 3643 ΙΙ
628 3602 648 3632 2
673 3601 798 3640 eorum]
812 3601 851 3631 ut
862 3608 973 3631 eorum
986 3599 1073 3641 vulq.
1088 3599 1177 3640 (Gr.)
1195 3597 1208 3642 fl
1224 3600 1243 3631 4
1268 3608 1345 3630 con·
1413 3609 1471 3630 om.
1490 3596 1534 3629 V⁰
1552 3597 1564 3639 ΙΙ
1580 3596 1789 3629 consitientia
1802 3595 1850 3628 Β·
1868 3595 1881 3640 ΙΙ

272 3640 421 3674 siliarum
445 3646 592 3674 nostrum
614 3654 712 3686 super
732 3654 787 3676 eos
804 3643 961 3676 iuditium
984 3643 1037 3685 Vn
1057 3645 1074 3675 7
1099 3643 1277 3675 asistebant
1292 3643 1322 3676 R
1333 3644 1347 3690 Ι

272 3690 330 3721 aut
351 3686 408 3732 Vn
424 3686 527 3719 uicini
553 3687 584 3719 R
601 3688 650 3731 {19
674 3691 844 3735 sequentes
865 3688 920 3734 Vll
938 3686 1056 3728 sicubi]
1082 3688 1110 3722 si
1133 3687 1192 3722 ubi
1215 3689 1344 3730 (deinde
