2586 3990
259 122 367 166 Nov.
383 121 562 167 CXXIII
594 123 656 163 15.
689 122 741 163 16
1323 113 1407 163 606

251 230 478 288 ἐγκαταλεγῇ,
499 231 539 264 εν
558 220 591 272 ᾧ
607 239 662 263 τις
677 229 892 276 τεταγμένος
911 223 954 262 οὗ
969 225 1145 262 κωλύεται
1164 225 1236 263 ἀπὸ
1253 228 1330 262 τῶν
1399 226 1598 263 clesiastico
1629 227 1744 271 gradu
1765 227 1968 275 tenebatur,
1998 229 2035 266 in
2059 240 2128 276 quo
2185 231 2240 267 uis
2264 229 2479 266 constitutus

252 276 359 322 ιερῶν
389 272 559 308 κανόνων
588 275 648 307 καὶ
677 274 756 307 τῶν
784 270 910 316 νόμων
938 270 1100 319 γαμετὴν
1122 269 1331 318 λαμβάνειν.
1399 281 1472 307 non
1501 271 1712 316 prohibetur
1743 271 1857 308 sacris
1888 274 2085 312 canonibus
2115 278 2151 311 et
2189 275 2311 320 egibus
2334 283 2482 311 uxorem

250 320 296 354 τὰ
321 316 411 352 αὐτὰ
438 316 478 352 δὲ
500 320 559 351 καὶ
583 319 644 352 ἐπὶ
667 320 740 353 τοῖς
762 316 880 352 ἄλλοις
902 314 1016 352 ἅπασι
1050 319 1218 373 μοναγοῖε
1247 329 1329 362 κρα-
1397 316 1572 361 accipere.
1620 315 1720 351 Haec
1739 319 1859 352 autem
1881 320 1918 353 et
1936 328 1979 354 su
2007 328 2045 354 er
2068 320 2146 356 aliis
2171 320 2336 356 omnibus
2355 330 2479 355 mona·

249 367 325 398 τεῖν
348 363 573 406 θεσπίζομεν
596 364 669 396 τοῖς
690 359 762 397 ἀπὸ
782 365 1037 407 μοναστηρίων
1053 361 1101 395 εἰς
1115 359 1331 405 οιονδὴποτε
1399 360 1476 397 chis
1507 364 1629 396 tenere
1652 360 1850 403 sancimus,
1905 362 1943 398 ui
1994 372 2014 398 e
2033 365 2259 401 monasteriis
2290 364 2336 400 ad
2359 374 2479 410 quem-

251 406 547 451 ἐκκλησιαστικὸν
569 406 724 451 βαθμὸν
743 408 1055 452 μεταφερομένοις,
1087 405 1119 439 εἰ
1142 409 1203 440 καὶ
1225 404 1331 450 μηδε-
1367 408 1387 440 5
1401 405 1487 441 libet
1507 405 1790 441 ecclesiasticum
1808 415 1872 450 gra
1898 417 1956 441 um
1976 408 2250 452 transferuntur,
2271 410 2340 445 etsi
2360 410 2482 445 nullae

251 455 273 489 1
317 453 383 496 μιᾷ
408 451 497 494 τύχη
519 448 721 487 ὑπεύθυνοι
740 451 874 495 εἴησαν.
930 453 989 484 καὶ
1008 450 1158 496 γενικῶς
1176 451 1333 494 νομοθε-
1402 452 1423 486 1
1469 449 1637 486 fortunae
1661 450 1815 486 subiecti
1837 451 1983 487 fuerint.
2053 453 2104 489 Et
2128 455 2340 498 generaliter
2364 454 2481 490 sanci-

250 498 314 531 τοῦ
342 509 391 538 εν,
421 486 551 540 μηδενὶ
581 496 713 537 ἐξεῖναι
745 497 784 530 ἐν
815 493 1020 539 οἱῳδὴποτε
1052 493 1334 538 έκκλησιαστικῷ
1402 505 1491 537 mus,
1515 494 1604 530 nulli
1626 494 1733 531 licere
1752 495 1789 530 in
1812 495 1971 540 quolibet
1992 497 2236 536 ecclesiastico
2259 499 2371 544 gradu
2396 510 2482 535 con-

250 511 390 586 βαθιμῷ
414 541 626 575 καθεστῶτι
650 538 852 594 ἀναχωρεῖν
879 540 918 580 ἐξ
942 536 1054 574 αὐτοῦ
1078 543 1138 573 καὶ
1162 538 1335 583 κοσμικὸν
1403 539 1529 575 stituto
1553 539 1735 575 discedere
1759 541 1805 576 ab
1822 550 1864 576 eo
1881 544 1918 576 et
1933 542 2152 579 saecularem
2175 544 2261 587 fieri,
2286 544 2482 580 scientibus

249 587 439 633 γίνεσθαι,
464 587 719 631 ἐπισταμένων
737 599 816 620 των
834 581 931 620 οὕτω
953 583 1172 626 ποιούντων,
1194 580 1254 618 ὅτι
1275 586 1335 618 καὶ
1403 584 1476 619 tale
1499 584 1633 629 aliquid
1656 585 1882 627 facientibus,
1916 586 1999 630 quia
2029 589 2067 622 et
2095 589 2196 633 quasi
2219 589 2384 635 apposito
2415 588 2483 624 sibi

250 632 312 673 τῆς
335 628 384 665 ιὸς
399 630 491 665 εἰκὸς
513 633 735 675 ἐπικειμένης
760 627 879 664 αὐτοῖς
895 628 1010 672 ζώνης
1031 627 1055 672 ἢ
1070 626 1173 669 ἀξίας
1189 626 1212 672 ἢ
1228 640 1334 674 στρα-
1350 632 1391 663 10
1405 629 1547 672 cingulo
1577 631 1641 665 aut
1665 629 1836 673 dignitate
1865 634 1928 664 aut
1950 631 2076 666 militia
2099 633 2328 669 nudabuntur
2360 636 2396 669 et
2420 644 2481 668 cu-

250 679 347 710 τείας
375 673 702 723 γυμνωθήσονται,
737 678 798 709 καὶ
831 676 876 722 τῇ
907 673 1117 720 βουλευτικῇ
1152 672 1241 727 τύχῃ
1273 674 1336 716 τῆς
1404 674 1485 709 riali
1503 674 1668 710 fortunae
1684 674 1852 719 propriae
1873 674 2024 711 civitatis
2043 676 2237 713 tradentur.
2276 678 2344 723 Qui
2364 682 2483 714 autem

250 718 344 755 ἰδίας
364 719 504 756 πόλεως
527 718 865 766 παραδοθήσονται.
909 719 991 754 τοὺς
1012 717 1053 753 δὲ
1071 718 1143 763 πρὸ
1164 731 1229 752 του
1254 715 1335 762 ἡμε-
1405 720 1488 754 ante
1521 723 1679 755 nostram
1710 719 1821 762 legem
1844 720 1965 755 clerici
1997 720 2153 757 ordinati
2182 724 2267 758 sunt
2290 734 2334 758 ex
2358 723 2484 758 curiali

250 768 354 811 τέρου
377 764 491 811 νόμου
515 765 700 812 κληρικοὺε
721 764 1044 811 χειροτονηθέντας
1064 761 1139 797 ἀπὸ
1156 761 1333 807 βουλευτι·
1404 763 1571 806 fortuna,
1599 773 1664 808 per
1694 764 1908 799 substitutas
1938 774 2111 809 personas
2137 767 2342 811 pecuniaria
2363 767 2484 803 munia

249 811 312 854 κῆς
340 809 446 854 τύχης
473 808 535 845 διὰ
567 809 909 846 ὑποκαταστάντων
940 809 1145 854 προςιόπων
1170 808 1234 842 τὰς
1257 820 1338 853 χρη-
1407 808 1595 854 complere,
1619 818 1642 844 a
1666 808 1911 854 corporalibus
1934 812 2053 845 autem
2076 810 2207 847 liberos
2229 812 2372 848 servari.

248 855 402 899 ματικάς
424 854 643 899 λειτουργίας
663 854 833 900 πληροῦν,
857 851 933 890 ἀπὸ
954 851 995 888 δὲ
1015 855 1093 888 τῶν
1117 854 1338 898 σωματικῶν
1353 855 1394 889 15

251 898 459 945 ἐλευθέρους
483 899 747 947 φυλάττεσθαι.

2093 133 2161 167 ΒΕ,
2182 129 2482 164 8ΑΝΟΤ1881ΜΙΒ

1233 1008 1394 1047 CAPUT
1416 1009 1514 1047 XVI.

315 1076 412 1114 Ἀλλ’
445 1076 531 1114 οὐδὲ
560 1078 727 1127 κληρικὸν
761 1077 973 1123 οἱανδήποτε
1006 1078 1158 1133 βαθμοῦ
1189 1074 1335 1113 διδόναι
1455 1077 1525 1113 Sed
1548 1086 1664 1122 neque
1687 1076 1856 1113 clericum
1879 1078 2135 1124 cuiuscumque
2156 1080 2287 1125 gradus
2312 1081 2398 1117 dare
2421 1081 2483 1117 ali-

251 1139 287 1160 τι
310 1126 447 1169 ἐκείνῳ,
471 1121 534 1171 ὑφ’
560 1117 604 1158 οὗ
633 1127 908 1170 χειροτονεῖται,
943 1120 966 1167 ἢ
997 1122 1096 1167 αλλῳ
1131 1121 1336 1167 οἱῳδήποτε
1404 1122 1489 1168 quid
1518 1122 1558 1175 ei·
1582 1132 1604 1157 a
1635 1132 1706 1167 quo
1739 1122 1923 1159 ordinatur
1954 1127 2018 1160 aut
2046 1125 2107 1160 alii
2138 1125 2284 1162 cuilibet
2308 1136 2485 1171 personae

252 1167 433 1215 προςώπῳ
457 1172 721 1216 συγχωροῦμεν,
744 1168 859 1214 μόνας
883 1167 924 1204 δὲ
946 1171 1117 1215 παρέχειν
1140 1168 1257 1204 αὐτὸν
1275 1167 1336 1203 τὰς
1402 1167 1657 1213 permittimus,
1694 1168 1790 1204 solas
1819 1173 1939 1204 autem
1972 1171 2146 1214 praebere
2180 1181 2261 1206 eum
2292 1176 2484 1207 consuetu-

251 1215 448 1257 συνηθείας
477 1218 550 1249 τοῖς
572 1216 626 1257 τῷ
649 1215 918 1260 χειροτονοῦντι
947 1213 1245 1259 ὑπηρετουμένοιε
1275 1216 1334 1247 καὶ
1349 1215 1390 1248 20
1404 1213 1504 1249 dines
1535 1213 1590 1248 his
1622 1212 1682 1257 qui
1712 1213 1890 1248 ordinanti
1917 1214 2122 1250 ministrant
2154 1225 2197 1250 ex
2227 1217 2484 1252 consuetudine

251 1260 289 1300 ἐξ
310 1260 418 1294 ἔθους
440 1261 696 1304 κομιζομένοις,
719 1260 799 1294 ἑνὸς
818 1260 987 1294 ἐνιαυτοῦ
1012 1256 1135 1304 διάρια
1157 1258 1206 1304 μὴ
1228 1256 1334 1306 ὑπερ-
1403 1257 1671 1303 accipientibus,
1703 1258 1808 1294 unius
1833 1258 1918 1294 anni
1940 1260 2178 1297 emolumenta
2205 1271 2277 1297 non
2299 1264 2484 1297 transcen-

250 1303 453 1349 βαινούσας.
491 1306 531 1339 έν
547 1303 587 1340 δὲ
601 1306 646 1352 τῇ
663 1303 849 1352 ἁγιωτάτῃ
869 1303 1037 1347 ἐκκλησίᾳ
1057 1305 1097 1338 ἐν
1117 1296 1334 1351 ᾗκατατάτ-
1404 1303 1538 1338 dentes.
1586 1302 1628 1338 In
1651 1305 1779 1338 sancta
1802 1313 1884 1339 vero
1908 1304 2075 1347 ecclesia,
2100 1306 2138 1341 in
2161 1315 2232 1351 qua
2255 1306 2485 1342 constituitur

249 1363 352 1384 τεται
379 1349 448 1393 τὴν
467 1350 578 1384 θείαν
601 1349 763 1394 πληροῦν
782 1348 920 1394 λειτουρ
946 1353 1017 1391 ίαν,
1042 1352 1101 1382 καὶ
1115 1347 1230 1393 μηδὲν
1246 1360 1337 1383 παν-
1405 1358 1549 1383 sacrum
1574 1348 1752 1393 complere
1775 1348 2020 1393 ministerium,
2045 1351 2144 1386 nulla
2166 1351 2309 1396 penitus
2329 1362 2393 1397 pro
2421 1352 2484 1387 riis

250 1393 360 1429 τελῶς
382 1397 456 1429 τοῖς
478 1393 580 1429 ἰδίοις
603 1394 844 1442 συγκληρικοῖς
868 1393 903 1429 δι
928 1392 1012 1429 όναι
1044 1391 1135 1440 ὑπὲρ
1159 1395 1221 1438 τῆς
1245 1391 1337 1428 ἰδίας
1405 1393 1614 1428 conclericis
1635 1393 1721 1428 dare
1744 1403 1809 1438 pro
1829 1404 1896 1430 sua
1911 1394 2161 1438 insinuatione,
2186 1406 2301 1441 neque
2324 1397 2369 1432 ob
2416 1406 2485 1432 anc

251 1441 463 1486 ἐμφανείας,
492 1438 585 1485 μηδὲ
615 1437 675 1474 διὰ
707 1439 846 1484 ταύτην
876 1438 945 1483 τὴν
976 1439 1099 1474 αἰτίαν
1129 1440 1207 1473 τῶν
1230 1437 1336 1474 ἰδίων
1348 1440 1391 1473 25
1405 1448 1550 1474 causam
1585 1438 1738 1482 propriis
1771 1439 2015 1475 emolumentis
2053 1445 2116 1476 aut
2146 1441 2225 1477 aliis
2259 1442 2484 1486 portionibus

250 1485 500 1531 παραμυθιῶν
532 1483 558 1541 ⁷⁴2
584 1486 662 1519 τῶν
686 1483 809 1519 ἄλλων
830 1485 1029 1540 μεριτικιῦν
1050 1480 1162 1518 αὐτὸν
1183 1481 1335 1519 ἆποστε-
1402 1483 1498 1519 hunc
1548 1483 1665 1519 rivari.

250 1532 273 1566 1
319 1530 478 1575 ρςῖσθαι.
537 1529 628 1564 αλλὰ
651 1528 743 1574 μηδὲ
766 1528 958 1572 ξενοδοχον
980 1527 1004 1573 ἢ
1027 1529 1292 1576 πτωχοτρόφον
1312 1526 1336 1573 ἢ
1402 1530 1426 1566 1
1472 1528 1517 1564 Se
1565 1538 1680 1573 neque
1698 1528 1947 1565 xenodochum
1977 1531 2041 1564 aut
2063 1538 2294 1566 nosocomum
2319 1532 2383 1566 aut
2405 1534 2484 1577 pto-

250 1574 451 1620 νοσοκόμον
481 1571 504 1619 ἢ
537 1574 645 1610 ἄλλον
677 1573 889 1619 οἱουδὴποτε
912 1571 1060 1629 εὖαγοῦς
1082 1575 1178 1608 οἴκου
1203 1572 1335 1617 διοικη-
1404 1574 1639 1619 chotrophum
1670 1575 1735 1609 aut
1765 1573 1874 1608 alium
1905 1574 2096 1619 quemlibet
2125 1575 2335 1611 venerabilis
2360 1576 2485 1613 domus

250 1621 319 1663 τὴν
334 1617 358 1664 ἢ
370 1618 584 1663 οἷονδήποτε
600 1619 895 1663 ἐκκλησιαστικὸν
912 1634 938 1666 φ
963 1630 1120 1664 οντισμα
1134 1621 1336 1665 χειρίζοντα
1403 1619 1676 1663 gubernatorem
1707 1622 1770 1654 aut
1794 1629 2054 1664 quamcumque
2083 1620 2360 1657 ecclesiasticam
2388 1622 2484 1658 solli-

251 1663 396 1700 διδόναι
419 1679 456 1700 τι
479 1667 618 1709 ἐκείνῳ,
642 1663 708 1711 ὑφ’
725 1658 770 1700 οὗ
793 1662 936 1711 προβάλ
960 1677 1055 1707 εται,
1080 1661 1103 1707 ἢ
1127 1663 1227 1708 ἄλλῳ
1252 1663 1331 1708 οἵῳ·
1349 1666 1391 1700 30
1405 1664 1597 1700 citudinem
1619 1667 1783 1709 agentem
1811 1663 1897 1699 dare
1920 1664 2052 1710 aliquid
2073 1665 2126 1700 illi
2156 1675 2179 1700 a
2201 1676 2272 1711 quo
2298 1667 2485 1703 constitui-

251 1708 387 1752 δήποτε
410 1711 591 1756 προςώπῳ
616 1708 707 1756 ὑπὲρ
724 1712 787 1754 τῆς
802 1709 1102 1754 έμπιστευθείσης
1126 1706 1225 1752 αὐτῷ
1249 1707 1335 1743 ὃιοι-
1404 1710 1464 1744 tur
1495 1711 1560 1744 aut
1590 1709 1651 1744 alii
1675 1709 1885 1755 cuicumque
1910 1719 2085 1755 personae
2115 1721 2181 1755 pro
2206 1712 2393 1748 commissa
2416 1712 2486 1748 sibi

250 1755 395 1797 κήσεως.
451 1752 471 1789 ὁ
497 1753 538 1789 δὲ
559 1755 660 1802 παρὰ
683 1756 798 1790 ταῦτα
823 1751 917 1801 ἅπερ
942 1753 1216 1796 διετυπώσαμεν
1239 1753 1261 1797 ἢ
1284 1752 1335 1788 δι·
1403 1754 1672 1798 gubernatione.
1719 1754 1788 1799 Qui
1811 1765 1893 1791 vero
1912 1758 2054 1800 praeter
2077 1755 2168 1791 haec
2215 1766 2283 1792 uae
2307 1757 2485 1802 disposui-

251 1798 334 1834 δοὺς
356 1797 380 1844 ἢ
401 1799 603 1845 λαμβάνων
633 1798 658 1844 ἢ
679 1803 823 1845 μεσίτης
844 1798 1033 1847 γινόμενος
1055 1800 1118 1842 τῆς
1141 1797 1336 1845 ἱερωσύνης
1403 1809 1483 1835 mus
1506 1803 1570 1835 aut
1593 1799 1656 1835 dat
1677 1804 1740 1835 aut
1763 1799 1897 1845 accipit
1919 1803 1982 1835 aut
2005 1800 2180 1837 mediator
2224 1805 2257 1846 t,
2283 1803 2483 1839 sacerdotio

385 1889 408 1934 ξ
432 1892 446 1924 1
472 1903 504 1924 υ.
521 1891 652 1925 12-16
676 1903 825 1924 summam
850 1891 925 1924 Ath.
951 1897 1096 1934 repetunt
1115 1892 1276 1934 paratiua
1299 1890 1408 1925 Ath.8
1428 1894 1483 1930 52.

313 1948 340 1969 c.
354 1936 453 1970 XVI
462 1937 520 1978 (——
535 1938 613 1978 607,
626 1944 659 1970 15
683 1932 774 1969 ἀλλὰ
794 1937 855 1969 καὶ
872 1933 1012 1980 μᾶλλον
1033 1935 1284 1980 ἐπιτρέπομεν)
1309 1937 1400 1970 initio
1418 1937 1451 1969 in
1467 1948 1618 1970 summam
1638 1943 1799 1970 contracto
1819 1939 1998 1980 paucisque
2018 1938 2147 1971 mutatis
2167 1938 2264 1971 habet
2279 1938 2485 1984 Epanayoye

251 1982 284 2022 8,
297 1988 339 2015 13.
354 1988 400 2020 14;
425 1993 464 2015 ecc
480 1981 517 2015 Β
533 1983 686 2024 integrum
703 1988 802 2024 caput
817 1983 986 2025 exscripsit
1003 1981 1324 2015 Nomoc.mXIVtit.
1341 1982 1370 2023 1,
1385 1987 1437 2022 24,
1457 1994 1511 2024 pr.
1537 1988 1567 2014 et
1589 1981 1611 2024 ξ
1630 1983 1645 2015 1
1674 1981 1724 2014 Β*
1747 1983 1785 2014 Κ
1800 1983 1852 2022 18,
1866 1990 1882 2015 5
1895 1994 1930 2024 p.
1943 1983 2009 2016 434
2022 1982 2124 2015 Zach.
2142 2001 2187 2007 —
2209 1982 2372 2017 Summam
2390 1985 2486 2019 habet

250 2026 382 2060 Nomoc.
399 2026 459 2059 XI
465 2027 554 2060 Vtit.
574 2027 594 2059 I.
610 2038 649 2068 c.,
673 2026 749 2059 Ath.
774 2034 925 2059 summam
950 2027 1027 2067 607,
1040 2033 1113 2060 2-4
1137 2033 1283 2069 repetunt
1301 2026 1465 2068 paratitla
1488 2026 1564 2059 Am.
1580 2027 1600 2059 2
1616 2030 1669 2064 §2

248 2113 405 2161 pradum
428 2112 641 2160 adsumptus
662 2112 728 2155 sit,
761 2112 799 2147 in
824 2123 895 2158 quo
919 2112 1002 2158 quis
1024 2113 1240 2149 constitutus
1263 2123 1338 2148 non
1354 2113 1574 2160 prohibetur
1596 2123 1620 2148 a
1642 2112 1760 2148 sacris
1783 2112 1983 2150 canonibus
2013 2118 2051 2150 et
2072 2113 2212 2161 leqibus
2241 2126 2394 2152 uxorem
2418 2117 2484 2153 du-

249 2169 340 2195 cere.
387 2157 527 2194 Eadem
550 2162 668 2194 autem
695 2158 735 2193 in
758 2157 910 2203 reliquis
939 2158 1046 2194 etiam
1076 2157 1240 2194 omnibus
1271 2157 1460 2193 monachis
1489 2157 1609 2193 valere
1631 2159 1829 2201 sancimus,
1862 2159 1927 2210 qui
1950 2170 1973 2194 a
1996 2160 2226 2196 monasteriis
2255 2161 2306 2196 ad
2326 2162 2484 2208 qualem-

250 2207 273 2241 1
319 2214 469 2249 cumque
491 2202 771 2239 ecclesiasticum
794 2202 950 2249 qradum
975 2203 1261 2249 transferantur,
1287 2203 1428 2238 etiamsi
1450 2202 1542 2238 nulli
1566 2202 1767 2239 condicioni
1789 2203 1938 2239 subiecti
1958 2204 2110 2249 fuerint.
2190 2206 2240 2242 At
2265 2217 2311 2243 ue
2331 2215 2484 2253 yenera-

250 2249 333 2285 liter
354 2248 547 2291 sancimus,
577 2248 713 2284 nemini
740 2248 779 2283 in
802 2247 877 2283 ullo
901 2248 1145 2284 ecclesiastico
1175 2247 1296 2294 qradu
1320 2248 1517 2284 constituto
1542 2247 1651 2284 licere
1681 2247 1726 2283 ab
1757 2259 1798 2284 eo
1821 2249 1987 2285 recedere
2015 2253 2051 2286 et
2074 2249 2204 2285 laicum
2254 2252 2327 2293 eri,
2358 2256 2399 2287 ut
2421 2253 2485 2306 qui

250 2294 320 2330 lzoc
347 2293 495 2339 faciant
523 2293 642 2329 sciant
674 2303 714 2328 se
744 2296 779 2328 et
809 2293 867 2327 cin
896 2292 956 2328 ulo
987 2303 1060 2345 quo
1090 2293 1195 2338 forte
1216 2293 1382 2339 praediti
1411 2296 1499 2329 sunt
1527 2293 1583 2328 vel
1612 2292 1790 2339 diqnitate
1821 2294 1877 2329 vel
1903 2294 2033 2330 militia
2062 2294 2260 2342 spoliatum
2290 2299 2327 2332 et
2354 2297 2485 2334 curiali

249 2338 455 2374 condicioni
486 2338 640 2374 civitatis
669 2348 758 2373 suae
786 2341 843 2373 tra
869 2339 958 2373 itum
991 2338 1048 2374 iri.
1096 2337 1166 2381 Qui
1189 2348 1274 2373 vero
1307 2342 1391 2374 ante
1413 2341 1577 2374 nostram
1608 2337 1720 2384 leqem
1751 2338 1876 2374 clerici
1901 2341 2020 2375 creati
2046 2344 2132 2376 sunt
2161 2351 2212 2376 ex
2242 2341 2374 2377 curiali
2399 2353 2483 2379 con-

249 2383 403 2425 dicione,
453 2394 494 2418 er
507 2384 720 2419 substitutas
770 2393 922 2419 ersonas
937 2383 1158 2430 pecuniaria
1181 2393 1332 2418 munera
1355 2383 1541 2429 impleant,
1567 2394 1589 2418 a
1606 2383 1859 2430 corporalibus
1882 2388 2002 2420 autem
2021 2385 2195 2421 immunes
2217 2386 2481 2424 custodiantur.

384 2428 418 2464 X
453 2428 482 2464 Ῑ.
529 2427 605 2464 Sed
633 2438 678 2464 ne
709 2438 729 2463 c
744 2428 877 2463 ericum
909 2427 1052 2474 quidem
1085 2427 1195 2463 ullius
1226 2428 1366 2474 qradus
1396 2428 1431 2464 ei
1460 2439 1484 2464 a
1512 2438 1585 2474 quo
1617 2431 1764 2464 creatur
1796 2428 1853 2464 vel
1880 2429 1945 2464 alii
1978 2429 2047 2465 ulli
2070 2440 2256 2476 personae
2290 2432 2484 2478 quicquam

249 2474 339 2510 dare
362 2474 618 2521 permittimus,
652 2473 718 2509 sed
746 2473 847 2508 solas
878 2477 1071 2519 praestare
1106 2484 1186 2509 eum
1218 2473 1500 2510 consuetudines·
1529 2474 1575 2509 iis
1604 2473 1671 2520 qui
1701 2474 1840 2509 creanti
1871 2474 2077 2510 ministrant
2110 2478 2148 2511 et
2175 2485 2226 2511 ex
2259 2486 2359 2512 more
2389 2477 2484 2513 acci-

247 2520 371 2566 piunt,
403 2519 512 2554 unius
534 2518 623 2554 anni
645 2518 882 2553 emolumenta
913 2529 988 2554 non
1011 2518 1236 2554 excedentes.
1283 2515 1330 2552 In
1352 2518 1579 2554 sanctissima
1610 2522 1729 2554 autem
1752 2518 1923 2562 ecclesia,
1954 2520 1991 2555 in
2015 2530 2088 2566 qua
2108 2520 2351 2563 constituitur,
2374 2532 2482 2558 sacro

249 2564 448 2600 ministerio
477 2564 674 2610 funqatur,
709 2573 778 2599 neu
835 2563 1002 2606 uicquam
1033 2564 1178 2598 omnino
1211 2562 1422 2598 conclericis
1455 2564 1532 2599 suis
1592 2574 1635 2598 ro
1662 2573 1838 2610 processu
1868 2574 1935 2599 suo
1967 2564 2043 2607 det,
2079 2575 2167 2601 neve
2199 2570 2357 2612 propter
2389 2566 2483 2602 lianc

250 2612 272 2646 1
318 2619 466 2645 causam
487 2608 635 2644 solaciis
656 2607 733 2643 suis
762 2618 803 2643 ve
841 2607 925 2643 aliis
954 2609 1183 2655 portionibus
1238 2608 1385 2644 rivetur.
1498 2608 1547 2644 Se
1594 2619 1639 2644 ne
1660 2607 1897 2645 xenodochus
1927 2609 2071 2654 quidem
2099 2613 2164 2645 aut
2191 2610 2484 2658 ptochotrophus

249 2658 315 2690 aut
348 2664 565 2690 nosocomus
602 2657 668 2689 aut
697 2652 793 2688 alius
823 2652 934 2688 ullius
962 2653 1157 2699 reliqiosae
1219 2663 1321 2688 omus
1348 2652 1624 2689 administrator
1660 2653 1717 2690 vel
1745 2653 1857 2688 ullam
1887 2654 2164 2690 ecclesiasticam
2197 2665 2321 2691 curam
2352 2667 2483 2709 qerens

250 2700 443 2746 quicquam
471 2698 532 2734 det
560 2699 597 2734 ei
622 2709 646 2734 a
676 2708 749 2744 quo
774 2698 998 2744 proponitur
1029 2699 1086 2734 vel
1114 2698 1180 2734 alii
1208 2697 1277 2734 ulli
1286 2708 1485 2778 (personae
1512 2709 1583 2743 pro
1615 2698 1803 2734 commissa
1828 2697 1900 2734 sibi
1927 2698 2251 2735 administratione.
2298 2699 2367 2744 Qua
2397 2711 2482 2738 vero

250 2748 379 2780 contra
408 2743 497 2779 haec
519 2754 614 2789 quae
636 2742 880 2789 disposuimus
911 2746 977 2778 aut
999 2743 1140 2779 dederit
1170 2743 1288 2790 aliqui
1342 2747 1408 2779 aut
1438 2743 1620 2790 acceperit
1652 2746 1716 2778 aut
1745 2742 1922 2778 mediator
1950 2744 2077 2788 factus
2099 2744 2164 2786 sit,
2193 2745 2397 2782 sacerdotio
2429 2746 2485 2783 vel

298 2837 313 2869 1
339 2832 548 2880 έγκατελέγη
566 2835 598 2867 L
621 2831 821 2875 κατελέχθη
841 2833 1051 2878 Nomoc.‘1mn
1077 2836 1097 2868 2
1122 2831 1249 2877 λαβεῖν
1266 2834 1335 2867 Νο-

250 2883 356 2914 meam
381 2878 430 2923 fl3
453 2876 501 2912 τὰ
526 2874 619 2912 αὐτὰ
641 2875 681 2911 δὲ
696 2880 740 2920 L]
761 2878 880 2912 ταῦτα
897 2875 937 2911 δὲ
952 2879 1019 2916 Be
1041 2879 1160 2913 ταῦτα
1184 2875 1225 2911 δὲ
1240 2874 1334 2911 αὐτὰ

251 2926 298 2959 M
303 2924 469 2966 (idemque
481 2924 558 2965 Iul.)
574 2923 588 2968 Ι
605 2925 626 2957 6
649 2916 743 2966 ἦσαν
754 2923 914 2957 Nomai-,¹⁷¹
938 2923 951 2967 ΙΙ
975 2926 1036 2957 καὶ
1060 2935 1116 2958 om.
1135 2924 1298 2958 Nomoc.m
1323 2922 1336 2968 ΙΙ

251 2973 271 3005 9
292 2969 381 3010 τῶν]
413 2970 474 3002 καὶ
496 2969 574 3002 τῶν
597 2969 758 3003 Νοηιοο.’”
781 2971 794 3011 ΙΙ
823 2963 884 3001 ὅτι
907 2970 978 3010 καὶ]
1013 2971 1074 3002 καὶ
1097 2964 1158 3002 ὅτι
1182 2968 1243 3012 Br,
1277 2962 1335 3001 ὅτι

251 3027 307 3048 om.
322 3015 353 3048 L
369 3014 382 3058 ΙΙ
402 3016 439 3048 11
466 3013 511 3060 τῇ
534 3011 743 3060 βουλευτικῇ
766 3009 856 3059 τύχῃ
881 3025 901 3049 ς
924 3014 983 3060 (τῇ
996 3011 1108 3060 βουλῇ
1122 3014 1197 3046 Ath.
1213 3013 1332 3046 Theod-

250 3061 341 3102 Iul.)]
364 3058 409 3101 τῆ
429 3056 638 3102 βουλευτικῆ
658 3056 746 3100 τύχη
771 3060 831 3091 καὶ
849 3056 951 3098 τάξει
970 3059 1017 3093 Μ
1039 3059 1084 3104 τῇ
1104 3057 1206 3098 τάξει
1230 3058 1299 3091 BL
1322 3056 1334 3103 ΙΙ

254 3107 294 3140 12
314 3102 398 3138 τοὺς
414 3123 455 3127 -
475 3105 515 3137 16
533 3101 785 3149 φυλάττεσθαι
802 3115 856 3135 om.
872 3103 909 3136 B
927 3103 940 3147 ΙΙ
957 3105 999 3138 14
1017 3098 1334 3137 ὖποκαταστάτων

251 3150 298 3183 M
307 3149 319 3189 ΙΙ
346 3151 388 3183 20
413 3149 472 3181 καὶ
497 3160 552 3182 om.
570 3160 590 3185 ς’
607 3149 619 3192 ΙΙ
643 3149 686 3182 22
710 3146 888 3190 ἐκκλησίᾳ]
911 3144 1027 3191 ταύτη
1052 3150 1129 3182 add.
1143 3148 1305 3182 Nomocan
1322 3145 1334 3192 ΙΙ

252 3195 294 3228 23
317 3196 379 3227 καὶ
403 3205 459 3227 om.
472 3205 492 3230 ς·
503 3194 605 3236 (lut),
618 3206 681 3227 non
694 3194 777 3227 male
793 3195 804 3236 ΙΙ
823 3194 867 3227 26
880 3190 1043 3238 μερίδων
1055 3194 1216 3228 Nomoc.m
1236 3204 1334 3238 μερι-

250 3239 327 3272 κῶν
343 3238 393 3272 B·
405 3251 434 3272 v.
448 3240 468 3272 t.
483 3238 680 3284 (μερισμῶν
696 3238 902 3279 Haloander)
920 3238 932 3282 ΙΙ
950 3235 1236 3282 ἀποστερεῖσθαι
1260 3244 1334 3271 ante

251 3281 272 3325 ἢ
287 3283 365 3316 τῶν
381 3283 516 3316 coll-B!
529 3285 539 3320 ΙΙ
560 3285 600 3317 27
617 3286 678 3316 aut
694 3293 906 3316 nosocomum
921 3286 981 3315 aut
995 3284 1279 3337 ptochotrophum
1291 3293 1311 3319 ς·
1321 3279 1334 3327 ΙΙ

252 3331 294 3362 28
307 3326 418 3362 ἄλλον
432 3324 646 3371 οἱουδήποτε
662 3329 708 3362 Β·
723 3328 828 3361 alium
840 3327 1023 3370 quemlibet
1035 3339 1054 3364 ς
1072 3328 1085 3373 ΙΙ
1101 3329 1144 3362 32
1155 3340 1178 3371 η
1197 3339 1254 3362 cm.
1264 3327 1332 3361 No-

251 3378 356 3406 mcc-’⁷⁸
377 3373 391 3416 ΙΙ
414 3373 457 3406 33
480 3371 672 3418 γενόμενος
698 3373 778 3406 LB·

305 3507 319 3538 1
347 3505 480 3539 tenebat
502 3504 614 3539 R¹T¹
630 3505 643 3550 ΙΙ
663 3506 682 3539 2
704 3506 864 3549 probetur
889 3505 945 3551 ΤΙΙ
964 3507 998 3539 et
1021 3519 1079 3540 om.
1097 3507 1129 3540 T
1142 3506 1155 3551 ΙΙ
1172 3508 1191 3541 3
1216 3517 1332 3551 capere

255 3549 288 3581 T
299 3548 313 3591 ΙΙ
329 3550 509 3591 monachis]
535 3552 568 3583 et
583 3551 754 3584 monachis
776 3550 826 3584 Τι
843 3551 856 3595 ΙΙ
877 3553 900 3586 4
923 3551 1108 3593 quamlibet
1133 3552 1165 3584 R
1181 3551 1194 3595 ΙΙ
1212 3554 1232 3587 5
1254 3562 1332 3595 gra-

254 3592 331 3624 dum
350 3594 606 3628 ecclesiasticum
626 3595 682 3638 Tu
700 3596 922 3629 transferatur
942 3596 991 3630 7ι
1014 3597 1261 3630 transferantur
1282 3595 1332 3631 1⁷³

253 3638 471 3672 transferetur
495 3639 542 3672 R¹
560 3639 573 3682 ss
597 3640 658 3672 etsi
682 3640 775 3673 nulle
797 3641 841 3682 V]
865 3641 928 3674 etsi
951 3640 1039 3674 nulli
1063 3641 1150 3684 (nuli
1163 3641 1224 3682 13²)
1252 3640 1332 3675 TR’

254 3684 287 3714 et
309 3681 415 3714 simile
436 3683 483 3715 R¹
501 3682 515 3725 1
538 3685 556 3716 7
580 3685 776 3717 constitutos
795 3685 844 3718 7ι
875 3685 1078 3720 constitutus
1098 3686 1148 3719 Β*
1172 3686 1185 3730 ΙΙ
1209 3688 1230 3721 9
1250 3685 1328 3727 tale]

1404 2836 1437 2865 et
1459 2832 1526 2866 tale
1549 2834 1583 2866 R
1618 2834 1718 2867 etiam
1739 2833 1808 2866 tale
1835 2833 1886 2867 Τ*
1903 2833 1916 2876 ΙΙ
1936 2835 1970 2867 et
1992 2833 2071 2876 quia
2097 2834 2147 2867 T¹
2162 2832 2175 2877 ss
2193 2844 2213 2866 a
2235 2834 2342 2877 posito
2366 2836 2442 2870 RV
2461 2847 2481 2870 a

1402 2877 1662 2968 ffiffi⁰⁸1ii⁰rftfl
1691 2881 1750 2956 ¹132
1757 2881 1835 2957 ³23³.
1859 2879 1936 2966 {ff
1943 2878 2044 2956 21¹1.ss
2044 2878 2220 2966 ἱῗὲἕὲῒ
2233 2880 2481 2959 ιῖᾙιῗὲὲῗῖἒ

1402 2967 1516 3001 clerici
1539 2968 1619 3001 facti
1643 2970 1722 3002 sunt
1745 2969 1817 3002 Tin
1831 2981 1902 3002 mar
1926 2994 1933 3001 .
1948 2969 1999 3010 (esc
2010 2969 2089 3011 Iul.)
2107 2968 2120 3013 ΙΙ
2135 2969 2214 3010 Qui]
2239 2969 2319 3011 quia
2340 2969 2389 3003 R¹
2407 2968 2420 3015 Ι]
2439 2972 2478 3006 13

1400 3023 1459 3055 per
1483 3026 1541 3047 om.
1556 3013 1634 3058 R¹fl
1658 3013 1819 3056 peccunia
1842 3014 1875 3046 R
1897 2982 1923 3058 ssq
1934 3013 2051 3046 munia
2074 3015 2147 3056 (om.
2165 3014 2226 3053 13¹)
2251 3014 2414 3058 complere
2435 3015 2479 3056 R]

1401 3058 1565 3101 complere
1580 3059 1696 3092 munia
1716 3059 1750 3092 V
1767 3069 1905 3091 munera
1923 3059 2087 3102 complere
2106 3059 2228 3102 Tvulq.
2248 3058 2261 3103 ΙΙ
2279 3061 2318 3093 17
2329 3062 2416 3093 rubr.
2435 3059 2480 3092 Ut

1399 3104 1520 3145 (neque
1537 3105 1615 3137 add.
1631 3104 1696 3146 Ta)
1719 3103 1834 3136 clerici
1857 3105 1929 3137 sine
1953 3104 2095 3147 pecunia
2114 3103 2197 3137 fiant
2221 3104 2296 3137 Tin
2310 3116 2412 3148 τηατ-9.
2429 3107 2480 3143 (ew

1399 3148 1478 3189 Iul.)
1496 3147 1509 3192 ΙΙ
1525 3148 1665 3182 clericus
1687 3147 1823 3182 RV'T
1837 3148 1849 3191 ΙΙ
1872 3149 2032 3191 cuiusque
2056 3149 2132 3182 RV
2150 3148 2163 3192 ΙΙ
2188 3148 2229 3182 18
2254 3148 2286 3181 ei
2310 3161 2367 3182 om.
2381 3149 2451 3182 ΒΤ

1400 3192 1460 3224 alii
1484 3206 1543 3226 om.
1561 3193 1619 3236 711
1634 3193 1784 3234 cuilibet]
1809 3193 1967 3227 ciuilibus
1993 3193 2045 3227 T¹
2062 3193 2075 3236 ΙΙ
2093 3195 2134 3227 19
2155 3193 2391 3226 committimus
2407 3193 2457 3227 12¹

1401 3239 1442 3271 20
1467 3238 1522 3271 his
1547 3250 1606 3271 om.
1619 3238 1668 3274 R¹
1684 3237 1697 3282 ΙΙ
1715 3237 1967 3271 *ordinantium
1984 3238 2188 3281 (ordinatum
2202 3238 2234 3271 T
2239 3238 2264 3278 ¹)
2285 3238 2478 3271 ministran-

1400 3284 1448 3315 tes
1474 3283 1551 3316 libri
1572 3285 1666 3324 (sunt
1685 3284 1763 3317 add.
1777 3284 1876 3326 vuly.)
1895 3283 1908 3327 ΙΙ
1924 3285 1963 3317 21
1990 3283 2212 3316 emolumento
2238 3283 2287 3316 T²
2304 3282 2317 3326 ΙΙ
2334 3284 2377 3317 22
2401 3292 2478 3314 οοιι-

1400 3327 1588 3361 stituuntur
1608 3329 1640 3362 V
1683 3328 1725 3362 23
1746 3327 1853 3368 nulla]
1878 3331 1911 3361 et
1931 3328 2025 3362 nulla
2044 3329 2130 3373 vuly.
2147 3326 2160 3372 ΙΙ
2178 3327 2323 3370 propriis
2346 3339 2403 3361 om.
2425 3324 2478 3369 711

1402 3373 1444 3405 24
1468 3371 1599 3406 clericis
1674 3373 1758 3418 vulq.
1786 3372 1799 3417 ΙΙ
1829 3374 1870 3406 27
1885 3376 1973 3406 rubr.
1998 3373 2044 3406 Ut
2066 3372 2214 3406 locorum
2235 3369 2477 3405 uenerabilium

1399 3417 1662 3451 ministratores
1684 3418 1756 3451 sine
1779 3418 1920 3460 pecunia
1943 3418 2025 3451 flant
2052 3419 2084 3451 T
2102 3419 2135 3452 in
2159 3429 2262 3459 marq.
2285 3418 2336 3456 (ea
2358 3414 2436 3455 Iul.)
2465 3414 2477 3459 ΙΙ

1399 3462 1641 3495 xenodochium
1657 3465 1717 3496 aut
1732 3463 1959 3496 nosocomium
1973 3463 2040 3496 RT
2080 3460 2334 3505 ptocotrophum
2347 3458 2380 3491 R
2401 3469 2423 3501 p
2461 3477 2475 3484 -

1399 3506 1633 3549 chotrophinm
1652 3507 1702 3541 ΤΞι
1748 3508 1790 3542 28
1806 3507 1910 3540 alium
1927 3520 1986 3541 om.
2009 3508 2043 3542 V
2082 3503 2263 3549 quamlibet
2282 3502 2338 3546 71
2356 3503 2397 3537 29
2412 3514 2475 3545 gn—

1399 3551 1626 3584 bernationem
1652 3552 1701 3586 ΤΙ
1747 3552 1948 3595 quicumque
1973 3551 2024 3586 Τ1
2041 3551 2054 3595 ΙΙ
2071 3547 2322 3598 ecelesia-tieem
2345 3560 2401 3580 om.
2418 3548 2476 3593 Ru

1399 3597 1441 3630 30
1461 3595 1515 3629 illi
1530 3598 1562 3637 a]
1586 3596 1647 3630 ille
1662 3597 1711 3630 R¹
1731 3596 1744 3642 ΙΙ
1767 3599 1806 3632 31
1833 3597 2077 3637 alicuicumqne
2093 3592 2156 3636 R!
2179 3594 2362 3633 commissa]
2387 3603 2474 3626 com-

1398 3641 1557 3718 &mim
1576 3641 1639 3706 12¹³
1662 3642 1705 3676 32
1729 3641 2003 3684 gubernationem
2024 3637 2103 3683 Vq
2128 3637 2171 3671 33
2190 3635 2229 3668 fit
2246 3636 2295 3669 13²
2305 3639 2405 3680 vulo]
2429 3637 2476 3673 sit

1466 3710 1475 3727 ,
1499 3696 1555 3719 om.
1569 3687 1601 3719 R
