2618 4010
152 152 212 188 AD
242 150 576 188 ORDINATIONEM
605 149 774 186 DED'UCI

152 257 187 292 εἴ
216 267 311 291 τινες
345 254 416 290 εἶεν
452 253 549 289 δίκαι
591 253 700 298 τυχὸν
739 257 816 289 ταῖς
857 252 1075 300 ἁγιωτάταις
1114 251 1236 296 ἐκκλη-

151 306 254 343 σίαις,
285 298 337 335 δι’
364 297 403 335 ἃς
426 302 542 335 ταῦτα
567 302 875 348 προφασίζονται,
907 299 1038 335 ταύτας
1068 297 1128 334 διὰ
1157 299 1236 333 τῶν

150 346 217 383 ὑπ’
245 344 359 391 αὐτὴν
390 344 665 391 εὖλαβεστάτων
696 345 875 392 κληρικῶν
903 344 924 390 ἢ
949 345 1236 392 ἀποκρισιαρίων

151 393 171 437 ἢ
195 390 396 437 οἰκονόμων
421 395 544 433 κινεῖν,
576 395 635 425 καὶ
661 389 794 435 δεήσεις
826 394 893 436 μὲν
922 392 1011 438 πρὸς
1041 390 1108 434 τὴν
1132 394 1234 434 βασι-

151 439 250 474 λείαν
271 439 477 483 ἐκπέμπειν,
499 435 688 484 τυγχάνειν
709 435 749 471 δὲ
767 438 845 471 τῶν
861 440 1101 482 ζητουμένων.
1132 434 1235 470 ’Ώςτε

150 483 210 519 διὰ
243 485 359 518 ταῦτα
395 484 636 527 θεσπίζομεν,
674 483 710 517 εἴ
741 486 834 518 ποτέ
863 495 915 517 τις
947 482 1235 525 ἐκκλησιαστικῆς

150 532 270 564 ἕνεκεν
293 528 507 575 προφάσεως
538 530 687 573 ἐμπέσοι
710 532 827 575 χρεία,
860 528 998 572 ταύτην
1022 526 1043 572 ἢ
1068 526 1126 562 διὰ
1155 528 1234 562 τῶν

150 574 193 609 τὰ
212 572 407 621 πράγματα
427 573 671 620 πραττόντων
692 577 770 608 τῶν
789 571 1004 621 ἁγιωτάτων
1024 572 1232 617 ἐκκλησιῶν,

150 618 207 655 οὓς
231 619 520 667 ἀποκρισιαρίους
552 619 732 661 καλοῦσιν,
765 617 786 663 ἢ
820 618 878 653 διά
908 632 1023 674 τινων
1054 618 1234 672 κληρικῶν

1243 133 1295 183 41

2072 139 2179 183 Nov.
2210 140 2268 182 VI
2298 143 2335 184 2.
2368 144 2391 183 3

1304 249 1453 287 tissimis
1476 251 1654 295 ecclesiis,
1687 255 1832 297 propter
1857 263 1945 298 quas
1970 253 2036 290 has
2062 254 2269 290 occasiones
2294 264 2392 291 asse-

1303 300 1405 341 runt,
1442 302 1531 332 naec
1562 307 1628 342 per
1658 307 1738 342 eos,
1772 298 1833 343 qui
1863 300 1931 335 sub
1960 299 2039 344 ipso
2071 303 2170 344 sunt,
2208 300 2392 346 religiosos

1305 343 1455 378 clericos
1481 345 1545 378 aut
1575 343 1815 388 apocrisarios
1840 346 1904 379 aut
1928 355 2142 381 oeconomos
2166 356 2325 390 movere,
2358 351 2393 381 et

1303 389 1495 434 petitiones
1518 400 1591 424 non
1606 389 1653 424 ad
1668 389 1855 435 imperium
1876 389 2037 434 dirigere,
2062 392 2254 436 impetrare
2273 395 2393 427 autem

1271 438 1290 470 5
1305 439 1458 480 sperata.
1509 435 1708 480 Propterea
1726 435 1917 477 sancimus,
1943 436 2139 489 siquando
2162 441 2310 483 propter
2333 449 2390 473 ec-

1306 481 1543 516 clesiasticam
1580 481 1806 516 occasionem
1842 481 2008 516 inciderit
2044 484 2260 528 necessitas,
2297 484 2390 518 hanc

1303 530 1367 561 aut
1398 537 1462 571 per
1494 537 1555 562 eos
1588 527 1648 571 qui
1679 537 1737 562 res
1767 529 1878 571 agunt
1910 530 2115 562 sanctarum
2147 529 2391 571 ecclesiarum,

1304 583 1392 617 quos
1425 572 1666 617 apocrisarios
1696 576 1843 615 vocant,
1882 576 1946 607 aut
1978 583 2042 617 per
2072 573 2210 617 aliquos
2242 575 2391 610 clericos

1303 618 1374 653 huc
1399 618 1614 662 destinatos,
1651 620 1715 653 aut
1747 628 1962 653 oeconomos
1988 629 2072 654 suos
2097 623 2218 653 notam
2242 620 2390 665 imperio

150 666 316 700 ἐνταῦθα
348 664 597 709 στελλομένων
630 662 651 708 ἢ
676 663 734 699 διὰ
766 666 844 699 τῶν
874 665 1079 708 οῖκονομων
1110 665 1234 697 αυτῶν
1252 666 1289 698 10
1303 664 1423 699 facere
1456 667 1519 698 aut
1551 664 1682 699 nostris
1720 664 2091 706 administratoribus,
2127 668 2168 699 ut
2202 665 2392 710 impetrent

148 715 335 760 γνωρίμην
358 712 402 754 τῆ
427 709 596 755 βασιλείᾳ
621 711 795 757 γίνεσθαι
820 708 841 753 ἢ
864 713 942 744 ταῖς
965 707 1151 756 ἡμετέραις
1174 707 1233 755 ἆρ-

132 760 243 800 ,χαῖς,
277 747 468 803 τυγχάνειν
490 769 530 790 τε
555 755 682 790 αὐτοὺς
712 757 775 790 τοῦ
807 753 1060 802 προςήκοντος,
1093 756 1153 788 καὶ
1186 753 1236 798 μὴ

148 804 255 837 τοῦτο
279 805 352 836 τοῖς
386 800 680 848 θεοφιλεστάτοις
713 799 920 836 ἐπισκόποις
944 798 1080 842 πλάνης
1110 812 1151 833 τε
1174 803 1234 832 καὶ

146 847 322 884 ἀπουσίας
354 851 414 881 καὶ
448 848 510 891 τῆς
532 849 610 882 τῶν
633 844 849 894 ἁγιωτάτων
873 845 1074 888 ἐκκλησιῶν
1097 843 1234 890 βλάβης

1305 710 1401 753 quod
1439 712 1645 754 competens
1683 714 1756 751 est,
1794 713 1829 745 et
1864 720 1936 744 non
1972 711 2041 745 hoc
2078 709 2143 744 deo
2181 711 2391 746 amabilibus

1305 755 1482 799 episcopis
1507 755 1637 791 erroris
1663 761 1698 791 et
1724 755 1924 796 absentiae,
1959 758 1995 790 et
2019 756 2254 791 sanctissimis
2280 758 2390 791 eccle—

1303 801 1363 835 siis
1389 800 1559 836 laesionis
1585 801 1811 837 occasionem
1835 800 1931 842 fieri,
1963 805 2037 836 tam
2062 801 2099 835 in
2123 802 2308 845 provincia
2333 813 2389 837 ec-

1303 846 1586 881 clesiasticarum
1617 857 1735 882 rerum
1767 857 1832 892 per
1864 847 2063 882 absentiam
2095 856 2219 881 eorum
2251 847 2390 900 neglec-

149 896 267 929 αἴτιον
290 893 481 948 γίνεσθαι,
511 894 589 927 τῶν
611 906 651 927 τε
676 894 715 926 ἐν
738 895 816 946 ταῖς
840 889 1232 946 ἐπαρχίαιςέκκληςια-
1250 893 1287 925 15
1301 895 1435 934 tarum,
1480 903 1587 936 quam
1622 893 1729 927 etiam
1765 893 1823 927 hic
1860 893 2026 937 expensis
2063 892 2185 927 multis
2221 893 2267 927 ab
2303 893 2391 937 ipsis

149 952 286 974 στικων
314 951 541 986 πραγματων
564 937 663 983 παρὰ
692 937 760 981 τὴν
790 940 970 971 απουσίαν
996 937 1118 970 αυτῶν
1150 949 1231 980 αμε-

149 985 333 1030 λουμένων
375 986 437 1028 τῆς
472 997 512 1018 τε
547 983 713 1018 ἐνταῦθα
749 980 910 1024 δαπάνης
948 980 1079 1025 πολλῆς
1116 978 1234 1015 αὐτοῖς

148 1033 336 1078 γινομένης
351 1031 413 1073 τῆς
435 1043 476 1064 τε
500 1031 540 1062 ἐν
556 1029 640 1075 ξένῃ
659 1026 798 1071 διαίτης
821 1025 883 1061 οὐκ
908 1025 1122 1072 εὐσχήμονος
1139 1027 1232 1060 καθ-

149 1077 325 1119 εστώσης,
360 1078 420 1109 καὶ
453 1073 692 1116 πανταχόθεν
723 1074 787 1107 τοῦ
819 1071 1027 1120 πράγματος
1062 1070 1234 1116 οὐδεμίαν

151 1119 337 1167 ὠφέλειαν,
367 1119 504 1165 μᾶλλον
535 1121 603 1163 μὲν
632 1113 697 1168 οὖν
727 1116 870 1164 βλάβην
906 1122 984 1153 ταῖς
1019 1115 1235 1166 ἁγιωτάταις
1248 1120 1290 1152 20

151 1167 350 1211 ἐκκλησίαις
373 1165 578 1212 ἐπάγοντος.

1301 936 1426 978 factis,
1462 948 1530 972 nec
1564 949 1636 973 non
1670 938 1708 972 in
1742 949 1891 983 peregre
1923 938 2146 972 habitatione
2178 949 2250 973 non
2281 938 2391 972 habili

1303 982 1516 1025 constituta,
1544 986 1580 1017 et
1602 983 1761 1027 undique
1786 994 1897 1019 causa
1921 984 2056 1018 nullum
2082 984 2255 1025 iuvamen‚
2281 983 2392 1028 magis

1303 1031 1421 1063 autem
1445 1029 1640 1063 laesionem
1665 1030 1900 1065 sanctissimis
1926 1029 2087 1065 ecclesiis
2112 1029 2299 1064 inferente.

1149 1254 1306 1290 CAPUT
1330 1256 1395 1291 III.

191 1318 239 1371 (Τ)
285 1324 347 1369 Μὴ
379 1322 494 1359 ἄλλως
526 1322 569 1359 δέ
596 1338 681 1359 τινα
712 1325 790 1359 τῶν
820 1322 1120 1370 θεοφιλεστάτων
1156 1325 1231 1359 ἐπι·

148 1371 300 1407 σκόπων
323 1372 479 1418 θαρρεῖν
504 1369 721 1404 στέλλεσθαι
751 1369 840 1418 πρὸς
862 1368 1000 1414 ταύτην
1023 1369 1091 1413 τὴν
1115 1367 1230 1405 εὐδαί-

145 1431 240 1462 μονα
263 1414 382 1459 πόλιν,
406 1419 496 1464 πρὶν
519 1415 574 1458 ἄν,
599 1417 630 1450 εἰ
650 1418 717 1460 μέν
740 1428 794 1450 τις
817 1418 1009 1452 ἐπίσκοπος
1034 1417 1106 1470 εἴη,
1122 1414 1231 1463 γράμ-

1348 1324 1431 1359 Non
1463 1325 1567 1360 aliter
1599 1328 1718 1360 autem
1749 1325 1902 1370 aliquem
1927 1325 1992 1361 deo
2018 1327 2221 1362 amabilium
2252 1327 2390 1372 episco-

1302 1381 1431 1415 porum
1474 1380 1704 1416 praesumere
1740 1371 1891 1415 dirigere
1927 1372 1973 1406 ad
2016 1372 2109 1407 hanc
2149 1373 2391 1409 felicissimam

1304 1416 1499 1459 civitatem,
1531 1417 1761 1462 priusquam,
1794 1418 1823 1451 si
1848 1416 1989 1461 quidem
2015 1418 2093 1462 quis
2118 1418 2308 1464 episcopus
2333 1420 2389 1462 sit,

144 1476 243 1508 ματα
267 1460 372 1508 λάβοι
402 1463 467 1496 τοῦ
490 1462 627 1514 οἰκείουΙ
649 1461 916 1516 μητροπολίτου
948 1462 1037 1508 πρὸς
1068 1474 1135 1505 την
1156 1465 1230 1516 fla·
1246 1464 1286 1496 25
1302 1463 1441 1497 litteras
1467 1463 1648 1507 acciperet
1680 1463 1816 1516 proprii
1840 1463 2088 1507 metropolitae
2112 1464 2157 1498 ad
2191 1464 2389 1509 imperium,

145 1508 301 1551 σιλείαν,
342 1509 457 1542 ταῦτα
503 1505 547 1550 δὴ
589 1520 635 1542 τα
676 1521 768 1541 κατα
802 1519 883 1542 τους
919 1508 1042 1542 θείους
1077 1518 1233 1542 κανονας

145 1552 342 1589 συστατικὰ
367 1551 584 1598 καλούμενα,
616 1551 662 1587 τὰ
688 1555 942 1601 μαρτυροῦντα
965 1554 1020 1597 τῷ
1045 1551 1230 1601 ἀναγκαίῳ

145 1601 207 1644 τῆς
238 1597 346 1634 αὐτοῦ
379 1602 595 1644 παρουσίας,
629 1599 660 1632 εἰ
692 1596 734 1632 δέ
762 1612 801 1645 γε
829 1598 1095 1647 μητροπολίτης
1126 1599 1179 1642 εἴη
1211 1595 1230 1633 ὁ

146 1644 420 1699 παραγενέσθαι
451 1643 683 1700 βουλόμενος,
719 1642 914 1701 γράμματα
945 1649 1134 1689 κομίσαιτο
1166 1644 1230 1679 τοῦ

1302 1509 1392 1543 haec
1418 1518 1509 1552 quae
1541 1508 1738 1543 secundum
1763 1508 1898 1543 divinas
1931 1509 2071 1552 regulas
2103 1510 2307 1554 probabilia
2330 1521 2390 1545 vo-

1303 1558 1448 1596 cantur,
1496 1554 1739 1589 testimonium
1783 1554 2010 1599 perhibentia
2052 1555 2277 1590 necessitatis
2312 1556 2389 1590 eius

1300 1599 1538 1645 praesentiae.
1593 1599 1630 1634 Si
1654 1610 1736 1635 vero
1761 1600 1988 1644 metropolita
2021 1601 2082 1642 sit,
2116 1601 2178 1645 qui
2210 1601 2390 1645 proficisci

1301 1646 1394 1689 vult,
1427 1645 1567 1680 litteras
1601 1648 1720 1680 sumat
1750 1645 1908 1680 eiusdem
1933 1646 2117 1681 dioceseos
2149 1647 2389 1691 patriarchae,

145 1702 206 1747 της
248 1689 454 1734 ὃιοικησεως
491 1702 730 1744 πατριαρχου,
769 1704 836 1733 την
873 1692 982 1725 αυτοῦ
1027 1694 1231 1738 παρουσίαν
1245 1692 1287 1724 30
1302 1692 1377 1726 eius
1408 1691 1649 1735 praesentiam
1681 1692 1920 1726 necessariam
1952 1701 2030 1726 esse
2062 1692 2236 1727 dicentes:
2271 1694 2308 1727 et
2338 1693 2390 1728 sic

145 1740 348 1783 αναγκαίαν
373 1735 466 1770 εἶναι
490 1734 650 1782 λέγοντα.
696 1732 791 1770 οὕτω
816 1749 856 1770 τε
881 1734 1031 1770 δεῖσθαι
1054 1734 1231 1781 βασιλέως

145 1784 205 1816 καὶ
237 1781 503 1828 ἐπιτρέπεσθαι
537 1779 605 1836 την
638 1782 804 1816 ἐνταῦθα
834 1785 1054 1828 παρουσίαν,
1093 1784 1153 1815 καὶ
1182 1779 1231 1826 μὴ

146 1831 342 1874 προχείρως
373 1825 473 1874 παρὰ
528 1839 655 1871 νωμην
686 1828 764 1861 τῶν
795 1826 1074 1874 μητροπολιτῶν
1102 1824 1124 1870 ἢ
1153 1828 1231 1861 τῶν

146 1873 381 1920 πατριαρχῶν
413 1870 488 1927 ἀπο,
510 1875 623 1917 ημεῖν,
656 1869 750 1907 διότι
781 1874 888 1908 τοῦτο
919 1876 980 1907 καὶ
1010 1876 1084 1908 τοῖς
1114 1873 1231 1907 θείοις

1302 1740 1468 1781 oportere
1503 1737 1753 1782 imperatorem
1784 1737 1908 1772 iubere
1942 1737 2040 1772 hunc
2075 1738 2318 1782 praesentari,
2354 1742 2391 1773 et

1301 1794 1373 1818 non
1415 1786 1547 1817 temere
1592 1782 1669 1818 sine
1714 1782 1934 1818 conscientia
1976 1783 2283 1828 metropolitarum
2327 1788 2391 1818 aut

1300 1828 1588 1873 patriarcharum
1626 1827 1826 1873 proficisci,
1866 1838 1931 1874 pro
1968 1839 2010 1864 eo
2048 1829 2142 1873 quod
2178 1829 2247 1865 hoc
2279 1832 2316 1864 et
2346 1839 2390 1864 ex

1300 1874 1426 1909 divinis
1458 1874 1688 1909 interdictum
1720 1878 1776 1909 est
1805 1875 1955 1919 regulis3
1990 1876 2031 1909 ut
2061 1874 2132 1909 huc
2161 1874 2389 1910 advenientes

147 1917 372 1965 διηγόρευται
402 1930 540 1952 κανοσι.
587 1921 662 1951 Καὶ
693 1919 862 1953 ἐνταῦθα
894 1916 934 1953 δὲ
964 1917 1091 1953 αὐτοὺς
1115 1931 1229 1965 παρα·
1245 1920 1285 1952 35
1301 1931 1373 1955 non
1397 1923 1632 1964 praesumant
1656 1929 1720 1964 per
1744 1921 1954 1965 semetipsos
1972 1930 2010 1955 se
2034 1920 2133 1965 prius
2152 1920 2319 1956 nuntiare
2343 1921 2389 1955 ad

144 1967 350 2012 γινομένους
379 1962 428 2009 μὴ
451 1963 606 2011 θαρρεῖν
636 1959 687 1998 δι’
715 1964 858 1999 ἑαυτῶν
888 1963 956 2008 τὴν
991 1962 1142 2013 πρώτην
1166 1978 1229 2009 μη-

145 2008 245 2044 νύειν
268 2010 316 2043 εἰς
338 2008 405 2053 τὴν
429 2008 629 2054 βασιλείαν,
661 2007 749 2043 ἀλλὰ
782 2007 961 2058 πρότερον
992 2008 1013 2053 ἢ
1044 2010 1133 2056 πρὸς
1164 2009 1231 2044 τὸν

145 2053 433 2101 θεοφιλέστατον
453 2053 589 2100 πατριά
613 2069 679 2099 χην
699 2056 973 2103 παραγίνεσθαι
993 2054 1014 2099 ἢ
1039 2054 1127 2102 πρὸς
1150 2055 1231 2090 τοὺς

145 2100 293 2143 ἑκάστης
324 2098 543 2144 διοικήσεως,
576 2068 615 2142 ἐξ
650 2100 688 2144 ἡς
713 2102 814 2142 εἰσίν,
834 2099 1138 2148 ἀποκρισιαρίους,
1169 2104 1229 2135 καὶ

566 2145 573 2155 x
650 2148 658 2157 1

1299 1965 1505 2010 imperium,
1538 1965 1600 2000 sed
1630 1966 1792 2010 primitus
1817 1970 1881 2000 aut
1905 1966 1951 2000 ad
1976 1966 2042 2002 deo
2066 1966 2253 2001 amabilem
2277 1966 2388 2011 patri-

1301 2011 1449 2046 archam
1481 2011 1682 2056 proficisci,
1714 2012 1847 2046 autad
1878 2012 2160 2056 uniuscuiusque
2191 2011 2387 2053 dioceseos,

1300 2067 1344 2092 ex
1369 2067 1439 2101 qua
1472 2060 1576 2099 sunt,
1611 2057 1868 2102 apocrisarios,
1902 2060 1939 2092 et
1971 2068 2052 2092 cum
2079 2058 2168 2102 ipsis
2202 2057 2389 2093 conferant

1301 2113 1431 2137 causas
1462 2106 1612 2147 propter
1644 2113 1732 2147 quas
1763 2106 1954 2146 venerunt,
1990 2105 2025 2138 et
2055 2103 2222 2147 congredi
2253 2103 2299 2138 ad
2322 2103 2386 2138 im-

145 2144 264 2180 αὖτοῖς
294 2146 510 2180 κοινοῦσθαι
534 2158 596 2180 τας
621 2150 755 2188 αιτίας,
788 2144 841 2181 δι’
867 2143 907 2181 ἃς
938 2140 1066 2190 ἦλθον,
1101 2159 1229 2182 συνεις-
1244 2150 1286 2182 40
1301 2148 1437 2194 perium
1463 2149 1560 2191 eius,
1589 2150 1625 2183 et
1650 2149 1817 2194 deinceps
1842 2149 2015 2193 imperiali
2039 2148 2177 2194 perfrui
2199 2149 2386 2194 adspectu,

145 2195 237 2226 ιε’ναι
267 2204 307 2226 τε
340 2190 427 2237 πρὸς
448 2191 516 2236 τὴν
540 2191 730 2236 βασιλείαν
755 2190 891 2234 αὐτοῖς,
923 2195 982 2226 καὶ
1007 2194 1071 2226 τοῦ
1105 2192 1231 2228 λοιποῦ

145 2235 185 2271 δὲ
207 2238 268 2280 τῆς
291 2236 476 2281 βασιλικῆς
499 2236 695 2272 ἀπολαύειν
719 2238 819 2279 θέας,
844 2236 950 2281 ἡνίκα
978 2234 1024 2272 ἂν
1048 2239 1103 2282 τῷ
1127 2242 1230 2282 βασι-

152 2291 2380 2304 ——m-—q———ss—

171 2306 318 2342 raebere
341 2317 456 2352 neque
479 2312 521 2342 ut
542 2307 750 2342 sacerdotes
768 2307 869 2342 decet
893 2309 1020 2349 vivere,
1046 2318 1142 2348 cum,
1167 2308 1199 2342 si
1217 2308 1322 2352 forte
1346 2319 1440 2353 quae
1463 2309 1701 2343 sanctissimis
1721 2308 1880 2343 ecclesiis
1904 2308 1986 2343 lites
2008 2309 2092 2351 sint,
2110 2313 2270 2356 propter
2293 2321 2386 2355 quas

143 2317 214 2387 lioc
235 2356 434 2398 praetextu
457 2355 620 2393 utantur,
644 2351 728 2386 illas
745 2362 818 2398 per
840 2351 1146 2397 reliqiosissimos,
1173 2353 1237 2398 qui
1258 2352 1324 2386 sub
1349 2364 1392 2387 ea
1416 2358 1517 2395 sunt,
1550 2353 1701 2388 clericos
1725 2353 1780 2388 vel
1806 2354 2067 2398 apocrisiarios
2090 2354 2147 2389 vel
2170 2365 2386 2390 oeconomos

145 2407 287 2432 movere
310 2399 344 2431 et
365 2395 534 2442 precibus
557 2395 606 2430 ad
627 2396 882 2441 imperatorem
907 2396 1036 2431 delatis
1060 2407 1154 2442 quae
1178 2396 1388 2431 desiderant
1410 2398 1583 2443 consequi
1603 2398 1719 2433 liceat.
1764 2400 1883 2443 Atque
1899 2403 2102 2450 propterea
2126 2400 2310 2434 sancimus
2332 2405 2383 2441 ut,

145 2442 178 2476 si
201 2440 348 2487 quando
372 2451 465 2486 quae
488 2451 538 2475 ex
562 2451 672 2475 causa
696 2440 942 2476 ecclesiastica
965 2442 1163 2477 necessitas
1184 2441 1335 2484 incidat,
1359 2441 1425 2476 illa
1448 2442 1504 2478 vel
1553 2453 1592 2477 er
1609 2453 1682 2485 eos,
1707 2443 1770 2488 qui
1785 2447 1933 2488 neqotza
1949 2444 2258 2479 sanctissimarum
2275 2445 2383 2480 eccle-

144 2487 282 2521 siarum
300 2489 442 2532 qerunt,
467 2496 560 2531 quos
580 2486 840 2532 apocrisiarios
860 2490 1001 2528 vocant,
1027 2486 1082 2521 vel
1096 2497 1166 2532 per
1186 2486 1338 2521 clericos
1357 2486 1502 2532 aliquos
1518 2454 1587 2523 ἷκε
1605 2488 1734 2523 missos
1750 2488 1805 2523 vel
1855 2499 1894 2523 er
1912 2498 2127 2524 oeconomos
2149 2489 2250 2540 ipsos
2273 2490 2383 2537 impe-

146 2530 265 2567 ratori
287 2530 343 2566 vel
361 2530 634 2576 maqistratibus
657 2531 792 2566 nostris
809 2535 898 2566 nota
914 2531 984 2577 fiat
1000 2535 1109 2577 atque
1127 2531 1182 2566 illi
1200 2532 1301 2577 quod
1319 2533 1491 2578 competit
1511 2533 1721 2579 impetrent,
1746 2545 1792 2568 ne
1837 2544 1880 2568 oc
1898 2534 1965 2568 deo
1989 2534 2185 2569 carissimis
2202 2535 2383 2581 episcopis

146 2576 343 2612 errationis
360 2580 395 2610 et
411 2575 594 2611 absentiae
613 2580 650 2611 et
666 2576 975 2611 sanctissimarum
993 2577 1225 2612 ecclesiarum
1238 2577 1408 2612 laesionis
1427 2588 1539 2613 causa
1555 2579 1637 2624 fiat,
1662 2589 1742 2613 cum
1759 2582 1795 2614 et
1817 2579 1855 2613 in
1874 2579 2077 2625 provinciis
2093 2590 2167 2625 per
2185 2580 2380 2615 absentiam

145 2632 270 2657 eorum
293 2632 352 2657 res
376 2620 638 2656 ecclesiasticae
661 2621 766 2668 neqle
793 2626 902 2657 antur
925 2627 961 2657 et
983 2621 1042 2657 hic
1063 2622 1198 2658 multae
1221 2622 1265 2657 ab
1291 2623 1336 2657 iis
1365 2634 1550 2670 expensae
1570 2624 1667 2669 fiant
1689 2627 1725 2659 et
1751 2623 1949 2659 habitantis
1965 2635 2125 2671 pereqre
2147 2625 2222 2660 vita
2244 2636 2381 2672 parum

146 2667 280 2703 decora
303 2667 362 2709 sit,
388 2670 424 2701 et
446 2666 535 2701 undi
560 2678 604 2702 ue
627 2678 687 2702 res
709 2633 846 2702 nullam
870 2668 1073 2710 utilitatem,
1098 2668 1163 2703 sed
1185 2667 1353 2703 damnum
1376 2669 1502 2715 potius
1525 2669 1762 2704 sanctissimis
1784 2670 1943 2705 ecclesiis
1966 2668 2109 2715 afferat.

282 2711 345 2747 111.
404 2711 489 2746 Non
519 2712 626 2747 aiter
658 2723 741 2748 vero
772 2713 964 2759 quisquam
996 2713 1062 2749 deo
1092 2714 1363 2748 carissimorum
1396 2714 1651 2761 episcoporum
1681 2714 1730 2749 ad
1760 2714 1855 2750 hanc
1884 2715 2028 2761 felicem
2058 2716 2236 2751 civitatem
2261 2718 2380 2763 prosi-

147 2758 233 2793 cisci
256 2757 408 2800 audeat,
439 2757 511 2792 nisi
534 2758 646 2804 prius
668 2758 828 2801 litteras,
861 2758 894 2794 si
925 2759 1118 2805 episcopus
1140 2759 1206 2802 sit,
1240 2770 1262 2794 a
1294 2760 1576 2806 metropolitano
1603 2770 1670 2796 suo
1695 2759 1746 2795 ad
1766 2760 2026 2807 imperatorem
2058 2762 2254 2807 acceperit,
2287 2773 2381 2808 quae

146 2803 289 2849 quidem
305 2801 500 2838 secundum
516 2814 644 2838 sacros
665 2814 823 2839 canones
841 2804 1159 2840 commendaticiae
1177 2804 1423 2851 appellantur,
1449 2816 1543 2850 quae
1562 2805 1606 2841 de
1622 2806 1834 2842 necessitate
1845 2806 2080 2858 praesentiae
2098 2807 2174 2842 eius
2195 2810 2379 2851 testentur,

145 2850 178 2883 si
201 2860 286 2885 vero
310 2848 612 2894 metropolitanus
634 2849 683 2884 sit
706 2849 768 2895 qui
792 2849 863 2885 huc
886 2850 1007 2886 venire
1030 2850 1124 2892 vult,
1158 2850 1298 2885 litteras
1314 2850 1557 2896 patriarchae
1580 2851 1680 2886 illius
1703 2851 1877 2887 dioecesis
1900 2851 2054 2897 afferat,
2085 2863 2179 2898 quae
2202 2864 2378 2899 praesen-

148 2895 234 2929 tiam
257 2894 335 2930 eius
358 2894 598 2929 necessariam
616 2905 693 2930 esse
716 2894 910 2930 declarent.
950 2897 1068 2941 Atque
1090 2896 1143 2931 ita
1166 2895 1348 2942 supplicet
1369 2895 1594 2941 imperatori,
1619 2896 1820 2942 habeatque
1843 2898 1982 2932 veniam
2007 2896 2065 2932 hic
2088 2898 2268 2940 versandi,
2293 2910 2379 2935 neve

148 2943 276 2976 temere
292 2943 446 2986 praeter
472 2939 692 2975 voluntatem
712 2940 1077 2986 metropolitanorum
1097 2940 1153 2976 vel
1167 2940 1464 2987 patriarcharum
1475 2942 1749 2987 proficiscatur,
1769 2943 1941 2987 quoniam
1957 2942 1997 2977 id
2010 2943 2118 2978 etiam
2135 2944 2251 2978 sacris
2270 2955 2376 2980 cano-

146 2985 251 3020 nibus
268 2984 412 3020 vetitum
431 2989 493 3020 est.
528 2984 604 3020 Nec
621 2996 706 3020 vero
724 2985 786 3020 ubi
804 2985 874 3020 huc
892 2985 1125 3029 advenerunt,
1143 2997 1216 3032 per
1235 2997 1274 3022 se
1296 2986 1367 3032 ipsi
1380 2989 1558 3032 protinus
1576 2987 1791 3032 imperatori
1806 2988 1975 3024 nuntiare
1994 2988 2163 3031 audeant,
2188 2988 2254 3024 sed
2268 2990 2378 3036 prius

146 3030 202 3066 vel
221 3030 287 3066 deo
307 3029 532 3065 carissimum
554 3029 805 3077 patriarcham
822 3030 878 3066 vel
895 3031 1158 3077 apocrisiarios
1180 3042 1269 3067 suae
1292 3031 1465 3076 cuiusque
1481 3031 1655 3067 dioecesis
1671 3032 1804 3068 adeant
1819 3037 1855 3068 et
1872 3044 1951 3068 cum
1969 3033 2043 3068 illis
2059 3045 2200 3076 causas,
2219 3039 2378 3082 propter

146 3086 239 3121 quas
262 3080 445 3117 venerunt,
470 3075 740 3118 communicent,
765 3080 875 3122 atque
898 3087 971 3111 una
996 3087 1076 3111 cum
1099 3077 1174 3111 illis
1197 3077 1246 3111 acl
1270 3077 1526 3122 imperatorem
1550 3077 1735 3118 accedant,
1759 3081 1796 3112 et
1817 3078 1998 3124 imperiali
2013 3078 2180 3125 deinceps
2203 3079 2376 3125 adspectu

1296 3180 1471 3213 yconomos
1492 3169 1566 3211 VT,
1598 3177 1628 3203 et
1658 3171 1705 3202 sic
1730 3177 1912 3203 constanter
1939 3170 1951 3213 ΙΙ
1983 3172 2023 3203 10
2055 3171 2375 3204 aministrationibus

193 3170 212 3201 3
233 3162 297 3201 ὑπ’
315 3163 437 3209 αὐτὴν]
453 3168 514 3200 sub
527 3168 598 3210 ipso
611 3180 630 3204 ς
645 3168 657 3212 ΙΙ
676 3170 697 3202 4
716 3169 795 3212 μὲν]
819 3179 885 3200 non
900 3170 933 3210 (i.
950 3182 975 3202 e.
992 3167 1053 3212 μὴ)
1076 3180 1095 3205 ς
1115 3168 1160 3212 116
1182 3169 1226 3202 εἴ·

695 3209 703 3221 ’
1295 3215 1400 3247 R¹V¹
1420 3214 1432 3257 ss
1451 3217 1486 3248 11
1505 3217 1538 3247 et
1551 3228 1609 3247 om.
1623 3215 1692 3248 RT
1706 3214 1718 3257 ΙΙ
1733 3216 1795 3247 hoc
1808 3215 1880 3256 deo]
1895 3216 1981 3248 hanc
1993 3226 2013 3247 a
2026 3216 2086 3248 deo
2098 3215 2153 3249 V³
2168 3215 2179 3259 ΙΙ
2203 3218 2241 3249 12
2254 3218 2375 3248 sanctis

119 3192 122 3197 .
147 3213 256 3247 πουΑ
275 3212 288 3256 ΙΙ
307 3214 342 3266 131
357 3214 615 3265 γνωρίμηνΑς]
628 3226 795 3259 γνωριμα
804 3212 867 3258 ΜΗ
885 3216 923 3247 12
939 3212 1065 3247 αὐτοὺς
1077 3213 1226 3267 (ς)])ἑαυ-

146 3256 267 3291 τούςΑ
282 3259 439 3290 αυταςΜ
451 3261 462 3301 ΙΙ
486 3260 524 3292 16
539 3254 688 3292 αὗτοῦΑ
707 3262 718 3302 Η
739 3261 778 3293 18
793 3255 1003 3302 εὐσχήμονος
1011 3259 1091 3300 Abs]
1106 3269 1226 3301 ευσχη-

145 3304 321 3347 ,amaus-Aa
332 3298 576 3345 ἀσχήμονοςΜ
590 3303 601 3347 ΙΙ
621 3306 662 3337 26
672 3304 788 3336 ταῦτα
802 3302 846 3345 δὴ
856 3317 912 3337 om.
922 3306 951 3337 A
968 3305 979 3347 ΙΙ
999 3306 1039 3338 27
1055 3303 1227 3350 λεγόμενα

146 3350 177 3382 A
196 3348 208 3393 ΙΙ
223 3346 265 3382 τὸ
278 3343 510 3394 ἄναγκαῖονΑ
530 3347 541 3392 [Ι
558 3350 599 3381 30
610 3352 813 3394 παρουσίαν
820 3346 973 3394 χρειώδη
984 3347 1169 3394 φάσκοντα
1182 3350 1226 3383 εἶ-

146 3406 208 3427 ναι
221 3395 252 3427 Α
268 3394 280 3437 ΙΙ
299 3396 340 3427 35
356 3389 494 3434 αὐτοὺς]
512 3392 593 3426 τούς
606 3395 635 3427 Α
652 3394 663 3436 ΙΙ
683 3397 724 3428 36
746 3393 812 3436 τὴν
829 3392 1024 3441 πρώτηνρι
1044 3396 1091 3428 εἰς
1104 3409 1161 3428 om.
1172 3397 1202 3428 A
1215 3395 1226 3440 ΙΙ

147 3442 189 3474 38
202 3437 295 3480 τοὺς]
308 3439 405 3481 τῆςΑ
419 3438 430 3482 Η
442 3441 484 3472 40
498 3435 784 3472 ἀνακοινοῦσθαι
795 3438 856 3472 τὰς
868 3436 916 3472 δι’
931 3437 972 3472 ἃς
983 3438 1101 3483 ἦλθον
1111 3441 1227 3475 αἰτίας

146 3487 206 3518 καὶ
214 3486 422 3518 συνειςιέναι
431 3481 658 3529 πρὸςτὴνΑΙΙ
677 3487 716 3518 41
731 3482 861 3525 αὐτοῖς]
879 3485 949 3518 eius
958 3497 978 3521 ς
995 3486 1007 3530 ΙΙ
1023 3488 1066 3520 42
1080 3483 1120 3519 δὲ
1129 3488 1225 3520 om.A

194 3578 208 3608 1
232 3575 388 3608 adferunt
413 3575 445 3609 V
469 3575 480 3618 ΙΙ
500 3578 519 3610 2
544 3577 636 3617 haec]
659 3577 739 3608 haec
764 3585 817 3608 eos
839 3576 899 3609 hec
920 3576 968 3608 R¹
984 3575 996 3620 Π
1014 3576 1084 3619 ipsa
1104 3578 1188 3620 vulq.
1213 3577 1226 3620 ΙΙ

148 3622 167 3653 3
182 3621 398 3663 apocrisarios
411 3621 443 3654 V
455 3623 513 3662 (id.
523 3623 639 3664 infra)]
657 3621 887 3664 apocrissarios
898 3621 932 3654 R
945 3623 1035 3655 etsie
1047 3634 1076 3655 v.
1087 3623 1106 3655 8
1126 3621 1137 3666 ΙΙ
1154 3624 1223 3663 aut]

147 3668 269 3697 uocant
289 3666 337 3698 R¹
361 3666 411 3708 114
441 3667 590 3709 petiones
616 3667 653 3700 V
659 3668 667 3686 ¹
687 3666 699 3710 ΙΙ
717 3670 735 3700 5
757 3669 906 3709 separata
930 3666 964 3699 V
986 3666 997 3710 ΙΙ
1029 3669 1046 3699 7
1080 3670 1138 3699 aut
1165 3678 1224 3709 per

150 3720 203 3741 eos
226 3712 331 3754 suppl.
357 3712 405 3744 V²
429 3714 461 3745 in
485 3721 568 3754 spat.
594 3726 673 3750 vac„
700 3725 757 3745 om.
785 3712 840 3757 ΤΗ
859 3714 1045 3744 sanctarum
1067 3712 1153 3753 RV]
1174 3723 1223 3744 sa-

150 3765 280 3788 crarum
304 3757 387 3801 vuly.
408 3756 421 3802 fl
438 3759 456 3791 8
477 3758 559 3791 alios
579 3759 612 3790 R
630 3757 643 3802 ΙΙ
664 3760 684 3792 9
709 3759 786 3799 huc]
811 3758 890 3790 huic
911 3758 948 3791 V
972 3757 985 3802 ΙΙ
1000 3758 1166 3791 iconomus
1190 3759 1222 3790 R

183 3810 232 3837 111.

1296 3261 1327 3292 R
1346 3259 1358 3304 ss
1379 3262 1418 3293 13
1436 3273 1482 3303 sq.
1509 3260 1736 3292 ecclesiasticis
1757 3260 2082 3302 rebus—neglectis
2106 3261 2191 3303 vulq.
2210 3260 2222 3302 H
2242 3263 2281 3294 15
2306 3262 2372 3302 hic]

1295 3305 1347 3337 his
1371 3306 1421 3338 R²
1437 3305 1448 3348 ΙΙ
1473 3307 1510 3339 16
1532 3306 1567 3337 in
1589 3307 1737 3347 peregre]
1762 3306 1911 3347 iperegre
1932 3307 1964 3338 R
1983 3305 1994 3348 ΙΙ
2011 3305 2128 3346 habili]
2155 3306 2270 3338 nuli
2287 3307 2325 3340 V
2331 3307 2342 3327 ²
2362 3307 2374 3351 Η

1300 3354 1337 3383 17
1363 3351 1608 3383 causamR²T²
1627 3351 1639 3393 ΙΙ
1660 3352 1698 3384 18
1722 3351 1918 3383 inferentem
1930 3351 2004 3384 RV
2019 3350 2032 3395 H
2059 3352 2100 3383 22
2126 3353 2213 3384 rubr.
2239 3361 2281 3385 ne
2305 3353 2372 3397 epi-

1295 3406 1410 3438 scopus
1434 3396 1504 3428 sine
1533 3395 1655 3428 litteris
1680 3397 1733 3429 sui
1755 3396 1964 3438 metropolite
1987 3396 2042 3428 vel
2067 3396 2278 3438 metropolita
2300 3398 2372 3430 sine

1294 3440 1416 3473 litteris
1436 3442 1487 3473 sui
1502 3441 1690 3483 patriarche
1704 3443 1740 3473 in
1757 3442 1842 3474 hanc
1863 3442 1987 3483 regiam
2008 3441 2123 3473 urbem
2143 3441 2184 3474 ad
2204 3442 2371 3484 inperium

1293 3487 1408 3518 ueniat
1439 3487 1470 3519 R
1495 3500 1556 3530 my.
1585 3485 1598 3530 ΙΙ
1629 3487 1774 3528 aliquam
1798 3486 1836 3519 V
1856 3485 1869 3529 ΙΙ
1902 3488 1945 3519 24
1978 3486 2052 3526 quis
2082 3486 2186 3528 RVa]
2221 3487 2280 3529 qui
2305 3488 2341 3521 V
2346 3488 2370 3529 ὁ,

1294 3544 1351 3564 om.
1373 3532 1459 3574 vulo.
1476 3531 1487 3576 ΙΙ
1507 3534 1548 3566 25
1573 3532 1822 3574 metropolitani
1836 3531 1874 3564 V
1882 3531 1894 3573 ΙΙ
1914 3533 1955 3565 26
1981 3531 2088 3564 *haec
2108 3534 2205 3573 quae]
2230 3534 2263 3565 et
2287 3543 2370 3574 quae

1294 3578 1370 3610 libri
1385 3577 1395 3618 ΙΙ
1416 3579 1454 3609 27
1481 3578 1654 3610 necessitas
1671 3572 1724 3611 ‘12¹
1740 3576 1752 3621 ΙΙ
1771 3578 1812 3610 28
1838 3577 1908 3617 qui]
1934 3576 2022 3617 quod
2036 3576 2068 3609 V
2082 3576 2094 3620 ΙΙ
2113 3579 2155 3611 29
2180 3577 2370 3611 diocesiseos

1294 3621 1347 3654 V¹
1372 3622 1509 3654 diocesis
1534 3623 1589 3655 V³
1606 3622 1618 3666 ΙΙ
1635 3626 1677 3657 30
1700 3633 1766 3654 esse
1791 3635 1847 3654 om.
1870 3621 1928 3663 Vll
1949 3624 1987 3655 31
2013 3622 2079 3654 huc
2102 3623 2135 3655 R
2154 3622 2166 3666 ΙΙ
2182 3624 2223 3657 32
2249 3626 2369 3656 metro-

1291 3667 1516 3708 politanorum
1541 3668 1573 3701 V
1590 3667 1602 3712 H
1619 3670 1660 3702 33
1684 3667 1815 3711 ,profissi
1840 3666 1887 3698 Β*
1907 3665 1919 3710 ΙΙ
1935 3667 1996 3698 hoc
2018 3669 2050 3699 et
2074 3678 2113 3699 ex
2137 3668 2218 3708 VT]
2245 3679 2284 3700 ex
2307 3670 2369 3701 hoc

1293 3713 1341 3745 12¹
1362 3714 1423 3744 hoc
1445 3723 1484 3744 ex
1504 3713 1554 3746 132
1568 3713 1581 3757 ΙΙ
1600 3715 1642 3747 36
1670 3713 1715 3746 ad
1736 3712 1809 3753 deo]
1830 3721 1850 3743 a
1873 3711 1933 3743 deo
1954 3712 2061 3746 V¹T¹
2078 3712 2089 3755 ΙΙ
2108 3715 2151 3746 40
2175 3714 2295 3753 perflui
2319 3714 2367 3746 Β*

2079 3818 2098 3848 6
