2586 3990
252 123 360 167 Nov.
385 121 568 165 CXXIII
599 123 764 162 11—14
1325 117 1409 164 604
2094 134 2154 171 ΒΕ
2183 131 2483 168 SANchssmls

249 232 274 268 2
319 230 375 264 Εἴ
398 241 452 264 τις
482 227 523 263 δέ
553 230 749 264 ἐπίσκοπος
778 228 873 264 κατὰ
907 226 990 264 τοὺς
1021 227 1334 272 ἐκκλησιαστικοὺς
1399 229 1425 266 2
1466 228 1658 264 sacerdoti.
1704 229 1744 264 Si
1760 229 1839 275 quis
1855 232 1972 267 autem
1994 232 2185 277 episcopus
2209 231 2406 268 secundum
2421 242 2482 270 oe-

249 273 405 310 κανόνας
427 275 490 317 τῆς
508 272 702 318 ἱερωσύνης
722 273 912 319 ἐκβληθεὶς
931 271 1142 318 τολμήσειεν
1162 275 1334 318 ἐπιβῆναι
1401 273 1622 309 clesiastieas
1653 275 1795 317 regulas
1827 276 2026 313 sacerdotio
2053 278 2180 323 pulsus
2203 278 2483 323 praesumpserit
2527 275 2529 278 ⁴

248 320 311 362 τῆς
340 317 480 354 πόλεως
509 318 549 359 ἐξ
577 311 618 362 ἧς
649 317 843 363 ἐξεβλήθη,
879 316 903 362 ἦ
926 316 1141 352 καταλιπεῖν
1172 318 1242 354 τὸν
1271 318 1332 354 τό·
1400 317 1540 362 ingredi
1570 317 1749 354 civitatem
1779 329 1824 355 ex
1852 330 1925 364 qua
1953 322 2079 366 pulsus
2102 326 2175 367 est,
2207 322 2411 367 relinquens
2430 323 2482 359 lo-

248 376 320 398 πον
343 364 384 397 ἐν
407 355 439 405 ᾧ
461 361 657 405 ἐκελεύσθη
682 361 833 410 διάγειν,
857 361 1046 406 κελεύομεν
1067 363 1201 398 τοῦτον
1222 376 1333 408 μονα-
1403 372 1484 398 cum
1514 362 1553 398 in
1576 372 1646 408 quo
1670 363 1789 400 iussus
1813 368 1869 400 est
1891 364 2029 411 degere,
2051 367 2213 403 iubemus
2238 369 2334 403 hunc
2357 378 2481 403 mona-

248 411 384 461 ⁶T¹lt²ffi²
417 409 458 441 ἐν
487 406 589 463 ἄλλῃ(
611 409 765 452 ἐπαρχίᾳ
781 408 1012 461 υκαθεστῶτι
1043 406 1332 453 παραδίδοσθαι,
1369 408 1510 444 5sterio
1541 407 1579 442 in
1610 407 1681 443 alia
1711 409 1857 452 regione
1887 410 2081 447 consfituto
2113 412 2222 455 tradi,
2256 415 2298 447 ut
2325 421 2416 456 quae
2444 413 2482 448 in

248 453 308 486 ἵνα
332 464 440 531 απερὸ
450 453 490 485 ἐν
502 466 558 531 ἔῃ]
575 451 752 501 ιερωσύνῃ
776 465 912 498 ημαρτε
936 449 1076 499 διάγων
1093 454 1133 487 ἐν
1147 454 1202 497 τῷ
1221 465 1333 498 μονα·
1402 452 1603 489 sacerdotio
1627 452 1776 499 deliquit
1799 454 1931 499 degens
1952 455 1991 490 iu
2012 458 2226 493 monasterio
2251 458 2417 503 corrigat.

248 509 384 542 στηριῳ
441 510 497 542 cop
531 509 681 540 ωσηται.

1239 574 1397 612 CAPUT
1419 574 1504 612 XII.

311 630 508 677 Κληρικοὺς
533 629 572 666 δὲ
594 629 658 666 οὐκ
681 629 797 666 ἄλλως
818 631 1109 677 χειροτονεῖσθαι
1131 632 1331 678 συγχωροῦ-
1469 631 1625 669 Clericos
1657 635 1776 668 autem
1808 642 1881 669 non
1910 633 2015 669 aliter
2045 633 2204 671 ordinari
2234 635 2482 681 permittimus,

244 690 323 722 μεν,
360 677 392 711 εἰ
422 677 473 722 μὴ
503 675 700 724 γράμματα
728 677 829 711 ἴσασι
860 680 922 711 καὶ
954 674 1077 722 ὀρθὴν
1112 680 1239 712 πίστιν
1272 679 1334 711 καὶ
1401 676 1470 713 nisi
1488 677 1626 715 litteras
1647 678 1762 714 sciant
1787 681 1823 714 et
1837 680 1973 714 rectam
1995 678 2102 715 fidem
2117 680 2295 726 vitamque
2313 682 2482 724 habeant,

245 725 330 766 βίον
354 722 489 764 σεμνὸν
509 724 638 766 έχουσι,
663 725 723 756 καὶ
741 720 824 757 οὔτε
848 720 1038 766 παλλακὴν
1060 719 1146 757 οὔτε
1166 721 1335 768 φυσικοὺς
1350 725 1389 758 10
1403 725 1439 758 et
1467 732 1583 768 neque
1614 723 1852 759 concubinam
1883 726 1947 758 aut
1975 725 2156 761 naturales
2185 726 2389 763 habuerunt
2419 728 2484 763 aut

245 769 350 810 εσχον
373 764 396 810 ἢ
418 767 537 810 έχουσι
560 765 710 811 παῖδας,
736 763 817 802 ἀλλ’
843 765 867 811 ἢ
891 766 1092 814 σωφρόνως
1115 769 1287 812 βιοῦντας
1310 763 1334 811 ἢ
1402 767 1560 804 habeant
1582 768 1692 810 filim,
1724 768 1788 804 sed
1813 771 1911 804 caste
1934 769 2091 805 viventes
2114 773 2178 805 aut
2199 781 2346 807 uxorem
2368 772 2483 816 legiti-

244 812 407 859 γαμετὴν
430 811 588 858 νόμιμον
618 815 678 846 καὶ
704 809 818 856 αὐτὴν
846 816 936 856 μίαν
966 816 1026 846 καὶ
1051 813 1201 859 πρώτην
1234 813 1333 855 ἐσχη-
1402 822 1495 848 mam
1528 816 1565 849 et
1587 814 1701 859 ipsam
1725 822 1834 849 unam
1865 816 1902 849 et
1921 815 2071 858 primam
2094 816 2268 852 habentes
2295 826 2411 860 neque
2433 817 2483 852 vi-

245 856 354 893 κότας
376 855 401 901 ἢ
421 859 568 900 ἔχοντας
610 860 671 892 καὶ
693 856 784 904 μηδέ
805 857 919 903 χήραν
940 856 1032 902 μηδὲ
1055 856 1334 900 διαζευχθεῖσαν
1402 858 1511 894 duam
1541 868 1658 904 neque
1682 862 1886 903 separatam
1915 868 1938 894 a
1967 860 2041 895 viro
2073 869 2187 906 neque
2215 860 2318 897 aliter
2346 861 2485 906 legIbus

246 898 397 958 ἀνδρὸς,
405 900 497 947 μηδὲ
519 884 636 937 ἄλλως
658 905 732 938 τοῖς
754 903 878 948 νόμοις
902 900 925 946 ἢ
947 906 1009 937 καὶ
1032 905 1105 938 τοῖς
1132 902 1250 938 θείοις
1272 915 1334 937 κα·
1403 906 1466 939 aut
1489 904 1603 940 sacris
1627 903 1825 940 canonibus
1848 903 2085 941 interdictam.

244 959 351 983 νοσιν
376 951 679 995 απηγορευμένην.
1349 951 1391 983 15

1231 1036 1388 1075 CAPUT
1411 1038 1513 1074 XIII.

290 1090 545 1140 Πρεσβύτερον
568 1091 610 1128 δὲ
632 1092 810 1129 ἐλάττονα
831 1095 911 1130 τῶν
933 1091 1133 1140 τριάκοντα
1155 1094 1335 1130 ἐνιαυτῶν
1470 1094 1722 1140 Presbyterum
1764 1096 1882 1131 autem
1924 1095 2096 1132 minorem
2130 1094 2269 1132 XXXV
2309 1105 2485 1133 annorum

244 1139 418 1186 γίνεσθαι
441 1138 506 1174 οὐκ
521 1141 773 1185 ἐπιτρέπομεν,
796 1135 878 1174 ἀλλ’
897 1136 982 1175 οὐδὲ
1001 1138 1175 1175 διάκονον
1197 1138 1221 1184 ἢ
1245 1137 1333 1176 ὑπο·
1401 1140 1480 1176 fieri
1503 1151 1575 1176 non
1599 1139 1848 1185 permittimus,
1874 1140 1939 1177 sed
1961 1151 2078 1187 neque
2102 1141 2291 1178 diaconum
2313 1145 2377 1177 aut
2400 1143 2484 1178 sub-

246 1183 418 1219 διάκονον
448 1181 586 1228 ἥττονα
611 1186 690 1220 τῶν
713 1185 952 1230 εἰκοσιπέντε,
985 1183 1069 1220 οὐδὲ
1091 1182 1288 1233 ἅναγνιόστ
1312 1199 1334 1220 ν
1403 1186 1592 1222 diaconum
1614 1186 1784 1221 minorem
1802 1186 1916 1230 XXV,
1940 1196 2056 1232 neque
2076 1187 2244 1223 lectorem
2264 1187 2436 1222 minorem
2451 1187 2486 1222 X

245 1226 424 1264 ἐλάττονα
447 1231 525 1264 τῶν
549 1227 797 1265 ὀκτωκαίδεκα
818 1231 1007 1273 ἐνιαυτῶν,
1032 1228 1271 1266 διακόνισσαν
1289 1198 1335 1266 ᾏὲ
1403 1234 1439 1267 et
1463 1231 1549 1267 V111
1573 1240 1765 1273 annorum,
1797 1231 2034 1267 diaconissam
2063 1242 2146 1268 vero
2175 1232 2213 1267 in
2242 1235 2403 1268 sanctam
2426 1242 2484 1268 ec-

245 1276 287 1309 ἐν
321 1272 407 1322 ἁγίᾳ
442 1274 609 1319 ἐκκλησίᾳ
645 1276 696 1321 μὴ
730 1277 1021 1322 χειροτονεῖσθαι
1061 1272 1137 1319 ἥτις
1172 1275 1334 1323 ἐλάζτων
1347 1279 1390 1312 20
1404 1276 1549 1313 clesiam
1579 1287 1652 1312 non
1683 1276 1842 1312 ordinari
1873 1286 1964 1321 quae
1986 1277 2101 1314 minor
2131 1281 2189 1314 est
2220 1286 2395 1314 annorum
2418 1277 2485 1313 XL

245 1321 346 1355 ἐστὶν
378 1321 557 1356 ἐνιαυτῶν
587 1320 861 1367 τεσσαράκοντα
894 1318 916 1365 ἢ
945 1322 994 1356 εἰς
1025 1319 1206 1369 δευτέρους
1240 1321 1334 1365 ἦλθε
1403 1327 1466 1358 aut
1488 1322 1535 1358 ad
1559 1321 1734 1359 secundas
1758 1322 1854 1358 venit
1876 1322 2032 1367 nuptias.

245 1363 390 1412 γάμους.

1225 1434 1385 1471 CAPUT
1408 1433 1505 1471 XIV.

315 1489 362 1523 Εἰ
385 1486 426 1523 δὲ
447 1489 489 1524 ἐν
518 1491 572 1533 τῷ
597 1491 712 1536 καιρῷ
744 1491 808 1535 τῆς
830 1493 1048 1536 χειροτονίας
1077 1490 1142 1525 τοῦ
1166 1489 1333 1537 κληρικοῦ
1471 1491 1509 1527 Si
1533 1493 1653 1526 autem
1682 1492 1843 1536 tempore
1875 1489 2107 1526 ordinationis
2139 1490 2259 1527 clerici
2285 1491 2485 1529 cuiuscum-

245 1531 460 1588 οἱουᾷἦποτε
491 1534 675 1591 τοίγμῖατος
705 1532 728 1592 ᾗ
759 1536 911 1581 βαθμοῦ
943 1534 1140 1589 κατήχορός
1168 1547 1222 1570 τις
1246 1534 1334 1572 ἄνα·
1429 1546 1474 1572 ue
1498 1536 1638 1581 collegii
1663 1538 1726 1571 aut
1743 1535 1878 1572 ordinis
1901 1540 2094 1572 accusator
2117 1535 2246 1581 aliquis
2267 1538 2486 1582 apparuerit,

246 1593 363 1627 φανῃ,
397 1579 513 1627 λέγων
549 1580 666 1615 αυτὸν
700 1581 851 1622 ανάξιον
883 1581 975 1615 εἶναι
1009 1592 1073 1625 της
1103 1586 1334 1628 χειροτονίας,
1348 1583 1389 1616 25
1429 1583 1525 1618 'cens
1560 1592 1639 1618 eum
1673 1581 1857 1626 indignum
1899 1590 1979 1617 esse
2015 1581 2257 1625 ordinatione,
2301 1583 2487 1619 differatur

246 1623 514 1671 ὑπερτιθέσθω
533 1623 556 1670 ἡ
573 1631 785 1672 χειροτονία,
808 1630 869 1661 καὶ
885 1625 1010 1661 πάντα
1030 1629 1334 1672 προβαινέτωσαν
1403 1627 1591 1670 ordinatio,
1624 1630 1660 1662 et
1682 1627 1850 1663 universa
1879 1626 2077 1672 procedant
2105 1630 2179 1662 tam
2211 1638 2276 1673 pro
2306 1629 2486 1664 examina-

245 1671 354 1704 τοῦτο
387 1671 456 1715 μὲν
488 1667 579 1717 ὑπὲρ
610 1672 673 1715 τῆς
704 1670 899 1713 ἐξετάσεως
933 1672 1042 1706 τοῦτο
1072 1669 1112 1705 δὲ
1135 1669 1226 1717 ὑπὲρ
1257 1673 1334 1707 τῶν
1402 1673 1499 1708 tione
1530 1682 1638 1718 quam
1667 1683 1733 1718 pro
1765 1671 1903 1716 multis,
1936 1681 2026 1716 quas
2057 1672 2094 1707 in
2118 1673 2368 1719 episcoporum
2391 1674 2486 1711 ordi-

247 1717 452 1761 ἐπιτιμίων,
476 1713 588 1751 ἅτινα
608 1717 648 1751 ἐν
667 1720 746 1752 ταῖς
767 1719 846 1752 τῶν
866 1714 1082 1752 ἐπισκόπων
1101 1721 1335 1763 χειροτονίαις
1402 1718 1609 1754 nationibus
1634 1717 1800 1763 superius
1824 1717 2018 1753 sanximus.

247 1757 422 1807 ἀνωτέρω
446 1761 708 1807 ἐθεσπίσαμεν.

314 1842 342 1863 c.
360 1830 445 1864 XII
464 1837 611 1873 repetant
633 1830 766 1864 Nomou.
780 1829 813 1864 L
839 1831 886 1864 tit.
902 1830 943 1863 25
965 1842 1001 1873 p.
1015 1831 1080 1865 623
1102 1831 1202 1864 Voell.
1226 1841 1265 1864 eoe
1289 1830 1328 1874 S,
1352 1831 1514 1865 Numnam
1534 1831 1689 1865 XIVtit.
1707 1833 1739 1872 9,
1753 1837 1788 1864 29
1814 1838 1844 1863 et
1867 1831 1916 1863 Β*
1938 1832 1977 1862 Κ
1998 1831 2051 1872 18,
2067 1837 2084 1864 3
2102 1842 2140 1874 p.
2155 1831 2223 1865 434
2245 1830 2350 1866 Zach.
2374 1843 2414 1866 ex
2436 1832 2486 1868 B.

246 1874 475 1918 Aryumentum
500 1882 591 1909 notat
614 1876 747 1910 Nomoc.
761 1875 866 1909 XIV
876 1876 922 1909 tit.
941 1877 968 1916 1,
983 1882 1018 1909 23
1041 1877 1111 1915 (ubi
1134 1876 1236 1918 ipsum
1261 1883 1360 1919 caput
1383 1878 1553 1920 exscripsit
1579 1877 1738 1910 Balsama
1758 1889 1794 1919 p.
1810 1876 1875 1909 840
1897 1875 2021 1917 Voell.).

311 1932 343 1998 lc.
355 1920 460 1954 XIII
470 1931 509 1954 επ
524 1921 553 1954 S
576 1923 691 1964 repetit
706 1921 840 1955 Nomos.
854 1921 886 1954 L
903 1922 949 1954 tit.
966 1921 1009 1955 25
1022 1933 1059 1964 p.
1074 1921 1138 1955 623
1161 1921 1274 1963 Voell„
1290 1932 1329 1955 σω
1344 1921 1382 1955 Β
1398 1921 1579 1956 Νονιιοο.(17η
1593 1922 1653 1955 XI
1660 1922 1745 1955 Vtit.
1762 1923 1792 1962 1,
1807 1927 1854 1954 28.
1879 1939 1924 1944 —
1954 1920 2104 1954 Summae
2121 1927 2232 1955 extant
2248 1921 2381 1956 Nomoc.
2393 1923 2455 1957 XI
2459 1922 2494 1958 V

248 1966 295 1999 tit.
324 1978 383 2003 .c.‚
408 1960 500 1998 Ῥοπ.
516 1967 569 2007 40,
583 1974 626 1999 15.
653 1967 706 2007 38,
721 1974 748 2000 τ.
774 1967 828 2007 30,
843 1973 868 1999 1.
893 1967 948 2007 42,
964 1973 993 2000 9.
1300 1975 1303 1977 ’

315 2023 342 2043 c.
357 2011 417 2043 XI
424 2011 513 2053 Vpr.
539 2011 634 2045 habel
657 2012 833 2054 Appendix
856 2011 990 2044 Nomoc.
1006 2010 1037 2044 L
1063 2011 1108 2044 tit.
1130 2023 1204 2053 cap.
1225 2011 1301 2044 eccl.
1320 2012 1342 2045 6
1360 2023 1395 2054 p.
1410 2012 1476 2045 662
1498 2012 1610 2050 Voell.,
1635 2011 1687 2053 §1
1712 2012 1802 2051 (605,
1816 2017 1832 2042 2
1855 2007 1905 2052 μὴ
1929 2007 2047 2043 ἄλλως
2070 2007 2111 2043 δὲ
2130 2011 2421 2055 χειροτονεῖσθαι
2442 2031 2488 2038 -

247 2062 265 2089 9
289 2053 538 2098 ἐκβαλλέσθω)
563 2064 593 2089 et
615 2056 637 2100 ᾖ
655 2057 674 2089 2
695 2056 828 2090 Nomoc.
846 2056 879 2088 L
904 2057 951 2089 tit.
966 2057 1019 2089 25.
1043 2056 1087 2089 26
1107 2068 1143 2098 p.
1159 2057 1234 2089 632.
1262 2056 1326 2090 633
1349 2056 1450 2090 Voell.
1474 2067 1512 2089 em
1537 2057 1574 2090 S.
1623 2057 1676 2089 Ex
1700 2056 1736 2088 Β
1761 2056 1879 2088 habent
1902 2054 1924 2098 ξ
1942 2057 1971 2088 1.
1994 2056 2014 2088 2
2030 2055 2194 2089 Nomoc.⁷’⁸
2215 2057 2315 2091 XIV
2334 2059 2379 2091 tit.
2393 2059 2424 2099 9,
2437 2065 2487 2100 29,

247 2100 269 2143 ὅ
288 2102 304 2135 1
329 2100 510 2134 Νοιηοι;.’7”η
523 2101 583 2133 XI
590 2101 674 2136 Vtit.
690 2102 722 2143 9,
735 2108 781 2135 22.
829 2100 851 2144 ξ
871 2102 891 2135 2
916 2101 973 2142 (·-
989 2108 1020 2134 17
1038 2102 1285 2146 προβαινέτω)
1309 2107 1398 2134 eaetat
1420 2103 1453 2135 in
1474 2101 1682 2146 Epanaqoqe
1705 2101 1738 2144 8,
1757 2107 1802 2135 12.
1826 2117 1873 2125 —
1895 2100 2111 2134 Summarium
2134 2101 2157 2146 ξ
2176 2102 2205 2136 1.
2224 2102 2245 2135 2
2269 2103 2395 2137 exhibet
2417 2103 2488 2138 Νο-

248 2157 324 2179 moc.
338 2146 399 2178 XI
405 2145 489 2179 Vtic.
504 2147 536 2188 9,
551 2153 603 2185 293
629 2147 706 2179 ΔιΙι.
730 2158 883 2180 summam
907 2152 1051 2189 repetunt
1072 2147 1238 2190 paratitlo
1261 2146 1337 2180 Ath.
1355 2147 1396 2182 10
1420 2150 1436 2186 §
1453 2144 1493 2180 ιθ.

245 2223 270 2259 2
318 2221 360 2258 Si
382 2223 465 2269 quis
487 2226 606 2259 autem
630 2223 822 2270 episcopus
843 2221 1040 2259 secundum
1063 2222 1329 2259 ecclesiasticos
1351 2233 1507 2258 canones
1529 2221 1736 2259 sacerdotio
1769 2222 1926 2258 deiectus
1949 2221 2092 2269 inqredi
2116 2222 2309 2266 civitatem,
2340 2234 2391 2260 ex
2414 2235 2488 2271 qua

246 2267 423 2314 expulsus
445 2272 515 2310 est,
546 2267 603 2305 vel
624 2268 829 2315 relinquere
853 2268 982 2311 locum,
1006 2267 1044 2303 in
1094 2279 1141 2303 uo
1166 2268 1297 2314 deqere
1325 2268 1446 2303 iussus
1474 2271 1539 2311 est,
1571 2278 1683 2303 ausus
1704 2267 1769 2309 sit,
1799 2267 1961 2303 iubemus
1992 2278 2071 2302 eum
2101 2268 2319 2304 monasterio
2351 2269 2388 2304 in
2412 2270 2488 2306 alia

244 2313 436 2360 provincia
459 2313 529 2350 sito
551 2312 664 2357 tradi,
700 2318 740 2349 ut
764 2323 858 2360 quae
881 2313 919 2348 in
943 2322 1047 2349 sacer
1074 2314 1149 2349 otio
1168 2313 1337 2365 peccavit
1359 2313 1493 2359 deqens
1514 2314 1552 2349 in
1575 2313 1794 2349 monasterio
1819 2312 1990 2348 emendet.

380 2358 464 2394 XII.
514 2358 672 2395 Clericos
694 2362 813 2395 autem
837 2369 912 2395 non
937 2358 1045 2394 aliter
1066 2369 1183 2395 creari
1207 2358 1466 2405 permittimus,
1500 2358 1572 2394 nisi
1595 2357 1736 2394 litteras
1758 2357 1876 2393 sciant
1899 2361 1934 2393 et
1955 2361 2092 2393 rectam
2110 2357 2222 2404 fidem
2245 2362 2355 2404 atque
2377 2358 2487 2396 hone-

245 2406 339 2439 stam
362 2403 471 2440 vitam
495 2403 663 2447 babeant,
692 2408 729 2440 et
749 2415 865 2450 neque
892 2403 1130 2439 concubinam
1159 2414 1275 2450 neque
1305 2403 1494 2440 naturales
1517 2403 1649 2439 liberos
1678 2401 1869 2439 habuerint
1892 2402 2100 2447 babeantve,
2128 2402 2194 2439 sed
2215 2404 2279 2449 qui
2301 2407 2367 2440 aut
2389 2408 2488 2442 caste

246 2448 367 2484 vivant
397 2452 463 2484 aut
493 2460 649 2485 uxorem
684 2449 880 2496 leqitimam
911 2459 1061 2495 eamque
1091 2459 1201 2484 unam
1232 2452 1268 2485 et
1292 2450 1451 2496 primam
1482 2448 1674 2484 habuerint
1703 2447 1919 2491 habeantne,
1951 2457 2017 2484 nec
2039 2458 2124 2485 vero
2152 2448 2295 2485 viduam
2325 2459 2441 2496 neque
2462 2461 2488 2487 a

246 2494 325 2529 viro
349 2505 390 2530 se
417 2498 559 2529 aratam
582 2505 626 2530 ne
653 2505 696 2530 ue
719 2494 829 2530 aliter
854 2493 991 2540 leyibus
1014 2493 1070 2530 vel
1091 2495 1200 2530 etiam
1223 2495 1340 2530 sacris
1364 2492 1565 2530 canonibus
1587 2493 1831 2541 reprobatam.

381 2505 479 2574 iim.
527 2538 618 2575 Pres
639 2543 782 2586 yterum
806 2543 925 2575 autem
948 2539 1123 2575 minorem
1147 2539 1299 2586 triqinta
1330 2540 1437 2575 annis
1463 2539 1551 2584 fieri
1578 2549 1651 2575 non
1709 2537 1939 2580 ermittimus,
1970 2537 2034 2574 sed
2057 2548 2102 2574 ne
2124 2537 2318 2574 diaconum
2342 2539 2487 2586 quidem

245 2583 302 2619 vel
323 2583 583 2620 subdiaconum
607 2586 782 2621 minorem
812 2584 941 2631 viqinti
964 2584 1124 2630 quinque
1147 2584 1264 2627 annis,
1295 2595 1361 2620 nec
1385 2584 1552 2620 lectorem
1576 2588 1657 2620 octo
1683 2583 1772 2620 ecim
1795 2584 1902 2619 annis
1925 2584 2099 2619 minorem
2107 2595 2123 2625 ;
2161 2594 2249 2620 neve
2279 2584 2487 2622 diaconissa

246 2630 285 2665 in
307 2633 437 2665 sancta
459 2629 610 2665 ecclesia
632 2633 775 2666 creetur
797 2640 892 2676 quae
914 2630 1034 2665 minor
1055 2631 1105 2665 sit
1127 2629 1234 2665 annis
1256 2629 1504 2676 quadraqinta
1527 2629 1584 2666 vel
1605 2629 1655 2665 ad
1672 2627 1850 2665 secundas
1872 2639 1921 2663 nu
1951 2629 2020 2663 tias
2043 2628 2190 2664 venerit.

380 2674 479 2711 XIV.
525 2673 662 2718 Quodsi
694 2679 854 2726 tempore
885 2675 1081 2710 creationis
1112 2674 1238 2711 clerici
1265 2675 1522 2721 cuiuscumque
1553 2674 1701 2720 colleqii
1733 2677 1799 2709 aut
1827 2684 1897 2720 θνα
1925 2684 1968 2709 us
1999 2677 2195 2708 accusator
2223 2673 2389 2710 extiterit
2422 2675 2488 2721 qui

245 2730 324 2756 eum
347 2719 537 2766 indiqnum
560 2731 638 2756 esse
660 2725 846 2757 creatione
868 2719 987 2762 dicat,
1019 2719 1215 2766 differatur
1238 2721 1376 2756 creatio
1403 2720 1595 2766 omniaque
1611 2719 1820 2766 procedant
1851 2721 1925 2754 tam
1947 2717 1993 2754 de
2015 2718 2289 2755 examinatione
2311 2729 2421 2765 qaam
2442 2719 2488 2756 de

245 2764 368 2801 multis
391 2776 485 2812 quae
508 2765 547 2800 in
570 2766 823 2812 episcoporum
847 2765 1093 2801 creationibus
1114 2775 1230 2812 supra
1252 2765 1455 2801 sanximus.

292 2846 313 2879 2
337 2842 538 2889 *τολμήσοι
555 2842 738 2887 (τολμήσει
755 2845 783 2879 S
794 2858 823 2878 v.
839 2846 873 2887 l.)
891 2846 969 2879 libri
983 2844 996 2888 ΙΙ
1013 2847 1034 2879 3
1051 2840 1117 2889 ἀφ’
1133 2834 1173 2887 ἧς
1198 2845 1225 2878 S
1253 2844 1294 2878 ἐν
1309 2834 1333 2890 ᾗ
1449 2845 1465 2878 1
1481 2846 1570 2878 rubr.
1593 2843 1780 2887 Episcopus
1798 2841 1829 2874 si
1843 2840 2007 2875 deiciatur
2029 2841 2070 2874 de
2085 2840 2289 2884 episcopatu,
2311 2842 2348 2874 in
2371 2852 2484 2876 mona-

246 2889 401 2924 Nomoc.‘²
422 2890 435 2933 ΙΙ
463 2887 485 2932 ἢ
508 2887 740 2924 καταλείπειν
765 2890 836 2924 Sv.
851 2891 885 2932 l.,
912 2889 1108 2932 relinquens
1132 2902 1151 2926 ς
1176 2890 1188 2933 ΙΙ
1214 2892 1235 2924 4
1259 2890 1331 2923 &xs-
1401 2889 1502 2922 sterio
1526 2889 1572 2922 sit
1597 2889 1671 2923 Tin
1687 2900 1791 2931 marq.
1817 2887 1830 2931 ΙΙ
1855 2886 1943 2929 quis]
1966 2885 1997 2920 is
2019 2885 2069 2919 R¹
2094 2886 2108 2930 fl
2133 2887 2153 2920 3
2177 2885 2271 2919 locus
2294 2886 2343 2918 V·
2365 2886 2378 2930 Η
2402 2889 2425 2922 4
2448 2890 2486 2921 in

247 2931 363 2977 λεύθη
388 2935 434 2968 Μ
451 2935 464 2978 ΙΙ
495 2936 515 2969 6
539 2934 592 2976 τῷ
619 2948 678 2969 om.
703 2935 732 2968 S
761 2934 774 2979 ΙΙ
801 2936 822 2969 8
846 2935 1100 2981 συγχωροῦμεν
1124 2936 1332 2979 χειροτονεῖ·
1402 2947 1460 2967 om.
1477 2934 1529 2967 T¹
1552 2934 1564 2977 ss
1583 2935 1632 2967 est
1654 2933 1767 2967 iussus
1786 2931 1850 2976 Vss
1870 2931 2074 2965 monasterio
2097 2931 2147 2973 iu]
2171 2931 2207 2964 in
2230 2932 2431 2965 monasterio
2457 2934 2491 2966 T

246 2979 342 3013 σθαι
365 2980 394 3014 S
411 2980 423 3022 ΙΙ
442 2981 483 3014 10
506 2978 643 3023 σεμνὸν
663 2992 723 3014 om.
738 2992 756 3017 ς
773 2979 786 3024 ΙΙ
803 2980 912 3022 ἑχωσι
938 2982 965 3013 S
977 2993 1006 3014 v.
1021 2981 1041 3014 l.
1059 2981 1072 3024 ss
1088 2977 1201 3013 *οὐδὲ
1213 2999 1257 3005 -
1273 2975 1331 3012 οὐ·
1402 2979 1602 3012 monasterio
1616 2978 1717 3022 RVu
1733 2979 1751 3011 5
1777 2976 1891 3019 aliqua
1914 2975 2077 3019 religione
2102 2976 2151 3009 Τι
2169 2975 2182 3020 ΙΙ
2199 2976 2299 3018 tradi]
2323 2977 2487 3011 traditum

247 3022 287 3058 δέ
311 3026 388 3058 libri
438 3022 543 3070 φύσει
570 3025 621 3058 ΒΓ
634 3025 645 3068 ss
674 3027 712 3059 11
738 3026 857 3068 ἔχουσι
881 3022 915 3067 (ἢ
939 3025 1058 3068 έχουσι
1080 3038 1109 3059 v.
1127 3026 1161 3068 l.)
1181 3022 1204 3068 ἢ
1226 3025 1333 3067 ἔσχον
1401 3024 1652 3067 R¹V118rubn
1677 3022 1800 3061 Quales
1825 3021 1938 3056 clerici
1960 3021 2035 3055 fieri
2057 3020 2197 3054 debeant
2223 3022 2297 3055 Tin
2314 3034 2416 3066 mar-9.
2434 3023 2486 3064 (ez

248 3071 296 3104 B⁸
313 3070 326 3114 ΙΙ
343 3065 388 3103 ἀλ
418 3065 428 3080 ²
454 3066 491 3123 εἰ]
515 3066 539 3113 ἢ
562 3083 620 3104 om.
643 3070 692 3114 ςΙΙ
712 3072 751 3105 12
776 3067 928 3115 πρώτην
950 3072 1011 3104 καὶ
1033 3073 1123 3115 μίαν
1148 3068 1332 3113 Nomoc.mss
1401 3069 1479 3109 Iul.)
1496 3069 1509 3114 ΙΙ
1526 3079 1587 3102 nos
1609 3069 1661 3120 3⁷⁰
1679 3067 1929 3120 sspraecipimus
1948 3067 2005 3111 Vll
2028 3069 2049 3101 9
2072 3065 2197 3100 habent
2219 3067 2251 3100 T
2263 3066 2276 3110 ΙΙ
2301 3068 2344 3101 10
2368 3069 2401 3100 et
2425 3080 2483 3100 om.

247 3113 441 3157 ἐσχηκότας
459 3128 481 3158 η
498 3115 645 3157 ἔχοντας
657 3116 727 3149 LB
752 3116 941 3156 (habentem
963 3115 1017 3149 vel
1036 3116 1067 3150 si
1089 3115 1156 3149 iam
1177 3115 1333 3149 habuerit
1410 3114 1465 3158 Vll
1484 3114 1664 3148 habuerint
1689 3112 1848 3156 V²vu19.‚
1878 3114 2016 3154 mtaque
2040 3112 2118 3145 add.
2139 3111 2189 3145 V¹
2218 3110 2232 3155 ΙΙ
2260 3113 2319 3144 aut
2341 3111 2486 3147 habeant

246 3161 337 3202 Iul.)]
362 3157 555 3203 ἐσχηκότας
580 3161 626 3194 Μ
652 3160 810 3194 habentes
834 3172 853 3197 ς
871 3160 884 3205 ΙΙ
902 3162 945 3195 14
967 3162 1028 3194 καὶ
1052 3173 1111 3195 om.
1125 3161 1175 3195 B·
1189 3173 1218 3194 v.
1233 3161 1266 3204 1.,
1279 3171 1300 3198 ς’
1320 3159 1332 3204 ΙΙ
1404 3160 1523 3193 lineola
1538 3160 1698 3194 subducta
1713 3158 1775 3192 del.
1792 3158 1842 3192 T²
1858 3158 1871 3202 ΙΙ
1890 3159 1930 3192 11
1949 3156 2144 3199 legitimam]
2159 3155 2191 3190 le
2209 3157 2280 3198 (sic)
2297 3156 2353 3201 ΤΙΙ
2374 3158 2414 3191 12
2426 3167 2485 3190 ne-

250 3208 291 3239 16
307 3203 560 3250 Πρεσβύτερον
575 3203 606 3239 λ’
623 3205 802 3240 ἐνιαυτῶν
818 3204 960 3240 ἐλάττω
986 3206 1014 3239 S
1030 3206 1043 3249 ΙΙ
1057 3204 1255 3251 τριάκοντα
1274 3200 1333 3247 (λ’)
1401 3215 1465 3246 que
1482 3204 1628 3246 viduam]
1645 3203 1783 3237 uiduam
1799 3213 1866 3236 non
1882 3202 1932 3237 Τι
1949 3201 1963 3246 [Ι
1981 3202 2141 3254 13310que
2157 3214 2216 3253 qm.
2229 3202 2275 3234 ΕΙ
2293 3201 2343 3279 Ψ,
2360 3214 2420 3254 ont.
2435 3201 2486 3245 Vss

248 3250 354 3284 MSB
367 3250 572 3292 (Nomocflm)
596 3251 662 3285 Iul.
679 3252 757 3284 ΑιΙι.
778 3250 913 3286 Nomoc.
933 3251 1086 3285 XIVtit.
1110 3248 1203 3285 Ῥοπ.
1217 3253 1271 3290 40,
1287 3251 1331 3291 15]
1405 3251 1445 3283 14
1468 3250 1684 3283 interdictum
1708 3247 1787 3292 3²11
1806 3250 1847 3283 16
1859 3249 1947 3282 rubr.
1972 3246 2077 3280 Cuius
2101 3248 2198 3279 etatis
2218 3256 2294 3289 pres
2317 3249 2395 3280 iton
2413 3246 2484 3280 dm-

248 3292 294 3327 λε’
309 3296 500 3332 Leleeod.
520 3295 533 3339 ΙΙ
551 3297 590 3330 17
615 3291 658 3329 οὗ
682 3305 724 3328 συ
748 3296 935 3340 χωροῦμεν
953 3297 985 3330 L
1002 3295 1015 3339 ΙΙ
1042 3298 1083 3330 18
1107 3293 1190 3330 οὐδὲ
1214 3295 1248 3330 Β
1262 3295 1331 3330 Νο·
1401 3295 1477 3327 coni
1498 3294 1694 3328 subdiaconi
1717 3293 1799 3327 item
1817 3291 1998 3327 diaconisse
2021 3291 2093 3325 fieri
2116 3291 2258 3324 debeant
2284 3292 2317 3325 T
2331 3293 2365 3326 in
2380 3304 2483 3334 mar-9.

248 3337 592 3382 moc.Lt1·t.]0²7n‹31}
606 3341 678 3374 ML
688 3309 868 3375 Ntmocfim
893 3337 978 3374 ἀλλ’
993 3337 1076 3374 οὐδὲ
1089 3341 1117 3375 S
1132 3344 1144 3384 ΙΙ
1166 3343 1206 3375 19
1220 3335 1331 3375 ὄκτω-
1401 3340 1451 3380 (ex
1466 3340 1544 3381 Iul.)
1565 3339 1578 3383 ΙΙ
1608 3342 1646 3375 Π
1672 3339 1845 3373 diaconem
1871 3338 1904 3372 T
1920 3336 1934 3382 Ι
1958 3338 2033 3388 aut]
2057 3346 2165 3388 neque
2186 3337 2220 3370 V
2243 3336 2255 3379 ΙΙ
2283 3335 2484 3371 subdianum

248 3382 455 3419 καίδεκαΜ
472 3382 654 3419 δεκαοκτώ
672 3387 705 3418 Β
729 3381 773 3428 ιη’
790 3383 843 3427 (ιε’
859 3387 921 3428 La)
948 3385 1195 3423 ΕςΝοηιοοέῡη
1210 3386 1331 3420 ΤΙιοοᾰ.
1407 3384 1461 3427 ΤΙΙ
1488 3386 1529 3419 18
1554 3384 1620 3418 XV
1647 3385 1696 3418 Τι
1713 3384 1726 3428 ΙΙ
1741 3383 1897 3417 lectorem
1921 3391 2032 3416 minus
2055 3382 2088 3416 R
2117 3391 2228 3414 minus
2251 3380 2407 3432 lectorem
2433 3379 2483 3413 T¹

249 3431 324 3462 Ath.
338 3431 391 3473 (cf
407 3431 497 3472 Iul.)]
521 3426 617 3465 ὀκτὼ
643 3427 774 3465 8Ῥοπ.
789 3433 843 3472 30,
857 3439 870 3465 1
895 3429 925 3464 κ’
939 3431 1072 3466 Nomoc.
1086 3431 1148 3465 XI
1154 3431 1252 3473 Vlia,
1276 3431 1334 3464 ιιὸι·
1399 3429 1545 3463 minores
1568 3430 1708 3463 lectores
1732 3428 1815 3472 ΤἾ
1839 3426 1962 3462 XVIII
1987 3427 2020 3460 T
2039 3426 2053 3471 11
2080 3428 2121 3462 19
2145 3427 2260 3460 sancta
2279 3424 2396 3459 solemn
2422 3424 2453 3458 T
2471 3423 2484 3470 ΙΙ

248 3472 280 3514 η’
294 3475 369 3518 leyit
383 3476 542 3509 Balsama
560 3477 593 3510 in
608 3477 708 3510 schol.
719 3489 754 3520 p.
766 3478 830 3511 847
848 3476 949 3511 Vaell.
962 3477 1213 3518 (inconsiderate
1225 3487 1332 3510 nume-
1402 3475 1444 3508 20
1468 3485 1536 3507 non
1561 3488 1619 3508 om.
1638 3475 1669 3508 T
1683 3474 1695 3518 ΙΙ
1712 3484 1779 3516 qua
1801 3472 1851 3507 R¹
1867 3472 1880 3517 fl
1895 3471 1961 3505 XL
1977 3482 2140 3505 annorum
2157 3470 2252 3513 RTu
2267 3470 2310 3504 23
2323 3470 2411 3503 rubr.
2434 3469 2483 3503 De

250 3530 318 3551 rum
342 3521 374 3552 in
392 3521 460 3562 ipso
485 3528 631 3555 contexta
655 3522 800 3555 novellae
818 3523 960 3566 positum
977 3522 1011 3555 in
1027 3521 1190 3555 Basilici,
1207 3528 1332 3555 auctum
1400 3519 1667 3553 accusationibus
1679 3518 1876 3553 clericorum
1891 3517 1965 3551 Tin
1977 3530 2048 3550 mar
2073 3515 2224 3559 .(eoelu1.)
2236 3514 2405 3566 ”tempore
2422 3527 2481 3548 om.

252 3574 318 3595 esse
342 3565 504 3606 dictitans)
533 3565 546 3608 ΙΙ
575 3567 614 3600 21
642 3566 822 3600 ἐνιαυτῶν
843 3563 1117 3611 τεσσαράκοντα
1137 3566 1186 3608 Β]
1215 3566 1331 3599 ἐνιαυ-
1409 3564 1458 3597 V¹
1476 3564 1488 3607 ΙΙ
1506 3564 1667 3607 cuiusque
1680 3563 1788 3608 RV!
1811 3564 1856 3598 24
1878 3561 2007 3604 aliquid
2031 3531 2112 3606 13¹1!
2135 3561 2177 3596 26
2201 3568 2374 3591 umuersas
2397 3558 2448 3592 R¹
2469 3558 2483 3603 fl

251 3608 323 3639 τοῖς
345 3605 379 3649 μ’
397 3609 438 3640 Μ
458 3609 552 3642 ἐτῶν
574 3608 610 3653 μ’
626 3611 654 3643 S
675 3609 979 3657 τεσσαρακόντων
991 3611 1040 3644 1)
1061 3609 1333 3657 τεσσαράκοντα
1401 3609 1442 3643 27
1468 3619 1551 3651 quas
1575 3610 1624 3642 R²
1641 3610 1654 3653 Ι]
1670 3608 1780 3642 mudis
1805 3608 1838 3642 T
1849 3608 1860 3629 ¹
1876 3607 1888 3651 ΙΙ
1913 3609 2006 3649 quas]
2030 3609 2099 3639 tam
2121 3613 2204 3647 qua·
2226 3603 2298 3645 13⁰3
2323 3613 2408 3647 quae
2430 3603 2481 3639 od.

252 3649 302 3705 ξ’
325 3651 338 3693 ΙΙ
368 3653 472 3735 281ἐν
495 3655 573 3731 τ2αῒς
593 3659 827 3700 χειροτονίαις
855 3656 934 3690 τῶν
957 3654 1169 3691 ἐπισκόπων
1194 3656 1225 3690 L
1249 3654 1263 3701 ΙΙ
1288 3656 1331 3690 29
1408 3654 1485 3688 Ven.
1506 3656 1593 3689 1494
1611 3656 1653 3689 αἰ.
1672 3654 1685 3699 ΙΙ
1702 3655 1745 3689 28
1769 3652 1991 3687 sanooiuimus
2013 3649 2064 3685 1³¹
2074 3649 2126 3686 1²⁸.

252 3706 425 3735 ανωῒερω
463 3709 490 3731 C·
