2612 4016
224 156 512 193 GONSTITUTIO
540 156 833 189 PRAGMATIGA

1292 135 1374 181 802

2031 136 2138 191 App.
2157 135 2234 178 VII
2263 138 2428 179 20-27

222 267 264 293 eo
292 257 351 301 qui
382 254 603 300 dispendium
633 252 775 296 aliquod
806 261 871 295 pro
903 249 1100 285 mutatione
1133 246 1329 297 solidorum
1352 245 1484 280 inferre
1505 244 1796 290 praesumpserit,
1819 254 1885 288 pro
1909 255 2122 290 unoquoque
2142 245 2257 281 solido
2281 245 2430 281 alterum

220 303 355 336 tantum
386 300 430 340 ei,
462 309 542 334 cum
574 308 643 342 quo
667 296 895 337 contraxerit,
918 294 1104 329 inferente.
1152 292 1233 326 Dat.
1259 291 1305 325 ld.
1330 290 1422 335 Aug.
1448 289 1517 324 GP.
1540 289 1624 334 imp.
1650 290 1708 325 dn.
1733 288 1921 324 Iustiniani
1943 300 2005 335 pp.
2029 291 2120 335 Aug.
2146 299 2240 326 anno
2263 290 2430 326 XXVIII.

223 355 276 389 pc.
300 343 424 379 Basilii
447 354 499 378 vc.
524 352 617 377 anno
642 341 739 375 XIII.

2269 337 2315 377 [α.
2341 337 2431 377 554]

219 423 267 458 21
379 420 435 456 Ut
458 420 604 464 pretio
630 417 901 454 satisfaciat
924 416 974 451 de
1000 424 1083 459 quo
1105 413 1216 448 tulit
1240 413 1348 458 quis.
1395 412 1434 448 Si
1458 412 1538 458 quis
1561 412 1667 448 etiam
1691 412 1734 447 de
1756 411 1864 448 rebus
1887 401 2125 448 immobilibus
2149 412 2195 448 ad
2218 412 2326 448 alium
2376 423 2430 448 er-

218 465 412 500 tinentibus
444 465 597 509 aliquem
630 468 792 498 ornatum
816 462 871 497 vel
894 461 1078 495 materiam
1101 458 1291 494 abstulisse
1313 457 1524 499 inveniatur.
1548 457 1660 493 modis
1685 457 1848 493 omnibus
1871 458 2070 500 restituere,
2094 458 2150 493 vel
2175 458 2205 493 si
2227 457 2299 492 iam
2323 467 2345 492 a
2361 458 2429 493 icui
2455 461 2474 493 5

218 510 378 546 iniuncta
409 509 480 545 siut
510 508 688 549 aedificio,
719 507 836 552 pretio
868 505 1078 540 satisfacere
1110 505 1301 545 coartetur,
1335 505 1376 538 ut
1405 502 1559 547 undique
1589 506 1794 538 nostrarum
1824 502 1940 546 legum
1973 506 2200 538 conservetur
2222 504 2429 538 auctoritas.

219 555 460 590 Instrumenta
492 556 608 595 etiam,

642 562 733 597 quae
763 551 809 586 ad
842 550 932 585 alios
957 548 1171 594 pertinentia
1193 548 1287 583 forte
1309 547 1355 583 ab
1380 547 1458 583 aliis
1484 548 1696 589 detinentur,
1719 546 1898 592 prioribus
1923 546 2073 582 dominis
2096 547 2256 582 iubemus
2278 548 2431 591 restitui,

218 603 259 635 ut
290 609 410 635 omnes
441 598 595 642 undique
626 601 827 632 nostrarum
857 592 974 639 legum
1005 594 1180 629 adiutorio
1210 592 1403 637 potiantur.
1445 591 1491 627 'Si
1522 602 1604 628 vero
1633 592 1906 628 instrumentum
1938 591 2073 636 perisse
2095 591 2306 635 inveniatur,
2331 593 2432 627 cuius

218 647 397 688 exemplar
428 643 524 687 apud
547 643 698 677 alterum
721 641 908 683 invenitur,
943 640 1068 684 utpote
1092 638 1231 673 duobus
1255 637 1399 682 scriptis
1423 637 1650 680 authenticis,
1675 639 1784 682 prout
1805 636 1842 671 in
1865 636 2108 671 contractibus
2133 636 2274 672 solitum
2299 641 2362 679 est,
2388 647 2433 672 ex

218 699 283 729 eo,
316 688 410 733 quod
441 687 537 732 apud
568 691 705 731 partem
737 686 885 720 alteram
917 684 1111 725 invenitur,
1141 682 1240 717 aliud
1273 682 1453 718 conscribi
1482 682 1643 717 iubemus
1674 685 1712 717 et
1738 682 1831 726 parti
1857 681 1945 725 dari,
1978 681 2079 716 cuius
2100 681 2170 716 iam
2193 681 2431 716 iustrumenta
2459 685 2499 717 10

217 733 411 778 perierunt,
435 736 474 767 ut
498 734 758 776 competentem
781 731 895 775 possit
916 729 1049 764 habere
1072 727 1259 763 cautelam.
1308 728 1378 762 Sed
1402 729 1439 762 et
1462 727 1493 762 si
1517 728 1596 772 quis
1620 727 1893 762 instrumentum
1917 726 2069 761 alienum
2092 726 2166 761 sive
2187 725 2262 771 ipse
2277 726 2432 762 tollendo

218 779 290 814 sive
324 787 546 822 quocumque
578 786 664 812 casu
694 775 905 810 inveniendo
935 773 1153 817 malignitate
1174 773 1230 807 vel
1252 772 1412 807 incendit
1435 772 1490 807 vel
1514 772 1704 808 abscondit
1727 775 1790 806 aut
1815 770 1976 816 corrupit
1999 774 2063 806 aut
2086 780 2308 816 quocumque
2327 771 2432 806 modo

217 823 348 858 habere
379 822 533 861 desierit,
565 825 652 856 tunc
684 820 807 865 quanti
839 820 987 855 interest
1007 820 1094 861 eius,
1123 817 1169 852 ad
1193 817 1294 853 cuius
1317 816 1398 853 iura
1420 817 1657 852 instrumenta
1675 816 1916 862 pertinebunt,
1936 817 1968 851 is
1993 816 2053 860 qui
2077 816 2197 851 dolum
2218 815 2305 851 fecit
2328 816 2432 851 satis-

217 867 337 903 facere
361 866 596 911 compellitur.
644 865 729 902 Dat.
755 865 813 900 die
836 874 932 900 anno
957 866 993 899 et
1016 873 1113 899 cons.
1137 872 1184 898 ss.

217 947 266 983 22
378 945 436 981 Ut
466 954 647 981 annona
677 943 968 979 ministretur
991 941 1184 977 medicis
1209 942 1254 976 et
1278 940 1488 976 diversis.
1535 940 1726 976 Annonam
1750 939 1866 982 etiam,
1892 948 1997 983 quam
2021 941 2058 973 et
2082 937 2325 976 Theodericus
2349 939 2433 975 dare
2461 943 2499 975 15

218 991 342 1026 solitus
374 992 451 1025 erat
480 994 517 1025 et
545 1001 611 1026 nos
642 989 747 1024 etiam
771 988 943 1024 Romanis
971 986 1193 1031 indulsimus,
1226 986 1263 1020 in
1287 990 1469 1031 posterum
1501 985 1608 1021 etiam
1642 984 1718 1021 dari
1740 983 1989 1029 praecipimus,
2015 983 2109 1019 sicut
2132 983 2238 1019 etiam
2261 994 2435 1030 annonas,

218 1046 308 1080 quae
338 1036 576 1079 grammaticis
608 1045 652 1070 ac
682 1034 884 1069 oratoribus
917 1033 970 1068 vel
1004 1032 1109 1067 etiam
1141 1031 1287 1067 medicis
1310 1032 1365 1066 vel
1387 1030 1600 1075 iurisperitis
1620 1033 1726 1065 antea
1749 1029 1825 1064 dari
1850 1029 1993 1064 solitum
2017 1031 2106 1070 erat,
2132 1031 2169 1063 et
2192 1029 2228 1064 in
2251 1034 2435 1074 posterum

218 1091 319 1117 suam
351 1080 608 1125 professionem
641 1079 780 1114 scilicet
812 1078 1059 1114 exercentibus
1087 1076 1227 1121 erogari
1258 1075 1508 1121 praecipimus,
1542 1077 1716 1120 quatenus
1748 1074 1892 1110 iuvenes
1922 1073 2128 1110 liberalibus
2159 1074 2284 1110 studiis
2308 1075 2436 1110 eruditi

216 1136 280 1171 per
303 1128 462 1161 nostram
484 1124 739 1170 rempublicam
758 1123 921 1159 floreant.
968 1122 1051 1158 Dat.
1076 1122 1133 1157 die
1157 1131 1251 1157 anno
1275 1123 1312 1157 et
1336 1130 1432 1157 cons.
1457 1131 1503 1156 ss.

216 1205 267 1241 23
379 1204 434 1239 Ut
458 1203 663 1239 civiliter
686 1202 809 1238 inter
832 1211 878 1238 se
902 1211 1072 1237 causas
1103 1190 1304 1236 audiant.
1351 1199 1452 1235 Lites
1476 1199 1584 1235 etiam
1606 1199 1700 1234 inter
1724 1198 1812 1233 duos
1836 1198 2069 1243 procedentes
2093 1197 2272 1233 Romanos
2296 1198 2350 1234 vel
2374 1199 2435 1234 ubi
2459 1200 2501 1233 20

217 1250 379 1284 Romana
408 1258 561 1301 persona
591 1249 765 1293 pulsatur,
798 1257 862 1292 per
890 1247 1008 1282 civiles
1039 1245 1176 1281 iudices
1206 1245 1365 1298 exerceri
1391 1244 1572 1286 iubemus,
1605 1254 1685 1280 cum
1715 1244 1847 1279 talibus
1880 1242 2029 1288 negotiis
2062 1243 2117 1278 vel
2150 1242 2268 1278 causis
2299 1243 2434 1280 iudices

216 1294 386 1329 militares
409 1303 604 1329 1mm1scere
624 1303 663 1328 se
687 1293 775 1329 ordo
800 1302 871 1327 non
895 1292 1040 1337 patitur.
1087 1291 1170 1326 Dat.
1192 1291 1247 1327 die
1270 1299 1365 1325 anno
1387 1293 1424 1325 et
1445 1299 1542 1325 cons.
1565 1298 1612 1325 ss.

216 1373 267 1409 24
381 1372 436 1407 Ut
457 1373 735 1408 mutationes
759 1372 805 1407 in
829 1381 910 1407 suo
934 1373 1065 1406 statu
1085 1371 1220 1406 stent.
1270 1369 1337 1404 Rei
1357 1369 1524 1414 publicae
1546 1367 1827 1413 permutationes
1848 1366 1954 1401 etiam
1977 1366 2033 1402 vel
2056 1376 2133 1401 com
2160 1366 2338 1402 arationes
2362 1367 2436 1403 sive

219 1417 489 1463 competitiones
523 1428 602 1453 cum
635 1417 780 1462 publico
812 1416 927 1452 factas
958 1425 1072 1459 usque
1103 1415 1150 1451 ad
1171 1415 1359 1450 adventum
1384 1414 1579 1450 sceleratae
1600 1412 1791 1448 memoriae
1814 1411 1954 1448 Totilae
1977 1411 2014 1446 in
2038 1421 2104 1446 sua
2141 1411 2293 1447 'rmitate
2317 1421 2434 1448 serva-

218 1473 307 1507 mus,
332 1463 362 1498 si
385 1464 504 1497 tamen
527 1462 618 1497 nulli
640 1461 775 1508 aliquid
798 1461 870 1497 alio
894 1460 1093 1506 possidenti
1117 1459 1294 1505 competit.
1343 1459 1425 1494 Dat.
1451 1459 1507 1494 die
1527 1468 1621 1494 anno
1647 1460 1683 1493 et
1706 1467 1803 1493 cons.
1828 1467 1875 1492 ss.

218 1542 267 1578 25
380 1541 436 1576 Ut
466 1540 674 1576 fabricae
705 1540 924 1585 publicae
956 1542 1207 1575 serventur.
1256 1537 1539 1574 consuetudines
1573 1536 1679 1573 etiam
1712 1539 1747 1572 et
1778 1535 1961 1581 privilegia
1990 1534 2173 1571 Romanae
2204 1534 2358 1571 civitatis
2381 1536 2438 1571 vel

217 1586 440 1632 publicarum
464 1586 679 1621 fabricarum
703 1585 923 1630 reparationi
945 1585 1000 1620 vel
1023 1584 1123 1620 alveo
1141 1583 1310 1619 Tiberino
1334 1583 1388 1618 vel
1412 1583 1491 1619 foro
1516 1585 1580 1617 aut
1595 1581 1717 1627 portui
1734 1580 1895 1617 Romano
1920 1581 1993 1616 sive
2010 1580 2228 1625 reparationi
2242 1579 2437 1616 formarum

219 1642 389 1667 concessa
420 1631 554 1667 servari
584 1630 838 1675 praecipimus,
870 1630 922 1665 ita
952 1629 1126 1672 videlicet,
1159 1631 1200 1664 ut
1230 1638 1274 1664 ex
1305 1628 1417 1664 isdem
1450 1626 1697 1663 tantummodo
1720 1626 1845 1669 titulis,
1875 1635 1919 1661 ex
1942 1625 2072 1670 quibus
2096 1625 2259 1669 delegata
2281 1626 2436 1670 fuerunt,

219 1680 457 1722 praestentur.
504 1676 587 1711 Dat.
612 1676 668 1711 die
692 1685 786 1711 anno
810 1679 847 1710 et
871 1685 966 1710 cons.
988 1684 1034 1710 ss.

218 1755 269 1791 26
382 1754 437 1789 Ut
466 1763 545 1798 per
576 1753 894 1797 negotiatores
926 1752 1239 1805 coemptiones
1268 1751 1401 1787 fiant.
1449 1751 1564 1796 Super
1593 1751 1682 1786 haec
1713 1748 1954 1793 cognovimus,
1987 1747 2173 1784 Calabriae
2201 1747 2256 1784 vel
2284 1748 2436 1794 Apuliae
2460 1752 2502 1786 30

221 1798 428 1844 provinciae
459 1799 726 1842 possessoribus
757 1807 823 1842 pro
855 1797 1138 1841 coemptionibus
1169 1806 1240 1832 non
1272 1796 1466 1831 inferendis
1499 1793 1826 1848 superindicticium
1857 1793 2001 1828 titulum
2028 1793 2232 1837 impositum
2262 1803 2339 1829 esse
2369 1804 2435 1838 pro

219 1852 432 1888 unaquaque
460 1842 619 1886 millena3
649 1841 744 1877 unde
773 1842 1012 1885 coemptiones
1038 1850 1104 1885 per
1133 1840 1372 1884 negotiatores
1404 1839 1507 1875 annis
1532 1839 1679 1882 singulis
1707 1837 1875 1879 exerceri,
1907 1837 1943 1871 in
1967 1837 2147 1882 praesenti
2170 1847 2253 1872 vero
2278 1839 2435 1882 negotia-

225 1889 364 1923 toribus
389 1887 587 1932 specierum
612 1886 851 1931 coemptiones
875 1895 1040 1922 recusare
1063 1885 1320 1930 temptantibus
1345 1887 1417 1920 tam
1441 1882 1770 1929 superindicticium
1792 1881 1934 1917 titulum
1958 1891 2063 1925 quam
2088 1882 2320 1926 coemptionis
2344 1893 2435 1919 onus

220 1933 425 1978 provinciae
447 1932 716 1977 possessoribus
733 1932 933 1975 imminere;
958 1941 1037 1966 cum
1054 1931 1197 1966 abunde
1213 1932 1427 1965 mercatores
1446 1929 1528 1972 sint,
1547 1938 1613 1973 per
1636 1938 1725 1974 quos
1740 1927 1854 1972 possit
1869 1926 2027 1961 exerceri
2042 1927 2231 1971 coemptio,
2256 1927 2434 1963 sancimus

219 1977 458 2022 magnitudine
487 1980 550 2011 tua
581 1977 670 2011 haec
693 1976 928 2019 examinante,
961 1976 991 2011 si
1022 1975 1191 2019 possibile
1222 1975 1270 2010 sit
1299 1984 1364 2018 per
1394 1973 1634 2018 negotiatores
1669 1972 1809 2025 species
1833 1973 2059 2014 comparatas
2082 1970 2220 2014 inferri,
2245 1972 2435 2007 collatores
2460 1976 2502 2009 35

220 2022 421 2067 provinciae
451 2022 653 2056 nullatenus
684 2020 926 2065 praegravari,
959 2029 1039 2054 cum
1073 2018 1361 2063 superindicticio
1392 2018 1497 2053 titulo
1530 2017 1638 2053 semel
1669 2026 1720 2052 eis
1751 2015 1917 2060 imposito
1946 2014 2177 2060 coemptionis
2208 2015 2316 2051 etiam
2346 2026 2437 2053 onus

219 2067 351 2102 inferre
375 2067 421 2102 sit
443 2066 669 2111 impossibile.
716 2065 797 2100 Dat.
823 2065 879 2100 die
902 2074 996 2099 anuo
1021 2067 1057 2098 et
1080 2073 1178 2099 cons.
1204 2073 1251 2099 ss.

219 2146 265 2182 27
377 2144 435 2180 Ut
465 2144 540 2188 qui
569 2143 804 2179 voluerint
833 2143 887 2177 ad
918 2141 1235 2186 praesentiam
1265 2139 1561 2185 imperatoris
1584 2137 1822 2182 navigare,
1855 2147 1942 2173 non
1965 2137 2286 2183 impediantur.
2333 2138 2438 2175 Viros

219 2191 329 2226 etiam
356 2189 627 2234 gloriosissimos
658 2198 702 2223 ac
732 2187 940 2232 magnificos
972 2191 1157 2222 senatores
1188 2186 1235 2221 ad
1265 2188 1428 2221 nostrum
1462 2184 1634 2220 accedere
1670 2184 1876 2219 comitatum
1910 2182 2069 2218 volentes
2103 2183 2180 2218 sine
2214 2193 2366 2228 quocum
2392 2193 2438 2218 ue

219 2235 470 2280 impedimento
495 2235 613 2269 venire
637 2233 875 2275 concedimus,
900 2232 1039 2267 nemine
1062 2230 1274 2276 prohibendi
1296 2241 1357 2266 eos
1382 2229 1548 2265 habituro
1572 2228 1764 2270 licentiam,
1783 2237 1829 2263 ne
1853 2227 2077 2263 senatoribus
2100 2227 2231 2264 nostris
2250 2228 2304 2264 vel
2327 2228 2382 2264 col
2399 2238 2437 2263 a·
2461 2231 2504 2264 40

220 2280 356 2315 toribus
382 2279 522 2314 debitus
554 2279 719 2314 introitus
751 2276 1010 2322 quodammodo
1040 2277 1203 2312 videatur
1233 2275 1383 2311 excludi.

1431 2274 1501 2309 Sed
1534 2274 1640 2309 etiam
1663 2273 1709 2308 ad
1732 2273 1858 2308 Italiae
1907 2272 2099 2308 rovinciam
2123 2273 2231 2308 eundi
2253 2272 2304 2308 eis
2328 2276 2364 2308 et
2386 2273 2438 2309 ibi

222 2327 394 2370 quantum
418 2324 592 2359 voluerint
614 2327 752 2369 tempus
778 2321 1020 2358 commorandi
1040 2332 1106 2366 pro
1129 2320 1339 2366 reparandis
1363 2318 1649 2365 possessionibus
1673 2317 1851 2364 aperimus
1887 2316 2062 2362 icentiam,
2096 2328 2176 2354 cum
2200 2317 2352 2354 dominis
2375 2318 2438 2353 ab·

221 2370 381 2405 sentibus
404 2369 559 2404 recreari
582 2369 824 2413 possessiones
848 2370 913 2402 aut
937 2369 1196 2412 competentem
1219 2365 1346 2401 mereri
1371 2365 1548 2400 culturam
1571 2363 1716 2399 difficile
1740 2364 1795 2399 sit.

378 2414 476 2458 Quae
506 2414 614 2457 igitur
644 2424 708 2459 per
739 2414 834 2448 hanc
862 2412 1014 2448 divinam
1046 2412 1298 2456 pragmaticam
1331 2411 1551 2445 sanctionem
1582 2412 1705 2444 nostra
1734 2407 1861 2444 statuit
1892 2406 2105 2449 aeternitas,
2140 2406 2344 2451 magnitudo
2375 2409 2439 2442 tua

220 2459 332 2494 modis
365 2459 528 2494 omnibus
560 2458 700 2494 effectui
730 2457 935 2502 mancipare
967 2457 1218 2501 observarique
1247 2458 1434 2501 procuret,
1468 2464 1586 2500 poena
1617 2454 1739 2489 decem
1770 2453 1943 2488 librarum
1976 2452 2056 2487 auri
2086 2451 2291 2488 imminente
2313 2455 2439 2487 contra
2460 2455 2502 2487 45

220 2507 448 2539 temeratores
467 2507 670 2539 nostrarum
694 2503 904 2538 iussionum.
951 2501 1177 2545 Pragmatica
1201 2501 1271 2536 dat.
1295 2500 1342 2535 id.
1367 2501 1457 2544 Aug.
1483 2499 1550 2535 GP.
1574 2499 1658 2544 imp.
1683 2499 1742 2533 dn.
1766 2497 1954 2533 Iustiniani
1974 2507 2033 2541 pp.
2052 2496 2143 2541 Aug.
2159 2507 2253 2533 anno
2269 2496 2436 2532 XXVIII.

221 2560 277 2593 pc.
305 2549 427 2584 Basilii
451 2559 502 2585 vc.
533 2558 628 2585 anno
653 2549 750 2584 XIII.
775 2547 883 2583 Narsi
913 2546 988 2582 viro
1018 2547 1067 2582 ill.
1098 2546 1301 2592 praeposito
1334 2545 1430 2580 sacri
1454 2543 1620 2588 cubiculi,
1645 2543 1826 2579 Antiocho
1849 2542 1924 2578 viro
1950 2542 2140 2587 magnifico
2165 2542 2348 2587 praefecto
2373 2551 2438 2586 per

221 2594 368 2630 Italiam.

267 2709 283 2741 1
312 2705 582 2739 eo—inferente
608 2702 805 2746 Zachariae]
839 2714 912 2737 eum
938 2704 1020 2745 (eam
1042 2701 1092 2746 U)
1108 2721 1148 2726 —
1170 2701 1295 2735 inferat

224 2752 315 2792 libri,
347 2750 680 2793 eumque—inferre
706 2750 836 2783 Haencl
856 2752 869 2793 11
901 2759 963 2792 pro
986 2748 1172 2781 mutatione
1203 2747 1293 2789 MU]

225 2796 462 2839 permutationi
485 2795 541 2839 Ρ11
568 2797 587 2829 2
617 2796 659 2836 ei]
685 2796 717 2827 et
738 2794 809 2830 ΜΠ
821 2794 832 2837 11
852 2796 939 2835 cum]
964 2795 994 2826 oi
1011 2791 1069 2836 Ρ11
1088 2793 1294 2825 contraxerit

224 2841 259 2873 M
292 2841 304 2884 11
340 2841 414 2873 idus
433 2841 463 2875 U
487 2841 499 2882 11
529 2840 594 2873 GP.
613 2858 658 2864 —
676 2850 731 2882 pp.
757 2853 815 2872 om.
845 2838 873 2873 l]
903 2840 915 2880 11
948 2840 1052 2871 const.
1084 2837 1162 2870 PM
1185 2837 1197 2880 11
1226 2837 1295 2878 dn.]

223 2886 308 2918 dom.
332 2896 388 2917 nn.
414 2885 491 2918 PM
509 2885 521 2928 11
546 2885 713 2917 iutiniano
750 2884 826 2917 PM
845 2882 858 2927 11
882 2894 938 2927 pp.
963 2884 1011 2924 P]
1040 2883 1097 2926 pio
1127 2892 1182 2925 pp.
1207 2882 1245 2915 M
1268 2881 1281 2925 11

224 2932 243 2964 3
267 2931 332 2973 pc.]
364 2940 418 2973 pp.
445 2930 477 2963 P
503 2929 515 2973 11
551 2929 647 2962 basili
673 2929 752 2972 PM,
780 2928 872 2961 basil.
905 2928 937 2963 U
964 2927 977 2972 11
1012 2938 1064 2960 uc.
1089 2927 1174 2967 MU]
1205 2936 1294 2960 cons.

225 2974 258 3007 P
281 2977 292 3018 11
332 2985 419 3007 anno
456 2987 515 3007 om.
547 2975 584 3007 M
614 2973 627 3018 11
661 2974 742 3017 Gap.
768 2975 810 3008 21
845 2980 933 3006 extat
965 2974 998 3006 in
1032 2973 1112 3016 Κῦρε
1145 2971 1296 3005 Romana

224 3022 374 3053 canonice
399 3022 535 3061 compta)
551 3020 616 3060 sol.
632 3020 713 3052 172'2
734 3020 790 3052 ubi
807 3026 882 3062 post
897 3019 994 3051 inser.
1012 3018 1090 3050 add.
1107 3016 1192 3058 Kap.
1208 3015 1297 3048 XXI

225 3074 263 3096 ex
286 3064 351 3096 fine
375 3063 527 3096 nouellae
544 3063 556 3107 11
574 3066 595 3097 4
619 3063 725 3106 pretio
741 3063 786 3104 U]
802 3063 947 3106 pretium
962 3061 1032 3095 ΡΜ
1036 3062 1048 3094 l
1061 3063 1073 3103 11
1090 3061 1298 3093 satisfaciant

228 3109 255 3142 U
284 3108 296 3151 11
324 3109 362 3140 de
387 3118 451 3150 quo
476 3108 581 3149 MUl]
607 3111 640 3141 et
663 3108 751 3150 quod
773 3109 805 3140 P
824 3109 836 3151 11
866 3105 1005 3140 abstulit
1030 3104 1214 3140 Zachariae
1240 3105 1252 3149 11
1275 3106 1295 3139 5

225 3154 395 3185 materiam
420 3152 600 3185 abstolissit
623 3153 840 3185 inueniantur
865 3152 905 3184 M
925 3159 937 3196 11
961 3151 1027 3184 iam
1052 3163 1111 3184 om.
1136 3150 1176 3194 lss
1200 3151 1220 3184 6
1245 3150 1297 3182 in-

226 3197 349 3229 iunctis
375 3199 405 3230 P
420 3197 431 3240 11
447 3207 547 3239 praeo
571 3198 609 3230 M
624 3198 636 3240 11
654 3201 672 3231 7
701 3198 805 3230 alium
827 3196 866 3239 111
883 3196 924 3229 ab
949 3209 1007 3229 om.
1032 3196 1070 3228 M
1086 3196 1098 3238 11
1121 3195 1244 3238 prioris
1268 3194 1302 3227 P

226 3240 237 3283 11
261 3244 281 3275 9
305 3242 479 3274 inuenitur
514 3243 571 3283 Pl]
605 3242 798 3274 inueniatur
818 3242 887 3277 ΜΠ
904 3242 917 3284 11
940 3240 1119 3274 autenticis
1143 3241 1177 3274 P
1204 3242 1297 3272 aten-

227 3285 303 3317 ticis
328 3287 362 3318 M
388 3286 400 3329 11
429 3287 609 3319 contractis
634 3287 667 3319 P
692 3287 704 3329 11
733 3286 877 3319 solutum
903 3287 980 3320 libri
1007 3285 1020 3328 11
1050 3287 1088 3319 10
1114 3287 1157 3325 et]
1190 3286 1228 3317 ut
1254 3285 1267 3317 l
1287 3283 1299 3326 11

227 3330 316 3370 patri
340 3330 379 3362 M
392 3332 404 3373 11
422 3331 481 3371 qui
505 3333 762 3363 instrumentum
784 3332 796 3363 l
819 3332 831 3374 11
862 3332 902 3365 12
924 3329 1163 3363 inueniendum
1188 3328 1246 3373 Ρ11
1264 3330 1300 3361 at

230 3383 434 3415 quocumque
459 3375 497 3407 M
510 3375 522 3417 11
542 3378 583 3408 13
606 3376 817 3417 pertinebant
845 3376 1075 3418 Osenbriiqyen
1093 3375 1105 3417 11
1121 3374 1150 3406 is
1173 3374 1222 3414 P]
1248 3373 1300 3406 his

228 3417 299 3451 Ml]
321 3422 332 3458 11
366 3420 407 3452 14
437 3422 557 3452 subscr.
589 3432 645 3451 om.
673 3419 756 3452 ldie
791 3424 822 3451 et
844 3430 922 3452 ann.
948 3419 1016 3453 MU
1040 3418 1053 3462 11
1086 3421 1125 3452 15
1150 3428 1300 3451 annonas

229 3461 460 3495 ministrentur
484 3463 560 3496 libri
576 3463 588 3506 11
606 3474 702 3505 quam
734 3464 943 3496 theodericus
968 3463 1015 3504 M,
1037 3463 1249 3495 theudericus
1276 3461 1307 3496 U

231 3505 241 3545 ΙΙ
264 3507 305 3539 16
329 3506 452 3538 solidus
479 3507 513 3538 M
534 3520 584 3549 pr.
602 3508 614 3550 11
637 3511 673 3541 17
700 3518 781 3549 quas
808 3509 936 3541 Haenel
950 3507 963 3550 11
987 3507 1176 3541 uratoribus
1200 3507 1271 3540 MP
1290 3506 1301 3549 11

229 3553 306 3581 ante
332 3551 397 3584 MU
414 3552 426 3593 11
443 3550 583 3583 solidum
609 3552 642 3583 M
658 3564 709 3595 pr.
727 3553 738 3594 11
758 3554 799 3586 19
824 3551 990 3594 puplicam
1016 3553 1049 3584 P
1063 3552 1075 3591 11
1092 3563 1180 3584 anno
1204 3554 1237 3584 et
1255 3551 1299 3592 U]

231 3601 318 3626 anno
336 3594 375 3637 P,
400 3596 431 3626 et
447 3605 533 3628 anno
551 3596 591 3628 M
602 3596 614 3639 11
632 3597 670 3630 21
689 3595 815 3629 iudices
828 3595 988 3638 —ve1(‘l)
1002 3608 1059 3629 om.
1082 3596 1113 3630 U
1125 3599 1136 3640 11
1153 3606 1302 3629 exercere

2275 2589 2321 2629 [a.
2347 2588 2436 2627 5544

1362 2702 1516 2735 iuuemus
1539 2702 1574 2735 P
1594 2700 1607 2744 11
1633 2701 1676 2735 22
1697 2700 1871 2744 patiantur
1895 2699 1966 2735 ΜΠ
1975 2701 1988 2743 11
2007 2700 2040 2732 et
2063 2711 2120 2732 om.
2146 2698 2220 2732 ΡΜ
2228 2697 2242 2739 11
2261 2699 2302 2732 23
2327 2707 2386 2731 reu
2410 2698 2444 2731 P

1361 2747 1373 2791 11
1392 2747 1445 2780 vel
1470 2760 1527 2780 om.
1553 2745 1623 2781 MU
1651 2746 1663 2789 11
1694 2748 1738 2780 24
1766 2744 1924 2788 competit
1941 2744 2120 2787 petitiones
2138 2744 2178 2776 P.
2212 2743 2439 2776 condictiones

1367 2792 1597 2835 Gotbofredas,
1621 2790 1864 2832 compactiones
1881 2787 2067 2823 Zachariae
2081 2789 2094 2832 11
2112 2798 2158 2831 pu
2181 2786 2247 2820 lico
2263 2789 2297 2820 P
2307 2789 2320 2831 11
2336 2787 2441 2820 tutele

1363 2837 1398 2870 P
1423 2837 1435 2876 11
1461 2837 1628 2869 firmamus
1652 2836 1687 2868 P
1706 2836 1791 2879 vuly.
1821 2834 1833 2877 11
1863 2835 1904 2868 25
1937 2832 2117 2876 possidenti
2174 2833 2328 2866 achariae
2351 2833 2438 2872 olim]

1363 2881 1549 2924 possidente
1574 2881 1652 2914 libri
1679 2879 1691 2921 11
1716 2881 1750 2912 et
1775 2879 1806 2914 U
1826 2892 1886 2912 om.
1910 2878 1992 2911 MP
2015 2877 2027 2921 11
2058 2878 2100 2910 26
2123 2876 2265 2909 fabricas
2285 2875 2437 2919 publicas

1365 2927 1443 2960 libri
1462 2925 1475 2968 11
1501 2924 1769 2958 consuitudinem
1794 2924 1832 2957 M
1847 2924 1859 2962 11
1879 2921 2060 2965 priuilegio
2085 2920 2201 2964 91127
2226 2921 2438 2964 puplicarum

1364 2971 1398 3004 P
1410 2970 1423 3013 11
1440 2970 1535 3003 albeo
1555 2970 1590 3003 P
1604 2969 1616 3013 11
1633 2969 1737 3002 fortui
1753 2968 1824 3004 Ml]
1837 2967 1850 3012 11
1865 2967 1943 3008 sive]
1968 2977 2026 2999 sue
2041 2965 2137 3009 ΜΠ11
2155 2967 2197 2999 28
2217 2965 2345 2998 hisdem
2359 2965 2438 3008 MP,

1365 3015 1484 3048 eisdem
1511 3015 1541 3050 U
1555 3015 1567 3058 11
1585 3016 1627 3049 29
1650 3016 1683 3047 et
1706 3027 1764 3047 om.
1790 3014 1867 3047 libri
1888 3011 1900 3056 11
1927 3014 1966 3047 31
1993 3021 2091 3053 super
2114 3010 2291 3043 indictium
2313 3009 2437 3054 Μ1132

1364 3070 1583 3102 unaquaeque
1606 3058 1679 3094 MU
1701 3058 1715 3102 11
1743 3059 1785 3092 33
1819 3056 2058 3100 temptantibus
2084 3056 2324 3098 Osenbraqqen]
2356 3057 2438 3087 tem-

1364 3107 1496 3149 ptantes
1522 3104 1588 3137 PM
1603 3104 1615 3147 11
1640 3105 1684 3138 34
1708 3115 1750 3136 an
1776 3104 1808 3135 et
1829 3102 1930 3135 cum?
1948 3102 1960 3144 11
1977 3102 2172 3133 marcatores
2196 3099 2254 3143 Ρ11
2270 3109 2330 3142 pro
2354 3109 2437 3140 quos

1365 3150 1403 3184 M
1412 3148 1424 3194 11
1435 3150 1564 3192 possint
1581 3150 1658 3182 libri
1668 3147 1680 3193 11
1693 3149 1734 3182 35
1751 3147 2017 3189 magnitudinem
2032 3164 2072 3170 —
2086 3145 2327 3178 examinantem
2344 3144 2436 3182 libri;

1366 3196 1497 3228 correxi
1522 3194 1535 3237 11
1564 3194 1607 3228 36
1631 3203 1729 3235 super
1751 3191 1911 3225 indictico
1935 3190 1974 3224 M
1999 3189 2012 3233 11
2038 3190 2147 3222 honus
2171 3189 2230 3232 Ρ11
2255 3190 2296 3222 37
2325 3190 2358 3220 et
2381 3200 2438 3221 om.

1368 3240 1447 3273 libri
1464 3239 1476 3283 11
1491 3241 1549 3280 ss.]
1573 3248 1622 3281 sp.
1647 3238 1683 3271 M
1698 3237 1711 3281 11
1730 3238 1773 3271 38
1792 3235 1939 3269 uoluerit
1963 3243 1992 3268 et
2015 3234 2216 3276 impediatur
2241 3232 2297 3277 Ρ11
2316 3234 2359 3266 39
2380 3242 2439 3264 no-

1366 3286 1465 3317 stram
1479 3284 1548 3317 PM
1562 3283 1574 3326 11
1592 3282 1738 3316 volentes
1752 3281 1858 3322 Beck]
1883 3279 2076 3312 uolentibus
2095 3279 2171 3311 libri
2187 3279 2198 3316 11
2214 3280 2257 3312 40
2274 3276 2438 3310 neminem

1369 3330 1444 3363 libri
1464 3327 1477 3372 11
1503 3330 1542 3362 41
1571 3327 1745 3371 prouincia
1764 3326 1798 3359 P
1813 3325 2007 3368 prouinciae
2030 3322 2162 3356 undieis
2183 3322 2225 3355 M
2236 3322 2248 3365 11
2266 3324 2309 3356 42
2334 3332 2440 3354 come-

1367 3372 1447 3406 andi
1471 3373 1508 3405 M
1522 3372 1535 3416 11
1553 3372 1705 3405 dominus
1725 3371 1758 3404 P
1770 3371 1783 3413 11
1801 3372 1843 3404 44
1864 3380 1922 3412 per
1944 3369 2006 3401 hac
2026 3367 2066 3400 M
2079 3367 2091 3410 11
2108 3369 2149 3401 45
2174 3367 2292 3400 effectu
2319 3366 2357 3399 Μ
2363 3366 2440 3409 ρν.11

1367 3418 1539 3451 observare
1554 3417 1630 3458 PM,
1647 3417 1774 3449 correxi
1789 3415 1800 3458 11
1817 3414 1967 3458 procurit
1980 3413 2017 3446 M
2030 3412 2042 3453 11
2061 3413 2103 3445 46
2119 3411 2356 3453 pragmaticam
2370 3408 2439 3450 PU,

1367 3465 1527 3505 pragmat.
1554 3461 1595 3494 M
1605 3465 1615 3500 ΙΙ
1635 3461 1751 3493 Gonst.
1768 3478 1809 3483 ——
1824 3461 1910 3500 Aug.
1935 3471 1994 3492 om.
2016 3456 2055 3490 M
2070 3456 2083 3499 11
2100 3455 2178 3497 ΟΡ.]
2202 3458 2303 3489 const.
2331 3455 2407 3487 libri
2427 3451 2441 3496 11

1368 3507 1436 3548 dn.]
1469 3506 1554 3539 dom.
1579 3515 1639 3539 nn.
1666 3505 1705 3547 P,
1737 3504 1821 3538 dom.
1846 3506 1906 3536 firo
1931 3502 1962 3537 U
1987 3501 2000 3546 11
2033 3501 2226 3541 Iustiniani]
2256 3498 2438 3532 iustiniano

1369 3551 1426 3595 pio
1449 3551 1490 3593 P,
1514 3551 1592 3583 iust.
1617 3550 1670 3594 pie
1699 3549 1730 3584 U
1750 3547 1763 3593 11
1784 3559 1839 3591 pp.
1861 3548 1908 3588 P]
1932 3557 1984 3590 pc.
2007 3545 2039 3581 U
2053 3545 2122 3587 1147
2148 3543 2244 3576 basili
2269 3545 2345 3576 libri
2360 3541 2373 3585 11
2389 3550 2438 3573 vc.

1369 3595 1573 3629 —cubiculi
1596 3608 1654 3629 om.
1682 3593 1714 3629 U
1726 3593 1738 3639 11
1755 3593 1911 3626 anthioco
1936 3589 2041 3631 librili
2058 3591 2101 3625 48
2124 3588 2220 3622 italia
2244 3588 2320 3621 libri
