2658 4016
260 194 513 227 mammo
1307 180 1411 223 XIV

260 296 479 340 ciossimas
510 294 773 339 coniecturas
797 306 926 348 saepe
949 294 992 336 in
1013 295 1221 348 apparatu
1241 294 1330 333 tan-

260 358 347 395 tum
379 350 737 396 commemoravit.
786 348 991 393 Codicum
1013 354 1332 400 ceterorumque

260 409 436 452 fontium
476 407 681 450 lectiones
718 404 947 449 adnotatae
983 408 1079 448 sunt
1108 403 1334 456 diligenter

259 468 426 518 praeter
455 463 561 506 vitia
589 461 820 515 levissima,
853 461 1120 505 coniecturae
1147 459 1332 501 virorum

260 519 477 563 doctorum
519 530 596 561 eae
636 521 819 570 tantum,
859 529 969 571 quae
1007 516 1152 569 aliqua
1181 513 1333 568 proba-

261 575 425 618 bilitate
455 573 862 618 commendarentur.

344 630 493 674 Versio
538 629 670 672 latina
711 629 839 683 plane
877 630 1080 670 renovata
1123 628 1206 679 est,
1251 636 1336 678 qua

258 685 314 730 de
357 690 478 741 parte
523 685 682 740 optime
721 684 873 727 meruit
912 683 1125 735 Krueger;
1170 679 1334 723 indices

259 741 416 786 adiecti
455 754 532 785 sua
566 741 649 796 ipsi
680 740 861 782 utilitate
891 737 1251 790 commendantur,
1289 735 1334 777 in

259 797 469 842 addendis
490 801 533 840 et
553 796 694 839 indice
715 795 769 838 de
790 793 1168 847 Bambergensium
1187 791 1332 835 lectio-

371 896 745 942 Vratislaviae
775 895 816 938 d.
843 897 891 937 17
923 893 1254 937 m.Nov.1894.

1399 292 1524 358 nibus
1580 292 1817 336 accuratius
1874 294 2054 337 relatum
2112 307 2207 339 esse
2255 309 2382 351 quam
2430 297 2475 340 in

1401 359 1534 413 ipsius
1578 350 1797 411 contextus
1838 349 1950 392 notis
1993 362 2122 405 supra
2159 350 2262 394 dixi.
2328 353 2476 396 Restat

1401 407 1529 456 igitur
1558 406 1604 445 ut
1632 405 1791 456 gratias
1821 415 1947 457 agam
1974 407 2183 450 maximas
2213 410 2255 450 et
2285 407 2475 451 Schoelli

1403 462 1579 523 etUmeo
1617 457 1787 500 nomine
1817 459 2011 503 omnibus
2040 462 2279 517 quicunque
2309 463 2365 506 de
2395 462 2476 506 hac

1404 512 1591 556 edltione
1619 517 1874 567 meruerunt,
1905 514 2108 568 imprimis
2128 517 2261 561 Paulo
2281 519 2475 573 Krueger

1403 567 1631 612 Theodoro
1661 568 1893 612 Mommsen
1929 569 2128 615 Eduardo
2158 573 2391 617 Zachariae
2421 573 2475 617 de

1403 623 1657 679 Lingenthal
1685 625 1948 668 clarissimae
1967 628 2196 672 memoriae
2216 630 2321 683 viro,
2354 642 2474 685 prae·

1404 683 1521 723 terea
1550 680 1775 724 Francisco
1806 679 1993 723 Skutsch
2022 682 2172 738 amico,
2205 686 2278 738 qui
2307 690 2476 740 praeter

1403 736 1668 802 Kruegerum
1700 740 1742 780 et
1766 736 2072 780 Mommsenum
2101 737 2144 780 in
2171 740 2356 794 plagulis
2386 754 2474 785 cor-

1403 791 1592 846 rlgendis
1620 805 1689 836 me
1717 792 1894 836 adiuvit.

1818 1002 2086 1048 Guilelmus
2116 1002 2276 1047 Kroll.
