2618 4010
1210 109 1292 159 413

134 227 283 271 ευρέσεις
305 221 472 263 ἀποδείξο
502 237 542 258 εν
565 227 734 269 νομίμους
756 227 816 258 καὶ
837 225 1040 271 κρινοῦμεν,
1065 229 1138 260 τοῖς
1161 239 1217 261 τε·
1286 226 1504 263 ostendimus
1527 227 1702 273 legitimas
1733 231 1841 273 atque
1864 228 2114 271 discernimus,
2141 229 2363 274 perfectiori·

133 270 318 319 λεωτέροις
349 267 587 304 ἀποδιδόντες
620 270 666 304 τὰ
695 269 830 304 καλλίω
861 274 922 305 καὶ
946 270 1029 306 τοὺς
1052 269 1216 306 ἐλάττους
1285 271 1354 306 bus
1378 271 1632 309 distribuentes
1664 283 1756 318 quae
1778 274 1925 310 meliora
1949 279 2034 310 sunt
2064 277 2101 310 et
2123 275 2277 311 minores
2301 285 2362 311 ex-

134 316 158 352 2
205 316 345 356 ἐξισοῦν
364 311 483 349 αὐτοῖς
505 315 570 348 οὐκ
585 313 827 359 ἀνεχόμενοιμ
852 319 913 350 καὶ
929 315 1046 352 πολλά
1064 329 1105 364 γε
1122 314 1215 361 ἡμᾶς
1282 317 1307 352 2
1353 327 1507 362 aequare
1532 318 1583 354 eis
1606 329 1681 355 non
1703 318 1890 364 patientes.
1938 319 2097 356 Plurima
2119 330 2272 366 namque
2295 331 2361 357 nos

132 362 181 395 εἰς
200 362 306 395 τοῦτο
330 363 538 407 προέτρεψε.
587 361 764 407 πρότερον
787 363 855 404 μὲν
874 361 942 408 γὰρ
965 363 1085 408 ἕτερος
1107 360 1212 406 ἡμῶν
1281 362 1328 397 ad
1351 362 1421 398 hoc
1441 363 1694 400 invitaverunt.
1742 364 1901 400 Primum
1925 365 2068 410 quidem
2099 366 2214 402 altera
2235 370 2361 403 nostra

132 405 256 451 νόμος,
287 405 320 439 εἰ
349 408 433 440 παῖς
464 404 683 450 τελευτήσειε
712 405 846 442 παῖδας
869 405 931 441 οὐκ
954 410 1061 450 ἔχων,
1091 406 1137 451 [ἢ]
1162 408 1211 442 εἰς
1246 412 1265 444 5
1279 408 1357 450 lex,
1383 409 1414 443 si
1436 409 1531 445 filius
1554 409 1727 446 moriatur
1749 409 1841 446 filios
1866 421 1938 447 non
1961 411 2108 454 habens,
2134 411 2261 447 deinde
2284 412 2359 447 exi-

164 450 173 460 *
211 450 226 460 '¹
361 448 368 460 '
568 452 584 459 ”
783 450 800 461 ’“
926 450 934 462 ’
1194 450 1211 462 ”
1279 453 1455 489 stentibus
1486 455 1539 490 ita
1569 455 1663 491 forte
1695 456 1866 492 maternis
1897 458 2006 493 rebus
2037 460 2102 491 aut
2133 467 2177 492 ex
2207 457 2360 503 nuptiali

131 499 190 530 καὶ
219 495 258 536 ἐξ
288 493 393 539 ἄλλης
424 497 541 531 αἰτίας
565 509 837 545 απροςποριστα
862 511 1057 545 πραγματα
1080 497 1209 546 πρότε-
1279 501 1342 534 aut
1357 500 1463 535 etiam
1484 510 1529 535 ex
1544 501 1615 536 alia
1633 510 1752 543 causa,
1779 511 1871 546 quae
1895 512 1967 537 non
1987 501 2235 546 adquiruntur,
2258 503 2359 548 prius

131 554 196 585 ρον
219 541 299 575 τοὺς
319 543 357 574 ἐκ
381 544 459 576 τῶν
479 540 603 576 αὐτῶν
619 542 755 600 χάμων
778 542 950 590 ἀδελφοὺς
972 544 1020 578 εἰς
1043 542 1111 578 τὸν
1131 542 1209 587 κλῆ-
1280 554 1324 579 ex
1344 545 1477 580 eisdem
1501 546 1636 591 nuptiis
1660 546 1791 582 fratres
1816 546 1862 581 ad
1884 546 2118 582 hereditatem
2141 547 2272 588 vocari,
2298 548 2358 583 de-

130 599 194 631 ρον
210 585 316 629 καλεῖ,
341 587 419 621 εἶτα
442 587 524 621 τοὺς
547 588 586 628 ἐξ
609 591 756 635 εἷς’ρων,
780 592 840 623 καὶ
863 586 943 633 μετ’
968 590 1120 623 ἐκείνους
1143 589 1210 623 τὸν
1278 589 1361 624 inde
1392 600 1437 625 ex
1467 591 1565 632 aliis,
1598 595 1634 626 et
1664 596 1746 636 post
1776 593 1843 627 hos
1874 594 2032 637 patrem:
2070 593 2165 643 quod
2194 592 2358 637 probatio

130 634 287 678 πατέρα·
311 628 400 679 ὅπερ
424 630 606 674 ἀπόδειξις
629 635 674 677 ὴν
694 635 757 668 τοῦ
774 632 887 669 πάλαι
907 635 1023 668 ταῦτα
1043 632 1112 678 τὴν
1127 632 1209 678 ἧμε-
1225 639 1265 670 10
1279 638 1357 670 erat
1389 645 1430 670 eo
1465 635 1559 679 quod
1591 636 1725 671 dudum
1753 637 1842 671 talia
1873 641 1997 672 nostra
2027 636 2203 680 legislatio
2229 647 2358 673 conce—

129 679 237 724 τέραν
260 678 485 721 νομοθεσίαν
511 676 666 713 ὠδίνειν.
715 680 746 713 εἰ
762 679 830 725 γὰρ
853 682 913 712 καὶ
937 678 1073 725 πατρὸς
1095 676 1208 713 ὑπόν-
1278 680 1401 725 pisset.
1450 680 1542 715 Nam
1566 682 1597 715 si
1629 685 1664 715 et
1687 684 1791 725 patre
1814 682 1991 717 existente
2022 692 2087 717 suo
2117 682 2214 726 patri
2243 685 2280 718 et
2301 683 2358 718 his

128 733 188 756 τος
219 721 328 756 αὐτοῦ
358 735 398 757 τε
428 725 494 757 τοῦ
523 723 661 771 πατρὸς
692 728 751 758 καὶ
782 726 861 759 τῶν
884 725 923 765 ἐξ
950 724 1071 770 ἑτέρου
1093 722 1208 771 γάμου
1278 725 1338 770 qui
1362 727 1446 760 sunt
1469 735 1512 760 ex
1536 726 1615 760 aliis
1646 726 1782 770 nuptiis
1814 727 1988 772 praeponi
2018 727 2300 772 consanguineos
2324 731 2360 763 et

129 768 381 814 προτιμᾶσθαι
406 768 487 803 τοὺς
510 766 746 816 ὁμομητρίους
766 773 826 803 καὶ
846 767 1088 815 ὁμοπατρίους
1108 767 1207 804 ἀδελ·
1277 770 1438 805 uterinos
1458 770 1590 805 fratres
1609 771 1792 815 contingit,
1817 781 2040 817 consequens
2061 774 2126 814 est,
2151 773 2235 807 licet
2255 776 2359 826 pater

129 811 215 857 φούς
231 817 437 858 συμβαίνει,
458 812 663 849 ἀκόλουθόν
685 817 778 857 ἐστι,
799 811 866 848 κᾶν
886 816 917 849 εἰ
935 814 984 859 μὴ
1002 813 1122 861 πατὴρ
1142 811 1208 849 {Ja-
1277 825 1350 850 non
1385 815 1518 850 existat
1553 815 1617 851 sed
1650 815 1782 852 fratres
1819 817 2059 862 solummodo,
2094 828 2269 863 praeponi
2302 818 2359 854 his

128 868 229 891 εστιν
252 856 332 893 ἀλλ’
359 856 507 914 ἀδελφοὶ
530 860 654 905 μόνον,
684 860 937 913 προτιμᾶσθαι
967 861 1044 894 τῶν
1069 859 1108 900 ἐξ
1131 859 1208 894 ἑνὸς
1224 863 1264 895 15
1279 860 1339 904 qui
1370 870 1415 895 ex
1446 872 1517 896 uno
1548 861 1750 906 parentium
1782 863 2006 898 solummodo
2038 863 2254 908 copulantur
2282 874 2358 899 mo-

133 123 342 156 ursmms
369 122 617 155 manemus
1874 117 1983 161 Nov.
2013 116 2236 162 LXXXIV
2271 120 2306 162 1.
2337 116 2363 161 2

132 465 178 486 τα
205 463 297 485 οντα
327 452 427 494 αυτῷ
456 464 609 506 μητρῳμ
639 451 749 507 τυχὸν
780 467 802 496 η
832 455 892 486 καὶ
916 453 989 507 απὸ
1007 454 1158 501 γαμικῆς
1187 466 1210 496 η

128 904 206 937 τῶν
235 907 375 951 γονέων
405 918 521 949 μονον
552 908 837 949 συναπτομένων
867 918 921 949 τῳ
955 904 1208 948 τελευτήσαντι

128 949 209 983 τοὺς
242 948 373 994 ὁμοίως
395 952 462 995 μὲν
486 948 722 997 ὁμομητρίους
747 947 881 995 ὁμοίως
905 948 945 984 δὲ
968 947 1209 996 ὁμοπατρίους

128 994 246 1028 ὄντας.
293 999 353 1029 καὶ
377 995 514 1030 τούτοις
543 998 742 1041 συμβαῖνον
773 994 818 1029 ἄν
842 995 894 1039 εἴη
926 996 970 1030 τὸ
996 994 1124 1041 πρώην
1147 997 1210 1030 ἐπί

128 1054 168 1073 τε
191 1043 264 1074 τοῖς
276 1038 467 1096 ,μητρῴοις
497 1045 557 1075 καὶ
579 1045 652 1076 τοῖς
683 1039 757 1076 ἀπὸ
780 1042 933 1088 γαμικῆς
965 1042 1082 1075 αἰτίας
1104 1038 1126 1084 ἢ
1148 1043 1208 1074 καὶ

1277 905 1383 940 rienti
1406 915 1468 941 eos
1489 906 1549 950 qui
1567 906 1730 942 similiter
1753 907 1894 952 quidem
1920 908 2175 952 consanguinei
2198 908 2360 945 similiter

1276 953 1396 985 autem
1428 951 1560 986 uterini
1591 957 1686 987 sunt.
1735 952 1786 987 Et
1816 954 1870 988 his
1906 954 2120 989 conveniens
2156 953 2225 990 erit
2259 954 2358 996 illud,

1277 996 1372 1040 quod
1389 996 1522 1032 dudum
1547 998 1634 1032 etin
1650 998 1821 1033 maternis
1846 1001 1882 1034 et
1898 999 1936 1034 in
1956 999 2012 1034 his
2038 1009 2130 1044 quae
2146 1009 2191 1035 ex
2206 999 2360 1045 nuptiali

1278 1051 1388 1076 causa
1414 1046 1477 1077 aut
1500 1042 1603 1077 aliter
1626 1053 1698 1078 non
1723 1043 1959 1089 adquiruntur
1982 1045 2159 1080 sancitum
2183 1047 2255 1088 est,
2289 1045 2359 1081 hoc

128 1084 244 1119 ἄλλοις
267 1090 560 1133 απροςπορίστοις
583 1086 920 1140 νενομοθετημένον
938 1088 1045 1120 τοῦτο
1065 1089 1124 1120 καὶ
1148 1087 1208 1120 ἐπὶ
1222 1090 1263 1122 20
1277 1087 1383 1122 etiam
1406 1087 1443 1122 in
1467 1087 1613 1133 reliquis
1638 1089 1822 1124 morientis
1854 1090 1961 1125 rebus
1986 1090 2104 1126 valere
2129 1093 2238 1136 atque
2260 1092 2358 1126 trac-

128 1134 201 1164 τοῖς
231 1130 368 1166 λοιποῖς
398 1134 462 1166 τοῦ
486 1131 762 1176 τελευτήσαντος
786 1144 973 1178 πραγμασι
1000 1135 1145 1179 κρατεῖν
1168 1144 1208 1165 τε

128 1180 188 1209 καὶ
212 1174 482 1212 πολιτεύεσθαι.
532 1178 642 1212 Οὗτος
664 1180 789 1211 τοίνυν
814 1178 832 1210 ὁ
859 1175 969 1222 νόμος
993 1179 1053 1211 ἐπὶ
1077 1174 1207 1211 τούτου

128 1223 192 1255 τοῦ
219 1219 346 1256 δόντος
371 1220 469 1266 αὐτῷ
495 1223 563 1267 τὴν
585 1220 783 1268 πρόφασιν,
816 1219 864 1256 ιὸς
886 1223 1041 1268 εἴρηται,
1067 1222 1207 1256 κείσθω

128 1267 297 1311 θ’έματος.
355 1271 414 1301 καὶ
449 1270 596 1314 ἐπείπερ
631 1270 669 1301 ἐκ
703 1268 818 1314 τριῶν
850 1272 1084 1302 συνοικεσίων
1118 1265 1207 1309 αὕτη

1276 1132 1357 1168 tari.
1404 1132 1504 1168 Haec
1535 1133 1642 1178 igitur
1673 1134 1732 1169 lex
1760 1135 1799 1170 in
1829 1134 1898 1170 isto
1933 1146 2021 1170 casu
2045 1136 2131 1171 data
2160 1136 2228 1171 sibi
2252 1146 2358 1172 occa-

1277 1178 1387 1220 sione,
1414 1179 1519 1214 sicuti
1544 1179 1677 1214 dictum
1700 1182 1767 1221 est,
1795 1180 1914 1225 posita
1938 1180 1995 1216 sit.
2045 1181 2095 1216 Et
2119 1182 2201 1227 quia
2226 1191 2269 1217 ex
2292 1182 2358 1217 tri-

1277 1223 1344 1258 bus
1365 1224 1600 1260 matrimoniis
1621 1225 1710 1260 haec
1726 1226 1905 1270 processit
1925 1227 2063 1262 novitas
2081 1230 2243 1270 naturae,
2268 1227 2359 1262 nihil

1276 1269 1459 1313 prohibet,
1502 1269 1557 1305 vel
1593 1269 1625 1305 si
1660 1270 1737 1316 quis
1774 1275 1885 1315 ponat
1921 1273 1957 1307 et
1991 1272 2030 1307 in
2067 1272 2207 1308 duobus
2243 1273 2359 1308 solum

129 1312 318 1359 προῆλθεν
332 1311 354 1356 ἡ
373 1317 584 1357 καινοτομία
600 1324 663 1369 της
682 1311 832 1359 φύσεως,
853 1311 960 1347 οὐδὲν
976 1311 1117 1354 κωλύει,
1139 1311 1207 1347 κᾶν
1221 1317 1262 1349 25
1276 1315 1510 1351 matrimoniis
1542 1315 1632 1352 alios
1664 1316 1805 1361 quidem
1838 1326 1916 1352 esse
1948 1318 2063 1352 solum
2087 1318 2246 1353 uterinos
2295 1322 2360 1353 aut

128 1359 163 1391 εἴ
182 1369 235 1392 τις
256 1356 442 1392 ὑπόθοιτο
472 1362 531 1392 καὶ
561 1360 599 1393 ἐκ
623 1357 688 1392 ὸυο
710 1358 840 1404 μόνων
869 1357 1001 1406 γάμων
1029 1359 1112 1393 τοὺς
1133 1361 1208 1413 μὲν

128 1403 221 1437 εἴναι
243 1402 359 1447 μόνον
379 1401 621 1451 ὁμοπατρίους
640 1402 664 1447 ἢ
679 1402 933 1450 ὁμομητρίους,
957 1405 1040 1439 τοὺς
1063 1402 1104 1439 δὲ
1123 1417 1207 1448 ομο-

128 1453 298 1495 πατρίους
329 1463 368 1483 τε
401 1445 476 1494 ὁῖμα
507 1453 567 1483 καὶ
590 1447 842 1495 ὁμομητρίους,
875 1448 945 1484 κᾶν
968 1450 1004 1484 εἴ
1028 1462 1082 1485 τις
1105 1451 1206 1484 ἐκτα-

128 1494 246 1538 θῆναι
270 1492 348 1538 δοίη
372 1495 418 1528 τὰ
443 1498 644 1529 συνοικέσια
667 1498 727 1529 καὶ
758 1499 813 1530 ἔτι
836 1494 974 1540 μᾶλλον
999 1493 1145 1530 τοιοῦτό
1170 1508 1207 1529 τι

1278 1360 1586 1406 consanguineos>,
1620 1361 1709 1396 alios
1731 1366 1851 1397 autem
1877 1363 2159 1407 consanguineos
2195 1363 2284 1398 simu
2323 1367 2360 1399 et

1276 1406 1452 1449 uterinos,
1490 1406 1546 1441 vel
1578 1406 1609 1442 si
1641 1407 1719 1452 quis
1751 1407 1896 1443 extendi
1928 1407 2026 1444 dicat
2060 1408 2286 1444 matrimonia
2323 1411 2360 1443 et

1275 1451 1394 1487 adhuc
1425 1452 1577 1496 amplius
1609 1453 1682 1487 tale
1716 1453 1851 1496 aliquid
1882 1453 1980 1489 fieri:
2018 1457 2054 1488 et
2084 1454 2137 1489 sic
2166 1454 2202 1489 in
2235 1454 2358 1489 huius-

1275 1497 1372 1532 modi
1392 1498 1536 1533 casibus
1560 1497 1622 1533 ubi
1638 1497 1728 1533 tales
1750 1498 1894 1543 quidam
1918 1499 2195 1535 introducuntur
2213 1499 2358 1535 ordines

126 1540 317 1586 γενέσθαι·
353 1543 414 1574 καὶ
437 1537 552 1575 οὕτως
582 1541 629 1574 εἰς
658 1540 705 1574 τὰ
734 1542 886 1575 τοιαῦτα
917 1542 992 1576 τῶν
1016 1539 1207 1585 θεμάτων,
1221 1544 1262 1577 30
1276 1542 1446 1587 fratrum,
1484 1544 1542 1578 lex
1573 1543 1707 1578 habeat
1741 1553 1843 1579 suam
1878 1544 2062 1588 virtutem,
2100 1549 2135 1579 et
2166 1544 2360 1580 excludant

128 1585 225 1619 ἔνθα
243 1586 412 1619 τοιαῦταί
428 1597 522 1620 τινες
539 1585 740 1632 εἰςάγονται
759 1584 878 1628 τάξεις
899 1583 1079 1632 ἀδελφῶν,
1104 1585 1124 1621 ὁ
1145 1584 1206 1621 νό-
1277 1588 1411 1634 duplici
1435 1592 1576 1624 utentes
1600 1589 1679 1624 iure
1703 1598 1764 1625 eos
1793 1589 1854 1634 qui
1877 1600 1949 1626 uno
1973 1590 2050 1626 solo
2074 1590 2127 1625 uti
2151 1594 2312 1635 possunt.

125 1641 190 1674 μος
220 1632 331 1673 ἐχέτω
361 1631 430 1674 τὴν
462 1632 596 1665 οἰκείαν
625 1628 741 1674 ἰσχύν,
771 1635 831 1666 καὶ
855 1629 1150 1667 ἀποκλειέτωσαν
1173 1631 1210 1666 οἱ

127 1672 264 1754 {inicis
298 1674 477 1721 χρώμενοι
513 1674 661 1711 δικαίοις
696 1676 779 1711 τοὺς
818 1678 872 1712 ἑνὶ
905 1676 1011 1723 μόνῳ
1046 1678 1208 1725 χρῆσθαι

150 1733 351 1765 υναμενους.

1141 1827 1298 1863 CAPUT
1323 1827 1369 1864 ΙΙ.

1328 1907 1365 1942 Si
1389 1916 1473 1943 vero
1498 1917 1570 1943 non
1593 1908 1675 1943 talis
1702 1911 1756 1944 est
1780 1917 1905 1951 casus,
1939 1908 2002 1944 sed
2025 1909 2247 1947 solummodo
2272 1921 2356 1947 con-

1274 1953 1391 1988 stituti
1426 1957 1512 1988 sunt
1545 1955 1676 1989 uterini
1711 1958 1774 1989 aut
1810 1955 2083 2000 consanguinei,
2121 1959 2156 1991 et
2185 1957 2359 1992 moriatur

1275 1998 1403 2043 aliquis
1435 1998 1606 2043 fratrum,
1640 2000 1730 2035 haec
1754 2000 1933 2044 prloribus
1967 2000 2179 2036 subiaceant
2209 2001 2358 2047 legibus,

125 2039 263 2083 νόμοις,
295 2039 398 2087 οἵπερ
429 2040 552 2084 αυτιῦν
583 2038 650 2082 ἤδη
681 2040 743 2075 τὰς
770 2039 936 2084 διαδοχὰς
960 2040 1203 2078 διετύπωσαν.
1275 2054 1367 2089 quae
1391 2053 1515 2079 eorum
1543 2045 1614 2079 iam
1639 2046 1885 2081 successiones
1909 2044 2172 2091 disposuerunt.
2220 2047 2359 2084 Locum

128 2084 265 2132 Χώραν
295 2088 420 2129 μέντοι
452 2085 552 2119 οὗτος
587 2082 606 2118 ὁ
640 2084 748 2128 νόμος
779 2088 889 2128 ἐχέτω
919 2087 968 2131 μὴ
998 2087 1113 2132 μόνον
1145 2091 1204 2123 ἐπὶ
1274 2092 1395 2124 tamen
1419 2090 1508 2124 haec
1531 2089 1589 2124 lex
1614 2090 1747 2126 habeat
1779 2101 1852 2126 non
1876 2091 1991 2126 solum
2023 2092 2060 2126 in
2083 2091 2154 2128 hoc
2178 2102 2265 2129 casu
2321 2093 2359 2128 ui

127 2131 190 2164 τοῦ
213 2129 282 2173 τὴν
305 2129 452 2173 ζήτησιν
486 2130 701 2185 κινήσαντοί
719 2131 897 2188 ᾅέματος,
931 2131 1023 2167 ἀλλὰ
1053 2136 1113 2167 καὶ
1145 2136 1205 2169 ἐπὶ
1219 2137 1260 2169 40
1276 2134 1520 2179 quaestionem
1544 2135 1663 2179 movit,
1697 2136 1761 2172 sed
1785 2136 1892 2171 etiam
1921 2136 1958 2171 in
1981 2137 2037 2173 his
2067 2137 2129 2182 qui
2151 2140 2279 2183 postea.
2318 2149 2358 2174 u-

127 2177 201 2209 τοῖς
222 2174 314 2218 μετὰ
337 2176 453 2209 ταῦτα
477 2177 657 2219 ἐσομένοις
680 2189 701 2218 η
726 2179 780 2210 ἑτι
807 2180 867 2209 καὶ
890 2178 958 2211 νῦν
981 2177 1205 2223 ἠρτημενοις“

185 1904 229 1937 Εἰ
260 1900 300 1937 δὲ
332 1900 373 1937 οὗ
404 1902 571 1937 τοιοῦτόν
602 1905 680 1938 ἐστι
712 1904 754 1938 τὸ
784 1905 903 1949 θἐζιια,
928 1903 1010 1940 ἀλλ’
1037 1902 1059 1949 ἢ
1090 1905 1261 1951 μόνον35

127 1950 351 1983 καθεστᾶσιν
375 1946 590 1995 ὁμοπάτριοι
614 1946 636 1992 ἢ
659 1947 879 1996 ὁμομήτριοι,
905 1954 963 1984 καὶ
986 1950 1208 1996 τελευτήσειέ

126 2006 179 2028 τις
208 1995 287 2028 τῶν
314 1990 493 2049 ἀδελφῶν,
524 1996 640 2028 ταῦτα
671 1999 745 2029 τοῖς
776 1999 962 2043 προτέροις
992 1995 1205 2032 ἀνακείσθω

129 2332 252 2368 demus
276 2336 312 2367 et
333 2331 575 2367 discernemus
599 2332 668 2374 ita,
698 2335 739 2366 ut
785 2332 1041 2377 erfeccioribus
1064 2333 1213 2368 meliora
1241 2334 1440 2368 tribuamus
1470 2345 1536 2369 nec
1560 2336 1758 2380 inferiores
1787 2336 1862 2372 illis
1890 2339 2096 2383 exaequari
2114 2340 2312 2385 patiamur.

128 2378 152 2413 2
198 2378 251 2412 Ac
275 2376 387 2412 multa
411 2376 553 2422 quidem
584 2387 652 2411 nos
675 2375 725 2411 ad
773 2387 816 2411 oc
846 2377 1076 2423 impulerunt.
1124 2377 1287 2413 Primum
1318 2380 1411 2414 enim
1442 2379 1517 2414 alia
1548 2379 1612 2426 tex
1641 2384 1788 2423 nostra,
1824 2381 1857 2415 si
1884 2382 1985 2426 silius
2014 2384 2194 2419 moriatur
2225 2384 2359 2421 liberos

129 2433 203 2458 non
236 2422 389 2464 habens,
429 2422 468 2455 in
500 2421 594 2456 bona
623 2432 717 2466 quae
746 2421 779 2456 ei
807 2427 890 2456 sunt
920 2427 1085 2458 materna
1113 2423 1216 2468 forte
1247 2423 1304 2459 vel
1332 2435 1382 2459 ew
1412 2424 1571 2471 nuptiali
1606 2425 1661 2460 vel
1691 2435 1741 2461 ex
1770 2425 1845 2461 alia
1877 2437 1989 2462 causa
2020 2428 2223 2464 adventicia
2248 2431 2359 2476 prius

127 2469 268 2513 fratres
299 2478 349 2503 ex
377 2466 501 2502 eodem
532 2467 764 2501 matrimonio
797 2471 904 2502 natos
935 2467 985 2502 ad
1012 2467 1245 2504 hereditatem
1268 2473 1391 2512 vocat,
1422 2469 1552 2505 deinde
1583 2480 1633 2506 ea:
1657 2470 1730 2506 alio
1763 2476 1887 2514 natos,
1919 2483 1963 2507 ac
1986 2477 2079 2519 post
2110 2485 2171 2509 eos
2188 2481 2359 2520 patrem;

129 2513 229 2559 quod
260 2517 473 2560 arqumento
509 2517 562 2547 est
597 2512 670 2547 iam
702 2511 785 2558 olim
820 2512 1083 2558 leqislationem
1118 2518 1281 2549 nostram
1316 2513 1405 2550 haec
1426 2516 1629 2562 parturire.
1684 2514 1725 2550 Si
1759 2517 1853 2551 enim
1887 2518 1993 2552 etiam
2023 2523 2135 2565 patre
2166 2521 2359 2566 superstite

129 2563 164 2594 et
194 2558 265 2605 ipsi
289 2559 397 2605 patri
427 2562 462 2593 et
492 2557 538 2591 iis
572 2558 635 2603 qui
670 2567 720 2592 ecc
751 2556 823 2592 alio
854 2558 1086 2593 matrimonio
1122 2562 1207 2594 sunt
1233 2559 1414 2606 praeponi
1451 2561 1613 2595 uterinos
1646 2565 1682 2596 et
1715 2562 2007 2608 consanquineos
2040 2564 2182 2609 fratres
2217 2565 2357 2601 contin-

127 2604 200 2650 qit,
233 2613 456 2649 consequens
478 2607 533 2638 est
555 2606 611 2645 ut,
644 2602 712 2638 etsi
728 2606 841 2649 pater
864 2613 937 2638 non
958 2609 1124 2650 superest
1151 2603 1218 2639 sed
1245 2604 1318 2639 soli
1344 2606 1495 2649 fratres,
1528 2606 1574 2640 iis
1598 2606 1661 2652 qui
1684 2617 1734 2642 ex
1756 2616 1831 2642 uno
1859 2613 2015 2654 parente
2046 2608 2127 2644 solo
2156 2609 2274 2655 fratri
2298 2610 2357 2647 de-

126 2649 257 2695 functo
282 2648 466 2684 coniuncti
488 2651 583 2689 sunt,
601 2655 886 2694 praeponantur
909 2648 939 2683 ii
960 2649 1023 2694 qui
1045 2649 1153 2684 simul
1175 2654 1209 2684 et
1232 2650 1366 2685 uterini
1389 2654 1426 2686 et
1448 2652 1712 2698 consanquinei
1731 2656 1825 2687 sunt.
1873 2653 1992 2699 Atque
2016 2652 2072 2688 his
2095 2655 2292 2699 conveniet,
2317 2659 2358 2692 ut

129 2693 229 2740 quod
251 2698 359 2729 antea
382 2698 419 2729 et
441 2693 485 2728 de
508 2693 681 2728 maternis
704 2697 740 2728 et
762 2693 806 2728 de
829 2693 875 2728 iis
899 2704 993 2739 quae
1016 2705 1065 2730 ex
1088 2694 1246 2741 nuptiali
1268 2705 1380 2730 causa
1405 2696 1588 2742 adquisita
1612 2701 1697 2732 sunt
1724 2697 1781 2733 vel
1802 2697 1910 2733 etiam
1935 2698 2018 2734 aliis
2041 2698 2251 2736 adventiciis
2273 2711 2357 2736 san-

128 2740 237 2775 citum
261 2743 331 2781 est,
363 2738 456 2773 idem
480 2739 587 2774 etiam
620 2738 664 2774 de
685 2738 836 2784 reliquis
866 2738 1033 2783 defuncti
1063 2740 1170 2775 rebus
1194 2739 1314 2775 valeat
1343 2745 1380 2776 et
1400 2741 1439 2775 in
1462 2752 1531 2776 usu
1555 2746 1709 2777 maneat.
1758 2741 1860 2778 Haec
1883 2743 1998 2789 iqitur
2022 2744 2085 2780 lea:
2108 2744 2152 2781 de
2176 2745 2245 2781 boc
2269 2757 2357 2782 casu

126 2785 250 2832 posita
273 2784 332 2827 sit,
357 2784 421 2830 qui
444 2784 477 2819 ei
496 2784 737 2826 occasionem,
762 2783 855 2819 sicut
879 2784 1012 2819 dictum
1037 2788 1100 2826 est,
1125 2785 1234 2820 dedit.
1283 2784 1334 2821 Et
1356 2786 1443 2831 quia
1466 2797 1516 2822 ex
1541 2788 1654 2823 tribus
1677 2787 1918 2834 matrimoniis
1940 2788 2012 2824 ista
2036 2793 2192 2826 naturae
2215 2793 2357 2827 novitas

122 2831 300 2877 profecta
320 2834 384 2871 est,
409 2828 501 2863 nibil
521 2828 700 2875 probibet,
724 2829 757 2863 si
780 2830 863 2875 quis
881 2834 1068 2876 supponat
1091 2830 1198 2866 etiam
1222 2841 1272 2866 ex
1297 2830 1438 2867 duabus
1459 2831 1574 2867 solum
1598 2833 1736 2878 nuptiis
1760 2832 1854 2868 aiios
1871 2844 1949 2869 esse
1972 2836 2261 2882 consanquineos
2283 2838 2358 2874 sive

128 2876 302 2917 uterinos,
335 2874 429 2910 alios
451 2874 561 2909 simul
582 2878 617 2910 et
641 2874 934 2920 consanguineos
957 2880 993 2910 et
1015 2876 1195 2918 uterinos,
1228 2876 1284 2912 vel
1306 2876 1339 2910 si
1362 2877 1445 2922 quis
1468 2877 1643 2913 concedat
1664 2878 1813 2914 extendi
1836 2879 2070 2915 matrimonia
2100 2885 2138 2916 et
2167 2892 2209 2917 eo
2240 2893 2299 2917 ma
2325 2884 2358 2918 is

129 2920 206 2956 eius
229 2921 374 2966 qeneri's
403 2918 543 2966 aliqu-id
561 2919 665 2965 fieri:
701 2924 739 2954 at
766 2931 809 2954 ue
833 2920 885 2955 ita
908 2920 946 2954 in
971 2919 1176 2956 huiusmodi
1199 2921 1359 2963 casibus,
1391 2921 1454 2957 ubi
1475 2922 1566 2957 tales
1597 2922 1744 2958 ordines
1773 2924 1936 2968 fratrum
1967 2925 2261 2970 introducuntur,
2308 2939 2357 2964 ex

128 2976 232 3000 suam
255 2966 325 3001 vim
349 2964 491 3006 habeat,
516 2970 551 3000 et
574 2966 640 3011 qui
661 2964 734 3011 dup
752 2965 799 3000 ici
822 2965 902 2999 iure
925 2970 1079 3001 utuntur
1102 2966 1300 3002 excludant
1324 2977 1384 3002 eos
1407 2967 1471 3019 qui
1494 2978 1566 3003 uno
1591 2967 1676 3006 solo,
1696 2969 1752 3003 uti
1771 2973 1936 3014 possunt.

263 3010 311 3045 Π.
361 3009 402 3045 Si
426 3020 510 3045 vero
535 3021 609 3045 non
632 3009 808 3045 eiusmodi
831 3020 937 3045 casus
960 3015 1025 3053 est,
1053 3011 1118 3047 sed
1140 3012 1195 3048 vei
1218 3012 1479 3058 consanquznei
1502 3013 1617 3048 solum
1641 3013 1775 3049 adsunt
1796 3013 1853 3049 vel
1874 3015 2018 3058 uterini,
2042 3019 2077 3051 et
2100 3018 2182 3062 quis
2203 3028 2253 3054 ex
2275 3018 2357 3064 fra-

131 3055 244 3090 tribus
266 3055 456 3097 moriatur,
481 3054 570 3089 baec
586 3054 777 3101 prioribus
801 3055 938 3100 leqibus
962 3055 1125 3092 obnoxia
1140 3057 1224 3099 sint,
1255 3068 1349 3103 quae
1364 3058 1608 3093 successiones
1631 3068 1755 3093 eorum
1779 3059 1851 3094 iam
1867 3061 2144 3097 constituerunt.
2195 3063 2358 3099 Ceterum

131 3100 249 3136 locum
272 3099 361 3136 baec
393 3100 456 3135 lex
479 3099 611 3135 babeat
639 3111 712 3135 non
734 3099 852 3135 solum
883 3100 921 3135 in
946 3111 989 3136 eo
1015 3111 1102 3137 casu
1133 3103 1198 3148 qui
1219 3104 1464 3148 quaestionem
1485 3103 1610 3146 movit,
1640 3102 1706 3139 sed
1725 3104 1833 3139 etiam
1865 3104 1904 3138 in
1927 3104 1973 3140 iis
1999 3105 2063 3151 qui
2078 3111 2214 3153 postea
2235 3108 2358 3154 futuri

199 3261 220 3293 4
251 3254 428 3304 πρότερον
460 3258 518 3299 Μ]
557 3259 616 3301 leq.
643 3257 791 3300 πρῶτον
815 3259 886 3300 (ςΠ
923 3260 965 3302 cs:
1000 3267 1102 3293 tamen
1135 3273 1207 3293 nov.

131 3304 335 3338 LXXXIX
346 3316 372 3337 c.
390 3305 489 3347 15pr.
508 3303 520 3347 ΙΙ
544 3305 563 3337 5
577 3299 695 3346 νόμος]
722 3304 797 3336 Cod.
813 3304 844 3343 6,
858 3311 906 3346 59,
920 3311 948 3338 11
966 3303 979 3349 ss
1004 3300 1027 3347 ἢ
1046 3304 1094 3338 εἰς
1111 3303 1157 3338 τὰ
1171 3305 1215 3338 Μ

132 3350 249 3383 deinde
265 3350 298 3391 (i.
310 3362 335 3382 e.
351 3347 441 3390 εἶτα)
454 3360 482 3385 ς.
509 3349 636 3382 Seclusi
648 3343 669 3390 ἢ
689 3347 700 3392 ΙΙ
718 3350 736 3382 6
752 3344 863 3391 αὐτῷ]
883 3348 931 3381 ita
950 3350 982 3391 (i.
994 3363 1018 3384 e.
1032 3345 1141 3393 οὕτω)
1155 3361 1175 3387 ς
1197 3348 1209 3394 ΙΙ

132 3397 152 3429 9
176 3392 287 3435 καλεῖ]
321 3395 432 3426 vocari
456 3405 475 3430 ς
505 3393 516 3437 ΙΙ
548 3395 588 3427 10
611 3393 740 3434 ταῦτα]
776 3406 857 3427 eorr.
883 3394 1036 3428 τοιαῦτα
1059 3408 1097 3429 ex
1121 3395 1165 3432 εἰ)
1197 3398 1208 3439 Η

135 3442 173 3474 11
199 3438 363 3474 εἰπόντος
387 3439 437 3480 M,
452 3452 534 3472 corr.
551 3439 716 3482 Scrimyer
731 3440 743 3482 ΙΙ
765 3440 806 3473 14
831 3441 1043 3483 συμβαίνειν
1060 3441 1110 3483 Μ,
1125 3454 1207 3474 corr.

134 3485 296 3529 Scrimyer
313 3485 325 3529 11
346 3487 385 3519 19
403 3480 426 3527 ἢ
449 3486 509 3517 καὶ
533 3481 652 3525 ἄλλοις
676 3484 721 3518 Μ
740 3485 795 3527 (qs.
809 3484 900 3526 Iul.)]
925 3487 984 3517 aut
1007 3485 1105 3519 aliter
1126 3487 1159 3529 (i.
1181 3499 1207 3520 e.

134 3527 259 3573 ἄλλως)
284 3542 303 3567 ς
331 3530 344 3575 ΙΙ
374 3532 416 3565 35
441 3525 523 3563 ἀλλ’
549 3526 584 3573 ἢ]
621 3525 644 3572 ἢ
669 3542 728 3563 om.
753 3541 773 3566 ς
796 3529 839 3572 (εἰ
862 3531 953 3564 malit
975 3530 1175 3575 Zachariae)
1197 3531 1209 3576 ΙΙ

135 3576 175 3608 41
200 3572 224 3618 ἢ
238 3594 282 3601 -
298 3572 508 3621 ἢρτημένοις
532 3588 590 3609 om.
604 3587 622 3611 ς

1334 3262 1356 3294 4
1380 3261 1453 3299 hoc]
1480 3260 1559 3291 haec
1579 3259 1630 3292 R2
1657 3259 1669 3303 ΙΙ
1698 3262 1916 3294 mutauerunt
1939 3262 2037 3296 R¹T¹
2067 3263 2079 3307 ΙΙ
2106 3275 2264 3306 pumum
2289 3267 2318 3299 V
2345 3267 2356 3310 Η

1276 3304 1329 3337 lex
1352 3307 1465 3337 nostra
1487 3305 1519 3337 R
1546 3305 1557 3347 ΙΙ
1589 3305 1607 3339 8
1632 3304 1784 3339 isdemR
1808 3307 1932 3340 hisdem
1955 3308 2019 3349 (his
2042 3309 2105 3351 Vss)
2127 3310 2196 3344 VT
2217 3311 2230 3353 ΙΙ
2260 3313 2358 3345 vocat

1278 3350 1371 3384 Beck
1388 3350 1400 3394 ΙΙ
1418 3352 1438 3384 9
1456 3349 1542 3391 aliis]
1568 3349 1687 3383 fratres
1711 3352 1752 3384 ad
1769 3351 1986 3385 hereditatem
2011 3355 2089 3387 add.
2104 3354 2148 3388 Τι
2164 3355 2176 3398 ΙΙ
2201 3355 2274 3397 hos]
2297 3356 2358 3390 hos

1276 3395 1317 3427 ad
1344 3396 1398 3428 T‘⁸
1424 3394 1436 3439 ΙΙ
1466 3396 1507 3429 10
1531 3406 1569 3427 eo
1594 3396 1695 3437 quod]
1721 3397 1832 3429 eodem
1865 3398 1913 3431 1⁷¹
1937 3397 1950 3442 ΙΙ
1981 3400 2017 3432 11
2045 3398 2074 3431 si
2098 3401 2131 3432 et
2152 3401 2195 3442 V]
2217 3403 2250 3434 et
2273 3401 2303 3435 si
2331 3402 2363 3436 T

1277 3442 1337 3472 etsi
1361 3443 1394 3472 et
1418 3440 1465 3473 R·
1499 3442 1532 3473 et
1556 3440 1605 3473 132
1633 3440 1645 3484 ΙΙ
1677 3443 1717 3475 13
1744 3442 1887 3484 contigit
1909 3443 1986 3476 RV
2006 3442 2018 3487 ΙΙ
2048 3446 2090 3479 14
2113 3445 2182 3486 sed]
2214 3456 2249 3478 s*
2273 3447 2322 3481 V¹
2345 3446 2358 3493 ΙΙ

1278 3487 1318 3519 15
1343 3487 1521 3528 parentum
1548 3485 1598 3518 Τ2
1614 3485 1626 3530 ΙΙ
1651 3486 1869 3530 solummodo]
1893 3487 1997 3521 latere
2022 3490 2099 3523 add.
2123 3490 2175 3523 V³
2197 3490 2211 3535 n
2240 3492 2283 3526 20
2306 3492 2355 3534 in]

1277 3534 1315 3563 ut
1333 3532 1369 3562 in
1385 3531 1483 3564 R¹T²
1499 3532 1511 3572 Η
1529 3531 1702 3564 morientis
1726 3545 1784 3566 om.
1800 3534 1833 3566 R
1850 3534 1863 3577 ll
1880 3533 1920 3567 21
1940 3535 2030 3575 casu]
2057 3547 2096 3565 n
2121 3535 2170 3569 V¹
2195 3543 2254 3571 cau
2276 3537 2324 3571 V³
2345 3537 2356 3583 ΙΙ

1277 3577 1320 3610 22
1343 3576 1430 3609 siout
1457 3577 1487 3608 V
1507 3575 1519 3621 ΙΙ
1553 3577 1597 3611 24
1620 3577 1739 3620 solum]
1775 3589 1843 3611 non
1866 3578 1975 3612 solum
2003 3580 2038 3613 V
2060 3580 2072 3623 n
2100 3581 2141 3615 25
2167 3581 2254 3615 *aut
2276 3593 2356 3616 con-

1275 3621 1474 3663 sanguineos
1499 3622 1618 3655 addidi
1633 3622 1646 3664 ΙΙ
1663 3623 1703 3657 2Ί
1726 3623 1876 3657 exstendi
1900 3624 1934 3658 T
1947 3623 1953 3668 1
1985 3626 2027 3659 28
2051 3624 2181 3668 aliquid
2203 3627 2271 3662 tale
2296 3629 2354 3671 ΤΗ

1275 3666 1437 3699 eiusmodi
1453 3665 1507 3711 ΤΙΙ
1527 3667 1569 3701 29
1587 3668 1721 3709 quidam
1743 3682 1800 3703 om.
1815 3669 1848 3702 R
1873 3668 1931 3712 qui
1984 3669 1995 3691 ²
2009 3669 2022 3715 11
2041 3671 2083 3705 38
2102 3672 2167 3705 iam
2185 3685 2244 3707 om.
2257 3674 2327 3707 ΕΤ
2344 3673 2357 3718 ΙΙ

1276 3713 1318 3746 39
1344 3713 1388 3745 tm
1408 3713 1440 3745 Τ
1460 3714 1570 3745 autem
1595 3713 1628 3745 R
