2618 4010
162 118 362 152 PROPTER
393 121 582 153 NUPTIAS
613 121 883 154 DONATIONIS

159 220 314 264 χρήμασι
346 223 417 254 τοῖς
454 219 564 254 αὑτοῦ
598 222 789 264 ἐωνῆσθαι
817 220 838 264 ἢ
871 222 1182 269 περιπεποιῆσθαι
1213 221 1234 265 ἢ

160 266 251 298 ναῦν
275 263 297 308 ἢ
321 265 438 299 οἰκίαν
462 263 484 308 ἢ
509 262 619 311 ἀγρὸν
645 271 704 300 καὶ
729 265 918 313 προςήκειν
939 267 1052 302 αὑτὸν
1075 270 1136 303 ἐπὶ
1159 265 1239 301 τού-

159 322 232 344 τοις
263 313 336 344 ‘tole
367 310 553 357 πράγμασι
587 314 659 345 τοῖς
694 310 754 346 διὰ
790 314 867 347 τῶν
899 311 1010 347 αὑτοῦ
1046 313 1242 359 χρημάτων

160 356 350 398 κτηθεῖσιν
371 353 393 410 ᾗ
417 357 712 401 περιποιηθιῖσιν
748 361 842 400 ἔχειν
875 359 916 393 τὸ
947 360 1132 404 εἰρημένον
1155 370 1242 413 προ-

1235 108 1320 155 473

1977 114 2084 158 Nov.
2113 115 2271 158 XCVII
2302 118 2340 158 3.
2372 119 2396 156 4

1304 223 1418 258 cuniis
1450 224 1525 259 suis
1557 228 1712 268 emptam
1742 228 1805 259 aut
1839 229 2041 270 reparatam
2076 237 2202 262 navem
2234 231 2298 262 aut
2326 227 2391 262 do-

1309 279 1404 303 mum
1436 272 1499 303 aut
1529 279 1663 313 agrum,
1699 274 1736 305 et
1772 275 1972 315 competere
2009 281 2090 307 eum
2125 273 2162 307 in
2199 272 2254 307 his
2288 273 2395 307 rebus

1312 324 1404 357 quae
1425 314 1500 348 eius
1520 315 1681 359 pecuniis
1706 319 1847 360 emptae
1871 321 1934 351 aut
1950 322 2137 362 reparatae
2157 322 2241 352 sunt
2264 318 2395 353 habere

1313 359 1532 403 praedictum
1557 360 1792 404 privilegium,
1828 365 1946 396 utrum
1971 366 2112 407 oportet
2146 363 2263 398 dotem
2289 364 2395 398 etiam

159 401 298 444 νόμιον,
331 413 486 454 ποτερον
518 399 573 434 δεῖ
604 402 673 445 τὴν
707 407 836 448 προῖκα
869 407 928 437 καὶ
960 417 1037 438 των
1065 416 1242 438 τοιούτων
1278 405 1443 440 5talibus
1476 406 1649 450 praeponi
1685 416 1731 440 an
1763 406 1839 440 aliis
1870 407 2011 450 quidem
2043 409 2248 452 praevalere
2281 409 2393 443 credi-

160 445 412 495 προτιμᾶσθαι
445 460 466 489 η
499 448 576 481 τῶν
607 450 675 491 μὲν
698 447 820 483 ἄλλων
851 452 996 493 κρατεῖν
1028 446 1240 489 δανειστῶν,

159 488 236 524 boot
267 490 316 534 μὴ
345 493 498 525 τοιαῦτα
531 498 800 537 προτείνονται,
841 495 981 529 τούτοις
1010 492 1050 528 δὲ
1072 507 1241 539 παραχω-

159 539 243 580 ρεῖν,
277 533 471 581 ἐπειδήπερ
495 539 533 571 ἐκ
557 539 618 581 τῆς
643 536 770 573 αὐτῶν
794 544 997 584 περιουσίας
1023 538 1065 572 τὸ
1092 540 1241 583 πρᾶγμα

159 584 371 635 περιγέγονε.
418 581 534 616 πολλὰ
559 588 683 618 τοίνυν
715 587 775 619 ἐπὶ
801 582 941 632 τούτοις
963 583 1240 628 βουλευσάμενοι

1312 450 1460 491 toribus,
1487 451 1701 496 quicumque
1726 462 1797 486 non
1822 452 1907 486 talia
1927 453 2175 497 praetendunt,
2202 454 2257 488 his
2275 458 2394 488 autem

1312 496 1453 536 cedere,
1487 495 1654 540 quoniam
1686 507 1730 531 ex
1754 506 1876 531 eorum
1907 498 2109 532 substantia
2137 509 2193 534 res
2218 499 2395 543 adquisita

1311 544 1376 576 est.
1424 541 1619 575 Plurimum
1654 542 1760 585 igitur
1793 552 1900 586 super
1933 543 1988 577 his
2014 543 2209 586 cogitantes
2243 555 2311 578 non
2337 545 2391 578 in-

1311 586 1469 620 venimus
1495 586 1676 621 mulierem
1699 587 1793 622 iuste
1817 587 2026 622 existentem
2052 588 2175 623 cedere
2199 589 2307 623 alicui
2329 589 2393 624 tali

158 639 221 668 ουχ
237 639 385 680 ευρομεν
409 627 476 670 τὴν
495 632 645 674 γυναῖκα
671 628 815 664 δικαίαν
839 633 953 664 ούσαν
978 631 1241 683 παραζωρῆσαί
1256 633 1296 666 10
1310 631 1503 675 privilegio.
1552 631 1772 666 Videbamus
1797 633 1889 666 enim
1914 643 2006 676 quae
2032 643 2162 668 causae
2188 634 2392 669 absurditas

157 684 231 704 τινι
248 685 404 715 τοιούτῳ
422 678 619 718 προνομίῳ.
660 676 829 720 ἑωρῶμεν
844 675 913 721 γὰρ
929 674 971 708 τὸ
990 676 1027 708 ἐκ
1043 687 1108 708 του
1126 688 1239 721 πραγ-

156 728 266 759 ματος
290 715 441 760 ἄτοπον,
475 715 534 753 ὅτι
558 723 635 753 ταῖς
658 723 725 764 μὲν
751 718 813 754 οὐκ
838 716 876 753 εὖ
891 723 1097 766 γενομέναις
1119 734 1236 765 γυναιᾼ

158 762 214 802 ξὶν
246 764 284 795 ἐκ
320 764 384 797 τοῦ
421 765 549 797 οἰκείου
581 763 1005 812 σώματοςνπροςέρχεται
1036 762 1146 810 πόρος
1180 769 1240 798 καὶ

158 805 347 849 ἀποζῶσιν
372 810 557 850 ἐντεῦθεν,
584 814 659 844 ταῖς
675 810 714 844 δὲ
730 814 767 845 εὐ
791 811 1059 867 τεᾷραμμΙέναω
1083 814 1143 864 καὶ
1162 811 1238 843 ἑαυ-

1310 681 1375 720 est,
1400 677 1484 721 quia
1507 676 1636 721 aliquis
1661 677 1802 721 quidem
1826 677 2088 713 fornicantibus
2117 679 2324 714 mulieribus
2349 690 2393 714 ex

1309 722 1454 766 proprio
1489 731 1638 766 corpore
1668 722 1811 756 advenit
1838 727 2009 766 quaestus
2041 728 2076 758 et
2099 723 2221 759 vivunt
2245 734 2288 758 ex
2313 725 2392 766 hoc,

1309 767 1580 802 adversantibus
1611 770 1730 801 autem
1762 771 1796 801 et
1821 773 1932 802 semet
1963 767 2060 812 ipsas
2093 772 2202 813 atquc
2226 771 2392 804 substan-

1309 812 1395 846 tiam
1420 812 1466 847 ad
1489 813 1601 847 virum
1624 812 1936 847 introducentibus
1970 824 2040 848 non
2066 814 2179 849 solum
2210 815 2329 849 nullus
2353 814 2393 849 fit

158 852 221 886 τάς
241 867 279 886 τε
297 857 355 886 καὶ
372 854 439 896 τὴν
455 852 583 888 οὐσίαν
604 857 650 890 εἰς
671 854 803 901 ἀνδρὸς
828 867 1043 902 αγαγουσαις
1063 869 1103 889 ου
1123 855 1239 900 μόνον
1256 859 1295 891 15
1310 860 1478 901 quaestus
1504 868 1525 891 a
1549 857 1632 893 viris
1657 857 1748 892 male
1773 857 1993 901 degentibus
2019 859 2082 894 sed
2099 860 2203 893 etiam
2228 860 2391 894 minuun-

157 895 239 931 οἶδε’
263 897 309 932 εἷς
332 904 470 944 γίνεται
495 898 604 945 πόρος
627 902 726 947 παρὰ
746 902 824 936 τῶν
840 903 956 935 κακῶς
975 899 1239 946 διαγινομένων
1307 904 1367 937 tur
1392 907 1427 937 et
1451 912 1532 947 spes
1564 902 1615 937 eis
1642 903 1742 937 nulla
1765 903 1822 938 sit.
1874 903 1973 938 Unde
1998 905 2195 939 secundum
2220 906 2308 939 haec
2332 916 2391 939 vo-

158 941 315 988 ιὶνδρῶν,
340 942 421 978 ἀλλ’
447 943 513 989 ἤδη
545 950 605 979 καὶ
630 945 866 981 ἐλαττοῦνται
899 950 957 980 καὶ
990 948 1091 980 ἔστιν
1116 943 1239 980 αὐταῖς
1308 947 1435 990 1umus,
1462 950 1502 983 ut
1523 948 1591 982 etsi
1617 948 1695 992 quis
1722 962 1806 979 *u*
1833 948 1976 983 domum
1993 959 2183 984 renovasse
2208 954 2271 984 aut
2288 950 2392 985 etiam

158 989 256 1023 ἐλπὶς
285 988 442 1034 οὐδεμία.
497 987 585 1025 dieve
609 992 701 1026 κατὰ
726 993 843 1026 ταῦτα
866 989 1095 1036 βουλόμεθα,
1120 989 1190 1025 κᾶν
1210 991 1245 1024 εἴ
1308 1003 1449 1036 agrum,
1480 1004 1551 1027 non
1575 993 1690 1037 possit
1721 994 1807 1028 talia
1833 994 2014 1039 privilegia
2046 995 2255 1030 mulieribus
2280 1006 2391 1041 oppo-

156 1046 209 1068 τις
241 1031 355 1080 ἀγρὸν
387 1034 500 1076 δόξειε
531 1035 648 1080 δῆθεν
684 1036 792 1071 ἄλλου
816 1037 995 1082 χρήμασιν
1019 1034 1239 1080 ὠνήσασθαι
1308 1048 1404 1073 nere.
1442 1038 1687 1073 Infirmitatem
1708 1049 1861 1084 namque
1881 1039 2062 1075 muliebris
2080 1043 2230 1076 naturae
2253 1045 2288 1076 et
2305 1042 2391 1076 satis

158 1079 226 1112 κᾶν
259 1081 293 1113 εἴ
312 1092 365 1114 τις
388 1083 506 1115 οἰκίαν
530 1081 739 1116 ἀνανειῦσαι
763 1081 785 1125 ἢ
809 1086 867 1116 καὶ
891 1087 1035 1127 χωρίον,
1059 1082 1108 1126 μὴ
1131 1080 1238 1116 δύνα-
1253 1083 1295 1116 20
1308 1084 1469 1118 novimus
1502 1087 1538 1118 et
1563 1084 1645 1127 quia
1669 1084 1774 1119 facile
1800 1085 2116 1121 circumventiones
2150 1086 2240 1121 fiunt
2268 1086 2390 1121 adver-

158 1125 250 1158 σθαι
281 1125 326 1159 τὰ
357 1128 509 1160 τοιαῦτα
541 1126 721 1171 προνόμια
750 1131 827 1162 ταῖς
858 1128 1023 1174 γυναιξὶν
1053 1126 1239 1161 ἀντιτίθε-
1309 1139 1370 1163 sus
1391 1139 1462 1171 eas,
1487 1129 1598 1163 minui
1619 1131 1737 1164 autem
1762 1129 1812 1165 eis
1835 1130 1954 1165 dotem
1978 1132 2076 1166 nullo
2098 1131 2244 1167 sinimus
2266 1131 2389 1167 modo:

158 1171 258 1203 σθαι.
303 1171 346 1204 τὸ
369 1174 436 1215 μὲν
455 1172 525 1218 γὰρ
542 1169 696 1206 ἀσθενὲς
719 1174 781 1215 τῆς
826 1177 1005 1207 ὐναικείας
1025 1171 1164 1219 φύσεως
1179 1176 1239 1206 καὶ
1309 1174 1444 1209 sufficit
1474 1175 1558 1219 quia
1589 1174 1697 1209 lucris
1730 1175 1880 1217 cadunt,
1916 1176 1982 1211 etsi
2006 1177 2105 1220 prior
2134 1177 2390 1222 antenuptialis

158 1214 298 1261 σφόδρα
319 1215 550 1260 ἐπιστάμεθα
569 1221 628 1250 καὶ
649 1216 695 1251 ὠς
711 1187 865 1252 εὗιιόῖως
883 1221 1101 1264 περιγραφαὶ
1119 1223 1235 1264 γίνον-
1305 1219 1450 1255 donatio
1475 1219 1687 1261 inveniatur,
1721 1222 1757 1255 et
1788 1221 1971 1255 sufficiens
2003 1221 2179 1266 quoddam
2213 1226 2309 1257 extet
2341 1223 2391 1257 eis

156 1275 216 1294 ται
246 1260 327 1295 κατ’
356 1259 489 1305 αὐτῶν,
521 1261 766 1297 ἐλαττοῦσθαι
798 1262 837 1297 δὲ
864 1261 986 1298 αὐταῖς
1017 1265 1084 1308 τὴν
1109 1266 1239 1309 προῖκα
1308 1275 1352 1300 ex
1382 1266 1451 1300 hoc
1482 1265 1669 1310 damnum,
1703 1276 1776 1300 non
1809 1265 1915 1300 etiam
1947 1276 2007 1302 eas
2039 1268 2201 1303 volumus
2233 1272 2270 1303 et
2294 1268 2392 1303 circa

157 1303 239 1339 κατ’
263 1304 393 1340 οὗδένα
414 1310 664 1353 συγχωροῦμεν
685 1308 832 1354 τρόπον,
859 1309 986 1343 ἰκανὸν
1009 1308 1051 1343 ὂν
1075 1306 1134 1343 ὅτι
1161 1310 1240 1343 τῶν
1254 1311 1294 1343 25
1308 1310 1422 1355 ipsam
1448 1310 1564 1346 dotem
1589 1310 1786 1355 periculum
1810 1312 1996 1347 sustinere.

156 1349 296 1395 κερδῶν
320 1354 567 1395 ἐκπίπτουσιν,
601 1354 671 1400 εἴγε
696 1359 959 1400 προγενέστερα
988 1356 1050 1397 τῆς
1080 1354 1149 1399 πρὸ
1175 1354 1238 1400 γά-

155 1410 223 1440 μου
248 1395 383 1442 δωρεᾶς
406 1396 583 1442 εὑρεθείη,
616 1403 676 1432 καὶ
701 1399 829 1434 ἱκανόν
860 1413 896 1433 τι
926 1400 1151 1442 καθέστηκεν
1176 1397 1239 1432 αὖ·

155 1445 231 1475 ταῖς
263 1440 283 1485 ἡ
309 1444 484 1476 ἐντεῦθεν
510 1446 632 1487 ζημία,
657 1442 698 1478 ού
717 1445 789 1487 μὴν
812 1441 919 1479 αὐτὰς
942 1443 1156 1489 βουλόμεθα
1180 1447 1240 1478 καὶ

157 1490 238 1532 περὶ
262 1484 376 1530 αὐτὴν
400 1489 468 1531 τὴν
493 1493 623 1535 προῖκα
647 1489 878 1524 κινδυνεύειν,

1145 1580 1301 1616 CAPUT
1326 1581 1386 1617 IV.

1365 1637 1456 1681 Quia
1479 1647 1560 1672 vero
1585 1641 1620 1672 et
1644 1637 1847 1673 huiusmodi
1879 1639 2053 1683 quaedam
2084 1639 2259 1674 aditiones
2288 1639 2391 1674 nobis

1307 1682 1426 1717 factae
1458 1687 1559 1723 sunt,
1593 1693 1634 1718 eo
1660 1683 1755 1727 quod
1788 1683 1929 1728 quidam
1961 1684 2112 1720 aliorum
2145 1684 2298 1719 militant
2329 1694 2391 1730 pe-

1308 1728 1422 1763 cuniis
1454 1731 1491 1763 et
1521 1732 1662 1773 oportet
1687 1739 1747 1763 eos
1777 1729 1835 1773 qui
1860 1729 1897 1763 in
1924 1729 1989 1765 has
2014 1730 2240 1765 crediderunt
2263 1740 2390 1765 causas

221 1631 363 1678 Ἐπειδὴ
397 1633 437 1668 δὲ
467 1639 526 1669 καὶ
557 1638 724 1670 τοιαῦταί
753 1649 847 1671 τινες
879 1637 1120 1682 mose-tetam
1152 1635 1238 1681 ἡμῖν
1252 1639 1295 1672 30

153 1679 356 1726 γεγόνασιν,
393 1678 441 1715 ὥς
471 1693 566 1716 τινες
595 1685 668 1716 τοῖς
698 1683 833 1727 ἑτέρων
866 1681 1125 1727 στρατεύονται
1156 1681 1238 1727 χρή-

153 1737 242 1768 μασι
273 1729 332 1758 καὶ
365 1723 419 1759 δεῖ
440 1726 523 1760 τοὺς
545 1728 593 1761 εἰς
616 1726 749 1761 ταύτας
774 1726 1009 1762 δανείσαντας
1034 1728 1097 1762 τὰς
1123 1729 1239 1762 αἰτίας

155 1772 424 1815 προτιμᾶσθαι,
450 1773 684 1816 θεσπίζομεν,
715 1773 751 1807 εἴ
769 1785 822 1807 τις
845 1777 922 1808 ταῖς
945 1771 1133 1816 ἀληθείαις
1158 1772 1236 1816 δοίη
1307 1774 1494 1818 praeponi,
1529 1773 1720 1815 sancimus,
1755 1774 1785 1808 si
1810 1774 1888 1818 quis
1914 1785 1995 1810 vere
2019 1775 2158 1810 dederit
2181 1785 2306 1810 aurum
2331 1786 2390 1810 oc-

157 1820 298 1862 χρυσίον
330 1814 510 1862 προφάσει
541 1822 730 1864 στρατείας
761 1818 784 1861 ἢ
815 1820 879 1852 τοῦ
912 1820 1113 1853 στατοῦτον
1141 1822 1236 1865 γενέ-
1307 1819 1450 1854 casione
1473 1819 1620 1854 militiae
1646 1819 1718 1854 Sive
1742 1821 1916 1854 statutum
1941 1820 2017 1855 fieri
2043 1821 2097 1856 vel
2120 1831 2185 1866 pro
2210 1820 2288 1855 aiiiS
2313 1821 2390 1865 qui-

157 1862 247 1895 σθαι
270 1862 338 1896 τὸν
361 1861 475 1896 παῖδα
499 1862 521 1905 ἢ
548 1859 631 1898 κατ’
658 1862 766 1898 ἄλλας
789 1864 890 1898 τινας
913 1862 1083 1899 τοιαύτας
1109 1866 1234 1907 αἰτίας,
1250 1867 1291 1900 35
1307 1865 1458 1900 busdam
1475 1865 1608 1899 talibus
1625 1865 1753 1905 causis,
1776 1869 1811 1899 et
1830 1866 2023 1910 expressim
2045 1866 2112 1902 hoc
2128 1867 2244 1911 ipsum
2263 1866 2390 1901 inscri-

218 1967 243 1986 c.
258 1954 319 1987 IV
335 1950 479 1996 Ἐπειδὴ
506 1954 670 1988 τοιαῦται
694 1953 934 1999 προςελεύσεις
957 1953 1150 2000 γεγόνασιν
1174 1952 1261 1999 ἡμῖν
1285 1976 1328 1980 -
1354 1958 1432 1997 474,
1446 1963 1460 1989 4
1486 1957 1718 2001 παραχωρεῖν
1742 1953 1810 1998 τὴν
1833 1958 1986 2001 γυναῖκα
2010 1970 2049 1991 ex
2069 1958 2105 1991 B
2125 1959 2203 1991 citat
2219 1958 2253 1991 T
2250 1965 2330 1991 raet.
2352 1959 2392 1991 de

155 2001 284 2033 creditis
310 2000 329 2032 l.
353 2002 373 2032 l.
399 2016 442 2028 =
467 2000 647 2033 Prockiron
672 2009 797 2034 auctum
823 2003 842 2034 l.
867 2003 886 2034 l.
911 2021 955 2025 —-
980 2002 1142 2035 Summam
1168 2003 1243 2035 Atlz.
1270 2009 1419 2044 repetunt
1439 2003 1604 2044 paratitla
1628 2003 1706 2035 Atlz.
1736 2002 1777 2035 14
1804 2006 1865 2043 §8,
1894 2004 1933 2036 15
1962 2007 2036 2041 916.

154 2087 230 2113 6336
254 2089 378 2112 navem
409 2077 464 2112 vel
488 2076 631 2112 domum
665 2078 720 2112 vel
745 2089 891 2124 aqru-m,
923 2082 1031 2124 atque
1058 2090 1134 2124 par
1162 2089 1239 2114 esse
1268 2079 1386 2124 ipsum
1418 2078 1456 2112 in
1488 2077 1561 2113 illis
1591 2079 1700 2114 rebus
1726 2079 1885 2124 pecunia
1909 2091 1977 2114 sua
2000 2091 2054 2115 em
2085 2081 2130 2115 tis
2162 2079 2221 2116 vel
2241 2080 2392 2125 refectis

152 2122 378 2168 praedictum
429 2122 630 2167 rivileqium
655 2122 797 2165 habere,
830 2128 950 2158 utrum
981 2123 1100 2158 dotem
1130 2124 1238 2158 etiam
1262 2123 1318 2158 his
1336 2123 1522 2169 praeponi
1545 2127 1712 2169 oporteat
1733 2134 1782 2158 an
1803 2124 1953 2170 reliquis
1977 2091 2120 2170 quiditm
2141 2124 2390 2167 creditoribus,

157 2169 370 2213 quicumque
406 2178 482 2202 iaec
508 2167 595 2202 talia
621 2178 691 2201 non
711 2168 967 2213 praetendunt,
987 2170 1169 2214 potiorem
1186 2179 1273 2208 esse,
1297 2168 1354 2203 liis
1377 2179 1462 2203 vero
1487 2167 1623 2210 cedere,
1649 2170 1820 2213 quoniam
1845 2180 1894 2205 ex
1915 2170 2079 2216 ipsorum
2102 2170 2306 2206 substantia
2330 2181 2390 2206 res

151 2218 291 2258 parata
315 2213 390 2248 est?
436 2211 590 2247 Multum
614 2213 726 2257 iqitur
750 2213 793 2247 de
817 2213 872 2247 liis
896 2213 1058 2248 meditati
1081 2213 1327 2249 intelleximus
1351 2224 1423 2247 non
1446 2224 1518 2258 par
1536 2223 1612 2248 esse
1632 2214 1815 2248 mulierem
1840 2215 2017 2249 eiusmodi
2033 2215 2230 2261 privilein
2251 2215 2387 2251 cedere.

166 2257 379 2292 Videbamus
402 2258 495 2293 enim
519 2268 593 2292 rem
617 2268 694 2292 esse
716 2259 806 2292 satis
830 2258 1044 2300 absurdam,
1077 2258 1177 2303 quod
1207 2258 1404 2293 inhonestis
1436 2257 1645 2293 mulieribus
1675 2269 1726 2293 ex
1751 2269 1907 2304 corpore
1938 2270 2004 2294 suo
2028 2265 2201 2305 quaestus
2231 2265 2388 2306 paratur

157 2314 290 2348 eaeque
313 2303 396 2337 inde
421 2304 527 2338 vitam
551 2307 771 2343 sustentant,
805 2303 890 2338 bene
921 2303 1082 2338 educatis
1106 2307 1224 2338 autem
1257 2314 1420 2348 quaeque
1451 2313 1488 2337 se
1513 2304 1614 2348 ipsae
1642 2308 1676 2338 et
1699 2302 1938 2338 substantiam
1969 2315 2071 2339 suam
2096 2305 2145 2340 ad
2168 2306 2284 2341 virum
2307 2316 2389 2341 con-

155 2349 300 2393 serunt,
333 2359 406 2383 non
439 2348 555 2383 solum
587 2348 708 2382 nullus
739 2359 761 2382 a
794 2348 880 2383 viris
911 2349 1004 2383 male
1035 2359 1072 2383 36
1103 2348 1308 2393 qerentihus
1337 2351 1508 2393 quaestus
1536 2348 1598 2391 fit,
1630 2347 1695 2382 secl
1725 2348 1831 2382 etiam
1861 2348 1994 2384 damno
2026 2350 2243 2394 afficiuntur
2274 2362 2391 2396 neque

159 2393 233 2428 ulla
258 2393 302 2428 iis
324 2404 408 2439 spes
431 2393 657 2438 relinquitur.
706 2392 837 2438 Itaque
859 2393 1053 2428 secundum
1077 2392 1164 2429 haec
1188 2393 1362 2434 volumus,
1395 2393 1450 2428 vel
1469 2393 1501 2426 si
1522 2392 1603 2437 quis
1627 2393 1778 2427 alterius
1802 2393 1963 2438 pecunia
1987 2405 2117 2439 aqrum
2140 2395 2242 2439 forte
2264 2397 2390 2431 emisse

158 2439 213 2474 vel
238 2439 271 2473 si
299 2438 442 2473 domum
479 2440 534 2473 vet
561 2439 666 2473 etiam
697 2438 888 2490 praedium
921 2449 1113 2474 renovasse
1146 2438 1320 2479 videatur,
1357 2449 1401 2473 ne
1433 2437 1538 2472 liceat
1571 2437 1749 2472 eiusmodi
1781 2438 1976 2484 privileqia
2006 2439 2215 2475 mulieribus
2238 2442 2388 2487 opponi.

158 2483 251 2518 Nam
274 2484 518 2528 infirmitatem
543 2483 725 2518 muliebres
748 2488 901 2518 naturae
918 2483 1036 2529 probe
1061 2483 1233 2525 novimus,
1265 2487 1302 2518 et
1325 2493 1432 2528 quam
1456 2482 1570 2527 facile
1594 2483 1914 2518 circumventiones
1934 2483 2028 2530 fiant
2056 2489 2186 2520 eontra
2210 2496 2295 2527 eas;
2324 2486 2388 2520 im-

157 2529 269 2563 minui
293 2533 411 2564 autem
435 2529 554 2564 dotem
578 2529 623 2563 iis
647 2528 746 2564 nullo
771 2528 877 2563 modo
899 2529 1074 2574 patimur,
1107 2539 1187 2563 cum
1210 2528 1375 2573 sufficiat
1399 2538 1461 2562 eas
1487 2528 1599 2562 lucris
1623 2528 1728 2569 exui,
1760 2528 1792 2562 si
1816 2528 1922 2563 modo
1947 2528 2012 2564 illa
2037 2530 2236 2576 privileqia
2254 2531 2389 2577 priora

157 2574 352 2609 donatione
370 2579 526 2620 propter
549 2574 695 2619 nuptias
718 2573 957 2615 inveniantur,
991 2574 1109 2619 sitque
1134 2574 1181 2608 iis
1204 2573 1393 2618 sufficiens
1417 2572 1585 2607 damnum
1609 2572 1708 2618 quod
1730 2572 1813 2608 inde
1838 2574 1968 2616 oritur,
2000 2585 2116 2620 neque
2139 2585 2223 2611 vero
2247 2587 2310 2612 eas
2334 2587 2388 2612 ve-

159 2620 262 2654 limus
283 2620 390 2655 etiam
415 2619 459 2654 de
483 2619 564 2664 ipsa
588 2620 670 2654 dote
687 2619 905 2665 periclitari.

290 2664 351 2701 IV.
399 2663 578 2707 Quoniam
602 2668 720 2699 autem
745 2665 851 2698 etiam
875 2663 1080 2699 huiusmodi
1104 2663 1282 2710 quaedam
1307 2662 1620 2708 interpellationes
1643 2664 1747 2699 nobis
1769 2664 1896 2709 factae
1911 2669 2007 2707 sunt,
2031 2665 2208 2710 quosdam
2232 2665 2389 2702 aliorum

150 2710 310 2756 pecunia
341 2709 497 2745 militare
526 2720 659 2755 eosque
672 2709 754 2799 fiqui
784 2709 822 2743 in
854 2708 922 2744 has
953 2720 1083 2744 causas
1115 2708 1648 2787 crediderzcntsraeponendos
1672 2719 1760 2751 esse,
1791 2710 1986 2753 sancimus,
2014 2711 2049 2745 si
2070 2711 2152 2762 quis
2174 2722 2301 2747 revera
2324 2712 2388 2746 mi-

1373 2764 1383 2787 i

157 2755 256 2790 litiae
279 2766 391 2790 causa
415 2755 470 2791 vel
493 2759 534 2790 ut
552 2755 653 2800 filius

702 2759 742 2790 at
763 2758 922 2789 statutus
952 2754 1007 2790 vel
1027 2754 1070 2789 ob
1096 2754 1188 2789 alias
1212 2754 1345 2788 eiusmo

1410 2763 1542 2788 causas
1561 2758 1720 2788 mutuam
1738 2755 1933 2800 pecuniam
1954 2755 2104 2798 dederit,
2129 2760 2238 2802 atque
2253 2756 2388 2793 diserte

204 2848 220 2881 1
239 2845 559 2890 περιπεποιεῖσθαι
576 2845 640 2878 Bsl
656 2846 667 2888 1]
687 2842 709 2887 ἢ
730 2845 833 2886 ναῦν]
859 2842 880 2887 ἢ
905 2859 962 2878 om.
977 2857 996 2881 ς
1015 2845 1026 2888 ΙΙ
1044 2842 1143 2890 ὃςγδεῖ
1162 2851 1236 2888 post

155 2890 335 2926 τοιούτων
353 2892 423 2924 coll.
440 2891 484 2924 Bl
505 2891 517 2935 ΙΙ
535 2891 623 2931 τῶν]
649 2890 717 2932 τὴν
734 2892 764 2923 L
781 2890 793 2934 ss
816 2893 855 2924 10
873 2887 1018 2923 δικαίαν
1039 2892 1152 2924 οὖσαν
1176 2903 1234 2923 om.

158 2938 268 2970 Tract.
283 2938 321 2970 de
335 2938 465 2970 creditis
484 2935 496 2979 11
516 2938 553 2970 11
579 2934 735 2978 τοιούτῳ
761 2939 947 2980 προνομίῳ
974 2936 1044 2977 Me,
1069 2937 1179 2969 Tract.
1198 2937 1236 2968 de

157 2983 298 3021 creditis]
322 2979 485 3014 τοιούτου
502 2984 700 3025 προνομίου
715 2981 745 3013 L
769 2979 948 3014 τοιούτων
965 2983 1176 3025 προνομίων
1191 2980 1237 3013 B!

157 3026 323 3059 τοιοῦτον
337 3023 537 3070 προνόμιον
551 3026 602 3060 ΒΓ
615 3026 626 3070 ΙΙ
638 3024 781 3070 ὁρῶμεν
795 3026 842 3059 L²
868 3026 1009 3070 *ρῶμεν
1023 3026 1069 3059 L¹
1083 3026 1093 3069 M
1110 3028 1149 3060 12
1161 3027 1238 3058 ταῖς

156 3072 234 3115 μὲν]
258 3071 380 3112 aliquis
404 3072 536 3116 quidem
561 3083 580 3106 ς
597 3071 609 3114 ΙΙ
635 3072 673 3104 13
692 3073 919 3116 προςέρχεται
934 3072 1004 3112 Me]
1027 3073 1238 3116 προέρχεται

159 3117 228 3150 LB
246 3116 259 3160 ss
278 3118 318 3150 14
339 3118 415 3149 ταῖς
436 3114 475 3148 δὲ
494 3118 532 3148 εὐ
553 3116 833 3160 τεθραμμέναις]
859 3117 1108 3149 adversantibus
1129 3121 1237 3148 autem

159 3164 192 3202 (i.
208 3174 233 3194 e.
260 3163 517 3205 τετραμμέναις
527 3161 555 3202 Ῡ)
580 3173 599 3197 ς
616 3161 628 3204 ΙΙ
654 3157 760 3193 αὐτὰς
783 3162 823 3193 τὲ
841 3162 872 3194 L
892 3162 903 3204 ΙΙ
930 3163 969 3194 15
994 3158 1129 3205 ἄνδρας
1154 3160 1205 3194 ΒΓ
1229 3160 1240 3203 ΙΙ

162 3210 200 3241 17
221 3204 288 3248 ἤδη
313 3219 371 3239 om.
386 3219 404 3242 ς
423 3208 433 3247 Η
454 3208 492 3240 19
515 3204 634 3247 ἄλλου]
658 3207 731 3239 τοῖς
747 3203 859 3238 αὑτοῦ
877 3207 1106 3250 Osenbru'yyen
1123 3207 1204 3240 male
1228 3204 1239 3249 ΙΙ

160 3255 201 3286 20
225 3253 368 3296 χωρίον]
394 3250 603 3292 κτήσασθαι
626 3253 837 3294 supplendum
858 3259 960 3284 censet
976 3252 1163 3284 Zachariae
1183 3252 1238 3295 (cf.

160 3299 205 3331 ad
220 3298 360 3338 472,25)
379 3296 391 3339 ΙΙ
417 3298 458 3330 23
483 3297 700 3342 περιγραφαὶ
724 3291 877 3331 εὐκόλως
902 3295 952 3329 B!
971 3296 983 3340 ΙΙ
1007 3298 1049 3330 25
1075 3292 1119 3329 ὂν
1144 3295 1209 3328 Bsl
1228 3297 1239 3340 ΙΙ

160 3344 203 3377 26
228 3341 297 3386 εἴγε
321 3342 400 3383 LB]
427 3341 497 3374 εἴτε
513 3342 559 3374 Δ711
577 3342 638 3373 etsi
661 3353 689 3382 ς,
720 3340 803 3373 unde
837 3340 867 3372 εἰ
902 3344 963 3374 καὶ
994 3342 1238 3375 GEHeimbach

157 3389 304 3432 proleyq.
332 3389 377 3420 (ια’
400 3388 520 3420 Athon.
543 3400 576 3430 p.
602 3387 692 3420 XCI
711 3384 790 3425 (κᾶν
813 3383 1020 3430 προτερεύει
1044 3385 1134 3419 κατὰ
1158 3386 1239 3420 τοὺς

159 3431 306 3476 χρόνους
336 3428 357 3473 ἡ
389 3429 476 3475 αὐτὴ
506 3429 623 3475 δωρεά
647 3432 751 3472 Ach.);
789 3433 830 3473 cs.
861 3432 937 3464 Cod.
964 3433 995 3472 8,
1020 3439 1063 3472 17,
1088 3439 1119 3466 12
1147 3437 1194 3472 §8
1227 3432 1238 3476 ΙΙ

161 3480 422 3523 προγενέστερα
439 3478 526 3518 ΜΒ]
552 3474 832 3522 πρργενέστερόν
855 3488 892 3508 τι
912 3477 943 3509 L
975 3479 1239 3522 προγενέστερα

161 3522 207 3555 τὰ
233 3525 411 3557 Heimbaclz
437 3525 490 3565 (ef.
517 3527 547 3563 ς)
573 3523 584 3565 ΙΙ
610 3524 649 3555 27
674 3520 777 3564 ἱκανὴ
802 3523 855 3555 τίς
879 3522 910 3553 L
929 3520 941 3564 ΙΙ
967 3522 1008 3555 30
1031 3517 1175 3565 Ἐπειδὴ
1194 3541 1238 3547 —

163 3569 240 3608 475,
265 3575 299 3601 24
333 3568 530 3613 ζευγνύντα
562 3581 618 3601 om.
646 3567 692 3599 Bl
725 3568 847 3600 duobus
868 3567 965 3610 foliis
998 3569 1111 3601 excisis
1139 3567 1151 3611 ΙΙ
1179 3570 1239 3600 καὶ

164 3625 222 3646 om.
243 3614 293 3646 La
323 3612 336 3657 ΙΙ
367 3615 408 3648 33
441 3613 476 3646 εἴ
500 3626 536 3647 τι
560 3614 591 3646 L
622 3613 634 3650 ΙΙ
668 3614 709 3645 35
739 3610 807 3644 τὸν
837 3607 950 3644 παῖδα
976 3612 1031 3653 Μ,
1065 3613 1174 3646 Tract.
1200 3615 1239 3646 de

164 3659 305 3699 creditis]
338 3671 395 3691 om.
410 3659 500 3695 LBg
525 3656 601 3699 (ἐάν
626 3668 678 3691 τις
702 3653 848 3702 δανείσῃ
874 3657 934 3690 ἐπὶ
957 3657 1010 3699 τῷ
1033 3656 1101 3691 τὸν
1125 3654 1240 3702 ἄνδρα

165 3699 187 3743 ἢ
217 3702 298 3736 τοὺς
326 3701 457 3738 παῖδας
487 3701 592 3746 αὐτῆς
624 3701 894 3748 στρατευθῆναι
921 3703 1055 3745 Theod.)
1081 3702 1094 3747 ΙΙ
1125 3703 1240 3736 αἰτίας

234 3758 284 3785 ΠΙ.

1303 2842 1474 2877 τοιαύτας
1500 2845 1532 2876 T
1529 2852 1608 2877 raet.
1635 2845 1675 2878 de
1699 2846 1828 2879 creditis

1351 2936 1370 2968 2
1395 2936 1427 2966 et
1448 2934 1553 2975 Beck]
1578 2936 1637 2966 aut
1662 2935 1738 2968 libri
1752 2934 1764 2977 ss
1784 2937 1803 2968 3
1824 2937 1894 2976 aut]
1920 2936 1952 2968 et
1972 2934 2028 2978 Vl}
2048 2938 2066 2969 7
2083 2936 2297 2978 ‘adquisitum
2315 2938 2363 2971 R¹
2377 2940 2388 2982 ΙΙ

1306 2982 1325 3013 9
1351 2980 1474 3011 iustam
1490 2979 1622 3013 Gentius
1641 2979 1653 3023 ΙΙ
1671 2982 1709 3013 11
1732 2980 1866 3021 aliquis]
1893 2982 1954 3024 leq.
1969 2980 2070 3012 aliis?
2087 2980 2099 3024 ΙΙ
2120 2983 2159 3016 13
2182 2983 2384 3016 adversanti—

1306 3025 1379 3064 bus]
1405 3024 1487 3057 bene
1508 3024 1717 3057 versantibus
1734 3025 1829 3058 Beck
1846 3026 1858 3068 ΙΙ
1875 3025 2078 3058 substantias
2099 3027 2168 3060 ΕΤ
2182 3026 2193 3070 ΙΙ
2214 3030 2255 3061 14
2278 3028 2385 3061 intro-

1306 3069 1504 3103 ducentibus
1531 3069 1582 3102 V³
1594 3070 1696 3112 vuly.]·
1729 3070 1939 3103 introducet*
1974 3070 2025 3103 V¹
2060 3071 2276 3104 introducent
2299 3074 2386 3107 RT2

1306 3115 1493 3147 introducet
1519 3115 1567 3147 Τι
1596 3115 1608 3157 Ι]
1630 3114 1668 3146 fit
1694 3115 1774 3155 ΒΤ]
1800 3115 1843 3147 sit
1864 3116 1989 3158 Vvulq.
2014 3115 2026 3158 ΙΙ
2055 3118 2094 3150 15
2120 3117 2296 3158 agentibus
2324 3119 2356 3150 V
2374 3118 2385 3161 [i

1311 3162 1349 3195 1ss
1376 3161 1445 3192 eius
1470 3160 1564 3192 R¹T
1585 3161 1598 3202 ss
1627 3160 1682 3200 sit]
1715 3161 1774 3203 leq.
1801 3160 1873 3192 est?
1904 3160 1915 3204 ΙΙ
1948 3159 2153 3194 ¹'secundum
2183 3162 2264 3195 haec
2295 3163 2384 3196 unde

1306 3205 1462 3238 uolumus
1481 3204 1529 3236 R²
1540 3205 1603 3238 VT
1622 3204 1802 3237 secundum
1827 3206 1889 3238 hoc
1913 3205 2079 3246 uolumus,
2104 3219 2162 3239 om.
2188 3207 2276 3240 unde
2299 3208 2348 3240 R¹
2372 3207 2384 3252 ΙΙ

1311 3254 1346 3284 1ῖ
1370 3253 1407 3282 ut
1429 3251 1473 3290 V]
1501 3263 1557 3282 om.
1583 3249 1652 3282 ΒΤ
1675 3249 1686 3293 ΙΙ
1717 3251 1836 3283 hiatum
1862 3253 1986 3288 notavz';
2016 3252 2230 3294 supplendum
2244 3254 2322 3295 fere
2346 3255 2384 3286 ut

1307 3296 1367 3328 etsi
1385 3295 1459 3337 quis
1483 3295 1618 3339 <agrum
1634 3295 1786 3327 videatur
1807 3296 1917 3328 forsan
1938 3295 2076 3328 alterius
2098 3297 2249 3338 pecuniis
2271 3297 2384 3331 emisse

1307 3345 1338 3374 et
1355 3341 1383 3373 si
1397 3339 1488 3382 quis>
1505 3340 1635 3372 domum
1649 3350 1821 3372 renovasse
1838 3341 1850 3384 ΙΙ
1867 3343 2059 3373 renouasset
2077 3341 2220 3385 V³vu19.
2237 3341 2248 3384 1}
2271 3345 2311 3377 19
2325 3354 2382 3375 na-

1305 3390 1399 3419 turae
1423 3385 1595 3418 muliebris
1622 3385 1654 3417 T
1675 3384 1687 3428 ΙΙ
1718 3386 1757 3418 21
1785 3396 1838 3418 eas
1862 3399 1920 3419 om.
1943 3386 1990 3418 13¹
2019 3384 2031 3429 ΙΙ
2062 3387 2104 3419 22
2130 3387 2265 3428 sufficit]
2295 3388 2382 3420 enim

1307 3432 1383 3465 add.
1399 3431 1449 3463 T2
1463 3431 1549 3473 vuly.
1577 3429 1590 3473 ΙΙ
1614 3431 1655 3463 23
1680 3430 1820 3471 quodam
1848 3432 1882 3464 V
1908 3431 2065 3472 quhdam
2091 3432 2143 3464 T¹
2170 3431 2183 3474 ΙΙ
2208 3433 2268 3476 leq.
2295 3435 2384 3466 extat

1307 3478 1357 3509 vel
1380 3475 1517 3508 existit?
1533 3474 1545 3518 ΙΙ
1565 3476 1607 3508 30
1622 3477 1707 3508 rubr.
1734 3476 1782 3508 De
1801 3476 1990 3518 priuilegiis
2010 3475 2182 3509 creditoris
2198 3477 2298 3519 (dotis
2314 3489 2383 3512 ore-

1307 3521 1424 3553 ditoris
1451 3521 1501 3552 T‘²
1538 3519 1624 3552 datis
1649 3520 1807 3554 creditori
1832 3522 1876 3563 R)
1908 3522 1966 3563 qui
1991 3521 2110 3554 militie
2142 3532 2240 3555 causa
2264 3524 2384 3558 marito

1306 3565 1475 3598 mutuauit
1491 3565 1560 3598 RT
1570 3567 1602 3599 in
1619 3578 1721 3609 mary.
1738 3567 1791 3607 (ex
1806 3566 1883 3607 Iul.)
1906 3567 1918 3610 ΙΙ
1945 3567 1987 3600 32
2011 3568 2044 3598 et
2067 3579 2125 3599 om.
2139 3567 2188 3600 R¹
2204 3568 2216 3610 ΙΙ
2243 3569 2284 3602 33
2310 3579 2384 3602 san-

1307 3612 1423 3651 cimus]
1445 3611 1610 3643 sancimus
1627 3611 1758 3652 quidem
1775 3612 1807 3645 R
1825 3611 1838 3655 ΙΙ
1854 3622 1934 3645 uero
1955 3611 2083 3644 dederit
2103 3612 2137 3645 V
2153 3622 2231 3645 uere
2248 3614 2338 3647 dedit
2357 3615 2389 3648 T

1308 3655 1497 3690 uendiderit
1517 3655 1567 3688 13¹
1594 3655 1607 3699 ΙΙ
1637 3657 1680 3689 34
1705 3657 1774 3690 sive
1798 3670 1858 3690 om.
1883 3658 1915 3690 R
1945 3656 1958 3701 Ι]
1985 3657 2027 3690 35
2047 3656 2237 3692 *scribatur
2261 3660 2367 3693 RVT
2374 3660 2383 3679 ¹

1307 3701 1472 3734 scribatur
1494 3701 1530 3733 in
1556 3700 1607 3734 Τ2
1618 3702 1705 3745 vulq.

2070 3760 2112 3792 60
