2618 4010
164 166 222 203 ΕΤ
251 168 309 203 ΕΑ
341 167 461 211 QUAE
490 171 625 202 PARIT

163 271 229 306 τὸν
253 269 445 306 ἑνδέκατον
476 272 574 316 μῆνα
605 269 867 316 περαιούμενον
896 273 1028 313 ἔτεκεν,
1066 267 1153 305 ὦςτε
1183 267 1247 305 οὐκ

164 317 256 351 εἶναι
278 316 435 351 δυνατὸν
460 318 575 351 εἰπεῖν
602 314 649 350 ὡς
669 318 706 349 ἐκ
726 318 789 349 τοῦ
807 315 1083 361 τελευτήσαντος
1106 320 1247 362 γείὀιτο

165 362 207 396 τὸ
232 365 382 408 βρέφος·
408 359 448 396 οὗ
472 360 539 409 γὰρ
563 360 610 396 ἄν
634 362 681 395 εἰς
705 363 881 395 τοσοῦτον
906 362 926 405 ὴ
946 361 1066 405 κύησις
1091 359 1246 404 ἐξετάθη

163 406 303 452 χρόνον.
341 410 409 461 καῖ’
425 405 549 449 ἐπειδὴ
573 410 632 441 καὶ
657 409 764 440 τοῦτο
788 409 828 440 ἕν
851 410 928 441 ἐστι
953 410 1030 441 τῶν
1055 410 1247 458 ἐπιτιμίων

1254 154 1338 202 257

2018 155 2126 201 NOV.
2157 156 2346 200 XXXIX
2376 156 2400 196 2

1606 267 1740 303 erfecto
1767 269 1919 313 peperit,
1954 271 1994 304 ut
2017 279 2088 303 non
2113 272 2207 304 esset
2231 268 2401 313 possibile

1319 316 1437 350 dicere
1462 315 1546 360 quia
1595 325 1613 349 e
1637 313 1806 348 defuncto
1832 314 1958 349 fuisset
1983 318 2126 358 partus;
2168 324 2282 359 neque
2308 314 2399 349 enim

1316 361 1353 395 in
1385 364 1523 396 tantum
1560 363 1700 403 tempus
1737 359 1980 404 conceptionis
2017 363 2202 394 extensum
2240 363 2305 395 est.
2354 360 2401 393 Et

1318 407 1485 450 quoniam
1511 405 1616 440 etiam
1641 405 1730 438 haec
1762 415 1834 438 una
1859 408 1913 440 est
1936 415 2129 448 poenarum
2155 415 2274 439 earum
2308 414 2400 448 quae

1318 271 1408 305 cimo
1435 279 1555 304 mense

163 455 240 486 τῶν
257 451 338 486 τοὺς
358 464 494 498 αωρουε
518 452 649 505 γιξμους
674 451 917 497 πραττόντων
942 452 983 487 τὸ
1004 452 1071 495 τὴν
1088 465 1248 505 γαμετην
1285 455 1303 486 5
1318 453 1468 486 acerbas
1501 451 1645 495 nuptias
1678 449 1832 492 faciunt,
1866 452 1905 484 ut
1937 461 2027 484 uxor
2060 451 2163 484 cadat
2193 461 2275 484 mox
2298 454 2399 485 ante-

164 500 352 532 ἐκπίπτειν
381 497 490 532 εὐθὺς
525 509 585 540 της
615 503 857 544 προγαμιαίας
890 498 1025 543 δωρεᾶς
1060 500 1118 540 τῆς
1149 510 1248 543 παρα

163 544 225 576 τοῦ
257 541 387 588 ἀνδρὸς
423 541 694 586 ἐπιδεδομένης,
733 541 820 576 diste
854 547 913 577 καὶ
946 541 1075 576 αὐτίκα
1110 541 1247 584 ταύτην

162 586 361 622 ἀπολλύναι
385 591 443 621 καὶ
464 587 554 632 μηδὲ
576 588 642 631 τὴν
662 590 789 635 χρῆσιν
813 591 914 630 ἔχειν,
942 586 1087 622 εἰκότως
1108 587 1142 621 οἱ
1165 591 1244 622 παῖ-

162 631 218 666 δες
237 633 343 685 0ἱὶτῷ
364 634 570 677 θαυμαστῷ
595 637 656 676 τῆς
680 633 811 679 μητρὸς
834 635 970 676 τοκετῷ
997 635 1245 678 περιυβρισμέ-

1317 497 1471 541 nuptiali
1493 496 1686 531 donatione
1707 505 1728 529 a
1748 495 1822 529 viro
1843 495 1926 529 data
1946 499 1981 529 et
2002 498 2147 539 repente
2166 506 2242 530 eam
2260 495 2401 530 amittat

1318 546 1353 576 et
1378 552 1493 586 neque
1518 552 1622 575 usum
1647 540 1788 584 habeat,
1815 542 1912 574 recte
1937 539 1999 574 filii
2025 542 2076 575 sic
2102 541 2252 575 mirabili
2277 541 2399 575 matris

1317 592 1424 631 partu
1449 586 1606 621 iniuriati
1637 586 1916 630 antenuptialem
1941 585 2054 629 patris
2080 586 2280 629 poscebant
2303 586 2398 620 acci-

1317 643 1402 676 pere
1428 633 1674 673 donationem,
1709 633 1744 665 et
1769 642 1839 665 non
1863 631 1995 665 lucrari
2019 631 2107 664 velle
2132 631 2313 665 mulierem
2339 641 2400 675 per

161 691 218 711 νοι
245 692 311 733 τῃν
333 679 422 725 γοῦν
445 683 691 732 προγαμιαίαν
722 680 784 712 τοῦ
811 677 946 731 πατρος
974 675 1096 720 ἠξίουν
1121 679 1246 722 λαβεῖν
1264 681 1302 712 10
1316 678 1429 712 virum
1444 688 1546 722 quem
1561 677 1613 711 Sic
1628 676 1796 711 velociter
1810 676 2068 711 dehonestavit.
2096 676 2162 710 Illa
2177 697 2219 701 —
2234 677 2296 711 scd
2311 687 2398 720 quo-

162 721 302 768 δωρεαν
338 727 396 757 καὶ
416 738 466 778 μη
483 722 684 768 κερδαίνειν
709 722 866 769 ὀφείλειν
889 737 954 766 την
974 726 1125 768 γυναῖκα
1147 721 1245 765 παρὰ

161 769 224 802 τοῦ
249 766 293 801 ἄν
319 767 377 814 ρὸς
402 767 445 803 ὃν
470 766 565 802 οὕτω
592 770 734 803 θᾶττον
758 767 941 812 ἠτίμασεν.
990 765 1011 811 ἡ
1036 766 1076 801 δὲ
1098 789 1139 792 —
1157 765 1245 801 ἀλλὰ

161 814 239 847 πῶς
264 814 424 857 εἴπωμεν
449 814 492 847 τὰ
514 812 603 861 παρ)
625 813 731 857 αὐτῆς
755 814 983 860 ἐρυθριῶμεν
999 834 1043 838 —
1060 810 1123 846 οὐκ
1140 809 1245 852 ἀξίαν

160 857 281 913 ἔλεγεν
306 859 436 902 ἑαυτὴν
460 860 552 893 εἶναι
575 861 637 901 τῆς
662 859 891 900 ἐκπτώσεως,
925 857 1018 892 διότι
1042 857 1107 892 τὸν
1132 857 1245 901 νόμον

1315 723 1420 757 modo
1439 723 1599 757 dicamus
1616 722 1724 757 verba
1739 721 1834 756 illius
1853 721 2095 756 erubescimus
2110 742 2153 746 —
2167 732 2240 756 non
2258 721 2400 765 dignum

1316 779 1353 802 so
1381 768 1523 802 dicebat
1547 777 1624 802 esse
1649 771 1689 801 ut
1714 767 1867 809 caderet,
1895 767 1977 810 quia
2001 768 2111 810 legem
2138 771 2259 802 nosset
2282 768 2325 801 de
2350 767 2399 801 le-

1315 813 1445 856 gitimis
1466 814 1667 856 loquentem
1688 811 1834 856 nuptiis,
1858 812 1925 846 sibi
1940 822 2021 847 vero
2042 812 2184 856 nuptias
2205 823 2276 846 non
2289 812 2400 846 fuisse

1316 858 1382 892 nisi
1408 858 1552 901 primas,
1580 868 1687 901 porro
1713 861 1855 901 partum
1882 857 1977 892 hunc
2007 867 2083 892 esse
2109 868 2199 901 opus
2225 857 2399 891 naturalis

160 908 340 945 ηπίστατο
370 908 451 949 περὶ
482 909 649 949 νομίμων
680 903 935 958 διαλεχόμενον
966 901 1104 950 γάμων,
1138 903 1245 955 ἑαυτῇ
1264 907 1300 938 15
1317 903 1640 947 concupiscentiae.
1690 903 1759 937 Sed
1785 904 1868 947 quia
1892 903 1981 937 haec
2007 903 2113 937 etiam
2144 903 2261 937 decies
2286 902 2400 936 milies

162 948 202 983 δὲ
223 948 340 996 γάμον
364 947 403 983 οὗ
431 951 606 996 γενέσθαι
632 964 730 993 παρα
762 964 828 982 τον
853 962 1041 994 προτερον,
1066 946 1155 982 ἀλλὰ
1180 961 1245 981 τον

161 995 310 1029 τοκετὸν
346 996 476 1029 τοῦτον
512 996 603 1029 εἶναι
641 996 788 1040 φυσικῆς
824 995 1020 1037 ἐπιθυλιιίας
1053 993 1243 1040 πάρεργον.

158 1035 253 1073 Ἀλλ’
278 1037 333 1074 ὅτι
357 1042 424 1083 μὲν
449 1037 539 1083 αὕτη
563 1044 621 1074 καὶ
645 1044 783 1085 μυρίοις
807 1040 939 1084 ἑτέροις
962 1035 1150 1073 ὑπόκειται
1176 1051 1243 1071 σω·

162 1089 371 1131 φρονισμοῖς
403 1085 654 1130 ἐξαμαρτοῦσα
683 1090 838 1129 Stupr0v‚
871 1085 948 1118 τῶν
972 1083 1243 1138 ἀνωμολζογηιιιέ-

161 1143 238 1164 νων
272 1133 381 1173 ἐστίν,
415 1134 473 1164 καὶ
504 1132 582 1165 τῶν
611 1144 652 1176 γε
686 1143 827 1164 ποινων
857 1132 1005 1163 ἐκείνων
1037 1142 1149 1172 αυτην
1182 1125 1244 1161 οὐκ
1259 1131 1301 1163 20
1315 1129 1383 1163 hoc
1418 1139 1521 1171 casu,
1556 1139 1661 1171 quam
1694 1129 1882 1173 constItuit
1912 1130 1969 1163 lex
2002 1139 2112 1173 super
2147 1129 2197 1164 cis

161 1173 321 1220 ἀφίεμεν,
354 1178 442 1210 τέως
475 1174 514 1209 δὲ
539 1174 757 1220 (φειδόμεθα
787 1174 856 1221 γὰρ
887 1176 966 1208 τῶν
996 1175 1059 1208 τοῦ
1083 1173 1243 1215 τελευτή-

161 1233 291 1255 σαντος
307 1220 465 1261 παίδων)
487 1221 668 1267 ἐπάγομεν
688 1222 872 1254 ἔκπτωσιν
895 1216 983 1266 αὐτῇ
1001 1221 1061 1262 τῆς
1081 1220 1151 1263 πρὸ
1167 1220 1245 1252 τῶν

160 1266 289 1313 γάμων
321 1264 455 1313 δωρεᾶς
486 1270 544 1299 καὶ
576 1268 635 1300 ἐπὶ
667 1263 795 1300 τούτου
820 1267 880 1299 τοῦ
909 1266 1082 1309 θέματος,
1115 1263 1159 1307 ἣν
1185 1266 1243 1298 ἐπὶ

159 1313 238 1345 τῶν
262 1315 423 1356 νομίμοις
454 1313 677 1364 προςιουσιῦν
700 1312 786 1344 εἴσω
817 1312 878 1344 τοῦ
907 1311 1092 1364 πενθςίμου
1116 1309 1244 1363 χρόνον

1315 948 1394 982 aliis
1428 949 1589 983 subiacet
1622 948 1917 992 castigationibus
1950 948 2203 983 committendo
2235 952 2400 991 stuprum

1314 993 1555 1028 indubitatum
1581 998 1646 1037 est,
1680 997 1715 1028 et
1739 994 1863 1038 poenis
1888 993 1957 1028 illis
1982 1004 2059 1028 eam
2084 1004 2156 1027 non
2181 993 2400 1038 privabimus

1316 1039 1469 1077 (interim
1510 1039 1602 1073 enim
1642 1039 1820 1083 parcimus
1861 1039 2019 1073 defuncti
2059 1038 2170 1080 filiis),
2215 1038 2400 1073 inferimus

1315 1087 1434 1118 autem
1469 1084 1501 1117 ei
1534 1084 1790 1128 antenuptialis
1817 1084 2018 1119 donationis
2046 1083 2272 1119 amissionem
2305 1088 2340 1118 et
2364 1084 2400 1118 in

2231 1139 2323 1173 quae
2355 1129 2400 1163 ad

1315 1174 1489 1217 legitimas
1516 1174 1693 1208 accedunt
1712 1175 1856 1218 nuptias
1882 1175 1977 1208 intra
1999 1175 2149 1217 lugubre
2171 1176 2324 1219 tempus.
2363 1174 2399 1208 Si

1315 1220 1407 1254 enim
1443 1219 1523 1253 illas
1560 1219 1618 1253 lex
1653 1219 1787 1253 inultas
1825 1230 1895 1254 non
1928 1220 2071 1262 reliquit
2108 1220 2191 1254 licet
2223 1219 2400 1263 legitimas

1316 1265 1460 1309 nuptias
1483 1264 1720 1305 celebrantes,
1746 1275 1787 1299 oo
1809 1265 1904 1308 quod
1930 1265 2022 1298 forte
2049 1265 2207 1308 suspicio
2226 1265 2336 1299 fuerit
2356 1275 2401 1299 ne

1315 1320 1386 1354 qua
1418 1309 1663 1353 praeextiterit
1696 1309 1910 1353 suspicionis
1935 1310 2110 1353 malignae
2137 1320 2248 1344 causa
2272 1311 2318 1346 ad
2345 1320 2399 1344 se-

159 1354 283 1410 γάμοις
306 1356 434 1411 ἔταξεν
458 1371 477 1390 0
503 1368 620 1400 νομος.
669 1357 700 1390 εἰ
722 1355 789 1403 γὰρ
818 1358 954 1390 ἐκείνας
974 1371 1006 1410 ὀ
1031 1355 1138 1400 νόμος
1170 1368 1242 1388 ατι-
1258 1358 1298 1390 25
1314 1355 1467 1390 cundum
1493 1355 1667 1397 maritum,
1695 1365 1736 1389 eo
1760 1355 1855 1399 quod
1877 1355 2044 1389 velociter
2069 1356 2114 1390 ad
2136 1355 2279 1399 nuptias
2300 1355 2399 1389 festi-

158 1413 344 1446 μωρητους
378 1415 419 1435 ου
455 1400 711 1443 καταλέλοιπε,
748 1405 906 1448 καίτοιγε
941 1414 1096 1446 νομιμον
1127 1399 1243 1447 γάμον

159 1446 363 1492 πραξάσας,
396 1445 489 1481 διότι
521 1446 629 1489 τυχὸν
660 1444 879 1481 ὑπώπτευσε
910 1447 959 1490 μή
991 1458 1043 1480 τις
1075 1448 1243 1492 προϋπῆν

159 1488 300 1536 ὑποψία
325 1491 465 1538 πονηρὰ
490 1494 578 1540 πρὸς
609 1491 675 1526 τὸν
708 1491 875 1539 δεύτερον
897 1491 1082 1538 γήμαντα,
1117 1490 1242 1537 διόπερ

159 1540 218 1570 καὶ
236 1537 379 1571 θᾶττον
399 1539 446 1571 εἰς
466 1537 531 1571 τὸν
544 1537 666 1591 ἱγάμον
681 1540 843 1580 ἔσπευσε,
863 1539 940 1572 πῶς
956 1535 1044 1580 [οὐκ]
1065 1537 1241 1576 ἐνταῦθα,

1313 1401 1419 1443 navit,
1447 1400 1622 1444 quomodo
1644 1410 1717 1434 non
1741 1400 1809 1441 hic,
1835 1400 1896 1434 ubi
1918 1410 2026 1434 causa
2046 1411 2117 1434 non
2137 1411 2202 1443 per
2223 1400 2400 1444 suspicio-

1312 1456 1392 1480 nem
1418 1450 1474 1480 est
1498 1446 1622 1485 solam,
1656 1445 1718 1480 sed
1742 1445 1812 1480 hoc
1837 1445 1954 1489 ipsum
1985 1445 2183 1489 increpatio
2209 1445 2401 1480 manifesta

1313 1495 1348 1525 et
1372 1491 1574 1526 indubitata
1606 1491 1769 1535 praebita
1803 1493 1857 1525 est
1889 1490 2019 1525 delicto
2052 1490 2209 1525 omnium
2233 1490 2400 1536 impiissi-

1312 1547 1389 1571 mus
1414 1536 1481 1571 iste
1506 1538 1645 1580 partus,
1669 1536 1813 1571 noxiam
1837 1546 1916 1571 eam
1942 1536 2208 1579 relinquemus?

156 1578 250 1616 ὅπου
274 1583 315 1616 τὸ
340 1584 487 1629 πρᾶγμα
509 1597 557 1638 μη
588 1581 680 1616 καθ’
708 1580 872 1638 ὑποψίαν
897 1585 973 1616 ἐστὶ
997 1582 1123 1626 μόνην,
1156 1579 1238 1615 ἀλλ’
1257 1585 1299 1616 30

157 1625 324 1661 αὐτόθεν
345 1628 482 1674 ἔλεγχος
506 1627 650 1675 ακριβὴς
671 1631 734 1670 καὶ
751 1626 1037 1674 απαραλόγιστος
1058 1626 1172 1670 ἐδόθη
1189 1628 1242 1671 τῷ

157 1671 435 1716 πλημμελήματα
467 1672 485 1706 ὁ
511 1675 663 1708 πάντων
694 1672 795 1707 οὗτος
818 1671 1058 1717 ἀσεβέστατος
1089 1671 1242 1714 τοκετός,

159 1720 176 1752 l
226 1715 432 1752 ἀνεύθυνον
453 1716 565 1761 αὐτὴν
582 1718 866 1764 καταλείψομεν,·
885 1717 988 1753 “llere
1006 1719 1244 1763 θεσπίζομεν,

159 1763 195 1796 εἴ
213 1776 249 1796 τι
273 1765 415 1816 τοιουτο
439 1768 595 1817 συμβαίη
627 1767 686 1798 καὶ
711 1763 781 1810 πρὸ
814 1765 876 1798 τοῦ
902 1765 1086 1817 πενκθίμου
1114 1766 1243 1809 χρόνου

1312 1720 1332 1753 1
1381 1717 1482 1752 Unde
1514 1718 1710 1760 sancimus,
1746 1717 1775 1751 si
1807 1717 1891 1761 quid
1924 1717 1996 1752 tale
2030 1718 2219 1761 contigerit
2251 1721 2287 1753 et
2319 1722 2402 1752 ante

1312 1764 1430 1798 luctus
1456 1766 1597 1807 tempus
1622 1762 1802 1807 pepererit
1826 1763 1953 1797 mulier
1978 1763 2074 1797 circa
2095 1763 2284 1798 terminum
2306 1763 2401 1806 anni,

159 1812 255 1842 τέκοι
278 1822 367 1855 γυνη
392 1821 479 1855 προς
502 1823 555 1852 τῳ
581 1813 710 1855 πέρατι
734 1823 798 1843 του
818 1811 928 1850 ἔτους,
955 1821 1042 1843 coste
1063 1820 1241 1854 αναμφισ-
1257 1812 1298 1844 35
1313 1812 1352 1843 ut
1377 1809 1617 1843 indubitatum
1643 1808 1689 1842 sit
1715 1808 1874 1842 sobolem
1900 1819 1971 1842 non
2000 1819 2043 1842 ex
2069 1808 2181 1852 priori
2207 1809 2402 1844 consistere

160 1852 318 1897 βήτητον
338 1854 429 1888 εἶναι
453 1854 494 1888 τὸ
509 1854 558 1898 μὴ
577 1854 644 1898 τὴν
663 1854 773 1901 γονὴν
794 1856 832 1888 ἐκ
857 1856 921 1888 τοῦ
949 1857 1123 1900 προτέρου
1150 1854 1242 1887 καθ’·

160 1898 310 1932 εστάναι
335 1904 565 1942 συνοικεσίου,
603 1905 786 1935 παντοίως
815 1897 927 1943 αὐτὴν
955 1900 1152 1946 στέρεσθαι
1184 1899 1245 1941 τῆς

161 1949 401 1990 προγαμιαίας
433 1943 567 1991 δωρεᾶς
598 1949 657 1979 καὶ
690 1945 783 1979 κατὰ
815 1943 1031 1980 δεσποτείαν
1062 1948 1121 1978 καὶ
1152 1943 1244 1978 κατὰ

159 1992 296 2041 χρῆσιν,
317 1990 555 2034 ὑποκειμένην
575 1995 634 2024 καὶ
654 1995 726 2025 τοῖς
746 1990 864 2024 ἄλλοις
885 1987 1024 2024 ἅπασιν
1042 1992 1242 2034 ἐπιτιμίοις,

161 2046 209 2068 ως
239 2049 284 2068 αν
309 2035 339 2068 εἰ
362 2033 537 2081 δευτέροις
568 2039 669 2078 ἔτυχε
702 2036 771 2080 πρὸ
801 2037 864 2070 τοῦ
897 2036 1081 2080 πενθίμου
1113 2035 1240 2080 χρόνου
1256 2039 1299 2070 40
1314 2036 1440 2071 brasse
1464 2035 1622 2079 nuptias.

160 2083 321 2124 νομίμοις
338 2076 539 2124 ὁμιλήσασα
558 2080 692 2126 γάμοις.
729 2080 778 2125 μὴ
794 2080 862 2128 γάρ
880 2095 969 2116 ποτε
988 2080 1112 2115 πλεῖον
1132 2083 1242 2122 ἐχέτω

1312 1854 1548 1895 matrimonio,
1575 1853 1688 1888 modis
1715 1853 1878 1888 omnibus
1905 1863 1981 1888 eam
2003 1853 2137 1897 privari
2163 1854 2402 1898 antenuptiali

1315 1899 1506 1934 donatione
1531 1902 1566 1933 et
1591 1898 1787 1933 secundum
1812 1899 2069 1942 proprietatem
2094 1901 2131 1934 et
2155 1910 2280 1941 usum,
2316 1900 2401 1934 sub-

1316 1944 1466 1979 dendam
1493 1954 1632 1988 quoque
1658 1944 1736 1979 aliis
1759 1945 1923 1979 omnibus
1945 1944 2082 1988 poenis,
2108 1954 2150 1978 ac
2173 1945 2202 1979 si
2223 1945 2400 1979 secundas

1315 2000 1393 2025 eam
1418 1990 1625 2032 contigisset
1659 1993 1741 2024 ante
1773 1990 1893 2024 luctus
1926 1993 2066 2034 tempus
2099 1990 2275 2033 legitimas
2310 1990 2401 2025 cele-

1671 2034 1753 2070 Non
1780 2035 1872 2069 enim
1904 2035 2040 2079 aliquid
2072 2036 2225 2079 amplius
2254 2035 2402 2071 habebit

161 2192 292 2227 mensis
312 2192 466 2238 peperit,
499 2195 541 2237 ut
564 2191 636 2225 dici
667 2203 740 2226 non
763 2192 887 2238 possit
917 2192 1097 2236 infantem
1129 2202 1178 2226 ex
1202 2191 1377 2235 defuncto
1403 2201 1481 2225 esse
1492 2202 1503 2229 ,·
1538 2201 1654 2235 neque
1678 2191 1770 2224 enim
1802 2190 1839 2223 in
1865 2193 2004 2224 tantum
2030 2194 2170 2241 tempus
2193 2191 2402 2236 =qraviditas

155 2236 342 2283 producta
366 2240 466 2272 esset.
516 2235 566 2271 Et
588 2237 756 2281 quoniam
782 2236 870 2271 liaeo
894 2247 1038 2281 quoque
1062 2247 1136 2270 una
1160 2241 1215 2270 est
1238 2247 1287 2270 ea:
1304 2235 1438 2280 poenis
1462 2246 1584 2269 eorum
1612 2235 1676 2280 qui
1704 2234 1974 2279 intempestivas
1997 2238 2147 2280 nuptias
2168 2235 2401 2278 contrahunt,

162 2281 262 2327 quod
284 2293 383 2316 uxor
406 2282 527 2316 statim
550 2281 720 2326 privatur
745 2281 990 2326 antenuptiali
1013 2281 1212 2315 donatione
1233 2292 1255 2315 a
1277 2282 1354 2315 viro
1377 2280 1476 2321 data,
1502 2280 1555 2314 ita
1580 2285 1620 2314 ut
1644 2284 1677 2313 et
1696 2280 1872 2325 protinus
1892 2290 1970 2313 eam
1992 2282 2135 2314 amittat
2158 2284 2194 2314 et
2214 2291 2258 2314 ne
2281 2291 2401 2315 usum-

161 2328 325 2372 fructum
348 2326 490 2372 quidem
516 2325 592 2360 eius
616 2325 756 2368 habeat,
782 2326 909 2360 merito
936 2326 1039 2360 liberi
1061 2337 1130 2371 per
1154 2325 1352 2359 mirabilem
1386 2325 1514 2359 matris
1532 2329 1685 2369 partum
1709 2324 1845 2358 iniuria
1871 2324 1994 2368 affecti
2019 2325 2303 2370 antenuptialem
2327 2326 2401 2360 sal-

164 2376 232 2407 tem
257 2373 383 2418 patris
413 2370 646 2405 donationem
679 2370 727 2405 ad
757 2371 858 2416 ipsos
899 2371 1070 2405 >eminere
1101 2370 1311 2404 iudicabant
1348 2380 1413 2404 nec
1443 2369 1625 2403 mulierem
1658 2369 1798 2403 lucrum
1830 2368 1957 2403 debere
1985 2369 2176 2448 percipere
2202 2381 2224 2404 a
2254 2371 2400 2411 marito,

163 2428 268 2462 quem
285 2420 357 2450 tam
375 2416 445 2451 cito
464 2415 680 2450 contumelia
699 2415 831 2460 affecit.
871 2382 900 2450 j
899 2415 949 2449 lla
974 2426 1058 2450 vero
1075 2435 1119 2439 —
1135 2415 1200 2450 sed
1223 2414 1402 2460 quomodo
1427 2414 1533 2449 verba
1558 2415 1635 2448 eius
1658 2414 1895 2459 proferamus
1918 2425 1982 2448 eru
2006 2414 2158 2448 escimus
2173 2435 2217 2439 ——
2233 2425 2272 2449 se
2295 2415 2401 2450 amis-

162 2463 265 2497 sione
286 2461 432 2507 diqnam
457 2472 531 2495 non
556 2471 632 2495 esse
657 2460 808 2502 dicebat,
834 2461 1005 2506 quoniam
1030 2460 1143 2505 leyem
1166 2460 1276 2494 sciret
1300 2459 1343 2494 de
1369 2459 1537 2506 leqilimis
1561 2459 1660 2504 loqui
1682 2459 1835 2505 nuptiis,
1868 2459 1940 2504 ipsi
1964 2463 2082 2506 aulem
2107 2460 2256 2505 nuptias
2280 2460 2402 2495 nullas

159 2508 280 2553 fuisse
301 2511 454 2553 praeter
478 2507 633 2552 primas,
671 2517 790 2541 verum
817 2510 966 2552 partum
998 2505 1098 2540 illum
1131 2516 1208 2540 esse
1239 2504 1421 2539 naturalis
1445 2504 1603 2538 libidinis
1634 2515 1725 2549 opus
1748 2503 1973 2538 subsicivum.
2038 2503 2168 2539 Verum
2192 2504 2293 2539 illam
2317 2505 2402 2540 aliis

161 2563 309 2598 quoque
332 2552 502 2587 sescentis
525 2550 826 2596 castiqationibus
852 2551 1049 2586 obnoxiam
1073 2561 1160 2591 esse,
1185 2561 1265 2584 oum
1289 2554 1455 2595 stuprum
1479 2549 1708 2590 commiserit,
1740 2549 1777 2583 in
1803 2549 1972 2594 confesso
1997 2552 2062 2590 est,
2087 2560 2202 2594 neque
2226 2550 2299 2584 illis
2323 2551 2400 2596 qui-

162 2598 244 2632 dem
261 2598 396 2643 poenis
429 2608 507 2631 eam
532 2595 748 2637 liberamus,·
785 2597 926 2631 interim
953 2602 1070 2631 tamen
1093 2596 1295 2641 (parcimus
1319 2595 1410 2629 enim
1437 2593 1601 2639 defuncti
1627 2594 1759 2637 liberis)
1785 2593 1992 2629 donationis
2013 2598 2096 2629 ante
2121 2594 2270 2641 qzchtias
2295 2596 2401 2630 amis-

162 2643 300 2678 sionem
324 2643 431 2677 etiam
455 2641 493 2675 in
514 2641 583 2676 hoc
607 2652 694 2676 casu
719 2641 751 2675 ei
770 2643 988 2687 irroqamus,
1014 2651 1122 2686 quam
1146 2640 1183 2674 in
1207 2640 1252 2674 iis
1277 2650 1370 2685 qnae
1393 2638 1442 2674 ad
1463 2639 1641 2684 leqitt'mas
1666 2640 1815 2685 nuptias
1836 2640 1932 2673 intra
1955 2644 2092 2685 tempus
2116 2639 2235 2674 luctus
2255 2641 2402 2676 veniant

163 2688 227 2723 lex
250 2687 388 2723 statuit.
445 2686 541 2721 Nam
570 2687 603 2721 si
633 2686 717 2721 illas
749 2686 812 2721 lex
844 2686 1006 2731 quamvis
1031 2685 1210 2731 lepitimas
1234 2686 1382 2730 nuptias
1406 2685 1660 2719 contraxerint
1692 2696 1765 2718 non
1790 2684 1939 2730 reliquit
1969 2685 2178 2730 impunitas,
2214 2685 2402 2731 suspicata

162 2733 265 2779 forte
300 2743 345 2768 ne
376 2743 449 2777 qua
482 2732 554 2767 iam
587 2736 671 2767 ante
700 2732 861 2767 extiterit
900 2731 997 2766 mala
1028 2731 1186 2776 suspicio
1222 2729 1395 2765 adversus
1425 2729 1620 2763 secundum
1651 2730 1859 2775 ooniuqem,
1901 2729 1995 2764 unde
2036 2730 2140 2764 citius
2171 2729 2221 2764 ad
2254 2731 2403 2776 nuptias

163 2778 405 2823 festinaverit,
431 2777 613 2823 quomodo
635 2776 704 2819 liic,
728 2776 789 2811 ubi
809 2788 868 2812 res
891 2788 962 2811 non
982 2776 1019 2810 in
1041 2776 1247 2821 suspicione
1266 2775 1348 2809 sola
1365 2774 1503 2815 nititur,
1528 2774 1592 2809 sed
1615 2775 1710 2809 ultro
1730 2775 1904 2820 probatio
1930 2779 2104 2809 accurata
2129 2779 2238 2845 atque
2263 2775 2402 2810 indubi-

164 2826 184 2858 1
245 2828 322 2858 tata
354 2823 484 2858 delicto
509 2822 694 2868 praestita
730 2826 784 2857 est
816 2822 975 2857 omnium
1009 2821 1240 2867 impiissimus
1274 2820 1335 2854 ille
1362 2823 1511 2865 partus,
1547 2819 1760 2866 impunitam
1797 2831 1876 2854 eam
1911 2820 2169 2865 relinquemus.
2272 2819 2404 2866 Itaque

163 2868 358 2910 sancimus,
390 2868 422 2902 si
446 2867 535 2913 quid
559 2867 736 2902 eiusmodi
758 2867 953 2912 conaverit
977 2871 1012 2902 et
1035 2866 1163 2900 mulier
1192 2870 1275 2900 ante
1300 2868 1439 2909 tempus
1463 2864 1582 2899 luctus
1605 2869 1775 2900 exactum
1799 2864 1864 2899 sub
1885 2865 1994 2909 finem
2018 2865 2109 2900 anni
2126 2866 2330 2911 pepererit,
2363 2870 2404 2900 ut

164 2913 324 2948 dubitari
355 2917 511 2959 nequeat
541 2912 629 2958 quin
652 2912 778 2958 proles
809 2924 881 2947 non
914 2913 962 2946 sit
985 2923 1034 2947 ea·
1051 2912 1182 2957 priore
1207 2910 1449 2951 matrimonio,
1484 2911 1582 2943 omni
1605 2909 1710 2944 modo
1742 2911 1857 2955 ipsam
1881 2914 2014 2945 antenu
2045 2909 2124 2944 tiali
2148 2909 2345 2946 donatione
2368 2914 2404 2945 et

165 2959 265 3004 quod
288 2958 338 2994 ad
357 2959 621 3004 proprietatem
645 2961 680 2992 et
703 2957 801 3003 quod
823 2957 872 2991 ad
895 2957 1161 3002 usumfructum
1186 2955 1333 3002 privari
1357 2965 1400 2989 ac
1425 2955 1552 2989 ceteris
1576 2965 1720 3000 quoque
1742 2955 1871 3000 poenis
1902 2955 1999 2989 omni
2023 2965 2066 2989 us
2090 2954 2289 2990 obnoxiam
2314 2966 2401 2997 esse,

160 3003 316 3050 perinde
340 3014 384 3038 ac
406 3004 438 3038 si
461 3002 638 3038 secundas
661 3003 765 3047 forte
788 3003 969 3048 leqitimas
992 3003 1142 3047 nuptias
1165 3006 1249 3036 ante
1276 3005 1414 3046 tenipus
1438 2999 1556 3034 luctus
1580 3003 1750 3040 exactum
1777 2999 2030 3035 contraaeisset.
2080 2999 2285 3046 Numquam
2309 3001 2403 3035 enim

215 3128 233 3159 3
257 3123 300 3158 τὸ
326 3138 384 3158 om.
401 3126 446 3158 Bl
465 3125 476 3168 ΙΙ
498 3121 545 3158 ἂν
570 3139 629 3160 om.
648 3127 674 3158 L
692 3125 702 3168 ΙΙ
731 3128 750 3158 4
777 3126 816 3157 ἕν
842 3125 930 3166 ἐστι]
956 3126 1074 3158 ἐνεστι
1095 3126 1125 3157 L
1143 3124 1155 3167 Ι]
1174 3125 1248 3157 ἐπι-

167 3171 301 3213 τιμιῶν
329 3170 453 3202 M⁰Bs
478 3172 489 3212 1]
520 3174 538 3202 9
564 3169 600 3202 οἱ
622 3170 674 3212 τῷ
702 3169 919 3213 θαυμαστῷ]
956 3171 1002 3202 sic
1028 3171 1061 3208 (i.
1089 3183 1113 3202 e.
1139 3166 1249 3209 οὕτω)

167 3215 315 3249 mirabili
337 3226 356 3251 ς
378 3214 390 3259 Ι]
420 3215 556 3257 τοκετῷ
574 3216 635 3256 τῆς
653 3214 784 3261 μητρὸς
804 3216 836 3247 Β
862 3217 872 3258 ΙΙ
906 3218 942 3248 11
965 3212 1151 3260 κερδάνειν
1173 3216 1214 3247 Μ
1239 3214 1251 3258 Η

171 3275 211 3307 13
231 3271 393 3314 εἴποιμεν
407 3272 474 3303 LB
492 3270 504 3315 ΙΙ
531 3273 571 3305 16
592 3268 731 3316 γάμου“.>
746 3271 806 3303 M²
824 3270 835 3313 ΙΙ
864 3272 901 3305 18
923 3265 1010 3312 αὕτη
1027 3271 1135 3311 MBg]
1162 3266 1252 3312 αὐτὴ

170 3330 202 3362 L
226 3329 239 3372 ΙΙ
269 3330 309 3361 19
335 3327 472 3369 stfipron
496 3328 541 3359 Μ
567 3327 759 3371 στοῦπρον,
783 3340 809 3360 s,
829 3340 858 3360 υ,
878 3329 1022 3368 μοιχίαν
1046 3324 1173 3372 φθράν
1193 3328 1252 3368 (sic

165 3387 228 3417 pro
243 3369 404 3418 φθοράν)
419 3373 449 3405 L
473 3374 635 3423 μοιχείαν
650 3372 685 3403 Β
713 3372 723 3413 l}
749 3373 791 3404 22
813 3369 884 3416 πρὸ
904 3371 981 3404 τῶν
1000 3368 1139 3417 γάμων]
1165 3382 1250 3416 προ-

166 3421 338 3465 γαμιαιάς
360 3419 394 3450 Β
418 3417 430 3461 l}
458 3419 500 3451 28
525 3419 666 3460 υποψία
691 3414 842 3459 πονηρὰ]
867 3416 1063 3458 suspicionis
1086 3417 1252 3460 malignae

171 3474 269 3496 causa
293 3475 311 3499 ς
334 3463 345 3506 ΙΙ
376 3465 417 3496 29
443 3462 490 3495 εἰς
516 3463 598 3501 ML]
616 3459 712 3505 ’πρὸς
736 3462 772 3493 Β
797 3462 808 3504 ΙΙ
838 3457 901 3494 οὐκ
925 3463 1056 3499 seclusis
1087 3461 1152 3494 οὖν
1169 3464 1251 3494 coni.

175 3510 405 3552 Osenbriiyqen
443 3507 454 3551 ΙΙ
489 3510 527 3541 31
555 3504 700 3552 ἔλαγχος
723 3507 754 3539 L
784 3509 795 3550 1]
834 3509 873 3538 33
900 3503 1103 3539 ἀνεύθυνον
1128 3507 1250 3546 MLB]

170 3551 380 3587 ὑπεύθυνον
396 3554 591 3585 Haloander
612 3565 650 3584 ez·
672 3562 691 3587 ς
716 3550 728 3594 Ι]
757 3553 796 3584 37
823 3551 1020 3595 στέρεσθαι
1039 3552 1095 3591 M]
1122 3553 1251 3593 στερεῖ-

171 3598 266 3631 σθαι
283 3599 315 3630 Β
340 3597 542 3642 στερῆσθαι
562 3598 592 3629 L
621 3596 632 3640 ΙΙ
665 3598 706 3630 38
731 3598 790 3629 καὶ
814 3596 907 3629 κατὰ
931 3596 1056 3639 χρῆσιν
1081 3596 1161 3637 LB]
1193 3598 1251 3628 καὶ

166 3643 297 3688 χρῆσιν
324 3644 382 3678 Me,-

240 3787 291 3814 111.

1321 3125 1398 3163 una]
1436 3133 1545 3154 *mna
1575 3122 1622 3155 V¹
1663 3125 1694 3154 et
1718 3133 1785 3154 una
1812 3124 1844 3155 T
1866 3122 1877 3166 11
1907 3125 1925 3156 5
1951 3133 2087 3155 aceruas
2111 3123 2215 3156 R¹T¹
2252 3123 2403 3156 arcerbas

1329 3169 1378 3201 Va
1399 3167 1410 3211 ΙΙ
1427 3169 1446 3201 6
1469 3168 1680 3199 donationem
1701 3178 1783 3199 auro
1805 3168 1881 3199 data
1897 3168 1944 3199 R¹
1965 3168 1976 3209 ΙΙ
1993 3169 2158 3200 ammittat
2179 3168 2213 3201 V
2230 3168 2403 3201 amittebat

1320 3212 1397 3256 11111
1422 3215 1441 3246 9
1467 3212 1563 3252 velle]
1590 3212 1699 3244 valere
1723 3212 1836 3255 vul9.11
1866 3214 1904 3245 10
1929 3212 2023 3244 illam
2042 3213 2102 3254 R¹‚
2128 3215 2172 3244 At
2196 3213 2256 3245 illa
2280 3215 2366 3257 vuly.
2392 3214 2403 3258 ΙΙ

1325 3272 1356 3302 11
1389 3269 1489 3310 digna
1514 3269 1562 3300 ιιι
1599 3262 1656 3309 dig}
1680 3268 1729 3301 V¹
1753 3269 1765 3311 n
1798 3269 1838 3300 12
1863 3271 1990 3301 nosseet
2019 3269 2075 3312 Vn
2107 3270 2148 3302 13
2173 3269 2249 3310 sibi]
2273 3269 2301 3301 si
2324 3268 2359 3302 R
2390 3270 2404 3316 ΙΙ

1327 3327 1363 3358 14
1389 3325 1489 3364 hunc]
1527 3318 1568 3355 ht
1591 3325 1641 3357 R¹
1669 3325 1679 3367 ΙΙ
1718 3326 1757 3358 15
1777 3324 1867 3365 quia]
1900 3324 1956 3365 qui
1980 3325 2027 3356 13¹
2056 3324 2067 3367 ΙΙ
2106 3326 2143 3357 17
2170 3325 2214 3364 et]
2247 3324 2345 3356 ctiam
2370 3327 2403 3357 et

1322 3371 1353 3402 R
1371 3370 1382 3412 ΙΙ
1400 3370 1479 3409 illis]
1500 3369 1583 3400 illu*
1604 3369 1653 3402 V¹
1677 3369 1752 3401 aliis
1775 3369 1859 3402 V2T
1871 3369 1881 3412 ΙΙ
1907 3371 1943 3401 18
1958 3368 2106 3400 defuncti
2120 3389 2156 3392 —
2170 3371 2211 3402 23
2225 3380 2263 3401 eo
2276 3381 2337 3402 scr.
2355 3369 2403 3402 R2

1323 3417 1353 3447 in
1374 3428 1439 3447 ras.
1455 3416 1472 3447 3
1488 3427 1628 3447 versuum
1659 3414 1671 3457 11
1702 3415 1865 3446 defunctis
1889 3415 1938 3446 Va
1965 3413 1976 3457 ΙΙ
2011 3417 2048 3446 19
2069 3414 2310 3446 ammissionem
2334 3414 2369 3447 R
2392 3415 2403 3458 ΙΙ

1322 3462 1363 3493 20
1386 3470 1464 3491 cau
1488 3460 1661 3491 constituit
1682 3470 1780 3500 quam
1804 3460 1853 3492 V¹
1873 3459 1884 3502 ΙΙ
1901 3469 1997 3500 quem
2010 3459 2043 3491 R
2062 3458 2074 3503 ΙΙ
2097 3461 2135 3492 21
2158 3459 2318 3500 lugrubre
2337 3460 2368 3492 R
2391 3461 2402 3502 Η

1322 3506 1362 3537 22
1388 3504 1523 3543 inultas]
1552 3507 1667 3535 *atas
1697 3505 1747 3537 V¹
1777 3504 1788 3547 ΙΙ
1818 3503 1978 3545 relinquit
2004 3503 2053 3536 V2
2084 3502 2096 3547 ΙΙ
2128 3506 2169 3537 23
2190 3517 2238 3547 sq.
2271 3515 2312 3536 ne
2338 3515 2404 3546 qua

1321 3557 1434 3591 (quam
1459 3550 1518 3589 R¹)
1544 3550 1747 3591 praestiterit
1767 3550 1800 3582 R
1832 3560 2013 3582 nonem*-
2039 3549 2085 3581 V¹
2117 3548 2128 3593 ΙΙ
2159 3550 2200 3583 26
2226 3552 2335 3590 causa]
2361 3550 2403 3582 ad

1321 3594 1502 3627 secundum
1527 3595 1683 3626 maritum
1709 3596 1784 3627 add.
1803 3594 1832 3625 R
1857 3594 1868 3635 u
1891 3594 2033 3635 spitione
2057 3594 2113 3626 Β*
2141 3594 2151 3635 ΙΙ
2177 3596 2216 3627 27
2244 3595 2305 3627 hoc
2330 3595 2402 3636 ipso

1321 3640 1405 3682 vuly.
1437 3638 1448 3681 ΙΙ
1484 3641 1525 3672 29
1558 3639 1749 3680 relinquens
1780 3641 1855 3671 libri
1892 3637 1903 3681 Η
1940 3640 1982 3672 34
2014 3639 2142 3681 peperit
2165 3640 2239 3673 RV
2273 3641 2284 3681 ΙΙ
2321 3640 2401 3671 anni

630 3707 636 3709 -
1183 3707 1194 3708 κ
1242 3707 1249 3708 ff
1286 3693 1288 3715 !
1323 3688 1359 3715 ut
1383 3683 1623 3726 indubitatum]
1660 3684 1891 3717 “dubitatum
1916 3694 2026 3716 annu
2061 3684 2110 3717 V¹
2138 3683 2150 3728 ΙΙ
2183 3686 2223 3718 37
2252 3685 2403 3716 donatio-

218 3733 238 3765 2
263 3732 302 3764 de
328 3745 384 3766 om.
408 3733 482 3766 Vir
502 3732 513 3777 Η
541 3732 628 3764 enim
653 3744 710 3764 om.
734 3730 783 3764 V¹
805 3729 818 3773 u
847 3732 869 3764 4
893 3731 973 3764 haec
995 3731 1079 3771 VT]
1105 3731 1167 3763 hoc
1188 3731 1221 3763 R
1243 3735 1254 3773 η
1285 3717 1290 3774 l

1322 3740 1396 3762 nem
1420 3729 1470 3761 13¹

2084 3798 2125 3830 33
