2586 3990
190 150 248 181 ET
276 147 394 180 ALIIS
425 147 659 180 CAPITULIS

188 245 414 294 άφοπλίζειν,
450 242 538 281 ῶςτε
563 245 613 290 μὴ
647 243 706 280 διὰ
736 246 813 281 τῶν
840 244 1019 281 τοιούτων
1050 242 1270 302 προφάσεων

188 293 356 329 πλείονας
378 295 459 337 βίας
482 287 687 337 ἐπάγεσθαι
710 295 783 326 τοῖς
805 289 1058 338 ἐπαρχεώταις.
1101 304 1131 325 ει
1156 290 1198 325 δέ
1217 302 1271 325 τις

188 340 266 374 τῶν
289 336 481 383 ἀρχόντων
508 337 625 370 ταῦτα
645 335 695 381 μὴ
713 336 969 383 παραφυλάξει,
992 339 1202 384 γινωσκέτω
1220 335 1270 380 μὴ

187 383 303 428 μόνον
319 383 381 426 τῆς
396 382 746 425 καταπιστευθείσης
771 379 999 438 αύτῷχάρχῆς
1020 380 1270 428 ἀφαιρεῖσθαι,

189 425 275 462 ἀλλὰ
292 431 351 462 καὶ
368 425 453 461 δέκα
467 430 614 479 χρυσίου
631 426 765 473 λιτρῶν
781 439 914 471 ποινην
930 425 1185 470 καταβάλλειν·
1205 426 1269 460 τοῦ
1285 429 1303 461 5

187 472 392 518 τολμῶντος
409 484 554 506 τοιουτο
576 473 725 518 πρᾶγμα
741 471 967 519 παραλαβεῖν
986 472 1076 516 μετὰ
1091 471 1271 516 βασάνους

187 521 247 552 καὶ
271 516 339 561 τὴν
359 517 420 560 τῆς
443 514 565 551 οὐσίας
589 516 761 562 δήμευσιν
790 519 838 552 εἰς
862 518 1005 563 ἐξορίαν
1028 520 1269 562 πεμπομένου.

1264 130 1347 178 645

1874 133 1980 177 Nov.
2013 118 2229 174 cxxvin
2258 131 2425 172 21-24

1338 254 1447 286 mare,
1479 247 1519 280 ut
1542 254 1612 281 non
1637 253 1703 290 per
1725 243 1815 279 tales
1841 242 2049 278 occasiones
2073 241 2264 285 ampliores
2289 240 2423 277 violen-

1339 291 1411 325 tiae
1440 290 1641 326 inferantur
1673 288 1962 335 provincialibus.
2011 287 2049 322 Si
2077 286 2157 331 quis
2189 287 2308 322 autem
2330 286 2423 321 iudi-

1341 345 1421 370 cum
1444 335 1534 370 haec
1551 346 1622 371 non
1641 334 1860 377 custodierit,
1887 335 2079 377 cognoscat
2102 342 2173 367 non
2190 332 2305 367 solum
2325 341 2421 366 com-

1339 380 1448 416 misso
1481 380 1549 415 sibi
1574 380 1713 424 cingulo
1743 378 1987 424 spoliandum,
2020 377 2083 413 sed
2108 377 2228 412 decem
2251 377 2422 412 librarum

1340 425 1418 460 auri
1442 435 1593 470 poenam
1616 425 1814 469 exsolvere3
1850 433 1892 459 eo
1919 424 1978 468 qui
2004 422 2284 467 praesumpserit
2314 422 2423 457 talem

1341 481 1484 505 causam
1509 471 1695 506 adsumere
1725 473 1806 514 post
1828 470 2006 504 tormenta
2029 471 2066 503 et
2090 468 2311 503 substantiae
2335 477 2421 503 con-

1339 515 1562 552 fiscationem
1584 516 1622 551 in
1645 515 1788 551 exilium
1811 513 2004 558 dirigendo.

1152 628 1309 664 CAPUT
1332 628 1448 663 XXII.

239 696 336 740 Πρὸς
360 695 500 731 τούτοις
524 696 711 742 κελεύομεν
736 698 817 732 τοὺς
840 698 918 731 τῶν
941 698 1126 742 ἐπαρχιῶν
1146 696 1271 743 ἄρχον-

185 752 250 776 τας
272 745 332 775 καὶ
351 741 415 776 τὰς
434 739 557 777 αὐτῶν
574 742 701 787 τάξεις,
727 743 861 777 εἴποτε
880 743 919 776 ἐκ
936 740 1075 777 πόλεως
1094 743 1141 776 εἰς
1160 741 1272 776 πόλιν

186 789 478 842 παραγένωνται,
502 788 592 832 μήτε
614 785 817 844 ᾆγγαρείαις
837 786 926 832 μήτε
943 786 1155 842 διαγραφαῖς
1174 786 1197 830 ἢ
1213 786 1271 820 ἄλ-
1288 789 1327 821 10

186 830 259 865 λοις
295 830 532 876 δαπανημασι
567 845 650 868 τους
682 832 864 868 υποτελεῖς
898 836 1083 877 βαρύνειν,
1120 829 1202 866 οἷλλ>
1234 834 1273 865 ἐκ

186 877 263 911 τῶν
288 875 555 923 ἀφωρισμένων
588 875 706 913 αὐτοῖς
738 881 776 912 ἐκ
806 878 871 912 τοῦ
905 876 1075 922 δημοσίου
1104 874 1272 912 άννόνων

187 920 251 956 τὰς
272 921 438 957 δαπάνας
462 927 588 958 ποιεῖν.

1396 696 1455 730 Ad
1478 695 1568 731 haec
1588 694 1750 730 iubemus
1782 693 2045 738 provinciarum
2068 691 2204 727 iudices
2235 692 2270 724 et
2290 688 2421 731 officia,

1341 741 1372 777 si
1391 741 1530 786 quando
1555 740 1599 776 de
1620 739 1762 775 civitate
1786 741 1850 773 aut
1866 738 1911 774 ad
1928 737 2107 774 civitatem
2129 736 2283 777 veniunt,
2308 742 2423 777 neque

1342 786 1497 831 angariis
1521 795 1636 830 neque
1659 783 1957 829 descriptionibus
1982 786 2046 818 aut
2061 781 2140 816 aliis
2158 779 2323 825 expensis
2348 777 2422 830 col-

1340 832 1472 867 latores
1490 841 1649 875 gravare,
1675 830 1737 866 sed
1754 839 1798 865 ex
1814 827 1993 874 deputatis
2017 827 2086 864 sibi
2103 826 2147 862 de
2163 826 2251 861 fisco
2271 832 2423 860 annonis

1341 886 1516 921 expensas
1539 876 1671 911 facere.

1150 989 1307 1025 CAPUT
1332 989 1464 1024 XXIII.

245 1058 341 1103 Πρὸς
365 1057 505 1093 τούτοις
529 1057 753 1102 θεσπίζομεν
784 1058 866 1092 τοὺς
898 1058 975 1091 τῶν
1000 1057 1183 1113 ἐπαρχιῶν
1207 1055 1268 1101 ἄρ-

1395 1056 1510 1100 Super
1533 1055 1623 1091 haec
1647 1055 1827 1091 sancimus
1860 1054 2123 1100 provinciarum
2150 1051 2286 1088 iudices
2310 1052 2422 1087 omni-

186 1115 315 1146 χοντας
338 1105 427 1138 πᾶσι
451 1103 599 1157 τρόποις
629 1103 721 1147 μετὰ
752 1102 795 1137 τὸ
821 1100 1037 1137 ἀποθέσθαι
1066 1116 1135 1145 την
1159 1099 1270 1147 ἀρχὴν
1285 1104 1325 1136 15
1339 1102 1407 1137 bus
1442 1100 1555 1136 modis
1590 1103 1674 1145 post
1709 1100 1966 1145 depositionem
2002 1098 2133 1142 cinguli
2168 1097 2424 1142 quinquaginta

187 1149 415 1192 πεντήκοντα
439 1152 569 1194 ημέρας
600 1150 640 1183 ἐν
662 1151 740 1182 ταῖς
770 1150 955 1193 ἐπαρχίαις
978 1146 1180 1192 διατρίβειν
1211 1150 1271 1181 καὶ

187 1197 259 1228 τοῖς
283 1194 464 1240 ἐναγωγάς
494 1205 595 1228 τινας
624 1191 708 1228 κατ’
738 1190 860 1228 αὐτῶν
889 1194 1052 1227 κινοῦσιν
1081 1190 1270 1238 ἀποκρίνε«

188 1240 289 1273 σθαι.
331 1240 361 1272 εἰ
383 1237 422 1273 δὲ
442 1243 599 1284 συμβαίη
623 1238 725 1273 τινὰς
749 1238 787 1279 ἐξ
809 1235 931 1272 αὐτῶν
953 1237 1024 1283 πρὸ
1042 1238 1106 1272 τοῦ
1128 1236 1270 1284 πληρῶ-

188 1296 248 1317 σαι
277 1284 342 1318 τάς
365 1283 396 1318 ν’
412 1282 552 1338 ἱῆμέρας
580 1283 794 1318 καταλιπεῖν
821 1283 891 1327 τὴν
920 1284 1053 1339 χώραν,
1085 1281 1271 1326 κελεύομεν

188 1330 329 1364 πάντας
358 1340 441 1364 τους
473 1326 563 1383 παρί
590 1326 871 1384 αὐτῶνζημίαν
894 1341 977 1363 τινα
1011 1332 1271 1373 υμομείναντας
1285 1330 1326 1362 20

188 1378 348 1409 συνιέναι
379 1374 478 1421 παρὰ
511 1388 564 1418 τῳ
595 1386 789 1418 οσιωτατῳ
823 1376 886 1418 τῆς
915 1372 1170 1418 μητροπόλεως
1195 1375 1271 1407 ἐπι-

188 1420 315 1463 σκόπῳ
340 1421 403 1462 τῆς
427 1417 536 1463 αὐτῆς
559 1421 738 1465 ἐπαρχίας,
762 1423 821 1453 καὶ
847 1421 906 1454 ἐπὶ
923 1417 1087 1463 πράξεως
1111 1416 1272 1463 ὑπομνη-

187 1465 318 1509 μάτων
340 1466 403 1499 ἕνα
422 1467 575 1500 ἕκαστον
595 1462 804 1509 ἁπτόμενον
822 1466 899 1499 τῶν
919 1463 1035 1511 ἁγίων
1055 1462 1272 1510 εὐαγγελίων

188 1511 370 1556 φανεροῦν
401 1510 465 1544 τὰς
496 1507 845 1554 ἐπαχθείσαςθαύτῷ
878 1512 1020 1553 ζημίας,
1050 1512 1110 1542 καὶ
1143 1511 1180 1542 ἐκ
1211 1510 1273 1552 τῆς

1340 1146 1413 1182 dies
1437 1146 1474 1180 in
1497 1145 1687 1190 provinciis
1713 1146 1923 1181 commorari
1947 1148 1983 1180 et
2006 1143 2258 1180 conventiones
2282 1142 2423 1187 aliquas

1341 1195 1467 1227 contra
1490 1201 1529 1226 se
1553 1191 1774 1226 moventibus
1799 1190 2027 1236 respondere.
2075 1188 2113 1224 Si
2128 1198 2209 1224 vero
2236 1187 2424 1232 contigerit

1340 1237 1493 1281 aliquem
1517 1246 1562 1272 ex
1586 1236 1634 1271 eis
1660 1239 1743 1271 ante
1760 1237 1956 1280 completos
1981 1234 2238 1280 quinquaginta
2262 1233 2339 1268 dies
2364 1232 2422 1268 de-

1341 1291 1458 1317 serere
1489 1281 1726 1326 provinciam,
1757 1282 1920 1317 iubemus
1953 1290 2073 1316 omnes
2106 1280 2151 1315 ab
2185 1288 2228 1314 eo
2256 1278 2424 1313 damnum

1340 1326 1484 1371 aliquod
1529 1337 1656 1371 passos
1700 1326 1805 1362 simul
1844 1326 1980 1371 ingredi
2021 1326 2117 1370 apud
2160 1324 2424 1359 sanctissimum

1339 1371 1576 1416 metropoleos
1609 1371 1816 1416 episcopum
1847 1371 2005 1407 eiusdem
2036 1370 2257 1415 provinciae,
2290 1370 2326 1404 et
2356 1368 2424 1403 sub

1340 1417 1446 1462 gestis
1460 1420 1768 1452 monumentorum
1787 1426 2070 1461 unumquemque
2082 1417 2286 1459 tangentem
2298 1416 2425 1450 sancta

1341 1462 1521 1506 evangelia
1552 1461 1671 1506 palam
1699 1461 1820 1497 facere
1848 1463 1949 1497 illata
1980 1461 2049 1497 sibi
2079 1460 2281 1505 dispendia,
2317 1462 2354 1494 et
2377 1468 2424 1494 ex

1339 1508 1432 1543 illius
1459 1507 1661 1543 substantia
1684 1510 1809 1542 contra
1834 1517 1937 1552 quem
1960 1506 2048 1542 talia
2071 1506 2168 1541 facta
2191 1508 2275 1541 sunt
2299 1514 2424 1540 monu-

189 1558 323 1589 ἑκείνου
348 1559 552 1599 περιουσίας
575 1553 668 1589 καθ’
696 1556 737 1589 οὖ
762 1555 808 1589 τὰ
833 1568 985 1589 τοιαυτα
1014 1558 1159 1601 γέγονεν
1184 1552 1271 1588 ὑπο·
1286 1555 1326 1589 25
1341 1556 1461 1588 menta
1490 1563 1593 1588 omne
1624 1553 1791 1588 damnum
1820 1553 1927 1588 laesis
1951 1551 2109 1595 restitui,
2141 1549 2365 1596 providentia
2389 1551 2425 1584 et

187 1601 360 1646 μνήματα
392 1601 517 1635 πᾶσαν
542 1602 674 1644 ζημίαν
703 1603 776 1635 τοῖς
798 1599 988 1644 βλαβεῖσιν
1019 1598 1272 1634 ἀποκαθίστα-

188 1646 292 1687 σθαι,
318 1649 471 1690 προνοίᾳ
495 1649 554 1678 καὶ
570 1644 727 1688 κινδύνῳ
752 1647 828 1680 τῶν
845 1646 937 1680 κατὰ
954 1643 1082 1689 καιρὸν
1102 1644 1273 1691 ἐπάρχω-ν

187 1694 248 1725 καὶ
279 1691 508 1736 τρακτευτῶν
539 1692 602 1733 τῆς
633 1687 740 1734 αὐτῆς
772 1692 958 1736 ἐπαρχίας,
993 1688 1148 1724 εἰδότων
1172 1688 1220 1724 ῶς
1243 1690 1273 1723 εἰ

186 1738 294 1770 τοῦτο
311 1734 501 1790 πληρῶσαι
519 1732 768 1779 ἀμελήσουσιν,
785 1733 886 1770 αὐτοὶ
903 1737 940 1768 ἐκ
957 1736 1035 1769 τῶν
1052 1733 1158 1769 ἰδίων
1174 1748 1272 1780 περκ

188 1781 322 1815 ουσιῶν
341 1790 460 1814 πασας
484 1781 548 1814 τὰς
569 1782 693 1824 ζημίας
717 1784 790 1815 τοῖς
809 1780 1000 1825 βλαβεῖσιν
1021 1778 1272 1822 ἀποκαταστῆ-
1287 1782 1328 1815 30

188 1837 250 1859 σαι
274 1822 632 1872 ἀναγκασθήσονται.

1341 1598 1501 1643 periculo
1534 1608 1598 1643 per
1630 1601 1768 1643 tempus
1799 1597 2065 1643 praefectorum
2098 1598 2134 1631 et
2163 1597 2425 1631 tracteutarum

1342 1643 1499 1679 eiusdem
1534 1642 1757 1688 provinciae3
1794 1643 1989 1678 scientibus
2022 1642 2121 1687 quia,
2157 1641 2189 1676 si
2223 1641 2292 1675 hoc
2328 1649 2423 1675 com-

1341 1689 1440 1733 plere
1464 1688 1695 1732 neglexerint,
1720 1687 1789 1732 ipsi
1809 1698 1852 1724 ex
1872 1687 2026 1732 propriis
2050 1685 2283 1723 facultatibus
2307 1685 2425 1720 omnia

1342 1735 1473 1769 damna
1496 1734 1604 1769 laesis
1628 1733 1818 1768 restituere
1842 1733 2109 1778 compellentur.

1149 1891 1306 1928 CAPUT
1330 1892 1461 1927 XXIV.

234 1961 279 1994 Εἰ
304 1958 345 1994 δέ
362 1971 415 1994 τις
434 1961 511 1994 τῶν
532 1957 721 2003 ἀρχόντων
744 1960 822 1994 τῶν
843 1960 1028 2005 ἐπαρχιῶν
1052 1957 1075 2002 ἢ
1097 1958 1272 2003 μετακλη-

190 2007 274 2048 θείη
307 2006 354 2039 εἰς
384 2003 497 2047 ἄλλην
529 2001 643 2049 ἀρχὴν
674 2002 695 2047 ἢ
725 2009 846 2050 χρείαν
877 2006 923 2039 εἰς
953 2003 1065 2047 ἄλλην
1098 2005 1275 2049 ἐπαρχίαν

1398 1958 1437 1993 Si
1461 1958 1539 2003 quis
1564 1961 1682 1994 autem
1706 1967 1750 1993 ex
1773 1956 1948 1992 iudicibus
1972 1954 2234 2001 provinciarum
2258 1957 2321 1990 aut
2344 1964 2424 1989 evo-

1344 2006 1445 2039 cetur
1469 2003 1514 2038 ad
1538 2003 1644 2039 aliam
1668 2002 2011 2039 administrationem
2045 2005 2107 2037 aut
2129 2010 2219 2046 opus
2250 2000 2297 2035 ad
2320 2000 2425 2035 aliam

246 2109 272 2130 c.
287 2096 405 2128 XXII
418 2101 504 2127 extat
522 2095 556 2126 B
573 2096 604 2135 6,
619 2101 646 2135 3,
661 2101 702 2126 41.
730 2094 808 2126 Post
824 2095 882 2126 hoc
899 2101 997 2136 caput
1012 2095 1045 2127 in
1062 2094 1092 2126 L
1113 2095 1264 2128 inseritur
1280 2094 1450 2137 particula
1473 2105 1545 2126 nov.
1564 2093 1686 2127 CLXI
1698 2105 1724 2126 c.
1741 2094 1755 2126 1
1776 2090 1824 2134 μὴ
1842 2090 2118 2135 περατωθείσης
2135 2087 2174 2123 δὲ
2189 2090 2252 2132 τῆς
2268 2087 2365 2133 δίκης
2382 2109 2423 2114 -

189 2139 282 2175 κατὰ
307 2139 353 2173 τὰ
377 2140 617 2183 προειρημένα
640 2137 832 2191 προϊούσης
853 2139 911 2180 (=
924 2139 959 2171 B
973 2140 1005 2181 6,
1019 2146 1046 2178 3,
1061 2139 1100 2180 9).

249 2200 274 2219 c.
292 2186 429 2218 XXIII
450 2182 663 2225 (Κελεύομεν
687 2193 770 2216 τους
792 2183 869 2216 τῶν
894 2183 1078 2226 ἐπαρχιῶν
1103 2202 1146 2207 -
1170 2189 1206 2215 26
1223 2179 1567 2224 ἀποκαθίστασθαι)
1597 2189 1627 2216 et
1650 2183 1787 2215 XXIV
1805 2182 1953 2215 clausula
1986 2182 2151 2214 immutata
2182 2181 2279 2214 habet
2309 2181 2423 2224 Epan-

192 2245 294 2275 aqoqe
319 2233 350 2272 7,
369 2238 401 2269 6;
434 2242 460 2262 e.
475 2230 613 2261 XXIII
632 2230 676 2270 (18
703 2228 748 2261 Εἰ
773 2225 813 2261 δὲ
835 2231 1057 2271 συμβαίη...
1078 2229 1110 2267 .).
1137 2227 1278 2260 XXIV.
1303 2227 1421 2259 XXV
1438 2233 1546 2259 extant
1570 2227 1605 2259 B
1630 2229 1661 2268 6,
1680 2234 1760 2268 3,11.
1776 2234 1818 2260 14.

188 2288 2418 2301 ———-—-—--—-—————————-—-——-——-———

190 2332 234 2356 ne
262 2330 332 2366 per
355 2316 528 2354 eiusmodi
551 2316 912 2396 occasioneslplures
941 2316 1132 2351 violentiae
1160 2313 1443 2361 provincialibus
1473 2314 1692 2366 inferantur.
1740 2313 1782 2348 Sz·
1809 2314 1891 2359 quis
1922 2317 2041 2348 autem
2072 2323 2122 2348 ex
2152 2313 2425 2358 maqistratibus

794 2371 812 2396 e

190 2365 279 2401 haec
303 2375 376 2399 non
402 2362 660 2404 observaverit,
692 2361 765 2396 inte

813 2363 879 2406 qai
907 2371 946 2395 se
977 2372 1049 2412 non
1079 2360 1195 2395 solum
1223 2359 1412 2395 commisso
1444 2359 1512 2394 sibi
1535 2359 1751 2404 maqistratu
1775 2359 1963 2404 privatum
1988 2357 2054 2399 iri,
2089 2357 2154 2393 sed
2174 2359 2280 2393 etiam
2304 2358 2425 2395 decem

191 2411 365 2446 librarum
390 2408 472 2443 auri
488 2417 649 2454 poenam
672 2406 875 2442 soluturum
898 2415 996 2447 esse,·
1030 2416 1062 2440 is
1086 2408 1204 2440 autem
1227 2404 1291 2450 qui
1313 2403 1491 2440 eiusmodi
1513 2413 1586 2438 rem
1611 2404 1793 2449 suscipere
1817 2402 1951 2439 audeat
1980 2406 2065 2448 post
2091 2406 2268 2438 tormenta
2288 2406 2323 2438 et
2343 2404 2423 2439 sub-

190 2452 649 2534 stantiagpublicationem
674 2452 711 2486 in
736 2450 884 2486 exilium
908 2451 1080 2485 mittatur.

396 2498 440 2532 II.
489 2496 686 2532 Praeterea
717 2496 877 2531 iubemus
900 2495 1092 2541 praesides
1116 2494 1392 2541 provinciarum
1423 2504 1617 2538 eorumque
1642 2492 1788 2538 officia,
1819 2492 1855 2527 si
1876 2491 2023 2538 quando
2048 2491 2092 2527 de
2112 2492 2256 2528 civitate
2278 2493 2317 2527 in
2341 2493 2424 2529 civi·

192 2551 300 2582 tatem
324 2545 433 2579 aliam
459 2545 663 2584 transeant,
695 2551 809 2586 neque
832 2541 996 2586 anqariis
1026 2551 1141 2586 neque
1165 2538 1466 2585 descriptionibus
1499 2542 1563 2573 aut
1584 2538 1667 2573 aliis
1690 2537 1861 2583 expensis
1891 2537 2070 2573 subiectos
2094 2548 2259 2581 onerare,
2289 2538 2355 2574 sed
2376 2549 2425 2574 ex

192 2590 348 2628 annonis
372 2599 467 2633 quae
490 2597 538 2622 ex
559 2587 648 2631 fisco
668 2586 817 2632 publico
841 2586 887 2620 iis
910 2585 1121 2631 desiqnatae
1143 2589 1226 2619 sunt
1249 2589 1412 2630 sumptus
1434 2583 1572 2628 facere.

326 2633 461 2668 XXIII.
509 2631 706 2666 Praeterea
727 2630 919 2672 sancimus,
951 2635 990 2665 ut
1010 2629 1197 2676 praesides
1216 2629 1488 2676 provinciarum
1513 2628 1676 2663 omnibus
1698 2626 1814 2661 modis
1838 2629 1923 2672 post
1945 2626 2148 2673 depositum
2171 2628 2425 2672 maqistratum

192 2679 459 2727 quinquaqinta
483 2677 558 2712 dies
581 2676 619 2710 in
638 2675 838 2722 provinciis
862 2680 1127 2710 commorentur
1157 2675 1272 2719 iisque
1296 2674 1358 2720 qui
1382 2674 1543 2708 actiones
1572 2672 1715 2718 aliquas
1738 2674 1868 2707 contra
1899 2672 1999 2718 ipsos
2021 2671 2156 2706 moturi
2178 2672 2252 2707 sint
2274 2683 2425 2718 respon-

192 2727 311 2762 deant.
359 2723 403 2759 Si
456 2733 522 2757 uos
553 2732 636 2757 vero
668 2732 792 2757 eorum
823 2724 906 2756 ante
938 2721 1135 2766 completos
1166 2719 1432 2765 quinquaqinta
1464 2717 1539 2753 dies
1568 2717 1793 2763 provinciam
1825 2715 1989 2752 deserere
2021 2717 2231 2761 contiqerit,
2266 2717 2426 2753 iubemus

194 2780 314 2807 omnes
337 2769 401 2815 qui
449 2777 591 2802 amnum
617 2765 766 2811 aliquod
788 2766 833 2801 ab
858 2765 903 2800 iis
919 2765 1087 2811 perpessi
1110 2767 1195 2799 sunt
1217 2764 1407 2799 convenire
1431 2761 1532 2808 apud
1552 2762 1814 2797 sanctissimum
1838 2761 2078 2813 metropoleos
2100 2761 2308 2808 episcopum
2330 2764 2424 2798 eius-

193 2817 272 2851 dem
291 2813 517 2861 provinciae‚
542 2816 577 2847 et
592 2811 683 2847 actis
706 2811 884 2856 confectis
906 2820 1191 2855 unumquemque
1215 2809 1320 2844 tactis
1337 2809 1472 2843 sanctis
1493 2807 1689 2853 evanqeliis
1712 2807 1845 2842 damna
1862 2806 1931 2842 sibi
1946 2806 2050 2842 illata
2069 2806 2266 2852 manifesta
2285 2808 2424 2852 facere,

193 2867 302 2906 atque
318 2870 368 2894 ex
383 2857 584 2894 substantia
603 2856 679 2891 eius
695 2860 824 2891 contra
845 2867 948 2901 quem
965 2855 1138 2890 eiusmodi
1158 2857 1240 2890 aeta
1257 2854 1423 2898 confecta
1444 2855 1530 2887 sunt
1548 2863 1651 2887 omne
1674 2851 1842 2886 damnum
1867 2851 1973 2887 laesis
1988 2850 2170 2893 resarciri,
2188 2852 2424 2898 providentia

193 2909 229 2941 et
248 2904 412 2951 periculo
437 2912 560 2938 eorum
584 2902 646 2946 qui
669 2911 812 2946 quoque
837 2905 993 2946 tempore
1016 2903 1100 2935 sunt
1117 2899 1391 2979 praefectorum
1414 2901 1450 2933 et
1472 2901 1707 2932 tractatorum
1731 2895 1887 2932 eiusdem
1905 2896 2137 2942 provinciae:
2160 2897 2224 2942 qui
2238 2898 2366 2940 sciant,
2392 2898 2425 2933 si

194 2950 263 2985 hoc
278 2949 428 2994 implere
443 2946 683 2992 neqlexerint,
700 2956 738 2980 se
753 2949 853 2990 ipsos
869 2956 918 2980 ex
931 2945 1095 2996 propriis
1106 2945 1198 2990 facu
1216 2944 1347 2979 tatibus
1363 2942 1483 2978 omnia
1499 2941 1632 2976 damna
1649 2942 1693 2976 iis
1709 2942 1772 2987 qui
1789 2940 1877 2976 laesi
1892 2945 1976 2976 sunt
1990 2941 2169 2977 resarcire
2185 2946 2350 2977 coactum
2365 2943 2423 2978 iri.

329 2993 461 3028 XXIV.
512 2991 649 3035 Siquis
671 2993 788 3025 autem
812 3001 861 3025 ex
882 2990 1110 3035 praeszdibus
1128 2989 1401 3034 provinciarum
1424 2986 1479 3023 vel
1502 2990 1668 3022 evocetur
1691 2986 1740 3021 ad
1754 2986 1864 3022 alium
1888 2986 2140 3032 maqistratum
2163 2986 2220 3022 vel
2240 2988 2424 3032 neqotium

251 3085 270 3117 2
295 3080 535 3125 ἐπαρχιῶταις
558 3093 623 3113 cum
640 3081 835 3113 Haloandro
847 3081 934 3122 vulq.
956 3082 966 3122 11
985 3083 1004 3114 3
1028 3077 1275 3123 παραφυλάξει

195 3131 238 3170 L]
272 3124 522 3171 παραφυλάξαι
548 3126 594 3158 Μ
626 3123 864 3170 παραφυλάξῃ
889 3125 998 3167 Epan.
1030 3125 1042 3167 ΙΙ
1070 3127 1091 3158 4
1115 3121 1273 3168 ἆφαιρεῖ-

195 3174 300 3213 σθαι]
324 3170 556 3217 γυμνοῦσθαι
576 3171 685 3213 Epan.
703 3169 715 3213 ΙΙ
736 3172 754 3203 5
779 3172 838 3202 καὶ
863 3183 919 3202 om.
936 3181 955 3205 ς
971 3170 982 3212 ΙΙ
1002 3172 1021 3203 9
1046 3171 1118 3209 καὶ]
1143 3165 1185 3202 ού
1203 3170 1249 3202 M
1265 3167 1276 3212 ΙΙ

197 3215 320 3250 αὐτῶν
341 3230 397 3249 om.
413 3228 432 3252 ς
449 3216 460 3258 ΙΙ
479 3215 623 3256 εἴποτε]
649 3214 720 3247 εἴτε
738 3216 767 3247 L
785 3215 796 3258 ΙΙ
815 3214 872 3255 εἰς]
898 3217 956 3246 aut
972 3215 1013 3247 ad
1029 3226 1048 3250 ς
1067 3213 1079 3257 ΙΙ
1098 3216 1136 3248 10
1159 3211 1277 3257 *μηδὲ

195 3282 236 3287 —-
251 3259 342 3305 μηδὲ
362 3261 472 3294 MLB
490 3260 502 3303 ΙΙ
523 3263 560 3293 17
588 3258 771 3304 ἐναγωγὰς
788 3278 828 3283 -
845 3260 1019 3299 κινοῦσιν]
1050 3258 1192 3303 ἐνάγειν
1217 3254 1275 3290 αὗ-

194 3310 268 3340 τοῖς
291 3304 520 3349 βουλομένοις
543 3306 652 3347 Epan.
673 3304 684 3347 ΙΙ
703 3306 742 3338 18
765 3302 847 3336 τινὰ
863 3305 1046 3346 ΒςΕραη.
1063 3303 1075 3347 ΙΙ
1095 3303 1132 3343 ἐξ
1154 3300 1277 3336 αὐτῶν

197 3366 253 3385 om.
269 3353 305 3384 B
324 3351 336 3395 ll
360 3353 400 3384 19
426 3347 649 3390 καταλιπεῖν]
682 3347 813 3381 λαθεῖν
836 3351 895 3380 καὶ
919 3346 1131 3381 καταλιπεῖν
1150 3349 1184 3381 Β
1201 3347 1213 3392 ΙΙ
1234 3349 1274 3382 20

196 3393 319 3429 αὐτῶν
334 3396 417 3436 ML]
445 3391 555 3426 αὐτοῦ
575 3394 754 3436 ΒςΕραη.
767 3395 828 3426 Iul.
850 3393 861 3435 Η
879 3394 1003 3435 ζημίας
1021 3392 1119 3426 τινὰς
1133 3394 1241 3436 Epan.
1266 3392 1277 3437 ΙΙ

197 3443 237 3475 21
264 3438 456 3486 ἁγιωτάτῳ
482 3440 518 3471 Β
545 3438 556 3482 ΙΙ
588 3439 649 3480 τῆς
671 3436 925 3482 μητροπόλεως
955 3436 1142 3480 ἐπισκόπῳ
1168 3439 1277 3474 ΕΒς

197 3487 319 3528 Εραιι]
359 3482 549 3518 ἐπισκόπω
580 3483 640 3524 τῆς
663 3481 916 3526 μητροπόλεως
938 3484 982 3515 Μ
1002 3482 1013 3526 ΙΙ
1045 3485 1086 3517 23
1111 3484 1275 3524 ἕκαστον]

198 3532 351 3563 ἕκαστον
376 3525 499 3561 αὐτῶν
524 3528 677 3571 BEpan.
697 3528 768 3570 1125
793 3530 948 3572 γε’γονεν]
973 3530 1122 3570 συνέστη
1143 3529 1178 3560 Ε
1202 3541 1252 3561 an.
1266 3527 1278 3572 Η

199 3577 240 3608 26
259 3570 590 3608 ἀποκαθίστασθαι
606 3587 649 3596 ¹-
667 3574 708 3606 30
725 3571 913 3615 βλαβεῖσιν
931 3573 1030 3606 om.L
1049 3572 1061 3616 ΙΙ
1079 3574 1119 3606 29
1135 3584 1162 3606 π
1185 3573 1276 3617 ηρῶ-

199 3630 260 3651 σαι
275 3619 322 3660 Β]
345 3632 401 3652 om.
414 3619 500 3652 Min
518 3619 577 3651 lac.
594 3619 666 3650 circ.
680 3620 720 3650 10
736 3619 793 3650 litt.
811 3617 822 3660 ΙΙ
843 3618 884 3650 32
902 3614 925 3658 ἢ
942 3630 999 3649 om.
1014 3619 1122 3660 Epan.
1140 3617 1151 3660 ΙΙ
1169 3630 1276 3660 μετα-

199 3661 317 3705 κληθῆ
333 3664 363 3696 L
381 3665 392 3707 ΙΙ
411 3664 453 3698 33
471 3662 518 3695 εἰς
536 3663 671 3705 ςΕραη.
684 3662 760 3703 Iul]
785 3659 807 3704 ἢ
824 3662 935 3695 AMLB
953 3661 964 3702 ΙΙ
983 3662 1029 3695 εἰς
1046 3663 1122 3695 ΜΒ
1132 3665 1162 3702 ς]
1188 3658 1210 3704 ἢ
1234 3663 1277 3705 L,

200 3707 248 3745 εἰς
265 3727 307 3732 -—
326 3709 427 3750 646,1
445 3706 752 3749 καταπιστευθείη
778 3720 835 3740 om.
859 3707 970 3750 Epan.

1403 3080 1418 3111 1
1446 3079 1485 3110 ut
1507 3079 1587 3117 non]
1625 3088 1665 3109 ne
1692 3077 1724 3109 T
1750 3076 1762 3120 ss
1790 3077 1810 3109 2
1841 3076 2107 3118 prouincialibus
2138 3076 2327 3109 inferantur
2354 3077 2386 3109 T
2413 3076 2424 3122 ΙΙ

1344 3126 1362 3158 3
1385 3124 1541 3165 agnoscat
1563 3121 1619 3165 VH
1637 3124 1655 3156 5
1681 3122 1739 3162 qui
1762 3122 1805 3161 V]
1831 3121 1919 3162 quod
1945 3122 1978 3154 Τ
1984 3122 2072 3164 vulq.
2091 3121 2103 3164 ΙΙ
2120 3120 2343 3164 praesumpsit
2360 3122 2394 3154 T
2412 3122 2424 3166 [Ι

1345 3170 1364 3200 6
1389 3173 1550 3200 assumere
1571 3167 1603 3199 T
1617 3166 1629 3210 Η
1647 3168 1822 3207 tormenta]
1848 3167 2089 3199 tormentorum
2112 3167 2144 3199 V
2161 3167 2326 3198 tormenta
2343 3176 2424 3199 uero

1346 3214 1471 3255 Tvulq.
1491 3211 1503 3256 ΙΙ
1520 3215 1537 3245 7
1564 3211 1779 3252 *dirigendo]
1805 3210 2017 3252 dirigendum
2038 3212 2070 3243 et
2089 3210 2125 3243 in
2144 3211 2193 3254 (in
2211 3223 2268 3244 om.
2288 3211 2335 3251 V)
2356 3211 2424 3244 exi-

1342 3259 1427 3290 lium
1449 3256 1627 3298 relegando
1652 3255 1838 3298 (religando
1859 3257 1905 3298 V)
1933 3255 1991 3289 VT
2009 3255 2022 3300 ΙΙ
2049 3257 2068 3290 8
2094 3258 2126 3288 et
2151 3268 2208 3288 om.
2226 3254 2280 3300 ΤΙΙ
2299 3255 2422 3298 officia]

1344 3313 1457 3336 eorum
1482 3303 1559 3335 add.
1584 3304 1668 3344 vulq.
1688 3300 1701 3345 ΙΙ
1725 3302 1744 3334 9
1769 3302 1828 3333 aut
1849 3314 1906 3334 om.
1928 3302 2013 3344 vulq.
2034 3298 2251 3342 11uenerit*T
2270 3301 2282 3343 Ι]
2301 3303 2341 3334 10
2365 3311 2423 3334 ne-

1344 3358 1407 3389 que
1424 3346 1715 3388 descriptionibus]
1741 3347 1800 3378 aut
1817 3345 2097 3387 descriptionibus
2116 3347 2146 3378 T
2162 3346 2173 3388 ΙΙ
2191 3347 2231 3378 11
2254 3344 2333 3378 fisco
2350 3347 2422 3388 (sic)

1352 3393 1408 3435 Vll
1434 3395 1476 3426 14
1499 3392 1614 3433 Nuper
1635 3391 1670 3423 V
1685 3390 1697 3434 ΙΙ
1725 3393 1764 3424 15
1790 3390 1996 3432 depositione
2018 3390 2050 3422 V
2066 3390 2077 3433 ΙΙ
2106 3392 2146 3424 18
2171 3390 2350 3432 completos
2373 3391 2424 3424 V²

1345 3440 1377 3471 in
1393 3444 1475 3480 spat.
1493 3449 1564 3470 vac.
1585 3435 1597 3479 ll
1615 3436 1655 3469 20
1681 3435 1810 3477 aliquos
1831 3434 1884 3478 VH
1905 3436 1943 3468 21
1971 3435 2030 3467 sub
2048 3436 2162 3476 gestis]
2187 3435 2343 3468 subiectis
2361 3436 2393 3468 T

1346 3484 1386 3515 23
1404 3482 1469 3513 sibi
1489 3482 1534 3522 V]
1552 3493 1608 3514 om.
1623 3481 1749 3523 Tvulq.
1768 3480 1780 3522 ΙΙ
1799 3481 1841 3513 24
1853 3479 1945 3520 talia]
1963 3490 1982 3512 a
1998 3479 2079 3511 talia
2097 3481 2148 3513 Va
2166 3479 2177 3523 ΙΙ
2196 3480 2282 3512 facta
2299 3493 2357 3514 om.
2369 3481 2401 3513 Τ

1346 3529 1386 3561 25
1412 3526 1545 3559 restitui
1569 3525 1645 3558 lesis
1671 3525 1702 3557 T
1727 3525 1739 3566 [l
1767 3527 1808 3558 26
1834 3528 1866 3557 et
1891 3526 1994 3557 tracte
2027 3526 2065 3557 ut
2089 3525 2207 3557 horum
2231 3526 2302 3557 eius
2327 3526 2360 3558 T
2391 3529 2423 3558 et

1345 3574 1493 3604 contrate
1509 3573 1547 3603 ut
1563 3571 1682 3602 horum
1698 3569 1843 3602 eiusdem
1864 3569 1912 3603 V2
1925 3571 1957 3603 in
1971 3583 2050 3611 ras„
2064 3582 2146 3603 corr.
2165 3571 2396 3613 Osenbriiqyen
2406 3572 2417 3614 Η

1347 3618 1386 3650 27
1410 3618 1469 3649 hec
1488 3617 1520 3649 T
1533 3615 1544 3659 Η
1564 3617 1605 3649 28
1627 3614 1808 3656 neglexerit
1827 3613 1882 3658 ΤΙΙ
1902 3624 1939 3647 ex
1960 3615 2005 3655 V]
2030 3615 2069 3647 de
2095 3615 2222 3659 Tvuly.
2241 3614 2253 3659 ΙΙ
2271 3616 2314 3649 29
2335 3625 2422 3648 com·

1346 3661 1489 3704 pelletur
1515 3661 1632 3704 Τ1133
1654 3669 1735 3702 opus
1759 3659 1812 3700 ad]
1836 3659 1878 3692 ad
1902 3672 1960 3693 om.
1984 3660 2019 3693 V
