2580 4022
138 149 214 194 Ed.
235 151 296 192 IX
327 164 389 206 pr.
416 154 450 195 1.
473 154 498 193 2
1191 150 1282 215 773
1358 213 1367 214 „
2025 164 2358 196 (JONTRACTmUS

136 256 227 294 ὅλως
260 260 409 307 καθαρὰ
440 264 587 308 γέγονεν
608 261 629 306 ἢ
653 264 841 309 γενήσεται
865 262 887 307 ἡ
912 262 1051 307 ἐντολή,
1076 260 1165 298 οἷ’ςτε
1188 264 1230 298 τὸ
1254 267 1399 308 χρυσίον
1422 260 1446 306 ἢ
1470 263 1515 298 τὰ
1540 263 1735 309 πράγματα
1760 264 1868 308 ῥητῆς
1888 264 1974 297 εἴσω
1999 264 2226 309 προθεσμίας
2248 275 2356 297 κατα·

133 304 295 348 βάλλειν,
320 306 487 351 αἱρέσεως
511 305 678 350 οἰδεμιᾶς
701 312 965 353 προσκειμένης,
991 307 1065 352 ἅμα
1085 310 1138 352 τῷ
1163 308 1363 352 παρελθεῖν
1387 308 1455 351 τὴν
1479 309 1711 355 προθεσμίαν
1734 312 1860 350 ἔνοχον
1883 309 1950 342 τὸν
1975 308 2225 352 ἐντειλάμενον
2248 308 2357 341 καθα·

130 349 264 397 ,στάναι
301 352 345 398 τῇ
369 352 434 384 τοῦ
459 354 577 395 χρεόυς
603 354 733 387 ἐκτίσει
758 352 878 388 αὐτοῖς
902 368 940 387 τε
965 357 1023 388 καὶ
1047 358 1119 389 τοῖς
1144 352 1227 399 παρ’
1255 353 1380 387 αὐτῶν
1405 355 1665 398 έκχωρηθεῑσιν
1689 351 1712 396 ἢ
1735 356 1793 387 καὶ
1819 356 2101 398 ίκχωρουμένοις,
2119 353 2168 397 μὴ
2190 350 2304 397 μόνον
2327 352 2359 387 εἰ

134 397 242 429 τοῦτο
267 396 451 441 ἐγγράφως
475 396 720 441 ἐντειλάμενοι
745 397 896 440 τύχοιεν,
923 396 1013 432 α’λλὰ
1040 402 1098 432 καὶ
1124 400 1154 433 εἰ
1179 397 1349 445 ἀγράφως
1373 395 1475 432 ἅπαν
1497 400 1538 432 τό
1564 399 1713 444 πρᾶγμα
1738 399 1930 444 πραχθείη.

1141 487 1298 524 CAPUT
1321 488 1348 522 1.

267 549 382 595 Ἡμεῖς
410 555 534 586 τοίνυν
564 554 754 597 βοηθῆσαι
783 556 839 596 τῷ
871 553 1055 600 πράγματι
1089 554 1303 599 βουλόμενοι
1335 554 1436 597 (μετὰ
1469 557 1594 597 μέντοι
1628 554 1743 595 πάσης
1768 552 1931 597 ἰσότητος
1955 557 2014 587 καὶ
2036 552 2272 597 δικαιοσύνης,
2297 557 2356 588 καὶ

132 592 219 628 ὦςτε
250 597 314 629 τοῦ
346 595 473 630 λοιποῦ
503 598 591 632 πᾶσι
622 597 770 643 τρόποις
802 597 974 643 ἀσφαλῶς
1006 604 1169 645 προϊέναι
1193 601 1321 641 ταῦτα)
1347 599 1572 643 θεσπίζνμεν
1596 599 1645 642 μὴ
1671 598 1787 632 άλλως
1812 598 1941 633 αὐτοὺς
1964 598 2149 643 αἱρεῖσθαι
2173 599 2236 633 τὰς
2259 597 2356 633 ἅντι-

132 638 310 684 φωνήσεις
340 639 552 685 ὑπειςιέναι,
585 646 672 688 πρὶν
704 641 750 677 ἂν
777 645 952 689 ἔγγραφος
984 642 1102 679 αὐτοῖς
1134 648 1215 690 περὶ
1247 644 1388 677 τούτων
1419 647 1566 690 γένηται
1598 643 1724 687 ἐντολὴ
1757 639 1859 678 ἅπαν
1890 643 1932 677 τὸ
1958 646 2118 690 πρᾶγμα,
2148 640 2245 678 ὅπως
2269 646 2358 678 ποτὲ

131 685 344 732 πραχθῆναι
378 685 461 728 δέοι,
494 689 619 732 σαφῶς
651 685 867 733 διορίζουσα,
898 687 988 731 μηδὲ
1023 691 1060 723 ἐκ
1092 691 1169 724 τῶν
1201 688 1323 723 καλῶν
1354 689 1498 722 τούτων
1529 692 1691 723 πίστεων
1722 689 1769 722 εἷς
1800 687 1956 733 ὄλεθρον
1988 691 2158 733 προφανῆ
2182 690 2357 733 καθἀριῦς

133 731 338 783 ἐμπίπτειν.
387 732 417 764 εἰ
452 729 493 764 δέ
521 745 561 778 γε
593 730 683 767 κατά
714 746 798 766 τινα
828 733 969 778 τρόπον
999 736 1179 780 ἔγγραφον
1209 736 1275 777 μὲν
1308 731 1356 776 μὴ
1379 736 1528 779 γένοιτο,
1560 732 1685 779 χρόνος
1709 731 1748 766 δὲ
1771 732 1948 777 ὁρισθειή,
1973 738 2031 766 καὶ
2057 730 2276 776 σιωπήσειεν
2300 732 2353 777 ἐφ’

131 772 280 808 ἅπαντα
311 776 378 809 τὸν
406 774 537 820 χρόνον
570 778 718 819 ἐκεῖνος,
751 775 842 822 ὑπὲρ
873 771 914 811 οὗ
945 779 991 811 τὰ
1027 781 1088 822 τῆς
1112 777 1394 823 άντιφωνήσεως
1417 781 1567 823 γίνοιτο,
1604 781 1662 811 καὶ
1685 778 1734 821 μὴ
1760 780 1951 822 με’μψοιτο,
1977 776 2166 822 διαδράμοι
2191 776 2230 811 δὲ
2253 781 2313 811 καὶ
2337 775 2355 811 ὁ

129 818 265 864 χρόνος,
290 820 368 854 εἶτα
389 819 480 864 μηδὲ
503 821 595 855 κατὰ
620 820 732 864 ἄλλην
757 820 909 866 δίμηνον
935 820 1020 857 αὐτὸ
1046 826 1154 858 τοῦτο
1179 825 1218 857 έν
1241 826 1373 867 μέμψει
1398 823 1597 865 ποιήσεται,
1623 823 1768 857 πάντως
1788 821 1853 856 τὸν
1874 820 2122 865 ἐντειλάμενον
2138 822 2357 867 καταβαλεῖν

130 866 183 907 τῷ
215 862 513 909 ἀντιφωνησαντι
547 866 589 900 τὸ
622 870 734 911 χρέος,
768 864 857 912 ὅπερ
889 864 937 902 ἄν
969 865 1204 910 ἀποδειχθείη
1235 867 1327 901 κατὰ
1352 867 1502 914 γνώμην
1526 864 1639 901 αὐτοῦ
1663 865 1764 911 παρά
1788 878 1885 901 τινος
1903 868 1980 900 τῶν
2005 864 2157 913 ἀργύρου
2180 870 2357 912 τραπεζης

138 910 382 956 προεστώτων
418 908 779 956 ἇντιπεφωιήμένον,
815 916 874 945 καὶ
909 911 958 957 μὴ
996 911 1183 947 δύνασθαι
1215 912 1304 955 μήτε
1334 909 1451 946 αὐτοῖς
1479 911 1568 956 μήτε
1599 915 1672 946 τοῖς
1703 909 1827 946 αὐτῶν
1857 910 2087 956 κληρονόμοις
2119 909 2142 955 ἢ
2173 916 2246 946 τοῖς
2271 909 2353 956 παρ’

131 954 256 987 αὐτῶν
282 955 542 998 ἐκχωρηθεῖσιν
572 953 594 999 ἢ
622 958 898 1001 ἐκχωρουμένοις
921 956 988 991 τὸν
1012 960 1179 992 τοιοῦτον
1199 956 1464 991 ἄντιτίθεσθαι
1488 954 1606 1003 λόγον,
1632 954 1706 990 ἀλλ’
1734 958 1847 991 ἐκεῖνο
1871 959 2026 1000 κρατεῖν,
2049 953 2139 1010 ὅπερ
2163 954 2209 990 ἂν
2234 954 2254 999 ἡ
2279 958 2356 990 τῶν

131 998 290 1033 ἐντολῶν
324 998 449 1040 δείξειε
476 1004 606 1043 πίστις,
636 1003 666 1035 εἰ
697 1004 764 1045 μὲν
786 1004 825 1035 ἐν
847 1004 1057 1048 γράμμασιν
1082 995 1189 1037 αὗται
1214 1016 1240 1036 π
1266 1001 1440 1043 οέλθοιεν,
1465 1003 1528 1035 τοῦ
1554 1000 1762 1043 δικάζοντος
1785 1005 1858 1035 τοῖς
1881 999 2090 1047 γράμμασιν
2113 1001 2356 1036 ακολουθοῦν-

130 1054 198 1085 τος,
224 1044 254 1076 εἰ
279 1043 318 1077 δὲ
340 1043 506 1090 ἄγραφον
530 1046 582 1088 εἰἠ
606 1045 649 1080 τὸ
675 1047 885 1092 σύμφωνον,
911 1051 988 1081 ταῖς
1012 1051 1073 1081 ἐπὶ
1097 1048 1215 1091 τούτῳ
1265 1045 1444 1090 ιδομέναις
1467 1046 1559 1080 κατὰ
1581 1045 1649 1080 τὸν
1675 1046 1789 1090 νόμον
1808 1043 2037 1085 ἀποδείξεσιν
2054 1047 2236 1090 ἑπομένου.
2278 1047 2355 1080 τού·

129 1101 207 1122 των
232 1090 467 1133 κρατούντων
499 1091 562 1124 ἐπί
589 1103 628 1124 τε
659 1093 736 1125 τῶν
768 1090 835 1134 ἤδη
860 1095 1068 1137 γενομένων
1087 1091 1179 1127 κατὰ
1203 1094 1334 1126 τοῦτον
1358 1092 1426 1126 τὸν
1445 1090 1585 1137 τρόπον
1609 1093 1673 1126 ἐπί
1693 1105 1733 1125 τε
1756 1092 1832 1126 τῶν
1857 1093 2040 1135 ἐσομένων
2063 1088 2357 1137 ἇντιφωνήσεων.

1140 1180 1296 1216 CAPUT
1321 1181 1366 1216 11.

256 1245 312 1282 ,Εἰ
343 1243 382 1279 δὲ
413 1249 475 1280 καί
496 1258 550 1281 τις
574 1244 692 1282 αὐτοῖς
714 1244 900 1291 ὑπεσχέθη
925 1246 947 1291 ἢ
971 1245 1191 1291 ὑποσχεθείη
1212 1249 1392 1293 θεραπεία
1418 1245 1477 1282 διὰ
1501 1247 1728 1304 γραμμάτων
1752 1245 1774 1290 ἢ
1797 1251 1856 1281 καὶ
1875 1246 2103 1302 γραμμάτων
2126 1251 2242 1294 χωρίς,
2267 1245 2356 1283 ἀπὸ·

131 1287 237 1330 δειξις
266 1288 305 1324 δὲ
334 1289 512 1336 αὐτάρκης
543 1294 602 1325 καὶ
635 1291 784 1336 νόμιμος
808 1292 935 1336 δοθείη
959 1291 982 1336 ἢ
1007 1292 1067 1327 διὰ
1091 1295 1153 1336 τῆς
1175 1294 1252 1327 τῶν
1275 1291 1499 1338 γραμμάτων
1522 1293 1761 1337 αναγνιόσεως
1784 1289 1807 1335 ἢ
1832 1291 1892 1326 δια
1917 1294 1978 1336 τῆς
1999 1294 2036 1325 ἐκ
2059 1294 2137 1326 τῶν
2159 1291 2357 1338 μαρτύρων

131 1338 296 1377 πίστεως,
326 1339 387 1369 καὶ
418 1335 557 1379 ταύτην
586 1338 679 1379 ἔχειν
704 1338 772 1381 την
792 1338 926 1372 οἰκείαν
950 1338 1052 1380 ἰσχὺν
1075 1337 1287 1382 βουλόμεθα
1307 1341 1366 1371 καὶ
1391 1334 1633 1372 ἀπαιτεῖσθαι
1656 1337 1698 1371 τὸ
1725 1341 2061 1383 συμπεφωνημένον
2085 1338 2273 1372 παντελῶς
2291 1351 2354 1381 μη-

131 1378 232 1414 δενὸς
263 1377 509 1417 ἀντικειμένου
540 1381 664 1426 νόμου,
697 1381 744 1416 ως
768 1385 873 1428 ἐχρῆν
897 1386 1027 1430 προῖκα
1046 1384 1162 1417 ταῦτα
1185 1383 1455 1430 <πραχθῇναι>,
1489 1379 1577 1416 ἀλλὰ
1600 1382 1648 1425 μὴ
1674 1385 1734 1416 ἐπὶ
1757 1382 1855 1416 δόσει
1879 1387 1964 1426 τινί,
1989 1381 2050 1416 διὰ
2074 1383 2117 1416 τὸ
2143 1383 2208 1417 τὶν
2232 1382 2357 1416 πάντα

131 1428 215 1468 βίον
240 1422 363 1459 αὐτῶν
386 1428 425 1459 ἐκ
449 1427 577 1460 τούτου
603 1429 850 1462 συνίστασθαι
875 1432 933 1461 καὶ
959 1426 1084 1462 τόκους
1109 1427 1232 1462 αὐτοὺς
1255 1426 1370 1461 τελεῖν
1393 1430 1452 1460 καὶ
1478 1425 1695 1473 στεγονόμια
1719 1425 1876 1469 διδόναι,
1908 1431 1967 1461 καὶ
1991 1428 2053 1470 τῆς
2077 1429 2197 1470 κοινῆς
2221 1426 2357 1461 λυσιτε-

132 1469 225 1504 λείας
256 1470 554 1515 προβεβλῆσθαι,
587 1470 650 1514 οὗχ
679 1473 738 1506 ἵνα
771 1475 954 1517 ζημιοῖντο
984 1470 1067 1507 οὐδὲ
1098 1474 1158 1507 ἴνα
1188 1476 1373 1507 παντοίως
1404 1471 1555 1517 ἄτροφοι
1586 1476 1756 1515 μείναιεν,
1791 1469 1865 1506 ἀλλ’
1900 1473 1960 1507 ἵνα
1983 1471 2121 1515 ταύτην
2146 1475 2260 1515 ἔχοιεν
2279 1474 2357 1506 τῶν

132 1517 152 1550 1
199 1516 343 1549 οἰκείων
379 1515 508 1550 πόνων
543 1517 795 1562 παραμυθίαν.
843 1519 890 1552 Εἰ
918 1521 1043 1562 μέντοι
1074 1531 1114 1564 γε
1145 1517 1332 1563 λογισμοὺς
1364 1514 1388 1560 ἢ
1415 1515 1724 1564 ἅντισυγγράφους
1755 1515 1778 1560 ἢ
1809 1514 2056 1563 αὐτογράφους
2088 1522 2305 1560 πεποίηνται
2335 1515 2357 1560 ἢ

131 1559 342 1602 ποιήσοιντο
374 1558 396 1603 ἢ
430 1559 534 1595 αὐτοὶ
566 1561 656 1607 πρός
686 1574 787 1596 τινας
819 1564 896 1597 τῶν
929 1561 1047 1597 αὐτοῖς
1079 1561 1374 1607 συμβαλλόντων,
1405 1559 1427 1605 ἢ
1458 1564 1585 1595 ἐκεῖνοι
1610 1562 1700 1609 πρὸς
1724 1559 1864 1603 αὐτούς,
1897 1564 1936 1596 ἐν
1961 1562 2011 1597 οἷς
2033 1561 2055 1606 ἦ
2081 1561 2258 1607 εἰςκομιδὴ
2279 1564 2356 1596 τῶν

131 1605 327 1649 χρημάτων
357 1609 416 1639 καὶ
448 1604 596 1649 δαπάνη
630 1611 924 1654 καταγέγραπται
956 1612 1015 1641 καὶ
1041 1607 1234 1654 γράμματα
1267 1610 1410 1652 φέροιτο
1435 1606 1546 1641 αὑτοῦ
1571 1608 1635 1640 τοῦ
1658 1610 1722 1650 τῆς
1744 1609 1922 1661 τραπέζης
1945 1608 2205 1654 προεστηκότος
2229 1609 2294 1641 τοῦ
2317 1620 2358 1641 τε

131 1648 367 1696 ὑπογραφέως
399 1650 530 1694 αὑτοῦ,
562 1648 621 1685 οὓς
653 1650 850 1696 άρμαρίτας
879 1652 1046 1695 καλοῦσι,
1075 1656 1134 1686 καὶ
1167 1646 1276 1686 αὖθις
1307 1654 1384 1686 τῶν
1408 1650 1693 1696 συμβαλλόντων
1716 1664 1806 1697 προς
1831 1650 1967 1695 saiwats,
1998 1648 2020 1695 ἢ
2043 1650 2102 1685 διὰ
2125 1652 2264 1686 παντὸς
2286 1649 2358 1686 ὑπὸ

131 1695 194 1736 τῆς
224 1697 289 1729 τοῦ
320 1694 587 1739 συμβάλλοντος
617 1698 730 1742 χειρὸς
760 1700 1022 1753 γεγραμμένους
1051 1694 1073 1740 ἢ
1105 1695 1321 1743 ὑπογραφὴν
1346 1698 1502 1739 ἔχοντας,
1525 1696 1574 1740 μὴ
1598 1695 1783 1730 δύνασθαι
1803 1697 1885 1731 τοὺς
1909 1696 2179 1741 συμβάλλοντας
2200 1697 2268 1739 τὴν
2291 1699 2358 1740 μὲν

131 1738 332 1783 εἰςκομιδὴν
356 1742 433 1774 τῶν
456 1741 660 1785 χρημάτων,
685 1739 730 1784 ἣν
753 1742 790 1776 οἱ
812 1743 1085 1788 αργπροπρᾶται
1106 1741 1399 1788 καταγράφουσιν
1423 1743 1464 1775 ἐν
1486 1745 1558 1775 τοῖς
1582 1738 1880 1787 ἇντισυγγράφοις
1903 1738 2177 1787 ἢαίτογράφοις
2191 1745 2358 1786 βρεβιόις,

131 1782 306 1825 δέχεσθαι
331 1782 538 1819 κάντεῦθεν
562 1785 690 1819 αὐτοὺς
714 1785 893 1829 ἀπαιτεῖν,
917 1787 1009 1831 πρὸς
1032 1785 1073 1820 δὲ
1095 1787 1164 1830 τὴν
1188 1788 1251 1829 τῆς
1272 1784 1398 1827 ἐξόδου
1422 1785 1658 1831 καταγραφὴν
1682 1783 1880 1832 ἀντιλέγειν
1905 1784 1952 1819 ὠς
1976 1783 2017 1819 οὐ
2037 1789 2244 1831 γενομένην,
2269 1784 2358 1828 μηδὲ

129 1829 154 1864 2
202 1821 310 1863 αὖθις
332 1829 414 1863 τοὺς
432 1827 583 1877 ἇργυροτ
609 1832 740 1874 απέζης
763 1833 996 1876 προεστῶτας
1018 1831 1088 1875 τὴν
1111 1834 1178 1876 μὲν
1200 1829 1367 1873 δαπάνην
1389 1828 1569 1874 ἐπαιτεῖν,
1594 1830 1662 1871 τὴν
1686 1829 1726 1864 δὲ
1749 1828 1949 1874 εἰς-κομιδὴν
1970 1829 2020 1875 μὴ
2038 1829 2219 1872 δέχεσθαι.
2265 1828 2355 1864 Ἀλλ’

130 1873 230 1919 εἴπερ
254 1875 292 1908 ἐκ
317 1875 395 1909 τῶν
417 1844 651 1918 ἑκατέρωὸεν
665 1878 998 1921 ’προκομιζομένων
1022 1873 1326 1923 άντισυγγράφων
1357 1874 1586 1921 λογοθεσίων
1609 1873 1632 1918 ἢ
1657 1874 1897 1922 αὖτογράφων
1920 1876 2168 1922 μαρτυρηθείη
2191 1873 2215 1919 η’
2238 1889 2277 1911 τε
2297 1876 2361 1919 τῆς

130 2021 170 2051 ut
193 2016 261 2051 hac
283 2016 446 2052 molestia
470 2017 709 2053 liberarentur
733 2021 767 2053 et
789 2018 821 2052 si
845 2019 990 2053 omnino
1007 2029 1147 2064 purum
1170 2018 1380 2052 mandatum
1398 2018 1540 2063 factum
1563 2019 1612 2052 sit
1634 2020 1697 2052 aut
1717 2018 1796 2062 fiat,
1821 2022 1862 2053 ut
1881 2018 2072 2064 pecuniam
2098 2022 2164 2053 aut
2185 2029 2245 2053 res
2259 2020 2359 2055 intra

131 2065 266 2097 certum
292 2064 431 2106 tempus
454 2061 615 2104 solvant,
641 2062 855 2098 condicione
878 2062 980 2097 nulla
1006 2062 1160 2104 adiecta,
1184 2066 1224 2096 ut
1247 2062 1466 2107 simulatque
1486 2062 1721 2108 praefinitum
1747 2067 1887 2108 tempus
1910 2062 2071 2108 elapsum
2092 2063 2151 2105 sit,
2178 2063 2361 2099 obnoxius

131 2105 325 2140 mandator
351 2106 419 2150 fiat
451 2106 569 2141 debito
601 2106 771 2142 solvendo
803 2111 839 2141 et
869 2107 960 2152 ipsis
982 2112 1018 2142 et
1041 2106 1171 2152 quibus
1193 2117 1216 2141 a
1239 2117 1278 2141 se
1301 2106 1462 2141 actiones
1485 2117 1607 2141 cessae
1629 2107 1704 2141 sint
1726 2111 1791 2141 aut
1813 2107 1920 2142 etiam
1941 2107 2128 2149 cedantur,
2152 2117 2218 2143 nec
2241 2108 2358 2143 solum

132 2152 164 2186 si
189 2150 256 2185 hoc
307 2161 346 2184 er
374 2150 513 2185 litteras
536 2151 795 2193 mandaverint,
819 2162 941 2187 verum
965 2151 1072 2186 etiam
1095 2151 1128 2186 si
1152 2151 1229 2185 sine
1251 2151 1389 2196 scripto
1416 2154 1529 2186 totum
1554 2152 1737 2196 neqotium
1761 2155 1879 2186 actum
1901 2152 1959 2187 sit.

266 2162 302 2229 ῙῙ.9
342 2195 420 2230 Nos
449 2196 464 2230 i
489 2197 562 2230 itur
592 2206 806 2231 succurrere
837 2196 890 2230 rei
914 2195 1071 2231 volentes
1094 2199 1186 2237 (cum
1211 2196 1308 2230 omni
1332 2200 1449 2230 tamen
1473 2195 1656 2240 aequitate
1679 2200 1715 2231 et
1737 2197 1887 2238 iustitia,
1912 2200 2022 2242 atque
2045 2201 2086 2231 ut
2108 2196 2146 2231 in
2163 2200 2356 2243 posterum

133 2240 297 2275 omnibus
321 2240 436 2275 modIs
484 2250 549 2276 aec
571 2249 695 2275 secare
712 2240 940 2285 procedant),
964 2241 1146 2275 sancimus
1169 2251 1243 2276 non
1266 2240 1372 2275 aliter
1397 2251 1459 2275 eos
1473 2241 1668 2275 constituta
1683 2240 1804 2275 subire
1820 2241 1920 2282 velte,
1941 2242 2157 2287 priusquam
2179 2242 2355 2287 scriptum

132 2286 176 2320 de
206 2284 262 2319 his
295 2285 505 2319 mandatum
541 2285 630 2331 ipsis
664 2285 770 2320 detur
804 2296 943 2320 omnem
977 2296 1052 2321 rem
1087 2285 1267 2330 quomodo
1300 2285 1384 2329 sieri
1415 2287 1580 2331 oporteat
1610 2284 1802 2330 definiens,
1833 2296 1949 2330 neque
1979 2297 2029 2321 ea:
2060 2286 2129 2321 lzac
2158 2286 2254 2321 bona
2281 2287 2356 2330 side

132 2332 170 2364 in
205 2329 349 2366 evidens
382 2330 534 2365 exitium
570 2334 695 2376 aperte
730 2329 896 2365 incidere.
946 2329 988 2364 Si
1020 2340 1105 2365 vcro
1140 2330 1264 2375 aliquo
1300 2329 1406 2365 modo
1440 2331 1614 2376 scriptum
1649 2330 1792 2375 quidem
1827 2330 1969 2375 factum
2003 2341 2077 2366 non
2113 2332 2179 2373 sit,
2217 2336 2356 2378 tempus

133 2378 251 2409 autem
283 2373 557 2410 determinatum
588 2374 646 2416 sit,
677 2379 713 2410 et
744 2375 899 2409 tacuerit
926 2385 995 2420 per
1027 2385 1130 2410 omne
1164 2378 1303 2421 tempus
1326 2375 1396 2415 itte,
1426 2385 1495 2420 pro
1521 2385 1592 2420 quo
1617 2375 1846 2409 constitutum
1868 2375 2009 2420 factum
2032 2379 2096 2417 est,
2120 2386 2235 2426 neque
2258 2376 2355 2411 litem

133 2420 302 2458 moverit,
334 2422 541 2465 praetereat
572 2429 656 2454 vero
688 2420 795 2454 etiam
829 2423 977 2464 tempus,
1010 2419 1138 2454 deinde
1166 2430 1211 2455 ne
1242 2420 1341 2455 intra
1372 2419 1464 2454 alios
1488 2419 1631 2464 quidem
1655 2419 1747 2454 duos
1771 2430 1908 2454 menses
1931 2419 1999 2455 hoc
2021 2421 2140 2465 ipsum
2164 2431 2202 2454 tn
2226 2430 2354 2465 quere·

135 2465 205 2498 tam
229 2463 432 2506 deduxerit,
459 2464 622 2499 omnibus
644 2464 760 2499 modis
783 2463 1030 2499 mandatorem
1053 2463 1191 2499 solvere
1210 2464 1441 2500 constituenti
1464 2464 1630 2505 debitum,
1656 2463 1756 2508 quod
1774 2464 1953 2509 probetur
1976 2465 2159 2510 exipsius
2173 2465 2355 2501 voluntate

134 2510 177 2543 ab
208 2509 332 2554 aliquo
363 2509 597 2553 arqentariae
628 2519 769 2555 mensae
797 2508 1009 2554 praeposito
1041 2510 1271 2543 constitutum
1303 2519 1390 2550 esse,
1422 2519 1466 2543 ac
1489 2519 1604 2553 neque
1626 2509 1716 2554 ipsis
1739 2519 1855 2554 neque
1878 2509 2040 2554 ipsorum
2065 2509 2266 2552 heredibus,
2290 2514 2355 2545 aut

135 2554 263 2598 quibus
298 2563 418 2588 cessae
441 2554 485 2589 ab
510 2553 600 2599 ipsis
622 2554 696 2588 sint
718 2554 776 2589 vel
796 2553 972 2589 cedantur
992 2554 1162 2595 actiones,
1187 2553 1362 2589 eiusmodi
1386 2553 1564 2588 rationem
1589 2554 1730 2599 opponi
1748 2563 1868 2599 posse,
1891 2554 1956 2589 sed
1970 2554 2062 2589 illuct
2080 2555 2230 2595 vincere,
2256 2555 2355 2600 quod

134 2599 385 2633 mandatorum
417 2598 612 2633 ostenderit
639 2598 742 2642 fides,
773 2598 806 2633 si
833 2598 870 2632 in
904 2597 1033 2633 litteris
1057 2599 1320 2645 processerint,
1352 2598 1492 2634 litteras
1524 2598 1642 2632 iudice
1673 2603 1853 2643 sequente,
1877 2599 1933 2633 sin
1958 2604 2076 2634 autem
2097 2610 2172 2634 non
2195 2601 2354 2646 scriptus

134 2648 344 2678 contractus
375 2643 433 2684 sit,
458 2642 693 2688 probationes
715 2654 759 2678 ea
782 2642 827 2678 de
849 2653 889 2678 re
908 2642 1102 2678 secundum
1124 2643 1221 2688 teqes
1237 2643 1411 2689 prolatas
1433 2646 1631 2688 spectante.
1679 2644 1797 2688 Atque
1820 2642 1909 2678 haec
1933 2643 2077 2679 valeant
2098 2649 2134 2679 et
2159 2644 2197 2678 in
2221 2645 2352 2680 consti-

136 2688 222 2723 tutis
245 2688 316 2721 iam
339 2687 453 2731 factis
476 2686 544 2722 boc
568 2687 672 2722 modo
697 2688 786 2723 etin
809 2687 958 2732 futuris.

270 2732 314 2766 11.
363 2732 405 2765 Si
435 2732 535 2777 quod
565 2742 650 2767 vero
680 2732 788 2767 etiam
819 2731 1090 2766 emolumentum
1120 2731 1171 2766 eis
1200 2731 1239 2766 in
1269 2731 1415 2777 scriptis
1447 2733 1510 2765 aut
1539 2731 1615 2765 sine
1638 2731 1784 2777 scriptis
1800 2730 2024 2776 promissum
2042 2731 2160 2776 fuerit
2182 2737 2247 2768 aut
2262 2745 2352 2779 pro-

134 2777 307 2817 mittatur,
337 2777 510 2822 probatio
547 2782 666 2812 autem
699 2777 889 2821 sufficiens
922 2780 958 2811 et
992 2775 1153 2821 leqitima
1186 2775 1291 2811 detur
1324 2779 1387 2810 aut
1422 2776 1639 2821 scriptorum
1671 2775 1820 2810 lectione
1853 2780 1918 2810 aut
1950 2775 2090 2811 testium
2119 2777 2211 2822 fide,
2246 2778 2352 2814 etiam

134 2821 203 2856 lzoc
233 2831 334 2856 suam
365 2821 433 2856 vim
465 2821 596 2857 nabere
625 2821 786 2857 volumus
816 2821 988 2867 exiqique
1018 2819 1117 2865 quod
1140 2826 1254 2866 pacto
1286 2820 1501 2860 convenerit,
1533 2820 1634 2854 nulla
1659 2830 1818 2873 prorsus
1850 2819 1928 2865 leqe
1959 2820 2161 2865 obsistente,
2186 2824 2292 2868 quasi
2314 2824 2354 2858 id

133 2866 250 2911 qratis
280 2870 315 2901 et
347 2876 418 2900 non
444 2877 516 2911 pro
547 2866 708 2902 mercede
739 2867 864 2911 aliqua
891 2865 975 2910 fieri
1006 2868 1185 2910 oporteat,
1209 2870 1410 2911 propterea
1467 2864 1539 2899 uod
1568 2875 1682 2899 omnis
1715 2875 1839 2900 eorum
1863 2866 1938 2900 vita
1958 2865 1996 2899 in
2019 2865 2089 2901 ltoc
2112 2868 2288 2912 consistit,
2312 2873 2354 2904 ut

134 2920 266 2944 usuras
295 2911 459 2955 pendant
481 2914 516 2945 et
538 2911 732 2955 pensiones
754 2921 824 2956 pro
848 2909 996 2945 aedibus
1021 2909 1107 2944 dent
1129 2915 1164 2944 et
1187 2910 1366 2944 communi
1388 2909 1440 2943 uti
1456 2909 1537 2944 itati
1558 2909 1798 2955 prospiciant,
1824 2920 1897 2944 non
1921 2913 1959 2944 ut
1983 2909 2113 2945 damno
2136 2912 2352 2957 afficiantur

133 2957 155 2990 1
202 2965 315 2998 neque
338 2958 376 2988 ut
401 2955 498 2988 omni
523 2955 616 2989 victu
646 2955 899 2996 destituantur,
930 2953 994 2988 sed
1017 2956 1056 2988 ut
1085 2952 1154 2989 hoc
1184 2953 1339 2989 habeant
1363 2953 1525 2988 laborum
1548 2964 1696 2988 suorum
1719 2954 1903 2988 solacium.
1952 2953 1996 2989 Si
2018 2959 2136 2991 tamen
2158 2957 2352 2992 ratiocinia

133 2999 208 3033 sive
237 2997 528 3049 antisynqraplza
559 2999 632 3034 sive
656 2998 887 3044 autoqraplta
909 2998 1054 3043 faciant
1077 3002 1141 3033 aut
1161 2999 1319 3043 fecerint
1342 3003 1407 3033 aut
1429 2998 1501 3043 ipsi
1523 2997 1612 3039 iltis,
1644 2999 1706 3043 qui
1729 3010 1809 3034 cum
1830 2998 1921 3044 ipsis
1943 2999 2180 3042 contrahunt,
2210 3006 2274 3036 aut
2296 3002 2352 3036 itti

133 3043 234 3088 ipsis,
262 3043 299 3076 in
330 3044 459 3094 quibus
482 3044 643 3089 pecunia
673 3049 824 3089 accepta
850 3047 886 3078 et
916 3052 1078 3088 expensa
1107 3044 1313 3088 conscripta
1337 3046 1390 3076 est
1412 3046 1447 3077 et
1470 3043 1653 3088 scriptura
1676 3044 1766 3078 inest
1790 3043 1905 3088 ipsius
1928 3054 2071 3079 mensae
2088 3046 2294 3090 praepositi
2316 3051 2353 3082 et

133 3087 273 3122 scribae
304 3098 391 3129 etus,
424 3097 515 3132 quos
546 3088 739 3122 armaritas
763 3091 900 3128 vocant,
934 3093 969 3122 et
991 3097 1119 3122 rursus
1141 3098 1278 3130 eorum,
1301 3087 1364 3132 qui
1384 3097 1463 3121 cum
1483 3087 1574 3133 ipsis
1598 3087 1827 3129 contrahunt,
1852 3091 1916 3122 aut
1940 3089 2084 3122 omnino
2109 3089 2352 3126 contrahentis

134 3143 242 3166 manu
272 3132 410 3178 scripta
435 3135 499 3166 aut
528 3131 826 3177 subscriptionem
856 3130 1036 3173 habentia,
1067 3142 1142 3166 non
1167 3136 1343 3178 poterunt
1370 3131 1621 3166 contrahentes
1641 3132 1830 3177 pecuniam
1855 3131 1997 3176 quidem
2021 3138 2217 3179 acceptam,
2242 3146 2351 3180 quam

134 3176 336 3221 arqentarii
367 3177 404 3210 in
436 3176 736 3222 antisynqraplzis
766 3176 822 3212 vet
849 3175 1091 3222 autoqraphis
1119 3175 1284 3211 brevibus
1315 3175 1531 3220 describunt,
1563 3186 1760 3220 aqnoscere
1785 3176 1937 3221 indeque
1957 3177 2001 3212 ab
2026 3178 2077 3212 eis
2101 3179 2261 3224 exiqere‚
2285 3191 2350 3215 ex-

130 3231 268 3266 pensae
298 3231 382 3256 vero
411 3223 616 3265 scripturae
639 3222 898 3262 contradicere,
932 3226 1113 3266 tamquam
1135 3221 1240 3265 facta
1264 3232 1336 3255 non
1361 3220 1418 3261 sit,
1443 3231 1558 3266 neque
1581 3231 1708 3255 rursus
1732 3221 1963 3265 arqentariae
1987 3232 2130 3257 mensae
2147 3225 2355 3269 praepositi

133 3265 157 3300 2
204 3276 400 3310 expensam
457 3266 574 3299 uidem
606 3266 765 3311 exiqere,
797 3277 881 3301 acce
911 3270 983 3300 tum
1008 3276 1091 3300 vero
1116 3276 1187 3300 non
1209 3276 1414 3310 aqnoscere.
1472 3264 1601 3300 Verum
1624 3265 1659 3300 si
1676 3276 1725 3300 ex
1748 3265 2049 3312 antisynqraphis
2071 3268 2273 3303 ratiociniis
2296 3269 2352 3304 vel

135 3309 380 3357 autoqraplzis
408 3276 454 3345 az
484 3315 637 3355 utraque
661 3314 772 3357 parte
801 3321 871 3357 pro
887 3310 958 3345 atis
988 3309 1252 3345 demonstretur
1281 3310 1482 3345 litterarum
1514 3314 1585 3345 tam
1610 3309 1654 3345 de
1677 3310 1835 3356 acceptis
1858 3321 1967 3356 quarn
1991 3310 2034 3347 de
2058 3313 2229 3357 expensis
2247 3313 2351 3358 fides,

180 3455 199 3486 2
225 3455 454 3497 προκειμένης
478 3454 528 3495 M,
554 3466 638 3487 corr.
662 3454 763 3487 Kroll
779 3452 792 3496 ΙΙ
816 3455 835 3487 3
859 3453 1114 3498 ἐκχωρημένοις
1139 3453 1183 3486 M
1200 3452 1211 3496 ΙΙ
1277 3454 1434 3495 μείνοιεν
1453 3452 1504 3494 M,
1530 3454 1657 3486 correxi
1673 3452 1685 3495 ΙΙ
1708 3454 1750 3486 26
1775 3454 1918 3496 φέροιτο
1943 3452 2060 3494 Kroll]
2086 3456 2187 3498 φέροι
2212 3455 2263 3506 λζ
2274 3456 2287 3499 ΙΙ
2311 3469 2350 3489 τε

135 3501 154 3532 8
173 3498 346 3542 καθαρῶς
362 3506 542 3541 corruptum
564 3499 706 3532 existimo
721 3497 732 3541 ΙΙ
747 3500 783 3532 11
803 3500 910 3541 με’ψει
924 3497 984 3550 Alfi
1000 3500 1038 3531 13
1063 3495 1209 3541 μηδὲ-
1278 3498 1477 3538 Zachariae]
1508 3510 1549 3542 γε
1572 3498 1615 3530 Μ
1642 3497 1654 3540 ss
1688 3499 1727 3531 27
1754 3493 1951 3550 ἀρμαρίτας
1972 3511 2070 3550 anon.
2097 3500 2196 3531 Bodl.
2230 3503 2264 3541 (η
2284 3501 2348 3534 τοῦ

134 3540 225 3595 μηδὲ
250 3543 299 3585 M,
326 3556 407 3596 corr.
433 3544 534 3576 Kroll
561 3542 574 3587 ΙΙ
607 3545 665 3592 καὶ
692 3541 741 3585 μὴ
771 3543 882 3595 ἔχειν*
898 3539 1011 3596 αὐτον
1041 3539 1062 3584 ἢ
1087 3541 1206 3596 κληρο-
1278 3540 1507 3596 άρμαρίτουη
1539 3544 1754 3585 σαμαρείτας
1778 3543 1822 3574 M
1843 3542 1854 3585 ΙΙ
1886 3555 1906 3582 η
1935 3555 2014 3575 των
2037 3539 2154 3576 αὐτοῖς
2174 3542 2349 3577 συναλλα-

135 3598 263 3629 νομους
296 3588 406 3620 αυτοῦ
439 3599 683 3632 παραγραφην
715 3599 808 3619 κατα
832 3599 908 3620 των
932 3598 1208 3632 αντιφωνησαν-
1278 3598 1424 3625 ςαντων
1448 3599 1544 3619 anon.
1570 3588 1670 3619 Bodl.
1688 3588 1699 3628 ΙΙ
1720 3588 1760 3620 28
1786 3584 2028 3629 συμβάλοντος
2054 3588 2092 3619 Μ
2113 3588 2125 3631 ΙΙ
2150 3587 2347 3632 συμβάλον-

133 3643 210 3664 των
233 3628 256 3673 ἢ
272 3634 550 3675 ὲκχωρουμένων
565 3631 629 3665 τὰς
644 3631 819 3665 ἐντεῦθεν
836 3628 979 3677 ἀγωγάς
996 3645 1090 3665 anon.
1105 3633 1207 3665 Bodl.
1277 3642 1340 3664 τας
1358 3632 1396 3663 M
1408 3629 1457 3672 (οἱ
1479 3628 1762 3671 συναλλάξαντες
1783 3633 1870 3674 epit.)
1886 3632 1897 3674 ΙΙ
1918 3633 1960 3665 32
1985 3628 2003 3673 ἢ
2030 3630 2256 3677 λογοθεσίων
2272 3648 2348 3678 per-

132 3673 145 3719 Η
171 3678 208 3710 21
248 3676 462 3720 πραχθῆναι
487 3690 525 3710 ex
549 3690 643 3710 anon.
668 3677 769 3710 Bodl.
796 3678 867 3710 addv
900 3678 1087 3711 Zachariae
1119 3677 1131 3720 ΙΙ
1165 3678 1205 3710 23
1274 3689 1387 3720 peram
1412 3677 1496 3720 vuly.
1513 3672 1565 3721 1Ιῆ
1590 3671 1721 3718 ‘te—⁷⁸1¹
1738 3688 1777 3709 τε
1791 3675 1864 3718 Mb]
1890 3676 2099 3711 εἴτε-εἴτε
2122 3678 2188 3712 Ma

2381 558 2400 589 5

2383 782 2423 812 10

2384 1005 2423 1037 15

2381 1340 2423 1372 20

2381 1565 2423 1597 25

2382 1787 2425 1820 30
