2618 4010
157 143 219 174 ns
234 141 383 186 sams

158 246 277 278 ποιίας
299 241 502 278 κατάθεσιν
533 240 660 285 λαβεῖν
686 241 764 275 τῶν
787 253 826 275 τε
851 240 944 275 κατὰ
967 236 1085 276 τόπον
1109 237 1239 286 ἀρχόν-

158 302 235 323 των
257 290 319 322 καὶ
332 289 409 322 τῶν
426 287 661 330 πειθομένων
687 285 806 320 αὐτοῖς
828 284 971 328 τάξεων
994 290 1054 320 καὶ
1077 288 1155 320 τῶν
1178 285 1240 320 τὰς

158 332 281 368 πόλεις
310 330 553 367 ἐκδικούντων
584 335 646 366 καὶ
669 334 849 377 πατέρων,
883 328 931 366 ῶς
959 329 1080 367 οὐδενὶ
1104 344 1239 378 συγχω-

158 376 306 424 ρήσουσι
328 378 393 412 τοῦ
417 376 544 412 λοιποῦ
569 378 646 411 τῶν
671 374 761 423 παρ’
788 374 894 421 ἡμῶν
922 390 957 411 τι,
981 375 1240 423 κεκωλυμένων

158 423 312 470 πρᾶξαι,
335 419 497 457 ἀλλόιτὰ
523 420 584 457 διὰ
608 424 673 457 τοῦ
692 423 872 468 παρόντος
895 422 1155 458 θεσπισθέντα
1177 421 1240 457 νό-

156 482 225 514 μου
249 466 462 514 φυλάξουσι,
486 467 618 511 ποινὴν
641 467 708 511 τήν
731 481 771 503 τε
795 469 834 502 ἐν
859 465 1013 513 χρήμασι
1037 467 1106 511 τήν
1129 480 1169 502 τε
1192 468 1241 502 εἰς

158 511 271 557 αὐτὴν
287 510 513 559 ὑφορώμενοι
537 513 603 556 τὴν
620 512 787 558 κεφαλήν.
835 513 1062 556 θεσπίζομεν
1082 513 1152 559 γὰρ
1171 513 1241 547 τὸν

156 560 223 603 μὲν
247 559 310 601 τῆς
338 557 488 604 μεγάλης
519 560 595 594 τῶν
620 557 885 603 Ἀλεξανδρέων
913 557 1053 593 πόλεως
1082 557 1241 604 ἄρχοντα

158 604 379 649 παρορῶντα
398 604 445 637 τὰ
462 602 552 649 παρ’
569 602 673 646 ἡμῶν
689 604 1007 658 νενομοθετημένα
1031 605 1140 637 εἴκοσι
1160 617 1240 647 χρυ-

1228 125 1311 174 417

1070 176 1477 194 ——-.-..—-..-L.

1923 125 2030 180 nov.
2062 123 2262 177 LXXXV
2292 125 2329 167 3.
2364 126 2389 165 4

1308 239 1415 275 etiam
1445 247 1510 284 per
1532 238 1613 275 loca
1634 236 1771 273 iudices
1803 238 1841 272 et
1862 236 2027 274 subiecta
2048 236 2098 272 eis
2123 235 2247 271 officia
2277 237 2314 271 et
2338 234 2388 270 ci-

1308 285 1457 320 vitatum
1480 283 1686 320 defensores
1711 285 1747 318 et
1769 284 1900 327 patres,
1934 282 2019 327 quia
2039 282 2128 317 nihil
2151 281 2321 317 valebunt
2344 280 2390 316 de

1309 335 1427 366 cetero
1459 330 1587 366 horum
1617 337 1708 373 quae
1737 337 1760 362 a
1791 327 1894 362 nobis
1924 327 2107 373 prohibita
2137 330 2223 363 sunt
2253 325 2390 372 aliquid

1309 385 1422 420 agere,
1455 375 1518 410 sed
1547 383 1638 420 quae
1661 382 1726 418 per
1750 376 1975 418 praesentem
2007 373 2148 409 sancita
2169 374 2254 408 sunt
2276 371 2390 415 legem

1276 425 1295 457 5
1309 420 1518 462 costodient‚
1543 428 1695 465 poenam
1720 420 1755 452 et
1773 417 1810 453 in
1833 418 1996 463 pecuniis
2021 422 2057 454 et
2073 418 2112 453 in
2126 417 2244 462 ipsum
2266 416 2389 452 formi-

1308 466 1432 501 dantes
1457 469 1578 510 caput.
1626 463 1812 500 Sancimus
1837 464 1930 498 enim
1961 473 2109 507 magnae
2140 462 2281 508 quidem
2304 462 2389 497 Ale-

1307 513 1479 547 xandriae
1502 510 1655 546 iudicem
1679 509 1919 553 neglegentem
1951 519 2041 552 quae
2074 519 2097 544 a
2120 507 2225 544 nobis
2249 506 2390 543 sancita

1309 561 1392 592 sunt
1409 557 1478 592 XX
1498 555 1578 591 auri
1593 555 1705 590 libras
1729 554 1911 590 exsolvere
1934 564 2085 599 poenam
2109 557 2145 588 et
2165 552 2304 598 cingulo
2327 561 2388 588 ca-

1309 602 1403 644 dere,
1429 604 1465 638 et
1487 601 1594 637 huius
1619 599 1776 635 officium
1801 599 1964 634 similiter
1981 599 2050 634 XX
2068 598 2146 633 auri
2167 598 2278 633 libras
2303 597 2389 632 dare

157 653 235 683 σίου
268 648 402 694 λιτρῶν
435 650 677 683 κατατιθέναι
709 662 839 692 ποινην
871 652 931 682 καὶ
963 650 1024 690 τῆς
1047 647 1153 694 ἀρχῆς
1185 650 1239 682 ἐκ-
1255 651 1294 683 10
1309 658 1460 692 poenam
1497 650 1533 682 et
1569 645 1722 690 capitale
1758 645 1934 680 sustinere
1970 643 2201 689 supplicium,
2238 643 2389 678 aliarum

159 697 319 737 πίπτειν,
343 697 404 727 καὶ
428 694 496 738 τὴν
519 693 648 729 τούτου
673 692 779 735 τάξιν
804 692 938 738 ὁμοίως
962 694 1072 727 εἴκοσι
1095 698 1239 739 χρυσίου

158 738 294 784 λιτρῶν
326 737 469 774 διδόναι
493 739 626 783 ποινὴν
656 744 716 773 καὶ
740 738 936 785 κεφαλικὴν
961 736 1105 781 ὑπέχειν
1128 752 1239 782 τιμω-

158 788 252 831 ρίαν,
283 785 364 819 τοὺς
388 783 428 818 δὲ
450 787 527 819 τῶν
552 784 674 819 ἄλλων
704 786 887 832 ἐπαρχιῶν
911 782 1086 830 ἄρχοντας
1109 786 1240 828 ζημίαν

157 832 224 884 μέν
249 828 335 864 δέκα
358 829 493 884 λιτρῶν
516 835 660 885 χρυσίρυ
684 828 930 883 ὑφίστασθαι,
962 826 1095 874 ὁμοίως
1119 827 1159 863 δὲ
1181 832 1242 863 καὶ

1308 702 1390 728 vero
1414 691 1677 737 provinciarum
1701 690 1838 726 iudices
1862 690 2032 725 damnum
2054 689 2198 734 quidem
2220 687 2255 723 X
2277 687 2388 723 libra-

1309 749 1387 773 rum
1410 738 1489 773 auri
1520 737 1714 780 sustinere,
1748 735 1908 771 similiter
1940 740 2059 771 autem
2091 738 2128 770 et
2158 734 2254 779 ipsos
2289 732 2390 768 casui

1309 783 1441 828 cinguli
1466 782 1652 819 subiacere
1677 785 1711 817 et
1731 781 1858 816 horum
1882 780 2012 823 officia,
2038 779 2242 815 defensores
2267 781 2389 813 autem

1311 831 1346 863 et
1381 832 1502 873 patres
1545 828 1727 863 civitatum
1768 826 1875 861 trium
1915 826 1995 862 auri
2030 826 2202 861 librarum
2243 823 2390 859 multari

159 875 288 910 αυτοὺς
319 877 496 911 ἑκπτωσει
526 878 590 910 τ”ς
614 887 721 921 αρχης
744 875 962 910 υποκεῖσθαι
988 878 1048 908 καὶ
1071 874 1135 908 τὰς
1159 873 1239 908 τού-
1257 877 1297 909 15
1337 883 1427 908 oena
1451 876 1487 909 et
1510 873 1546 908 in
1573 873 1690 926 capite
1713 871 1890 908 sustinere
1912 871 2129 917 periculum,
2153 869 2185 906 si
2207 869 2292 916 quid
2316 868 2389 904 tale

158 934 236 955 των
268 920 404 962 τάξεις,
436 921 518 955 τοὺς
572 923 588 955 ὲ
617 919 774 955 ἐκδίκους
802 924 861 954 καὶ
886 923 1041 966 πατέρας
1071 921 1149 953 τῶν
1173 918 1239 953 πό-

159 965 254 1000 λεων
276 967 392 1012 τριῶν
414 979 454 1001 τε
471 971 614 1012 χρυσίου
639 965 774 1011 λιτρῶν
799 965 1021 1009 ζημιοῦσθαι
1046 964 1240 1010 πρόςτιμον

158 1015 219 1045 καὶ
242 1011 310 1046 τὸν
342 1012 390 1046 εἰς
420 1011 580 1059 κεφαλὴν
611 1008 804 1067 ὑπομένειν
827 1009 1008 1054 κίνδυνον,
1041 1010 1076 1044 εἴ
1104 1024 1139 1044 τι
1168 1022 1241 1043 τοι·

159 1058 244 1091 οὗτο
259 1056 452 1103 γινόμενον
468 1055 629 1103 εὑρόντες
646 1055 982 1102 μητιμωρήσονται
1008 1053 1023 1065 “
1043 1058 1116 1090 τοῖς
1132 1056 1241 1089 τοῦτο

160 1103 297 1156 πρᾶξαι
316 1100 526 1147 δυναμένοις
547 1102 597 1147 μὴ
619 1100 854 1147 μηνύσουσιν,
888 1098 979 1135 ἀλλὰ
1001 1069 1024 1135 λ

159 1159 392 1193 χωρησουσιν.

1325 921 1444 953 actum
1477 921 1736 964 comperientes
1767 927 1840 953 non
1871 918 2052 963 punierint
2086 917 2150 952 aut
2180 915 2250 951 hoc
2285 923 2390 960 agere

1309 964 1509 1000 valentibus
1533 974 1607 1000 non
1630 963 1806 1006 nuntient,
1835 963 1899 999 sed
1921 963 2035 999 latere
2058 961 2296 1007 permiserint.

1026 1101 1135 1135 αθεῖν
1159 1113 1240 1147 συγ-
1254 1102 1297 1135 20

1157 1280 1317 1318 CAPUT
1340 1280 1402 1317 1v.

209 1358 330 1397 ‘'Onws
362 1360 402 1396 δὲ
424 1360 515 1406 δῆλα
546 1365 764 1397 κατασταῖεν
796 1363 842 1397 τὰ
876 1359 967 1407 παρ’
994 1358 1099 1406 ἡμῶν
1130 1374 1239 1395 κεκω-

160 1407 294 1452 λυμένα
327 1408 427 1453 παρὰ
462 1406 622 1442 ἰδιωτῶν
658 1405 680 1450 ἢ
715 1412 774 1441 καὶ
810 1410 945 1454 ἑτέρων
978 1408 1104 1449 τινῶν,
1144 1406 1240 1450 πλὴν

159 1454 238 1487 τῶν
269 1454 309 1487 ἐν
338 1456 417 1487 ταῖς
453 1453 559 1507 ἱεραῖς
594 1450 708 1507 ἡμῶν,
735 1453 908 1499 φάβριξιν
943 1450 1239 1499 ἀναφερομένων,

1364 1359 1414 1396 Ut
1449 1361 1567 1394 autem
1603 1357 1722 1403 palam
1757 1357 1847 1393 fiant
1886 1367 1979 1404 quae
2012 1367 2034 1392 a
2069 1357 2172 1393 nobis
2210 1355 2392 1402 prohibita

1307 1408 1392 1441 sunt
1431 1415 1453 1440 a
1484 1405 1629 1449 privatis
1664 1408 1700 1439 et
1731 1405 1811 1439 aliis
1842 1403 2076 1449 quibusdam,
2111 1403 2202 1438 citra
2234 1412 2296 1438 eos
2331 1401 2392 1446 qui

1307 1451 1345 1486 in
1375 1451 1488 1486 sacris
1519 1449 1653 1485 nostris
1684 1448 1948 1485 fabricensibus
1978 1449 2195 1488 referuntur,
2226 1447 2306 1484 fieri
2328 1450 2392 1482 aut

159 1498 331 1545 γίνεσθαι
354 1497 376 1541 ἢ
401 1496 562 1533 ἰδιωταις
594 1499 869 1543 πιπρασκεσθαι
901 1494 1016 1540 ὅπλα,
1049 1501 1109 1532 καὶ
1132 1500 1239 1532 τοῦτο
1254 1499 1295 1533 25
1307 1496 1456 1542 privatis
1487 1495 1593 1531 vendi
1623 1504 1740 1538 arma,
1776 1497 1812 1529 et
1840 1495 1910 1531 hoc
1942 1504 2008 1540 per
2030 1496 2255 1539 praesentem
2279 1493 2390 1537 legem

160 1541 222 1577 διὰ
240 1544 305 1578 τοῦ
322 1543 504 1588 παρόντος
526 1543 639 1588 νόμου
659 1545 815 1587 σημῆναι
840 1542 1058 1588 συνείδομεν.
1106 1543 1239 1577 κωλύο-

158 1602 226 1633 μεν
247 1588 319 1635 γὰρ
347 1589 429 1623 τοὺς
452 1588 599 1624 ἰδιώτας
623 1589 840 1636 ἐργάζεσθαι
862 1593 921 1623 καὶ
944 1587 1127 1624 αἰνεῖσθαι
1151 1588 1241 1629 τόξα

159 1637 219 1668 καὶ
247 1633 334 1678 βέλη
364 1634 514 1668 σπάθας
542 1648 581 1668 τε
612 1638 672 1668 καὶ
697 1635 780 1680 ξίφη
806 1631 912 1681 (ἅπερ
935 1634 1057 1669 καλεῖν
1081 1633 1240 1668 εἰώθασι

159 1678 394 1725 παραμήρια),
425 1683 485 1713 καὶ
516 1680 581 1714 τὰς
611 1678 800 1727 λεγομένας
831 1680 943 1725 ζάβας
974 1680 1055 1724 ἤτοι
1079 1679 1240 1725 λωρίκια,

159 1727 218 1759 καὶ
238 1725 387 1759 κοντοὺς
410 1728 470 1759 καὶ
492 1725 557 1760 τὰς
580 1722 673 1759 καθ>
691 1724 907 1770 οἱονδήποτε
931 1725 1068 1772 τρόπον
1083 1721 1104 1769 ἢ
1122 1727 1241 1769 σχῆμα

158 1773 348 1817 γινομένας
379 1769 521 1816 λόγχας,
557 1773 616 1804 καὶ
647 1771 694 1804 τὰ
726 1770 826 1817 παρὰ
856 1768 1027 1817 Ἷσαὺροις
1062 1769 1240 1814 ὀνομαζό-

158 1828 250 1860 μενα
274 1815 509 1860 μονοκόντια,
541 1819 601 1849 καὶ
624 1815 707 1850 τούς
728 1830 768 1851 τε
792 1816 1027 1861 καλουμένους
1052 1816 1241 1861 ζιβύννους

159 1859 241 1904 ἦτοι
271 1859 491 1906 μισσιβίλια,
524 1861 614 1907 πρὸς
644 1860 784 1896 τούτοις
816 1860 856 1896 δὲ
885 1865 945 1896 καὶ
973 1859 1129 1896 ἀσπίδας
1159 1860 1240 1905 ἢτοι

159 1904 354 1952 σκουτάρια
393 1909 454 1940 καὶ
487 1905 765 1953 περικεφαλαίας
803 1907 884 1951 ἤτοι
919 1905 1108 1942 κασσίδας·
1156 1904 1242 1940 οὐδὲ

1309 1541 1511 1587 significare
1551 1540 1765 1576 curavimus.
1827 1540 2063 1576 Prohibemus
2101 1540 2194 1574 enim
2232 1538 2391 1584 privatos

1311 1587 1452 1633 operari
1487 1588 1522 1622 et
1558 1596 1673 1621 emere
1709 1595 1815 1621 arcus
1852 1589 1889 1621 et
1919 1586 2069 1631 sagittas
2105 1587 2141 1619 et
2172 1584 2320 1629 spathas
2357 1585 2393 1618 et

1309 1643 1412 1668 enses
1453 1636 1557 1677 (quae
1598 1641 1726 1667 vocare
1768 1635 2030 1667 consueverunt
2068 1629 2314 1675 semispathia)
2357 1634 2393 1664 et

1310 1688 1401 1724 quae
1422 1681 1595 1713 vocantur
1618 1687 1727 1712 zavae
1759 1676 1833 1712 sive
1856 1677 2000 1718 loricae,
2031 1678 2067 1711 et
2091 1678 2216 1711 contos
2243 1678 2278 1710 et
2303 1683 2391 1720 quo-

1254 1727 1297 1759 30
1309 1724 1396 1759 libet
1425 1723 1530 1758 modo
1562 1723 1618 1758 vel
1641 1722 1756 1767 figura
1786 1723 1902 1758 factas
1926 1722 2087 1765 lanceas,
2121 1723 2156 1756 et
2179 1730 2271 1766 quae
2296 1718 2394 1765 apud

1308 1769 1453 1805 Isauros
1484 1768 1713 1804 nominantur
1733 1767 1959 1813 monocopia,
1991 1770 2027 1803 et
2051 1766 2250 1813 appellatos
2284 1765 2391 1810 sigin-

1309 1825 1375 1850 nos
1398 1824 1464 1850 seu
1488 1813 1689 1856 missibilia,
1720 1813 1869 1858 insuper
1891 1818 1928 1848 et
1950 1812 2094 1858 aspides
2124 1811 2197 1847 sive
2222 1814 2326 1847 scuta
2357 1811 2394 1845 et

1307 1860 1429 1905 galeas
1465 1869 1529 1895 seu
1565 1859 1743 1895 cassides:
1787 1868 1854 1894 nec
1889 1857 1982 1894 enim
2020 1858 2092 1894 ista
2134 1857 2207 1893 alio
2251 1855 2394 1893 cuidam

1673 1971 1691 1992 Ι

160 2068 196 2102 et
219 2075 242 2100 a
264 2064 537 2111 maqistratibus
560 2066 625 2111 qui
646 2064 696 2101 ibi
717 2068 801 2101 sunt
828 2067 863 2102 et
886 2064 930 2101 ab
956 2065 1093 2110 officiis
1123 2064 1196 2100 illis
1218 2064 1387 2100 subiectis
1418 2067 1453 2099 et
1476 2074 1499 2098 a
1522 2062 1568 2099 de
1589 2062 1778 2099 cusoribus
1809 2062 1993 2098 civitatum
2025 2065 2061 2098 et
2079 2061 2269 2108 patribus,
2302 2059 2398 2096 nulli

161 2121 200 2146 se
219 2111 256 2146 in
271 2114 458 2157 posterum
481 2120 717 2146 concessuros
740 2121 816 2146 esse
832 2111 1024 2156 quicquam
1048 2120 1173 2145 eorum
1196 2120 1290 2162 quae
1314 2120 1337 2144 a
1360 2108 1462 2144 nobis
1482 2119 1553 2155 pro
1581 2108 1669 2144 ibita
1691 2112 1776 2143 sunt
1796 2119 1917 2154 aqere,
1941 2106 2006 2143 sed
2025 2118 2069 2143 ea
2089 2117 2183 2153 quae
2199 2117 2273 2152 per
2286 2116 2394 2152 prae-

162 2159 298 2191 sentem
322 2155 435 2200 leqem
458 2156 598 2190 sancita
614 2158 700 2190 sunt
718 2160 937 2198 servaturos,
959 2166 1114 2201 poenam
1137 2158 1271 2190 veritos
1294 2158 1329 2189 et
1352 2164 1445 2199 quae
1462 2153 1632 2199 pecuniis
1654 2158 1690 2188 et
1712 2164 1806 2199 quae
1826 2153 1898 2200 ipsi
1922 2152 2035 2198 capiti
2058 2153 2251 2188 immineat.
2301 2151 2394 2187 San-

163 2200 275 2235 cimus
296 2200 410 2242 enim,
442 2203 482 2234 ut
504 2210 659 2246 maqnae
681 2199 1017 2236 Alexandrinorum
1048 2199 1149 2235 urbis
1164 2199 1400 2245 praesa-lm,
1430 2199 1462 2232 si
1492 2209 1536 2233 ea
1567 2208 1661 2243 quae
1693 2209 1716 2233 a
1739 2197 1842 2233 nobis
1873 2197 2068 2233 constituta
2098 2201 2186 2233 sunt
2213 2208 2258 2232 ne
2285 2196 2394 2243 ἱεραί,

163 2244 291 2291 viqinti
322 2244 496 2280 librarum
527 2246 614 2280 auri
638 2256 795 2290 poenam
823 2245 941 2280 solvat
969 2249 1006 2281 et
1035 2245 1253 2290 maqistratu
1284 2247 1456 2285 exuatur,
1487 2243 1635 2288 eiusque
1666 2243 1831 2288 officium
1862 2242 2029 2278 similiter
2060 2242 2188 2288 viqinti
2220 2242 2247 2277 li
2269 2252 2394 2277 rarum

164 2290 247 2325 auri
271 2299 426 2335 poenam
452 2290 512 2325 det
542 2294 577 2325 et
602 2290 759 2336 capitale
788 2289 1005 2341 supplicium
1035 2289 1181 2331 subeat,
1217 2293 1417 2323 ceterarum
1449 2291 1568 2323 autem
1594 2288 1871 2334 provinciarum
1890 2287 2083 2334 praesides
2106 2287 2241 2323 multae
2273 2286 2394 2323 decem

167 2335 342 2371 librarum
373 2335 458 2370 auri
482 2334 709 2370 subiciantur
729 2334 965 2380 similiterque
995 2338 1032 2369 et
1061 2334 1133 2380 ipsi
1164 2344 1358 2378 eorumque
1390 2332 1518 2377 officia
1551 2333 1588 2367 in
1617 2332 1823 2384 periculum
1853 2332 2090 2378 maqistratus
2122 2331 2313 2368 amittendi
2340 2333 2395 2368 in·-

165 2383 332 2422 currant,
368 2379 578 2424 defensores
611 2383 729 2416 autem
753 2383 789 2415 et
828 2383 955 2426 patres
986 2378 1167 2414 civitatum
1202 2378 1308 2414 trium
1339 2377 1516 2412 librarum
1547 2388 1629 2413 auri
1656 2377 1770 2412 multa
1793 2377 2004 2424 puniantur
2034 2381 2070 2413 et
2095 2376 2303 2424 periculum
2333 2387 2394 2413 ca-

159 2425 264 2505 pigsl
275 2423 437 2506 εἶιόεαητ,
468 2425 500 2476 si
523 2424 613 2476 quid
634 2424 810 2460 eiusmodi
829 2424 913 2470 fieri
936 2423 1056 2460 edocti
1076 2434 1151 2459 non
1167 2423 1362 2470 punierint
1384 2423 1458 2458 sive
1482 2432 1556 2457 non
1579 2421 1819 2458 indicaverint
1841 2422 1888 2458 iis
1916 2423 1982 2468 qui
2003 2422 2071 2457 hoc
2095 2433 2205 2468 aqere
2227 2426 2393 2469 possunt,

165 2482 203 2506 se
264 2481 286 2506 a
303 2481 364 2506 ere
413 2480 485 2504 assz
509 2475 591 2505 sint.

299 2515 360 2551 IV.
379 2481 460 2550 pUt
488 2519 607 2550 autem
639 2514 837 2560 manifesta
864 2514 961 2559 fiant
988 2524 1083 2559 quae
1114 2524 1218 2549 arma
1247 2524 1270 2548 a
1300 2512 1404 2548 nobis
1433 2512 1544 2548 vetita
1573 2516 1659 2549 sunt
1690 2523 1735 2548 ne
1757 2523 1781 2548 a
1802 2512 1959 2559 privatis
1990 2515 2055 2548 aut
2086 2512 2170 2548 aliis
2197 2513 2394 2559 quibusvis,

159 2565 312 2609 praeter
334 2570 395 2596 eos
443 2560 482 2595 ui
501 2560 540 2595 in
562 2559 678 2595 sacris
701 2559 834 2594 nostris
855 2559 1011 2605 fabricis
1034 2559 1259 2604 referuntur,
1294 2557 1536 2603 conficiantur
1565 2558 1623 2594 vel
1647 2558 1804 2605 privatis
1835 2557 2050 2600 vendantur,
2081 2557 2122 2593 id
2152 2569 2297 2605 quoque
2325 2570 2395 2606 per

160 2610 389 2653 praesentem
413 2571 526 2651 ἕψεαι
549 2605 758 2651 siqnificare
774 2604 931 2650 placuit.
979 2603 1216 2640 Prohibemus
1237 2603 1331 2639 enim
1380 2603 1518 2639 rivatos
1538 2602 1722 2649 fabricari
1751 2607 1787 2639 et
1809 2602 1962 2641 vendere
1985 2613 2094 2639 arcus
2115 2609 2152 2639 et
2173 2604 2328 2650 saqittas
2358 2609 2396 2641 et

165 2663 184 2699 s
212 2650 319 2688 athas
341 2655 376 2687 et
398 2650 544 2697 qladios
566 2652 673 2696 (quae
687 2649 901 2696 parameria
924 2660 1055 2686 vocare
1077 2649 1219 2692 solent),
1242 2652 1278 2684 et
1301 2615 1413 2684 zab'as
1435 2659 1529 2695 quae
1553 2648 1789 2695 appellantur
1812 2659 1875 2684 seu
1900 2647 2046 2692 loricas,
2072 2651 2109 2684 et
2133 2654 2260 2685 contos
2283 2653 2394 2695 atque

181 2707 313 2733 anceas
336 2706 560 2742 quocumque
584 2695 688 2742 modo
713 2699 779 2730 aut
798 2695 925 2740 forma
945 2695 1050 2739 fiant,
1074 2699 1109 2731 et
1132 2705 1226 2741 quae
1249 2693 1350 2739 apud
1371 2692 1526 2728 Isauros
1549 2694 1785 2729 nominantur
1806 2694 2048 2737 monocontia,
2073 2697 2109 2730 et
2130 2694 2307 2741 zibynnos
2330 2695 2394 2742 qui

166 2745 344 2778 vocantur
366 2752 428 2776 seu
451 2740 656 2783 missibilia‚
687 2744 880 2787 praeterea
905 2740 1039 2787 clipeos
1069 2740 1143 2776 sive
1165 2739 1327 2775 scutaria
1359 2742 1395 2775 et
1424 2737 1551 2785 qaleas
1577 2749 1641 2774 seu
1665 2738 1840 2775 cassides:
1876 2749 1960 2774 nam
1982 2749 2028 2775 ne
2049 2737 2139 2776 liaeo
2162 2739 2305 2786 quidem
2328 2739 2395 2776 alii

226 2903 242 2934 1
267 2898 482 2940 κατάθεσιν]
514 2901 574 2933 καὶ
597 2896 802 2933 κατάθεσιν
826 2899 857 2932 L
885 2899 898 2942 ΙΙ
926 2901 945 2933 3
970 2895 1090 2932 οὐδενὶ
1113 2909 1247 2944 συγχω-

168 2943 316 2990 ρήσουσι
329 2946 388 2986 Μ]
413 2942 454 2977 οὐ
474 2941 743 2990 συγχωρήσουσι
763 2944 1000 2990 (συγχωροῦσι
1016 2945 1079 2985 La)
1101 2945 1132 2977 L
1160 2942 1248 2976 nihil

168 2990 328 3023 valebunt
351 3001 370 3026 ς
387 2990 400 3033 ΙΙ
418 2992 437 3023 5
462 2985 553 3023 ἀλλὰ
580 3003 637 3023 om.
651 2990 700 3023 ΙΙ*
717 2990 729 3033 ΙΙ
757 2991 796 3023 10
821 2990 1011 3023 ἐκπίπτων
1035 2989 1081 3022 Μ
1090 2989 1102 3034 ΙΙ
1124 2991 1164 3023 14
1188 2991 1248 3022 καὶ

171 3048 228 3069 cm.
246 3035 276 3068 L
299 3034 312 3078 ΙΙ
332 3036 372 3069 16
395 3033 479 3068 τοὺς
502 3032 552 3076 δὲ]
579 3033 661 3068 τούς
684 3047 734 3074 τε,
759 3042 909 3068 commate
930 3042 1005 3077 post
1028 3031 1249 3068 ὑποκεῖσθαι

166 3081 285 3124 posito,
308 3079 495 3113 Zachariae
522 3083 534 3123 ΙΙ
562 3081 603 3113 23
627 3077 650 3122 ἢ
674 3082 746 3120 καὶ]
779 3083 810 3112 et
834 3092 853 3116 ς
880 3079 891 3123 ΙΙ
923 3081 965 3113 26
990 3080 1146 3123 σημᾶναι
1170 3081 1201 3113 L
1245 3078 1249 3124 Ι

171 3126 214 3159 29
227 3122 438 3202 παραμὲιῇἵια
450 3125 607 3167 (id.Iul.)]
625 3124 838 3168 semispathia
855 3136 873 3161 ς
891 3124 903 3168 ΙΙ
921 3127 960 3158 31
977 3127 1169 3170 γενομένας
1182 3126 1213 3158 L
1244 3125 1248 3169 Ι

172 3167 328 3213 ἱσαύροις
406 3170 461 3213 (cf
476 3171 506 3211 ς)
537 3170 549 3212 ΙΙ
577 3171 620 3204 32
643 3168 861 3211 μονοκόντια
886 3170 943 3211 M]
979 3172 1192 3212 νομοκέντια
1219 3170 1248 3203 L

171 3214 366 3257 monocopia
390 3226 410 3251 ς
426 3221 456 3247 et
470 3215 534 3247 Iul.
551 3214 564 3258 11
591 3214 780 3257 ζιβυννοὺς
793 3215 840 3248 M
856 3214 1005 3257 siginnos
1026 3216 1090 3257 (vel
1108 3215 1248 3258 siginus)

171 3261 302 3304 Iul-(cf
318 3262 349 3302 ς)
375 3259 387 3302 ΙΙ
411 3260 452 3294 33
476 3258 657 3303 μισιβίλια
683 3260 754 3293 ML
768 3261 823 3303 (cf
839 3262 871 3301 ς)

219 3351 236 3384 1
262 3349 372 3389 etiam]
398 3351 431 3381 et
454 3362 474 3382 υ
491 3349 503 3392 ss
529 3349 588 3391 eis]
614 3350 685 3382 eius
706 3350 811 3391 (eoius
828 3351 894 3393 pr.)
917 3362 938 3381 v
965 3350 977 3391 ss
1002 3350 1021 3382 2
1045 3349 1250 3383 defensiones

174 3395 226 3428 Tz
250 3394 263 3438 ΙΙ
290 3398 400 3438 partes
428 3395 459 3427 T
478 3394 490 3438 ΙΙ
520 3397 577 3436 qui
610 3394 717 3427 nichil
746 3394 873 3427 ualebit
903 3395 943 3427 de
975 3399 1159 3428 ceterorum
1190 3395 1250 3437 qui

172 3442 269 3482 (quae
293 3440 355 3482 ΕΞ)
379 3440 413 3472 R
430 3440 442 3483 ΙΙ
461 3441 479 3473 3
502 3450 522 3472 a
544 3439 594 3473 R²
605 3441 706 3483 vala]
732 3453 789 3473 om.
807 3440 972 3473 R¹VTvz
987 3439 1000 3484 ΙΙ
1018 3442 1040 3474 4
1063 3440 1175 3483 agitur
1197 3454 1214 3474 z
1238 3439 1250 3484 ΙΙ

157 3485 229 3518 ‘sed
252 3495 336 3527 quae
360 3498 418 3518 om.
431 3498 469 3518 vz
492 3486 503 3527 ΙΙ
526 3488 546 3519 5
569 3485 745 3528 peccunias
771 3485 804 3518 T
821 3485 833 3529 ΙΙ
857 3486 877 3518 6
896 3484 1127 3527 Alexandriae]
1152 3485 1246 3519 auxi·

172 3530 277 3563 liante
299 3543 321 3563 v
337 3530 350 3574 ΙΙ
377 3532 396 3565 8
421 3530 597 3571 exsolvere]
623 3531 700 3563 dare
728 3530 779 3563 Tz
803 3529 815 3574 ΙΙ
839 3540 924 3572 pena
945 3530 999 3573 Vn
1025 3531 1177 3573 cingulos
1199 3545 1217 3565 z
1237 3530 1248 3576 ΙΙ

176 3575 330 3621 9-11ιιὶιιε]
353 3576 391 3608 in
415 3576 607 3609 huiusmodi
630 3576 663 3609 R
685 3576 696 3618 n
722 3575 792 3608 XX
816 3575 917 3608 libras
941 3575 1016 3608 auri
1040 3576 1073 3609 Τ
1105 3576 1180 3610 auri
1203 3577 1249 3620 (et

175 3620 250 3652 auri
271 3620 335 3662 Va)
357 3620 461 3654 libras
474 3621 543 3655 XX
565 3621 620 3665 Vn
640 3623 681 3655 10
705 3621 839 3664 capitali
860 3620 908 3655 V¹
923 3619 936 3664 ΙΙ
957 3622 995 3655 11
1022 3631 1099 3655 vero
1123 3634 1212 3656 om.z
1236 3620 1248 3667 ΙΙ

177 3664 307 3707 quidem
323 3666 499 3709 dampnum
515 3668 547 3701 T
559 3667 571 3711 ΙΙ
590 3668 632 3701 12
645 3668 703 3700 aut
719 3680 736 3700 z
753 3666 765 3710 ΙΙ
783 3668 816 3699 et
831 3679 889 3700 om.
901 3678 922 3699 υ
935 3664 948 3711 ΙΙ
960 3676 1037 3699 casu
1054 3680 1072 3701 v
1090 3665 1103 3711 ΙΙ
1122 3669 1161 3702 13
1176 3668 1247 3700 cin-

176 3709 266 3752 gulis
288 3711 338 3744 13²
366 3712 379 3755 ΙΙ
408 3714 449 3746 14
481 3713 657 3745 ciuitatum
687 3713 797 3755 patres
827 3725 872 3746 vz
900 3711 914 3757 ΙΙ
940 3712 1014 3745 auri
1043 3712 1145 3745 trium
1170 3713 1202 3746 R
1236 3711 1248 3757 ΙΙ

211 3765 259 3792 111.
448 3764 450 3766 ¹

1314 2896 1497 2930 liberorum
1520 2909 1538 2929 z
1555 2895 1568 2940 ΙΙ
1584 2896 1724 2930 militari
1749 2897 1795 2930 R¹
1812 2897 1824 2942 ΙΙ
1844 2899 1884 2932 15
1910 2897 2042 2940 quidem
2066 2897 2133 2931 tale
2154 2899 2187 2932 T
2206 2898 2266 2941 qui
2286 2898 2353 2932 tale
2375 2913 2393 2933 z

1315 2941 1381 2974 tale
1403 2941 1491 2983 quod
1511 2953 1531 2973 v
1550 2941 1562 2984 ΙΙ
1580 2943 1620 2976 16
1645 2943 1844 2985 puniuerint
1866 2955 1905 2976 vz
1935 2942 2120 2986 punierunt
2140 2943 2174 2977 R
2203 2945 2393 2986 puniuntur

1318 2986 1362 3021 Τ1
1385 2987 1533 3029 puniunt
1548 2987 1598 3019 T2
1613 2988 1624 3030 ss
1654 2989 1692 3021 17
1714 2987 1905 3021 uolentibus
1921 2989 1954 3022 T
1967 2986 1980 3032 ΙΙ
2003 2988 2204 3022 nuntientur
2218 2990 2261 3023 T¹
2279 2989 2292 3034 ΙΙ
2315 3000 2391 3033 per-

1315 3032 1444 3064 miserit
1458 3032 1511 3064 Tv
1528 3030 1540 3075 ΙΙ
1560 3032 1602 3065 22
1627 3034 1685 3064 aut
1707 3046 1724 3065 z
1742 3031 1754 3077 ΙΙ
1770 3033 1850 3066 fient
1872 3047 1890 3067 z
1908 3033 1920 3076 ΙΙ
1936 3034 1977 3067 23
2004 3043 2057 3066 eas
2073 3033 2158 3068 R¹T
2170 3034 2183 3078 ΙΙ
2202 3036 2244 3068 24
2268 3035 2391 3068 nostris

1316 3091 1374 3111 om.
1389 3091 1405 3110 z
1421 3078 1432 3120 ΙΙ
1463 3078 1533 3117 aut]
1557 3079 1668 3110 autem
1690 3086 1711 3110 v
1742 3080 1801 3110 aut
1824 3089 1844 3111 a
1865 3078 1900 3111 R
1918 3079 1930 3122 ΙΙ
1959 3079 2000 3113 26
2024 3078 2182 3120 privatos]
2205 3083 2392 3122 praesentes

1320 3123 1351 3156 T
1365 3122 1377 3166 ΙΙ
1394 3124 1434 3156 27
1448 3124 1557 3165 spatas
1571 3122 1604 3154 R
1614 3122 1690 3155 VTz
1703 3124 1763 3164 (sic
1775 3131 1805 3157 et
1815 3124 1894 3165 Iul.)
1916 3134 2049 3167 asparas
2064 3137 2085 3156 v
2103 3124 2115 3168 ΙΙ
2132 3126 2174 3159 28
2188 3135 2305 3157 ensens
2321 3126 2368 3158 Ta
2380 3123 2393 3170 ΙΙ

1316 3172 1432 3200 vocare
1449 3180 1506 3200 om.
1521 3181 1538 3199 z
1553 3166 1564 3209 ΙΙ
1584 3171 1788 3200 consuerunt
1805 3169 1852 3202 Tv
1867 3168 1880 3214 ΙΙ
1898 3169 2094 3212 semispadia
2106 3169 2141 3202 R
2159 3170 2392 3213 semisaphiam

1318 3214 1350 3246 T
1365 3214 1376 3256 ΙΙ
1393 3214 1434 3247 29
1447 3222 1528 3244 zaue
1549 3212 1627 3245 VR2
1639 3213 1697 3254 (sic
1710 3220 1739 3246 et
1752 3213 1812 3247 Iul.
1827 3215 1918 3247 codd.
1934 3216 2069 3257 optimij]
2094 3215 2187 3247 zauie
2201 3215 2234 3248 T
2251 3215 2328 3248 zaui
2341 3214 2391 3248 R¹

1315 3269 1396 3291 zane
1407 3271 1445 3290 vz
1462 3257 1559 3290 zabae
1572 3258 1657 3301 vulq.
1673 3256 1685 3302 ΙΙ
1696 3261 1810 3291 contes
1823 3272 1844 3291 υ
1862 3258 1874 3303 l}
1891 3260 1933 3293 30
1947 3258 2010 3300 vel]
2025 3263 2063 3291 ut
2083 3260 2114 3292 V
2126 3259 2138 3303 ΙΙ
2154 3259 2261 3301 figura
2274 3261 2390 3302 factas]

1315 3304 1418 3336 factas
1431 3303 1554 3345 figuras
1569 3316 1586 3335 z
1604 3301 1616 3346 ΙΙ
1633 3305 1666 3335 et
1684 3316 1742 3336 om.
1752 3317 1769 3336 z
1785 3303 1798 3347 ΙΙ
1816 3305 1856 3338 31
1870 3305 1998 3337 isauros
2010 3307 2038 3346 z]
2059 3305 2208 3338 hisauros
2222 3305 2256 3338 T
2267 3305 2320 3338 his
2332 3316 2392 3339 au-

1316 3360 1369 3382 ros
1390 3349 1423 3382 V
1441 3348 1493 3380 his
1516 3358 1632 3380 aureos
1659 3348 1688 3380 R
1718 3349 1746 3380 is
1770 3350 1880 3382 auiros
1902 3362 1924 3383 v
1941 3348 1954 3394 ss
1969 3350 2161 3382 nominatur
2184 3351 2246 3392 Rz,
2264 3363 2322 3384 om.
2335 3363 2357 3383 v

1315 3394 1509 3436 monocapia
1526 3393 1712 3426 TBame.
1725 3394 1770 3427 II
1776 3395 1835 3436 (sic
1848 3396 1940 3428 etiam
1953 3395 2018 3428 Iul.
2032 3405 2061 3427 υ.
2074 3396 2107 3437 Ι.)
2129 3396 2323 3440 monacapia
2334 3396 2368 3430 R

1318 3440 1494 3481 *siginnos
1515 3440 1574 3479 (ita
1586 3439 1637 3471 vel
1651 3439 1777 3480 siginus
1791 3440 1965 3481 Iulianum
1989 3439 2131 3472 sitinnos
2145 3440 2264 3474 Bamb.
2278 3441 2303 3475 I
2321 3441 2390 3474 sin-

1315 3485 1428 3517 tinnos
1440 3484 1473 3516 R
1496 3483 1649 3516 sintimos
1666 3485 1698 3517 in
1712 3496 1778 3517 ras.
1800 3483 1851 3517 V²
1870 3484 1986 3517 sitinos
2002 3486 2034 3518 T
2052 3484 2179 3518 sitimos
2196 3498 2216 3518 υ
2235 3486 2358 3520 fitimos
2373 3500 2392 3521 z

1315 3529 1481 3563 sithinuos
1495 3530 1613 3562 Bamb.
1627 3529 1677 3570 ΙΙ,
1701 3529 1850 3562 sibinnos
1865 3530 1958 3562 Beck
1975 3530 1987 3573 ss
2006 3531 2047 3564 32
2071 3541 2128 3563 seu
2146 3531 2323 3565 missibilia
2343 3532 2391 3574 V]

1315 3586 1374 3609 seu
1398 3574 1580 3607 missabilia
1600 3574 1654 3606 Rv
1677 3585 1735 3607 seu
1759 3574 1926 3607 misabilia
1949 3575 2000 3608 Τ2
2024 3586 2082 3608 seu
2106 3576 2272 3610 nusabilia
2289 3577 2334 3611 Τι
2356 3587 2390 3610 se

1316 3619 1558 3654 uniuersabilia
1580 3633 1597 3652 z
1614 3619 1626 3663 ΙΙ
1649 3620 1784 3662 insuper
1805 3622 1849 3661 et]
1875 3623 1907 3653 et
1922 3620 2057 3663 insuper
2077 3622 2110 3654 et
2132 3633 2152 3654 υ
2184 3622 2320 3666 insuper
2343 3636 2361 3656 z
2377 3621 2391 3668 ΙΙ

1316 3666 1444 3709 aspidas
1459 3678 1499 3698 vz
1509 3666 1597 3709 vulq.
1613 3666 1626 3709 u
1645 3666 1687 3699 33
1701 3665 1825 3707 galleas
1848 3666 1879 3699 V
1892 3664 1904 3709 ss
1920 3665 2042 3699 casides
2058 3678 2079 3699 v
2093 3665 2107 3711 ΙΙ
2125 3676 2185 3700 nec
2202 3680 2260 3702 om.
2275 3668 2360 3702 RT¹
2377 3669 2390 3714 ΙΙ

1316 3713 1405 3746 enim
1428 3710 1494 3744 ista
1517 3709 1595 3752 alio]
1620 3710 1685 3743 ista
1708 3711 1796 3744 enim
1817 3710 1903 3743 nulli
1927 3710 1986 3743 alii
2012 3711 2061 3744 13²

2074 3770 2116 3803 53
