2618 4010
149 144 206 174 m*
235 141 592 175 mrnonucsnms
2083 129 2191 173 Nov.
2222 129 2321 172 LIII
2349 132 2375 172 6

1220 125 1307 173 3⁰5

143 256 201 279 τοι
224 241 417 291 πρεσβεῖόν
440 254 477 277 τι
498 239 691 276 καταλίποι
713 233 802 288 αυτῃ
830 254 849 276 ο
874 255 964 288 ανηρ
987 240 1140 276 ἔλαττον
1162 242 1224 296 τῆς
1291 239 1476 285 reliquerit
1509 238 1543 275 ei
1572 237 1625 274 vir
1655 237 1772 274 minus
1806 241 1852 281 [a]
1885 242 2014 284 quarta
2046 243 2168 293 parte,
2206 241 2376 294 compleri

142 287 315 336 τετάρτης
343 290 484 335 μοίρας,
519 283 821 334 ἀναπληροῦσθαι
852 287 978 321 τοῦτο·
1015 287 1076 321 ἴνα
1106 287 1221 321 καθα·
1290 285 1375 330 hoc,
1409 288 1451 321 ut
1480 284 1576 321 sicut
1597 283 1716 319 laesas
1748 293 1809 320 eas
1832 284 2006 328 iuvamus‚
2037 295 2068 321 s1
2087 285 2182 322 forte
2206 285 2375 322 dimissae

143 347 212 381 περ
236 329 481 378 ἀδικουμέναις
505 326 628 366 αὐταῖς
651 330 917 376 ἐβοηθήσαμεν,
941 332 1042 379 εἴπερ
1058 328 1219 377 ἀποπομ-
1289 330 1424 366 fuerint
1447 341 1470 366 a
1492 329 1576 366 viris
1599 328 1781 365 indotatae
1805 329 2055 374 consistentes,
2083 331 2135 367 ita
2158 331 2214 367 vel
2238 332 2269 368 si
2292 341 2373 377 per-

144 379 277 425 φθεῖεν
296 376 395 425 παρὰ
413 377 493 411 τῶν
509 373 656 422 ἀνδρῶν
671 375 838 423 ἅπροικοι
854 377 1102 420 καθεστῶσαι,
1123 373 1220 412 οὕτω
1290 376 1495 412 duraverint
1517 384 1655 419 semper
1679 384 1761 410 cum
1784 374 1847 417 eis,
1880 374 2004 411 eadem
2035 375 2268 421 perfruantur
2315 387 2373 413 ro-

142 421 211 459 κᾶν
233 424 266 458 εἰ
287 425 430 468 μένοιεν
452 424 553 468 μέχρι
584 420 721 456 παντὸς
745 418 836 468 παρ’
865 419 999 465 αὐτοῖς,
1031 423 1092 466 τῆς
1114 419 1221 466 αὐτῆς
1257 426 1277 457 5
1291 421 1456 457 videntia.
1502 419 1647 456 Scilicet
1681 419 1846 455 omnibus
1888 420 2086 456 secundum
2123 421 2239 457 instar
2279 422 2287 430 “
2319 422 2374 458 ‘us

142 465 376 504 ἀπολαύσωσι
400 471 580 513 προνοίας.
620 465 756 511 δηλαδὴ
778 467 932 502 πάντων
955 466 1047 502 κατὰ
1067 471 1221 525 μίμησιν
1290 469 1436 502 nostrae
1471 464 1750 508 constitutionis,
1788 475 1881 509 quae
1917 469 2080 510 quartam
2117 466 2278 503 decernit
2310 467 2372 510 eis,

142 516 276 558 ἐκείνης
299 509 403 558 ἡμῶν
432 513 493 555 τῆς
517 509 713 552 διατάξεως
741 514 801 556 τῆς
825 511 867 547 τὸ
891 515 1066 559 τέταρτον
1097 526 1220 560 αφορι-
1289 512 1398 547 etiam
1427 511 1487 547 hic
1515 509 1698 547 servandis
1731 510 1892 545 Similiter
1916 511 2059 556 quidem
2082 511 2121 546 in
2143 512 2244 556 viris,
2277 512 2373 548 simi-

143 557 268 603 ζούσης
292 555 418 592 αὐταῖς
440 554 634 592 κάνταῦθα
658 557 892 605 κρατούντων
916 554 1047 602 ὁμοίως
1068 560 1136 603 μὲν
1160 560 1221 594 ἐπὶ
1288 557 1371 593 liter
1387 559 1508 593 autem
1525 556 1563 592 in
1583 555 1802 591 mulieribus.
1840 555 2071 592 Communem
2092 567 2246 603 namque
2266 558 2372 593 etiam

141 605 221 639 τῶν
242 601 400 649 ἀνδρῶν,
433 602 565 647 ὁμοίως
597 601 637 637 δὲ
666 605 726 638 ἐπὶ
756 603 835 638 τῶν
857 604 1051 650 γυναικῶν.
1099 602 1221 638 κοινὸν
1288 603 1382 638 hane
1412 611 1521 648 super
1543 601 1594 637 eis
1617 600 1784 647 ponimus
1807 599 1937 645 legem,
1969 601 2064 638 sicut
2092 602 2200 638 etiam
2223 612 2373 648 praece-

141 648 210 696 γὰρ
234 651 295 683 καὶ
314 649 446 683 τοῦτον
469 645 529 683 ἐπ’
556 646 673 683 αὐτοῖς
695 648 850 692 τίθεμεν
873 647 940 683 τὸν
954 648 1078 693 νόμον,
1104 646 1220 692 ὥςπερ
1235 652 1276 684 10
1290 648 1440 684 dentem.

140 696 164 731 1
210 691 255 737 δὴ
285 695 345 727 καὶ
375 692 442 727 τὸν
474 694 696 740 εζιιπροσθεν.
752 695 798 728 Εἰ
826 695 951 738 μέντοι
982 693 1065 728 τινὰ
1093 693 1170 728 ἴδια
1198 693 1220 737 ἡ
1287 696 1309 729 1
1355 693 1394 729 Si
1423 703 1507 730 vero
1543 691 1716 738 quasdam
1750 701 1809 727 res
1839 691 2004 745 proprias
2038 693 2164 728 mulier
2198 693 2236 728 in
2269 693 2372 730 domo

140 737 230 786 γυνὴ
253 737 448 786 πράγματα
467 738 559 773 κατὰ
590 737 658 782 τὴν
681 739 799 773 οἰκίαν
826 739 891 773 τοῦ
915 736 1044 786 ἀνδρὸς
1068 736 1090 782 ἢ
1113 737 1219 774 ἄλλα·
1287 739 1354 774 viri
1376 742 1440 774 aut
1463 738 1550 774 alibi
1572 737 1750 783 repositas
1774 736 1958 780 habuerit,
1992 737 2120 773 harum
2152 739 2374 774 exactionem

141 782 224 827 χόσε
237 781 458 828 ἀποκείμενα
474 785 558 827 ἔχοι,
581 783 726 819 τούτων
741 784 807 828 τὴν
821 784 1005 830 εἴςπραξιν
1028 787 1087 817 καὶ
1103 796 1219 828 παρα·
1288 787 1324 819 et
1358 784 1594 820 retentionem
1627 782 1760 819 habeat
1796 782 1960 818 omnibus
2000 783 2115 818 modis
2149 783 2372 828 inminutam,

141 828 356 872 κατάσχεσιν
381 830 491 871 ἐχέτω
511 830 604 863 πᾶσι
625 827 771 876 τρόποις
785 826 977 874 άμείωτον,
1001 827 1221 864 ὑποκεῖσθαι
1291 829 1476 865 subiacere
1510 828 1715 864 huiusmodi
1749 828 1857 864 rebus
1898 827 1965 863 viri
2000 828 2237 864 creditoribus
2273 829 2372 864 nullo

141 875 219 909 τῶν
234 872 412 909 τοιούτων
435 873 661 922 πραγμάτων
683 877 757 909 τοῖς
775 875 839 909 τοῦ
856 872 986 919 ἀνδρὸς
1005 872 1222 919 δανείσμασι
1235 878 1276 910 15
1289 874 1395 910 1110ᾱο
1419 874 1630 918 valentibus,
1662 873 1733 909 nisi
1756 873 1850 909 forte
1874 873 2072 909 secundum
2096 873 2192 918 quod
2214 873 2253 909 in
2276 873 2372 910 illius

141 916 226 954 κατ’
253 917 358 954 οὐδὲν
390 918 613 964 δυναμένων,
644 918 740 963 πλὴν
769 920 802 954 εἰ
831 918 880 963 μὴ
911 917 1005 954 καθ’
1032 915 1119 953 ὅσον
1142 920 1222 954 τῶν
1289 918 1370 955 iura
1393 929 1438 955 ex
1460 920 1531 955 hac
1554 919 1632 964 lege
1655 919 1759 955 heres
1783 918 1949 955 extiterit.

143 966 278 999 ἐκείνου
311 963 462 999 δικαίων
493 967 532 999 ἐκ
562 963 668 999 τοῦδε
697 965 760 999 τοῦ
790 963 901 1010 νόμου
933 963 1064 1012 συγκλη
1089 967 1219 1009 ονομεῖ.
1873 991 1879 997 .

142 1010 165 1045 2
218 1010 338 1045 Ταῦτα
355 1008 398 1044 δέ
411 1024 539 1057 φαμεν,
564 1010 663 1057 εἴπερ
684 1009 762 1044 τῶν
783 1006 1049 1044 συνοικούντων
1101 1007 1222 1056 άτερος
1289 1008 1315 1043 2
1359 1007 1460 1043 Haec
1489 1009 1612 1054 itaque
1636 1009 1802 1053 dicimus,
1834 1009 1866 1044 si
1890 1008 2163 1045 coniunctorum
2193 1009 2286 1044 alter
2309 1010 2372 1046 do-

142 1052 274 1101 προῖκά
302 1068 342 1089 τε
365 1059 424 1089 καὶ
448 1059 692 1103 προγαμιαίαν
722 1052 862 1101 δωρεὰν
893 1053 941 1099 μὴ
964 1057 1223 1110 ποιησαμένων
1289 1056 1363 1088 tem
1387 1056 1450 1088 aut
1473 1055 1755 1099 antenuptialem
1785 1054 2016 1090 donationem
2044 1065 2118 1090 non
2148 1054 2286 1091 faciens
2317 1054 2372 1090 in-

142 1098 287 1148 άπόρως
315 1097 337 1143 ἢ
361 1099 380 1135 ὃ
401 1098 493 1147 ἀνὴρ
523 1098 545 1144 ἢ
578 1098 587 1110 ‘
610 1098 700 1147 γυνὴ
724 1097 917 1143 διάκειται,
955 1096 1043 1135 ὥςτε
1065 1113 1131 1135 τον
1154 1102 1221 1145 μὲν
1236 1103 1277 1135 20
1291 1109 1357 1142 ops
1390 1101 1453 1133 aut
1482 1099 1536 1134 vir
1567 1104 1630 1135 aut
1658 1100 1785 1135 mulier
1814 1100 2029 1144 inveniatur,
2059 1103 2096 1136 et
2118 1100 2272 1136 moriens
2297 1100 2373 1146 qui-

142 1144 369 1180 τελευτῶντα
393 1143 415 1190 ἢ
437 1145 504 1189 τὴν
526 1158 566 1180 τε
589 1146 753 1180 ευτῶσαν
776 1144 929 1192 εὔπορον
953 1145 1062 1190 εἶναι,
1091 1144 1157 1180 τὸν
1183 1144 1222 1180 δὲ
1291 1144 1370 1178 dem
1402 1145 1467 1179 aut
1496 1144 1550 1179 vir
1582 1148 1646 1180 aut
1674 1145 1807 1180 femina
1834 1145 1997 1190 locuples
2029 1145 2091 1188 sit,
2121 1145 2181 1181 ille
2204 1155 2287 1181 vero
2317 1146 2374 1182 vel

142 1189 318 1237 περιόντα
348 1187 370 1234 ἢ
400 1190 467 1234 τὴν
498 1191 695 1236 περιοῦσαν
726 1191 918 1225 πένεσθαι.
966 1192 1143 1238 ἐπείτοιγε
1173 1191 1220 1224 εἴ-
1290 1188 1354 1224 illa
1377 1192 1559 1234 superstes
1582 1200 1722 1235 pauper
1746 1191 1888 1225 existat.
1925 1190 2018 1226 Nam
2037 1191 2068 1226 si
2083 1191 2227 1227 aliunde
2249 1190 2374 1227 forsan

143 1250 210 1281 περ
235 1234 440 1278 ἀλλαχόθεν
462 1236 549 1270 ἴσως
571 1232 750 1282 εὖποροίη,
781 1234 849 1278 τὴν
872 1234 936 1269 οὐκ
958 1236 1222 1283 εἰςενεγκοῦσαν
1291 1234 1436 1278 habeat,
1453 1244 1526 1269 non
1542 1234 1750 1270 offerentem
1768 1235 1886 1271 dotem
1900 1238 1966 1270 aut
1981 1246 2053 1271 non
2067 1236 2210 1271 dantem
2225 1240 2374 1282 propter

143 1284 274 1327 προῖκα
292 1278 313 1324 ἢ
333 1279 400 1316 τὸν
419 1278 483 1315 οὐκ
500 1278 676 1315 ἐπιδόντα
695 1280 763 1325 τὴν
782 1278 842 1315 διὰ
860 1279 976 1328 γάμον
996 1279 1137 1328 δωρεὰν
1158 1279 1222 1315 οὐκ
1290 1279 1436 1325 nuptias
1470 1279 1696 1316 donationem
1718 1290 1800 1319 ,non
1831 1280 1898 1315 erit
1929 1281 2066 1316 iustum
2098 1291 2249 1327 gravare
2279 1282 2373 1318 filios

141 1323 187 1360 ἂν
210 1327 263 1369 εἴη
288 1325 427 1360 δίκαιον
449 1323 624 1373 βαρύνειν
646 1324 728 1361 τοὺς
750 1324 883 1361 παῖδας
906 1328 952 1374 τῇ
978 1324 1127 1374 διαδοχῇ
1153 1327 1216 1360 τοῦ
1236 1329 1277 1362 25
1291 1335 1356 1370 per
1380 1325 1656 1368 successionem,
1682 1325 1852 1371 quoniam
1872 1326 1930 1360 lex
1950 1326 2022 1361 alia
2041 1330 2096 1362 est
2111 1330 2236 1362 nostra
2253 1327 2374 1363 dicens

142 1370 426 1414 συνοικήσαντος,
451 1368 544 1405 διότι
567 1368 674 1415 νόμος
706 1370 808 1405 ἄλλος
832 1374 932 1406 ἐστὶν
954 1370 1130 1419 ἡμέτερος,
1154 1370 1221 1426 την
1291 1371 1409 1406 dotem
1431 1380 1504 1405 non
1528 1370 1735 1406 offerentem
1759 1381 1833 1406 non
1856 1380 1964 1415 posse
1989 1381 2048 1406 res
2071 1372 2139 1407 viri
2164 1372 2374 1417 conquirere

141 1419 271 1463 προῖκα
290 1414 340 1461 μὴ
358 1417 646 1464 εἰςενεγκαμένην
664 1418 713 1461 μὴ
732 1415 919 1451 δύνασθαι
942 1416 988 1451 τὰ
1006 1418 1071 1451 τοῦ
1091 1414 1221 1462 ἀνδρας
1289 1426 1355 1460 per
1378 1416 1659 1461 antenuptialem
1682 1416 1922 1451 donationem.
1971 1416 2073 1461 Quod
2097 1417 2204 1452 etiam
2231 1418 2289 1453 hic
2312 1428 2374 1453 vo-

141 1462 366 1496 οἰκειοῦσθαι
391 1459 450 1495 διὰ
473 1466 713 1509 προγαμιαίας
736 1460 881 1508 δωρεᾶς.
915 1458 1006 1508 ὅπερ
1026 1460 1220 1497 κάνταῦθα
1288 1462 1407 1496 lumus
1432 1460 1604 1504 obtinere,
1635 1461 1705 1497 nisi
1728 1464 1847 1496 tamen
1877 1461 1955 1506 ipse
1985 1462 2039 1497 vir
2068 1464 2132 1497 aut
2154 1462 2310 1505 legatum
2341 1463 2375 1498 ei

139 1504 353 1552 βουλόμεθα
376 1510 532 1554 κρατεῖν,
557 1505 652 1550 πλὴν
675 1507 706 1541 εἰ
724 1506 774 1551 μὴ
790 1506 895 1542 αὐτὸς
918 1504 938 1542 ὁ
962 1505 1053 1553 ἀνὴρ
1085 1504 1107 1551 ἢ
1136 1519 1219 1555 πρε·
1290 1509 1353 1541 aut
1369 1506 1525 1551 aliquam
1545 1510 1685 1551 partem
1702 1506 1938 1542 institutionis
1958 1506 2157 1551 reliquerit3
2178 1507 2256 1543 fieri
2275 1518 2374 1542 nam-

141 1555 264 1597 σβεῒον
300 1549 390 1600 αὐτῇ
426 1550 448 1595 ἦ
482 1565 519 1586 τι
549 1555 652 1600 μέρος
686 1553 747 1595 τῆς
780 1551 979 1587 ἐνστάσεως
1011 1551 1219 1588 καταλίποι·
1234 1556 1277 1588 30
1291 1561 1360 1596 que
1383 1551 1452 1587 hoc
1476 1551 1575 1587 nullo
1598 1552 1793 1588 invidemus
1818 1552 1935 1595 modo,
1960 1555 2001 1587 ut
2024 1552 2062 1587 in
2083 1552 2246 1588 omnibus
2269 1553 2374 1589 nobis

139 1598 312 1644 γίνεσθαι
327 1598 396 1643 γὰρ
419 1598 526 1632 τοῦτο
547 1598 631 1631 κατ’
652 1595 782 1632 οὐδένα
801 1601 1050 1643 βασκαίνομεν
1069 1598 1219 1644 τρόπον,
1291 1597 1570 1632 concordantiae
1605 1598 1722 1642 legum
1753 1600 1949 1641 serventur,
1985 1601 2022 1632 et
2055 1597 2179 1643 inopia
2214 1598 2374 1643 coniugis

143 1644 203 1676 ἵνα
222 1641 282 1677 διὰ
298 1642 451 1677 πάντων
470 1639 555 1687 ἡμῖν
576 1640 756 1688 σύμφωνα
775 1642 821 1677 τὰ
839 1644 917 1678 τῶν
935 1642 1060 1688 νόμων
1075 1647 1221 1690 τηροῖτο
1290 1652 1355 1688 per
1380 1642 1519 1678 divitias
1544 1643 1694 1679 alterius
1718 1643 1884 1679 salvetur.

141 1691 200 1721 καὶ
231 1685 254 1731 ἡ
283 1685 418 1734 ἀπορία
448 1688 511 1722 τοῦ
542 1688 817 1731 συνοικήσαντος
847 1687 947 1734 παρὰ
970 1690 1031 1732 τῆς
1054 1685 1222 1735 εὐπορίας

140 1734 202 1776 τῆς
225 1733 384 1777 θατέρου
407 1732 661 1779 θεραπεύοιτο.

185 1775 467 1825 <Enii-0709.)
527 1777 575 1811 Τὰ
600 1782 723 1813 τοίνυν
753 1778 994 1824 παραστάντα
1024 1775 1107 1822 ἡμῖν
1131 1776 1153 1821 ἡ
1177 1777 1221 1821 σὴ
1234 1782 1276 1815 35
1333 1777 1604 1825 (Epilogus.)
1650 1777 1750 1822 Quae
1773 1777 1880 1823 igitur
1912 1777 2129 1823 placuerunt
2156 1778 2280 1821 nobis,
2313 1780 2378 1815 tua

141 1821 294 1869 ὑπεροχὴ
324 1826 468 1867 κρατεῖν
503 1826 563 1857 καὶ
593 1826 724 1870 πέρατι
755 1822 999 1870 παραδιδόναι
1033 1821 1220 1858 σπευδέτω
1291 1824 1463 1859 celsitudo
1494 1824 1612 1859 valere
1639 1823 1853 1868 effectuique
1885 1823 2096 1859 contradere
2121 1823 2277 1868 festinet,
2309 1834 2377 1870 per

142 1867 202 1903 διὰ
216 1870 295 1903 τῶν
314 1866 405 1913 παρ’
429 1866 535 1912 αὐτῆς
553 1872 805 1915 γενησομένων
826 1868 1062 1917 κηρυγμάτων
1082 1864 1221 1903 ἅπασιν
1315 1873 1484 1914 raecepta
1516 1879 1538 1904 a
1570 1879 1609 1904 se
1641 1867 1864 1904 conficienda
1896 1868 2070 1904 universis
2100 1868 2238 1904 faciens
2262 1870 2376 1905 mani-

143 1911 234 1948 αὗτὰ
262 1914 481 1948 καθιστῶσα
510 1912 666 1970 φανερά,
705 1910 793 1948 diste
824 1914 951 1949 αὐτούς
982 1912 1074 1948 κατὰ
1104 1915 1221 1948 ταῦτα
1301 1915 1400 1957 esta,
1432 1917 1608 1960 quatenus
1632 1914 1645 1949 i
1672 1913 1703 1949 Si
1727 1913 1925 1949 secundum
1953 1913 2043 1949 haec
2067 1914 2187 1949 Vivant
2211 1915 2318 1950 etiam
2341 1918 2378 1951 et

143 1961 208 2002 ζῆν
230 1973 269 1994 τε
292 1962 351 1994 καὶ
375 1958 643 1994 πολιτεύεσθαι.
761 1959 843 1994 Dat.
870 1960 905 1995 k.
934 1959 1012 1995 Oct.
1039 1959 1108 1995 GP.
1133 1959 1217 2004 imp.
1292 1962 1554 1996 convertantur.
1683 1962 1730 1994 at.
1741 1970 1779 1994 x.
1794 1959 1866 1994 kal.
1881 1959 2008 1995 Octob.
2024 1959 2094 1995 GP.
2108 1959 2173 2005 <im
2203 1959 2230 2005 .>
2243 1960 2382 1996 domini·

143 2006 200 2040 dn.
217 2005 405 2049 Iustiniani
425 2015 485 2049 pp.
507 2005 597 2049 Aug.
620 2015 714 2040 anno
731 2003 807 2049 XL,
833 2009 916 2050 post
936 2014 1033 2040 cons.
1055 2004 1220 2040 Belisarii
1234 2008 1277 2040 40
1290 2006 1404 2040 nostri
1425 2005 1617 2041 Iustiniani
1637 2015 1698 2050 pp.
1713 2005 1805 2050 Aug.
1819 2015 1913 2040 anno
1927 2003 2004 2047 XL,
2026 2015 2061 2050 p.
2077 2015 2107 2040 c.
2123 2005 2174 2040 Be
2189 2005 2289 2040 isai-ii
2301 2017 2332 2041 v.
2345 2016 2374 2041 c.

141 2062 173 2086 v.
191 2061 221 2085 c.
248 2060 341 2085 anno
357 2050 403 2085 ΙΙ.
1184 2053 1228 2092 [α.
1245 2053 1322 2092 537]
1381 2061 1475 2085 anno
1502 2049 1672 2086 secundo.

141 2122 275 2164 quarta
292 2122 404 2164 parte
426 2118 554 2160 minus,
585 2117 625 2152 id
646 2117 881 2169 suppleatur:
922 2120 966 2153 ut
987 2117 1094 2152 sicuti
1117 2117 1192 2152 illis
1215 2118 1352 2153 iniuria
1376 2118 1521 2163 affectis
1553 2128 1657 2164 opem
1683 2117 1839 2158 tulimus,
1873 2116 2022 2162 quando
2047 2128 2070 2152 a
2093 2117 2236 2153 maritis
2259 2117 2376 2154 dimit-

144 2166 268 2199 tantur
290 2163 369 2198 sine
391 2162 475 2198 dote
498 2165 651 2208 nuptae,
684 2167 737 2197 ita
760 2162 869 2197 etiam
892 2162 925 2197 si
947 2173 1088 2208 semper
1111 2162 1213 2209 apud
1234 2173 1297 2198 eos
1319 2166 1508 2205 maneant,
1541 2162 1665 2198 eadem
1684 2161 1919 2208 providentia
1947 2162 2136 2207 fruantur.
2197 2162 2377 2198 Nimirum

143 2208 264 2243 omnia
287 2207 336 2242 ad
359 2207 596 2243 imitationem
619 2206 718 2242 illius
737 2207 1006 2242 constitutionis
1029 2210 1189 2249 nostrae,
1214 2218 1308 2253 quae
1332 2211 1502 2253 quartam
1552 2211 1667 2242 artem
1694 2207 1768 2242 illis
1791 2206 1963 2249 decernit,
1996 2206 2056 2242 hic
2104 2217 2222 2253 uoque
2244 2219 2376 2254 aequa-

143 2253 226 2288 liter
250 2256 322 2288 tam
344 2253 383 2287 in
407 2252 495 2288 viris
518 2262 625 2297 quam
649 2252 687 2286 in
710 2251 919 2286 mulieribus
942 2251 1095 2288 valeant.
1145 2250 1371 2287 Communem
1395 2253 1488 2287 enim
1538 2262 1607 2286 ane
1631 2262 1775 2297 quoque
1799 2250 1844 2287 de
1863 2251 1909 2286 iis
1930 2251 2043 2303 leqem
2085 2253 2230 2295 erimus,
2255 2264 2376 2298 quem-

143 2300 165 2334 1
211 2297 403 2333 admodum
426 2296 534 2332 etiam
556 2296 727 2342 priorem.
820 2295 863 2331 Si
912 2307 978 2331 uas
1002 2307 1085 2332 vero
1109 2307 1168 2331 res
1180 2297 1362 2375 prgprias
1385 2297 1513 2331 mulier
1542 2296 1582 2330 in
1605 2296 1711 2331 domo
1744 2296 1813 2331 viri
1842 2296 1899 2331 vel
1920 2295 2011 2331 alibi
2030 2297 2213 2342 repositas
2233 2296 2375 2340 habeat,

144 2343 273 2378 harum
297 2342 525 2378 exactionem
556 2344 591 2376 et
618 2340 853 2376 retentionem
908 2340 1013 2376 abeat
1035 2340 1136 2376 nullo
1167 2352 1226 2376 mo
1255 2352 1275 2375 o
1308 2341 1544 2383 deminutam,
1580 2345 1622 2376 ut
1643 2340 1823 2376 eiusmodi
1851 2351 1910 2376 res
1932 2340 2119 2376 subiacere
2150 2342 2220 2377 viri
2247 2342 2376 2378 debitis

143 2389 168 2424 2
215 2387 316 2422 nullo
334 2390 450 2434 pacto
471 2387 627 2433 possint,
652 2386 725 2421 nisi
746 2389 924 2431 quatenus
946 2386 1079 2421 iurium
1102 2385 1201 2421 illius
1224 2396 1274 2421 ex
1297 2385 1366 2421 hac
1390 2386 1469 2432 leqe
1490 2385 1594 2421 lieres
1616 2385 1725 2421 simul
1748 2386 1893 2421 eoeistat.
1942 2384 2045 2421 Haec
2068 2389 2188 2422 autem
2211 2386 2375 2430 dicimus,

143 2434 175 2468 si
199 2433 373 2468 alteruter
405 2443 455 2468 ex
485 2432 710 2477 coniuqibus,
742 2431 808 2476 qui
829 2430 949 2466 dotem
978 2430 1254 2466 donationemve
1283 2430 1568 2476 antenuptialem
1591 2441 1666 2466 non
1689 2430 1953 2473 constituerint,
1977 2430 2052 2467 sive
2075 2431 2131 2467 vir
2153 2431 2227 2468 sive
2246 2432 2376 2469 mulier

142 2478 271 2525 inopia
295 2477 444 2519 laboret,
473 2477 527 2512 ita
550 2481 591 2512 ut
613 2475 809 2521 defunctus
833 2475 888 2512 vel
910 2475 1087 2521 defuncta
1111 2475 1254 2521 quidem
1278 2475 1449 2528 locuples,
1481 2475 1543 2511 ille
1565 2486 1650 2511 vero
1674 2475 1730 2511 vel
1751 2474 1818 2510 illa
1849 2486 1944 2521 quae
1973 2479 2158 2522 superstes
2185 2480 2241 2513 est
2267 2477 2376 2525 inops

142 2524 200 2559 sit.
247 2522 396 2569 Alioqui
418 2523 451 2557 si
474 2521 620 2557 aliunde
639 2522 774 2566 forsan
798 2521 879 2557 locu
907 2521 959 2556 les
981 2521 1039 2564 sit,
1061 2532 1135 2567 par
1158 2531 1232 2556 non
1253 2521 1372 2566 fuerit
1393 2531 1472 2556 eam
1496 2531 1589 2567 quae
1612 2520 1729 2556 dotem
1752 2531 1827 2556 non
1845 2519 1977 2556 obtulit
2001 2521 2058 2556 vel
2079 2532 2160 2557 eum
2182 2522 2246 2568 qui
2261 2522 2374 2558 dona-

145 2569 277 2605 tionem
298 2571 454 2614 propter
476 2567 625 2614 nuptias
648 2577 722 2602 non
745 2565 844 2602 dedit
880 2566 999 2601 iberos
1021 2565 1246 2602 successione
1269 2565 1378 2601 coniu
1405 2566 1437 2600 is
1460 2577 1626 2609 onerare,
1658 2566 1830 2612 quoniam
1855 2565 1917 2601 lex
1940 2565 2015 2600 alia
2039 2570 2167 2602 nostra
2190 2571 2255 2610 est,
2306 2579 2375 2604 uae

143 2614 232 2649 dicit
253 2624 332 2649 eam
357 2624 451 2659 quae
474 2612 592 2647 dotem
616 2622 692 2647 non
714 2611 839 2647 intulit
861 2622 933 2646 non
949 2622 1063 2658 posse
1094 2622 1153 2646 res
1176 2611 1246 2647 viri
1276 2621 1345 2657 per
1395 2611 1601 2646 onationem
1628 2611 1911 2657 antenuptialem
1935 2610 2004 2646 sibi
2027 2610 2221 2648 vindicare.
2269 2578 2376 2656 guod

142 2658 201 2694 liic
224 2669 368 2704 quoque
392 2657 511 2694 valere
535 2657 709 2699 volumus,
740 2656 811 2691 nisi
838 2657 942 2702 forte
965 2657 1044 2703 ipse
1077 2656 1132 2692 vir
1154 2655 1210 2692 vel
1232 2656 1391 2701 leqatum
1422 2655 1456 2691 ei
1479 2656 1535 2692 vel
1554 2659 1699 2702 partem
1722 2656 1961 2692 institutionis
1984 2655 2147 2702 aliquam
2169 2657 2374 2704 reliquerit:

142 2704 212 2739 hoc
233 2703 326 2739 enim
346 2703 431 2749 fieri
454 2702 553 2738 nullo
577 2701 684 2737 modo
707 2700 916 2744 invidemus,
940 2707 981 2737 ut
1003 2702 1100 2747 leqes
1116 2712 1190 2748 per
1214 2701 1335 2736 omnia
1359 2711 1543 2737 consonae
1566 2701 1672 2737 nobis
1694 2704 1883 2737 serventur
1906 2704 1942 2736 et
1966 2700 2093 2747 inopia
2117 2701 2269 2738 alterius
2292 2714 2374 2739 con-

142 2748 239 2795 iuqis
261 2759 311 2784 ea:
335 2747 464 2801 opibus
487 2747 639 2783 alterius
661 2747 806 2783 levetur.

278 2791 524 2840 Epiloqus.
570 2791 672 2836 Quae
693 2792 808 2838 iqitur
830 2792 935 2829 nobis
951 2792 1176 2839 placuerunt
1199 2794 1261 2826 tua
1279 2790 1481 2827 sublimitas
1506 2801 1656 2837 operam
1680 2790 1740 2826 det
1759 2794 1800 2826 ut
1823 2790 1969 2826 valeant
1989 2795 2027 2826 et
2050 2790 2099 2826 ad
2123 2791 2289 2837 effectum
2309 2793 2374 2830 ad-

142 2839 334 2880 ducantur,
358 2849 471 2884 eaque
482 2849 555 2885 per
574 2837 693 2873 edicta
714 2848 808 2884 quae
824 2840 1011 2884 proponet
1030 2836 1193 2872 omnibus
1212 2836 1409 2881 manifesta
1426 2835 1558 2881 faciat,
1577 2839 1619 2871 ut
1637 2835 1833 2871 secundum
1854 2835 1943 2871 haec
1962 2836 2086 2872 vivant
2102 2840 2212 2883 atque
2227 2838 2372 2885 deqant,

1254 2905 1258 2949 Ι
1288 2900 1544 2937 Ἰουστινιανοῧ
1563 2902 1605 2937 τὸ
1625 2903 1672 2937 ια’
1684 2905 1773 2946 Ata„
1796 2917 1855 2938 om.
1868 2904 1990 2938 leeod.
2013 2904 2026 2947 ΙΙ
2051 2906 2096 2939 40
2143 2908 2196 2939 ost
2215 2906 2373 2941 Bilisario

1291 2960 1342 2982 uc.
1357 2959 1462 2982 conss.
1476 2959 1553 2981 ann.
1568 2950 1605 2981 ΙΙ
1620 2950 1667 2983 M
1682 2948 1773 2992 μετὰ
1784 2946 1853 2991 τὴν
1865 2945 2044 2983 ὑπατείαν
2055 2952 2107 2982 Βε
2130 2954 2269 2996 ισαρίου
2280 2950 2324 2986 τὸ
2335 2950 2371 2995 β’

1292 2995 1402 3034 (ἔτους
1424 2990 1461 3037 β’
1477 2995 1612 3037 Theod.)
1636 2995 1712 3029 Atta.
1729 2995 1850 3028 Theod.
1872 2995 2006 3036 (subscr.
2031 2995 2096 3028 dat.
2118 3006 2205 3029 cons.
2227 2997 2372 3031 uilisarii

1291 3041 1384 3081 Iule,
1407 3052 1465 3073 om.
1479 3039 1543 3072 Iul.
1558 3041 1652 3073 codd.
1667 3041 1752 3081 rell.)
2179 3049 2184 3053 ·

189 2909 208 2942 2
224 2903 406 2953 τετάρτης]
435 2904 679 2953 διορισθείσης
700 2907 768 2939 BL
790 2906 802 2950 ΙΙ
832 2903 1128 2951 ἀναπληρούσθω
1142 2906 1189 2938 Bl

143 2953 204 2986 ἵνα
216 2972 260 2977 -
274 2955 313 2986 11
329 2951 542 2998 ἔμπροσθεν
557 2965 614 2985 om.
625 2952 693 2985 BL
709 2951 722 2994 ΙΙ
748 2953 787 2985 11
810 2948 855 2993 δὴ
864 2951 1065 2992 Zachariae]
1091 2947 1130 2984 δὲ
1149 2951 1196 2983 Μ

143 2996 220 3038 τὸν]
244 2997 322 3031 τῶν
346 2998 393 3030 M
394 3001 411 3019 ‘⁸
442 2996 454 3037 ΙΙ
481 2999 617 3040 μέντοι]
642 2993 681 3029 δὲ
704 2996 774 3028 BL
799 2995 811 3040 ΙΙ
842 2998 883 3030 14
905 2992 1125 3029 ὑποκεῖσθαι
1145 2996 1223 3028 τῶν

142 3039 320 3076 τοιούτων
342 3043 424 3084 BL]
448 3038 576 3077 ὑποκεῖ
587 3042 665 3075 τῶν
680 3039 801 3074 ούτων
817 3042 888 3083 (sic)
902 3042 945 3074 M
964 3040 977 3085 ΙΙ
1002 3036 1222 3074 ὑποκεῖσθαι

142 3106 181 3112 -
197 3089 238 3121 17
253 3084 531 3133 συγκληρονομεῖ
543 3100 601 3120 om.
612 3087 661 3119 B⁸
679 3085 692 3130 ss
710 3088 751 3120 15
765 3083 988 3129 δανείσμασι]
1003 3086 1221 3119 creditoribus

143 3135 177 3174 (i.
189 3145 214 3165 e.
226 3129 428 3165 δανεισταῖς
435 3132 464 3173 Ῡ)
477 3143 507 3173 ς,
521 3132 643 3165 Iulian.
653 3144 679 3165 c.
693 3132 754 3165 187
772 3131 784 3174 ΙΙ
805 3133 846 3165 16
859 3126 940 3164 κατ’
957 3127 1062 3171 οὐδὲν
1075 3131 1145 3173 (sic)
1157 3131 1202 3164 M
1209 3130 1222 3168 ΙΙ

145 3180 185 3212 17
211 3174 420 3221 κληρονομεῖ
441 3178 477 3210 Β
500 3177 513 3221 ss
544 3178 585 3211 18
610 3176 710 3220 εἴπερ
725 3195 766 3199 -
786 3178 827 3210 25
842 3174 982 3209 δίκαιον
994 3176 1052 3216 Μ]
1077 3175 1154 3210 stne
1200 3172 1222 3218 ἡ

141 3220 232 3268 γυνὴ
257 3223 388 3266 προῖκα
410 3219 459 3264 μὴ
483 3219 543 3265 (μὴ
563 3235 621 3255 om.
642 3221 702 3261 L¹)
734 3222 958 3264 ποιησαμένη
982 3217 1126 3266 ἀπόρως
1174 3219 1221 3254 ιά-

143 3278 258 3301 κειται
283 3264 427 3309 (ἄπορός
448 3266 549 3300 ἐστιν
572 3267 645 3308 Β3),
671 3263 767 3299 ὥστε
790 3264 855 3299 τὸν
879 3267 945 3308 μὲν
969 3263 1085 3311 ἄνδρα
1108 3264 1222 3299 τελευ-

144 3313 270 3346 τῶντα
283 3309 437 3356 εὔπορον
451 3311 554 3354 εἶναι,
572 3309 640 3353 τὴν
653 3308 693 3344 δὲ
705 3310 902 3356 περιοῦσαν
915 3310 1107 3344 πένεσθαι.
1131 3312 1222 3345 ἐπεί·

145 3369 242 3404 τοιγε
265 3356 352 3390 ἴσως
375 3357 406 3389 εἰ
428 3352 636 3398 ἀλλαχόθεν
660 3352 877 3398 (ἀλλαχόθεν
901 3355 933 3388 εἰ
957 3357 1018 3397 13⁸)
1043 3354 1222 3402 εὖποροίη,

145 3401 211 3445 τὴν
235 3399 299 3436 οὐκ
322 3398 397 3443 (οὐκ
411 3415 469 3435 om.
483 3402 545 3443 13⁸)
570 3401 832 3447 εἰςενεγκοῦσαν
851 3397 885 3442 (ἡ
903 3397 967 3434 οὐκ
984 3401 1224 3447 εἰςενεγκοῦσα

147 3448 206 3490 Bl)
230 3450 360 3494 προῖκα
384 3443 447 3480 οὔκ
471 3444 517 3480 ἂν
540 3446 593 3488 εἴη
617 3444 758 3480 δίκαιον
773 3446 841 3479 BL
858 3445 870 3489 ΙΙ
897 3447 939 3480 26
957 3444 1075 3489 νόμος]
1100 3460 1170 3481 nov.
1184 3447 1228 3479 II

147 3504 173 3526 c.
188 3495 208 3527 5
231 3493 244 3537 ΙΙ
268 3489 434 3538 ἡμέτερος
446 3492 565 3526 om.B⁸
583 3492 595 3535 ΙΙ
613 3493 659 3526 28
674 3487 744 3532 διὰ]
765 3490 827 3532 τῆς
843 3492 922 3524 add.
935 3491 972 3524 B
988 3491 1001 3534 ΙΙ
1026 3493 1067 3526 29
1081 3489 1176 3533 πλὴν
1192 3491 1224 3524 εἰ

146 3536 195 3581 μὴ
208 3546 238 3572 et
250 3551 333 3581 quae
344 3545 519 3582 sequuntur
531 3550 588 3571 om.
598 3537 648 3570 B‘
663 3535 676 3581 ΙΙ
696 3537 738 3570 30
751 3534 951 3570 ἐνστάσεως
963 3537 1048 3578 ML]
1069 3534 1222 3570 ὑποστά-

147 3593 236 3616 σεως
249 3582 302 3616 ΒΓ
322 3583 437 3616 om.B¹
452 3582 465 3628 ΙΙ
491 3584 534 3616 32
547 3593 590 3624 τη
615 3583 688 3615 εῖτο
701 3581 764 3615 Ma
782 3580 795 3625 ΙΙ
819 3582 861 3614 33
869 3593 917 3623 sq.
929 3583 991 3614 καὶ
1009 3578 1031 3623 ἡ
1050 3600 1094 3606 -
1112 3581 1223 3627 θερα-

147 3625 294 3661 πεύοιτο
308 3641 366 3662 om.
376 3629 456 3670 BL,
470 3630 527 3662 ubi
538 3629 584 3661 ad
606 3630 670 3661 itur
683 3639 754 3660 nov.
770 3628 833 3660 117
847 3639 873 3660 c.
889 3628 909 3660 5
922 3627 1070 3661 clausula
1083 3628 1223 3671 interpo-

151 3683 247 3727 latass
273 3685 315 3718 37
330 3681 447 3718 αὐτοῖς
460 3685 492 3718 L
509 3683 523 3728 ΙΙ
547 3686 588 3718 38
607 3671 709 3718 ταῦθ’
720 3684 752 3717 L
766 3682 781 3728 fl
805 3683 848 3717 39
861 3694 901 3716 τε
918 3695 976 3716 om.
987 3683 1019 3716 L
1040 3681 1053 3722 ΙΙ
1078 3683 1145 3716 kal.
1160 3685 1223 3717 oct.

148 3728 201 3769 Μ,
221 3730 327 3771 ςυ.1.,
350 3730 440 3771 Am]
465 3740 500 3762 x.
519 3729 587 3762 kal.
607 3730 678 3762 Oct.
701 3729 801 3771 cv.l.‚
814 3729 899 3773 vulq.
913 3729 1011 3771 (μηνὶ
1033 3724 1224 3774 όκτωβρίῳ

150 3773 286 3816 Theoti.)
302 3773 315 3819 ΙΙ
332 3774 411 3817 imp.
422 3775 478 3808 dn.
488 3775 677 3808 Iustiniano
689 3784 744 3817 pp.
754 3784 830 3817 aug.
839 3773 977 3807 ann.XI
987 3773 1030 3807 M
1043 3771 1226 3817 βασιλείας

214 3829 268 3856 111.

1326 3143 1341 3175 1
1358 3140 1557 3182 relinquerit
1572 3140 1665 3179 V(id.
1675 3140 1730 3182 29)
1747 3139 1760 3183 ΙΙ
1776 3140 1840 3182 vir]
1853 3127 1876 3173 ιιι
1889 3141 1923 3182 (ι’.
1934 3153 1959 3174 e.
1970 3140 2041 3183 ubi)
2056 3141 2102 3174 V¹
2117 3142 2174 3183 (id.
2185 3142 2239 3184 21)
2252 3139 2265 3187 ΙΙ
2280 3152 2301 3175 a
2313 3155 2372 3177 om.

1290 3187 1375 3230 vulq.
1396 3184 1408 3230 ΙΙ
1425 3186 1445 3218 2
1458 3186 1622 3226 iuvamus]
1637 3184 1807 3217 uideamus
1820 3185 1854 3217 R
1870 3185 1883 3229 ΙῙ
1907 3186 1926 3218 3
1940 3185 2219 3227 perduraueritR
2235 3186 2248 3230 l]
2265 3189 2287 3221 4
2298 3198 2372 3230 pcr-

1291 3232 1446 3264 sruantur
1461 3230 1544 3271 RT]
1569 3230 1727 3262 fruantur
1747 3230 1869 3274 Vvulq.
1896 3230 1908 3273 ΙΙ
1933 3231 1953 3264 6
1975 3231 2005 3263 ei
2021 3230 2055 3263 R
2079 3230 2091 3275 ΙΙ
2118 3233 2139 3265 9
2159 3231 2258 3265 etiam
2270 3233 2316 3274 R]
2341 3236 2374 3266 et

1291 3277 1390 3320 vulq,
1417 3288 1474 3308 om.
1497 3275 1531 3308 V
1555 3274 1567 3318 ΙΙ
1595 3276 1637 3309 12
1661 3274 1854 3308 *actionem
1878 3276 1956 3309 libri
1978 3276 2034 3319 (cfi
2059 3276 2182 3310 Iulian.
2209 3289 2236 3311 c.
2255 3278 2331 3320 137)
2361 3277 2374 3324 ΙΙ

1294 3323 1334 3356 13
1349 3321 1456 3354 omnis
1468 3318 1542 3364 R¹n
1555 3322 1596 3354 15
1610 3319 1790 3352 seeundum
1804 3320 1892 3362 quod
1903 3320 1940 3352 in
1953 3320 2058 3362 illius]
2075 3334 2228 3352 *natu
2244 3322 2374 3358 nullius

1292 3365 1372 3443 R¹]1
1390 3367 1431 3399 16
1445 3364 1543 3397 *iure
1565 3365 1642 3398 libri
1655 3364 1669 3408 ΙΙ
1687 3366 1730 3400 18
1743 3365 1975 3398 conuictorum
1986 3366 2034 3398 R¹
2051 3367 2063 3409 ΙΙ
2083 3367 2126 3400 20
2140 3368 2184 3408 et]
2207 3368 2267 3420 leq.
2280 3368 2345 3401 ut?

1293 3413 1334 3445 21
1364 3410 1471 3444 emina
1483 3410 1571 3451 RV]
1595 3409 1716 3442 mulier
1730 3412 1816 3455 vuly.
1838 3410 1851 3456 ΙΙ
1874 3410 2029 3454 locuplex
2046 3410 2115 3444 ΒΤ
2136 3411 2148 3455 ΙΙ
2171 3412 2215 3446 22
2231 3414 2343 3447 lstaR
2368 3413 2374 3458 1

1293 3458 1336 3491 23
1356 3456 1549 3489 offorentem
1570 3455 1622 3488 Va
1636 3454 1649 3500 ss
1668 3465 1735 3488 non
1754 3456 1897 3497 dantem]
1921 3455 2146 3489 moderantem
2158 3457 2236 3502 13¹1]
2262 3459 2305 3492 26
2318 3469 2372 3492 ao-

1292 3502 1424 3544 quirere
1447 3501 1532 3544 vulq.
1551 3499 1564 3544 ΙΙ
1589 3501 1631 3534 27
1654 3510 1713 3544 per
1737 3514 1795 3534 om.
1821 3501 1856 3535 V
1871 3501 1884 3545 ΙΙ
1909 3501 1951 3535 30
1975 3501 2012 3533 111
2034 3501 2189 3535 omnibus
2207 3502 2305 3536 nobis
2322 3504 2372 3547 V]

1292 3548 1328 3579 in
1353 3545 1507 3579 omnibus
1529 3545 1635 3578 modis
1658 3545 1754 3579 nobis
1769 3547 1802 3580 R
1836 3546 1873 3578 in
1898 3545 2051 3579 omnibus
2074 3547 2180 3580 modis
2205 3547 2240 3582 T
2248 3550 2335 3594 vulq.

1294 3593 1336 3626 32
1360 3591 1510 3624 saluetur
1533 3590 1672 3623 alterius
1692 3591 1726 3624 V
1746 3591 1758 3633 ΙΙ
1787 3592 1829 3625 36
1854 3590 1966 3624 ualere
1991 3592 2096 3625 om.R
2119 3591 2132 3636 ΙΙ
2160 3593 2290 3627 tradere
2312 3595 2346 3629 V

1294 3639 1335 3671 37
1346 3636 1524 3669 *uniuersa
1537 3635 1615 3670 libri
1630 3635 1643 3681 ΙΙ
1659 3636 1702 3670 38
1715 3637 1814 3669 etiam
1829 3649 1887 3670 om.
1898 3635 1949 3682 Vll
1962 3637 2005 3671 39
2018 3640 2254 3672 conversentur
2266 3641 2352 3684 vulq.

1293 3685 1415 3716 subscr.
1436 3679 1581 3734 dedimus
1601 3694 1640 3716 ex
1661 3679 1852 3716 VBame
1871 3680 1884 3725 ΙΙ
1906 3692 1941 3714 x-
1962 3695 2020 3716 om.
2037 3682 2159 3718 Bamb.
2176 3684 2202 3718 I
2221 3683 2235 3728 Ι]
2261 3684 2372 3718 octub.

1294 3726 1731 3815 ἓῗιῑξὲιῖἶὲὲιῗιῗέἒίἴὲῑ
1744 3727 1769 3805 1¹¹
1784 3727 2104 3853 .s²?.1¹}·0⁰·0fi{¹1'2²}}2.3²{3
2121 3728 2372 3809 Ψεὲξῗψ
