2586 3990
251 139 357 183 Nov.
378 138 538 183 CXXX
567 138 678 179 3-6

250 251 327 284 τῶν
342 248 386 282 τὰ
404 244 561 290 δημόσια
576 243 777 280 ἀνυόντων.
825 241 967 280 τούτων
987 241 1167 280 ἁπάντων
1182 244 1327 290 προϊόν-

249 306 326 327 των
356 305 395 325 τε
423 293 482 324 καὶ
514 289 896 345 παραφυλαττομένων
925 287 1084 333 κινδύνῳ
1115 290 1179 333 τῆς
1204 303 1244 323 τε
1267 290 1329 333 σῆς

249 334 479 389 ἑνδοξότητος
514 337 573 368 καὶ
607 336 685 369 τῶν
715 334 867 376 ἑκαστης
901 335 1071 389 ἐπαρχίας
1099 336 1329 379 τρακτευτῶν

247 384 306 415 καὶ
323 377 513 425 ἆρχοντων
536 381 596 412 καὶ
615 380 692 413 τῶν
707 378 943 422 πειθομένων
968 380 1087 412 αυτοῖς
1105 379 1246 419 τάξεων
1269 382 1329 413 καὶ

1315 133 1399 180 652

1992 150 2207 190 QUOMODO
2237 151 2472 185 OPORTEAT

1395 245 1534 281 fiscalia
1567 246 1725 290 exigunt.
1776 245 1843 282 His
1876 247 2038 284 omnibus
2076 248 2304 286 admittendis
2338 251 2376 285 et
2407 250 2471 286 ob-

1397 290 1578 326 servandis
1602 290 1761 335 periculo
1785 293 1821 326 et
1835 293 1919 327 tuae
1937 292 2071 336 gloriae
2096 297 2132 330 et
2147 294 2365 338 singularum
2388 305 2471 339 pro-

1396 335 1592 370 vinciarum
1623 337 1858 370 tractatorum
1888 339 1924 372 et
1950 337 2108 374 iudicum
2139 342 2176 375 et
2203 340 2470 384 obsequentium

1397 379 1448 414 eis
1468 379 1666 415 officiorum
1686 382 1722 415 et
1739 382 1987 425 susceptorum
2007 385 2043 418 et
2060 383 2246 420 curialium
2267 387 2302 419 et
2317 383 2472 420 omnium

248 423 482 468 ἐκληπτορων
513 426 572 476 καὶ
603 422 889 468 πολιτευομένων
919 426 979 457 καὶ
1003 423 1157 459 πάντων
1182 425 1260 459 τῶν
1281 423 1329 458 τὰ
1365 423 1535 460 5fiscalia
1558 424 1800 460 tractantium.

248 467 404 512 δημόσια
426 469 558 513 χειριζο
564 481 672 503 ντων.

1243 556 1398 594 CAPUT
1423 558 1485 594 lv.

305 626 378 656 Καὶ
408 623 517 658 τοῦτο
549 621 589 658 δὲ
618 622 805 679 κελεύομεν
836 622 1206 676 παραφυλάττεσθαι,
1238 620 1326 659 dis-‘ts

1453 625 1528 661 Hoc
1553 635 1694 672 quoque
1715 626 1878 661 iubemus
1903 627 2052 672 servari,
2077 628 2212 663 nullum
2234 628 2390 664 iudicum
2410 632 2474 665 aut

244 665 383 712 μηδένα
416 669 499 723 τῶν,
525 667 687 721 ἐξάρχων
717 682 739 711 η
771 670 848 703 τῶν
879 681 1118 714 στρατιωτων
1150 669 1328 714 προφάσει
1395 669 1546 705 milltum
1581 670 1770 707 occasione
1806 671 1978 707 transitus
2014 675 2078 707 aut
2114 682 2137 708 8,
2171 673 2371 709 civitatibus
2410 677 2474 709 aut

245 710 408 758 παρόδου
431 710 455 757 ἢ
478 713 552 749 απὸ
577 726 655 748 των
679 712 824 748 πόλεων
847 711 870 756 ἢ
892 713 1003 757 <τιῦν>
1025 716 1171 758 χωρίων
1195 715 1234 747 ἐν
1259 710 1327 748 ἀπ-

246 758 452 804 αργυρισμῷ
487 771 525 792 τι
560 756 768 803 λαμβάνειν.
816 758 847 792 εἰ
878 755 918 792 δὲ
947 754 1094 803 εὖρεθεί
1248 755 1255 766 ‘

246 800 408 849 παρόδου
437 804 477 837 ἐν
507 800 769 849 οἷπαργυρισμῷ
798 800 1016 847 λαμβάνων,
1049 816 1087 836 κε
1109 801 1237 846 εύομεν
1259 803 1328 838 τὸν

245 848 390 882 τοιοῦτό
425 860 463 882 τι
498 847 708 893 πράττοντα
744 845 984 884 ἀπαιτεῖσθαι
1020 845 1212 883 διπλάσιον
1251 850 1328 883 πᾶν

246 887 338 937 ὅπερ
360 891 486 936 λαβεῖν
510 891 601 938 ὑπὲρ
623 894 751 927 τούτου
776 891 954 937 τολμήσει.

1149 769 1203 792 τις
1236 760 1327 803 νπὲρ
1343 762 1383 795 10
1397 764 1522 795 ventus
1544 759 1654 795 fuerit
1670 760 1800 805 aliquis

1395 715 1550 759 praediis
1581 715 1619 751 in
1650 726 1792 751 nummo
1825 716 1960 761 aliquid
1991 717 2164 762 accipere.
2212 718 2250 753 Si
2274 721 2393 754 autem
2417 719 2472 753 in-

1849 772 1888 796 ro
1905 762 2058 797 transitu
2081 762 2118 797 in
2137 773 2279 798 nummo
2295 773 2473 799 annonam

1396 805 1571 850 accipere,
1595 805 1758 840 iubemus
1782 810 1820 840 ta
1835 816 1854 841 e
1869 806 2003 850 aliquid
2027 810 2188 851 agentem
2212 808 2303 852 exigi
2326 809 2472 853 duplum

1396 853 1510 886 totum
1535 850 1630 896 quod
1653 850 1816 895 accipere
1838 861 1903 896 pro
1929 852 1997 887 hoc
2019 853 2307 897 praesumpserit.

1249 982 1405 1019 CAPUT
1430 983 1472 1020 V.

301 1048 352 1082 Εἰ
380 1046 424 1082 δέ
450 1049 649 1103 τινεςπιῢν
669 1047 854 1105 ἡμετέρων
885 1046 1048 1095 ἐξάρχων
1075 1046 1098 1092 ἢ
1119 1050 1198 1085 τῶν
1221 1061 1326 1096 στρα-

1463 1051 1500 1085 Si
1521 1051 1599 1096 quis
1623 1061 1706 1087 vero
1730 1055 1934 1088 nostrorum
1963 1052 2119 1088 iudicum
2149 1057 2213 1089 aut
2239 1053 2391 1089 militum
2410 1056 2475 1089 aut

244 1094 391 1128 τιωτιῦν
406 1091 430 1137 ἢ
445 1106 524 1128 των
543 1094 732 1128 οπτιόνων
757 1094 880 1129 αυτῶν
902 1094 951 1138 μὴ
967 1096 1116 1130 recauta
1139 1092 1329 1139 ποιήσουσι
1345 1098 1384 1131 15
1399 1096 1583 1141 optionum
1607 1097 1765 1140 ipsorum
1796 1108 1867 1133 non
1891 1102 2037 1133 recauta
2060 1098 2184 1134 fecerit
2212 1098 2329 1134 factae
2352 1098 2397 1134 ab
2422 1098 2473 1134 eis

245 1139 307 1180 τῆς
328 1141 519 1185 γενομένης
549 1135 640 1183 παρ’
667 1135 792 1174 αὐτῶν
822 1136 1004 1182 δαπάνης,
1036 1138 1225 1184 κελεύομεν
1247 1139 1329 1175 τοὺς

245 1183 314 1226 τὴν
338 1181 505 1227 δαπάνην
528 1184 795 1230 χορηγήσαντας
818 1183 1052 1218 συντελεστὰς
1081 1185 1215 1230 πρᾶξιν
1238 1183 1327 1221 ὑπο-

244 1227 446 1272 μνημάτων
470 1230 657 1273 συνιστᾶν,
689 1229 719 1262 εἰ
741 1230 809 1273 μὲν
832 1227 967 1276 εὑρεθῇ
999 1226 1019 1263 ὁ
1045 1227 1167 1275 ἅρχων
1193 1231 1233 1265 ἐν
1255 1233 1328 1265 τοῖς

245 1273 370 1307 τόποις
406 1274 569 1316 ἐκείνοις,
605 1270 694 1319 παρ’
721 1270 822 1317 αὐτῷ
854 1277 914 1307 καὶ
945 1275 997 1317 τῷ
1036 1271 1230 1318 ὁσιωτάτῳ
1265 1276 1328 1318 τῆς

1400 1151 1586 1185 expensae,
1611 1141 1771 1177 iubemus
1789 1152 1962 1188 expensas
1978 1143 2150 1179 facientes
2174 1143 2360 1179 collatores
2375 1147 2474 1187 gesta

1396 1189 1701 1222 monumentorum
1726 1187 1910 1230 conficere,
1935 1188 1965 1223 si
1985 1187 2124 1232 quidem
2148 1189 2348 1224 inveniatur
2367 1188 2474 1224 iudex

1396 1232 1433 1265 in
1466 1231 1553 1267 locis
1590 1231 1677 1274 illis,
1712 1232 1810 1276 apud
1844 1243 1923 1267 eum
1959 1237 1995 1268 et
2025 1233 2286 1269 sanctissimum
2321 1233 2473 1269 civitatis

1396 1275 1614 1321 episcopum,
1639 1276 1669 1311 si
1684 1286 1766 1311 vero
1791 1287 1862 1312 non
1885 1278 2083 1313 inveniatur
2106 1278 2212 1313 iudex
2234 1279 2272 1314 in
2287 1278 2375 1314 locis
2391 1278 2472 1320 illis,

245 1316 384 1352 πόλεως
408 1317 616 1362 ἐπισκόπῳ,
648 1319 680 1373 εἰ
704 1316 752 1372 δεῇ
765 1319 814 1363 μὴ
839 1316 972 1373 εὑρεθῇ
1001 1318 1020 1353 o‘
1047 1319 1170 1363 ἅρχων
1194 1322 1233 1354 ἐν
1256 1323 1328 1355 τοῖς
1341 1322 1381 1355 20
1395 1321 1492 1366 apud
1527 1321 1788 1356 sanctissimum
1826 1322 1976 1358 civitatis
2012 1324 2217 1368 episcopum
2253 1327 2316 1358 aut
2350 1323 2472 1358 defen-

247 1359 365 1396 αὐτοῖς
394 1363 537 1406 τόποις,
570 1375 669 1409 παρα
699 1377 753 1406 τῳ
779 1362 972 1408 ὁσιωτατῳ
1003 1365 1065 1406 τῆς
1089 1363 1227 1400 πόλεως
1250 1367 1327 1400 ἐπι-

246 1406 373 1451 σκόπῳ
404 1405 428 1451 ἢ
455 1406 663 1452 τῷηέκδίκῳ
692 1409 770 1443 τῶν
798 1406 940 1451 τόπων,
971 1406 1035 1455 ὑφ’
1062 1407 1121 1443 ciis
1151 1408 1173 1453 ἡ
1205 1411 1328 1454 κτῆσις

245 1450 421 1487 διάκειται
452 1452 491 1493 ἐξ
514 1453 553 1496 ἧς
599 1456 619 1487 ε’
639 1465 722 1488 ονεν
752 1450 774 1496 ἡ
800 1451 955 1497 δαπάνη,
986 1457 1045 1488 καὶ
1070 1452 1131 1489 διὰ
1162 1456 1224 1498 τῆς
1253 1468 1326 1490 τοι·

246 1494 355 1552 αύτης
378 1498 542 1551 πράξεως
565 1466 656 1541 gilio
679 1501 808 1541 ποιεῖν,
839 1502 932 1553 τίνες
954 1500 1031 1533 τῶν
1054 1497 1240 1553 ἡμετέρων
1264 1496 1325 1545 ἄρ-

1397 1376 1494 1401 sores
1531 1367 1688 1401 locorum
1725 1367 1792 1402 sub
1828 1367 1955 1411 quibus
1990 1369 2166 1412 possessio
2201 1368 2295 1403 iacet
2328 1378 2372 1403 ex
2405 1378 2474 1413 qua

1395 1411 1493 1446 facta
1516 1414 1572 1446 est
1596 1421 1771 1456 expensa,
1801 1415 1837 1446 et
1860 1421 1924 1456 per
1948 1413 2035 1447 talia
2062 1417 2164 1457 gesta
2194 1414 2313 1458 palam
2342 1414 2473 1457 facere,

1395 1456 1455 1500 qui
1477 1459 1682 1492 nostrorum
1705 1456 1862 1492 iudicum
1891 1459 1928 1492 et
1952 1468 2032 1492 cum
2055 1458 2151 1502 quali
2173 1459 2333 1493 exercitu
2355 1463 2472 1494 trans-

1394 1501 1483 1536 itum
1507 1501 1680 1537 facientes
1696 1512 1768 1537 non
1783 1501 1946 1537 fecerunt
1962 1507 2109 1537 recauta
2128 1507 2163 1538 et
2178 1505 2347 1547 quantam
2364 1513 2473 1548 quan-

244 1555 390 1584 χοντων
427 1556 449 1586 η
483 1543 575 1587 μετὰ
614 1547 718 1578 ποίου
757 1555 1021 1588 στρατεύματος
1059 1557 1127 1588 την
1163 1542 1327 1600 πάροδον
1341 1546 1381 1579 25
1395 1546 1532 1581 titatem
1563 1547 1824 1590 expenderunt,
1858 1551 1894 1582 et
1924 1547 2013 1582 talia
2041 1553 2141 1592 gesta
2173 1547 2266 1582 mitti
2300 1549 2345 1583 ad
2376 1551 2474 1583 tuam

246 1586 455 1631 ποιούμενοι
478 1584 542 1622 οὐκ
558 1589 733 1631 ἐποίησαν
751 1593 898 1623 reeauta
921 1592 981 1622 καὶ
997 1588 1117 1632 πόσην
1138 1601 1327 1632 ποσοτητα

245 1630 494 1676 ἐδαπάνησαν,
533 1636 593 1667 καὶ
627 1633 695 1676 τὴν
728 1632 902 1677 τοιαύτην
943 1634 1079 1679 πρᾶξιν
1113 1635 1326 1679 πέμπεσθαι

245 1677 336 1721 πρὸς
357 1678 426 1721 τὴν
449 1677 518 1721 σὴν
541 1675 771 1722 ἐνδοξότητα,
803 1678 871 1722 τὴν
895 1676 934 1713 δὲ
956 1678 1033 1731 εσὴν
1061 1677 1240 1726 ὑπεροχὴν
1265 1677 1326 1713 ὠς-

1394 1591 1552 1635 gloriam‚
1573 1595 1671 1626 tuam
1687 1603 1770 1627 vero
1789 1592 2033 1627 celsitudinem
2057 1595 2181 1637 utpote
2197 1593 2352 1628 recautis
2368 1593 2473 1628 factis

1396 1636 1628 1672 collatoribus
1650 1637 1788 1681 quidem
1804 1637 1977 1682 praebere
1994 1641 2057 1672 aut
2072 1638 2177 1673 etiam
2193 1642 2360 1683 reputare
2382 1647 2473 1682 quae

1396 1681 1441 1716 ab
1472 1681 1522 1716 eis
1553 1682 1650 1716 facta
1681 1686 1736 1717 est
1765 1692 1938 1727 expensa,
1973 1682 2079 1718 sicuti
2110 1683 2274 1728 superius
2310 1683 2473 1726 diximus,

246 1725 325 1756 ανεὶ
347 1726 526 1757 recautum
548 1726 756 1769 γενομένων
775 1727 847 1758 τοῖς
861 1725 929 1767 μὲν
945 1723 1134 1758 υποτελέσι
1158 1727 1328 1769 παρέχειν
1395 1725 1548 1761 retinere
1571 1728 1690 1761 autem
1714 1727 1807 1762 hanc
1831 1727 2066 1772 quantitatem
2097 1738 2188 1772 quae
2214 1738 2257 1763 ex
2279 1728 2387 1771 gestis
2412 1728 2472 1763 de-

246 1764 269 1809 ἢ
291 1769 352 1800 καὶ
372 1765 583 1823 λογίζεσθαι
606 1768 674 1811 τὴν
691 1766 779 1822 παρ’
799 1765 920 1802 αὐτῶν
935 1772 1131 1814 γενομένην
1147 1767 1326 1822 δαπάνην,
1339 1771 1383 1804 30
1397 1772 1552 1806 claratur
1576 1781 1620 1805 ex
1641 1771 1696 1806 his
1721 1782 1812 1816 quae
1835 1773 1996 1816 delegata
2019 1777 2104 1807 sunt
2127 1773 2171 1808 de
2193 1772 2280 1807 fisco
2305 1773 2472 1817 principi·

246 1810 418 1856 καθάπερ
449 1815 622 1858 ανωτέρω
652 1813 852 1859 εἰρηκαμεν,
885 1817 1128 1858 παρακρατεῖν
1149 1812 1189 1847 δὲ
1214 1813 1328 1857 αυτὴν

245 1855 315 1898 τὴν
346 1856 533 1901 ποσότητα
562 1857 630 1900 τὴν
661 1855 722 1892 διὰ
753 1859 815 1901 τῆς
844 1857 1008 1903 πράξεως
1039 1856 1265 1903 δηλουμένην·
1289 1860 1328 1892 ἐκ

246 1902 325 1935 τῶν
349 1899 689 1948 δηληγατευομένων
713 1899 787 1936 ἀπὸ
813 1903 878 1936 τοῦ
896 1900 1067 1946 δημοσίου
1081 1906 1154 1937 τοῖς
1172 1903 1328 1949 ἐξάρχοις

245 1948 306 1980 καὶ
329 1950 402 1981 τοῖς
425 1946 664 1992 στρατιώταις
685 1950 758 1981 τοῖς
780 1947 849 1991 τὴν
873 1945 1042 1991 δαπάνην
1066 1953 1326 1992 ποιησαμένοις.

1396 1816 1463 1851 bus
1487 1816 1633 1851 militiae
1657 1820 1692 1851 et
1715 1817 1885 1853 militibus
1911 1818 1972 1862 qui
1996 1827 2188 1862 expensam
2211 1817 2385 1853 fecerunt.

1240 2059 1396 2094 CAPUT
1420 2060 1482 2096 VI.

312 2126 410 2172 Πρὸς
440 2124 578 2160 τούτοις
607 2123 794 2170 κελεύομεν
828 2125 910 2160 τοὺς
940 2123 1129 2172 ἡμετέρους
1158 2123 1324 2171 ἐξάρχους
1338 2129 1379 2162 35

245 2171 315 2206 εἴτε
338 2174 398 2205 καὶ
420 2170 503 2205 τοὺς
527 2167 641 2204 διασώ
665 2182 772 2205 οντας
795 2171 837 2205 τὸ
863 2170 1070 2217 στράτευμα
1100 2173 1161 2205 καὶ
1185 2171 1323 2216 delega-

245 2221 344 2252 torae
379 2218 419 2250 ἐν
446 2219 524 2250 ταῖς
548 2215 643 2261 παρό
668 2226 721 2250 οις
750 2219 979 2261 προπέμπειν
1014 2217 1062 2250 εἰς
1092 2217 1227 2251 ἐκεῖνον
1261 2218 1326 2251 τὸν

244 2261 363 2296 τόπον
385 2263 425 2296 ἐν
449 2253 481 2304 ᾧ
502 2259 619 2306 μέλλει
642 2260 684 2294 τὸ
704 2257 877 2308 ἡμέτερον
901 2262 1106 2307 στράτευμα
1129 2262 1324 2304 καταντᾶν,

1449 2127 1507 2163 Ad
1530 2128 1618 2163 haec
1648 2128 1810 2164 iubemus
1842 2129 2021 2174 principes
2053 2130 2197 2166 militiae
2228 2134 2369 2168 nostros
2401 2133 2474 2169 sive

1393 2182 1454 2208 eos
1479 2173 1539 2217 qui
1562 2173 1742 2209 deducunt
1765 2174 1959 2209 exercitum
1981 2177 2019 2211 et
2041 2175 2259 2219 delegatores
2290 2177 2327 2212 in
2358 2180 2474 2213 trans-

1394 2217 1464 2253 itus
1488 2218 1714 2263 praemittere
1744 2219 1791 2254 ad
1813 2219 1911 2254 illum
1933 2219 2066 2263 locum,
2097 2220 2135 2255 in
2159 2232 2228 2266 quo
2253 2221 2396 2258 futurus
2420 2226 2475 2258 est

1394 2266 1517 2298 noster
1540 2263 1717 2299 exercitus
1741 2265 1934 2309 applicare,
1963 2268 2000 2300 et
2022 2266 2331 2310 praeparationem
2353 2267 2474 2303 facere

243 2324 2475 2337 Μ

244 2351 290 2385 iis
318 2360 387 2396 per
409 2359 471 2385 eos
494 2349 557 2396 qui
576 2349 721 2394 fiscalia
744 2350 907 2395 eoeiqunt.
954 2351 1072 2396 Atque
1094 2350 1183 2386 haee
1205 2352 1325 2386 omnia
1347 2351 1557 2398 procedant
1587 2355 1696 2398 atque
1721 2353 1951 2389 observentur
1968 2354 2137 2399 periculo
2168 2359 2203 2390 et
2226 2359 2309 2391 tuae
2329 2356 2475 2402 gloriae

244 2398 281 2431 et
303 2395 475 2441 cuiusque
496 2395 706 2441 provinciae
730 2398 968 2431 tractatorum
991 2400 1027 2431 et
1046 2395 1255 2442 praesidum
1278 2399 1314 2432 et
1337 2397 1545 2442 officiorum
1576 2397 1621 2432 iis
1651 2396 1918 2443 obsequentium
1949 2402 1985 2434 et
2013 2403 2263 2446 susceptorum
2295 2405 2331 2437 et
2353 2402 2472 2437 euria-

246 2439 332 2476 lium
355 2444 392 2476 et
415 2441 572 2475 omnium
621 2440 659 2475 ui
677 2439 823 2484 fiscalia
849 2444 1015 2476 tractant.

378 2484 441 2520 IV.
488 2483 563 2520 Sed
609 2494 652 2520 oe
675 2495 820 2537 quoque
850 2485 1034 2521 observari
1065 2485 1236 2528 iubemus,
1268 2496 1313 2521 ne
1335 2486 1529 2532 quisquam
1551 2485 1680 2522 dueum
1711 2489 1776 2522 aut
1806 2485 1970 2522 militium
2000 2487 2142 2524 nomine
2166 2489 2341 2525 transitus
2371 2490 2428 2527 vel
2450 2502 2474 2527 a

245 2529 449 2565 civitatibus
479 2529 537 2565 vel
550 2529 717 2576 praediis
747 2540 786 2565 in
802 2530 962 2576 pecunia
992 2534 1181 2566 numerata
1203 2530 1396 2577 quiequam
1419 2531 1579 2577 auferat.
1628 2529 1670 2566 Si
1693 2532 1775 2577 quis
1797 2542 1881 2568 vero
1904 2531 2109 2568 inveniatur
2139 2533 2203 2578 qui
2217 2545 2293 2580 pro
2319 2536 2474 2571 transitu

244 2575 283 2610 in
299 2574 460 2621 pecunia
491 2578 679 2610 numerata
709 2575 904 2620 quiequam
933 2576 1101 2621 auferat,
1131 2575 1291 2611 iubemus
1321 2575 1365 2611 ab
1396 2586 1439 2612 eo
1470 2576 1536 2622 qui
1564 2575 1654 2622 quid
1677 2576 1854 2612 eiusmodi
1882 2577 1974 2623 feeit
1999 2576 2149 2624 duplum
2175 2577 2270 2621 eius,
2302 2579 2402 2625 quod
2429 2591 2472 2616 eo

245 2620 389 2655 nomine
411 2619 562 2665 auferre
586 2630 696 2655 ausus
717 2619 775 2662 sit,
800 2620 911 2665 exiqi.

379 2664 423 2700 V.
471 2662 513 2699 Se·
535 2664 600 2710 qui
622 2675 706 2700 vero
730 2675 780 2701 ex
802 2665 939 2700 nostris
961 2664 1110 2701 ducibus
1141 2667 1207 2700 aut
1228 2663 1400 2700 militibus
1430 2668 1496 2701 aut
1518 2665 1726 2712 optionibus
1756 2675 1880 2702 eorum
1903 2675 1978 2701 non
1998 2665 2156 2711 fecerint
2185 2671 2333 2704 reeauta
2352 2669 2473 2716 faeta-

245 2720 325 2745 rum
349 2709 393 2745 ab
417 2709 508 2756 ipsis
530 2719 792 2756 expensarum,
822 2709 984 2746 iubemus
1006 2709 1201 2745 collatores
1231 2709 1296 2755 qui
1323 2720 1505 2756 expensas
1534 2710 1871 2752 subministrarunt,
1885 2714 1984 2761 ‘aeta
2015 2710 2239 2755 conficienda
2262 2723 2410 2758 curare,
2441 2715 2474 2751 si

271 2754 388 2790 uidem
408 2764 559 2801 praeses
580 2755 617 2790 in
641 2754 714 2789 illis
737 2754 827 2790 loeis
849 2754 1063 2798 inveniatur,
1086 2754 1187 2802 apud
1208 2764 1287 2791 eum
1310 2758 1345 2790 et
1367 2755 1629 2791 sanctissimum
1653 2755 1809 2791 civitatis
1831 2766 1851 2791 e
1878 2764 2058 2801 tseopum,
2089 2755 2146 2806 sin
2163 2767 2317 2802 praeses
2339 2759 2378 2793 in
2399 2759 2474 2794 illis

245 2765 335 2835 locis
357 2810 431 2834 non
455 2799 669 2841 inveniatur,
694 2799 796 2845 apud
816 2800 1078 2835 sanctissimum
1102 2799 1259 2836 civitatis
1280 2799 1488 2844 episcopum
1511 2800 1569 2836 vel
1581 2800 1808 2845 defensorem
1848 2810 2012 2842 ecorum,
2037 2799 2165 2845 quibus
2214 2803 2368 2838 ossessio
2390 2804 2472 2840 sub-

245 2845 339 2880 iecta
362 2848 416 2880 est
438 2854 487 2880 ea:
510 2855 584 2890 qua
606 2854 791 2890 expensae
811 2845 938 2890 factae
959 2848 1055 2887 sunt,
1085 2848 1123 2880 et
1141 2855 1210 2891 per
1232 2843 1406 2879 eiusmodi
1425 2848 1509 2880 aeta
1528 2844 1653 2892 palam
1675 2845 1812 2890 faeere,
1845 2845 1992 2891 quinam
2015 2855 2066 2880 ex
2088 2843 2171 2880 duci
2195 2857 2238 2881 us
2259 2847 2396 2883 nostris
2418 2848 2474 2884 vel

246 2888 349 2936 quali
378 2899 458 2924 eum
487 2889 651 2925 exercitu
683 2889 874 2925 transitum
902 2889 1081 2935 facientes
1110 2892 1261 2925 reeauta
1289 2898 1363 2924 non
1391 2889 1567 2937 fecerint,
1603 2893 1639 2925 et
1661 2893 1834 2936 quantam
1863 2899 2036 2940 summam
2066 2890 2309 2936 expenderint
2313 2904 2330 2934 ;
2363 2895 2403 2928 at
2429 2903 2473 2928 ue

246 2933 420 2970 eiusmodi
443 2937 526 2969 aeta
557 2933 607 2968 ad
637 2937 734 2969 tuam
757 2934 914 2980 qloriam
937 2935 1139 2976 mittantur,
1173 2937 1235 2969 tua
1266 2944 1349 2970 vero
1380 2934 1582 2970 sublimitas
1614 2938 1794 2981 tamquam
1817 2938 1975 2970 recantas
2003 2933 2118 2979 factis
2140 2935 2308 2972 subiectis
2330 2938 2396 2983 qai
2418 2949 2472 2973 em

238 2978 418 3026 praebeat
440 2977 497 3013 vel
510 2978 617 3014 etiam
632 2979 783 3026 imputet
805 2989 1004 3026 expensam
1027 2979 1073 3015 ab
1089 2979 1134 3014 iis
1148 2979 1300 3025 factam,
1325 2979 1623 3025 quemadmodum
1641 2990 1756 3026 supra
1773 2979 1943 3022 diximus,
1966 2979 2083 3030 ipsam
2100 2983 2218 3015 autem
2235 2981 2473 3027 quantitatem

246 3024 338 3060 actis
360 3022 642 3059 demonstratam
665 3024 819 3060 retineat
840 3035 890 3060 ex
912 3024 957 3059 iis
989 3034 1082 3069 quae
1105 3035 1128 3059 a
1149 3023 1239 3068 fiseo
1262 3023 1430 3069 deleqata
1452 3028 1537 3059 sunt
1566 3024 1715 3060 ducibus
1734 3028 1770 3060 et
1791 3024 1961 3060 militibus
1990 3034 2051 3070 qm
2076 3034 2272 3071 expensam
2293 3026 2472 3072 fecerunt.

379 3068 442 3104 VI.
481 3067 676 3104 Praeterea
697 3068 856 3104 iubemus
879 3068 987 3104 duces
1002 3072 1149 3104 nostros
1171 3068 1229 3104 vel
1245 3068 1350 3104 etiam
1373 3079 1434 3103 eos
1455 3069 1518 3114 qui
1533 3069 1730 3105 exereitum
1754 3068 1935 3105 deducunt
1957 3073 1993 3104 et
2015 3068 2239 3115 deleqatores
2261 3070 2298 3105 in
2316 3072 2472 3107 transitu

244 3113 417 3158 faciendo
442 3117 526 3149 ante
549 3114 688 3149 mittere
719 3113 769 3149 ad
790 3113 890 3149 illum
915 3113 1032 3150 locum
1063 3113 1101 3149 in
1125 3124 1228 3160 quem
1252 3114 1433 3149 exercitus
1456 3118 1580 3149 noster
1607 3117 1847 3160 perventurus
1869 3117 1934 3157 est,
1966 3117 2001 3149 et
2023 3123 2205 3160 expensas
2235 3116 2473 3162 apparandus

302 3204 323 3237 8
342 3199 573 3247 ἔξαρχόντων
596 3204 627 3236 L
646 3203 658 3245 11
680 3205 700 3238 9
723 3203 802 3237 τῶν
826 3204 903 3237 add.
920 3204 1107 3238 Zachariae
1125 3203 1138 3248 11
1165 3206 1204 3239 10
1217 3216 1264 3247 sq.
1289 3215 1327 3237 τι
1396 3206 1414 3237 7
1439 3203 1527 3237 nulli
1548 3203 1603 3248 711
1628 3204 1648 3238 8
1672 3213 1692 3236 a
1716 3216 1774 3237 om.
1799 3204 1854 3247 711
1878 3206 1937 3237 aut
1961 3204 2100 3248 Vvulq]
2125 3206 2184 3237 aut
2206 3215 2226 3237 a
2251 3205 2308 3248 Τ11
2333 3206 2353 3239 9
2377 3215 2472 3248 prae-

247 3244 768 3294 λαμβάνειν-ἅπαργυρισμῷ
783 3261 841 3282 om.
852 3248 896 3281 M
908 3248 921 3291 11
941 3250 979 3282 11
994 3246 1207 3292 λαμβάνων]
1224 3259 1327 3282 anno·

247 3303 322 3325 nam
346 3293 494 3337 accipere
519 3304 538 3330 ς
554 3294 567 3337 11
586 3295 627 3327 14
641 3306 687 3337 sq.
713 3303 807 3327 τινες
829 3311 875 3318 —-
898 3293 1099 3336 ποιήσουσι]
1124 3294 1200 3336 quis
1220 3312 1261 3318 -
1279 3293 1327 3326 fe-

248 3338 330 3370 cerit
353 3349 373 3374 ς
390 3342 403 3382 11
418 3338 657 3383 στρατιωτῶν
681 3340 825 3372 dedimus
849 3351 888 3372 ex
908 3350 927 3375 ς
943 3339 1019 3380 lut]
1045 3337 1327 3384 στρατευμάτων

250 3382 321 3415 ML
347 3382 360 3426 11
390 3384 433 3417 20
454 3379 620 3427 εὑρεθείη
646 3383 676 3416 L
703 3383 715 3427 11
743 3384 786 3417 22
810 3383 863 3425 τῷ
889 3380 1030 3426 ἑκὸίκῳ]
1064 3384 1249 3417 defensores
1274 3395 1293 3420 e

250 3428 291 3459 25
310 3423 350 3481 ⁷71,
365 3430 398 3459 et
413 3439 433 3464 ς
450 3427 462 3470 11
479 3429 520 3462 28
539 3423 729 3472 ὑπεροχὴν]
747 3425 982 3470 έδαπάνησαν
998 3429 1057 3461 καὶ
1072 3427 1141 3471 τὴν
1157 3429 1235 3462 add.
1251 3429 1300 3462 L‘⁸

250 3472 288 3504 31
309 3470 420 3512 αυτὴν
433 3473 488 3513 Μ]
506 3469 644 3515 ταύτην
660 3473 718 3509 Le
734 3473 747 3516 11
766 3474 808 3507 33
825 3469 896 3506 διλι
921 3474 1148 3517 ατευομένων
1165 3473 1249 3515 ML,
1273 3469 1326 3507 δε·

249 3512 535 3560 λεγατευομένων
551 3530 619 3551 cum
633 3518 829 3552 Haloandro
843 3485 927 3559 ναί-(Ι).
948 3517 960 3561 11
976 3518 1053 3551 ’τῶν
1072 3515 1258 3560 δημοσίων
1270 3516 1328 3562 Lu

250 3560 292 3592 36
315 3559 517 3603 delegatur-as
539 3563 575 3603 (s.
589 3576 618 3597 v.
635 3561 793 3606 μηνυτὰς
812 3563 858 3605 L)
881 3562 954 3596 ML
973 3562 985 3606 11
1001 3564 1042 3597 37
1068 3564 1141 3596 τοῖς
1164 3562 1207 3597 Μ

308 3650 323 3681 1
342 3647 444 3682 fiscali
464 3650 497 3683 V
508 3650 520 3693 11
537 3651 600 3683 His
616 3664 673 3684 om.
692 3652 724 3684 T
736 3651 749 3695 11
765 3653 784 3685 3
802 3654 835 3684 et
850 3651 1011 3692 iudicum]
1037 3654 1070 3685 et
1085 3664 1143 3686 om.
1159 3652 1192 3685 T
1204 3649 1218 3704 11
1234 3653 1255 3686 4
1279 3651 1327 3685 eis

250 3691 350 3735 vala]
378 3703 433 3726 eos
457 3694 534 3728 libri
561 3694 575 3738 fl
601 3697 634 3727 et
657 3695 846 3736 canalium]
879 3698 912 3729 et
942 3709 1000 3730 om.
1029 3696 1062 3730 T
1082 3695 1096 3740 Ι
1124 3706 1237 3730 omma
1263 3697 1297 3730 T
1313 3694 1326 3741 11

1395 3241 1495 3281 cediis
1517 3250 1548 3281 V
1571 3248 1583 3292 11
1615 3251 1655 3282 10
1679 3258 1844 3281 annonam
1869 3250 1952 3283 delet
1975 3249 2069 3282 Beck
2098 3249 2110 3291 11
2139 3251 2180 3282 12
2203 3251 2471 3292 praesumpserit]

1394 3293 1843 3382 ῗὲοἳῗίῗὲιρῗῐῖῗέἓῑῖῗέἓ
1864 3294 1919 3372 ἳῖ
1965 3295 2014 3372 ¹1⁵7
2023 3293 2457 3382 fsssstifl‘iss'reeiiri'ifflagn

1394 3383 1469 3425 quis
1484 3384 1515 3416 T
1527 3383 1539 3427 11
1561 3384 1600 3418 18
1614 3382 1818 3416 sanctissimo
1834 3383 1983 3417 ciuitatis
1999 3383 2155 3427 episcopo
2170 3385 2256 3426 libri,
2269 3383 2444 3426 corr-vulq.
2457 3381 2470 3426 11

1398 3429 1439 3462 19
1463 3427 1682 3461 inueniantur
1702 3427 1761 3472 711
1775 3427 1845 3461 illis
1861 3429 1898 3462 in
1920 3428 2002 3461 locis
2021 3429 2052 3462 T
2065 3429 2077 3471 ss
2095 3430 2136 3463 20
2154 3428 2355 3461 defensorem
2378 3427 2470 3459 malit

1398 3472 1629 3517 Osenbriiqyen
1645 3472 1658 3517 11
1676 3474 1716 3507 21
1732 3473 1848 3516 pensio
1869 3473 1923 3518 711
1943 3474 1984 3507 23
1998 3475 2119 3506 etcum
2132 3472 2224 3515 quali
2239 3481 2279 3505 ex
2290 3480 2363 3522 oum
2376 3470 2468 3512 quali

1394 3518 1540 3550 exercitu
1561 3517 1617 3561 711
1635 3519 1679 3552 24
1702 3519 1858 3560 quantam
1882 3518 2101 3560 quantitatem
2125 3517 2225 3560 vul-q]
2249 3517 2469 3558 quantitatem

1394 3571 1492 3604 quam
1513 3563 1545 3595 T
1563 3563 1783 3604 quantitatem
1805 3562 1862 3607 711
1878 3564 1920 3597 29
1937 3564 1988 3604 ex]
2012 3562 2112 3596 etiam
2126 3571 2166 3595 ex
2186 3559 2241 3612 Vl
2257 3560 2300 3611 330
2317 3559 2468 3601 delegata

1392 3608 1482 3648 sunt]
1507 3606 1673 3640 declarata
1688 3610 1766 3640 sunt
1782 3607 1855 3641 siue
1871 3607 2023 3651 delegata
2039 3607 2072 3641 T
2084 3605 2098 3650 Ι
2112 3606 2152 3640 31
2170 3602 2311 3656 mllltlae
2331 3617 2388 3638 om.
2406 3604 2440 3638 T
2456 3603 2468 3649 ΙΙ

1394 3652 1438 3685 36
1450 3652 1630 3685 exercitum
1642 3654 1742 3696 only-J
1756 3652 1946 3695 expeditum
1959 3650 2058 3694 libr-iu
2069 3650 2245 3683 *transitos
2259 3649 2345 3690 libri,
2362 3651 2467 3681 trans-

1394 3696 1498 3730 itibus
1517 3698 1603 3742 vulq.
1622 3697 1635 3742 11
1650 3698 1692 3732 38
1717 3699 1829 3731 nostre
1850 3696 1908 3741 711
1923 3694 2101 3740 applicare]
2124 3692 2173 3726 ibi
2189 3692 2357 3736 applicare
2378 3694 2412 3728 T
