<?xml version="1.0" encoding="UTF-8"?>
<!DOCTYPE html PUBLIC "-//W3C//DTD XHTML 1.0 Transitional//EN"
    "http://www.w3.org/TR/xhtml1/DTD/xhtml1-transitional.dtd">
<html xmlns="http://www.w3.org/1999/xhtml" xml:lang="en" lang="en">
 <head>
  <title>
</title>
<meta http-equiv="Content-Type" content="text/html;charset=utf-8" />
  <meta name='ocr-system' content='tesseract 3.04.00' />
  <meta name='ocr-capabilities' content='ocr_page ocr_carea ocr_par ocr_line ocrx_word'/>
</head>
<body>
  <div class='ocr_page' id='page_1' title='image "./corpusiuriscivil03krueuoft_0529.png"; bbox 0 0 2618 4010; ppageno 0'>
   <div class='ocr_carea' id='block_1_1' title="bbox 148 172 860 207">
    <p class='ocr_par' dir='ltr' id='par_1_1' title="bbox 148 172 860 207">
     <span class='ocr_line' id='line_1_1' title="bbox 148 172 860 207; baseline 0.001 -2"><span class='ocrx_word' id='word_1_1' title='bbox 148 176 207 205; x_wconf 86' lang='lat' dir='ltr'>DE</span> <span class='ocrx_word' id='word_1_2' title='bbox 235 173 523 207; x_wconf 80' lang='lat' dir='ltr'>PROCONSULE</span> <span class='ocrx_word' id='word_1_3' title='bbox 551 172 860 206; x_wconf 82' lang='lat' dir='ltr'>PALAESTINAE</span> 
     </span>
    </p>
   </div>
   <div class='ocr_carea' id='block_1_2' title="bbox 146 269 1224 681">
    <p class='ocr_par' dir='ltr' id='par_1_2' title="bbox 146 269 1224 681">
     <span class='ocr_line' id='line_1_2' title="bbox 147 269 1222 320; baseline -0.001 -12"><span class='ocrx_word' id='word_1_4' title='bbox 147 286 200 308; x_wconf 87' lang='grc' dir='ltr'>τις</span> <span class='ocrx_word' id='word_1_5' title='bbox 217 274 391 309; x_wconf 79' lang='grc' dir='ltr'><strong><em>ἐντεῦθεν</em></strong></span> <span class='ocrx_word' id='word_1_6' title='bbox 413 277 559 320; x_wconf 79' lang='grc' dir='ltr'><strong><em>γένηται</em></strong></span> <span class='ocrx_word' id='word_1_7' title='bbox 583 276 659 307; x_wconf 90' lang='grc' dir='ltr'><strong><em>ταῖς</em></strong></span> <span class='ocrx_word' id='word_1_8' title='bbox 676 273 803 308; x_wconf 84' lang='grc' dir='ltr'><strong><em>πόλεσι</em></strong></span> <span class='ocrx_word' id='word_1_9' title='bbox 827 271 980 320; x_wconf 80' lang='grc' dir='ltr'><strong><em>ταραχή·</em></strong></span> <span class='ocrx_word' id='word_1_10' title='bbox 1005 275 1112 308; x_wconf 72' lang='grc' dir='ltr'><strong><em>τοῦτο</em></strong></span> <span class='ocrx_word' id='word_1_11' title='bbox 1132 269 1222 319; x_wconf 80' lang='grc' dir='ltr'><strong><em>ὅπερ</em></strong></span> 
     </span>
     <span class='ocr_line' id='line_1_3' title="bbox 148 316 1223 365; baseline -0.001 -12"><span class='ocrx_word' id='word_1_12' title='bbox 148 316 211 353; x_wconf 82' lang='grc' dir='ltr'><strong><em>οὐκ</em></strong></span> <span class='ocrx_word' id='word_1_13' title='bbox 235 318 282 354; x_wconf 78' lang='grc' dir='ltr'>ἂν</span> <span class='ocrx_word' id='word_1_14' title='bbox 303 331 394 354; x_wconf 73' lang='grc' dir='ltr'><strong><em>ποτε</em></strong></span> <span class='ocrx_word' id='word_1_15' title='bbox 417 317 671 365; x_wconf 72' lang='grc' dir='ltr'><strong><em>πραχθήσεται</em></strong></span> <span class='ocrx_word' id='word_1_16' title='bbox 695 317 915 354; x_wconf 80' lang='grc' dir='ltr'><strong><em>διοικοῦντος</em></strong></span> <span class='ocrx_word' id='word_1_17' title='bbox 936 322 1004 364; x_wconf 79' lang='grc' dir='ltr'>μὲν</span> <span class='ocrx_word' id='word_1_18' title='bbox 1021 316 1132 353; x_wconf 75' lang='grc' dir='ltr'><strong><em>αὐτοῦ</em></strong></span> <span class='ocrx_word' id='word_1_19' title='bbox 1154 318 1223 362; x_wconf 86' lang='grc' dir='ltr'>τὴν</span> 
     </span>
     <span class='ocr_line' id='line_1_4' title="bbox 147 361 1222 410; baseline -0.002 -11"><span class='ocrx_word' id='word_1_20' title='bbox 147 364 336 408; x_wconf 87' lang='grc' dir='ltr'><strong><em>πολιτικὴν</em></strong></span> <span class='ocrx_word' id='word_1_21' title='bbox 359 361 480 410; x_wconf 82' lang='grc' dir='ltr'><strong><em>ἀρχήν,</em></strong></span> <span class='ocrx_word' id='word_1_22' title='bbox 512 366 751 408; x_wconf 73' lang='grc' dir='ltr'><strong><em>προνοοῦντος</em></strong></span> <span class='ocrx_word' id='word_1_23' title='bbox 776 363 814 399; x_wconf 79' lang='grc' dir='ltr'><strong><em>δὲ</em></strong></span> <span class='ocrx_word' id='word_1_24' title='bbox 838 368 897 398; x_wconf 87' lang='grc' dir='ltr'>καὶ</span> <span class='ocrx_word' id='word_1_25' title='bbox 920 366 983 408; x_wconf 77' lang='grc' dir='ltr'>τῆς</span> <span class='ocrx_word' id='word_1_26' title='bbox 1002 365 1079 398; x_wconf 81' lang='grc' dir='ltr'>τῶν</span> <span class='ocrx_word' id='word_1_27' title='bbox 1104 362 1222 407; x_wconf 89' lang='grc' dir='ltr'><strong><em>[δημο-</em></strong></span> 
     </span>
     <span class='ocr_line' id='line_1_5' title="bbox 147 406 1224 455; baseline -0.003 -11"><span class='ocrx_word' id='word_1_28' title='bbox 147 413 250 451; x_wconf 90' lang='grc' dir='ltr'><strong><em>σίων]</em></strong></span> <span class='ocrx_word' id='word_1_29' title='bbox 282 408 469 444; x_wconf 78' lang='grc' dir='ltr'><strong><em>ὑποτελῶν</em></strong></span> <span class='ocrx_word' id='word_1_30' title='bbox 493 406 667 451; x_wconf 73' lang='grc' dir='ltr'><em>εὐταξίας,</em></span> <span class='ocrx_word' id='word_1_31' title='bbox 692 408 758 452; x_wconf 80' lang='grc' dir='ltr'>τήν</span> <span class='ocrx_word' id='word_1_32' title='bbox 776 423 816 444; x_wconf 87' lang='grc' dir='ltr'>τε</span> <span class='ocrx_word' id='word_1_33' title='bbox 840 412 877 443; x_wconf 79' lang='grc' dir='ltr'><strong><em>ἐκ</em></strong></span> <span class='ocrx_word' id='word_1_34' title='bbox 893 411 970 445; x_wconf 88' lang='grc' dir='ltr'>τῶν</span> <span class='ocrx_word' id='word_1_35' title='bbox 986 410 1224 455; x_wconf 80' lang='grc' dir='ltr'><strong><em>στρατιωτῶν</em></strong></span> 
     </span>
     <span class='ocr_line' id='line_1_6' title="bbox 149 452 1224 499; baseline 0 -12"><span class='ocrx_word' id='word_1_36' title='bbox 149 457 287 497; x_wconf 78' lang='grc' dir='ltr'><strong><em>ἔχοντος</em></strong></span> <span class='ocrx_word' id='word_1_37' title='bbox 307 457 521 499; x_wconf 85' lang='grc' dir='ltr'><strong><em>συμμαχίαν,</em></strong></span> <span class='ocrx_word' id='word_1_38' title='bbox 546 458 605 487; x_wconf 82' lang='grc' dir='ltr'>καὶ</span> <span class='ocrx_word' id='word_1_39' title='bbox 622 455 664 487; x_wconf 81' lang='grc' dir='ltr'>τὸ</span> <span class='ocrx_word' id='word_1_40' title='bbox 683 452 865 498; x_wconf 75' lang='grc' dir='ltr'><strong><em>ἀκοσμοῦν</em></strong></span> <span class='ocrx_word' id='word_1_41' title='bbox 890 457 930 488; x_wconf 77' lang='grc' dir='ltr'>ἔν</span> <span class='ocrx_word' id='word_1_42' title='bbox 952 468 991 489; x_wconf 85' lang='grc' dir='ltr'>τε</span> <span class='ocrx_word' id='word_1_43' title='bbox 1015 452 1134 487; x_wconf 74' lang='grc' dir='ltr'><strong><em>αὐτοῖς</em></strong></span> <span class='ocrx_word' id='word_1_44' title='bbox 1152 455 1224 487; x_wconf 87' lang='grc' dir='ltr'><strong><em>τοῖς</em></strong></span> 
     </span>
     <span class='ocr_line' id='line_1_7' title="bbox 147 497 1221 545; baseline -0.002 -12"><span class='ocrx_word' id='word_1_45' title='bbox 147 498 385 545; x_wconf 79' lang='grc' dir='ltr'><strong><em>στρατιώταις</em></strong></span> <span class='ocrx_word' id='word_1_46' title='bbox 404 502 444 533; x_wconf 73' lang='grc' dir='ltr'>ἔν</span> <span class='ocrx_word' id='word_1_47' title='bbox 459 512 498 533; x_wconf 86' lang='grc' dir='ltr'>τε</span> <span class='ocrx_word' id='word_1_48' title='bbox 514 503 587 533; x_wconf 88' lang='grc' dir='ltr'><strong><em>τοῖς</em></strong></span> <span class='ocrx_word' id='word_1_49' title='bbox 606 499 724 533; x_wconf 73' lang='grc' dir='ltr'><strong><em>ἄλλοις</em></strong></span> <span class='ocrx_word' id='word_1_50' title='bbox 746 498 794 534; x_wconf 75' lang='grc' dir='ltr'>δι’</span> <span class='ocrx_word' id='word_1_51' title='bbox 815 502 962 534; x_wconf 69' lang='grc' dir='ltr'><strong><em>ἐκείνων</em></strong></span> <span class='ocrx_word' id='word_1_52' title='bbox 979 497 1221 534; x_wconf 75' lang='grc' dir='ltr'><strong><em>παιδεύοντος.</em></strong></span> 
     </span>
     <span class='ocr_line' id='line_1_8' title="bbox 146 540 1222 591; baseline -0.004 -11"><span class='ocrx_word' id='word_1_53' title='bbox 146 547 168 580; x_wconf 93' lang='grc'>1</span> <span class='ocrx_word' id='word_1_54' title='bbox 220 545 363 578; x_wconf 79' lang='grc' dir='ltr'><strong><em>ἔσονται</em></strong></span> <span class='ocrx_word' id='word_1_55' title='bbox 398 542 438 578; x_wconf 81' lang='grc' dir='ltr'><strong><em>δὲ</em></strong></span> <span class='ocrx_word' id='word_1_56' title='bbox 469 542 728 591; x_wconf 75' lang='grc' dir='ltr'><strong><em>διακεκριμένοι</em></strong></span> <span class='ocrx_word' id='word_1_57' title='bbox 763 548 835 580; x_wconf 86' lang='grc' dir='ltr'><strong><em>τοῖς</em></strong></span> <span class='ocrx_word' id='word_1_58' title='bbox 871 542 963 579; x_wconf 78' lang='grc' dir='ltr'><strong><em>ὅλοις</em></strong></span> <span class='ocrx_word' id='word_1_59' title='bbox 998 540 1021 578; x_wconf 74' lang='grc' dir='ltr'>δ’</span> <span class='ocrx_word' id='word_1_60' title='bbox 1052 557 1092 578; x_wconf 79' lang='grc' dir='ltr'>τε</span> <span class='ocrx_word' id='word_1_61' title='bbox 1127 547 1222 589; x_wconf 80' lang='grc' dir='ltr'><strong><em>περί-</em></strong></span> 
     </span>
     <span class='ocr_line' id='line_1_9' title="bbox 146 587 1224 634; baseline -0.001 -11"><span class='ocrx_word' id='word_1_62' title='bbox 146 589 298 634; x_wconf 81' lang='grc' dir='ltr'><strong><em>βλεπτος</em></strong></span> <span class='ocrx_word' id='word_1_63' title='bbox 319 591 396 623; x_wconf 87' lang='grc' dir='ltr'>τῶν</span> <span class='ocrx_word' id='word_1_64' title='bbox 413 590 542 624; x_wconf 89' lang='grc' dir='ltr'><strong><em>τόπων</em></strong></span> <span class='ocrx_word' id='word_1_65' title='bbox 568 588 653 631; x_wconf 54' lang='lat' dir='ltr'>Soc}</span> <span class='ocrx_word' id='word_1_66' title='bbox 676 594 735 624; x_wconf 82' lang='grc' dir='ltr'>καὶ</span> <span class='ocrx_word' id='word_1_67' title='bbox 759 588 778 624; x_wconf 80' lang='grc' dir='ltr'>ὁ</span> <span class='ocrx_word' id='word_1_68' title='bbox 805 591 872 634; x_wconf 85' lang='grc' dir='ltr'>τὴν</span> <span class='ocrx_word' id='word_1_69' title='bbox 892 587 1110 625; x_wconf 72' lang='grc' dir='ltr'><strong><em>ἀνθύπατον</em></strong></span> <span class='ocrx_word' id='word_1_70' title='bbox 1129 590 1224 631; x_wconf 76' lang='grc' dir='ltr'><strong><em>ἔχων</em></strong></span> 
     </span>
     <span class='ocr_line' id='line_1_10' title="bbox 146 631 1224 681; baseline -0.002 -13"><span class='ocrx_word' id='word_1_71' title='bbox 146 632 270 680; x_wconf 76' lang='grc' dir='ltr'><strong><em>ἀρχήν.</em></strong></span> <span class='ocrx_word' id='word_1_72' title='bbox 326 638 385 668; x_wconf 84' lang='grc' dir='ltr'>καὶ</span> <span class='ocrx_word' id='word_1_73' title='bbox 408 631 427 669; x_wconf 80' lang='grc' dir='ltr'>ὁ</span> <span class='ocrx_word' id='word_1_74' title='bbox 451 637 518 679; x_wconf 78' lang='grc' dir='ltr'>μὲν</span> <span class='ocrx_word' id='word_1_75' title='bbox 542 633 710 681; x_wconf 74' lang='grc' dir='ltr'><strong><em>ἡγήσεται</em></strong></span> <span class='ocrx_word' id='word_1_76' title='bbox 734 636 972 681; x_wconf 79' lang='grc' dir='ltr'><strong><em>στρατιωτῶν</em></strong></span> <span class='ocrx_word' id='word_1_77' title='bbox 995 648 1034 669; x_wconf 85' lang='grc' dir='ltr'>τε</span> <span class='ocrx_word' id='word_1_78' title='bbox 1057 637 1116 668; x_wconf 81' lang='grc' dir='ltr'>καὶ</span> <span class='ocrx_word' id='word_1_79' title='bbox 1134 633 1224 678; x_wconf 91' lang='grc' dir='ltr'><strong><em>λιμι-</em></strong></span> 
     </span>
    </p>
   </div>
   <div class='ocr_carea' id='block_1_3' title="bbox 1220 158 1303 206">
    <p class='ocr_par' dir='ltr' id='par_1_3' title="bbox 1220 158 1303 206">
     <span class='ocr_line' id='line_1_11' title="bbox 1220 158 1303 206; baseline 0.012 -1"><span class='ocrx_word' id='word_1_80' title='bbox 1220 158 1303 206; x_wconf 84' lang='grc'>499</span> 
     </span>
    </p>
   </div>
   <div class='ocr_carea' id='block_1_4' title="bbox 1979 162 2365 217">
    <p class='ocr_par' dir='ltr' id='par_1_4' title="bbox 1979 162 2365 217">
     <span class='ocr_line' id='line_1_12' title="bbox 1979 162 2365 217; baseline 0.003 -13"><span class='ocrx_word' id='word_1_81' title='bbox 1979 162 2086 204; x_wconf 89' lang='lat' dir='ltr'>Nov.</span> <span class='ocrx_word' id='word_1_82' title='bbox 2119 162 2214 205; x_wconf 88' lang='lat' dir='ltr'>CIII</span> <span class='ocrx_word' id='word_1_83' title='bbox 2245 165 2269 205; x_wconf 82' lang='lat'><strong>3</strong></span> <span class='ocrx_word' id='word_1_84' title='bbox 2300 175 2365 217; x_wconf 85' lang='lat' dir='ltr'>ep.</span> 
     </span>
    </p>
   </div>
   <div class='ocr_carea' id='block_1_5' title="bbox 1260 272 2367 498">
    <p class='ocr_par' dir='ltr' id='par_1_5' title="bbox 1260 272 2367 498">
     <span class='ocr_line' id='line_1_13' title="bbox 1290 272 2367 318; baseline 0.001 -12"><span class='ocrx_word' id='word_1_85' title='bbox 1290 272 1426 308; x_wconf 88' lang='lat' dir='ltr'>tatibus</span> <span class='ocrx_word' id='word_1_86' title='bbox 1460 273 1584 308; x_wconf 89' lang='lat' dir='ltr'>turba:</span> <span class='ocrx_word' id='word_1_87' title='bbox 1629 272 1724 316; x_wconf 88' lang='lat' dir='ltr'>quod</span> <span class='ocrx_word' id='word_1_88' title='bbox 1758 282 1948 316; x_wconf 88' lang='lat' dir='ltr'><strong>numquam</strong></span> <span class='ocrx_word' id='word_1_89' title='bbox 1989 274 2106 318; x_wconf 84' lang='lat' dir='ltr'>agitur</span> <span class='ocrx_word' id='word_1_90' title='bbox 2146 273 2367 317; x_wconf 84' lang='lat' dir='ltr'>gubernante</span> 
     </span>
     <span class='ocr_line' id='line_1_14' title="bbox 1291 317 2366 362; baseline 0.002 -11"><span class='ocrx_word' id='word_1_91' title='bbox 1291 317 1432 361; x_wconf 87' lang='lat' dir='ltr'>quidem</span> <span class='ocrx_word' id='word_1_92' title='bbox 1457 329 1498 353; x_wconf 89' lang='lat' dir='ltr'>eo</span> <span class='ocrx_word' id='word_1_93' title='bbox 1523 317 1658 353; x_wconf 90' lang='lat' dir='ltr'>civilem</span> <span class='ocrx_word' id='word_1_94' title='bbox 1681 317 2032 360; x_wconf 81' lang='lat' dir='ltr'>administrationem,</span> <span class='ocrx_word' id='word_1_95' title='bbox 2057 318 2264 362; x_wconf 82' lang='lat' dir='ltr'>providente</span> <span class='ocrx_word' id='word_1_96' title='bbox 2283 328 2366 353; x_wconf 89' lang='lat' dir='ltr'>vero</span> 
     </span>
     <span class='ocr_line' id='line_1_15' title="bbox 1291 362 2367 407; baseline 0.001 -11"><span class='ocrx_word' id='word_1_97' title='bbox 1291 362 1397 396; x_wconf 90' lang='lat' dir='ltr'>etiam</span> <span class='ocrx_word' id='word_1_98' title='bbox 1422 364 1630 398; x_wconf 89' lang='lat' dir='ltr'>collatorum</span> <span class='ocrx_word' id='word_1_99' title='bbox 1655 362 1879 407; x_wconf 85' lang='lat' dir='ltr'>disciplinae,</span> <span class='ocrx_word' id='word_1_100' title='bbox 1910 366 1945 398; x_wconf 89' lang='lat' dir='ltr'>et</span> <span class='ocrx_word' id='word_1_101' title='bbox 1970 374 1991 398; x_wconf 89' lang='lat' dir='ltr'>a</span> <span class='ocrx_word' id='word_1_102' title='bbox 2014 363 2182 398; x_wconf 84' lang='lat' dir='ltr'>militibus</span> <span class='ocrx_word' id='word_1_103' title='bbox 2212 364 2367 399; x_wconf 83' lang='lat' dir='ltr'>habente</span> 
     </span>
     <span class='ocr_line' id='line_1_16' title="bbox 1293 407 2367 454; baseline 0.003 -13"><span class='ocrx_word' id='word_1_104' title='bbox 1293 407 1475 451; x_wconf 88' lang='lat' dir='ltr'>solacium,</span> <span class='ocrx_word' id='word_1_105' title='bbox 1502 412 1537 443; x_wconf 90' lang='lat' dir='ltr'>et</span> <span class='ocrx_word' id='word_1_106' title='bbox 1553 408 1646 453; x_wconf 88' lang='lat' dir='ltr'>quod</span> <span class='ocrx_word' id='word_1_107' title='bbox 1668 408 1742 442; x_wconf 90' lang='lat' dir='ltr'>sine</span> <span class='ocrx_word' id='word_1_108' title='bbox 1764 410 1970 442; x_wconf 88' lang='lat' dir='ltr'>ornamento</span> <span class='ocrx_word' id='word_1_109' title='bbox 1992 412 2046 443; x_wconf 89' lang='lat' dir='ltr'>est</span> <span class='ocrx_word' id='word_1_110' title='bbox 2062 411 2135 443; x_wconf 90' lang='lat' dir='ltr'>tam</span> <span class='ocrx_word' id='word_1_111' title='bbox 2158 409 2250 444; x_wconf 87' lang='lat' dir='ltr'>inter</span> <span class='ocrx_word' id='word_1_112' title='bbox 2270 409 2367 454; x_wconf 88' lang='lat' dir='ltr'>ipsos</span> 
     </span>
     <span class='ocr_line' id='line_1_17' title="bbox 1260 452 2218 498; baseline 0 -10"><span class='ocrx_word' id='word_1_113' title='bbox 1260 452 1419 489; x_wconf 83' lang='lat' dir='ltr'>5milites</span> <span class='ocrx_word' id='word_1_114' title='bbox 1444 464 1549 498; x_wconf 86' lang='lat' dir='ltr'>quam</span> <span class='ocrx_word' id='word_1_115' title='bbox 1573 454 1666 488; x_wconf 88' lang='lat' dir='ltr'>inter</span> <span class='ocrx_word' id='word_1_116' title='bbox 1689 453 1777 487; x_wconf 88' lang='lat' dir='ltr'>alios</span> <span class='ocrx_word' id='word_1_117' title='bbox 1803 463 1867 496; x_wconf 86' lang='lat' dir='ltr'>por</span> <span class='ocrx_word' id='word_1_118' title='bbox 1890 453 1970 487; x_wconf 88' lang='lat' dir='ltr'>illos</span> <span class='ocrx_word' id='word_1_119' title='bbox 1996 454 2218 498; x_wconf 82' lang='lat' dir='ltr'>corripiente.</span> 
     </span>
    </p>
   </div>
   <div class='ocr_carea' id='block_1_6' title="bbox 1291 542 2367 679">
    <p class='ocr_par' dir='ltr' id='par_1_6' title="bbox 1291 542 2367 679">
     <span class='ocr_line' id='line_1_18' title="bbox 1292 542 2365 587; baseline 0 -9"><span class='ocrx_word' id='word_1_120' title='bbox 1292 545 1314 579; x_wconf 90' lang='lat'>1</span> <span class='ocrx_word' id='word_1_121' title='bbox 1361 543 1480 578; x_wconf 87' lang='lat' dir='ltr'>Erunt</span> <span class='ocrx_word' id='word_1_122' title='bbox 1511 546 1629 579; x_wconf 88' lang='lat' dir='ltr'>autem</span> <span class='ocrx_word' id='word_1_123' title='bbox 1662 543 1806 579; x_wconf 87' lang='lat' dir='ltr'>discreti</span> <span class='ocrx_word' id='word_1_124' title='bbox 1836 542 1999 577; x_wconf 90' lang='lat' dir='ltr'>omnibus</span> <span class='ocrx_word' id='word_1_125' title='bbox 2031 544 2235 587; x_wconf 87' lang='lat' dir='ltr'>spectabilis</span> <span class='ocrx_word' id='word_1_126' title='bbox 2271 545 2365 578; x_wconf 92' lang='lat' dir='ltr'>loco-</span> 
     </span>
     <span class='ocr_line' id='line_1_19' title="bbox 1291 587 2367 634; baseline 0.001 -12"><span class='ocrx_word' id='word_1_127' title='bbox 1291 599 1369 623; x_wconf 89' lang='lat' dir='ltr'>rum</span> <span class='ocrx_word' id='word_1_128' title='bbox 1401 589 1471 624; x_wconf 84' lang='lat' dir='ltr'>dux</span> <span class='ocrx_word' id='word_1_129' title='bbox 1502 593 1538 624; x_wconf 86' lang='lat' dir='ltr'>et</span> <span class='ocrx_word' id='word_1_130' title='bbox 1569 589 1794 634; x_wconf 83' lang='lat' dir='ltr'>proconsulis</span> <span class='ocrx_word' id='word_1_131' title='bbox 1825 588 1960 622; x_wconf 88' lang='lat' dir='ltr'>habens</span> <span class='ocrx_word' id='word_1_132' title='bbox 1994 587 2182 632; x_wconf 83' lang='lat' dir='ltr'>cingulum.</span> <span class='ocrx_word' id='word_1_133' title='bbox 2231 589 2280 623; x_wconf 86' lang='lat' dir='ltr'>Et</span> <span class='ocrx_word' id='word_1_134' title='bbox 2308 589 2367 623; x_wconf 91' lang='lat' dir='ltr'>ille</span> 
     </span>
     <span class='ocr_line' id='line_1_20' title="bbox 1292 633 2367 679; baseline 0 -11"><span class='ocrx_word' id='word_1_135' title='bbox 1292 634 1432 677; x_wconf 87' lang='lat' dir='ltr'>quidem</span> <span class='ocrx_word' id='word_1_136' title='bbox 1456 635 1610 679; x_wconf 84' lang='lat' dir='ltr'>praeerit</span> <span class='ocrx_word' id='word_1_137' title='bbox 1633 634 1804 669; x_wconf 85' lang='lat' dir='ltr'>militibus</span> <span class='ocrx_word' id='word_1_138' title='bbox 1835 637 1871 667; x_wconf 88' lang='lat' dir='ltr'>et</span> <span class='ocrx_word' id='word_1_139' title='bbox 1894 633 2080 668; x_wconf 82' lang='lat' dir='ltr'>limitaneis</span> <span class='ocrx_word' id='word_1_140' title='bbox 2111 636 2146 668; x_wconf 88' lang='lat' dir='ltr'>et</span> <span class='ocrx_word' id='word_1_141' title='bbox 2175 633 2367 669; x_wconf 88' lang='lat' dir='ltr'>foederatis</span> 
     </span>
    </p>
   </div>
   <div class='ocr_carea' id='block_1_7' title="bbox 145 678 2366 731">
    <p class='ocr_par' dir='ltr' id='par_1_7' title="bbox 145 678 2366 731">
     <span class='ocr_line' id='line_1_21' title="bbox 145 678 2366 731; baseline 0 -18"><span class='ocrx_word' id='word_1_142' title='bbox 145 682 287 713; x_wconf 83' lang='grc' dir='ltr'><strong><em>τανέων</em></strong></span> <span class='ocrx_word' id='word_1_143' title='bbox 321 683 381 714; x_wconf 86' lang='grc' dir='ltr'>καὶ</span> <span class='ocrx_word' id='word_1_144' title='bbox 414 678 642 726; x_wconf 81' lang='grc' dir='ltr'><strong><em>φοιδερατων</em></strong></span> <span class='ocrx_word' id='word_1_145' title='bbox 673 684 732 714; x_wconf 81' lang='grc' dir='ltr'>καὶ</span> <span class='ocrx_word' id='word_1_146' title='bbox 765 683 794 715; x_wconf 79' lang='grc' dir='ltr'><strong><em>εἱ</em></strong></span> <span class='ocrx_word' id='word_1_147' title='bbox 823 695 859 715; x_wconf 88' lang='grc' dir='ltr'>τι</span> <span class='ocrx_word' id='word_1_148' title='bbox 889 680 981 714; x_wconf 86' lang='grc' dir='ltr'><strong><em>κατὰ</em></strong></span> <span class='ocrx_word' id='word_1_149' title='bbox 1010 679 1078 723; x_wconf 80' lang='grc' dir='ltr'>τὴν</span> <span class='ocrx_word' id='word_1_150' title='bbox 1100 680 1328 731; x_wconf 63' lang='grc' dir='ltr'><strong><em>χώραν1ῡεε</em></strong></span> <span class='ocrx_word' id='word_1_151' title='bbox 1351 680 1517 724; x_wconf 87' lang='lat' dir='ltr'>quicquid</span> <span class='ocrx_word' id='word_1_152' title='bbox 1548 680 1586 714; x_wconf 92' lang='lat' dir='ltr'>in</span> <span class='ocrx_word' id='word_1_153' title='bbox 1618 679 1800 724; x_wconf 91' lang='lat' dir='ltr'>provincia</span> <span class='ocrx_word' id='word_1_154' title='bbox 1831 682 2006 713; x_wconf 84' lang='lat' dir='ltr'>armatum</span> <span class='ocrx_word' id='word_1_155' title='bbox 2038 679 2179 714; x_wconf 90' lang='lat' dir='ltr'>omnino</span> <span class='ocrx_word' id='word_1_156' title='bbox 2206 683 2274 722; x_wconf 89' lang='lat' dir='ltr'>est,</span> <span class='ocrx_word' id='word_1_157' title='bbox 2306 689 2366 714; x_wconf 80' lang='lat' dir='ltr'>ex-</span> 
     </span>
    </p>
   </div>
   <div class='ocr_carea' id='block_1_8' title="bbox 686 726 692 735">
    <p class='ocr_par' dir='ltr' id='par_1_8' title="bbox 686 726 692 735">
     <span class='ocr_line' id='line_1_22' title="bbox 686 726 692 735; baseline 0 0"><span class='ocrx_word' id='word_1_158' title='bbox 686 726 692 735; x_wconf 61' lang='grc' dir='ltr'><strong><em>κ</em></strong></span> 
     </span>
    </p>
   </div>
   <div class='ocr_carea' id='block_1_9' title="bbox 144 721 1224 917">
    <p class='ocr_par' dir='ltr' id='par_1_9' title="bbox 145 721 1221 770">
     <span class='ocr_line' id='line_1_23' title="bbox 145 721 1221 770; baseline -0.001 -12"><span class='ocrx_word' id='word_1_159' title='bbox 145 721 337 759; x_wconf 80' lang='grc' dir='ltr'><strong><em>ὁπλιτικὸν</em></strong></span> <span class='ocrx_word' id='word_1_160' title='bbox 372 722 465 759; x_wconf 80' lang='grc' dir='ltr'><strong><em>ὅλως</em></strong></span> <span class='ocrx_word' id='word_1_161' title='bbox 499 728 591 768; x_wconf 81' lang='grc' dir='ltr'><strong><em>ἐστί,</em></strong></span> <span class='ocrx_word' id='word_1_162' title='bbox 630 725 676 760; x_wconf 89' lang='grc' dir='ltr'>πλ</span> <span class='ocrx_word' id='word_1_163' title='bbox 702 740 721 759; x_wconf 89' lang='grc' dir='ltr'>ν</span> <span class='ocrx_word' id='word_1_164' title='bbox 755 728 831 760; x_wconf 84' lang='grc' dir='ltr'>τῶν</span> <span class='ocrx_word' id='word_1_165' title='bbox 867 723 1132 770; x_wconf 72' lang='grc' dir='ltr'><strong><em>ἀφωρισμένων</em></strong></span> <span class='ocrx_word' id='word_1_166' title='bbox 1168 737 1221 766; x_wconf 86' lang='grc' dir='ltr'>τῳ</span> 
     </span>
    </p>

    <p class='ocr_par' dir='ltr' id='par_1_10' title="bbox 146 740 1224 816">
     <span class='ocr_line' id='line_1_24' title="bbox 146 740 1224 816; baseline -0.001 -13"><span class='ocrx_word' id='word_1_167' title='bbox 146 766 352 813; x_wconf 80' lang='grc' dir='ltr'><strong><em>ἀνθυπάτῳ</em></strong></span> <span class='ocrx_word' id='word_1_168' title='bbox 370 773 621 816; x_wconf 83' lang='grc' dir='ltr'><strong><em>στρατιωτῶν,</em></strong></span> <span class='ocrx_word' id='word_1_169' title='bbox 643 770 662 804; x_wconf 85' lang='grc' dir='ltr'><em>ὁ</em></span> <span class='ocrx_word' id='word_1_170' title='bbox 679 740 721 804; x_wconf 63' lang='grc' dir='ltr'><strong><em>δὲ</em></strong></span> <span class='ocrx_word' id='word_1_171' title='bbox 736 771 804 814; x_wconf 84' lang='grc' dir='ltr'>τὴν</span> <span class='ocrx_word' id='word_1_172' title='bbox 820 769 911 816; x_wconf 74' lang='grc' dir='ltr'><strong><em>’ὑπὲρ</em></strong></span> <span class='ocrx_word' id='word_1_173' title='bbox 931 771 1007 804; x_wconf 88' lang='grc' dir='ltr'>τῶν</span> <span class='ocrx_word' id='word_1_174' title='bbox 1025 768 1224 804; x_wconf 75' lang='grc' dir='ltr'><strong><em>πολιτικῶν</em></strong></span> 
     </span>
    </p>

    <p class='ocr_par' dir='ltr' id='par_1_11' title="bbox 145 812 1222 862">
     <span class='ocr_line' id='line_1_25' title="bbox 145 812 1222 862; baseline -0.001 -14"><span class='ocrx_word' id='word_1_175' title='bbox 145 816 349 860; x_wconf 83' lang='grc' dir='ltr'><strong><em>προςῶπων</em></strong></span> <span class='ocrx_word' id='word_1_176' title='bbox 373 830 412 849; x_wconf 87' lang='grc' dir='ltr'>τε</span> <span class='ocrx_word' id='word_1_177' title='bbox 432 819 491 849; x_wconf 84' lang='grc' dir='ltr'>καὶ</span> <span class='ocrx_word' id='word_1_178' title='bbox 510 815 734 862; x_wconf 75' lang='grc' dir='ltr'><strong><em>πραγμάτων</em></strong></span> <span class='ocrx_word' id='word_1_179' title='bbox 754 819 814 850; x_wconf 84' lang='grc' dir='ltr'>καὶ</span> <span class='ocrx_word' id='word_1_180' title='bbox 833 813 1142 861; x_wconf 84' lang='grc' dir='ltr'><strong><em>προςεδρευόντων</em></strong></span> <span class='ocrx_word' id='word_1_181' title='bbox 1163 812 1222 848; x_wconf 81' lang='grc' dir='ltr'>αὗ-</span> 
     </span>
    </p>

    <p class='ocr_par' dir='ltr' id='par_1_12' title="bbox 144 858 1223 917">
     <span class='ocr_line' id='line_1_26' title="bbox 144 858 1223 907; baseline -0.001 -13"><span class='ocrx_word' id='word_1_182' title='bbox 144 861 197 902; x_wconf 79' lang='grc' dir='ltr'><em>τῷ</em></span> <span class='ocrx_word' id='word_1_183' title='bbox 222 862 462 905; x_wconf 81' lang='grc' dir='ltr'><strong><em>στρατιωτῶν</em></strong></span> <span class='ocrx_word' id='word_1_184' title='bbox 486 861 556 901; x_wconf 80' lang='grc' dir='ltr'><strong><em>ἕξει</em></strong></span> <span class='ocrx_word' id='word_1_185' title='bbox 581 861 759 907; x_wconf 80' lang='grc' dir='ltr'><strong><em>πρόνοιάν</em></strong></span> <span class='ocrx_word' id='word_1_186' title='bbox 788 875 827 895; x_wconf 90' lang='grc' dir='ltr'>τε</span> <span class='ocrx_word' id='word_1_187' title='bbox 851 865 909 895; x_wconf 85' lang='grc' dir='ltr'>καὶ</span> <span class='ocrx_word' id='word_1_188' title='bbox 933 858 1105 906; x_wconf 82' lang='grc' dir='ltr'><strong><em>φυλακήν.</em></strong></span> <span class='ocrx_word' id='word_1_189' title='bbox 1154 861 1223 902; x_wconf 91' lang='grc' dir='ltr'><strong><em>Δη-</em></strong></span> 
     </span>
     <span class='ocr_line' id='line_1_27' title="bbox 800 907 808 917; baseline 0 0"><span class='ocrx_word' id='word_1_190' title='bbox 800 907 808 917; x_wconf 66' lang='lat'><strong>³</strong></span> 
     </span>
    </p>
   </div>
   <div class='ocr_carea' id='block_1_10' title="bbox 1291 723 2368 895">
    <p class='ocr_par' dir='ltr' id='par_1_13' title="bbox 1291 723 2368 895">
     <span class='ocr_line' id='line_1_28' title="bbox 1293 723 2368 769; baseline 0.001 -12"><span class='ocrx_word' id='word_1_191' title='bbox 1293 725 1405 768; x_wconf 85' lang='lat' dir='ltr'>ceptis</span> <span class='ocrx_word' id='word_1_192' title='bbox 1442 726 1502 769; x_wconf 90' lang='lat' dir='ltr'>qui</span> <span class='ocrx_word' id='word_1_193' title='bbox 1534 724 1695 769; x_wconf 89' lang='lat' dir='ltr'>deputati</span> <span class='ocrx_word' id='word_1_194' title='bbox 1729 727 1812 759; x_wconf 88' lang='lat' dir='ltr'>sunt</span> <span class='ocrx_word' id='word_1_195' title='bbox 1847 723 2052 768; x_wconf 82' lang='lat' dir='ltr'>proconsuli</span> <span class='ocrx_word' id='word_1_196' title='bbox 2087 724 2274 766; x_wconf 83' lang='lat' dir='ltr'>militibus,</span> <span class='ocrx_word' id='word_1_197' title='bbox 2310 724 2368 758; x_wconf 89' lang='lat' dir='ltr'>ille</span> 
     </span>
     <span class='ocr_line' id='line_1_29' title="bbox 1291 768 2367 814; baseline 0 -11"><span class='ocrx_word' id='word_1_198' title='bbox 1291 779 1373 803; x_wconf 87' lang='lat' dir='ltr'>vero</span> <span class='ocrx_word' id='word_1_199' title='bbox 1406 781 1470 814; x_wconf 89' lang='lat' dir='ltr'>pro</span> <span class='ocrx_word' id='word_1_200' title='bbox 1496 770 1656 805; x_wconf 88' lang='lat' dir='ltr'>civilibus</span> <span class='ocrx_word' id='word_1_201' title='bbox 1681 768 1843 813; x_wconf 87' lang='lat' dir='ltr'>personis</span> <span class='ocrx_word' id='word_1_202' title='bbox 1875 770 1983 813; x_wconf 86' lang='lat' dir='ltr'>atque</span> <span class='ocrx_word' id='word_1_203' title='bbox 2005 769 2156 811; x_wconf 85' lang='lat' dir='ltr'>negotiis</span> <span class='ocrx_word' id='word_1_204' title='bbox 2190 774 2225 804; x_wconf 87' lang='lat' dir='ltr'>et</span> <span class='ocrx_word' id='word_1_205' title='bbox 2247 770 2367 805; x_wconf 87' lang='lat' dir='ltr'>obser-</span> 
     </span>
     <span class='ocr_line' id='line_1_30' title="bbox 1292 814 2368 859; baseline 0 -11"><span class='ocrx_word' id='word_1_206' title='bbox 1292 815 1456 850; x_wconf 90' lang='lat' dir='ltr'>vantibus</span> <span class='ocrx_word' id='word_1_207' title='bbox 1482 815 1548 849; x_wconf 88' lang='lat' dir='ltr'>sibi</span> <span class='ocrx_word' id='word_1_208' title='bbox 1572 815 1742 849; x_wconf 79' lang='lat' dir='ltr'>militibus</span> <span class='ocrx_word' id='word_1_209' title='bbox 1766 814 1913 849; x_wconf 82' lang='lat' dir='ltr'>habebit</span> <span class='ocrx_word' id='word_1_210' title='bbox 1943 814 2200 859; x_wconf 87' lang='lat' dir='ltr'>providentiam</span> <span class='ocrx_word' id='word_1_211' title='bbox 2225 818 2260 850; x_wconf 91' lang='lat' dir='ltr'>et</span> <span class='ocrx_word' id='word_1_212' title='bbox 2283 824 2368 849; x_wconf 91' lang='lat' dir='ltr'>cau-</span> 
     </span>
     <span class='ocr_line' id='line_1_31' title="bbox 1291 859 2368 895; baseline -0.001 -1"><span class='ocrx_word' id='word_1_213' title='bbox 1291 860 1410 895; x_wconf 86' lang='lat' dir='ltr'>telam.</span> <span class='ocrx_word' id='word_1_214' title='bbox 1459 860 1687 895; x_wconf 90' lang='lat' dir='ltr'>Publicorum</span> <span class='ocrx_word' id='word_1_215' title='bbox 1710 862 1830 894; x_wconf 86' lang='lat' dir='ltr'>tamen</span> <span class='ocrx_word' id='word_1_216' title='bbox 1861 859 2075 894; x_wconf 89' lang='lat' dir='ltr'>tributorum</span> <span class='ocrx_word' id='word_1_217' title='bbox 2099 870 2209 895; x_wconf 87' lang='lat' dir='ltr'>causa</span> <span class='ocrx_word' id='word_1_218' title='bbox 2235 860 2291 895; x_wconf 88' lang='lat' dir='ltr'>vel</span> <span class='ocrx_word' id='word_1_219' title='bbox 2314 869 2368 894; x_wconf 90' lang='lat' dir='ltr'>se-</span> 
     </span>
    </p>
   </div>
   <div class='ocr_carea' id='block_1_11' title="bbox 144 903 2369 952">
    <p class='ocr_par' dir='ltr' id='par_1_14' title="bbox 144 903 2369 952">
     <span class='ocr_line' id='line_1_32' title="bbox 144 903 2369 952; baseline 0 -14"><span class='ocrx_word' id='word_1_220' title='bbox 144 910 285 949; x_wconf 83' lang='grc' dir='ltr'><strong><em>μοσίων</em></strong></span> <span class='ocrx_word' id='word_1_221' title='bbox 319 910 444 949; x_wconf 79' lang='grc' dir='ltr'><strong><em>μέντοι</em></strong></span> <span class='ocrx_word' id='word_1_222' title='bbox 481 908 607 952; x_wconf 80' lang='grc' dir='ltr'><strong><em>φόρων</em></strong></span> <span class='ocrx_word' id='word_1_223' title='bbox 638 908 758 940; x_wconf 79' lang='grc' dir='ltr'><strong><em>ἕνεκεν</em></strong></span> <span class='ocrx_word' id='word_1_224' title='bbox 793 906 815 949; x_wconf 77' lang='grc' dir='ltr'><strong><em>η</em></strong></span> <span class='ocrx_word' id='word_1_225' title='bbox 847 908 1006 940; x_wconf 80' lang='grc' dir='ltr'><strong><em>στάσεως</em></strong></span> <span class='ocrx_word' id='word_1_226' title='bbox 1035 903 1225 949; x_wconf 69' lang='grc' dir='ltr'><strong><em>δημοτικῆς</em></strong></span> <span class='ocrx_word' id='word_1_227' title='bbox 1239 908 1279 940; x_wconf 82' lang='lat'>15</span> <span class='ocrx_word' id='word_1_228' title='bbox 1293 904 1433 940; x_wconf 89' lang='lat' dir='ltr'>ditionis</span> <span class='ocrx_word' id='word_1_229' title='bbox 1454 905 1620 949; x_wconf 89' lang='lat' dir='ltr'>publicae</span> <span class='ocrx_word' id='word_1_230' title='bbox 1643 905 1762 940; x_wconf 90' lang='lat' dir='ltr'>nullus</span> <span class='ocrx_word' id='word_1_231' title='bbox 1785 905 1982 949; x_wconf 82' lang='lat' dir='ltr'>excipietur</span> <span class='ocrx_word' id='word_1_232' title='bbox 2001 905 2142 940; x_wconf 87' lang='lat' dir='ltr'>omnino</span> <span class='ocrx_word' id='word_1_233' title='bbox 2164 904 2369 950; x_wconf 82' lang='lat' dir='ltr'>spectabilis</span> 
     </span>
    </p>
   </div>
   <div class='ocr_carea' id='block_1_12' title="bbox 145 948 1225 1356">
    <p class='ocr_par' dir='ltr' id='par_1_15' title="bbox 145 948 1225 1356">
     <span class='ocr_line' id='line_1_33' title="bbox 145 948 1224 996; baseline -0.001 -12"><span class='ocrx_word' id='word_1_234' title='bbox 145 948 260 984; x_wconf 75' lang='grc' dir='ltr'><strong><em>σι’-δεὶς</em></strong></span> <span class='ocrx_word' id='word_1_235' title='bbox 284 949 558 996; x_wconf 66' lang='grc' dir='ltr'><strong><em>ἐξαιρεθήσεται</em></strong></span> <span class='ocrx_word' id='word_1_236' title='bbox 589 951 775 986; x_wconf 79' lang='grc' dir='ltr'><strong><em>παντελῶς</em></strong></span> <span class='ocrx_word' id='word_1_237' title='bbox 805 953 867 994; x_wconf 81' lang='grc' dir='ltr'>τῆς</span> <span class='ocrx_word' id='word_1_238' title='bbox 896 952 960 986; x_wconf 73' lang='grc' dir='ltr'>τοῦ</span> <span class='ocrx_word' id='word_1_239' title='bbox 985 949 1224 996; x_wconf 70' lang='grc' dir='ltr'><strong><em>περιβλέπτου</em></strong></span> 
     </span>
     <span class='ocr_line' id='line_1_34' title="bbox 145 994 1225 1041; baseline 0 -13"><span class='ocrx_word' id='word_1_240' title='bbox 145 994 365 1030; x_wconf 63' lang='grc' dir='ltr'><strong><em>ἀνθυπάτου</em></strong></span> <span class='ocrx_word' id='word_1_241' title='bbox 390 995 649 1039; x_wconf 85' lang='grc' dir='ltr'><strong><em>δικαιοδοσίας,</em></strong></span> <span class='ocrx_word' id='word_1_242' title='bbox 675 995 765 1030; x_wconf 84' lang='grc' dir='ltr'><strong><em>ἀλλὰ</em></strong></span> <span class='ocrx_word' id='word_1_243' title='bbox 791 996 944 1031; x_wconf 86' lang='grc' dir='ltr'><strong><em>πάντων</em></strong></span> <span class='ocrx_word' id='word_1_244' title='bbox 969 995 1085 1041; x_wconf 79' lang='grc' dir='ltr'><strong><em>ἄρξει,</em></strong></span> <span class='ocrx_word' id='word_1_245' title='bbox 1110 996 1225 1030; x_wconf 87' lang='grc' dir='ltr'><strong><em>πᾶσιν</em></strong></span> 
     </span>
     <span class='ocr_line' id='line_1_35' title="bbox 147 1039 1225 1085; baseline -0.001 -12"><span class='ocrx_word' id='word_1_246' title='bbox 147 1040 327 1083; x_wconf 80' lang='grc' dir='ltr'><strong><em>ἐπιτάξει,</em></strong></span> <span class='ocrx_word' id='word_1_247' title='bbox 360 1045 420 1075; x_wconf 84' lang='grc' dir='ltr'>καὶ</span> <span class='ocrx_word' id='word_1_248' title='bbox 451 1039 565 1076; x_wconf 78' lang='grc' dir='ltr'><strong><em>οὐδεὶς</em></strong></span> <span class='ocrx_word' id='word_1_249' title='bbox 589 1040 844 1085; x_wconf 70' lang='grc' dir='ltr'><strong><em>ἀντιστήσεται</em></strong></span> <span class='ocrx_word' id='word_1_250' title='bbox 873 1045 950 1076; x_wconf 89' lang='grc' dir='ltr'><strong><em>ταῖς</em></strong></span> <span class='ocrx_word' id='word_1_251' title='bbox 980 1040 1225 1075; x_wconf 77' lang='grc' dir='ltr'><strong><em>διατυπῶσεσι</em></strong></span> 
     </span>
     <span class='ocr_line' id='line_1_36' title="bbox 145 1083 1224 1132; baseline -0.001 -13"><span class='ocrx_word' id='word_1_252' title='bbox 145 1090 222 1120; x_wconf 85' lang='grc' dir='ltr'><strong><em>ταῖς</em></strong></span> <span class='ocrx_word' id='word_1_253' title='bbox 254 1083 364 1120; x_wconf 67' lang='grc' dir='ltr'><strong><em>αὐτοῦ</em></strong></span> <span class='ocrx_word' id='word_1_254' title='bbox 401 1084 485 1120; x_wconf 63' lang='grc' dir='ltr'><strong><em>οὐδὲ</em></strong></span> <span class='ocrx_word' id='word_1_255' title='bbox 517 1087 586 1127; x_wconf 75' lang='grc' dir='ltr'><strong><em>ἕξει</em></strong></span> <span class='ocrx_word' id='word_1_256' title='bbox 618 1088 805 1132; x_wconf 85' lang='grc' dir='ltr'><strong><em>πρόφασιν</em></strong></span> <span class='ocrx_word' id='word_1_257' title='bbox 835 1084 1006 1131; x_wconf 76' lang='grc' dir='ltr'><strong><em>οὐδεμίαν</em></strong></span> <span class='ocrx_word' id='word_1_258' title='bbox 1038 1084 1060 1129; x_wconf 78' lang='grc' dir='ltr'><em>ἢ</em></span> <span class='ocrx_word' id='word_1_259' title='bbox 1089 1085 1130 1119; x_wconf 84' lang='grc' dir='ltr'>τὸ</span> <span class='ocrx_word' id='word_1_260' title='bbox 1165 1083 1224 1127; x_wconf 91' lang='grc' dir='ltr'>δη-</span> 
     </span>
     <span class='ocr_line' id='line_1_37' title="bbox 145 1129 567 1176; baseline 0.007 -13"><span class='ocrx_word' id='word_1_261' title='bbox 145 1129 276 1175; x_wconf 83' lang='grc' dir='ltr'><strong><em>μόσιον</em></strong></span> <span class='ocrx_word' id='word_1_262' title='bbox 300 1129 514 1176; x_wconf 75' lang='grc' dir='ltr'><strong><em>ἀποστερεῖν</em></strong></span> <span class='ocrx_word' id='word_1_263' title='bbox 547 1132 567 1175; x_wconf 68' lang='grc' dir='ltr'><em>ἢ</em></span> 
     </span>
     <span class='ocr_line' id='line_1_38' title="bbox 146 1173 1225 1222; baseline -0.001 -13"><span class='ocrx_word' id='word_1_264' title='bbox 146 1176 307 1210; x_wconf 84' lang='grc' dir='ltr'><strong><em>στάσεως</em></strong></span> <span class='ocrx_word' id='word_1_265' title='bbox 324 1177 494 1221; x_wconf 77' lang='grc' dir='ltr'><strong><em>ἐξάρχων,</em></strong></span> <span class='ocrx_word' id='word_1_266' title='bbox 513 1175 596 1211; x_wconf 75' lang='grc' dir='ltr'><strong><em>οὐδὲ</em></strong></span> <span class='ocrx_word' id='word_1_267' title='bbox 610 1177 779 1222; x_wconf 80' lang='grc' dir='ltr'><strong><em>χρήσεται</em></strong></span> <span class='ocrx_word' id='word_1_268' title='bbox 795 1176 878 1211; x_wconf 77' lang='grc' dir='ltr'><strong><em>οὔτε</em></strong></span> <span class='ocrx_word' id='word_1_269' title='bbox 896 1176 1010 1220; x_wconf 78' lang='grc' dir='ltr'><strong><em>ζώνης</em></strong></span> <span class='ocrx_word' id='word_1_270' title='bbox 1025 1175 1108 1210; x_wconf 77' lang='grc' dir='ltr'><strong><em>οὔτε</em></strong></span> <span class='ocrx_word' id='word_1_271' title='bbox 1125 1173 1225 1216; x_wconf 77' lang='grc' dir='ltr'><strong><em>ἀξίας</em></strong></span> 
     </span>
     <span class='ocr_line' id='line_1_39' title="bbox 146 1220 1223 1267; baseline 0 -13"><span class='ocrx_word' id='word_1_272' title='bbox 146 1221 228 1255; x_wconf 72' lang='grc' dir='ltr'><strong><em>οὔτε</em></strong></span> <span class='ocrx_word' id='word_1_273' title='bbox 261 1220 453 1266; x_wconf 71' lang='grc' dir='ltr'><strong><em>ἱερωσύνης</em></strong></span> <span class='ocrx_word' id='word_1_274' title='bbox 487 1221 570 1256; x_wconf 75' lang='grc' dir='ltr'><strong><em>οὔτε</em></strong></span> <span class='ocrx_word' id='word_1_275' title='bbox 602 1223 721 1267; x_wconf 79' lang='grc' dir='ltr'><strong><em>ἑτέρας</em></strong></span> <span class='ocrx_word' id='word_1_276' title='bbox 752 1222 850 1256; x_wconf 77' lang='grc' dir='ltr'><strong><em>τινος</em></strong></span> <span class='ocrx_word' id='word_1_277' title='bbox 882 1224 996 1256; x_wconf 81' lang='grc' dir='ltr'><strong><em>αἰτίας</em></strong></span> <span class='ocrx_word' id='word_1_278' title='bbox 1025 1225 1223 1267; x_wconf 81' lang='grc' dir='ltr'><strong><em>προνομίῳ,</em></strong></span> 
     </span>
     <span class='ocr_line' id='line_1_40' title="bbox 146 1264 1221 1312; baseline -0.001 -13"><span class='ocrx_word' id='word_1_279' title='bbox 146 1264 224 1300; x_wconf 70' lang='grc' dir='ltr'><strong><em>ἀλλ’</em></strong></span> <span class='ocrx_word' id='word_1_280' title='bbox 241 1267 372 1301; x_wconf 83' lang='grc' dir='ltr'><strong><em>ἑαυτὸν</em></strong></span> <span class='ocrx_word' id='word_1_281' title='bbox 388 1267 583 1310; x_wconf 79' lang='grc' dir='ltr'><strong><em>ἐξαρπάσει</em></strong></span> <span class='ocrx_word' id='word_1_282' title='bbox 597 1267 711 1312; x_wconf 87' lang='grc' dir='ltr'><strong><em>μόνον</em></strong></span> <span class='ocrx_word' id='word_1_283' title='bbox 724 1269 800 1301; x_wconf 88' lang='grc' dir='ltr'>τῶν</span> <span class='ocrx_word' id='word_1_284' title='bbox 814 1265 985 1301; x_wconf 70' lang='grc' dir='ltr'><strong><em>εὐθυνῶν</em></strong></span> <span class='ocrx_word' id='word_1_285' title='bbox 1000 1269 1052 1309; x_wconf 79' lang='grc' dir='ltr'>τῷ</span> <span class='ocrx_word' id='word_1_286' title='bbox 1067 1264 1221 1300; x_wconf 69' lang='grc' dir='ltr'><strong><em>ἀνεύθυ-</em></strong></span> 
     </span>
     <span class='ocr_line' id='line_1_41' title="bbox 145 1311 1223 1356; baseline -0.004 -9"><span class='ocrx_word' id='word_1_287' title='bbox 145 1312 169 1347; x_wconf 78' lang='grc'><strong>2</strong></span> <span class='ocrx_word' id='word_1_288' title='bbox 212 1324 272 1346; x_wconf 87' lang='grc' dir='ltr'>νος</span> <span class='ocrx_word' id='word_1_289' title='bbox 292 1312 393 1346; x_wconf 81' lang='grc' dir='ltr'><strong><em>εἶναι.</em></strong></span> <span class='ocrx_word' id='word_1_290' title='bbox 448 1314 567 1346; x_wconf 77' lang='grc' dir='ltr'><strong><em>Ταῦτα</em></strong></span> <span class='ocrx_word' id='word_1_291' title='bbox 583 1316 706 1346; x_wconf 85' lang='grc' dir='ltr'><strong><em>τοίνυν</em></strong></span> <span class='ocrx_word' id='word_1_292' title='bbox 728 1311 874 1356; x_wconf 88' lang='grc' dir='ltr'><strong><em>δίδομεν</em></strong></span> <span class='ocrx_word' id='word_1_293' title='bbox 894 1316 953 1346; x_wconf 90' lang='grc' dir='ltr'>καὶ</span> <span class='ocrx_word' id='word_1_294' title='bbox 971 1311 1083 1355; x_wconf 74' lang='grc' dir='ltr'><strong><em>ταύτῃ</em></strong></span> <span class='ocrx_word' id='word_1_295' title='bbox 1105 1311 1223 1345; x_wconf 84' lang='grc' dir='ltr'><strong><em>καθά-</em></strong></span> 
     </span>
    </p>
   </div>
   <div class='ocr_carea' id='block_1_13' title="bbox 1292 950 2370 1085">
    <p class='ocr_par' dir='ltr' id='par_1_16' title="bbox 1292 950 2370 1085">
     <span class='ocr_line' id='line_1_42' title="bbox 1293 950 2368 994; baseline 0 -10"><span class='ocrx_word' id='word_1_296' title='bbox 1293 951 1517 994; x_wconf 86' lang='lat' dir='ltr'>proconsulis</span> <span class='ocrx_word' id='word_1_297' title='bbox 1552 951 1814 992; x_wconf 85' lang='lat' dir='ltr'>iurisdictione,</span> <span class='ocrx_word' id='word_1_298' title='bbox 1851 950 1913 985; x_wconf 87' lang='lat' dir='ltr'>sed</span> <span class='ocrx_word' id='word_1_299' title='bbox 1949 950 2104 984; x_wconf 91' lang='lat' dir='ltr'>omnium</span> <span class='ocrx_word' id='word_1_300' title='bbox 2138 950 2368 994; x_wconf 85' lang='lat' dir='ltr'>praesidebit,</span> 
     </span>
     <span class='ocr_line' id='line_1_43' title="bbox 1294 995 2369 1040; baseline -0.001 -10"><span class='ocrx_word' id='word_1_301' title='bbox 1294 995 1456 1030; x_wconf 89' lang='lat' dir='ltr'>omnibus</span> <span class='ocrx_word' id='word_1_302' title='bbox 1480 996 1632 1038; x_wconf 86' lang='lat' dir='ltr'>iubebit,</span> <span class='ocrx_word' id='word_1_303' title='bbox 1663 1000 1698 1030; x_wconf 88' lang='lat' dir='ltr'>et</span> <span class='ocrx_word' id='word_1_304' title='bbox 1722 996 1841 1030; x_wconf 89' lang='lat' dir='ltr'>nullus</span> <span class='ocrx_word' id='word_1_305' title='bbox 1864 995 2055 1031; x_wconf 86' lang='lat' dir='ltr'>resultabit</span> <span class='ocrx_word' id='word_1_306' title='bbox 2078 995 2369 1040; x_wconf 85' lang='lat' dir='ltr'>dispositionibus</span> 
     </span>
     <span class='ocr_line' id='line_1_44' title="bbox 1292 1041 2370 1085; baseline 0.001 -11"><span class='ocrx_word' id='word_1_307' title='bbox 1292 1041 1369 1074; x_wconf 90' lang='lat' dir='ltr'>eius</span> <span class='ocrx_word' id='word_1_308' title='bbox 1406 1051 1472 1075; x_wconf 87' lang='lat' dir='ltr'>nec</span> <span class='ocrx_word' id='word_1_309' title='bbox 1508 1041 1653 1076; x_wconf 85' lang='lat' dir='ltr'>habebit</span> <span class='ocrx_word' id='word_1_310' title='bbox 1689 1041 1913 1076; x_wconf 89' lang='lat' dir='ltr'>occasionem</span> <span class='ocrx_word' id='word_1_311' title='bbox 1948 1041 2055 1075; x_wconf 87' lang='lat' dir='ltr'>ullam</span> <span class='ocrx_word' id='word_1_312' title='bbox 2090 1045 2152 1075; x_wconf 91' lang='lat' dir='ltr'>aut</span> <span class='ocrx_word' id='word_1_313' title='bbox 2186 1041 2370 1085; x_wconf 87' lang='lat' dir='ltr'>publicum</span> 
     </span>
    </p>
   </div>
   <div class='ocr_carea' id='block_1_14' title="bbox 1293 1085 2370 1130">
    <p class='ocr_par' dir='ltr' id='par_1_17' title="bbox 1293 1085 2370 1130">
     <span class='ocr_line' id='line_1_45' title="bbox 1293 1085 2370 1130; baseline 0.001 -11"><span class='ocrx_word' id='word_1_314' title='bbox 1293 1085 1460 1120; x_wconf 87' lang='lat' dir='ltr'>fraudare</span> <span class='ocrx_word' id='word_1_315' title='bbox 1502 1090 1564 1120; x_wconf 86' lang='lat' dir='ltr'>aut</span> <span class='ocrx_word' id='word_1_316' title='bbox 1605 1086 1755 1130; x_wconf 87' lang='lat' dir='ltr'>populos</span> <span class='ocrx_word' id='word_1_317' title='bbox 1800 1086 1938 1120; x_wconf 85' lang='lat' dir='ltr'>laedere</span> <span class='ocrx_word' id='word_1_318' title='bbox 1979 1086 2145 1130; x_wconf 88' lang='lat' dir='ltr'>publicae</span> <span class='ocrx_word' id='word_1_319' title='bbox 2187 1086 2370 1121; x_wconf 86' lang='lat' dir='ltr'>seditionis</span> 
     </span>
    </p>
   </div>
   <div class='ocr_carea' id='block_1_15' title="bbox 592 1129 2371 1175">
    <p class='ocr_par' dir='ltr' id='par_1_18' title="bbox 592 1129 2371 1175">
     <span class='ocr_line' id='line_1_46' title="bbox 592 1129 2371 1175; baseline 0.001 -10"><span class='ocrx_word' id='word_1_320' title='bbox 592 1133 673 1166; x_wconf 72' lang='grc' dir='ltr'><strong><em>τοὺς</em></strong></span> <span class='ocrx_word' id='word_1_321' title='bbox 705 1131 853 1166; x_wconf 76' lang='grc' dir='ltr'><strong><em>πολίτας</em></strong></span> <span class='ocrx_word' id='word_1_322' title='bbox 891 1129 1027 1166; x_wconf 75' lang='grc' dir='ltr'><strong><em>ἀδικεῖν</em></strong></span> <span class='ocrx_word' id='word_1_323' title='bbox 1054 1129 1225 1175; x_wconf 80' lang='grc' dir='ltr'><strong><em>δημοσίας</em></strong></span> <span class='ocrx_word' id='word_1_324' title='bbox 1238 1132 1280 1164; x_wconf 85' lang='grc'>20</span> <span class='ocrx_word' id='word_1_325' title='bbox 1294 1133 1431 1173; x_wconf 86' lang='lat' dir='ltr'>auctor,</span> <span class='ocrx_word' id='word_1_326' title='bbox 1463 1141 1577 1175; x_wconf 88' lang='lat' dir='ltr'>neque</span> <span class='ocrx_word' id='word_1_327' title='bbox 1601 1133 1724 1165; x_wconf 88' lang='lat' dir='ltr'>utetur</span> <span class='ocrx_word' id='word_1_328' title='bbox 1755 1141 1820 1166; x_wconf 90' lang='lat' dir='ltr'>nec</span> <span class='ocrx_word' id='word_1_329' title='bbox 1842 1131 1983 1174; x_wconf 87' lang='lat' dir='ltr'>cingulo</span> <span class='ocrx_word' id='word_1_330' title='bbox 2017 1141 2082 1166; x_wconf 86' lang='lat' dir='ltr'>nec</span> <span class='ocrx_word' id='word_1_331' title='bbox 2107 1131 2278 1175; x_wconf 85' lang='lat' dir='ltr'>dignitate</span> <span class='ocrx_word' id='word_1_332' title='bbox 2302 1141 2371 1166; x_wconf 86' lang='lat' dir='ltr'>nec</span> 
     </span>
    </p>
   </div>
   <div class='ocr_carea' id='block_1_16' title="bbox 1293 1175 2371 1266">
    <p class='ocr_par' dir='ltr' id='par_1_19' title="bbox 1293 1175 2371 1266">
     <span class='ocr_line' id='line_1_47' title="bbox 1294 1175 2371 1221; baseline 0 -11"><span class='ocrx_word' id='word_1_333' title='bbox 1294 1176 1495 1211; x_wconf 80' lang='lat' dir='ltr'>sacerdotio</span> <span class='ocrx_word' id='word_1_334' title='bbox 1520 1187 1584 1210; x_wconf 88' lang='lat' dir='ltr'>nec</span> <span class='ocrx_word' id='word_1_335' title='bbox 1610 1177 1678 1210; x_wconf 87' lang='lat' dir='ltr'>alio</span> <span class='ocrx_word' id='word_1_336' title='bbox 1704 1177 1862 1221; x_wconf 89' lang='lat' dir='ltr'>quolibet</span> <span class='ocrx_word' id='word_1_337' title='bbox 1887 1176 2066 1219; x_wconf 82' lang='lat' dir='ltr'>dignitatis</span> <span class='ocrx_word' id='word_1_338' title='bbox 2091 1177 2284 1221; x_wconf 86' lang='lat' dir='ltr'>privilegio,</span> <span class='ocrx_word' id='word_1_339' title='bbox 2309 1175 2371 1212; x_wconf 81' lang='lat' dir='ltr'>sed</span> 
     </span>
     <span class='ocr_line' id='line_1_48' title="bbox 1293 1221 2369 1266; baseline 0 -11"><span class='ocrx_word' id='word_1_340' title='bbox 1293 1223 1407 1256; x_wconf 89' lang='lat' dir='ltr'>semet</span> <span class='ocrx_word' id='word_1_341' title='bbox 1422 1221 1539 1266; x_wconf 86' lang='lat' dir='ltr'>ipsum</span> <span class='ocrx_word' id='word_1_342' title='bbox 1555 1221 1708 1266; x_wconf 87' lang='lat' dir='ltr'>abripiet</span> <span class='ocrx_word' id='word_1_343' title='bbox 1723 1222 1941 1257; x_wconf 88' lang='lat' dir='ltr'>solummodo</span> <span class='ocrx_word' id='word_1_344' title='bbox 1956 1222 2070 1256; x_wconf 88' lang='lat' dir='ltr'>noxiis</span> <span class='ocrx_word' id='word_1_345' title='bbox 2088 1222 2118 1256; x_wconf 91' lang='lat' dir='ltr'>si</span> <span class='ocrx_word' id='word_1_346' title='bbox 2131 1222 2295 1257; x_wconf 85' lang='lat' dir='ltr'>innoxius</span> <span class='ocrx_word' id='word_1_347' title='bbox 2312 1221 2369 1256; x_wconf 85' lang='lat' dir='ltr'>sit.</span> 
     </span>
    </p>
   </div>
   <div class='ocr_carea' id='block_1_17' title="bbox 1293 1311 2370 1356">
    <p class='ocr_par' dir='ltr' id='par_1_20' title="bbox 1293 1311 2370 1356">
     <span class='ocr_line' id='line_1_49' title="bbox 1293 1311 2370 1356; baseline -0.001 -10"><span class='ocrx_word' id='word_1_348' title='bbox 1293 1311 1316 1347; x_wconf 80' lang='lat'><strong>2</strong></span> <span class='ocrx_word' id='word_1_349' title='bbox 1362 1311 1462 1346; x_wconf 88' lang='lat' dir='ltr'>Haec</span> <span class='ocrx_word' id='word_1_350' title='bbox 1494 1311 1601 1356; x_wconf 88' lang='lat' dir='ltr'>igitur</span> <span class='ocrx_word' id='word_1_351' title='bbox 1631 1311 1772 1353; x_wconf 89' lang='lat' dir='ltr'>damus,</span> <span class='ocrx_word' id='word_1_352' title='bbox 1805 1311 1910 1346; x_wconf 89' lang='lat' dir='ltr'>sicuti</span> <span class='ocrx_word' id='word_1_353' title='bbox 1933 1311 2188 1356; x_wconf 83' lang='lat' dir='ltr'>praediximus,</span> <span class='ocrx_word' id='word_1_354' title='bbox 2221 1311 2370 1346; x_wconf 88' lang='lat' dir='ltr'>admini-</span> 
     </span>
    </p>
   </div>
   <div class='ocr_carea' id='block_1_18' title="bbox 146 1349 2371 1404">
    <p class='ocr_par' dir='ltr' id='par_1_21' title="bbox 146 1349 2371 1404">
     <span class='ocr_line' id='line_1_50' title="bbox 146 1349 2371 1404; baseline -0 -13"><span class='ocrx_word' id='word_1_355' title='bbox 146 1370 214 1402; x_wconf 85' lang='grc' dir='ltr'>περ</span> <span class='ocrx_word' id='word_1_356' title='bbox 237 1356 397 1391; x_wconf 73' lang='grc' dir='ltr'><strong><em>εἰπόντες</em></strong></span> <span class='ocrx_word' id='word_1_357' title='bbox 421 1358 587 1403; x_wconf 73' lang='grc' dir='ltr'><strong><em>ἔφθημεν</em></strong></span> <span class='ocrx_word' id='word_1_358' title='bbox 610 1359 656 1404; x_wconf 81' lang='grc' dir='ltr'>τῇ</span> <span class='ocrx_word' id='word_1_359' title='bbox 680 1354 780 1404; x_wconf 75' lang='grc' dir='ltr'><strong><em>ἀρχῇ,</em></strong></span> <span class='ocrx_word' id='word_1_360' title='bbox 806 1362 865 1391; x_wconf 82' lang='grc' dir='ltr'>καὶ</span> <span class='ocrx_word' id='word_1_361' title='bbox 890 1349 1084 1403; x_wconf 64' lang='grc' dir='ltr'><strong><em>φυλάττειν</em></strong></span> <span class='ocrx_word' id='word_1_362' title='bbox 1108 1355 1223 1399; x_wconf 85' lang='grc' dir='ltr'><strong><em>διηνε-</em></strong></span> <span class='ocrx_word' id='word_1_363' title='bbox 1239 1358 1280 1391; x_wconf 83' lang='lat'>25</span> <span class='ocrx_word' id='word_1_364' title='bbox 1294 1357 1474 1398; x_wconf 86' lang='lat' dir='ltr'>strationi,</span> <span class='ocrx_word' id='word_1_365' title='bbox 1517 1360 1552 1391; x_wconf 90' lang='lat' dir='ltr'>et</span> <span class='ocrx_word' id='word_1_366' title='bbox 1587 1356 1766 1392; x_wconf 87' lang='lat' dir='ltr'>custodire</span> <span class='ocrx_word' id='word_1_367' title='bbox 1797 1360 1967 1401; x_wconf 88' lang='lat' dir='ltr'>perpetue</span> <span class='ocrx_word' id='word_1_368' title='bbox 2002 1367 2066 1402; x_wconf 89' lang='lat' dir='ltr'>per</span> <span class='ocrx_word' id='word_1_369' title='bbox 2102 1358 2196 1392; x_wconf 90' lang='lat' dir='ltr'>hanc</span> <span class='ocrx_word' id='word_1_370' title='bbox 2232 1367 2371 1392; x_wconf 83' lang='lat' dir='ltr'>sacram</span> 
     </span>
    </p>
   </div>
   <div class='ocr_carea' id='block_1_19' title="bbox 145 1400 1226 1592">
    <p class='ocr_par' dir='ltr' id='par_1_22' title="bbox 145 1400 1226 1592">
     <span class='ocr_line' id='line_1_51' title="bbox 146 1400 1225 1449; baseline 0 -14"><span class='ocrx_word' id='word_1_371' title='bbox 146 1403 215 1436; x_wconf 80' lang='grc' dir='ltr'>κῶς</span> <span class='ocrx_word' id='word_1_372' title='bbox 250 1400 310 1436; x_wconf 86' lang='grc' dir='ltr'>διὰ</span> <span class='ocrx_word' id='word_1_373' title='bbox 346 1401 452 1436; x_wconf 75' lang='grc' dir='ltr'><strong><em>τοῦδε</em></strong></span> <span class='ocrx_word' id='word_1_374' title='bbox 486 1404 550 1436; x_wconf 82' lang='grc' dir='ltr'>τοῦ</span> <span class='ocrx_word' id='word_1_375' title='bbox 586 1403 691 1436; x_wconf 88' lang='grc' dir='ltr'><strong><em>θειόυ</em></strong></span> <span class='ocrx_word' id='word_1_376' title='bbox 726 1404 977 1449; x_wconf 75' lang='grc' dir='ltr'><strong><em>πραγματικοῦ</em></strong></span> <span class='ocrx_word' id='word_1_377' title='bbox 1011 1401 1225 1448; x_wconf 85' lang='grc' dir='ltr'><strong><em>βουλόμεθα</em></strong></span> 
     </span>
     <span class='ocr_line' id='line_1_52' title="bbox 145 1444 1226 1494; baseline 0 -14"><span class='ocrx_word' id='word_1_378' title='bbox 145 1445 268 1491; x_wconf 79' lang='grc' dir='ltr'><strong><em>νόμου.</em></strong></span> <span class='ocrx_word' id='word_1_379' title='bbox 316 1451 376 1481; x_wconf 87' lang='grc' dir='ltr'>καὶ</span> <span class='ocrx_word' id='word_1_380' title='bbox 410 1447 477 1490; x_wconf 86' lang='grc' dir='ltr'>τὴν</span> <span class='ocrx_word' id='word_1_381' title='bbox 511 1447 579 1491; x_wconf 81' lang='grc' dir='ltr'>σὴν</span> <span class='ocrx_word' id='word_1_382' title='bbox 614 1446 653 1482; x_wconf 83' lang='grc' dir='ltr'><strong><em>δὲ</em></strong></span> <span class='ocrx_word' id='word_1_383' title='bbox 688 1445 866 1494; x_wconf 77' lang='grc' dir='ltr'><strong><em>ὑπεροχὴν</em></strong></span> <span class='ocrx_word' id='word_1_384' title='bbox 903 1447 1097 1493; x_wconf 83' lang='grc' dir='ltr'><strong><em>φυλάττειν</em></strong></span> <span class='ocrx_word' id='word_1_385' title='bbox 1134 1444 1226 1481; x_wconf 76' lang='grc' dir='ltr'><strong><em>αὐτὰ</em></strong></span> 
     </span>
     <span class='ocr_line' id='line_1_53' title="bbox 146 1491 1225 1540; baseline 0 -15"><span class='ocrx_word' id='word_1_386' title='bbox 146 1491 316 1535; x_wconf 76' lang='grc' dir='ltr'><strong><em>διηνεκῶς</em></strong></span> <span class='ocrx_word' id='word_1_387' title='bbox 347 1493 583 1537; x_wconf 79' lang='grc' dir='ltr'><strong><em>θεσπίζομεν,</em></strong></span> <span class='ocrx_word' id='word_1_388' title='bbox 615 1497 675 1526; x_wconf 82' lang='grc' dir='ltr'>καὶ</span> <span class='ocrx_word' id='word_1_389' title='bbox 703 1492 795 1527; x_wconf 79' lang='grc' dir='ltr'><strong><em>κατὰ</em></strong></span> <span class='ocrx_word' id='word_1_390' title='bbox 820 1495 952 1528; x_wconf 76' lang='grc' dir='ltr'><strong><em>τοῦτον</em></strong></span> <span class='ocrx_word' id='word_1_391' title='bbox 976 1493 1225 1540; x_wconf 79' lang='grc' dir='ltr'><strong><em>ἐγγράφεσθαι</em></strong></span> 
     </span>
     <span class='ocr_line' id='line_1_54' title="bbox 146 1537 1225 1592; baseline 0 -21"><span class='ocrx_word' id='word_1_392' title='bbox 146 1538 212 1571; x_wconf 85' lang='grc' dir='ltr'>τὸν</span> <span class='ocrx_word' id='word_1_393' title='bbox 241 1538 379 1582; x_wconf 86' lang='grc' dir='ltr'><strong><em>τρόπον</em></strong></span> <span class='ocrx_word' id='word_1_394' title='bbox 410 1542 487 1572; x_wconf 90' lang='grc' dir='ltr'><strong><em>ταῖς</em></strong></span> <span class='ocrx_word' id='word_1_395' title='bbox 507 1537 939 1592; x_wconf 50' lang='grc' dir='ltr'><strong><em>μερικαῖςυδιατυπώσεσι</em></strong></span> <span class='ocrx_word' id='word_1_396' title='bbox 970 1541 1047 1573; x_wconf 87' lang='grc' dir='ltr'>τῶν</span> <span class='ocrx_word' id='word_1_397' title='bbox 1072 1537 1225 1584; x_wconf 84' lang='grc' dir='ltr'><strong><em>θρόνων</em></strong></span> 
     </span>
    </p>
   </div>
   <div class='ocr_carea' id='block_1_20' title="bbox 1284 1402 2372 1582">
    <p class='ocr_par' dir='ltr' id='par_1_23' title="bbox 1284 1402 2372 1582">
     <span class='ocr_line' id='line_1_55' title="bbox 1284 1402 2370 1447; baseline 0.001 -11"><span class='ocrx_word' id='word_1_398' title='bbox 1284 1402 1545 1447; x_wconf 65' lang='lat' dir='ltr'>&gt;pragmaticam</span> <span class='ocrx_word' id='word_1_399' title='bbox 1576 1402 1736 1436; x_wconf 90' lang='lat' dir='ltr'>volumus</span> <span class='ocrx_word' id='word_1_400' title='bbox 1770 1402 1891 1446; x_wconf 84' lang='lat' dir='ltr'>legem.</span> <span class='ocrx_word' id='word_1_401' title='bbox 1940 1402 2009 1437; x_wconf 88' lang='lat' dir='ltr'>Sed</span> <span class='ocrx_word' id='word_1_402' title='bbox 2037 1405 2073 1437; x_wconf 90' lang='lat' dir='ltr'>et</span> <span class='ocrx_word' id='word_1_403' title='bbox 2096 1405 2195 1437; x_wconf 89' lang='lat' dir='ltr'>tuam</span> <span class='ocrx_word' id='word_1_404' title='bbox 2227 1402 2370 1437; x_wconf 85' lang='lat' dir='ltr'>celsitu-</span> 
     </span>
     <span class='ocr_line' id='line_1_56' title="bbox 1294 1447 2372 1491; baseline -0.001 -9"><span class='ocrx_word' id='word_1_405' title='bbox 1294 1448 1410 1482; x_wconf 89' lang='lat' dir='ltr'>dinem</span> <span class='ocrx_word' id='word_1_406' title='bbox 1434 1447 1613 1482; x_wconf 85' lang='lat' dir='ltr'>custodire</span> <span class='ocrx_word' id='word_1_407' title='bbox 1630 1457 1707 1482; x_wconf 86' lang='lat' dir='ltr'>eam</span> <span class='ocrx_word' id='word_1_408' title='bbox 1723 1450 1895 1491; x_wconf 88' lang='lat' dir='ltr'>perpetue</span> <span class='ocrx_word' id='word_1_409' title='bbox 1919 1447 2099 1483; x_wconf 88' lang='lat' dir='ltr'>sancimus</span> <span class='ocrx_word' id='word_1_410' title='bbox 2124 1450 2160 1482; x_wconf 89' lang='lat' dir='ltr'>et</span> <span class='ocrx_word' id='word_1_411' title='bbox 2176 1447 2372 1483; x_wconf 88' lang='lat' dir='ltr'>secundum</span> 
     </span>
     <span class='ocr_line' id='line_1_57' title="bbox 1294 1493 2371 1537; baseline -0.001 -10"><span class='ocrx_word' id='word_1_412' title='bbox 1294 1493 1466 1537; x_wconf 90' lang='lat' dir='ltr'>scriptum</span> <span class='ocrx_word' id='word_1_413' title='bbox 1498 1493 1640 1528; x_wconf 90' lang='lat' dir='ltr'>modum</span> <span class='ocrx_word' id='word_1_414' title='bbox 1671 1493 1948 1537; x_wconf 88' lang='lat' dir='ltr'>particularibus</span> <span class='ocrx_word' id='word_1_415' title='bbox 1985 1493 2277 1537; x_wconf 88' lang='lat' dir='ltr'>dispositionibus</span> <span class='ocrx_word' id='word_1_416' title='bbox 2308 1493 2371 1527; x_wconf 91' lang='lat' dir='ltr'>tri-</span> 
     </span>
     <span class='ocr_line' id='line_1_58' title="bbox 1293 1538 2372 1582; baseline 0 -10"><span class='ocrx_word' id='word_1_417' title='bbox 1293 1538 1476 1573; x_wconf 90' lang='lat' dir='ltr'>bunalium</span> <span class='ocrx_word' id='word_1_418' title='bbox 1499 1540 1661 1579; x_wconf 90' lang='lat' dir='ltr'>tuorum,</span> <span class='ocrx_word' id='word_1_419' title='bbox 1694 1540 1730 1572; x_wconf 89' lang='lat' dir='ltr'>et</span> <span class='ocrx_word' id='word_1_420' title='bbox 1753 1548 1946 1582; x_wconf 85' lang='lat' dir='ltr'>agnoscere</span> <span class='ocrx_word' id='word_1_421' title='bbox 1979 1548 2099 1573; x_wconf 89' lang='lat' dir='ltr'>omnes</span> <span class='ocrx_word' id='word_1_422' title='bbox 2131 1539 2168 1572; x_wconf 93' lang='lat' dir='ltr'>in</span> <span class='ocrx_word' id='word_1_423' title='bbox 2197 1538 2372 1582; x_wconf 91' lang='lat' dir='ltr'>reliquum</span> 
     </span>
    </p>
   </div>
   <div class='ocr_carea' id='block_1_21' title="bbox 145 1583 2372 1630">
    <p class='ocr_par' dir='ltr' id='par_1_24' title="bbox 145 1583 2372 1630">
     <span class='ocr_line' id='line_1_59' title="bbox 145 1583 2372 1630; baseline 0 -14"><span class='ocrx_word' id='word_1_424' title='bbox 145 1584 222 1616; x_wconf 78' lang='grc' dir='ltr'>τῶν</span> <span class='ocrx_word' id='word_1_425' title='bbox 245 1595 332 1624; x_wconf 85' lang='grc' dir='ltr'><strong><em>σων,</em></strong></span> <span class='ocrx_word' id='word_1_426' title='bbox 356 1586 415 1616; x_wconf 80' lang='grc' dir='ltr'>καὶ</span> <span class='ocrx_word' id='word_1_427' title='bbox 438 1596 631 1627; x_wconf 81' lang='grc' dir='ltr'><strong><em>γινωσκειν</em></strong></span> <span class='ocrx_word' id='word_1_428' title='bbox 654 1595 820 1618; x_wconf 76' lang='grc' dir='ltr'><strong><em>απαντας</em></strong></span> <span class='ocrx_word' id='word_1_429' title='bbox 840 1585 888 1617; x_wconf 80' lang='grc' dir='ltr'>εἰς</span> <span class='ocrx_word' id='word_1_430' title='bbox 908 1584 975 1618; x_wconf 82' lang='grc' dir='ltr'>τὸν</span> <span class='ocrx_word' id='word_1_431' title='bbox 996 1585 1120 1630; x_wconf 74' lang='grc' dir='ltr'><strong><em>ἐφεξῆς</em></strong></span> <span class='ocrx_word' id='word_1_432' title='bbox 1144 1584 1224 1628; x_wconf 84' lang='grc' dir='ltr'><strong><em>χρό-</em></strong></span> <span class='ocrx_word' id='word_1_433' title='bbox 1237 1585 1279 1618; x_wconf 88' lang='grc'>30</span> <span class='ocrx_word' id='word_1_434' title='bbox 1293 1587 1433 1628; x_wconf 89' lang='lat' dir='ltr'>tempus</span> <span class='ocrx_word' id='word_1_435' title='bbox 1450 1583 1684 1626; x_wconf 83' lang='lat' dir='ltr'>Palaestinos,</span> <span class='ocrx_word' id='word_1_436' title='bbox 1710 1584 1794 1628; x_wconf 87' lang='lat' dir='ltr'>quia</span> <span class='ocrx_word' id='word_1_437' title='bbox 1817 1594 1942 1618; x_wconf 88' lang='lat' dir='ltr'>rursus</span> <span class='ocrx_word' id='word_1_438' title='bbox 1963 1584 2014 1618; x_wconf 88' lang='lat' dir='ltr'>eis</span> <span class='ocrx_word' id='word_1_439' title='bbox 2039 1583 2372 1628; x_wconf 70' lang='lat' dir='ltr'>proconsular-itatis</span> 
     </span>
    </p>
   </div>
   <div class='ocr_carea' id='block_1_22' title="bbox 106 1625 1225 2079">
    <p class='ocr_par' dir='ltr' id='par_1_25' title="bbox 106 1625 1225 2079">
     <span class='ocr_line' id='line_1_60' title="bbox 144 1625 1225 1671; baseline -0.001 -9"><span class='ocrx_word' id='word_1_440' title='bbox 144 1641 210 1662; x_wconf 88' lang='grc' dir='ltr'>νον</span> <span class='ocrx_word' id='word_1_441' title='bbox 234 1627 513 1670; x_wconf 82' lang='grc' dir='ltr'><strong><em>Παλαιστίνους,</em></strong></span> <span class='ocrx_word' id='word_1_442' title='bbox 539 1625 597 1662; x_wconf 76' lang='grc' dir='ltr'>ὅτι</span> <span class='ocrx_word' id='word_1_443' title='bbox 621 1626 733 1662; x_wconf 88' lang='grc' dir='ltr'><strong><em>πάλιν</em></strong></span> <span class='ocrx_word' id='word_1_444' title='bbox 760 1627 877 1663; x_wconf 77' lang='grc' dir='ltr'><strong><em>αὐτοῖς</em></strong></span> <span class='ocrx_word' id='word_1_445' title='bbox 900 1630 942 1663; x_wconf 84' lang='grc' dir='ltr'>τὸ</span> <span class='ocrx_word' id='word_1_446' title='bbox 968 1642 1031 1671; x_wconf 85' lang='grc' dir='ltr'>της</span> <span class='ocrx_word' id='word_1_447' title='bbox 1054 1627 1225 1662; x_wconf 77' lang='grc' dir='ltr'><strong><em>ἀνθυπα-</em></strong></span> 
     </span>
     <span class='ocr_line' id='line_1_61' title="bbox 144 1670 1225 1719; baseline 0 -13"><span class='ocrx_word' id='word_1_448' title='bbox 144 1677 240 1707; x_wconf 88' lang='grc' dir='ltr'><strong><em>τείας</em></strong></span> <span class='ocrx_word' id='word_1_449' title='bbox 265 1670 485 1707; x_wconf 74' lang='grc' dir='ltr'><strong><em>ἀποδέδοται</em></strong></span> <span class='ocrx_word' id='word_1_450' title='bbox 509 1671 658 1715; x_wconf 86' lang='grc' dir='ltr'><strong><em>δίκαιον,</em></strong></span> <span class='ocrx_word' id='word_1_451' title='bbox 690 1677 749 1707; x_wconf 85' lang='grc' dir='ltr'>καὶ</span> <span class='ocrx_word' id='word_1_452' title='bbox 780 1672 799 1707; x_wconf 84' lang='grc' dir='ltr'>ὁ</span> <span class='ocrx_word' id='word_1_453' title='bbox 832 1676 894 1717; x_wconf 81' lang='grc' dir='ltr'>τῆς</span> <span class='ocrx_word' id='word_1_454' title='bbox 921 1672 1066 1719; x_wconf 80' lang='grc' dir='ltr'><strong><em>πρώτης</em></strong></span> <span class='ocrx_word' id='word_1_455' title='bbox 1089 1673 1225 1707; x_wconf 90' lang='grc' dir='ltr'><strong><em>Παλαι-</em></strong></span> 
     </span>
     <span class='ocr_line' id='line_1_62' title="bbox 145 1715 1224 1765; baseline 0.001 -14"><span class='ocrx_word' id='word_1_456' title='bbox 145 1722 267 1760; x_wconf 85' lang='grc' dir='ltr'><strong><em>στίνης</em></strong></span> <span class='ocrx_word' id='word_1_457' title='bbox 290 1716 453 1764; x_wconf 77' lang='grc' dir='ltr'><strong><em>ἐξάρχων</em></strong></span> <span class='ocrx_word' id='word_1_458' title='bbox 477 1715 693 1753; x_wconf 77' lang='grc' dir='ltr'><strong><em>ἄνθύπατός</em></strong></span> <span class='ocrx_word' id='word_1_459' title='bbox 718 1721 818 1753; x_wconf 82' lang='grc' dir='ltr'><strong><em>ἐστιν</em></strong></span> <span class='ocrx_word' id='word_1_460' title='bbox 843 1717 960 1753; x_wconf 64' lang='grc' dir='ltr'><strong><em>αὐτοῖς</em></strong></span> <span class='ocrx_word' id='word_1_461' title='bbox 984 1717 1031 1753; x_wconf 81' lang='grc' dir='ltr'>ῶς</span> <span class='ocrx_word' id='word_1_462' title='bbox 1048 1719 1224 1765; x_wconf 88' lang='grc' dir='ltr'><strong><em>πρότερον</em></strong></span> 
     </span>
     <span class='ocr_line' id='line_1_63' title="bbox 144 1761 1223 1810; baseline 0.002 -14"><span class='ocrx_word' id='word_1_463' title='bbox 144 1767 204 1796; x_wconf 84' lang='grc' dir='ltr'>καὶ</span> <span class='ocrx_word' id='word_1_464' title='bbox 223 1765 286 1806; x_wconf 80' lang='grc' dir='ltr'>τῆς</span> <span class='ocrx_word' id='word_1_465' title='bbox 306 1764 517 1808; x_wconf 69' lang='grc' dir='ltr'><strong><em>ἔμπροσθεν</em></strong></span> <span class='ocrx_word' id='word_1_466' title='bbox 541 1761 808 1810; x_wconf 74' lang='grc' dir='ltr'><strong><em>ἀπηλλαγμένος</em></strong></span> <span class='ocrx_word' id='word_1_467' title='bbox 831 1762 960 1810; x_wconf 77' lang='grc' dir='ltr'><strong><em>ὀφρύος</em></strong></span> <span class='ocrx_word' id='word_1_468' title='bbox 983 1767 1050 1799; x_wconf 78' lang='grc' dir='ltr'>νῦν</span> <span class='ocrx_word' id='word_1_469' title='bbox 1068 1768 1128 1799; x_wconf 81' lang='grc' dir='ltr'>ἐπὶ</span> <span class='ocrx_word' id='word_1_470' title='bbox 1150 1769 1223 1809; x_wconf 87' lang='grc' dir='ltr'><strong><em>μεί-</em></strong></span> 
     </span>
     <span class='ocr_line' id='line_1_64' title="bbox 106 1806 953 1856; baseline 0.001 -14"><span class='ocrx_word' id='word_1_471' title='bbox 106 1847 108 1849; x_wconf 17' lang='lat' dir='ltr'>v</span> <span class='ocrx_word' id='word_1_472' title='bbox 145 1810 246 1850; x_wconf 82' lang='grc' dir='ltr'><strong><em>ζονος</em></strong></span> <span class='ocrx_word' id='word_1_473' title='bbox 270 1810 372 1842; x_wconf 77' lang='grc' dir='ltr'><strong><em>ἔσται</em></strong></span> <span class='ocrx_word' id='word_1_474' title='bbox 394 1810 496 1853; x_wconf 77' lang='grc' dir='ltr'><strong><em>τιμῆς</em></strong></span> <span class='ocrx_word' id='word_1_475' title='bbox 519 1806 750 1854; x_wconf 80' lang='grc' dir='ltr'><strong><em>ὀφειλομένης</em></strong></span> <span class='ocrx_word' id='word_1_476' title='bbox 773 1811 818 1856; x_wconf 86' lang='grc' dir='ltr'>τῇ</span> <span class='ocrx_word' id='word_1_477' title='bbox 839 1809 953 1845; x_wconf 83' lang='grc' dir='ltr'><strong><em>πόλει.</em></strong></span> 
     </span>
     <span class='ocr_line' id='line_1_65' title="bbox 200 1851 1225 1900; baseline 0.001 -13"><span class='ocrx_word' id='word_1_478' title='bbox 200 1851 490 1900; x_wconf 82' lang='grc' dir='ltr'><strong><em>&lt;Ἐπίλογος.&gt;</em></strong></span> <span class='ocrx_word' id='word_1_479' title='bbox 542 1854 591 1887; x_wconf 82' lang='grc' dir='ltr'>Τὰ</span> <span class='ocrx_word' id='word_1_480' title='bbox 623 1859 748 1889; x_wconf 85' lang='grc' dir='ltr'><strong><em>τοίνυν</em></strong></span> <span class='ocrx_word' id='word_1_481' title='bbox 777 1855 1020 1900; x_wconf 86' lang='grc' dir='ltr'><strong><em>παραστάντα</em></strong></span> <span class='ocrx_word' id='word_1_482' title='bbox 1049 1853 1134 1899; x_wconf 74' lang='grc' dir='ltr'><strong><em>ἡμῖν</em></strong></span> <span class='ocrx_word' id='word_1_483' title='bbox 1165 1859 1225 1888; x_wconf 83' lang='grc' dir='ltr'>καὶ</span> 
     </span>
     <span class='ocr_line' id='line_1_66' title="bbox 146 1896 1224 1946; baseline 0.002 -14"><span class='ocrx_word' id='word_1_484' title='bbox 146 1896 206 1932; x_wconf 82' lang='grc' dir='ltr'>διὰ</span> <span class='ocrx_word' id='word_1_485' title='bbox 223 1897 327 1933; x_wconf 75' lang='grc' dir='ltr'><strong><em>τοῦδε</em></strong></span> <span class='ocrx_word' id='word_1_486' title='bbox 343 1901 406 1933; x_wconf 79' lang='grc' dir='ltr'>τοῦ</span> <span class='ocrx_word' id='word_1_487' title='bbox 423 1900 527 1933; x_wconf 89' lang='grc' dir='ltr'><strong><em>θείου</em></strong></span> <span class='ocrx_word' id='word_1_488' title='bbox 545 1898 792 1946; x_wconf 78' lang='grc' dir='ltr'><strong><em>πραγματικοῦ</em></strong></span> <span class='ocrx_word' id='word_1_489' title='bbox 814 1904 874 1934; x_wconf 81' lang='grc' dir='ltr'>καὶ</span> <span class='ocrx_word' id='word_1_490' title='bbox 891 1899 1006 1934; x_wconf 75' lang='grc' dir='ltr'><strong><em>ἰδικοῦ</em></strong></span> <span class='ocrx_word' id='word_1_491' title='bbox 1024 1898 1224 1944; x_wconf 78' lang='grc' dir='ltr'><strong><em>δηλούμενα</em></strong></span> 
     </span>
     <span class='ocr_line' id='line_1_67' title="bbox 145 1942 1224 1992; baseline 0 -14"><span class='ocrx_word' id='word_1_492' title='bbox 145 1944 258 1988; x_wconf 84' lang='grc' dir='ltr'><strong><em>νόμου</em></strong></span> <span class='ocrx_word' id='word_1_493' title='bbox 276 1942 294 1987; x_wconf 79' lang='grc' dir='ltr'><em>ἡ</em></span> <span class='ocrx_word' id='word_1_494' title='bbox 315 1944 359 1987; x_wconf 81' lang='grc' dir='ltr'>σὴ</span> <span class='ocrx_word' id='word_1_495' title='bbox 378 1944 532 1990; x_wconf 70' lang='grc' dir='ltr'><strong><em>ὑπεροχὴ</em></strong></span> <span class='ocrx_word' id='word_1_496' title='bbox 551 1947 643 1991; x_wconf 79' lang='grc' dir='ltr'><strong><em>ἔργῳ</em></strong></span> <span class='ocrx_word' id='word_1_497' title='bbox 665 1949 735 1987; x_wconf 84' lang='grc' dir='ltr'><strong><em>[καὶ</em></strong></span> <span class='ocrx_word' id='word_1_498' title='bbox 752 1944 862 1992; x_wconf 83' lang='grc' dir='ltr'><strong><em>λόγῳ]</em></strong></span> <span class='ocrx_word' id='word_1_499' title='bbox 885 1950 944 1979; x_wconf 80' lang='grc' dir='ltr'>καὶ</span> <span class='ocrx_word' id='word_1_500' title='bbox 961 1949 1089 1991; x_wconf 73' lang='grc' dir='ltr'><strong><em>πέρατι</em></strong></span> <span class='ocrx_word' id='word_1_501' title='bbox 1110 1959 1224 1990; x_wconf 80' lang='grc' dir='ltr'><strong><em>παρα-</em></strong></span> 
     </span>
     <span class='ocr_line' id='line_1_68' title="bbox 147 1988 1224 2033; baseline 0.004 -11"><span class='ocrx_word' id='word_1_502' title='bbox 147 1988 274 2023; x_wconf 80' lang='grc' dir='ltr'><strong><em>δοῦναι</em></strong></span> <span class='ocrx_word' id='word_1_503' title='bbox 299 1989 501 2023; x_wconf 80' lang='grc' dir='ltr'><strong><em>σπευσάτω.</em></strong></span> <span class='ocrx_word' id='word_1_504' title='bbox 574 1991 655 2025; x_wconf 85' lang='lat' dir='ltr'>Dat.</span> <span class='ocrx_word' id='word_1_505' title='bbox 681 1991 716 2025; x_wconf 92' lang='lat' dir='ltr'>k.</span> <span class='ocrx_word' id='word_1_506' title='bbox 742 1991 810 2026; x_wconf 91' lang='lat' dir='ltr'>Iul.</span> <span class='ocrx_word' id='word_1_507' title='bbox 836 1991 904 2026; x_wconf 81' lang='lat' dir='ltr'>GP.</span> <span class='ocrx_word' id='word_1_508' title='bbox 931 1993 1002 2033; x_wconf 88' lang='lat' dir='ltr'>[dn.</span> <span class='ocrx_word' id='word_1_509' title='bbox 1027 1992 1224 2027; x_wconf 86' lang='lat' dir='ltr'>Iustiniano</span> 
     </span>
     <span class='ocr_line' id='line_1_69' title="bbox 146 2035 858 2079; baseline 0.004 -11"><span class='ocrx_word' id='word_1_510' title='bbox 146 2045 205 2079; x_wconf 89' lang='lat' dir='ltr'>pp.</span> <span class='ocrx_word' id='word_1_511' title='bbox 232 2035 336 2078; x_wconf 68' lang='lat' dir='ltr'>Aug]</span> <span class='ocrx_word' id='word_1_512' title='bbox 359 2037 442 2078; x_wconf 90' lang='lat' dir='ltr'>post</span> <span class='ocrx_word' id='word_1_513' title='bbox 467 2045 564 2070; x_wconf 86' lang='lat' dir='ltr'>cons.</span> <span class='ocrx_word' id='word_1_514' title='bbox 593 2036 755 2070; x_wconf 85' lang='lat' dir='ltr'>Belisarii</span> <span class='ocrx_word' id='word_1_515' title='bbox 777 2048 810 2071; x_wconf 89' lang='lat' dir='ltr'>v.</span> <span class='ocrx_word' id='word_1_516' title='bbox 828 2047 858 2071; x_wconf 90' lang='lat' dir='ltr'>c.</span> 
     </span>
    </p>
   </div>
   <div class='ocr_carea' id='block_1_23' title="bbox 1190 2039 1328 2078">
    <p class='ocr_par' dir='ltr' id='par_1_26' title="bbox 1190 2039 1328 2078">
     <span class='ocr_line' id='line_1_70' title="bbox 1190 2039 1328 2078; baseline 0 -8"><span class='ocrx_word' id='word_1_517' title='bbox 1190 2040 1235 2078; x_wconf 76' lang='lat' dir='ltr'>[a.</span> <span class='ocrx_word' id='word_1_518' title='bbox 1251 2039 1328 2077; x_wconf 77' lang='lat'>536]</span> 
     </span>
    </p>
   </div>
   <div class='ocr_carea' id='block_1_24' title="bbox 1292 1629 2371 1800">
    <p class='ocr_par' dir='ltr' id='par_1_27' title="bbox 1292 1629 2371 1800">
     <span class='ocr_line' id='line_1_71' title="bbox 1292 1629 2370 1673; baseline -0.001 -10"><span class='ocrx_word' id='word_1_519' title='bbox 1292 1629 1467 1664; x_wconf 87' lang='lat' dir='ltr'>redditum</span> <span class='ocrx_word' id='word_1_520' title='bbox 1500 1631 1555 1664; x_wconf 88' lang='lat' dir='ltr'>est</span> <span class='ocrx_word' id='word_1_521' title='bbox 1584 1630 1655 1671; x_wconf 91' lang='lat' dir='ltr'>ius,</span> <span class='ocrx_word' id='word_1_522' title='bbox 1688 1632 1724 1663; x_wconf 87' lang='lat' dir='ltr'>et</span> <span class='ocrx_word' id='word_1_523' title='bbox 1755 1629 1816 1673; x_wconf 89' lang='lat' dir='ltr'>qui</span> <span class='ocrx_word' id='word_1_524' title='bbox 1848 1630 1984 1673; x_wconf 87' lang='lat' dir='ltr'>primae</span> <span class='ocrx_word' id='word_1_525' title='bbox 2014 1629 2238 1664; x_wconf 88' lang='lat' dir='ltr'>Palaestinae</span> <span class='ocrx_word' id='word_1_526' title='bbox 2269 1638 2370 1672; x_wconf 89' lang='lat' dir='ltr'>prae-</span> 
     </span>
     <span class='ocr_line' id='line_1_72' title="bbox 1293 1673 2371 1719; baseline -0.001 -10"><span class='ocrx_word' id='word_1_527' title='bbox 1293 1674 1384 1710; x_wconf 85' lang='lat' dir='ltr'>sidet</span> <span class='ocrx_word' id='word_1_528' title='bbox 1404 1674 1596 1719; x_wconf 85' lang='lat' dir='ltr'>proconsul</span> <span class='ocrx_word' id='word_1_529' title='bbox 1618 1676 1672 1708; x_wconf 85' lang='lat' dir='ltr'>est</span> <span class='ocrx_word' id='word_1_530' title='bbox 1693 1674 1743 1709; x_wconf 88' lang='lat' dir='ltr'>eis</span> <span class='ocrx_word' id='word_1_531' title='bbox 1768 1675 1862 1709; x_wconf 88' lang='lat' dir='ltr'>sicut</span> <span class='ocrx_word' id='word_1_532' title='bbox 1881 1674 2008 1719; x_wconf 82' lang='lat' dir='ltr'>&lt;prius,</span> <span class='ocrx_word' id='word_1_533' title='bbox 2034 1673 2087 1719; x_wconf 85' lang='lat' dir='ltr'>et&gt;</span> <span class='ocrx_word' id='word_1_534' title='bbox 2111 1674 2221 1719; x_wconf 89' lang='lat' dir='ltr'>priori</span> <span class='ocrx_word' id='word_1_535' title='bbox 2242 1674 2371 1708; x_wconf 86' lang='lat' dir='ltr'>libera-</span> 
     </span>
     <span class='ocr_line' id='line_1_73' title="bbox 1293 1719 2371 1799; baseline -0.001 -45"><span class='ocrx_word' id='word_1_536' title='bbox 1293 1720 1578 1799; x_wconf 42' lang='grc' dir='ltr'>1115Ἔεὲ1ρθιόᾘίο</span> <span class='ocrx_word' id='word_1_537' title='bbox 1613 1730 1708 1754; x_wconf 91' lang='lat' dir='ltr'>nunc</span> <span class='ocrx_word' id='word_1_538' title='bbox 1746 1720 1783 1754; x_wconf 91' lang='lat' dir='ltr'>in</span> <span class='ocrx_word' id='word_1_539' title='bbox 1818 1720 1943 1755; x_wconf 89' lang='lat' dir='ltr'>maiori</span> <span class='ocrx_word' id='word_1_540' title='bbox 1979 1720 2046 1754; x_wconf 90' lang='lat' dir='ltr'>erit</span> <span class='ocrx_word' id='word_1_541' title='bbox 2081 1720 2217 1755; x_wconf 88' lang='lat' dir='ltr'>honore</span> <span class='ocrx_word' id='word_1_542' title='bbox 2253 1719 2371 1754; x_wconf 87' lang='lat' dir='ltr'>debito</span> 
     </span>
     <span class='ocr_line' id='line_1_74' title="bbox 1294 1775 1439 1800; baseline -0.007 0"><span class='ocrx_word' id='word_1_543' title='bbox 1294 1776 1361 1800; x_wconf 76' lang='lat' dir='ltr'>clvi</span> <span class='ocrx_word' id='word_1_544' title='bbox 1379 1775 1399 1799; x_wconf 90' lang='lat' dir='ltr'>a</span> <span class='ocrx_word' id='word_1_545' title='bbox 1418 1777 1439 1800; x_wconf 91' lang='lat'>1.</span> 
     </span>
    </p>
   </div>
   <div class='ocr_carea' id='block_1_25' title="bbox 1238 1812 1280 1844">
    <p class='ocr_par' dir='ltr' id='par_1_28' title="bbox 1238 1812 1280 1844">
     <span class='ocr_line' id='line_1_75' title="bbox 1238 1812 1280 1844; baseline 0 0"><span class='ocrx_word' id='word_1_546' title='bbox 1238 1812 1280 1844; x_wconf 80' lang='lat'>35</span> 
     </span>
    </p>
   </div>
   <div class='ocr_carea' id='block_1_26' title="bbox 1294 1853 2374 2071">
    <p class='ocr_par' dir='ltr' id='par_1_29' title="bbox 1294 1853 2374 2071">
     <span class='ocr_line' id='line_1_76' title="bbox 1338 1853 2373 1900; baseline -0.001 -11"><span class='ocrx_word' id='word_1_547' title='bbox 1338 1855 1598 1900; x_wconf 81' lang='lat' dir='ltr'>(Epilogus.)</span> <span class='ocrx_word' id='word_1_548' title='bbox 1645 1855 1743 1899; x_wconf 78' lang='lat' dir='ltr'>Quae</span> <span class='ocrx_word' id='word_1_549' title='bbox 1767 1856 1874 1899; x_wconf 86' lang='lat' dir='ltr'>igitur</span> <span class='ocrx_word' id='word_1_550' title='bbox 1897 1855 2110 1900; x_wconf 83' lang='lat' dir='ltr'>placuerunt</span> <span class='ocrx_word' id='word_1_551' title='bbox 2129 1853 2233 1888; x_wconf 91' lang='lat' dir='ltr'>nobis</span> <span class='ocrx_word' id='word_1_552' title='bbox 2253 1855 2289 1888; x_wconf 89' lang='lat' dir='ltr'>et</span> <span class='ocrx_word' id='word_1_553' title='bbox 2309 1863 2373 1898; x_wconf 89' lang='lat' dir='ltr'>per</span> 
     </span>
     <span class='ocr_line' id='line_1_77' title="bbox 1294 1899 2374 1946; baseline -0.002 -11"><span class='ocrx_word' id='word_1_554' title='bbox 1294 1901 1386 1935; x_wconf 88' lang='lat' dir='ltr'>hanc</span> <span class='ocrx_word' id='word_1_555' title='bbox 1423 1910 1561 1935; x_wconf 89' lang='lat' dir='ltr'>sacram</span> <span class='ocrx_word' id='word_1_556' title='bbox 1601 1901 1858 1945; x_wconf 84' lang='lat' dir='ltr'>pragmaticam</span> <span class='ocrx_word' id='word_1_557' title='bbox 1898 1903 1934 1935; x_wconf 86' lang='lat' dir='ltr'>et</span> <span class='ocrx_word' id='word_1_558' title='bbox 1973 1900 2154 1946; x_wconf 90' lang='lat' dir='ltr'>propriam</span> <span class='ocrx_word' id='word_1_559' title='bbox 2192 1899 2374 1935; x_wconf 83' lang='lat' dir='ltr'>declarata</span> 
     </span>
     <span class='ocr_line' id='line_1_78' title="bbox 1295 1944 2373 1991; baseline -0.002 -11"><span class='ocrx_word' id='word_1_560' title='bbox 1295 1949 1378 1980; x_wconf 89' lang='lat' dir='ltr'>sunt</span> <span class='ocrx_word' id='word_1_561' title='bbox 1406 1946 1534 1990; x_wconf 87' lang='lat' dir='ltr'>legem,</span> <span class='ocrx_word' id='word_1_562' title='bbox 1566 1950 1630 1980; x_wconf 89' lang='lat' dir='ltr'>tua</span> <span class='ocrx_word' id='word_1_563' title='bbox 1654 1946 1827 1981; x_wconf 88' lang='lat' dir='ltr'>celsitudo</span> <span class='ocrx_word' id='word_1_564' title='bbox 1859 1946 1960 1991; x_wconf 87' lang='lat' dir='ltr'>operi</span> <span class='ocrx_word' id='word_1_565' title='bbox 1991 1945 2201 1988; x_wconf 87' lang='lat' dir='ltr'>effectuique</span> <span class='ocrx_word' id='word_1_566' title='bbox 2232 1944 2373 1979; x_wconf 86' lang='lat' dir='ltr'>tradere</span> 
     </span>
     <span class='ocr_line' id='line_1_79' title="bbox 1294 1989 2371 2044; baseline -0.002 -18"><span class='ocrx_word' id='word_1_567' title='bbox 1294 1991 1450 2027; x_wconf 87' lang='lat' dir='ltr'>festinet.</span> <span class='ocrx_word' id='word_1_568' title='bbox 1467 2036 1487 2044; x_wconf 94' lang='lat'>..</span> <span class='ocrx_word' id='word_1_569' title='bbox 1553 1991 1637 2027; x_wconf 89' lang='lat' dir='ltr'>Dat.</span> <span class='ocrx_word' id='word_1_570' title='bbox 1663 1992 1734 2027; x_wconf 88' lang='lat' dir='ltr'>kal.</span> <span class='ocrx_word' id='word_1_571' title='bbox 1760 1992 1826 2026; x_wconf 95' lang='lat' dir='ltr'>Iul.</span> <span class='ocrx_word' id='word_1_572' title='bbox 1854 1991 2165 2035; x_wconf 84' lang='lat' dir='ltr'>Constantinopoli</span> <span class='ocrx_word' id='word_1_573' title='bbox 2195 2000 2252 2035; x_wconf 89' lang='lat' dir='ltr'>pc.</span> <span class='ocrx_word' id='word_1_574' title='bbox 2279 1989 2371 2024; x_wconf 89' lang='lat' dir='ltr'>Beli-</span> 
     </span>
     <span class='ocr_line' id='line_1_80' title="bbox 1404 2047 1600 2071; baseline 0 0"><span class='ocrx_word' id='word_1_575' title='bbox 1404 2047 1488 2071; x_wconf 85' lang='lat' dir='ltr'>sarn</span> <span class='ocrx_word' id='word_1_576' title='bbox 1512 2047 1542 2071; x_wconf 92' lang='lat' dir='ltr'>v.</span> <span class='ocrx_word' id='word_1_577' title='bbox 1570 2047 1600 2071; x_wconf 92' lang='lat' dir='ltr'>c.</span> 
     </span>
    </p>
   </div>
   <div class='ocr_carea' id='block_1_27' title="bbox 147 2123 2375 2220">
    <p class='ocr_par' dir='ltr' id='par_1_30' title="bbox 147 2123 2375 2220">
     <span class='ocr_line' id='line_1_81' title="bbox 147 2123 2375 2170; baseline 0 -12"><span class='ocrx_word' id='word_1_578' title='bbox 147 2123 185 2158; x_wconf 85' lang='lat' dir='ltr'>id</span> <span class='ocrx_word' id='word_1_579' title='bbox 208 2123 307 2168; x_wconf 87' lang='lat' dir='ltr'>quod</span> <span class='ocrx_word' id='word_1_580' title='bbox 337 2133 530 2167; x_wconf 82' lang='lat' dir='ltr'>numquam</span> <span class='ocrx_word' id='word_1_581' title='bbox 560 2128 700 2167; x_wconf 82' lang='lat' dir='ltr'>aqetur,</span> <span class='ocrx_word' id='word_1_582' title='bbox 732 2124 764 2157; x_wconf 91' lang='lat' dir='ltr'>si</span> <span class='ocrx_word' id='word_1_583' title='bbox 795 2123 857 2158; x_wconf 90' lang='lat' dir='ltr'>ille</span> <span class='ocrx_word' id='word_1_584' title='bbox 884 2125 1136 2169; x_wconf 81' lang='lat' dir='ltr'>maqistratum</span> <span class='ocrx_word' id='word_1_585' title='bbox 1166 2124 1303 2159; x_wconf 81' lang='lat' dir='ltr'>civilem</span> <span class='ocrx_word' id='word_1_586' title='bbox 1333 2124 1560 2159; x_wconf 76' lang='lat' dir='ltr'>administret</span> <span class='ocrx_word' id='word_1_587' title='bbox 1590 2127 1625 2159; x_wconf 85' lang='lat' dir='ltr'>et</span> <span class='ocrx_word' id='word_1_588' title='bbox 1656 2124 1869 2170; x_wconf 86' lang='lat' dir='ltr'>disciplinae</span> <span class='ocrx_word' id='word_1_589' title='bbox 1899 2124 2140 2159; x_wconf 86' lang='lat' dir='ltr'>subiectorum</span> <span class='ocrx_word' id='word_1_590' title='bbox 2162 2124 2375 2170; x_wconf 85' lang='lat' dir='ltr'>prospiciat</span> 
     </span>
     <span class='ocr_line' id='line_1_82' title="bbox 148 2167 2372 2220; baseline 0.001 -18"><span class='ocrx_word' id='word_1_591' title='bbox 148 2176 255 2214; x_wconf 88' lang='lat' dir='ltr'>atque</span> <span class='ocrx_word' id='word_1_592' title='bbox 280 2168 459 2202; x_wconf 76' lang='lat' dir='ltr'>auxilium</span> <span class='ocrx_word' id='word_1_593' title='bbox 481 2178 504 2201; x_wconf 91' lang='lat' dir='ltr'>a</span> <span class='ocrx_word' id='word_1_594' title='bbox 528 2167 698 2201; x_wconf 77' lang='lat' dir='ltr'>militibus</span> <span class='ocrx_word' id='word_1_595' title='bbox 721 2167 852 2203; x_wconf 78' lang='lat' dir='ltr'>babeat</span> <span class='ocrx_word' id='word_1_596' title='bbox 875 2173 909 2202; x_wconf 88' lang='lat' dir='ltr'>et</span> <span class='ocrx_word' id='word_1_597' title='bbox 931 2169 963 2202; x_wconf 89' lang='lat' dir='ltr'>si</span> <span class='ocrx_word' id='word_1_598' title='bbox 987 2169 1074 2214; x_wconf 89' lang='lat' dir='ltr'>quid</span> <span class='ocrx_word' id='word_1_599' title='bbox 1096 2168 1300 2220; x_wconf 80' lang='lat' dir='ltr'>importune</span> <span class='ocrx_word' id='word_1_600' title='bbox 1322 2169 1365 2212; x_wconf 82' lang='lat' dir='ltr'>sil</span> <span class='ocrx_word' id='word_1_601' title='bbox 1390 2172 1461 2202; x_wconf 91' lang='lat' dir='ltr'>tam</span> <span class='ocrx_word' id='word_1_602' title='bbox 1485 2169 1578 2203; x_wconf 91' lang='lat' dir='ltr'>inter</span> <span class='ocrx_word' id='word_1_603' title='bbox 1601 2169 1702 2214; x_wconf 87' lang='lat' dir='ltr'>ipsos</span> <span class='ocrx_word' id='word_1_604' title='bbox 1725 2169 1855 2204; x_wconf 75' lang='lat' dir='ltr'>milites</span> <span class='ocrx_word' id='word_1_605' title='bbox 1878 2180 1986 2214; x_wconf 83' lang='lat' dir='ltr'>quam</span> <span class='ocrx_word' id='word_1_606' title='bbox 2012 2170 2107 2205; x_wconf 85' lang='lat' dir='ltr'>inter</span> <span class='ocrx_word' id='word_1_607' title='bbox 2131 2174 2269 2204; x_wconf 86' lang='lat' dir='ltr'>ceteros</span> <span class='ocrx_word' id='word_1_608' title='bbox 2293 2169 2372 2204; x_wconf 88' lang='lat' dir='ltr'>illo-</span> 
     </span>
    </p>
   </div>
   <div class='ocr_carea' id='block_1_28' title="bbox 149 2212 2373 2307">
    <p class='ocr_par' dir='ltr' id='par_1_31' title="bbox 149 2212 2373 2307">
     <span class='ocr_line' id='line_1_83' title="bbox 149 2212 2373 2260; baseline 0.001 -13"><span class='ocrx_word' id='word_1_609' title='bbox 149 2215 171 2248; x_wconf 91' lang='lat'>1</span> <span class='ocrx_word' id='word_1_610' title='bbox 216 2223 297 2247; x_wconf 90' lang='lat' dir='ltr'>rum</span> <span class='ocrx_word' id='word_1_611' title='bbox 322 2223 434 2258; x_wconf 88' lang='lat' dir='ltr'>opera</span> <span class='ocrx_word' id='word_1_612' title='bbox 458 2212 617 2257; x_wconf 81' lang='lat' dir='ltr'>castiqet.</span> <span class='ocrx_word' id='word_1_613' title='bbox 710 2212 832 2247; x_wconf 86' lang='lat' dir='ltr'>Erunt</span> <span class='ocrx_word' id='word_1_614' title='bbox 864 2224 948 2248; x_wconf 85' lang='lat' dir='ltr'>vero</span> <span class='ocrx_word' id='word_1_615' title='bbox 974 2223 1134 2258; x_wconf 86' lang='lat' dir='ltr'>prorsus</span> <span class='ocrx_word' id='word_1_616' title='bbox 1163 2217 1256 2248; x_wconf 83' lang='lat' dir='ltr'>inter</span> <span class='ocrx_word' id='word_1_617' title='bbox 1287 2223 1324 2247; x_wconf 86' lang='lat' dir='ltr'>se</span> <span class='ocrx_word' id='word_1_618' title='bbox 1356 2213 1502 2247; x_wconf 87' lang='lat' dir='ltr'>discreti</span> <span class='ocrx_word' id='word_1_619' title='bbox 1533 2214 1740 2259; x_wconf 82' lang='lat' dir='ltr'>spectabilis</span> <span class='ocrx_word' id='word_1_620' title='bbox 1771 2214 1849 2248; x_wconf 81' lang='lat' dir='ltr'>dux</span> <span class='ocrx_word' id='word_1_621' title='bbox 1875 2216 2036 2248; x_wconf 85' lang='lat' dir='ltr'>locorum</span> <span class='ocrx_word' id='word_1_622' title='bbox 2066 2218 2102 2249; x_wconf 86' lang='lat' dir='ltr'>et</span> <span class='ocrx_word' id='word_1_623' title='bbox 2132 2216 2161 2248; x_wconf 86' lang='lat' dir='ltr'>is</span> <span class='ocrx_word' id='word_1_624' title='bbox 2221 2215 2257 2249; x_wconf 92' lang='lat' dir='ltr'>ui</span> <span class='ocrx_word' id='word_1_625' title='bbox 2282 2225 2373 2260; x_wconf 86' lang='lat' dir='ltr'>pro-</span> 
     </span>
     <span class='ocr_line' id='line_1_84' title="bbox 149 2226 2372 2307; baseline 0 -15"><span class='ocrx_word' id='word_1_626' title='bbox 149 2258 375 2293; x_wconf 79' lang='lat' dir='ltr'>consularem</span> <span class='ocrx_word' id='word_1_627' title='bbox 398 2257 647 2307; x_wconf 76' lang='lat' dir='ltr'>maqistratum</span> <span class='ocrx_word' id='word_1_628' title='bbox 673 2257 789 2292; x_wconf 75' lang='lat' dir='ltr'>babet.</span> <span class='ocrx_word' id='word_1_629' title='bbox 838 2258 956 2302; x_wconf 81' lang='lat' dir='ltr'>Atque</span> <span class='ocrx_word' id='word_1_630' title='bbox 977 2258 1069 2292; x_wconf 87' lang='lat' dir='ltr'>alter</span> <span class='ocrx_word' id='word_1_631' title='bbox 1089 2257 1260 2292; x_wconf 77' lang='lat' dir='ltr'>militibus</span> <span class='ocrx_word' id='word_1_632' title='bbox 1276 2259 1440 2303; x_wconf 86' lang='lat' dir='ltr'>praeerit</span> <span class='ocrx_word' id='word_1_633' title='bbox 1463 2262 1497 2292; x_wconf 83' lang='lat' dir='ltr'>et</span> <span class='ocrx_word' id='word_1_634' title='bbox 1518 2258 1708 2293; x_wconf 81' lang='lat' dir='ltr'>limitaneis</span> <span class='ocrx_word' id='word_1_635' title='bbox 1727 2262 1763 2293; x_wconf 90' lang='lat' dir='ltr'>et</span> <span class='ocrx_word' id='word_1_636' title='bbox 1785 2258 1989 2303; x_wconf 83' lang='lat' dir='ltr'>foederatis</span> <span class='ocrx_word' id='word_1_637' title='bbox 2013 2264 2047 2294; x_wconf 87' lang='lat' dir='ltr'>et</span> <span class='ocrx_word' id='word_1_638' title='bbox 2066 2259 2097 2293; x_wconf 89' lang='lat' dir='ltr'>si</span> <span class='ocrx_word' id='word_1_639' title='bbox 2120 2226 2215 2304; x_wconf 55' lang='lat' dir='ltr'>quid</span> <span class='ocrx_word' id='word_1_640' title='bbox 2228 2259 2372 2294; x_wconf 89' lang='lat' dir='ltr'>omnino</span> 
     </span>
    </p>
   </div>
   <div class='ocr_carea' id='block_1_29' title="bbox 144 2302 2375 2711">
    <p class='ocr_par' dir='ltr' id='par_1_32' title="bbox 144 2302 2375 2711">
     <span class='ocr_line' id='line_1_85' title="bbox 149 2302 2372 2352; baseline 0 -15"><span class='ocrx_word' id='word_1_641' title='bbox 149 2303 187 2337; x_wconf 91' lang='lat' dir='ltr'>in</span> <span class='ocrx_word' id='word_1_642' title='bbox 243 2303 403 2337; x_wconf 86' lang='lat' dir='ltr'>rovincia</span> <span class='ocrx_word' id='word_1_643' title='bbox 434 2312 471 2335; x_wconf 85' lang='lat' dir='ltr'>in</span> <span class='ocrx_word' id='word_1_644' title='bbox 502 2302 614 2336; x_wconf 87' lang='lat' dir='ltr'>armis</span> <span class='ocrx_word' id='word_1_645' title='bbox 644 2307 714 2343; x_wconf 88' lang='lat' dir='ltr'>est,</span> <span class='ocrx_word' id='word_1_646' title='bbox 746 2304 911 2347; x_wconf 78' lang='lat' dir='ltr'>exceptis</span> <span class='ocrx_word' id='word_1_647' title='bbox 941 2302 1114 2337; x_wconf 81' lang='lat' dir='ltr'>militibus</span> <span class='ocrx_word' id='word_1_648' title='bbox 1139 2302 1354 2352; x_wconf 80' lang='lat' dir='ltr'>proconsuli</span> <span class='ocrx_word' id='word_1_649' title='bbox 1385 2302 1587 2347; x_wconf 86' lang='lat' dir='ltr'>deputatis;</span> <span class='ocrx_word' id='word_1_650' title='bbox 1625 2303 1717 2338; x_wconf 87' lang='lat' dir='ltr'>alter</span> <span class='ocrx_word' id='word_1_651' title='bbox 1740 2303 1896 2338; x_wconf 82' lang='lat' dir='ltr'>civilium</span> <span class='ocrx_word' id='word_1_652' title='bbox 1926 2314 2165 2349; x_wconf 84' lang='lat' dir='ltr'>personarum</span> <span class='ocrx_word' id='word_1_653' title='bbox 2197 2307 2231 2338; x_wconf 89' lang='lat' dir='ltr'>et</span> <span class='ocrx_word' id='word_1_654' title='bbox 2253 2314 2372 2338; x_wconf 86' lang='lat' dir='ltr'>rerum</span> 
     </span>
     <span class='ocr_line' id='line_1_86' title="bbox 150 2346 2374 2393; baseline 0 -11"><span class='ocrx_word' id='word_1_655' title='bbox 150 2347 198 2381; x_wconf 91' lang='lat' dir='ltr'>mi</span> <span class='ocrx_word' id='word_1_656' title='bbox 213 2349 372 2392; x_wconf 87' lang='lat' dir='ltr'>itumque</span> <span class='ocrx_word' id='word_1_657' title='bbox 396 2346 459 2392; x_wconf 83' lang='lat' dir='ltr'>qui</span> <span class='ocrx_word' id='word_1_658' title='bbox 482 2346 552 2392; x_wconf 88' lang='lat' dir='ltr'>ipsi</span> <span class='ocrx_word' id='word_1_659' title='bbox 574 2347 779 2381; x_wconf 85' lang='lat' dir='ltr'>ministrant</span> <span class='ocrx_word' id='word_1_660' title='bbox 803 2358 927 2381; x_wconf 86' lang='lat' dir='ltr'>curam</span> <span class='ocrx_word' id='word_1_661' title='bbox 950 2352 984 2381; x_wconf 83' lang='lat' dir='ltr'>et</span> <span class='ocrx_word' id='word_1_662' title='bbox 1008 2347 1207 2381; x_wconf 82' lang='lat' dir='ltr'>custodiam</span> <span class='ocrx_word' id='word_1_663' title='bbox 1231 2347 1383 2382; x_wconf 78' lang='lat' dir='ltr'>babebit.</span> <span class='ocrx_word' id='word_1_664' title='bbox 1432 2346 1556 2391; x_wconf 80' lang='lat' dir='ltr'>Neque</span> <span class='ocrx_word' id='word_1_665' title='bbox 1589 2350 1705 2382; x_wconf 87' lang='lat' dir='ltr'>tamen</span> <span class='ocrx_word' id='word_1_666' title='bbox 1729 2348 1960 2393; x_wconf 85' lang='lat' dir='ltr'>publicorum</span> <span class='ocrx_word' id='word_1_667' title='bbox 1993 2348 2206 2383; x_wconf 85' lang='lat' dir='ltr'>tributorum</span> <span class='ocrx_word' id='word_1_668' title='bbox 2230 2349 2374 2384; x_wconf 84' lang='lat' dir='ltr'>nomine</span> 
     </span>
     <span class='ocr_line' id='line_1_87' title="bbox 151 2391 2374 2437; baseline 0 -10"><span class='ocrx_word' id='word_1_669' title='bbox 151 2392 207 2428; x_wconf 88' lang='lat' dir='ltr'>vel</span> <span class='ocrx_word' id='word_1_670' title='bbox 228 2392 415 2427; x_wconf 86' lang='lat' dir='ltr'>seditionis</span> <span class='ocrx_word' id='word_1_671' title='bbox 438 2391 637 2437; x_wconf 86' lang='lat' dir='ltr'>popularis</span> <span class='ocrx_word' id='word_1_672' title='bbox 669 2392 857 2437; x_wconf 86' lang='lat' dir='ltr'>quisquam</span> <span class='ocrx_word' id='word_1_673' title='bbox 889 2392 1034 2426; x_wconf 88' lang='lat' dir='ltr'>omnino</span> <span class='ocrx_word' id='word_1_674' title='bbox 1062 2391 1242 2426; x_wconf 77' lang='lat' dir='ltr'>eximetur</span> <span class='ocrx_word' id='word_1_675' title='bbox 1274 2403 1297 2426; x_wconf 91' lang='lat' dir='ltr'>a</span> <span class='ocrx_word' id='word_1_676' title='bbox 1328 2391 1536 2437; x_wconf 83' lang='lat' dir='ltr'>spectabilis</span> <span class='ocrx_word' id='word_1_677' title='bbox 1564 2392 1795 2437; x_wconf 81' lang='lat' dir='ltr'>proconsulis</span> <span class='ocrx_word' id='word_1_678' title='bbox 1826 2393 2092 2434; x_wconf 84' lang='lat' dir='ltr'>iurisdictione,</span> <span class='ocrx_word' id='word_1_679' title='bbox 2123 2393 2188 2428; x_wconf 89' lang='lat' dir='ltr'>sed</span> <span class='ocrx_word' id='word_1_680' title='bbox 2211 2394 2374 2428; x_wconf 87' lang='lat' dir='ltr'>omnibus</span> 
     </span>
     <span class='ocr_line' id='line_1_88' title="bbox 144 2436 2375 2483; baseline 0.001 -12"><span class='ocrx_word' id='word_1_681' title='bbox 144 2438 323 2483; x_wconf 85' lang='lat' dir='ltr'>praeerit,</span> <span class='ocrx_word' id='word_1_682' title='bbox 349 2438 511 2472; x_wconf 83' lang='lat' dir='ltr'>omnibus</span> <span class='ocrx_word' id='word_1_683' title='bbox 534 2437 741 2482; x_wconf 76' lang='lat' dir='ltr'>imperabit,</span> <span class='ocrx_word' id='word_1_684' title='bbox 773 2447 838 2471; x_wconf 86' lang='lat' dir='ltr'>nec</span> <span class='ocrx_word' id='word_1_685' title='bbox 863 2437 1052 2481; x_wconf 84' lang='lat' dir='ltr'>quisquam</span> <span class='ocrx_word' id='word_1_686' title='bbox 1082 2436 1290 2482; x_wconf 78' lang='lat' dir='ltr'>praeceptis</span> <span class='ocrx_word' id='word_1_687' title='bbox 1317 2438 1394 2471; x_wconf 84' lang='lat' dir='ltr'>eius</span> <span class='ocrx_word' id='word_1_688' title='bbox 1422 2436 1565 2471; x_wconf 83' lang='lat' dir='ltr'>resistet</span> <span class='ocrx_word' id='word_1_689' title='bbox 1595 2448 1710 2482; x_wconf 87' lang='lat' dir='ltr'>neque</span> <span class='ocrx_word' id='word_1_690' title='bbox 1740 2438 1962 2472; x_wconf 84' lang='lat' dir='ltr'>occasionem</span> <span class='ocrx_word' id='word_1_691' title='bbox 1994 2438 2105 2472; x_wconf 90' lang='lat' dir='ltr'>ullam</span> <span class='ocrx_word' id='word_1_692' title='bbox 2137 2438 2279 2474; x_wconf 76' lang='lat' dir='ltr'>habebit</span> <span class='ocrx_word' id='word_1_693' title='bbox 2309 2442 2375 2474; x_wconf 84' lang='lat' dir='ltr'>aut</span> 
     </span>
     <span class='ocr_line' id='line_1_89' title="bbox 147 2480 2374 2534; baseline 0.001 -18"><span class='ocrx_word' id='word_1_694' title='bbox 147 2483 274 2527; x_wconf 80' lang='lat' dir='ltr'>fiscum</span> <span class='ocrx_word' id='word_1_695' title='bbox 304 2481 510 2526; x_wconf 87' lang='lat' dir='ltr'>fraudandi</span> <span class='ocrx_word' id='word_1_696' title='bbox 539 2486 604 2516; x_wconf 84' lang='lat' dir='ltr'>aut</span> <span class='ocrx_word' id='word_1_697' title='bbox 633 2482 726 2517; x_wconf 87' lang='lat' dir='ltr'>cives</span> <span class='ocrx_word' id='word_1_698' title='bbox 757 2481 892 2516; x_wconf 89' lang='lat' dir='ltr'>iniuria</span> <span class='ocrx_word' id='word_1_699' title='bbox 921 2481 1114 2526; x_wconf 76' lang='lat' dir='ltr'>afficiendi</span> <span class='ocrx_word' id='word_1_700' title='bbox 1135 2482 1308 2527; x_wconf 90' lang='lat' dir='ltr'>publicae</span> <span class='ocrx_word' id='word_1_701' title='bbox 1339 2480 1528 2516; x_wconf 83' lang='lat' dir='ltr'>seditionis</span> <span class='ocrx_word' id='word_1_702' title='bbox 1558 2487 1688 2516; x_wconf 84' lang='lat' dir='ltr'>auctor</span> <span class='ocrx_word' id='word_1_703' title='bbox 1716 2482 1860 2527; x_wconf 87' lang='lat' dir='ltr'>factus,</span> <span class='ocrx_word' id='word_1_704' title='bbox 1898 2493 2013 2534; x_wconf 86' lang='lat' dir='ltr'>neque</span> <span class='ocrx_word' id='word_1_705' title='bbox 2044 2486 2110 2518; x_wconf 86' lang='lat' dir='ltr'>aut</span> <span class='ocrx_word' id='word_1_706' title='bbox 2140 2483 2277 2529; x_wconf 76' lang='lat' dir='ltr'>cinquli</span> <span class='ocrx_word' id='word_1_707' title='bbox 2308 2488 2374 2519; x_wconf 85' lang='lat' dir='ltr'>aut</span> 
     </span>
     <span class='ocr_line' id='line_1_90' title="bbox 151 2526 2374 2574; baseline 0.001 -13"><span class='ocrx_word' id='word_1_708' title='bbox 151 2527 341 2572; x_wconf 81' lang='lat' dir='ltr'>diqnitatis</span> <span class='ocrx_word' id='word_1_709' title='bbox 372 2531 437 2561; x_wconf 88' lang='lat' dir='ltr'>aut</span> <span class='ocrx_word' id='word_1_710' title='bbox 466 2526 662 2561; x_wconf 86' lang='lat' dir='ltr'>sacerdotii</span> <span class='ocrx_word' id='word_1_711' title='bbox 695 2531 759 2561; x_wconf 89' lang='lat' dir='ltr'>aut</span> <span class='ocrx_word' id='word_1_712' title='bbox 789 2527 883 2561; x_wconf 86' lang='lat' dir='ltr'>alius</span> <span class='ocrx_word' id='word_1_713' title='bbox 913 2527 1023 2560; x_wconf 88' lang='lat' dir='ltr'>ullius</span> <span class='ocrx_word' id='word_1_714' title='bbox 1055 2536 1187 2561; x_wconf 86' lang='lat' dir='ltr'>causae</span> <span class='ocrx_word' id='word_1_715' title='bbox 1207 2526 1403 2572; x_wconf 73' lang='lat' dir='ltr'>privileqio</span> <span class='ocrx_word' id='word_1_716' title='bbox 1435 2530 1567 2568; x_wconf 85' lang='lat' dir='ltr'>utetur,</span> <span class='ocrx_word' id='word_1_717' title='bbox 1599 2526 1663 2561; x_wconf 88' lang='lat' dir='ltr'>sed</span> <span class='ocrx_word' id='word_1_718' title='bbox 1692 2537 1734 2561; x_wconf 87' lang='lat' dir='ltr'>eo</span> <span class='ocrx_word' id='word_1_719' title='bbox 1767 2527 1846 2562; x_wconf 90' lang='lat' dir='ltr'>solo</span> <span class='ocrx_word' id='word_1_720' title='bbox 1874 2538 1913 2563; x_wconf 85' lang='lat' dir='ltr'>se</span> <span class='ocrx_word' id='word_1_721' title='bbox 1942 2539 2020 2573; x_wconf 85' lang='lat' dir='ltr'>ipse</span> <span class='ocrx_word' id='word_1_722' title='bbox 2052 2539 2074 2562; x_wconf 94' lang='lat' dir='ltr'>a</span> <span class='ocrx_word' id='word_1_723' title='bbox 2106 2539 2210 2563; x_wconf 77' lang='lat' dir='ltr'>noxa</span> <span class='ocrx_word' id='word_1_724' title='bbox 2242 2529 2374 2574; x_wconf 88' lang='lat' dir='ltr'>eripiet</span> 
     </span>
     <span class='ocr_line' id='line_1_91' title="bbox 150 2570 2372 2620; baseline 0 -13"><span class='ocrx_word' id='word_1_725' title='bbox 150 2573 174 2607; x_wconf 80' lang='lat'>2</span> <span class='ocrx_word' id='word_1_726' title='bbox 221 2572 320 2617; x_wconf 80' lang='lat' dir='ltr'>quod</span> <span class='ocrx_word' id='word_1_727' title='bbox 342 2571 514 2605; x_wconf 86' lang='lat' dir='ltr'>innocens</span> <span class='ocrx_word' id='word_1_728' title='bbox 535 2571 592 2606; x_wconf 89' lang='lat' dir='ltr'>sit.</span> <span class='ocrx_word' id='word_1_729' title='bbox 664 2571 764 2606; x_wconf 91' lang='lat' dir='ltr'>Haec</span> <span class='ocrx_word' id='word_1_730' title='bbox 781 2571 894 2616; x_wconf 76' lang='lat' dir='ltr'>iqitur</span> <span class='ocrx_word' id='word_1_731' title='bbox 917 2570 1000 2605; x_wconf 77' lang='lat' dir='ltr'>kuic</span> <span class='ocrx_word' id='word_1_732' title='bbox 1023 2582 1178 2616; x_wconf 87' lang='lat' dir='ltr'>quoque,</span> <span class='ocrx_word' id='word_1_733' title='bbox 1203 2576 1243 2606; x_wconf 89' lang='lat' dir='ltr'>ut</span> <span class='ocrx_word' id='word_1_734' title='bbox 1264 2582 1378 2616; x_wconf 87' lang='lat' dir='ltr'>supra</span> <span class='ocrx_word' id='word_1_735' title='bbox 1402 2571 1572 2613; x_wconf 76' lang='lat' dir='ltr'>diximus,</span> <span class='ocrx_word' id='word_1_736' title='bbox 1597 2573 1828 2615; x_wconf 79' lang='lat' dir='ltr'>maqistratui</span> <span class='ocrx_word' id='word_1_737' title='bbox 1852 2573 2090 2614; x_wconf 82' lang='lat' dir='ltr'>concedimus,</span> <span class='ocrx_word' id='word_1_738' title='bbox 2116 2584 2266 2618; x_wconf 83' lang='lat' dir='ltr'>eumque</span> <span class='ocrx_word' id='word_1_739' title='bbox 2284 2585 2372 2620; x_wconf 85' lang='lat' dir='ltr'>per-</span> 
     </span>
     <span class='ocr_line' id='line_1_92' title="bbox 146 2616 2372 2664; baseline 0.001 -13"><span class='ocrx_word' id='word_1_740' title='bbox 146 2620 258 2663; x_wconf 87' lang='lat' dir='ltr'>petuo</span> <span class='ocrx_word' id='word_1_741' title='bbox 284 2616 465 2652; x_wconf 86' lang='lat' dir='ltr'>custodire</span> <span class='ocrx_word' id='word_1_742' title='bbox 487 2627 555 2661; x_wconf 85' lang='lat' dir='ltr'>per</span> <span class='ocrx_word' id='word_1_743' title='bbox 575 2616 668 2650; x_wconf 81' lang='lat' dir='ltr'>banc</span> <span class='ocrx_word' id='word_1_744' title='bbox 691 2627 834 2651; x_wconf 90' lang='lat' dir='ltr'>sacram</span> <span class='ocrx_word' id='word_1_745' title='bbox 852 2617 1121 2662; x_wconf 79' lang='lat' dir='ltr'>praqmaticam</span> <span class='ocrx_word' id='word_1_746' title='bbox 1147 2616 1259 2661; x_wconf 77' lang='lat' dir='ltr'>leqem</span> <span class='ocrx_word' id='word_1_747' title='bbox 1283 2616 1456 2651; x_wconf 84' lang='lat' dir='ltr'>volumus.</span> <span class='ocrx_word' id='word_1_748' title='bbox 1506 2616 1633 2662; x_wconf 76' lang='lat' dir='ltr'>anue</span> <span class='ocrx_word' id='word_1_749' title='bbox 1656 2621 1697 2651; x_wconf 90' lang='lat' dir='ltr'>ut</span> <span class='ocrx_word' id='word_1_750' title='bbox 1720 2622 1782 2652; x_wconf 92' lang='lat' dir='ltr'>tua</span> <span class='ocrx_word' id='word_1_751' title='bbox 1806 2628 1950 2663; x_wconf 85' lang='lat' dir='ltr'>quoque</span> <span class='ocrx_word' id='word_1_752' title='bbox 1972 2618 2173 2653; x_wconf 83' lang='lat' dir='ltr'>sublimitas</span> <span class='ocrx_word' id='word_1_753' title='bbox 2194 2624 2372 2664; x_wconf 81' lang='lat' dir='ltr'>perpetuo</span> 
     </span>
     <span class='ocr_line' id='line_1_93' title="bbox 151 2660 2374 2711; baseline 0.001 -15"><span class='ocrx_word' id='word_1_754' title='bbox 151 2662 331 2697; x_wconf 87' lang='lat' dir='ltr'>custodiat</span> <span class='ocrx_word' id='word_1_755' title='bbox 354 2661 552 2702; x_wconf 88' lang='lat' dir='ltr'>sancimus,</span> <span class='ocrx_word' id='word_1_756' title='bbox 584 2665 619 2695; x_wconf 91' lang='lat' dir='ltr'>et</span> <span class='ocrx_word' id='word_1_757' title='bbox 639 2664 677 2695; x_wconf 87' lang='lat' dir='ltr'>ut</span> <span class='ocrx_word' id='word_1_758' title='bbox 700 2660 894 2696; x_wconf 89' lang='lat' dir='ltr'>secundum</span> <span class='ocrx_word' id='word_1_759' title='bbox 917 2661 1011 2695; x_wconf 77' lang='lat' dir='ltr'>hunc</span> <span class='ocrx_word' id='word_1_760' title='bbox 1035 2661 1187 2711; x_wconf 39' lang='lat' dir='ltr'>modum·</span> <span class='ocrx_word' id='word_1_761' title='bbox 1196 2661 1486 2706; x_wconf 86' lang='lat' dir='ltr'>particularibus</span> <span class='ocrx_word' id='word_1_762' title='bbox 1508 2663 1603 2697; x_wconf 86' lang='lat' dir='ltr'>sedis</span> <span class='ocrx_word' id='word_1_763' title='bbox 1634 2666 1716 2697; x_wconf 90' lang='lat' dir='ltr'>tuae</span> <span class='ocrx_word' id='word_1_764' title='bbox 1737 2663 1944 2708; x_wconf 81' lang='lat' dir='ltr'>praeceptis</span> <span class='ocrx_word' id='word_1_765' title='bbox 1968 2662 2234 2706; x_wconf 83' lang='lat' dir='ltr'>adscribantur,</span> <span class='ocrx_word' id='word_1_766' title='bbox 2265 2669 2374 2709; x_wconf 88' lang='lat' dir='ltr'>atque</span> 
     </span>
    </p>
   </div>
   <div class='ocr_carea' id='block_1_30' title="bbox 150 2706 2374 2798">
    <p class='ocr_par' dir='ltr' id='par_1_33' title="bbox 150 2706 2374 2798">
     <span class='ocr_line' id='line_1_94' title="bbox 152 2706 2372 2754; baseline 0.001 -12"><span class='ocrx_word' id='word_1_767' title='bbox 152 2717 273 2742; x_wconf 88' lang='lat' dir='ltr'>omnes</span> <span class='ocrx_word' id='word_1_768' title='bbox 297 2706 500 2741; x_wconf 87' lang='lat' dir='ltr'>Palaestini</span> <span class='ocrx_word' id='word_1_769' title='bbox 519 2706 558 2740; x_wconf 88' lang='lat' dir='ltr'>in</span> <span class='ocrx_word' id='word_1_770' title='bbox 579 2710 717 2751; x_wconf 87' lang='lat' dir='ltr'>tempus</span> <span class='ocrx_word' id='word_1_771' title='bbox 737 2708 905 2751; x_wconf 82' lang='lat' dir='ltr'>futurum</span> <span class='ocrx_word' id='word_1_772' title='bbox 930 2710 1152 2752; x_wconf 62' lang='lat' dir='ltr'>cognoscant</span> <span class='ocrx_word' id='word_1_773' title='bbox 1174 2716 1231 2740; x_wconf 84' lang='lat' dir='ltr'>ius</span> <span class='ocrx_word' id='word_1_774' title='bbox 1249 2706 1533 2751; x_wconf 87' lang='lat' dir='ltr'>proconsulatus</span> <span class='ocrx_word' id='word_1_775' title='bbox 1557 2707 1646 2753; x_wconf 89' lang='lat' dir='ltr'>ipsis</span> <span class='ocrx_word' id='word_1_776' title='bbox 1670 2718 1798 2754; x_wconf 85' lang='lat' dir='ltr'>rursus</span> <span class='ocrx_word' id='word_1_777' title='bbox 1821 2707 2000 2743; x_wconf 85' lang='lat' dir='ltr'>redditum</span> <span class='ocrx_word' id='word_1_778' title='bbox 2024 2713 2060 2743; x_wconf 88' lang='lat' dir='ltr'>et</span> <span class='ocrx_word' id='word_1_779' title='bbox 2074 2709 2220 2754; x_wconf 87' lang='lat' dir='ltr'>primae</span> <span class='ocrx_word' id='word_1_780' title='bbox 2242 2708 2372 2744; x_wconf 88' lang='lat' dir='ltr'>Palae·</span> 
     </span>
     <span class='ocr_line' id='line_1_95' title="bbox 150 2750 2374 2798; baseline 0.001 -12"><span class='ocrx_word' id='word_1_781' title='bbox 150 2751 267 2787; x_wconf 88' lang='lat' dir='ltr'>stinae</span> <span class='ocrx_word' id='word_1_782' title='bbox 288 2750 489 2798; x_wconf 87' lang='lat' dir='ltr'>praesidem</span> <span class='ocrx_word' id='word_1_783' title='bbox 506 2752 765 2797; x_wconf 85' lang='lat' dir='ltr'>proconsulem</span> <span class='ocrx_word' id='word_1_784' title='bbox 781 2752 826 2786; x_wconf 88' lang='lat' dir='ltr'>iis</span> <span class='ocrx_word' id='word_1_785' title='bbox 841 2762 918 2786; x_wconf 88' lang='lat' dir='ltr'>esse</span> <span class='ocrx_word' id='word_1_786' title='bbox 937 2757 978 2786; x_wconf 92' lang='lat' dir='ltr'>ut</span> <span class='ocrx_word' id='word_1_787' title='bbox 997 2754 1118 2794; x_wconf 90' lang='lat' dir='ltr'>antea,</span> <span class='ocrx_word' id='word_1_788' title='bbox 1141 2761 1292 2796; x_wconf 89' lang='lat' dir='ltr'>eumque</span> <span class='ocrx_word' id='word_1_789' title='bbox 1317 2762 1340 2785; x_wconf 91' lang='lat' dir='ltr'>a</span> <span class='ocrx_word' id='word_1_790' title='bbox 1354 2752 1484 2797; x_wconf 89' lang='lat' dir='ltr'>priore</span> <span class='ocrx_word' id='word_1_791' title='bbox 1507 2752 1700 2797; x_wconf 85' lang='lat' dir='ltr'>supercilio</span> <span class='ocrx_word' id='word_1_792' title='bbox 1725 2753 1880 2787; x_wconf 90' lang='lat' dir='ltr'>solutum</span> <span class='ocrx_word' id='word_1_793' title='bbox 1904 2763 2000 2788; x_wconf 87' lang='lat' dir='ltr'>nunc</span> <span class='ocrx_word' id='word_1_794' title='bbox 2022 2753 2060 2788; x_wconf 88' lang='lat' dir='ltr'>in</span> <span class='ocrx_word' id='word_1_795' title='bbox 2080 2753 2217 2789; x_wconf 90' lang='lat' dir='ltr'>maiore</span> <span class='ocrx_word' id='word_1_796' title='bbox 2236 2753 2374 2790; x_wconf 75' lang='lat' dir='ltr'>bonore</span> 
     </span>
    </p>
   </div>
   <div class='ocr_carea' id='block_1_31' title="bbox 150 2796 630 2887">
    <p class='ocr_par' dir='ltr' id='par_1_34' title="bbox 150 2796 630 2887">
     <span class='ocr_line' id='line_1_96' title="bbox 150 2796 630 2840; baseline -0.002 -9"><span class='ocrx_word' id='word_1_797' title='bbox 150 2797 288 2832; x_wconf 84' lang='lat' dir='ltr'>civitati</span> <span class='ocrx_word' id='word_1_798' title='bbox 312 2796 429 2831; x_wconf 86' lang='lat' dir='ltr'>debito</span> <span class='ocrx_word' id='word_1_799' title='bbox 452 2796 630 2840; x_wconf 83' lang='lat' dir='ltr'>futurum.</span> 
     </span>
     <span class='ocr_line' id='line_1_97' title="bbox 287 2840 528 2887; baseline 0 -12"><span class='ocrx_word' id='word_1_800' title='bbox 287 2840 349 2887; x_wconf 75' lang='lat' dir='ltr'>Ep</span> <span class='ocrx_word' id='word_1_801' title='bbox 361 2842 373 2875; x_wconf 86' lang='lat' dir='ltr'>i</span> <span class='ocrx_word' id='word_1_802' title='bbox 384 2841 397 2875; x_wconf 89' lang='lat' dir='ltr'>l</span> <span class='ocrx_word' id='word_1_803' title='bbox 404 2852 425 2876; x_wconf 90' lang='grc' dir='ltr'><strong><em>ο</em></strong></span> <span class='ocrx_word' id='word_1_804' title='bbox 434 2853 458 2886; x_wconf 75' lang='lat'><em>9</em></span> <span class='ocrx_word' id='word_1_805' title='bbox 468 2853 491 2875; x_wconf 94' lang='lat' dir='ltr'>u</span> <span class='ocrx_word' id='word_1_806' title='bbox 499 2853 528 2876; x_wconf 90' lang='lat' dir='ltr'>s.</span> 
     </span>
    </p>
   </div>
   <div class='ocr_carea' id='block_1_32' title="bbox 577 2840 2373 2890">
    <p class='ocr_par' dir='ltr' id='par_1_35' title="bbox 577 2840 2373 2890">
     <span class='ocr_line' id='line_1_98' title="bbox 577 2840 2373 2890; baseline 0.002 -14"><span class='ocrx_word' id='word_1_807' title='bbox 577 2840 677 2884; x_wconf 79' lang='lat' dir='ltr'>Quae</span> <span class='ocrx_word' id='word_1_808' title='bbox 700 2842 812 2888; x_wconf 75' lang='lat' dir='ltr'>iqitur</span> <span class='ocrx_word' id='word_1_809' title='bbox 843 2841 947 2876; x_wconf 88' lang='lat' dir='ltr'>nobis</span> <span class='ocrx_word' id='word_1_810' title='bbox 969 2842 1193 2887; x_wconf 87' lang='lat' dir='ltr'>placuerunt</span> <span class='ocrx_word' id='word_1_811' title='bbox 1223 2844 1258 2876; x_wconf 87' lang='lat' dir='ltr'>et</span> <span class='ocrx_word' id='word_1_812' title='bbox 1285 2851 1354 2886; x_wconf 89' lang='lat' dir='ltr'>per</span> <span class='ocrx_word' id='word_1_813' title='bbox 1385 2841 1479 2876; x_wconf 78' lang='lat' dir='ltr'>lianc</span> <span class='ocrx_word' id='word_1_814' title='bbox 1508 2852 1651 2876; x_wconf 87' lang='lat' dir='ltr'>sacram</span> <span class='ocrx_word' id='word_1_815' title='bbox 1677 2842 1947 2888; x_wconf 80' lang='lat' dir='ltr'>praqmaticam</span> <span class='ocrx_word' id='word_1_816' title='bbox 1979 2847 2016 2879; x_wconf 85' lang='lat' dir='ltr'>et</span> <span class='ocrx_word' id='word_1_817' title='bbox 2045 2843 2236 2890; x_wconf 85' lang='lat' dir='ltr'>specialem</span> <span class='ocrx_word' id='word_1_818' title='bbox 2261 2844 2373 2890; x_wconf 78' lang='lat' dir='ltr'>leqem</span> 
     </span>
    </p>
   </div>
   <div class='ocr_carea' id='block_1_33' title="bbox 150 2886 1790 2932">
    <p class='ocr_par' dir='ltr' id='par_1_36' title="bbox 150 2886 1790 2932">
     <span class='ocr_line' id='line_1_99' title="bbox 150 2886 1790 2932; baseline 0 -11"><span class='ocrx_word' id='word_1_819' title='bbox 150 2886 385 2922; x_wconf 86' lang='lat' dir='ltr'>declarantur</span> <span class='ocrx_word' id='word_1_820' title='bbox 411 2891 472 2921; x_wconf 89' lang='lat' dir='ltr'>tua</span> <span class='ocrx_word' id='word_1_821' title='bbox 494 2887 695 2922; x_wconf 81' lang='lat' dir='ltr'>sublimitas</span> <span class='ocrx_word' id='word_1_822' title='bbox 718 2887 767 2921; x_wconf 89' lang='lat' dir='ltr'>ad</span> <span class='ocrx_word' id='word_1_823' title='bbox 791 2897 883 2932; x_wconf 86' lang='lat' dir='ltr'>opus</span> <span class='ocrx_word' id='word_1_824' title='bbox 908 2889 955 2928; x_wconf 89' lang='lat' dir='ltr'>[et</span> <span class='ocrx_word' id='word_1_825' title='bbox 978 2887 1165 2927; x_wconf 83' lang='lat' dir='ltr'>rationem]</span> <span class='ocrx_word' id='word_1_826' title='bbox 1191 2890 1226 2920; x_wconf 89' lang='lat' dir='ltr'>et</span> <span class='ocrx_word' id='word_1_827' title='bbox 1250 2887 1415 2931; x_wconf 82' lang='lat' dir='ltr'>effectum</span> <span class='ocrx_word' id='word_1_828' title='bbox 1436 2886 1616 2921; x_wconf 87' lang='lat' dir='ltr'>adducere</span> <span class='ocrx_word' id='word_1_829' title='bbox 1638 2887 1790 2923; x_wconf 85' lang='lat' dir='ltr'>studeat.</span> 
     </span>
    </p>
   </div>
   <div class='ocr_carea' id='block_1_34' title="bbox 176 2938 1941 2945">
    <p class='ocr_par' dir='ltr' id='par_1_37' title="bbox 176 2938 1941 2945">
     <span class='ocr_line' id='line_1_100' title="bbox 176 2938 1941 2945; baseline 0 0"><span class='ocrx_word' id='word_1_830' title='bbox 176 2938 1941 2945; x_wconf 95' lang='lat' dir='ltr'> </span> 
     </span>
    </p>
   </div>
   <div class='ocr_carea' id='block_1_35' title="bbox 152 2962 1233 3787">
    <p class='ocr_par' dir='ltr' id='par_1_38' title="bbox 152 2962 1233 3787">
     <span class='ocr_line' id='line_1_101' title="bbox 196 2962 1233 3008; baseline 0 -11"><span class='ocrx_word' id='word_1_831' title='bbox 196 2966 216 2998; x_wconf 87' lang='lat'><strong>3</strong></span> <span class='ocrx_word' id='word_1_832' title='bbox 235 2962 417 3008; x_wconf 79' lang='grc' dir='ltr'><strong><em>δημοσίων</em></strong></span> <span class='ocrx_word' id='word_1_833' title='bbox 435 2977 493 2998; x_wconf 90' lang='lat' dir='ltr'>om.</span> <span class='ocrx_word' id='word_1_834' title='bbox 516 2977 544 3006; x_wconf 87' lang='grc' dir='ltr'><strong><em>ς,</em></strong></span> <span class='ocrx_word' id='word_1_835' title='bbox 570 2974 626 2998; x_wconf 83' lang='lat' dir='ltr'>aut</span> <span class='ocrx_word' id='word_1_836' title='bbox 643 2967 753 2998; x_wconf 87' lang='lat' dir='ltr'>abesse</span> <span class='ocrx_word' id='word_1_837' title='bbox 771 2972 826 2998; x_wconf 85' lang='lat' dir='ltr'>aut</span> <span class='ocrx_word' id='word_1_838' title='bbox 843 2967 874 2998; x_wconf 86' lang='lat' dir='ltr'>in</span> <span class='ocrx_word' id='word_1_839' title='bbox 892 2962 1097 3007; x_wconf 77' lang='grc' dir='ltr'><strong><em>δημοτικῶν</em></strong></span> <span class='ocrx_word' id='word_1_840' title='bbox 1113 2966 1233 2998; x_wconf 85' lang='lat' dir='ltr'>mutari</span> 
     </span>
     <span class='ocr_line' id='line_1_102' title="bbox 152 3009 1230 3065; baseline -0.002 -11"><span class='ocrx_word' id='word_1_841' title='bbox 152 3022 243 3054; x_wconf 86' lang='lat' dir='ltr'>malit</span> <span class='ocrx_word' id='word_1_842' title='bbox 251 3022 437 3054; x_wconf 78' lang='lat' dir='ltr'>Zachariae</span> <span class='ocrx_word' id='word_1_843' title='bbox 448 3019 459 3064; x_wconf 90' lang='grc' dir='ltr'>ΙΙ</span> <span class='ocrx_word' id='word_1_844' title='bbox 477 3021 495 3053; x_wconf 89' lang='grc'>8</span> <span class='ocrx_word' id='word_1_845' title='bbox 510 3009 674 3054; x_wconf 45' lang='grc' dir='ltr'><strong><em>ἄνθυπά]</em></strong></span> <span class='ocrx_word' id='word_1_846' title='bbox 689 3023 722 3061; x_wconf 85' lang='lat' dir='ltr'>(z&#39;.</span> <span class='ocrx_word' id='word_1_847' title='bbox 734 3034 759 3054; x_wconf 88' lang='lat' dir='ltr'>e.</span> <span class='ocrx_word' id='word_1_848' title='bbox 775 3018 1003 3061; x_wconf 83' lang='grc' dir='ltr'><strong><em>ἀνθυπάτου)</em></strong></span> <span class='ocrx_word' id='word_1_849' title='bbox 1020 3022 1050 3053; x_wconf 89' lang='lat' dir='ltr'><em>L</em></span> <span class='ocrx_word' id='word_1_850' title='bbox 1063 3021 1073 3065; x_wconf 84' lang='grc' dir='ltr'>ΙΙ</span> <span class='ocrx_word' id='word_1_851' title='bbox 1089 3023 1107 3054; x_wconf 87' lang='grc'>9</span> <span class='ocrx_word' id='word_1_852' title='bbox 1122 3032 1230 3064; x_wconf 91' lang='grc' dir='ltr'><strong><em>στρα-</em></strong></span> 
     </span>
     <span class='ocr_line' id='line_1_103' title="bbox 152 3063 1231 3111; baseline 0 -13"><span class='ocrx_word' id='word_1_853' title='bbox 152 3066 334 3099; x_wconf 89' lang='grc' dir='ltr'><strong><em>τιωτικῶν</em></strong></span> <span class='ocrx_word' id='word_1_854' title='bbox 348 3066 384 3098; x_wconf 87' lang='grc' dir='ltr'><em>Β</em></span> <span class='ocrx_word' id='word_1_855' title='bbox 400 3066 410 3108; x_wconf 83' lang='grc' dir='ltr'>ΙΙ</span> <span class='ocrx_word' id='word_1_856' title='bbox 432 3067 472 3098; x_wconf 86' lang='grc'>13</span> <span class='ocrx_word' id='word_1_857' title='bbox 497 3067 556 3097; x_wconf 84' lang='grc' dir='ltr'>καὶ</span> <span class='ocrx_word' id='word_1_858' title='bbox 581 3067 651 3107; x_wconf 86' lang='lat' dir='ltr'>(om.</span> <span class='ocrx_word' id='word_1_859' title='bbox 671 3067 731 3107; x_wconf 71' lang='lat' dir='ltr'>La)</span> <span class='ocrx_word' id='word_1_860' title='bbox 756 3063 1078 3111; x_wconf 84' lang='grc' dir='ltr'><strong><em>προσεδρευαντων</em></strong></span> <span class='ocrx_word' id='word_1_861' title='bbox 1092 3068 1160 3107; x_wconf 70' lang='lat' dir='ltr'>(sic)</span> <span class='ocrx_word' id='word_1_862' title='bbox 1176 3067 1206 3098; x_wconf 93' lang='lat' dir='ltr'><em>L</em></span> <span class='ocrx_word' id='word_1_863' title='bbox 1219 3065 1231 3110; x_wconf 80' lang='grc' dir='ltr'>Η</span> 
     </span>
     <span class='ocr_line' id='line_1_104' title="bbox 156 3107 1231 3154; baseline -0.001 -10"><span class='ocrx_word' id='word_1_864' title='bbox 156 3113 194 3144; x_wconf 91' lang='grc'>17</span> <span class='ocrx_word' id='word_1_865' title='bbox 210 3110 321 3144; x_wconf 76' lang='grc' dir='ltr'><strong><em>πᾶσιν</em></strong></span> <span class='ocrx_word' id='word_1_866' title='bbox 339 3108 500 3149; x_wconf 77' lang='grc' dir='ltr'><strong><em>ἐπιτάξει</em></strong></span> <span class='ocrx_word' id='word_1_867' title='bbox 522 3124 577 3142; x_wconf 88' lang='lat' dir='ltr'>om.</span> <span class='ocrx_word' id='word_1_868' title='bbox 594 3111 628 3143; x_wconf 91' lang='lat' dir='ltr'>B</span> <span class='ocrx_word' id='word_1_869' title='bbox 646 3111 658 3147; x_wconf 96' lang='grc' dir='ltr'>ΙΙ</span> <span class='ocrx_word' id='word_1_870' title='bbox 679 3113 718 3144; x_wconf 88' lang='grc'>19</span> <span class='ocrx_word' id='word_1_871' title='bbox 731 3107 815 3143; x_wconf 75' lang='grc' dir='ltr'><strong><em>οὐδὲ</em></strong></span> <span class='ocrx_word' id='word_1_872' title='bbox 831 3111 912 3152; x_wconf 76' lang='grc' dir='ltr'><strong><em>ἕξει]</em></strong></span> <span class='ocrx_word' id='word_1_873' title='bbox 938 3107 1002 3152; x_wconf 74' lang='grc' dir='ltr'>οὐχ</span> <span class='ocrx_word' id='word_1_874' title='bbox 1018 3110 1088 3150; x_wconf 75' lang='grc' dir='ltr'><strong><em>ἔξει</em></strong></span> <span class='ocrx_word' id='word_1_875' title='bbox 1105 3108 1144 3143; x_wconf 81' lang='grc' dir='ltr'><strong><em>δὲ</em></strong></span> <span class='ocrx_word' id='word_1_876' title='bbox 1161 3112 1196 3143; x_wconf 90' lang='grc' dir='ltr'><em>Β</em></span> <span class='ocrx_word' id='word_1_877' title='bbox 1221 3117 1231 3154; x_wconf 79' lang='grc' dir='ltr'>Η</span> 
     </span>
     <span class='ocr_line' id='line_1_105' title="bbox 155 3153 1230 3198; baseline 0.001 -11"><span class='ocrx_word' id='word_1_878' title='bbox 155 3158 196 3189; x_wconf 85' lang='grc'>20</span> <span class='ocrx_word' id='word_1_879' title='bbox 222 3153 369 3190; x_wconf 87' lang='grc' dir='ltr'><strong><em>πολίτας</em></strong></span> <span class='ocrx_word' id='word_1_880' title='bbox 393 3154 452 3195; x_wconf 79' lang='lat' dir='ltr'>L2]</span> <span class='ocrx_word' id='word_1_881' title='bbox 489 3153 619 3188; x_wconf 85' lang='grc' dir='ltr'><strong><em>παῖδας</em></strong></span> <span class='ocrx_word' id='word_1_882' title='bbox 643 3157 724 3188; x_wconf 89' lang='grc' dir='ltr'>ΜΒ</span> <span class='ocrx_word' id='word_1_883' title='bbox 763 3167 899 3189; x_wconf 61' lang='lat' dir='ltr'>menas</span> <span class='ocrx_word' id='word_1_884' title='bbox 920 3157 967 3188; x_wconf 89' lang='lat' dir='ltr'>L¹</span> <span class='ocrx_word' id='word_1_885' title='bbox 1003 3156 1143 3198; x_wconf 83' lang='lat' dir='ltr'>populos</span> <span class='ocrx_word' id='word_1_886' title='bbox 1168 3168 1187 3191; x_wconf 84' lang='grc' dir='ltr'><strong><em>ς</em></strong></span> <span class='ocrx_word' id='word_1_887' title='bbox 1220 3157 1230 3197; x_wconf 90' lang='grc' dir='ltr'>ΙΙ</span> 
     </span>
     <span class='ocr_line' id='line_1_106' title="bbox 155 3196 1229 3245; baseline -0.001 -10"><span class='ocrx_word' id='word_1_888' title='bbox 155 3203 196 3235; x_wconf 87' lang='grc'>22</span> <span class='ocrx_word' id='word_1_889' title='bbox 213 3199 396 3245; x_wconf 87' lang='grc' dir='ltr'><strong><em>προνόμια</em></strong></span> <span class='ocrx_word' id='word_1_890' title='bbox 411 3201 441 3232; x_wconf 88' lang='lat' dir='ltr'><em>L</em></span> <span class='ocrx_word' id='word_1_891' title='bbox 459 3200 471 3237; x_wconf 92' lang='grc' dir='ltr'>ΙΙ</span> <span class='ocrx_word' id='word_1_892' title='bbox 497 3202 538 3233; x_wconf 86' lang='grc'>23</span> <span class='ocrx_word' id='word_1_893' title='bbox 555 3198 682 3242; x_wconf 86' lang='grc' dir='ltr'><strong><em>μόνων</em></strong></span> <span class='ocrx_word' id='word_1_894' title='bbox 697 3201 739 3233; x_wconf 83' lang='lat' dir='ltr'><em>M</em></span> <span class='ocrx_word' id='word_1_895' title='bbox 751 3202 762 3243; x_wconf 76' lang='grc' dir='ltr'>ΙΙ</span> <span class='ocrx_word' id='word_1_896' title='bbox 780 3201 833 3242; x_wconf 74' lang='grc' dir='ltr'>τῷ</span> <span class='ocrx_word' id='word_1_897' title='bbox 851 3196 1050 3234; x_wconf 75' lang='grc' dir='ltr'><strong><em>ἀνεύθυνος</em></strong></span> <span class='ocrx_word' id='word_1_898' title='bbox 1066 3200 1159 3234; x_wconf 84' lang='grc' dir='ltr'><strong><em>εἶναι</em></strong></span> <span class='ocrx_word' id='word_1_899' title='bbox 1172 3202 1229 3242; x_wconf 91' lang='grc' dir='ltr'>Μ]</span> 
     </span>
     <span class='ocr_line' id='line_1_107' title="bbox 152 3241 1228 3290; baseline 0.001 -12"><span class='ocrx_word' id='word_1_900' title='bbox 152 3245 194 3278; x_wconf 86' lang='grc' dir='ltr'>τὸ</span> <span class='ocrx_word' id='word_1_901' title='bbox 217 3241 422 3278; x_wconf 75' lang='grc' dir='ltr'><strong><em>ἀνεύθυνον</em></strong></span> <span class='ocrx_word' id='word_1_902' title='bbox 446 3244 536 3278; x_wconf 82' lang='grc' dir='ltr'><strong><em>εἶναι</em></strong></span> <span class='ocrx_word' id='word_1_903' title='bbox 560 3245 629 3278; x_wconf 86' lang='lat' dir='ltr'>LB</span> <span class='ocrx_word' id='word_1_904' title='bbox 654 3248 754 3288; x_wconf 88' lang='lat' dir='ltr'>(quod</span> <span class='ocrx_word' id='word_1_905' title='bbox 775 3248 903 3279; x_wconf 81' lang='lat' dir='ltr'>videtur</span> <span class='ocrx_word' id='word_1_906' title='bbox 927 3259 1109 3290; x_wconf 69' lang='lat' dir='ltr'>ayne-scere,</span> <span class='ocrx_word' id='word_1_907' title='bbox 1135 3259 1228 3279; x_wconf 88' lang='lat' dir='ltr'>voca-</span> 
     </span>
     <span class='ocr_line' id='line_1_108' title="bbox 155 3287 1229 3332; baseline -0.002 -7"><span class='ocrx_word' id='word_1_908' title='bbox 155 3291 227 3324; x_wconf 80' lang='lat' dir='ltr'>bulo</span> <span class='ocrx_word' id='word_1_909' title='bbox 260 3289 392 3323; x_wconf 83' lang='grc' dir='ltr'><strong><em>ἑαυτὸν</em></strong></span> <span class='ocrx_word' id='word_1_910' title='bbox 419 3292 452 3323; x_wconf 84' lang='lat' dir='ltr'>in</span> <span class='ocrx_word' id='word_1_911' title='bbox 485 3287 597 3323; x_wconf 80' lang='grc' dir='ltr'><strong><em>αὐτὸν</em></strong></span> <span class='ocrx_word' id='word_1_912' title='bbox 625 3298 762 3332; x_wconf 85' lang='lat' dir='ltr'>mutato,</span> <span class='ocrx_word' id='word_1_913' title='bbox 793 3291 945 3324; x_wconf 83' lang='lat' dir='ltr'>Iulianus</span> <span class='ocrx_word' id='word_1_914' title='bbox 974 3291 1029 3324; x_wconf 90' lang='lat' dir='ltr'>sed</span> <span class='ocrx_word' id='word_1_915' title='bbox 1051 3302 1155 3324; x_wconf 90' lang='lat' dir='ltr'>unum</span> <span class='ocrx_word' id='word_1_916' title='bbox 1179 3302 1229 3323; x_wconf 89' lang='lat' dir='ltr'>so-</span> 
     </span>
     <span class='ocr_line' id='line_1_109' title="bbox 153 3335 1229 3378; baseline 0.001 -11"><span class='ocrx_word' id='word_1_917' title='bbox 153 3336 223 3368; x_wconf 91' lang='lat' dir='ltr'>lum</span> <span class='ocrx_word' id='word_1_918' title='bbox 248 3336 369 3368; x_wconf 82' lang='lat' dir='ltr'>eximat</span> <span class='ocrx_word' id='word_1_919' title='bbox 394 3346 468 3367; x_wconf 90' lang='lat' dir='ltr'>eum</span> <span class='ocrx_word' id='word_1_920' title='bbox 492 3336 531 3367; x_wconf 90' lang='lat' dir='ltr'>de</span> <span class='ocrx_word' id='word_1_921' title='bbox 547 3335 700 3368; x_wconf 86' lang='lat' dir='ltr'>manibus</span> <span class='ocrx_word' id='word_1_922' title='bbox 722 3336 928 3377; x_wconf 86' lang='lat' dir='ltr'>proconsulis</span> <span class='ocrx_word' id='word_1_923' title='bbox 952 3337 980 3368; x_wconf 89' lang='lat' dir='ltr'>si</span> <span class='ocrx_word' id='word_1_924' title='bbox 997 3338 1154 3378; x_wconf 85' lang='lat' dir='ltr'>appareat</span> <span class='ocrx_word' id='word_1_925' title='bbox 1178 3337 1229 3368; x_wconf 92' lang='lat' dir='ltr'>in—</span> 
     </span>
     <span class='ocr_line' id='line_1_110' title="bbox 154 3378 1231 3427; baseline 0 -14"><span class='ocrx_word' id='word_1_926' title='bbox 154 3382 288 3422; x_wconf 81' lang='lat' dir='ltr'>nocens)</span> <span class='ocrx_word' id='word_1_927' title='bbox 319 3381 330 3424; x_wconf 82' lang='grc' dir='ltr'>ΙΙ</span> <span class='ocrx_word' id='word_1_928' title='bbox 359 3382 401 3414; x_wconf 89' lang='grc'>24</span> <span class='ocrx_word' id='word_1_929' title='bbox 424 3382 483 3413; x_wconf 85' lang='grc' dir='ltr'>καὶ</span> <span class='ocrx_word' id='word_1_930' title='bbox 507 3378 621 3427; x_wconf 78' lang='grc' dir='ltr'><strong><em>ταύτῃ</em></strong></span> <span class='ocrx_word' id='word_1_931' title='bbox 647 3381 727 3421; x_wconf 90' lang='lat' dir='ltr'>LB]</span> <span class='ocrx_word' id='word_1_932' title='bbox 763 3383 822 3413; x_wconf 84' lang='grc' dir='ltr'>καὶ</span> <span class='ocrx_word' id='word_1_933' title='bbox 845 3381 983 3423; x_wconf 80' lang='grc' dir='ltr'><strong><em>ταύτην</em></strong></span> <span class='ocrx_word' id='word_1_934' title='bbox 1008 3383 1064 3422; x_wconf 85' lang='lat' dir='ltr'>M,</span> <span class='ocrx_word' id='word_1_935' title='bbox 1094 3395 1152 3414; x_wconf 85' lang='lat' dir='ltr'>om.</span> <span class='ocrx_word' id='word_1_936' title='bbox 1177 3393 1197 3417; x_wconf 81' lang='grc' dir='ltr'><strong><em>ς</em></strong></span> <span class='ocrx_word' id='word_1_937' title='bbox 1219 3380 1231 3426; x_wconf 80' lang='grc' dir='ltr'>Η</span> 
     </span>
     <span class='ocr_line' id='line_1_111' title="bbox 155 3422 1229 3472; baseline -0.001 -12"><span class='ocrx_word' id='word_1_938' title='bbox 155 3428 197 3460; x_wconf 86' lang='grc'>25</span> <span class='ocrx_word' id='word_1_939' title='bbox 211 3422 417 3472; x_wconf 79' lang='grc' dir='ltr'><strong><em>φυλάττειν]</em></strong></span> <span class='ocrx_word' id='word_1_940' title='bbox 443 3422 636 3470; x_wconf 83' lang='grc' dir='ltr'><strong><em>φυλάττειν</em></strong></span> <span class='ocrx_word' id='word_1_941' title='bbox 657 3422 750 3458; x_wconf 81' lang='grc' dir='ltr'><strong><em>αὐτὰ</em></strong></span> <span class='ocrx_word' id='word_1_942' title='bbox 774 3427 808 3458; x_wconf 91' lang='grc' dir='ltr'><em>Β</em></span> <span class='ocrx_word' id='word_1_943' title='bbox 826 3425 838 3468; x_wconf 78' lang='grc' dir='ltr'>ΙΙ</span> <span class='ocrx_word' id='word_1_944' title='bbox 857 3428 898 3460; x_wconf 88' lang='grc'>26</span> <span class='ocrx_word' id='word_1_945' title='bbox 919 3423 1024 3459; x_wconf 79' lang='grc' dir='ltr'><strong><em>τοῦδε</em></strong></span> <span class='ocrx_word' id='word_1_946' title='bbox 1037 3427 1125 3467; x_wconf 88' lang='grc' dir='ltr'>ΜΒ]</span> <span class='ocrx_word' id='word_1_947' title='bbox 1149 3424 1229 3459; x_wconf 79' lang='grc' dir='ltr'><strong><em>τού-</em></strong></span> 
     </span>
     <span class='ocr_line' id='line_1_112' title="bbox 155 3466 1230 3515; baseline 0 -11"><span class='ocrx_word' id='word_1_948' title='bbox 155 3483 218 3504; x_wconf 89' lang='grc' dir='ltr'>του</span> <span class='ocrx_word' id='word_1_949' title='bbox 242 3469 285 3514; x_wconf 87' lang='grc' dir='ltr'><strong><em>δὴ</em></strong></span> <span class='ocrx_word' id='word_1_950' title='bbox 313 3471 428 3514; x_wconf 71' lang='lat' dir='ltr'><em>L1127</em></span> <span class='ocrx_word' id='word_1_951' title='bbox 456 3466 545 3503; x_wconf 76' lang='grc' dir='ltr'><strong><em>αὐτὰ</em></strong></span> <span class='ocrx_word' id='word_1_952' title='bbox 569 3471 614 3511; x_wconf 87' lang='grc' dir='ltr'>Β]</span> <span class='ocrx_word' id='word_1_953' title='bbox 640 3466 753 3513; x_wconf 76' lang='grc' dir='ltr'><strong><em>αὐτὴν</em></strong></span> <span class='ocrx_word' id='word_1_954' title='bbox 778 3471 870 3507; x_wconf 68' lang='grc' dir='ltr'><strong><em>ΜΕς</em></strong></span> <span class='ocrx_word' id='word_1_955' title='bbox 889 3470 901 3515; x_wconf 85' lang='grc' dir='ltr'>ΙΙ</span> <span class='ocrx_word' id='word_1_956' title='bbox 918 3473 959 3505; x_wconf 86' lang='grc'>28</span> <span class='ocrx_word' id='word_1_957' title='bbox 984 3470 1076 3504; x_wconf 84' lang='grc' dir='ltr'><strong><em>κατὰ</em></strong></span> <span class='ocrx_word' id='word_1_958' title='bbox 1101 3472 1230 3504; x_wconf 78' lang='grc' dir='ltr'><strong><em>τοῦτον</em></strong></span> 
     </span>
     <span class='ocr_line' id='line_1_113' title="bbox 156 3513 1230 3561; baseline 0.001 -14"><span class='ocrx_word' id='word_1_959' title='bbox 156 3515 404 3561; x_wconf 80' lang='grc' dir='ltr'><strong><em>ἐγγράφεσθαι</em></strong></span> <span class='ocrx_word' id='word_1_960' title='bbox 419 3515 485 3549; x_wconf 89' lang='grc' dir='ltr'>τὸν</span> <span class='ocrx_word' id='word_1_961' title='bbox 496 3513 645 3559; x_wconf 81' lang='grc' dir='ltr'><strong><em>τρόπον]</em></strong></span> <span class='ocrx_word' id='word_1_962' title='bbox 667 3516 848 3548; x_wconf 87' lang='lat' dir='ltr'>secundum</span> <span class='ocrx_word' id='word_1_963' title='bbox 865 3516 1025 3558; x_wconf 88' lang='lat' dir='ltr'>scriptum</span> <span class='ocrx_word' id='word_1_964' title='bbox 1041 3516 1172 3549; x_wconf 89' lang='lat' dir='ltr'>modum</span> <span class='ocrx_word' id='word_1_965' title='bbox 1188 3528 1207 3553; x_wconf 85' lang='grc' dir='ltr'><strong><em>ς</em></strong></span> <span class='ocrx_word' id='word_1_966' title='bbox 1218 3517 1230 3560; x_wconf 72' lang='grc' dir='ltr'>ΙΙ</span> 
     </span>
     <span class='ocr_line' id='line_1_114' title="bbox 158 3559 1231 3606; baseline 0.002 -13"><span class='ocrx_word' id='word_1_967' title='bbox 158 3562 200 3593; x_wconf 78' lang='grc'>29</span> <span class='ocrx_word' id='word_1_968' title='bbox 223 3561 290 3594; x_wconf 84' lang='grc' dir='ltr'>τὸν</span> <span class='ocrx_word' id='word_1_969' title='bbox 314 3559 454 3606; x_wconf 88' lang='grc' dir='ltr'><strong><em>θρόνον</em></strong></span> <span class='ocrx_word' id='word_1_970' title='bbox 486 3560 551 3594; x_wconf 86' lang='grc' dir='ltr'>τὸν</span> <span class='ocrx_word' id='word_1_971' title='bbox 581 3560 649 3593; x_wconf 83' lang='grc' dir='ltr'>σὸν</span> <span class='ocrx_word' id='word_1_972' title='bbox 681 3561 731 3593; x_wconf 83' lang='lat' dir='ltr'>B⁶</span> <span class='ocrx_word' id='word_1_973' title='bbox 760 3560 772 3604; x_wconf 83' lang='grc' dir='ltr'>ΙΙ</span> <span class='ocrx_word' id='word_1_974' title='bbox 801 3562 840 3595; x_wconf 88' lang='grc'>31</span> <span class='ocrx_word' id='word_1_975' title='bbox 872 3560 1107 3604; x_wconf 87' lang='grc' dir='ltr'><strong><em>παλαιστίνης</em></strong></span> <span class='ocrx_word' id='word_1_976' title='bbox 1138 3563 1189 3595; x_wconf 79' lang='lat' dir='ltr'>L“</span> <span class='ocrx_word' id='word_1_977' title='bbox 1220 3565 1231 3602; x_wconf 85' lang='grc' dir='ltr'>ΙΙ</span> 
     </span>
     <span class='ocr_line' id='line_1_115' title="bbox 158 3602 1231 3649; baseline 0.002 -11"><span class='ocrx_word' id='word_1_978' title='bbox 158 3606 200 3638; x_wconf 89' lang='grc'>32</span> <span class='ocrx_word' id='word_1_979' title='bbox 223 3602 467 3640; x_wconf 76' lang='grc' dir='ltr'><strong><em>*ἀποδέδοται</em></strong></span> <span class='ocrx_word' id='word_1_980' title='bbox 491 3606 667 3646; x_wconf 86' lang='lat' dir='ltr'>(redditum</span> <span class='ocrx_word' id='word_1_981' title='bbox 692 3609 740 3638; x_wconf 84' lang='lat' dir='ltr'>est</span> <span class='ocrx_word' id='word_1_982' title='bbox 763 3607 806 3648; x_wconf 83' lang='grc' dir='ltr'><strong><em>ς)]</em></strong></span> <span class='ocrx_word' id='word_1_983' title='bbox 847 3603 1063 3640; x_wconf 80' lang='grc' dir='ltr'><strong><em>ἀποδίδοται</em></strong></span> <span class='ocrx_word' id='word_1_984' title='bbox 1087 3606 1197 3640; x_wconf 86' lang='lat' dir='ltr'>MLB</span> <span class='ocrx_word' id='word_1_985' title='bbox 1219 3605 1231 3649; x_wconf 91' lang='grc' dir='ltr'>ΙΙ</span> 
     </span>
     <span class='ocr_line' id='line_1_116' title="bbox 159 3647 1231 3695; baseline 0.002 -12"><span class='ocrx_word' id='word_1_986' title='bbox 159 3651 200 3683; x_wconf 91' lang='grc'>33</span> <span class='ocrx_word' id='word_1_987' title='bbox 226 3651 324 3684; x_wconf 83' lang='grc' dir='ltr'><strong><em>ἐστιν</em></strong></span> <span class='ocrx_word' id='word_1_988' title='bbox 347 3648 465 3685; x_wconf 78' lang='grc' dir='ltr'><strong><em>αὐτοῖς</em></strong></span> <span class='ocrx_word' id='word_1_989' title='bbox 490 3652 535 3684; x_wconf 87' lang='lat' dir='ltr'><em>M</em></span> <span class='ocrx_word' id='word_1_990' title='bbox 538 3654 568 3692; x_wconf 86' lang='grc' dir='ltr'><strong><em>ς]</em></strong></span> <span class='ocrx_word' id='word_1_991' title='bbox 604 3647 723 3684; x_wconf 74' lang='grc' dir='ltr'><strong><em>αὐτοῖς</em></strong></span> <span class='ocrx_word' id='word_1_992' title='bbox 747 3652 845 3684; x_wconf 80' lang='grc' dir='ltr'><strong><em>ἐστιν</em></strong></span> <span class='ocrx_word' id='word_1_993' title='bbox 871 3653 905 3684; x_wconf 91' lang='grc' dir='ltr'><em>Β</em></span> <span class='ocrx_word' id='word_1_994' title='bbox 949 3648 1067 3684; x_wconf 78' lang='grc' dir='ltr'><strong><em>αὐτοῖς</em></strong></span> <span class='ocrx_word' id='word_1_995' title='bbox 1091 3648 1131 3684; x_wconf 78' lang='grc' dir='ltr'><strong><em>δὲ</em></strong></span> <span class='ocrx_word' id='word_1_996' title='bbox 1153 3653 1185 3685; x_wconf 91' lang='lat' dir='ltr'><em>L</em></span> <span class='ocrx_word' id='word_1_997' title='bbox 1220 3652 1231 3695; x_wconf 82' lang='grc' dir='ltr'>ΙΙ</span> 
     </span>
     <span class='ocr_line' id='line_1_117' title="bbox 159 3692 1231 3742; baseline 0.001 -14"><span class='ocrx_word' id='word_1_998' title='bbox 159 3696 203 3728; x_wconf 88' lang='grc'>34</span> <span class='ocrx_word' id='word_1_999' title='bbox 226 3692 493 3742; x_wconf 72' lang='grc' dir='ltr'><strong><em>ἀπηλλαγμένης</em></strong></span> <span class='ocrx_word' id='word_1_1000' title='bbox 510 3698 540 3729; x_wconf 88' lang='lat' dir='ltr'><em>L</em></span> <span class='ocrx_word' id='word_1_1001' title='bbox 559 3697 570 3740; x_wconf 82' lang='grc' dir='ltr'>ΙΙ</span> <span class='ocrx_word' id='word_1_1002' title='bbox 587 3699 627 3730; x_wconf 85' lang='grc'>37</span> <span class='ocrx_word' id='word_1_1003' title='bbox 650 3699 710 3729; x_wconf 87' lang='grc' dir='ltr'>καὶ</span> <span class='ocrx_word' id='word_1_1004' title='bbox 731 3694 844 3729; x_wconf 82' lang='grc' dir='ltr'><strong><em>ἰδικοῦ</em></strong></span> <span class='ocrx_word' id='word_1_1005' title='bbox 859 3698 930 3738; x_wconf 63' lang='lat' dir='ltr'>Mc]</span> <span class='ocrx_word' id='word_1_1006' title='bbox 955 3710 1013 3730; x_wconf 74' lang='lat' dir='ltr'>om·</span> <span class='ocrx_word' id='word_1_1007' title='bbox 1028 3698 1058 3729; x_wconf 92' lang='lat' dir='ltr'><em>L</em></span> <span class='ocrx_word' id='word_1_1008' title='bbox 1077 3696 1090 3741; x_wconf 88' lang='grc' dir='ltr'>ΙΙ</span> <span class='ocrx_word' id='word_1_1009' title='bbox 1106 3698 1148 3731; x_wconf 86' lang='grc'>38</span> <span class='ocrx_word' id='word_1_1010' title='bbox 1171 3699 1231 3729; x_wconf 84' lang='grc' dir='ltr'>καὶ</span> 
     </span>
     <span class='ocr_line' id='line_1_118' title="bbox 160 3738 1231 3787; baseline 0.001 -14"><span class='ocrx_word' id='word_1_1011' title='bbox 160 3738 317 3786; x_wconf 73' lang='grc' dir='ltr'><strong><em>λόγῳΙῑΙ,</em></strong></span> <span class='ocrx_word' id='word_1_1012' title='bbox 342 3756 397 3775; x_wconf 83' lang='grc' dir='ltr'><strong><em>οηι.</em></strong></span> <span class='ocrx_word' id='word_1_1013' title='bbox 414 3744 466 3778; x_wconf 64' lang='lat' dir='ltr'>Le</span> <span class='ocrx_word' id='word_1_1014' title='bbox 486 3742 499 3787; x_wconf 83' lang='grc' dir='ltr'>ΙΙ</span> <span class='ocrx_word' id='word_1_1015' title='bbox 528 3744 570 3775; x_wconf 81' lang='grc'>39</span> <span class='ocrx_word' id='word_1_1016' title='bbox 595 3745 715 3775; x_wconf 87' lang='lat' dir='ltr'>subscr.</span> <span class='ocrx_word' id='word_1_1017' title='bbox 742 3755 799 3775; x_wconf 86' lang='lat' dir='ltr'>om.</span> <span class='ocrx_word' id='word_1_1018' title='bbox 822 3743 883 3775; x_wconf 85' lang='lat' dir='ltr'>Iul.</span> <span class='ocrx_word' id='word_1_1019' title='bbox 906 3743 919 3786; x_wconf 83' lang='grc' dir='ltr'>ΙΙ</span> <span class='ocrx_word' id='word_1_1020' title='bbox 950 3743 981 3774; x_wconf 89' lang='lat' dir='ltr'>k.</span> <span class='ocrx_word' id='word_1_1021' title='bbox 1007 3742 1072 3775; x_wconf 87' lang='lat' dir='ltr'>Iul.</span> <span class='ocrx_word' id='word_1_1022' title='bbox 1098 3753 1118 3779; x_wconf 80' lang='grc' dir='ltr'><strong><em>ς</em></strong></span> <span class='ocrx_word' id='word_1_1023' title='bbox 1145 3744 1231 3786; x_wconf 85' lang='grc' dir='ltr'><strong><em>μηνὶ</em></strong></span> 
     </span>
    </p>
   </div>
   <div class='ocr_carea' id='block_1_36' title="bbox 1263 2960 2378 3145">
    <p class='ocr_par' dir='ltr' id='par_1_39' title="bbox 1263 2960 2378 3145">
     <span class='ocr_line' id='line_1_119' title="bbox 1296 2960 2372 3009; baseline 0.006 -13"><span class='ocrx_word' id='word_1_1024' title='bbox 1296 2960 1429 3006; x_wconf 82' lang='grc' dir='ltr'><strong><em>Ἰουλίῳ</em></strong></span> <span class='ocrx_word' id='word_1_1025' title='bbox 1454 2965 1529 2996; x_wconf 80' lang='lat' dir='ltr'>Ath.</span> <span class='ocrx_word' id='word_1_1026' title='bbox 1547 2966 1679 3006; x_wconf 68' lang='lat' dir='ltr'>Theod]</span> <span class='ocrx_word' id='word_1_1027' title='bbox 1704 2966 1736 2997; x_wconf 91' lang='lat' dir='ltr'>k.</span> <span class='ocrx_word' id='word_1_1028' title='bbox 1762 2967 1832 2999; x_wconf 90' lang='lat' dir='ltr'>iun.</span> <span class='ocrx_word' id='word_1_1029' title='bbox 1858 2967 1905 2999; x_wconf 86' lang='lat' dir='ltr'><em>M</em></span> <span class='ocrx_word' id='word_1_1030' title='bbox 1921 2962 2036 3009; x_wconf 67' lang='lat' dir='ltr'>(Jorle</span> <span class='ocrx_word' id='word_1_1031' title='bbox 2059 2978 2119 2999; x_wconf 82' lang='lat' dir='ltr'>xv.</span> <span class='ocrx_word' id='word_1_1032' title='bbox 2144 2969 2176 3000; x_wconf 91' lang='lat' dir='ltr'>k.</span> <span class='ocrx_word' id='word_1_1033' title='bbox 2202 2964 2287 3001; x_wconf 72' lang='lat' dir='ltr'>Iun.³</span> <span class='ocrx_word' id='word_1_1034' title='bbox 2305 2970 2372 3002; x_wconf 90' lang='lat' dir='ltr'>Za-</span> 
     </span>
     <span class='ocr_line' id='line_1_120' title="bbox 1263 3009 2374 3057; baseline 0.003 -15"><span class='ocrx_word' id='word_1_1035' title='bbox 1263 3028 1265 3053; x_wconf 62' lang='lat' dir='ltr'>l</span> <span class='ocrx_word' id='word_1_1036' title='bbox 1299 3010 1442 3051; x_wconf 69' lang='lat' dir='ltr'>char-iae)</span> <span class='ocrx_word' id='word_1_1037' title='bbox 1459 3009 1471 3052; x_wconf 74' lang='grc'>11</span> <span class='ocrx_word' id='word_1_1038' title='bbox 1490 3019 1538 3051; x_wconf 91' lang='lat' dir='ltr'>cp.</span> <span class='ocrx_word' id='word_1_1039' title='bbox 1553 3010 1607 3042; x_wconf 91' lang='lat' dir='ltr'>dn.</span> <span class='ocrx_word' id='word_1_1040' title='bbox 1623 3011 1782 3043; x_wconf 85' lang='lat' dir='ltr'>iustinan.</span> <span class='ocrx_word' id='word_1_1041' title='bbox 1795 3021 1851 3054; x_wconf 89' lang='lat' dir='ltr'>pp.</span> <span class='ocrx_word' id='word_1_1042' title='bbox 1865 3022 1940 3053; x_wconf 86' lang='lat' dir='ltr'>aug.</span> <span class='ocrx_word' id='word_1_1043' title='bbox 1956 3012 2006 3053; x_wconf 88' lang='lat' dir='ltr'>M,</span> <span class='ocrx_word' id='word_1_1044' title='bbox 2029 3025 2086 3045; x_wconf 87' lang='lat' dir='ltr'>om.</span> <span class='ocrx_word' id='word_1_1045' title='bbox 2101 3024 2120 3048; x_wconf 82' lang='grc' dir='ltr'><strong><em>ς</em></strong></span> <span class='ocrx_word' id='word_1_1046' title='bbox 2137 3013 2210 3046; x_wconf 68' lang='lat' dir='ltr'>Am.</span> <span class='ocrx_word' id='word_1_1047' title='bbox 2227 3015 2347 3047; x_wconf 74' lang='lat' dir='ltr'>Theod.</span> <span class='ocrx_word' id='word_1_1048' title='bbox 2363 3014 2374 3057; x_wconf 87' lang='grc' dir='ltr'>ΙΙ</span> 
     </span>
     <span class='ocr_line' id='line_1_121' title="bbox 1298 3055 2374 3100; baseline 0.003 -13"><span class='ocrx_word' id='word_1_1049' title='bbox 1298 3056 1340 3087; x_wconf 89' lang='grc'>40</span> <span class='ocrx_word' id='word_1_1050' title='bbox 1364 3057 1438 3096; x_wconf 84' lang='lat' dir='ltr'>post</span> <span class='ocrx_word' id='word_1_1051' title='bbox 1460 3065 1550 3086; x_wconf 89' lang='lat' dir='ltr'>cons.</span> <span class='ocrx_word' id='word_1_1052' title='bbox 1577 3055 1730 3088; x_wconf 84' lang='lat' dir='ltr'>Belisarii</span> <span class='ocrx_word' id='word_1_1053' title='bbox 1753 3066 1802 3088; x_wconf 87' lang='lat' dir='ltr'>vc.</span> <span class='ocrx_word' id='word_1_1054' title='bbox 1828 3068 1847 3092; x_wconf 79' lang='grc' dir='ltr'><strong><em>ς</em></strong></span> <span class='ocrx_word' id='word_1_1055' title='bbox 1870 3055 1958 3098; x_wconf 85' lang='grc' dir='ltr'><strong><em>μετὰ</em></strong></span> <span class='ocrx_word' id='word_1_1056' title='bbox 1982 3056 2050 3098; x_wconf 84' lang='grc' dir='ltr'>τὴν</span> <span class='ocrx_word' id='word_1_1057' title='bbox 2072 3056 2152 3099; x_wconf 86' lang='grc' dir='ltr'><strong><em>(τὴν</em></strong></span> <span class='ocrx_word' id='word_1_1058' title='bbox 2166 3060 2374 3100; x_wconf 77' lang='lat' dir='ltr'>0111.leeod.)</span> 
     </span>
     <span class='ocr_line' id='line_1_122' title="bbox 1298 3097 2378 3145; baseline 0.005 -14"><span class='ocrx_word' id='word_1_1059' title='bbox 1298 3097 1477 3134; x_wconf 73' lang='grc' dir='ltr'><strong><em>’ὑπατείαν</em></strong></span> <span class='ocrx_word' id='word_1_1060' title='bbox 1494 3098 1706 3145; x_wconf 91' lang='grc' dir='ltr'><strong><em>Βελισαρίου</em></strong></span> <span class='ocrx_word' id='word_1_1061' title='bbox 1726 3102 1802 3134; x_wconf 76' lang='lat' dir='ltr'>Atk.</span> <span class='ocrx_word' id='word_1_1062' title='bbox 1822 3102 1957 3142; x_wconf 60' lang='lat' dir='ltr'>Theoti]</span> <span class='ocrx_word' id='word_1_1063' title='bbox 1981 3102 2120 3134; x_wconf 82' lang='lat' dir='ltr'>bilisari.</span> <span class='ocrx_word' id='word_1_1064' title='bbox 2142 3114 2193 3136; x_wconf 83' lang='lat' dir='ltr'>uc.</span> <span class='ocrx_word' id='word_1_1065' title='bbox 2213 3114 2315 3136; x_wconf 72' lang='lat' dir='ltr'>conss·</span> <span class='ocrx_word' id='word_1_1066' title='bbox 2335 3105 2378 3136; x_wconf 93' lang='lat' dir='ltr'><em>M</em></span> 
     </span>
    </p>
   </div>
   <div class='ocr_carea' id='block_1_37' title="bbox 1296 3243 2377 3785">
    <p class='ocr_par' dir='ltr' id='par_1_40' title="bbox 1296 3243 2377 3785">
     <span class='ocr_line' id='line_1_123' title="bbox 1346 3243 2373 3289; baseline -0.001 -10"><span class='ocrx_word' id='word_1_1067' title='bbox 1346 3248 1359 3279; x_wconf 94' lang='lat'>1</span> <span class='ocrx_word' id='word_1_1068' title='bbox 1380 3245 1479 3287; x_wconf 91' lang='lat' dir='ltr'>quod]</span> <span class='ocrx_word' id='word_1_1069' title='bbox 1497 3256 1596 3286; x_wconf 87' lang='lat' dir='ltr'>quam</span> <span class='ocrx_word' id='word_1_1070' title='bbox 1617 3245 1673 3288; x_wconf 72' lang='lat' dir='ltr'>VH</span> <span class='ocrx_word' id='word_1_1071' title='bbox 1691 3247 1807 3287; x_wconf 87' lang='lat' dir='ltr'>agetur</span> <span class='ocrx_word' id='word_1_1072' title='bbox 1821 3246 1913 3278; x_wconf 83' lang='lat' dir='ltr'>Beck</span> <span class='ocrx_word' id='word_1_1073' title='bbox 1928 3243 1940 3289; x_wconf 88' lang='grc' dir='ltr'>ΙΙ</span> <span class='ocrx_word' id='word_1_1074' title='bbox 1961 3247 1981 3278; x_wconf 84' lang='grc'>4</span> <span class='ocrx_word' id='word_1_1075' title='bbox 1994 3247 2104 3278; x_wconf 86' lang='lat' dir='ltr'>tamen</span> <span class='ocrx_word' id='word_1_1076' title='bbox 2125 3245 2179 3289; x_wconf 73' lang='lat' dir='ltr'>VH</span> <span class='ocrx_word' id='word_1_1077' title='bbox 2199 3249 2217 3280; x_wconf 89' lang='lat'>5</span> <span class='ocrx_word' id='word_1_1078' title='bbox 2231 3246 2309 3278; x_wconf 87' lang='lat' dir='ltr'>illos</span> <span class='ocrx_word' id='word_1_1079' title='bbox 2329 3247 2373 3288; x_wconf 90' lang='lat' dir='ltr'>V]</span> 
     </span>
     <span class='ocr_line' id='line_1_124' title="bbox 1297 3290 2374 3335; baseline 0.002 -13"><span class='ocrx_word' id='word_1_1080' title='bbox 1297 3291 1383 3333; x_wconf 88' lang='lat' dir='ltr'>ipsos</span> <span class='ocrx_word' id='word_1_1081' title='bbox 1407 3299 1419 3324; x_wconf 84' lang='lat' dir='ltr'>t</span> <span class='ocrx_word' id='word_1_1082' title='bbox 1447 3291 1459 3333; x_wconf 83' lang='grc' dir='ltr'>ΙΙ</span> <span class='ocrx_word' id='word_1_1083' title='bbox 1486 3291 1730 3332; x_wconf 84' lang='lat' dir='ltr'>*corripientes</span> <span class='ocrx_word' id='word_1_1084' title='bbox 1752 3291 1792 3324; x_wconf 85' lang='lat' dir='ltr'>Vt</span> <span class='ocrx_word' id='word_1_1085' title='bbox 1817 3290 1829 3335; x_wconf 82' lang='grc' dir='ltr'>ΙΙ</span> <span class='ocrx_word' id='word_1_1086' title='bbox 1861 3293 1878 3323; x_wconf 90' lang='grc'>7</span> <span class='ocrx_word' id='word_1_1087' title='bbox 1905 3292 2014 3322; x_wconf 79' lang='lat' dir='ltr'>autem</span> <span class='ocrx_word' id='word_1_1088' title='bbox 2040 3304 2097 3324; x_wconf 88' lang='lat' dir='ltr'>om.</span> <span class='ocrx_word' id='word_1_1089' title='bbox 2125 3299 2136 3324; x_wconf 87' lang='lat' dir='ltr'>t</span> <span class='ocrx_word' id='word_1_1090' title='bbox 2165 3292 2177 3334; x_wconf 72' lang='lat' dir='ltr'>ll</span> <span class='ocrx_word' id='word_1_1091' title='bbox 2207 3293 2226 3325; x_wconf 86' lang='grc'>8</span> <span class='ocrx_word' id='word_1_1092' title='bbox 2250 3291 2307 3323; x_wconf 86' lang='lat' dir='ltr'>ille</span> <span class='ocrx_word' id='word_1_1093' title='bbox 2330 3292 2374 3332; x_wconf 92' lang='lat' dir='ltr'>V]</span> 
     </span>
     <span class='ocr_line' id='line_1_125' title="bbox 1296 3334 2374 3380; baseline 0.002 -12"><span class='ocrx_word' id='word_1_1094' title='bbox 1296 3337 1368 3379; x_wconf 86' lang='lat' dir='ltr'>ipse</span> <span class='ocrx_word' id='word_1_1095' title='bbox 1386 3344 1397 3368; x_wconf 86' lang='lat' dir='ltr'>t</span> <span class='ocrx_word' id='word_1_1096' title='bbox 1412 3336 1424 3378; x_wconf 79' lang='lat' dir='ltr'>l}</span> <span class='ocrx_word' id='word_1_1097' title='bbox 1443 3338 1462 3369; x_wconf 87' lang='lat'>9</span> <span class='ocrx_word' id='word_1_1098' title='bbox 1479 3335 1636 3368; x_wconf 83' lang='lat' dir='ltr'>foderatis</span> <span class='ocrx_word' id='word_1_1099' title='bbox 1656 3336 1689 3368; x_wconf 90' lang='lat' dir='ltr'><strong><em>V</em></strong></span> <span class='ocrx_word' id='word_1_1100' title='bbox 1701 3334 1713 3379; x_wconf 77' lang='grc' dir='ltr'>ΙΙ</span> <span class='ocrx_word' id='word_1_1101' title='bbox 1733 3338 1768 3369; x_wconf 88' lang='grc'>11</span> <span class='ocrx_word' id='word_1_1102' title='bbox 1789 3335 1937 3379; x_wconf 87' lang='lat' dir='ltr'>depotati</span> <span class='ocrx_word' id='word_1_1103' title='bbox 1958 3336 1990 3368; x_wconf 91' lang='lat' dir='ltr'><strong><em>V</em></strong></span> <span class='ocrx_word' id='word_1_1104' title='bbox 2009 3336 2173 3378; x_wconf 85' lang='lat' dir='ltr'>deportati</span> <span class='ocrx_word' id='word_1_1105' title='bbox 2197 3344 2208 3369; x_wconf 85' lang='lat' dir='ltr'>t</span> <span class='ocrx_word' id='word_1_1106' title='bbox 2226 3336 2238 3380; x_wconf 75' lang='grc' dir='ltr'>Η</span> <span class='ocrx_word' id='word_1_1107' title='bbox 2258 3338 2296 3370; x_wconf 84' lang='grc'>12</span> <span class='ocrx_word' id='word_1_1108' title='bbox 2314 3347 2374 3379; x_wconf 86' lang='lat' dir='ltr'>pro</span> 
     </span>
     <span class='ocr_line' id='line_1_126' title="bbox 1297 3379 2375 3424; baseline 0.002 -11"><span class='ocrx_word' id='word_1_1109' title='bbox 1297 3381 1462 3421; x_wconf 86' lang='lat' dir='ltr'>civilibus]</span> <span class='ocrx_word' id='word_1_1110' title='bbox 1488 3379 1753 3423; x_wconf 88' lang='lat' dir='ltr'>prouincialibus</span> <span class='ocrx_word' id='word_1_1111' title='bbox 1778 3388 1789 3413; x_wconf 81' lang='lat' dir='ltr'>t</span> <span class='ocrx_word' id='word_1_1112' title='bbox 1818 3382 1829 3423; x_wconf 84' lang='grc' dir='ltr'>ΙΙ</span> <span class='ocrx_word' id='word_1_1113' title='bbox 1861 3382 1900 3414; x_wconf 89' lang='grc'>13</span> <span class='ocrx_word' id='word_1_1114' title='bbox 1926 3383 1958 3413; x_wconf 84' lang='lat' dir='ltr'>et</span> <span class='ocrx_word' id='word_1_1115' title='bbox 1979 3381 2108 3413; x_wconf 84' lang='lat' dir='ltr'>cautela</span> <span class='ocrx_word' id='word_1_1116' title='bbox 2132 3382 2170 3422; x_wconf 90' lang='lat' dir='ltr'>V,</span> <span class='ocrx_word' id='word_1_1117' title='bbox 2195 3384 2228 3414; x_wconf 88' lang='lat' dir='ltr'>et</span> <span class='ocrx_word' id='word_1_1118' title='bbox 2253 3389 2341 3415; x_wconf 86' lang='lat' dir='ltr'>om.t</span> <span class='ocrx_word' id='word_1_1119' title='bbox 2364 3381 2375 3424; x_wconf 93' lang='grc' dir='ltr'>ΙΙ</span> 
     </span>
     <span class='ocr_line' id='line_1_127' title="bbox 1300 3425 2375 3471; baseline 0 -11"><span class='ocrx_word' id='word_1_1120' title='bbox 1300 3429 1341 3460; x_wconf 92' lang='grc'>14</span> <span class='ocrx_word' id='word_1_1121' title='bbox 1360 3429 1469 3458; x_wconf 88' lang='lat' dir='ltr'>tamen</span> <span class='ocrx_word' id='word_1_1122' title='bbox 1491 3428 1512 3466; x_wconf 82' lang='lat' dir='ltr'>t]</span> <span class='ocrx_word' id='word_1_1123' title='bbox 1537 3436 1605 3458; x_wconf 91' lang='lat' dir='ltr'>non</span> <span class='ocrx_word' id='word_1_1124' title='bbox 1627 3426 1661 3458; x_wconf 90' lang='lat' dir='ltr'><strong><em>V</em></strong></span> <span class='ocrx_word' id='word_1_1125' title='bbox 1675 3430 1764 3466; x_wconf 82' lang='lat' dir='ltr'>(vero</span> <span class='ocrx_word' id='word_1_1126' title='bbox 1778 3426 1885 3467; x_wconf 86' lang='lat' dir='ltr'>Beck)</span> <span class='ocrx_word' id='word_1_1127' title='bbox 1911 3425 1922 3468; x_wconf 76' lang='grc' dir='ltr'>ΙΙ</span> <span class='ocrx_word' id='word_1_1128' title='bbox 1948 3426 2150 3458; x_wconf 87' lang='lat' dir='ltr'>tributorum</span> <span class='ocrx_word' id='word_1_1129' title='bbox 2175 3440 2232 3459; x_wconf 87' lang='lat' dir='ltr'>om.</span> <span class='ocrx_word' id='word_1_1130' title='bbox 2251 3435 2262 3460; x_wconf 84' lang='lat' dir='ltr'>t</span> <span class='ocrx_word' id='word_1_1131' title='bbox 2285 3427 2298 3471; x_wconf 80' lang='grc' dir='ltr'>ΙΙ</span> <span class='ocrx_word' id='word_1_1132' title='bbox 2323 3427 2375 3460; x_wconf 88' lang='lat' dir='ltr'>vel</span> 
     </span>
     <span class='ocr_line' id='line_1_128' title="bbox 1297 3469 2377 3517; baseline 0.001 -13"><span class='ocrx_word' id='word_1_1133' title='bbox 1297 3485 1354 3504; x_wconf 92' lang='lat' dir='ltr'>om.</span> <span class='ocrx_word' id='word_1_1134' title='bbox 1383 3472 1427 3503; x_wconf 84' lang='lat' dir='ltr'>Vt</span> <span class='ocrx_word' id='word_1_1135' title='bbox 1455 3470 1466 3513; x_wconf 79' lang='grc' dir='ltr'>Η</span> <span class='ocrx_word' id='word_1_1136' title='bbox 1499 3473 1538 3504; x_wconf 90' lang='grc'>15</span> <span class='ocrx_word' id='word_1_1137' title='bbox 1564 3469 1668 3502; x_wconf 89' lang='lat' dir='ltr'>nullis</span> <span class='ocrx_word' id='word_1_1138' title='bbox 1702 3471 1735 3503; x_wconf 90' lang='lat' dir='ltr'><strong><em>V</em></strong></span> <span class='ocrx_word' id='word_1_1139' title='bbox 1757 3470 1768 3513; x_wconf 87' lang='grc' dir='ltr'>ΙΙ</span> <span class='ocrx_word' id='word_1_1140' title='bbox 1798 3472 1837 3504; x_wconf 91' lang='grc'>16</span> <span class='ocrx_word' id='word_1_1141' title='bbox 1863 3470 2023 3511; x_wconf 88' lang='lat' dir='ltr'>omnium]</span> <span class='ocrx_word' id='word_1_1142' title='bbox 2059 3471 2212 3504; x_wconf 84' lang='lat' dir='ltr'>omnibus</span> <span class='ocrx_word' id='word_1_1143' title='bbox 2236 3472 2330 3505; x_wconf 86' lang='lat' dir='ltr'>Beck</span> <span class='ocrx_word' id='word_1_1144' title='bbox 2364 3471 2377 3517; x_wconf 86' lang='grc' dir='ltr'>ΙΙ</span> 
     </span>
     <span class='ocr_line' id='line_1_129' title="bbox 1296 3515 2375 3560; baseline 0.001 -12"><span class='ocrx_word' id='word_1_1145' title='bbox 1296 3516 1503 3558; x_wconf 81' lang='lat' dir='ltr'>praesedebit</span> <span class='ocrx_word' id='word_1_1146' title='bbox 1524 3515 1581 3559; x_wconf 72' lang='lat' dir='ltr'>Vll</span> <span class='ocrx_word' id='word_1_1147' title='bbox 1606 3518 1643 3548; x_wconf 84' lang='lat'>17</span> <span class='ocrx_word' id='word_1_1148' title='bbox 1667 3515 1844 3547; x_wconf 85' lang='lat' dir='ltr'>resultauit</span> <span class='ocrx_word' id='word_1_1149' title='bbox 1864 3515 1920 3559; x_wconf 75' lang='lat' dir='ltr'>Vn</span> <span class='ocrx_word' id='word_1_1150' title='bbox 1946 3517 1985 3549; x_wconf 87' lang='lat'>21</span> <span class='ocrx_word' id='word_1_1151' title='bbox 2010 3516 2065 3548; x_wconf 84' lang='lat' dir='ltr'>sed</span> <span class='ocrx_word' id='word_1_1152' title='bbox 2089 3529 2146 3549; x_wconf 85' lang='lat' dir='ltr'>om.</span> <span class='ocrx_word' id='word_1_1153' title='bbox 2163 3524 2173 3549; x_wconf 82' lang='lat' dir='ltr'>t</span> <span class='ocrx_word' id='word_1_1154' title='bbox 2191 3516 2202 3560; x_wconf 74' lang='lat' dir='ltr'>ss</span> <span class='ocrx_word' id='word_1_1155' title='bbox 2228 3518 2269 3550; x_wconf 86' lang='lat'>22</span> <span class='ocrx_word' id='word_1_1156' title='bbox 2292 3517 2375 3550; x_wconf 88' lang='lat' dir='ltr'>arri-</span> 
     </span>
     <span class='ocr_line' id='line_1_130' title="bbox 1297 3560 2374 3604; baseline 0.003 -12"><span class='ocrx_word' id='word_1_1157' title='bbox 1297 3561 1365 3603; x_wconf 87' lang='lat' dir='ltr'>piet</span> <span class='ocrx_word' id='word_1_1158' title='bbox 1387 3562 1447 3594; x_wconf 86' lang='lat' dir='ltr'>VT</span> <span class='ocrx_word' id='word_1_1159' title='bbox 1456 3561 1588 3602; x_wconf 77' lang='lat' dir='ltr'>(eripiet</span> <span class='ocrx_word' id='word_1_1160' title='bbox 1602 3561 1705 3601; x_wconf 83' lang='lat' dir='ltr'>Beck)</span> <span class='ocrx_word' id='word_1_1161' title='bbox 1721 3560 1733 3603; x_wconf 80' lang='grc' dir='ltr'>ΙΙ</span> <span class='ocrx_word' id='word_1_1162' title='bbox 1761 3562 1802 3594; x_wconf 85' lang='grc'>26</span> <span class='ocrx_word' id='word_1_1163' title='bbox 1817 3564 1864 3593; x_wconf 87' lang='lat' dir='ltr'>set</span> <span class='ocrx_word' id='word_1_1164' title='bbox 1882 3564 1913 3593; x_wconf 88' lang='lat' dir='ltr'>et</span> <span class='ocrx_word' id='word_1_1165' title='bbox 1937 3563 1958 3601; x_wconf 83' lang='lat' dir='ltr'>t]</span> <span class='ocrx_word' id='word_1_1166' title='bbox 1984 3563 2016 3593; x_wconf 85' lang='lat' dir='ltr'>et</span> <span class='ocrx_word' id='word_1_1167' title='bbox 2040 3574 2097 3593; x_wconf 86' lang='lat' dir='ltr'>om.</span> <span class='ocrx_word' id='word_1_1168' title='bbox 2120 3561 2176 3604; x_wconf 70' lang='lat' dir='ltr'>Vll</span> <span class='ocrx_word' id='word_1_1169' title='bbox 2202 3563 2241 3595; x_wconf 82' lang='lat'>27</span> <span class='ocrx_word' id='word_1_1170' title='bbox 2260 3573 2374 3595; x_wconf 89' lang='lat' dir='ltr'>secun-</span> 
     </span>
     <span class='ocr_line' id='line_1_131' title="bbox 1298 3605 2374 3651; baseline 0.003 -13"><span class='ocrx_word' id='word_1_1171' title='bbox 1298 3607 1375 3638; x_wconf 91' lang='lat' dir='ltr'>dum</span> <span class='ocrx_word' id='word_1_1172' title='bbox 1389 3607 1478 3638; x_wconf 90' lang='lat' dir='ltr'>hunc</span> <span class='ocrx_word' id='word_1_1173' title='bbox 1491 3605 1630 3638; x_wconf 85' lang='lat' dir='ltr'>inscribi</span> <span class='ocrx_word' id='word_1_1174' title='bbox 1642 3606 1775 3637; x_wconf 90' lang='lat' dir='ltr'>modum</span> <span class='ocrx_word' id='word_1_1175' title='bbox 1789 3607 1882 3639; x_wconf 89' lang='lat' dir='ltr'>Beck</span> <span class='ocrx_word' id='word_1_1176' title='bbox 1893 3605 1905 3650; x_wconf 79' lang='grc' dir='ltr'>Η</span> <span class='ocrx_word' id='word_1_1177' title='bbox 1923 3606 1964 3640; x_wconf 85' lang='grc'>29</span> <span class='ocrx_word' id='word_1_1178' title='bbox 1979 3608 2128 3639; x_wconf 86' lang='lat' dir='ltr'>tutorum</span> <span class='ocrx_word' id='word_1_1179' title='bbox 2150 3607 2202 3640; x_wconf 79' lang='lat' dir='ltr'>V“</span> <span class='ocrx_word' id='word_1_1180' title='bbox 2217 3606 2229 3651; x_wconf 75' lang='grc' dir='ltr'>ΙΙ</span> <span class='ocrx_word' id='word_1_1181' title='bbox 2249 3609 2288 3641; x_wconf 90' lang='grc'>31</span> <span class='ocrx_word' id='word_1_1182' title='bbox 2304 3609 2374 3649; x_wconf 90' lang='lat' dir='ltr'>qui]</span> 
     </span>
     <span class='ocr_line' id='line_1_132' title="bbox 1298 3650 2375 3697; baseline 0.003 -15"><span class='ocrx_word' id='word_1_1183' title='bbox 1298 3651 1385 3692; x_wconf 88' lang='lat' dir='ltr'>quod</span> <span class='ocrx_word' id='word_1_1184' title='bbox 1410 3659 1422 3683; x_wconf 81' lang='lat' dir='ltr'>t</span> <span class='ocrx_word' id='word_1_1185' title='bbox 1439 3652 1450 3693; x_wconf 77' lang='grc' dir='ltr'>Η</span> <span class='ocrx_word' id='word_1_1186' title='bbox 1466 3650 1634 3693; x_wconf 80' lang='lat' dir='ltr'>praesedet</span> <span class='ocrx_word' id='word_1_1187' title='bbox 1656 3651 1687 3683; x_wconf 92' lang='lat' dir='ltr'><strong><em>V</em></strong></span> <span class='ocrx_word' id='word_1_1188' title='bbox 1699 3651 1710 3694; x_wconf 85' lang='grc' dir='ltr'>ΙΙ</span> <span class='ocrx_word' id='word_1_1189' title='bbox 1729 3652 1771 3683; x_wconf 85' lang='grc'>32</span> <span class='ocrx_word' id='word_1_1190' title='bbox 1788 3651 1882 3692; x_wconf 85' lang='lat' dir='ltr'>prius</span> <span class='ocrx_word' id='word_1_1191' title='bbox 1900 3653 1932 3683; x_wconf 85' lang='lat' dir='ltr'>et</span> <span class='ocrx_word' id='word_1_1192' title='bbox 1953 3653 2029 3684; x_wconf 82' lang='lat' dir='ltr'>add.</span> <span class='ocrx_word' id='word_1_1193' title='bbox 2048 3652 2142 3684; x_wconf 88' lang='lat' dir='ltr'>Beck</span> <span class='ocrx_word' id='word_1_1194' title='bbox 2158 3652 2169 3694; x_wconf 78' lang='grc' dir='ltr'>ΙΙ</span> <span class='ocrx_word' id='word_1_1195' title='bbox 2187 3652 2299 3694; x_wconf 84' lang='lat' dir='ltr'>priora</span> <span class='ocrx_word' id='word_1_1196' title='bbox 2324 3654 2375 3697; x_wconf 71' lang='lat' dir='ltr'>Vn</span> 
     </span>
     <span class='ocr_line' id='line_1_133' title="bbox 1298 3695 2375 3742; baseline 0.002 -13"><span class='ocrx_word' id='word_1_1197' title='bbox 1298 3698 1341 3729; x_wconf 85' lang='lat'>33</span> <span class='ocrx_word' id='word_1_1198' title='bbox 1367 3706 1465 3738; x_wconf 88' lang='lat' dir='ltr'>super</span> <span class='ocrx_word' id='word_1_1199' title='bbox 1489 3695 1632 3728; x_wconf 86' lang='lat' dir='ltr'>concilio</span> <span class='ocrx_word' id='word_1_1200' title='bbox 1657 3697 1685 3737; x_wconf 90' lang='lat' dir='ltr'>(s</span> <span class='ocrx_word' id='word_1_1201' title='bbox 1710 3708 1791 3729; x_wconf 86' lang='lat' dir='ltr'>corr.</span> <span class='ocrx_word' id='word_1_1202' title='bbox 1815 3709 1853 3729; x_wconf 73' lang='lat' dir='ltr'>ex</span> <span class='ocrx_word' id='word_1_1203' title='bbox 1876 3698 1936 3737; x_wconf 81' lang='lat' dir='ltr'>est)</span> <span class='ocrx_word' id='word_1_1204' title='bbox 1959 3696 2012 3739; x_wconf 73' lang='lat' dir='ltr'>VH</span> <span class='ocrx_word' id='word_1_1205' title='bbox 2031 3697 2161 3738; x_wconf 86' lang='lat' dir='ltr'>maiori]</span> <span class='ocrx_word' id='word_1_1206' title='bbox 2185 3698 2293 3730; x_wconf 87' lang='lat' dir='ltr'>mauri</span> <span class='ocrx_word' id='word_1_1207' title='bbox 2314 3698 2348 3731; x_wconf 89' lang='lat' dir='ltr'><strong><em>V</em></strong></span> <span class='ocrx_word' id='word_1_1208' title='bbox 2364 3698 2375 3742; x_wconf 87' lang='grc' dir='ltr'>ΙΙ</span> 
     </span>
     <span class='ocr_line' id='line_1_134' title="bbox 1299 3741 2336 3785; baseline 0.002 -11"><span class='ocrx_word' id='word_1_1209' title='bbox 1299 3743 1341 3775; x_wconf 83' lang='grc'>39</span> <span class='ocrx_word' id='word_1_1210' title='bbox 1360 3742 1624 3785; x_wconf 83' lang='lat' dir='ltr'>subscriptionem</span> <span class='ocrx_word' id='word_1_1211' title='bbox 1636 3748 1786 3784; x_wconf 82' lang='lat' dir='ltr'>praestat</span> <span class='ocrx_word' id='word_1_1212' title='bbox 1807 3741 1864 3784; x_wconf 72' lang='lat' dir='ltr'>Vl}</span> <span class='ocrx_word' id='word_1_1213' title='bbox 1880 3741 2043 3774; x_wconf 82' lang='lat' dir='ltr'>bilisiario</span> <span class='ocrx_word' id='word_1_1214' title='bbox 2064 3742 2137 3774; x_wconf 87' lang='lat' dir='ltr'>uice</span> <span class='ocrx_word' id='word_1_1215' title='bbox 2163 3745 2280 3776; x_wconf 73' lang='lat' dir='ltr'>consul</span> <span class='ocrx_word' id='word_1_1216' title='bbox 2304 3743 2336 3776; x_wconf 92' lang='lat' dir='ltr'><strong><em>V</em></strong></span> 
     </span>
    </p>
   </div>
   <div class='ocr_carea' id='block_1_38' title="bbox 2042 3799 2106 3833">
    <p class='ocr_par' dir='ltr' id='par_1_41' title="bbox 2042 3799 2106 3833">
     <span class='ocr_line' id='line_1_135' title="bbox 2042 3799 2106 3833; baseline -0.016 0"><span class='ocrx_word' id='word_1_1217' title='bbox 2042 3799 2106 3833; x_wconf 88' lang='grc'>63*</span> 
     </span>
    </p>
   </div>
   <div class='ocr_carea' id='block_1_39' title="bbox 1262 2969 1266 3713">
    <p class='ocr_par' dir='ltr' id='par_1_42' title="bbox 1262 2969 1266 3713">
     <span class='ocr_line' id='line_1_136' title="bbox 1262 2969 1266 3713; baseline 0 0"><span class='ocrx_word' id='word_1_1218' title='bbox 1262 2969 1266 3713; x_wconf 95' lang='lat' dir='ltr'> </span> 
     </span>
    </p>
   </div>
  </div>
 </body>
</html>
