2586 3990
252 147 359 191 Nov.
380 147 493 191 CXV
524 149 548 188 3

250 256 383 291 τεῦθεν
413 257 461 289 είς
490 255 557 298 τὴν
580 253 769 297 ἐκκλησίαν
791 253 979 300 περιέλθοι
1012 255 1060 289 εἰς
1083 253 1323 298 αἰχμαλώτων

250 298 447 343 ἀνάρρυσιν
470 301 679 343 προχωρεῖν.
727 296 818 333 ἀλλὰ
839 301 955 333 ταῦτα
977 300 1045 342 μὲν
1065 295 1154 333 ὅσον
1176 301 1237 334 ἐπὶ
1251 302 1324 334 τοῖς

250 345 449 388 προςώποις
471 343 620 388 εἴρηται,
644 340 737 388 ὅπερ
761 342 835 378 ἀπὸ
859 343 1094 387 κληρονόμων
1121 346 1237 379 ποιεῖν
1259 341 1323 378 οὐκ

250 391 403 428 ἔξεστιν,
424 388 455 421 εἰ
470 388 518 431 μὴ
537 388 600 422 τὰς
619 389 681 432 τῆς
697 385 905 434 ἆχαριστίας
927 389 1041 422 αἰτίας
1057 389 1245 443 γραφῆναι
1264 391 1323 422 καὶ

248 430 515 476 ἀποδειχθῆναι
545 436 719 476 συμβαίη·
759 432 946 487 πρόφασιν
977 430 1016 466 δὲ
1046 436 1132 476 ημῖν
1162 432 1251 478 πρὸς
1281 432 1323 467 τὸ

272 478 392 511 ενικὸν
415 477 644 520 ποιήσασθαι
675 477 786 519 νόμον
818 491 839 520 η
870 478 1033 522 παροῦσα
1061 475 1239 513 ὑπόθεσις
1269 475 1323 511 δέ·

249 491 352 556 ἔωκε.
400 524 460 556 καὶ
490 519 550 556 διὰ
580 523 689 556 τοῦτο
718 523 865 568 γενικῶς
893 521 1091 564 κελεύομεν,
1116 519 1204 557 ὥςτε
1225 522 1324 567 εἴπερ

250 570 379 601 ἐκεῖνος
402 563 422 599 ὁ
447 568 487 600 ἐν
510 565 735 610 αἰχμαλωσίᾳ
757 566 910 613 ληφθεὶς
933 565 1064 601 παῖδας
1085 567 1135 610 μὴ
1151 569 1242 622 ἔχοις
1264 570 1324 600 καὶ

249 613 327 646 τῶν
351 609 474 645 ἄλλων
496 613 574 645 τῶν
597 612 644 645 εἰς
666 611 735 654 τὴν
757 610 886 645 τούτου
910 610 1149 656 κληρονομίαν
1168 612 1207 652 ἐξ
1221 609 1324 645 αδια-

250 656 361 691 θέτου
391 654 620 699 καλουμένων
646 654 929 700 εἷναρρύσασθαι
961 655 1074 692 αὐτὸν

251 699 394 756 ζόντων
412 702 452 734 ἐν
467 702 511 747 τῇ
529 699 754 744 αἰχμαλωσίᾳ
777 699 1012 744 τελευτήσειε,
1035 714 1084 745 μη
1109 705 1172 735 εἰ-ἀ
1193 703 1231 735 ἐκ
1247 702 1324 735 τῶν

250 743 512 789 αμελησοὶντων
542 747 589 780 εἰς
619 744 689 789 τὴν
718 745 849 779 τούτου
871 744 1111 791 κληρονομίαν
1140 746 1323 802 ἔρχεσθαι.

250 791 282 824 εἰ
295 794 355 824 καὶ
372 788 443 835 πρὸ
459 792 522 834 τῆς
537 789 783 834 μίχμαλωσίας
802 788 961 834 διαθήκη
978 790 1089 834 τυχὸν
1105 804 1180 837 παρ
1212 788 1322 825 αὐτοῦ

250 836 426 882 ἐγεγόνει,
461 837 501 869 έν
530 835 551 879 ἡ
581 835 628 869 τὰ
655 835 954 879 μνημονευθέντα
985 836 1160 882 πρόςωπα
1190 837 1325 889 ἔγραψε

250 879 496 934 κληρονόμους.
530 871 632 914 ιἇλλιῖι
656 883 715 913 καὶ
739 881 905 915 ἐνταῦθα
934 881 997 923 τῆς
1020 880 1221 915 ένστάσεως
1248 894 1325 915 των
1340 881 1379 913 15
1393 883 1429 916 et
1451 881 1577 916 ceteris
1600 881 1803 915 testamenti

251 924 484 970 κληρονόμων
507 923 744 970 ἀκυρουμένης
766 928 825 958 καὶ
847 926 925 959 τῶν
947 924 1088 960 λοιπῶν
1109 927 1170 969 τῆς
1193 923 1324 969 διαθή·

250 981 311 1013 κης
341 969 548 1017 κεφαλαίων
578 972 618 1004 ἐν
647 971 693 1017 τῇ
723 968 796 1012 ἰδίᾳ
818 970 1009 1014 μενόντων
1040 970 1135 1013 ἰσχύι
1166 969 1207 1004 αἱ
1227 983 1324 1016 περι-

250 1017 368 1048 ουσιάι
401 1016 478 1049 τῶν
511 1014 690 1048 τοιούτων
725 1015 928 1060 προςώπων
966 1016 1058 1049 κατὰ
1079 1015 1166 1057 ,τὸν
1198 1011 1325 1061 ὅμοιον

249 1057 390 1104 τρόπον
412 1063 490 1093 ταῖς
513 1058 711 1102 ἐκκλησίαις
733 1060 820 1093 τῶν
834 1058 980 1095 πόλεων
1004 1060 1042 1101 ἐξ
1064 1059 1118 1094 ὡν
1138 1056 1324 1106 α’)’ρμηνται

1317 141 1401 189 540

1819 157 1880 189 u'r
1909 158 2002 190 cmi
2031 158 2090 189 nn
2119 139 2458 189 APPELLATIONB

1391 253 1636 304 adecclesiam
1656 254 1864 298 pervenerit,
1887 255 2106 300 captivorum
2129 254 2362 300 redemptioni
2376 264 2457 299 pro·
2515 241 2517 243 ¹

1390 298 1500 333 ficiat.
1547 297 1618 333 Sed
1640 297 1728 333 haec
1750 299 1889 343 quidem
1913 305 2082 344 quantum
2106 302 2151 336 ad
2167 309 2337 345 personas
2361 299 2459 334 dicta

1392 348 1491 383 sunt,
1524 352 1612 387 quas
1643 342 1857 378 exheredare
1885 346 1958 379 non
1986 344 2069 381 licet
2099 346 2167 381 nisi
2197 343 2458 388 ingratitudinis

1392 397 1520 422 causas
1551 387 1658 422 scribi
1695 391 1731 421 et
1762 386 1954 431 approbari
1988 389 2188 435 contigerit:
2236 388 2458 425 occasionem

1359 434 1378 466 5
1392 434 1511 467 autem
1540 434 1585 474 [a]
1615 431 1718 467 nobis
1741 431 1787 466 ad
1807 431 2005 486 generalem
2033 434 2144 479 legem
2168 433 2459 514 promulgandam

1391 486 1561 556 5:333:
1584 487 1693 556 ⁰322}
1711 477 2336 559 311?‘⁵¹ffi‘13”{3¹¹253·...{⁶.10.¹23¹2¹355
2337 478 2459 557 ⁸533}

1391 566 1522 602 liberos
1551 547 1623 602 non
1653 533 1835 610 habuerit,
1866 569 1903 601 et
1925 533 2005 601 aliig
2028 567 2088 612 qui
2116 567 2162 603 ad
2184 568 2260 604 eius
2283 567 2458 603 heredita-

1391 616 1462 646 tem
1485 611 1602 646 vocati
1625 616 1709 646 sunt
1741 621 1820 646 eum
1851 610 2020 646 redimere
2050 621 2122 647 non
2150 613 2398 648 festinantibus
2421 613 2458 646 in

1124 657 1146 700 ὴ
1167 654 1321 692 σπουδα-
1339 656 1379 688 10
1394 655 1598 700 captivitate
1622 656 1811 691 defunctus
1834 655 1959 698 fuerit,
1991 655 2108 692 nullus
2137 666 2181 692 ex
2203 657 2260 693 his
2291 657 2352 702 qui
2373 667 2458 701 neg-

1391 701 1554 736 lexerunt
1582 701 1628 736 ad
1658 700 1888 735 hereditatem
1922 701 2000 735 eius
2028 701 2224 746 perveniat,
2257 702 2342 737 licet
2375 708 2459 737 ante

1392 745 1630 791 captivitatem
1652 748 1902 780 testamentum
1924 746 2073 781 forsitan
2095 747 2140 781 ab
2163 756 2204 782 eo
2223 746 2351 782 fuisset
2374 757 2457 782 con-

1392 791 1581 836 scriptum,
1612 791 1649 825 in
1673 801 1743 835 quo
1766 794 1977 825 memoratas
1999 800 2170 835 personas
2193 791 2335 836 scripsit
2357 791 2458 826 here-

1392 835 1466 874 des.
1505 836 1574 871 Sed
1599 835 1656 870 hic
1686 845 1826 880 quoque
1848 835 2068 871 institutione
2096 835 2263 871 heredum
2285 835 2460 870 infirmata

1827 890 1870 915 ca
1895 881 1992 916 itulis
2022 881 2059 915 in
2082 891 2147 916 suo
2171 881 2298 916 robore
2322 891 2458 924 perma-

1393 926 1557 961 nentibus
1587 925 1807 961 substantiae
1830 892 1951 960 tafium
1975 935 2205 969 personarum
2228 925 2333 960 simili
2354 925 2459 960 modo

1393 971 1551 1006 ecclesiis
1582 970 1762 1005 civitatum
1795 980 1838 1005 ex
1862 970 1990 1014 quibus
2022 970 2090 1005 orti
2113 974 2198 1006 sunt
2225 970 2459 1014 applicentur,

1392 1020 1428 1051 et
1447 1016 1553 1050 nullis
1576 1015 1655 1050 aliis
1680 1014 1797 1050 causis
1821 1026 1925 1059 quam
1947 1016 1983 1050 in
2007 1015 2226 1060 captivorum
2247 1014 2459 1059 redemptio·

1393 1061 1497 1095 nibus
1533 1060 1794 1105 expendantur:
1833 1066 1874 1095 ut
1902 1060 1997 1095 unde
2030 1061 2081 1095 illi
2112 1070 2134 1095 a
2165 1061 2237 1095 suis
2271 1070 2342 1095 non
2377 1063 2462 1094 sunt

250 1104 619 1148 προςκυρούσθωσαν,
648 1107 707 1138 καὶ
730 1104 779 1148 μὴ
804 1106 844 1138 ἐν
867 1103 988 1139 ἄλλαις
1017 1105 1171 1140 οἱαιςοῦν
1195 1106 1325 1140 αἰτίαις
1338 1104 1379 1136 20
1393 1106 1563 1150 redempti
1592 1105 1742 1140 aliorum
1766 1105 1961 1150 redemptio
1985 1109 2206 1150 procuretur,
2237 1107 2274 1139 et
2300 1105 2461 1149 ipsorum

250 1146 332 1183 ἀλλ’
359 1150 398 1182 ἐν
427 1152 505 1183 ταῖς
533 1150 612 1182 τῶν
643 1148 883 1193 αἰχμαλώτων
914 1147 1131 1195 ἀναρρύσεσι
1161 1148 1324 1185 &anava-

250 1195 424 1229 σθωσαν·
460 1191 550 1228 ὥςτε
572 1190 668 1228 ὅθεν
691 1196 818 1228 ἐκεῖνοι
841 1191 913 1229 ὑπὸ
938 1197 1016 1230 τῶν
1039 1193 1145 1230 ἰδίων
1175 1192 1238 1229 οὐκ
1261 1192 1323 1229 ἀν-

250 1238 492 1284 ερρύσθησαν,
515 1238 580 1273 τὰς
594 1237 718 1273 ἄλλων
733 1237 944 1285 ἀναρρύσεις
967 1240 1240 1296 φροντίζεσθαι,
1265 1243 1324 1274 καὶ

249 1283 313 1317 τὰς
345 1285 494 1317 ἐκείνων
525 1281 658 1328 ὁμοίως
688 1284 800 1330 ψυχὰς
833 1287 872 1319 ἐκ
891 1296 1039 1340 ,ταυτής
1066 1287 1129 1329 τῆς
1159 1283 1325 1330 εὐσεβοῦς

2064 1150 2198 1186 iissima
2221 1149 2458 1185 subleventur.

2054 1195 2123 1230 'am
2153 1200 2356 1230 extraneam
2378 1204 2459 1239 per-

1393 1250 1516 1276 sonam
1549 1246 1633 1275 ante
1665 1239 1903 1285 captivitatem
1934 1240 2116 1284 scripserit
2141 1240 2305 1274 heredem
2336 1244 2372 1274 et
2398 1239 2461 1274 illa

1393 1285 1510 1321 sciens
1540 1296 1579 1320 se
1609 1285 1655 1320 ab
1687 1295 1728 1320 eo
1752 1285 1915 1320 heredem
1945 1286 2114 1329 scriptam
2145 1295 2224 1320 eum
2247 1284 2416 1320 redimere
2438 1293 2461 1318 a

1393 1161 1531 1195 quoque
1561 1150 1699 1185 animae
1729 1160 1774 1184 ex
1801 1150 1870 1185 hac
1899 1160 2010 1185 causa

1393 1196 1471 1231 Hoc
1493 1195 1617 1231 eodem
1641 1195 1859 1230 observando
1891 1198 1928 1230 et
1956 1195 1987 1230 si

250 1326 413 1374 πράξεως
441 1329 749 1375 ἐπικουφίζεσθαι.
797 1325 907 1363 αὐτου
936 1343 1065 1364 τουτου
1094 1329 1324 1383 παραῖυλατ-
1338 1330 1380 1362 25
1394 1330 1598 1375 captivitate
1627 1330 1831 1374 neglexerit.
1881 1330 1981 1365 Hanc
2005 1334 2123 1365 autem
2156 1339 2307 1374 poenam
2337 1333 2462 1363 contra

249 1377 399 1417 τομένου
423 1371 492 1407 κᾶν
516 1374 546 1407 εἰ
569 1372 657 1408 ἄλλο
672 1374 848 1415 ἐξωτικὸν
862 1374 1058 1420 πρόςωπον
1077 1375 1147 1421 πρὸ
1173 1387 1235 1418 της
1252 1376 1325 1417 αἰχ-

248 1417 434 1474 μαλωσίας
462 1417 590 1473 γράψῃ,
621 1418 844 1464 κληρονόμον
871 1417 1030 1454 κάκεῖνος
1060 1419 1163 1455 εἰὸὠς
1192 1419 1325 1472 ἑαυτόν

249 1476 302 1498 υπ
334 1466 469 1516 ἐκείνου
482 1464 692 1510 γεγραφθαι
708 1463 930 1510 κληρονόμον
945 1462 1227 1520 ἀναρρύμασθαι
1243 1478 1324 1498 του-

1392 1376 1471 1411 illos
1495 1376 1613 1411 valere
1635 1375 1797 1410 iubemus
1821 1374 1883 1419 qui
1905 1379 2068 1410 octavum
2086 1380 2121 1410 et
2137 1374 2310 1409 decimum
2333 1373 2461 1408 aetatis

1393 1431 1479 1456 suae
1502 1431 1635 1455 annum
1658 1420 1917 1464 compleverint.
1950 1420 1990 1455 In
2010 1419 2210 1455 huiusmodi
2233 1429 2313 1454 vero
2331 1418 2460 1459 causis,

1392 1465 1531 1511 quando
1574 1475 1639 1510 pro
1682 1465 1900 1510 captivorum
1941 1465 2181 1517 redemptione
2223 1463 2461 1499 necessarium

248 1521 315 1543 τον
348 1511 387 1542 ἐκ
423 1519 486 1564 της
514 1507 756 1552 αἰχμαλωσίας
791 1507 973 1553 ἀμελῆσαι.
1020 1523 1158 1553 ταυτην
1188 1508 1228 1544 δὲ
1258 1510 1325 1553 τὴν
1391 1511 1500 1546 fuerit
1521 1510 1599 1545 dari
1623 1510 1809 1555 pecunias,
1840 1511 1870 1544 si
1895 1520 1973 1554 quis
1995 1510 2158 1555 proprias
2187 1508 2357 1554 pecunias
2388 1518 2461 1543 non

249 1552 381 1596 ποινὴν
404 1566 473 1587 κατ
512 1554 661 1588 ἐκείνων
683 1557 828 1599 κρατεῖν
851 1554 1086 1599 θεσπίζομεν,
1110 1555 1238 1588 οἵτινες
1256 1554 1323 1588 τὸν
1337 1554 1379 1587 30
1391 1556 1572 1598 habuerit,
1608 1555 1750 1590 licentia
1773 1555 1840 1590 erit
1871 1555 1917 1598 ei,
1950 1555 1978 1590 si
2002 1559 2215 1590 memoratae
2246 1554 2293 1588 sit
2322 1553 2460 1596 aetatis,

249 1594 560 1632 ὀκτωκαιδέκατον
581 1599 643 1642 τῆς
657 1599 799 1633 ἑαυτῶν
821 1595 956 1642 ἡλικίας
970 1599 1185 1646 ἐπλήρωσαν
1208 1600 1324 1634 ἐνιαυ-

247 1643 325 1677 τόν.
373 1644 414 1676 ἐν
444 1640 484 1677 δὲ
513 1646 591 1677 ταῖς
620 1640 804 1678 τοιαύταις
834 1645 981 1687 αἰτίαις,
1016 1641 1121 1687 ἡνίκα
1157 1642 1201 1688 δὴ
1232 1642 1323 1689 ὑπὲρ

248 1683 477 1733 ἇναρρύσεως
507 1687 746 1731 αἰχμαλώτων
767 1685 965 1736 ἀναγκαῖον
995 1690 1046 1733 εἴη
1075 1688 1240 1735 χρήματα
1264 1687 1322 1723 δο-

285 1734 298 1740 *
327 1747 380 1775 αι,
419 1732 456 1767 εἴ
477 1744 532 1767 τις
560 1731 637 1767 ἴδια
650 1733 714 1787 (μὴ,
745 1735 818 1776 ἔχοι
839 1732 1020 1778 χρήματα,
1051 1733 1179 1769 ἄδειαν
1201 1736 1321 1777 ἐχέτω,

1389 1600 1576 1637 mutuandi
1598 1601 1771 1646 pecunias
1793 1604 1830 1635 et
1848 1609 1908 1636 res
1927 1600 2073 1636 mobiles
2093 1600 2148 1636 vel
2163 1598 2356 1635 immobiles
2376 1609 2459 1642 sup-

247 1778 347 1824 εἴπερ
362 1779 425 1821 τῆς
440 1778 621 1834 εἰρημένης
640 1791 802 1833 ὐπαρχιειΧ
813 1777 967 1833 ἡλικίας,
989 1777 1224 1822 δανείζεσθαι
1242 1777 1321 1823 χρή·
1335 1782 1378 1815 35

245 1836 346 1866 ματα
374 1825 435 1856 καὶ
463 1835 660 1869 πραγματα
681 1836 808 1867 κινητα
837 1837 859 1867 η
884 1827 1036 1867 ακίνητα
1059 1821 1322 1866 ὑποτίθεσθαι,

302 1926 333 1946 υ.
347 1914 389 1947 29
402 1926 450 1956 sq.
471 1921 686 1956 arqumentum
707 1921 820 1947 notant
840 1915 964 1948 libellus
984 1917 1066 1960 περὶ
1087 1911 1276 1959 διαφόρων
1295 1910 1597 1960 ἀναγνωσμάτων
1615 1917 1637 1961 §
1654 1918 1693 1950 10
1705 1928 1742 1960 p.
1759 1916 1822 1950 194
1837 1916 1962 1949 Heimb.
1976 1917 2027 1957 (ex
2040 1916 2128 1956 Aah.)
2153 1923 2181 1948 et
2202 1911 2295 1948 Ῥοπ.
2309 1916 2364 1956 36,
2378 1922 2403 1948 4.
2416 1933 2462 1939 —

248 1960 467 1998 29—541‚11
492 1971 614 1991 summa
637 1959 713 1991 Ath.
738 1961 892 2002 repetitur
915 1961 948 1992 in
967 1961 1137 2002 paratitlis
1160 1961 1236 1992 Am.
1257 1962 1297 1994 13
1318 1965 1371 1998 §6.

244 2046 449 2092 pervenerit
467 2045 517 2080 ad
531 2046 756 2092 captivorum
779 2044 1055 2091 redemptionem
1074 2045 1260 2090 proficiat.
1307 2044 1381 2080 Sed
1402 2044 1489 2080 haec
1512 2045 1654 2090 quidem
1677 2045 1721 2081 de
1738 2047 1905 2092 personis
1928 2045 2121 2081 dumtaxat
2139 2045 2236 2081 dicta
2255 2050 2347 2088 sunt,
2371 2057 2463 2092 quas

246 2090 470 2126 exheredare
499 2101 572 2125 non
603 2091 686 2125 licet
714 2090 785 2125 nisi
813 2089 1088 2135 inqratitudinis
1120 2100 1250 2124 causas
1276 2089 1386 2124 scribi
1414 2094 1448 2123 et
1472 2089 1629 2135 probari
1658 2091 1871 2137 contiqerit:
1917 2092 2138 2126 occasionem
2169 2101 2253 2126 vero
2285 2091 2387 2126 nohis
2414 2091 2463 2126 ad

246 2135 449 2181 generalem
473 2135 584 2181 leqem
606 2134 813 2180 faciendam
838 2145 1011 2180 praesens
1033 2144 1144 2169 causa
1167 2133 1275 2170 dedit.
1322 2136 1441 2180 Atque
1461 2140 1658 2180 propterea
1681 2136 1898 2181 qeneraliter
1913 2136 2172 2182 praecipimus,
2196 2141 2237 2171 ut
2260 2136 2293 2170 si
2315 2136 2376 2170 ille
2400 2136 2462 2181 qui

247 2182 284 2215 in
307 2180 515 2226 captivitate
538 2179 701 2215 detentus
723 2179 773 2214 sit
796 2179 926 2214 liberos
948 2190 1022 2213 non
1046 2178 1177 2214 habeat
1199 2184 1246 2222 et,
1270 2190 1349 2214 eum
1373 2179 1482 2214 ceteri
1509 2180 1574 2225 qui
1595 2180 1644 2214 ad
1666 2180 1897 2216 hereditatem
1921 2181 1998 2216 eius
2027 2180 2071 2215 ab
2095 2181 2264 2216 intestato
2288 2187 2462 2216 vocantur

245 2225 419 2260 redimere
441 2235 521 2260 eum
545 2235 619 2259 non
641 2224 826 2266 studeant,
857 2224 896 2258 in
919 2224 1128 2269 captivitate
1151 2223 1360 2266 decesserit,
1395 2235 1498 2259 nemo
1529 2235 1653 2259 eorum
1684 2226 1748 2271 qui
1775 2237 1855 2261 eum
1884 2226 2123 2271 neqlexerunt
2152 2225 2202 2260 ad
2230 2224 2462 2261 hereditatem

246 2270 323 2305 eius
353 2270 484 2310 veniat,
515 2270 659 2305 etiamsi
685 2274 769 2304 ante
799 2268 1042 2314 captivitatem
1075 2272 1320 2304 testamentum
1372 2274 1451 2304 orte
1479 2269 1524 2304 ab
1554 2280 1597 2304 eo
1626 2271 1768 2315 factum
1789 2271 1854 2312 sit,
1887 2272 1924 2305 in
1948 2281 2020 2316 quo
2049 2280 2227 2316 personas
2246 2276 2462 2305 memoratas

246 2313 393 2350 heredes
414 2315 612 2360 scripserit.
661 2313 735 2349 Sed
757 2313 816 2349 hic
835 2324 979 2359 quoque
1001 2314 1224 2348 institutione
1247 2315 1332 2349 here
1358 2325 1415 2348 um
1439 2314 1546 2349 irrita
1566 2315 1673 2359 facta
1696 2319 1731 2350 et
1753 2315 1880 2350 ceteris
1905 2315 2105 2350 testamenti
2135 2315 2312 2361 capitibus
2336 2316 2373 2350 in
2395 2326 2461 2350 suo

245 2359 375 2394 robore
397 2359 578 2394 mansuris
600 2358 824 2394 substantiae
846 2358 1020 2394 eiusmodi
1040 2369 1282 2404 personarum
1304 2359 1413 2393 simili
1436 2359 1543 2394 modo
1567 2359 1726 2395 ecclesiis
1748 2360 1930 2395 civitatum
1960 2359 2055 2395 unde
2079 2360 2223 2395 oriundi
2245 2364 2331 2395 sunt
2359 2359 2461 2395 addi-

246 2409 388 2446 cantur,
421 2414 508 2439 neve
537 2404 576 2438 in
606 2403 700 2438 alias
731 2413 862 2438 causas
896 2403 990 2438 ultas
1023 2403 1093 2438 nisi
1126 2403 1165 2437 in
1194 2403 1459 2450 redemptiones
1487 2404 1710 2450 captivorum
1745 2405 2019 2451 expendantur:
2059 2409 2099 2439 ut
2128 2404 2222 2440 unde
2249 2404 2304 2440 itti
2334 2416 2358 2440 a
2386 2405 2462 2440 suis

245 2449 421 2495 redempti
443 2459 517 2484 non
541 2454 636 2489 sunt,
660 2448 744 2484 inde
767 2448 922 2483 aliorum
946 2448 1209 2495 redemptiones
1228 2448 1485 2494 procurentur,
1507 2451 1718 2495 pariterque
1739 2451 1882 2485 illorum
1907 2450 2048 2484 animae
2070 2461 2120 2485 ex
2143 2450 2211 2484 hac
2230 2449 2295 2496 pia
2319 2449 2462 2486 actione

244 2494 483 2530 subleventur.
530 2495 649 2540 Atque
678 2493 717 2528 id
746 2493 865 2540 ipsum
894 2493 1101 2529 observetur
1131 2494 1274 2528 etiamsi
1302 2493 1411 2528 aliam
1442 2501 1654 2530 extraneam
1676 2506 1876 2546 personam
1912 2501 1995 2530 ante
2023 2495 2263 2541 captivitatem
2298 2494 2462 2531 heredem

244 2540 431 2586 scripserit
459 2539 560 2585 isque
586 2539 703 2574 sciens
729 2549 769 2574 se
799 2538 844 2573 ab
875 2538 937 2573 illo
968 2537 1131 2573 heredem
1161 2538 1335 2584 scriptum
1365 2549 1442 2574 esse
1471 2550 1521 2575 ea:
1552 2540 1758 2586 captivitate
1787 2551 1866 2575 eum
1896 2539 2071 2575 redimere
2097 2539 2308 2586 neqlexerit.
2354 2539 2461 2575 Hanc

245 2590 364 2620 autem
382 2594 541 2631 poenam
564 2584 602 2618 in
625 2583 708 2619 illos
730 2583 851 2618 valere
872 2583 1063 2625 sancimus,
1095 2583 1158 2629 qui
1181 2589 1345 2618 octavum
1376 2584 1550 2619 decimum
1578 2585 1708 2619 aetatis
1738 2596 1826 2620 suae
1856 2595 1990 2620 annum
2020 2584 2254 2631 impleverint.
2301 2583 2348 2619 In
2370 2585 2461 2620 eius-

245 2629 342 2664 modi
365 2639 448 2665 vero
473 2629 603 2672 causis,
634 2628 779 2674 quando
798 2639 872 2674 pro
896 2628 1141 2673 redemptione
1164 2628 1390 2674 captivorum
1414 2639 1556 2664 neeesse
1576 2630 1624 2664 sit
1640 2631 1834 2681 pecuniam
1857 2629 1956 2672 dari,
1987 2630 2022 2664 si
2043 2629 2124 2675 quis
2144 2629 2333 2676 propriam
2351 2639 2461 2676 pecu-

246 2674 342 2709 niam
365 2684 440 2709 non
463 2673 603 2714 habeat,
628 2676 735 2709 liceat
750 2673 802 2715 ei,
826 2673 860 2708 si
876 2673 1090 2719 praedictae
1115 2674 1245 2708 aetatis
1263 2673 1321 2715 sit,
1344 2678 1504 2708 minuam
1523 2684 1714 2720 pecuniam
1737 2685 1875 2709 sumere
1898 2679 1932 2709 et
1952 2685 2010 2709 res
2029 2674 2175 2709 mobiles
2195 2674 2250 2710 vel
2268 2673 2463 2710 immobiles

293 2766 309 2798 1
336 2761 512 2808 προέλθοι
528 2762 603 2805 3¹11
628 2760 868 2805 αἰχμαλώτων
891 2775 947 2795 om.
963 2763 1020 2795 Pr.
1046 2762 1058 2799 ΙΙ
1083 2764 1103 2796 2
1127 2759 1323 2807 προελθεῖν

1428 2761 1436 2771 ,
1687 2762 1701 2769 „
1756 2759 1764 2770 ‹
1834 2766 1841 2775 ,
1927 2763 1943 2770 -.
1993 2762 2002 2773 .
2088 2762 2103 2770 ..
2186 2767 2199 2784 e
2340 2761 2349 2772 ι
2425 2762 2432 2770 -

248 2810 297 2842 B‘
319 2809 331 2851 ΙΙ
358 2811 377 2842 3
398 2805 694 2851 ἆποκληρονόμον
707 2809 748 2846 Α,
767 2808 822 2840 Pr.
833 2820 863 2840 υ.
875 2808 907 2848 ί.,
931 2803 1244 2851 οἷποκληρονόμους
1267 2808 1321 2840 Pr.
1389 2775 1507 2806 μονον
1523 2765 1552 2796 Α
1570 2763 1583 2806 ΙΙ
1600 2763 1638 2796 3¹
1659 2773 1722 2804 της
1744 2761 1879 2805 Ulmum
1901 2773 1962 2803 της
1983 2775 2126 2795 ⁸11²!wa
2149 2762 2185 2795 B
2213 2774 2241 2795 v·
2257 2763 2276 2795 Ι.
2294 2762 2307 2804 u
2331 2774 2462 2796 mmm,

1390 2809 1437 2841 M
1445 2809 1457 2851 11
1476 2806 1654 2848 ἐνιαυτόν]
1677 2804 1807 2852 χρόνον
1828 2809 1857 2840 L
1874 2808 1885 2849 ΙΙ
1904 2808 1947 2841 32
1972 2805 2022 2848 δέ]
2045 2809 2209 2851 μέντοιγε
2233 2807 2297 2849 Ep.
2315 2806 2327 2847 ΙΙ
2346 2804 2390 2848 δὴ
2405 2808 2459 2847 Μ]

247 2867 327 2887 unu-v
344 2854 357 2897 ΙΙ
374 2855 395 2887 4
410 2852 484 2894 τὰς]
507 2852 554 2885 τὰ
570 2853 624 2885 Pr.
643 2852 656 2896 11
674 2852 788 2886 αἰτίας
809 2866 865 2885 om.
881 2853 936 2885 Pr.
953 2854 964 2895 ΙΙ
985 2855 1004 2886 5
1026 2849 1214 2897 πρόφασιν
1228 2849 1268 2885 δὲ
1280 2871 1322 2875 -

248 2901 267 2931 Ἴ
285 2894 380 2931 ὥστε
403 2898 513 2942 εἴπερ]
538 2897 584 2930 Εἰ
599 2894 639 2930 δὲ
659 2898 711 2930 Pr.
729 2897 742 2940 ΙΙ
759 2899 779 2931 6
800 2896 1041 2940 ποιήσασθαι]
1063 2896 1206 2930 θέσθαι
1222 2897 1287 2941 Ep.
1313 2896 1323 2941 ΙΙ

248 2940 391 2976 δέδωκε.
422 2945 482 2976 καὶ
500 2940 560 2976 διὰ
576 2943 695 2984 τοῦτο]
720 2943 870 2975 noscitur
890 2941 1064 2981 obtuliss03
1090 2943 1145 2975 sed
1163 2954 1182 2978 ς
1200 2945 1212 2983 11
1233 2945 1250 2975 7
1269 2954 1323 2974 κε-

249 2987 406 3030 λεύομεν]
431 2987 656 3030 θεσπίζομεν
669 2992 694 3019 A
717 2988 728 3028 11
744 2983 839 3020 ὥστε
854 2986 964 3031 εἴπερ]
986 2984 1034 3020 αἷς
1049 2987 1080 3020 εἰ
1097 2987 1191 3065 Elui!
1209 2988 1229 3021 8
1245 2984 1264 3020 ὁ
1283 2987 1323 3019 ἐν

249 3033 474 3075 αἰχμαλωσίᾳ
490 3030 640 3077 ληφθεὶς
652 3032 768 3068 ΑςΡι·.
780 3033 856 3074 Ερ.]
875 3032 914 3065 ἐν
931 3030 1155 3074 αἰχμαλωσίᾳ
1188 3031 1322 3077 ηφθείη

249 3076 507 3123 (προεληφθείη
530 3079 586 3118 Β’)
610 3079 670 3110 καὶ
697 3077 766 3109 ML
776 3077 818 3109 Β(ε
843 3077 855 3120 11
881 3075 943 3118 μὴ]
967 3077 1034 3119 μὲν
1056 3077 1103 3118 μὴ
1128 3077 1191 3120 Ep.
1221 3076 1234 3120 ΙΙ
1261 3078 1323 3122 ἔχῃ

249 3124 297 3156 B*¹
320 3136 348 3156 v.
366 3125 386 3155 Ι.
405 3126 417 3166 11
433 3125 492 3155 καὶ
514 3122 592 3155 τῶν
614 3119 748 3162 ἄλλων]
773 3122 850 3154 τῶν
873 3119 996 3154 ἄλλων
1013 3119 1053 3154 δὲ
1070 3122 1144 3165 Ερ.,
1168 3122 1244 3154 τῶν
1261 3120 1322 3154 ἀλ·

249 3166 323 3200 λων
346 3181 404 3200 οηι.
423 3169 451 3200 A
480 3169 492 3209 11
515 3170 536 3201 9
559 3166 699 3207 τούτου]
724 3168 857 3199 ἐκείνου
880 3168 906 3198 A
932 3165 944 3209 ΙΙ
968 3165 1007 3205 ἐξ
1029 3161 1229 3200 ἆὸιαθέτου
1249 3174 1324 3209 post

248 3210 477 3254 καλουμένων
497 3212 567 3246 coll.
584 3212 652 3252 Pr.‚
666 3225 722 3244 om.
737 3223 757 3247 ς
774 3210 787 3254 11
804 3213 845 3245 10
865 3208 1133 3252 σπουδάζωνται
1144 3212 1193 3244 La
1215 3222 1323 3245 σπου-

250 3254 444 3289 δασάντων
458 3259 485 3289 Α
506 3257 518 3298 ΙΙ
537 3259 575 3292 11
592 3257 643 3297 ἐν]
664 3251 745 3288 ἀλλ’
761 3257 800 3289 ἐν
813 3256 878 3298 Ep.
898 3255 910 3299 ΙΙ
926 3254 1147 3298 τελευτήσειε
1163 3257 1217 3289 Pr.
1231 3257 1322 3296 unus]

249 3299 450 3343 τελευτήσω
474 3309 543 3335 cett.
563 3300 575 3345 ΙΙ
598 3301 637 3334 ἐκ
662 3314 718 3334 om.
736 3301 797 3343 Ep.
818 3302 830 3342 11
855 3302 895 3334 12
919 3300 1091 3344 ἔρχεσθαι
1114 3301 1145 3334 εἰ
1167 3302 1238 3342 καί]
1261 3313 1322 3334 κα-

251 3344 394 3378 λεῖσθαι
419 3343 488 3378 κᾶν
511 3347 575 3389 Ep.
595 3345 608 3390 11
626 3347 667 3380 16
688 3343 937 3392 κληρουμένων
957 3347 999 3386 L,
1018 3346 1065 3379 Β*
1076 3358 1107 3378 υ.
1123 3347 1143 3379 Ι.
1162 3346 1174 3390 ΙΙ
1196 3347 1237 3381 20
1261 3344 1322 3389 μὴ]

249 3390 336 3431 μήτε
361 3392 388 3423 Α
414 3391 427 3433 11
456 3393 495 3425 21
522 3388 764 3425 δαπανᾶσθαι
786 3391 842 3424 Ρν.
873 3390 886 3427 ΙΙ
916 3392 958 3424 22
982 3386 1077 3423 ὥστε
1101 3404 1158 3423 om.
1173 3390 1219 3424 Α1
1242 3392 1254 3433 11
1281 3391 1324 3424 24

251 3431 382 3475 ὁμοίως
398 3449 454 3468 om.
471 3436 518 3469 B·
527 3437 589 3478 Ep.
608 3436 621 3479 11
640 3437 681 3470 25
697 3432 825 3469 τούτου
842 3430 953 3468 αὐτοῦ
967 3435 1035 3477 Pr.‚
1060 3430 1171 3469 αὐτοῦ
1190 3449 1247 3469 om.
1261 3437 1292 3469 A
1312 3434 1325 3480 ΙΙ

252 3481 294 3511 26
318 3479 348 3510 εἰ
372 3493 429 3511 om.
445 3481 506 3522 Ep.
527 3480 539 3522 11
563 3482 603 3514 27
627 3477 750 3526 γράψῃ
778 3480 865 3522 ML,
890 3480 939 3513 ΒΙ
954 3494 982 3512 υ.
1000 3481 1032 3521 1.]
1055 3479 1251 3526 γράψειεΔ
1267 3480 1322 3513 Pr.

251 3519 423 3565 γράφοιεν
440 3526 510 3567 (sic)
524 3525 586 3568 Ep.
610 3524 742 3570 γράψαι
757 3525 804 3558 B·
814 3538 845 3557 v.
859 3526 879 3558 l.
899 3526 911 3568 11
933 3520 1093 3558 κάκεῖνος
1119 3545 1160 3550 -
1185 3526 1227 3559 28
1243 3522 1323 3567 κλη-

252 3566 405 3607 ρονόμον
428 3581 485 3601 om.
508 3572 535 3601 A
556 3571 568 3611 11
590 3566 732 3603 κάκεῖνο
756 3570 947 3603 Haloander
970 3583 1009 3604 exe
1032 3582 1051 3606 ς’
1066 3569 1078 3614 11
1096 3569 1238 3604 εἀυτῶν
1262 3571 1321 3611 L‘,

253 3609 359 3642 ἑαυτὸ
389 3612 608 3655 ΗιιΙοαηιίεν11
631 3616 673 3648 28
695 3613 833 3647 τούτοις
858 3615 908 3647 L⁶
938 3611 978 3647 δὲ
1000 3616 1130 3648 τοῦτον
1155 3615 1211 3648 Pr.
1223 3615 1323 3658 pleri·

254 3666 314 3706 ιζυε
329 3657 339 3689 1Ι
356 3656 401 3704 ’29
414 3652 585 3697 ἀμελῆσαι
599 3659 628 3690 L
653 3654 823 3700 ἆμελήσοι
839 3659 907 3692 MA
922 3659 978 3692 Pr.
993 3660 1057 3701 Ep.
1082 3655 1249 3701 ἀμελήσει
1266 3660 1321 3699 Β”,

254 3695 437 3740 αμελησιιε
463 3703 623 3743 Scrimqer
652 3704 663 3742 {2
691 3705 732 3735 30
760 3702 993 3745 θεσπίζομεν]
1017 3703 1240 3746 θεσιίζομεν
1262 3705 1321 3736 καὶ

1389 2865 1448 2886 om.
1465 2853 1581 2886 LAB·
1604 2853 1659 2885 Pr.
1676 2853 1741 2897 Ep.
1770 2853 1784 2896 11
1812 2849 1912 2896 ὑπὲρ]
1942 2854 2025 2896 περὶ
2048 2853 2079 2885 A
2109 2852 2120 2892 11
2147 2853 2190 2886 33
2214 2850 2278 2893 εἴη]
2303 2853 2379 2884 ἐστι
2405 2852 2458 2884 Pr.

1390 2898 1453 2941 Ep.
1481 2899 1493 2939 11
1519 2899 1562 2931 34
1606 2893 1748 2942 ρήματα
1771 2899 1872 2931 om.A
1900 2899 1912 2941 11
1942 2899 1985 2931 35
2010 2894 2151 2944 ὑπάρχῃ
2164 2897 2221 2929 Pr.
2254 2893 2408 2940 ὑπάρχοι
2430 2898 2460 2929 Α

1388 2943 1431 2975 sit
1450 2954 1470 2978 ς
1486 2943 1498 2986 ΙΙ
1516 2944 1559 2976 36
1580 2955 1602 2985 η
1638 2944 1697 2975 καὶ
1719 2943 1751 2976 A

1449 3078 1463 3108 1
1491 3075 1714 3119 redemptione
1734 3074 1783 3108 Β*
1806 3076 1818 3115 11
1848 3077 1868 3108 2
1893 3074 1992 3115 dictu]
2017 3074 2093 3107 data
2114 3075 2219 3108 V¹T¹
2286 3076 2305 3109 3
2327 3075 2459 3108 exhere-

1390 3120 1478 3162 dare]
1510 3121 1627 3154 lii-dare
1647 3119 1695 3154 V¹
1717 3119 1730 3163 11
1755 3121 1777 3154 4
1801 3130 1900 3152 causa
1927 3121 1960 3153 T
1979 3119 1992 3164 11
2014 3119 2126 3160 scribi]
2151 3119 2209 3152 ubi
2271 3119 2282 3140 ¹
2307 3120 2319 3163 11
2342 3130 2460 3162 appro-

1389 3165 1466 3198 bare
1493 3166 1525 3198 Τ
1531 3166 1541 3186 ¹
1558 3166 1571 3209 11
1587 3164 1790 3207 contigerint
1814 3165 1846 3198 Τ
1865 3165 1878 3207 ss
1902 3165 1921 3197 5
1947 3175 1966 3197 a
1990 3178 2047 3198 om.
2061 3166 2145 3208 vulq.
2161 3164 2175 3209 11
2192 3164 2298 3206 legem
2322 3177 2380 3197 om.
2395 3165 2428 3198 R
2447 3163 2460 3208 ΙΙ

1391 3213 1407 3242 7
1431 3210 1568 3243 ciuitate
1593 3211 1639 3243 12¹
1655 3209 1669 3254 11
1687 3209 1870 3252 detemptus
1890 3209 1947 3253 1711
1964 3211 1983 3244 8
2009 3209 2079 3242 eius
2104 3222 2161 3243 om.
2177 3210 2237 3252 Ru
2262 3211 2282 3244 9
2307 3209 2459 3242 redimire

1392 3256 1424 3288 Τ
1439 3257 1496 3296 (id.
1512 3257 1567 3295 24)
1584 3255 1596 3299 11
1616 3258 1656 3290 10
1680 3254 1861 3297 neglexerit
1889 3255 1949 3298 Τ11
1978 3256 2018 3289 14
2042 3254 2096 3286 hio
2121 3255 2164 3295 R]
2188 3254 2250 3287 hac
2270 3254 2422 3296 VTvutq.
2446 3252 2458 3294 11

1393 3302 1431 3334 17
1457 3299 1591 3333 ecclesie
1614 3299 1762 3333 ciuitatis
1788 3299 1819 3333 T
1841 3302 1852 3340 ΙΙ
1884 3301 1924 3333 18
1950 3302 1983 3332 et
2004 3299 2042 3331 in
2066 3298 2170 3331 nullis
2197 3299 2287 3332 Beck
2314 3297 2328 3341 11
2355 3299 2397 3331 19
2420 3299 2458 3329 ut

1391 3358 1448 3377 om.
1464 3346 1511 3378 R·
1536 3346 1549 3387 11
1570 3347 1607 3379 21
1634 3355 1672 3378 ex
1692 3355 1792 3378 cansa
1811 3345 1871 3376 hac
1891 3343 1948 3388 Τ11
1968 3343 2161 3377 subleuetur
2182 3343 2231 3376 V¹
2248 3343 2261 3383 11
2283 3343 2326 3376 22
2348 3352 2454 3384 perso-

1390 3400 1465 3422 nam
1490 3394 1676 3423 extraneam
1706 3390 1737 3423 Τ
1755 3390 1767 3432 11
1797 3390 1839 3423 23
1863 3389 2044 3432 scripserit]
2069 3387 2261 3431 scripserint
2277 3386 2309 3419 Τ
2324 3386 2386 3418 scri
2413 3387 2457 3418 sit

1390 3434 1553 3478 RVvulq.
1571 3435 1583 3478 ΙΙ
1600 3434 1734 3468 heredes
1756 3435 1835 3477 Tssu
1862 3435 1903 3468 25
1920 3433 2090 3475 neglexit?
2111 3432 2158 3466 V¹
2176 3432 2188 3475 1
2204 3431 2246 3466 26
2268 3429 2356 3471 illos]
2380 3430 2392 3462 i
2423 3442 2457 3463 os

1390 3489 1520 3521 quoque
1536 3480 1584 3513 R*
1607 3490 1662 3513 eos
1681 3490 1812 3522 quoque
1829 3479 1860 3512 Τ
1878 3479 1891 3522 11
1915 3478 2032 3512 aetatis
2046 3487 2123 3512 suae
2137 3485 2258 3509 annum
2275 3478 2386 3515 (anum
2411 3476 2455 3517 V)

1390 3524 1478 3565 RV]
1502 3535 1625 3557 annum
1650 3535 1728 3558 suae
1751 3525 1848 3557 etatis
1873 3524 1906 3558 Τ
1925 3524 1938 3567 11
1966 3524 2007 3558 27
2033 3519 2279 3564 oompleuerunt
2300 3519 2354 3563 Vl!
2379 3530 2456 3552 vero

1389 3582 1447 3601 om.
1478 3570 1509 3601 Τ
1530 3569 1542 3612 11
1572 3571 1613 3604 28
1639 3569 1864 3611 redemptione
1891 3579 1930 3601 ca
1952 3568 2096 3600 tinorum
2119 3563 2184 3607 Τ11
2213 3565 2255 3597 29
2280 3563 2356 3596 dare
2383 3566 2415 3598 T
2444 3565 2455 3608 11

1388 3613 1428 3653 si]
1452 3613 1523 3645 sine
1551 3614 1597 3646 T¹
1623 3614 1636 3655 11
1658 3616 1701 3648 30
1725 3615 1769 3646 sit
1791 3613 1908 3647 aetatis
1960 3610 2066 3655 'cuiq-J
2094 3608 2192 3642 etatis
2214 3609 2255 3640 sit
2281 3609 2364 3642 ΚΤ*
2388 3613 2454 3642 sta-

1389 3658 1431 3690 tis
1451 3659 1482 3691 Τ
1490 3658 1500 3677 ¹
1528 3659 1539 3700 11
1570 3661 1610 3693 31
1636 3657 1810 3692 mutuandi
1835 3676 1877 3682 ——
1901 3655 2022 3690 mobile
2045 3658 2077 3687 et
2099 3652 2284 3686 immobiles
2314 3667 2374 3687 scr.
2406 3654 2455 3687 17²

1389 3705 1420 3736 in
1445 3716 1511 3736 ras.
1529 3705 1542 3736 1
1563 3714 1599 3737 vs
