2618 4010
148 159 237 189 LEX
270 160 329 190 UT
358 157 501 189 BONUS

146 257 215 305 γὰρ
239 256 257 292 ὸ
284 255 435 292 πάντων
460 254 635 299 δεσπότης
666 269 705 290 τε
728 252 800 301 ἅμα
825 260 883 291 καὶ
910 254 1117 305 δημιουργὸς
1141 256 1228 292 θεὸς

147 301 277 346 ἠξίωσε
300 301 517 346 τηλικαύτην
540 299 631 345 αὐτῆ
664 301 790 335 δοῦναι
815 308 1018 349 προνομίαν
1046 302 1144 348 παρὰ
1167 302 1230 337 τὰς

147 347 254 382 ἄλλας
288 346 423 388 πόλεις,
461 344 548 381 ὥςτε
585 338 622 387 ἐξ
659 345 765 389 αὐτῆς
800 346 1001 392 ἀναστῆναι
1039 347 1131 382 κατὰ
1163 347 1230 391 τὴν

147 393 271 439 σάρκα,
303 390 486 439 πρόδηλον
511 391 558 426 ὥς
581 395 639 426 καὶ
665 392 761 435 ἡμεῖς
784 390 1068 429 ἀκολουθοῦντες
1096 395 1148 437 τῷ
1175 392 1228 428 δε-

147 438 265 487 σπότῃ
291 438 369 481 θεῷ
402 440 461 471 καὶ
486 440 563 471 ταῖς
593 436 761 483 μεγάλαις
788 436 897 472 αὐτοῦ
924 440 1230 485 θαυματουργίαις

146 481 238 517 καθ’
265 478 352 517 ὅσον
376 479 571 529 ἀνθρώπῳ
597 481 755 517 δυνατὸν
779 488 982 530 προνομίαν
1010 484 1095 524 ,τινὰ
1119 483 1227 519 δεδώ-

146 541 259 572 καμεν
284 526 374 574 αὐτῇ
400 527 498 574 παρὰ
521 527 583 561 τὰς
607 527 791 571 ἐκκλησίας
816 527 877 563 τὰς
900 528 1022 563 ἄλλας·
1059 526 1145 564 ὥςτε
1170 527 1228 564 αὖ·

146 572 212 616 τὴν
243 570 439 606 ἀπολαύειν
465 571 569 606 τοῦδε
601 571 706 617 ἡμῶν
736 575 799 608 τοῦ
830 573 956 617 νόμου,
990 572 1032 608 ὃν
1065 571 1114 609 ὥς
1145 588 1229 609 τινα

146 622 399 664 καρποφορίαν
419 615 509 665 αὐτῇ
530 617 761 664 προςάγομεν,
787 618 828 652 τὸ
848 623 1029 665 συμφέρον
1055 619 1144 667 αὐτῇ
1169 619 1227 654 διὰ

147 662 299 698 πάντων
324 661 572 709 ἐπιλεγόμενοι
595 667 654 697 καὶ
679 666 863 707 τιμῶντες.

190 706 471 754 <Έπίλογος.>
516 708 563 741 Τὰ
578 713 700 742 τοίνυν
723 707 963 756 παραστάντα
984 706 1068 752 ἡμῖν
1089 713 1147 743 καὶ
1169 708 1227 743 διὰ

145 751 250 787 τοῦδε
283 755 346 787 τοῦ
376 752 489 787 ἰδικοῦ
523 751 650 798 νόμου,
681 758 740 787 καὶ
765 754 873 788 αὐτοῦ
905 757 979 788 τοῖς
1003 756 1079 788 τῶν
1103 753 1228 798 νόμιον

146 800 456 845 ἐγγραφησομένου
477 797 640 842 βιβλίοις,
663 814 683 842 η
700 797 744 843 σὴ
764 797 983 844 μακαριότης
998 797 1226 845 γινώσκουσα

146 843 305 898 φανερὸν
338 841 449 878 αὐτὸν
481 848 553 877 τοῖς
579 842 712 878 αὐτόθι
737 845 825 879 πᾶσι
846 842 1127 899 καταστησάτω,
1160 843 1227 878 δει-

1171 143 1306 208 ,361

2146 147 2254 190 Nov.
2287 148 2387 190 XLI

1296 257 1483 301 emptione.
1533 257 1570 293 Si
1591 256 1683 293 enim
1709 258 1863 293 omnium
1886 258 2048 293 dominus
2075 258 2177 293 simul
2207 260 2242 294 et
2261 259 2385 294 mundi

1301 305 1443 338 creator
1467 303 1554 338 deus
1579 303 1742 347 dignatus
1765 308 1818 338 est
1842 306 1981 338 tantum
2006 304 2038 339 ei
2060 304 2145 339 dare
2163 305 2385 349 privilegium

1300 348 1393 383 ultra
1419 348 1506 384 alias
1532 348 1703 390 civitates,
1729 352 1769 383 ut
1793 358 1837 383 ex
1860 349 1939 393 ipsa
1963 354 2163 393 resurgeret
2189 350 2385 384 secundum

1300 403 1461 435 carnem,
1494 394 1612 439 palam
1642 397 1697 429 est
1729 394 1812 438 quia
1843 399 1878 428 et
1902 405 1967 430 nos
1992 398 2179 438 sequentes
2206 395 2385 430 dominum

1266 438 1402 474 5deum
1435 443 1469 474 et
1499 449 1627 483 magna
1658 439 1734 474 eius
1764 439 1938 474 miracula
1971 440 2166 474 seeundum
2201 440 2296 484 quod
2319 440 2382 474 ho-

1298 484 1383 518 mini
1420 485 1591 528 possibile
1626 488 1680 519 est
1715 484 1936 528 privilegium
1972 484 2118 528 aliquod
2157 485 2315 520 dedimus
2353 485 2384 519 ei

1299 529 1389 564 citra
1413 530 1583 565 ecclesias
1605 530 1710 564 alias:
1737 533 1776 564 ut
1795 530 1874 574 ipsa
1899 529 2038 564 fruatur
2064 531 2131 564 hac
2152 534 2276 564 nostra
2295 531 2382 574 lege,

1300 584 1406 618 quam
1430 575 1463 609 ei
1487 576 1582 610 velut
1607 574 1785 618 quoddam
1809 585 1938 609 munus
1965 575 2156 617 offerimus,
2193 575 2383 610 utilitatem

1300 621 1331 654 ei
1353 630 1417 664 per
1442 620 1560 655 omnia
1585 620 1810 655 conferentes
1836 623 1871 654 et
1895 620 2125 654 honorantes.

1246 668 1285 699 10

1344 710 1393 755 <E
1404 710 1620 754 pilogus.>
1660 710 1758 752 Quae
1778 710 1887 754 igitur
1906 710 2122 753 placuerunt
2141 710 2245 745 nobis
2267 713 2302 744 et
2321 720 2385 754 per

1299 755 1391 789 hanc
1416 756 1609 799 specialem
1633 756 1744 799 legem
1776 759 1811 790 et
1833 756 1948 800 ipsam
1980 755 2097 798 legum
2121 755 2385 790 inscribendam

1300 799 1502 842 codicibus,
1538 803 1601 835 tua
1633 801 1817 835 beatitudo
1851 810 2067 844 cognoscens
2092 800 2281 834 manifesta
2311 801 2385 835 illic

1299 845 1463 880 omnibus
1498 846 1681 888 instituat,
1724 846 1923 889 doceatque
1958 850 2118 880 nostram
2155 845 2383 888 voluntatem,

146 890 243 942 ξατο)
277 902 317 923 τε
348 887 415 931 τὴν
448 887 625 943 ἡμετέραν
652 893 885 945 προαίρεσιν,Μ
902 892 1030 942 rsa-5712,
1054 891 1097 936 τῇ
1124 886 1227 943 ᾆγιω-
1246 893 1283 925 15
1299 900 1404 934 quam
1428 890 1465 924 in
1491 892 1716 925 sanctissima
1747 896 1782 925 et
1810 891 1903 926 iuste
1928 893 1973 925 ab
2000 891 2093 926 omni
2118 891 2301 925 hominum
2325 900 2383 933 ge-

145 947 235 980 τατῃ
268 937 328 967 καὶ
353 932 499 968 δικαίως
532 948 631 969 παοα
654 946 789 969 παντος
821 948 883 968 του
910 948 986 968 των
1010 936 1228 980 ανθρωπων

145 982 267 1025 γένους
285 983 570 1026 προςκυνουμένῃ
584 966 793 1013 ἲΑναστάσει
811 978 851 1013 τὸ
871 980 1043 1024 ἡμέτερον
1059 982 1129 1022 ἔχει
1147 979 1226 1026 κρά-

144 1035 202 1058 τος
224 1027 282 1058 καὶ
306 1026 360 1068 τῷ
383 1022 540 1070 δεσπότῃ
566 1023 731 1071 προςάγει
756 1025 835 1067 θεῷ
858 1026 912 1068 τῷ
933 1023 1118 1059 τοσούτων
1139 1023 1228 1068 ἡμᾶς

145 1072 204 1102 καὶ
227 1068 451 1112 τηλικούτων
483 1066 641 1116 ἀγαθῶν
673 1069 771 1114 παρὰ
801 1068 882 1103 τοὺς
912 1069 1037 1103 ἄλλους
1064 1067 1228 1105 ἅπαντας

1299 945 1382 969 nere
1408 935 1592 970 adoranda
1617 936 1892 971 Resurrectione
1925 940 2049 971 nostra
2082 936 2192 970 habet
2223 939 2384 979 potestas

1299 984 1333 1014 et
1358 980 1499 1015 domino
1533 981 1659 1016 offerat
1684 981 1761 1023 deo,
1796 982 1857 1026 qui
1881 985 2062 1016 tantorum
2095 992 2160 1016 nos
2192 984 2228 1015 et
2260 980 2384 1014 talium

1297 1025 1473 1059 bonorum
1499 1026 1594 1060 ultra
1619 1027 1707 1061 alios
1734 1038 1855 1061 omnes
1880 1030 1963 1061 ante
1988 1037 2054 1062 nos
2077 1026 2295 1071 imperantes
2320 1036 2384 1070 per

1298 1070 1436 1113 singula
1462 1070 1584 1114 dignos
1610 1071 1696 1106 fecit
1722 1076 1756 1106 et
1785 1072 1904 1107 faciet.

145 1113 226 1148 τοὺς
246 1114 316 1169 προ
342 1112 444 1158 ἡμῶν
464 1113 764 1159 βεβασιλευκότας
783 1112 843 1158 ἐφ’
864 1114 1010 1157 ἑκάστης
1028 1113 1229 1155 ἇξιιόσαντί
1242 1118 1283 1149 20

145 1172 184 1193 τε
208 1163 266 1192 καὶ
291 1160 460 1201 αξιουντι.

188 1202 309 1239 Ἰὃικὸς
332 1203 438 1249 νόμος
460 1207 607 1251 γραφεὶς
630 1207 759 1250 Πέτρῳ
785 1205 838 1247 τῷ
863 1202 1053 1248 ὁσιωτάτῳ
1079 1209 1138 1238 καὶ
1161 1219 1226 1250 μα-

146 1249 361 1296 καριωτάτῳ
385 1246 654 1295 ἄρχιεπισκὸπῳ
688 1253 746 1282 καὶ
771 1249 974 1297 πατριάρχῃ
999 1252 1060 1293 τῆς
1084 1248 1226 1296 Ἱεροσο-

147 1293 306 1338 λυμιτῶν
330 1294 476 1330 πόλεως.

191 1341 273 1375 Dat.
288 1351 346 1375 xv.
363 1341 398 1374 k.
413 1340 490 1374 Iun.
507 1340 574 1375 GP.
590 1341 673 1384 post
687 1349 784 1375 cons.
800 1340 969 1375 Belisarii
982 1351 1013 1375 v.
1027 1350 1055 1375 c.
1090 1344 1133 1383 [a.
1146 1344 1224 1382 536]
1240 1344 1280 1375 25

1343 1206 1515 1249 Specialis
1547 1207 1605 1240 lex
1639 1206 1774 1250 scripta
1799 1207 1905 1242 Petro
1940 1207 2164 1242 sanctissimo
2190 1209 2226 1242 et
2251 1206 2384 1242 beatis-

1297 1250 1385 1330 ξίῌῑῐιζ)
1403 1251 1683 1331 ἐξῗῗᾶἰὲῑέἰεοορο
1718 1256 1753 1285 et
1787 1253 2015 1295 patriarchae
2041 1253 2383 1298 Hierosolymitano-

1341 1342 1426 1376 Dat.
1440 1353 1499 1376 xv.
1515 1342 1586 1377 kal.
1603 1341 1695 1376 Iunii
1718 1341 1784 1376 GP.
1799 1342 1970 1377 Belisario
1992 1354 2021 1377 v.
2037 1353 2066 1377 c.
2084 1353 2181 1377 cons.
2244 1345 2289 1384 [a.
2304 1345 2382 1383 535]

1214 1565 1309 1601 XLI.

772 1648 923 1698 LEX
969 1647 1072 1697 UT
1119 1646 1754 1699 BONUS..........

877 1735 978 1771 Idem
999 1737 1091 1782 Auq.
1113 1736 1219 1771 Bono
1246 1737 1433 1782 quaestori
1458 1737 1650 1772 exercitus.

277 1803 390 1840 Recte
414 1805 516 1840 nobis
539 1835 715 1842 ........

502 1875 595 1907 Haec
619 1874 814 1907 constitutio
839 1874 1003 1916 quendam
1036 1874 1144 1906 virum
1169 1874 1382 1916 magnifieum
1408 1876 1538 1906 Bonum
1572 1875 1705 1907 nomino
1738 1877 1946 1916 quaestorem
1971 1876 2135 1909 exercitus
2159 1878 2248 1910 feeit.

413 1921 445 1952 et
474 1930 564 1953 more
596 1921 736 1962 antiquo
771 1920 893 1962 duplex
924 1922 995 1952 erat
1026 1921 1237 1961 quaestorum
1270 1920 1499 1961 magistratus,
1532 1922 1564 1952 et
1596 1931 1682 1952 unus
1716 1921 1849 1961 quidem
1883 1921 1972 1953 circa
2003 1921 2091 1953 latus
2114 1924 2276 1966 principis
2302 1927 2383 1965 erat,

413 1965 498 1997 alter
521 1967 631 1998 autem
657 1968 810 2007 quaestor
836 1966 998 1998 exercitui
1020 1968 1181 2007 praeerat.

1238 1965 1411 2007 Disposuit
1437 1968 1547 1997 autem
1578 1976 1733 2008 praesens
1764 1966 1961 1998 constitutio
1986 1967 2084 1999 etiam
2110 1978 2259 2000 annonas
2284 1979 2383 2011 quae-

413 2011 511 2043 storis
535 2013 567 2043 et
591 2011 776 2044 consiliarii
801 2011 886 2049 eius;
921 2011 1164 2053 apparitionem
1190 2021 1322 2052 quoque
1347 2010 1378 2042 ei
1403 2011 1494 2042 dedit
1517 2010 1559 2042 ad
1583 2011 1806 2044 imitationem
1831 2012 1996 2053 quandam
2021 2013 2180 2054 praefecti
2204 2015 2382 2056 praetorio,

412 2055 447 2087 id
471 2058 519 2088 est
542 2057 733 2089 scriniarios
763 2058 796 2089 et
827 2057 867 2088 ab
901 2057 982 2088 actis
1016 2058 1048 2088 et
1078 2066 1256 2098 praecones
1289 2058 1321 2087 et
1354 2056 1664 2089 commentarienses
1697 2061 1728 2089 et
1761 2057 1983 2099 lampadarios
2017 2060 2049 2089 et
2073 2069 2203 2091 omnem
2228 2060 2382 2103 deinceps

413 2101 573 2134 ordinem.

629 2102 693 2135 Sed
727 2105 759 2135 et
791 2112 939 2134 annonas
971 2101 1117 2133 militum
1149 2104 1216 2133 tam
1248 2102 1514 2134 comitatensium
1539 2111 1637 2142 quam
1662 2102 1915 2135 limitatensium
1941 2103 2104 2145 disposuit
2124 2105 2290 2145 quomodo
2315 2105 2381 2138 dis-
2409 2107 2450 2139 35

188 2189 330 2223 Novella
353 2191 451 2224 XLI
475 2192 596 2226 Latine
627 2199 746 2225 tantum
779 2194 901 2231 scripta
934 2204 995 2224 non
1021 2198 1150 2224 servata
1176 2198 1221 2223 est
1250 2188 1376 2229 (λείπει
1402 2187 1585 2232 ὃ(ιάταξις)
1618 2198 1681 2223 not.
1710 2190 1770 2223 M2
1795 2192 1827 2223 in
1852 2204 1953 2235 maz-9.
1981 2194 2027 2224 ad
2048 2205 2118 2225 nov.
2145 2194 2247 2234 XL);
2284 2197 2383 2227 verba

144 2236 287 2285 initialia
322 2243 351 2268 et
376 2238 524 2269 rubricae
558 2245 586 2269 et
610 2239 711 2279 ipsius
735 2238 970 2276 constitutionis
996 2238 1096 2269 citant
1119 2236 1321 2271 Athanasius
1346 2244 1375 2267 et
1397 2237 1495 2268 sclzol.
1522 2236 1569 2268 M
1594 2237 1640 2268 ad
1670 2248 1740 2267 nov.
1765 2236 1796 2267 L
1819 2249 1870 2278 pr.
1896 2236 1991 2281 ’περὶ
2020 2237 2081 2278 τῆς
2112 2239 2240 2282 νεαρᾶς
2272 2241 2383 2282 φησὶν

143 2275 218 2320 ἣτις
242 2282 502 2325 ἐπιγεγραπται
534 2283 604 2314 Lex
628 2285 666 2313 ut
691 2284 822 2321 Bonus,
857 2279 894 2323 ἧς
918 2278 939 2322 ἡ
964 2279 1051 2326 ἀρχὴ
1075 2281 1175 2312 Recte
1200 2280 1309 2320 (Reste
1337 2281 1423 2321 libri)
1449 2276 1570 2312 nobis'.

144 2326 239 2368 (περὶ
264 2326 323 2365 τῆς
348 2325 589 2370 ἑπαρχότητος
620 2326 698 2359 τῶν
722 2324 747 2358 e'
774 2326 983 2369 ἐπαρχιῶν),
1016 2327 1246 2366 Athan.4‚1·2;

1630 2280 1859 2322 Arqumentum
1890 2289 2061 2323 praestant
2090 2284 2164 2325 epit.
2195 2284 2311 2316 Theod.
2338 2286 2377 2317 41

1285 2325 1406 2358 Iulian.
1432 2332 1529 2357 const.
1552 2325 1770 2357 XXXVIII
1794 2326 1857 2365 (De
1881 2325 1991 2358 officio
2014 2327 2196 2367 quaestoris
2217 2329 2381 2361 exercitus

145 2373 177 2401 et
202 2370 381 2410 designatis
406 2373 554 2412 quinque
578 2371 759 2413 provinciis
784 2371 814 2402 ei
838 2371 994 2403 subiectis
1019 2372 1106 2402 rubr.
1129 2368 1234 2410 Iam),
1260 2381 1355 2411 quam
1379 2382 1480 2412 supra
1506 2371 1747 2412 adscripsimus.

194 2426 322 2458 Graeca
348 2427 474 2459 novella
501 2427 595 2459 XLI
616 2425 703 2470 (μα’)
728 2429 761 2460 in
786 2427 878 2467 ML,
900 2426 936 2458 B
951 2427 981 2466 9,
995 2433 1022 2465 3,
1039 2432 1053 2457 2
1080 2427 1349 2468 ([Θεσπίζομεν]
1375 2420 1471 2458 ὥστε
1494 2425 1572 2457 τῶν
1595 2425 1682 2468 μὲν.
1699 2451 1705 2458 .
1720 2448 1728 2458 .
1744 2451 1751 2458 .
1767 2451 1773 2458 .
1788 2442 1833 2454 =
1852 2427 1929 2468 262,
1949 2434 1980 2460 18
1995 2428 2069 2469 sqq.)
2095 2428 2203 2460 eadem
2229 2435 2276 2461 est
2299 2441 2382 2471 quae

145 2473 177 2504 in
203 2471 249 2503 M
269 2473 358 2514 infra
381 2484 438 2503 suo
465 2473 532 2504 loco
558 2473 641 2505 redit
665 2485 694 2504 n.
722 2472 752 2505 L
778 2473 835 2512 (=
859 2471 1008 2503 Autlzent.
1036 2471 1181 2510 XLIX)
1216 2472 1261 2503 ad
1284 2472 1414 2503 eundem
1442 2472 1568 2502 Bonum
1594 2472 1734 2513 scripta,
1767 2483 1833 2512 qua
1853 2473 1963 2514 priori
1986 2474 2204 2506 constitutioni
2227 2486 2264 2505 ex
2286 2480 2381 2516 parte

146 2518 329 2559 derogmtur.

381 2515 484 2554 Quam
503 2525 637 2560 propter
662 2518 844 2561 arqumenti
866 2517 1061 2559 affinitatem
1087 2517 1118 2548 in
1143 2528 1262 2559 yraeco
1287 2517 1465 2559 exemplari
1487 2517 1633 2558 corporis
1659 2516 1859 2549 CLXVIII
1875 2517 2072 2550 novellarum
2095 2518 2162 2550 loco
2188 2520 2382 2560 antiquioris

146 2563 379 2595 constitutionis
414 2563 548 2595 omissae
577 2575 748 2605 perperam
780 2563 979 2604 suppositam
1014 2573 1080 2593 esse
1112 2564 1318 2603 comprobant
1350 2573 1488 2594 summae
1521 2562 1686 2602 utriusque
1719 2562 1863 2594 novellae
1894 2574 1914 2594 α
1944 2563 2110 2595 Theodoro
2135 2564 2189 2605 (41
2217 2570 2246 2596 et
2269 2565 2326 2602 50)
2354 2572 2383 2596 et

144 2607 327 2639 Athanasio
355 2609 400 2648 (4,
415 2615 446 2640 12
473 2615 501 2640 et
526 2610 555 2647 7,
570 2610 599 2647 4)
624 2615 706 2640 recte
730 2615 877 2640 servatae
902 2608 1107 2649 (quamquam
1136 2607 1168 2638 in
1196 2606 1360 2638 Theodori
1383 2619 1453 2638 nov.
1477 2608 1517 2639 41
1546 2618 1584 2638 ear
1608 2607 1855 2648 interpolatione
1875 2615 2090 2650 praepostera
2114 2610 2214 2641 verba
2238 2610 2381 2642 initialia

145 2664 214 2684 nov.
231 2654 273 2684 50
295 2653 449 2694 praefixa
474 2655 576 2693 sunm
616 2655 706 2695 apud
729 2654 892 2685 Iulianum
914 2653 1106 2694 posterioris
1130 2663 1253 2682 summa
1278 2664 1340 2683 non
1366 2658 1463 2683 extat.

144 2740 357 2785 aedificator
388 2740 512 2775 mundi
541 2740 628 2776 deus
658 2744 796 2775 tantum
831 2740 886 2774 illi
903 2751 1000 2786 prae
1025 2741 1151 2774 ceteris
1183 2738 1331 2773 urbibus
1355 2738 1444 2774 dare
1461 2739 1697 2785 privileqium
1721 2740 1893 2785 (liquatus
1917 2745 1982 2782 est,
2014 2745 2055 2775 ut
2078 2751 2128 2776 ex
2151 2741 2232 2787 ipsa
2256 2753 2380 2776 secun-

144 2786 227 2820 dum
253 2796 397 2820 carnem
417 2797 522 2821 resur
549 2790 635 2828 eret,
659 2786 894 2830 manifestum
919 2790 972 2820 est
995 2796 1061 2819 nos
1085 2795 1226 2830 quoque
1253 2783 1435 2818 dominum
1460 2785 1564 2819 deitm
1589 2789 1624 2819 et
1647 2795 1781 2830 magma
1806 2785 1882 2819 eius
1906 2785 2083 2820 miracula
2103 2786 2225 2831 quoad
2245 2785 2380 2821 homini

144 2831 228 2866 licet
249 2835 393 2866 secutos
414 2831 512 2876 privi
527 2831 644 2876 eqium
671 2830 820 2876 aliquod
843 2831 876 2865 ei
900 2830 1039 2865 dedisse
1065 2840 1161 2874 prae
1186 2829 1313 2864 ceteris
1337 2829 1513 2863 ecclesiis:
1550 2833 1590 2864 ut
1612 2829 1694 2874 ipsa
1722 2830 1875 2874 fruatur
1898 2829 1967 2864 hac
1991 2835 2117 2866 nostra
2141 2831 2237 2877 leqe,
2271 2843 2379 2877 quam

144 2875 255 2912 veluti
274 2876 457 2922 primitias
482 2876 514 2910 ei
540 2876 738 2921 offerimus,
765 2875 989 2910 commodum
1015 2876 1090 2910 eius
1112 2885 1180 2921 per
1204 2874 1323 2908 omnia
1349 2873 1520 2919 etiqentes
1545 2878 1579 2909 et
1604 2873 1835 2909 honorantes.

278 2920 520 2973 Epiloqus.

577 2920 676 2963 Quae
707 2921 820 2966 iqitur
847 2921 1065 2966 placuerunt
1097 2919 1200 2954 nobis
1232 2920 1337 2953 etiam
1360 2929 1433 2963 per
1463 2918 1557 2953 hanc
1587 2919 1780 2965 specialem
1808 2920 1924 2971 'leqem
1953 2920 2069 2966 ipsam
2095 2931 2239 2967 quoque
2262 2921 2378 2967 lequm

144 2965 246 3001 libris
271 2966 551 3007 inscribendam,
587 2972 649 3001 tua
674 2965 857 3000 beatitudo
884 2975 1105 3011 coynosceus
1130 2964 1294 2999 omnibus
1319 2964 1380 3008 qui
1404 2963 1479 2998 illic
1502 2969 1587 2998 sunt
1613 2975 1691 2998 eam
1716 2965 1948 3009 manifestam
1972 2965 2113 3007 reddat,
2146 2971 2380 3011 nostramque

144 3011 364 3046 voluntatem
389 3011 570 3052 ostendat,
603 3022 711 3056 quam
736 3022 825 3055 erqa
848 3010 1111 3045 sanctissimam
1136 3014 1171 3044 et
1194 3010 1322 3044 merito
1348 3009 1392 3043 ab
1419 3009 1518 3043 omni
1541 3008 1723 3043 hominum
1755 3021 1886 3055 qenere
1915 3010 2107 3045 adoratam
2131 3011 2378 3046 Resurrectio-

145 3066 223 3089 nem
254 3059 381 3090 nostra
408 3057 575 3101 potentia
608 3056 715 3090 ltabet
745 3062 779 3090 et
810 3055 956 3090 domino
989 3055 1100 3099 offert
1131 3054 1210 3095 cleo,
1243 3054 1306 3099 qui
1329 3064 1397 3088 nos
1426 3058 1479 3088 tot
1509 3064 1552 3087 ac
1585 3054 1695 3088 tantis
1725 3053 1828 3089 bouis
1860 3066 1953 3100 prae
1977 3055 2104 3090 ceteris
2129 3055 2292 3091 omnibus
2316 3056 2379 3102 qui

145 3104 229 3135 ante
252 3110 320 3134 nos
342 3100 569 3151 imperarunt
593 3101 724 3135 cotidie
748 3105 783 3135 et
807 3100 980 3145 (liquatus
1004 3104 1057 3134 est
1081 3102 1114 3133 et
1138 3099 1321 3144 diffluatur.

280 3143 459 3190 Speczalis
483 3145 545 3181 lea:
568 3146 707 3191 scripta
732 3145 842 3180 Petro
868 3144 1093 3180 sanctissimo
1126 3149 1161 3179 ec
1193 3143 1397 3179 beatissimo
1431 3143 1705 3189 archiepiscopo
1738 3147 1773 3178 et
1802 3144 2039 3189 patriarchae
2066 3145 2222 3180 civitatis
2250 3145 2377 3180 Hiero-

144 3189 275 3235 solymi
279 3194 454 3224 canorum.

195 3282 233 3314 12
249 3288 320 3313 ante
333 3278 444 3323 νόμου
458 3282 657 3314 inserendum
671 3282 797 3313 videtur
811 3277 1013 3323 δηλούμενα
1031 3279 1043 3323 ΙΙ
1063 3282 1103 3313 14
1121 3291 1225 3324 φανε-

146 3323 212 3370 ρὸν
234 3322 356 3365 αὐτὸν]
380 3325 554 3358 manifesta
577 3337 596 3361 ς
619 3325 630 3367 ΙΙ
659 3327 699 3358 25
724 3336 770 3356 xv
795 3326 827 3357 k.
854 3326 923 3358 ίαν.
951 3325 1015 3357 ΟΡ.
1037 3325 1079 3356 M
1085 3330 1129 3366 (ς)
1156 3322 1226 3370 πρὸ

147 3368 186 3403 ιε’
202 3367 396 3403 καλανδῶν
413 3370 572 3403 Ἰουνίων
584 3371 673 3411 Aah„
697 3371 784 3413 μηνὶ
809 3370 933 3412 ἰουνίῳ
948 3371 1069 3403 ΤΙιεοιΙ.
1102 3371 1135 3402 k.
1149 3372 1225 3402 mai.

146 3417 229 3449 Iutv
258 3416 269 3457 ll
305 3418 379 3457 post
411 3415 559 3447 bilisario
592 3426 642 3447 uc.
677 3426 778 3447 conss.
810 3416 864 3456 M,
899 3426 950 3456 pc.
980 3416 1105 3457 (procoi
1130 3416 1227 3455 lum)

147 3460 289 3493 bilisarii
306 3461 368 3493 Iul.
394 3458 483 3502 μετὰ
504 3459 569 3502 τὴν
589 3456 768 3494 ὑπατείαν
787 3457 997 3503 Βελισαρίου
1020 3462 1136 3493 leeoal.
1152 3461 1225 3493 Atlz.

148 3506 322 3545 (Belisario
346 3516 397 3538 uc.
424 3517 510 3538 cons.
534 3508 564 3545 ς)
590 3505 600 3548 ΙΙ
631 3507 670 3538 27
698 3507 806 3537 Lexut
826 3506 930 3537 bonus
953 3506 1051 3538 schol.
1068 3506 1114 3538 M
1132 3503 1227 3546 λεχτ-

147 3548 296 3592 βούνους
319 3553 377 3583 καὶ
401 3550 446 3584 τὰ
469 3550 544 3592 ἑξῆς
567 3552 641 3583 Aah.
672 3550 684 3593 ΙΙ
716 3552 757 3583 28
779 3547 814 3582 Ὁ
833 3548 936 3583 αὐτὸς
955 3548 1119 3592 βασιλεὺς
1140 3548 1227 3594 πρὸς

148 3592 267 3628 Βόνον
291 3598 514 3641 κοιαίστωρα
538 3596 701 3628 exercitov
723 3597 810 3637 Atti,
837 3596 920 3628 unde
946 3597 1041 3630 inser.
1064 3598 1196 3637 reposui
1217 3596 1227 3638 ll

149 3642 190 3672 29
222 3641 319 3673 Reste
349 3641 444 3673 nobis
474 3642 584 3682 (nouis
609 3642 697 3681 Aeli.)
729 3642 815 3682 Am,
845 3641 943 3673 schot.
970 3641 1013 3672 M
1040 3639 1052 3684 ΙΙ
1091 3642 1132 3673 30
1162 3639 1228 3673 τὸν

147 3682 288 3717 τούτων
312 3682 510 3731 ἡγούμενον
532 3681 788 3719 Ἰουστινιανὸν
819 3687 1040 3731 κοιαίστωρα
1065 3686 1228 3718 exereitov

149 3729 456 3776 προςαγορεύουσα
480 3733 567 3773 Atta,
592 3733 659 3764 sim.
679 3732 798 3764 Theod.

1348 3282 1366 3312 2
1393 3281 1440 3311 est
1465 3291 1521 3310 0711.
1545 3279 1578 3311 V
1600 3278 1611 3321 ΙΙ
1644 3282 1662 3312 5
1685 3278 1856 3319 miracula]
1882 3279 2043 3312 miracula
2069 3279 2137 3312 eius
2159 3279 2207 3311 V¹
2243 3279 2377 3311 mirabi-

1296 3325 1342 3356 lia
1357 3323 1440 3356 Tul.
1460 3323 1472 3365 11
1497 3324 1677 3355 secundum
1699 3337 1756 3357 om.
1775 3324 1847 3356 Vin
1862 3332 1946 3367 spat.
1961 3326 1979 3357 2
1995 3326 2052 3358 liu.
2073 3323 2085 3367 ll
2108 3326 2125 3356 7
2148 3323 2220 3365 lege
2240 3337 2298 3357 om.
2318 3326 2348 3356 V

1297 3372 1315 3403 8
1342 3370 1529 3401 offerrimus
1552 3369 1585 3401 V
1610 3367 1621 3412 ΙΙ
1650 3368 1680 3400 ei
1704 3368 1883 3400 utilitatem
1910 3370 1994 3402 Tat.
2027 3368 2031 3413 Ι
2072 3371 2092 3403 9
2117 3370 2293 3401 honorates
2318 3325 2379 3412 V„

1300 3416 1338 3448 12
1361 3413 1533 3455 specialem
1555 3413 1661 3454 legem
1683 3414 1727 3452 Vl
1752 3414 1964 3456 spectabilem
1988 3415 2019 3447 T
2041 3414 2046 3457 Ι
2068 3415 2183 3456 ipsam]
2206 3415 2276 3457 ipsa
2294 3414 2329 3446 in
2350 3415 2384 3447 V

1296 3461 1368 3501 ipsa
1395 3460 1478 3491 Tal.
1511 3458 1522 3500 Η
1550 3458 1760 3490 inscribenda
1782 3460 1858 3492 libri
1882 3459 1893 3502 ΙΙ
1928 3461 1969 3492 13
1994 3459 2045 3491 illi
2070 3459 2131 3502 Vss
2162 3461 2203 3493 15
2229 3459 2376 3492 omnium

1299 3505 1374 3537 libri
1395 3503 1407 3546 ΙΙ
1437 3505 1477 3537 16
1499 3502 1617 3534 habeat
1638 3505 1722 3546 vuty.
1745 3504 1756 3543 Π
1782 3505 1820 3536 17
1838 3505 1896 3546 leq.
1913 3504 2030 3536 offert?
2048 3504 2060 3547 ΙΙ
2083 3504 2200 3536 talium
2223 3505 2268 3545 V]
2294 3504 2375 3536 alio-

1297 3560 1370 3581 rum
1389 3549 1419 3580 T
1439 3547 1450 3591 ΙΙ
1475 3549 1516 3623 215
1534 3548 1699 3625 Ik}ilisi=21rio
1721 3549 1755 3582 V
1772 3549 1858 3580 bilis.
1876 3549 2014 3583 TNeob.
2032 3549 2044 3593 ΙΙ
2070 3560 2121 3582 uc.
2137 3560 2209 3583 con.
2233 3550 2375 3584 TNeob.

1297 3604 1362 3626 uic.
1384 3603 1485 3625 consu
1502 3616 1509 3624 .

2297 1879 2383 1911 Nam
2409 1880 2450 1912 30
