2618 4010
261 107 367 152 Nov.
400 107 458 150 VI
488 110 513 150 8

259 233 339 254 νων
360 222 503 267 μέτρον,
534 216 593 252 ota
623 215 711 265 πρὸς
743 215 830 254 αὐτὸ
854 221 915 254 καὶ
945 217 1013 263 τὴν
1044 217 1212 262 δαπάνην
1244 231 1342 268 περι-

260 263 411 308 στήσας,
440 264 490 309 μὴ
518 261 698 311 πρότερον
724 264 1028 310 χειροτονηθῆναί
1054 278 1138 299 τινα
1161 263 1253 299 κατὰ
1274 263 1343 308 τὴν

261 308 374 353 αὐτὴν
406 309 605 352 ἐκκλησίαν,
644 310 734 357 πρὶν
763 307 810 344 ἂν
840 310 888 345 εἰς
918 309 985 344 τὸν
1015 307 1176 356 ἀριθμὸν
1206 308 1272 344 τὸν
1303 310 1343 351 ἐξ

259 353 364 410 ἀρχῆς
383 352 587 409 ῥρισθέντα
616 352 659 389 τὸ
691 356 825 409 μετρον
849 353 960 390 αὐτοῦ
983 357 1186 400 περισταίη.
1233 355 1280 389 Ei
1302 354 1343 390 δὲ

1348 105 1405 152 46
1740 123 1954 162 Quomono
1985 125 2219 158 oron'rnsr
2249 127 2484 160 srrscoros

1410 221 1674 258 ordinationum
1713 232 1930 267 mensuram,
1966 228 2145 270 tamquam
2178 226 2374 262 secundum
2408 237 2485 263 eam

1412 275 1587 319 expensas
1612 266 1852 319 constituent-1,
1876 280 1949 305 non
1971 271 2072 315 prius
2097 270 2255 307 ordinari
2277 282 2486 317 quemquam

1410 322 1447 346 ιιι
1462 311 1788 364 εαᾱειιιροοκεια,
1810 312 1880 349 nisi
1901 314 1948 350 ad
1970 325 2155 352 numerum
2178 326 2202 352 a
2223 316 2399 362 principio
2423 317 2484 353 de-

1409 356 1550 391 fimtum
1581 365 1658 391 elus
1690 359 1858 392 mensura
1889 359 2080 405 redigatur.
2128 361 2167 397 Si
2194 371 2277 398 vero
2311 362 2382 398 hoc
2413 373 2486 398 non

258 414 308 445 μη
337 412 444 434 τουτο
475 403 632 453 χέγονεν,
668 413 760 444 αυτη
792 398 832 435 δὲ
864 397 886 444 ἡ
915 401 976 444 τῆς
1006 398 1143 435 πόλεως
1174 399 1343 444 ἐκκλησία
1377 405 1394 434 5
1411 401 1514 444 fecit,
1547 400 1627 446 ipsa
1658 411 1740 436 vero
1770 401 1922 439 civitatis
1957 405 2111 441 ecelesia
2143 406 2323 443 ministrat
2353 407 2485 443 emolu-

257 449 423 492 χορηγοίη
455 455 519 479 τας
549 444 704 488 σιτήσεις
735 445 844 493 ἑαυτῇ
874 459 914 480 τε
943 448 1002 478 καὶ
1034 448 1111 478 ταῖς
1143 442 1266 480 ἄλλαις
1289 447 1342 480 ἐκ·

257 490 437 534 κλησίαις,
468 490 667 534 τηνικαῦτα
689 488 739 536 μὴ
761 494 956 538 προχείρως
980 487 1100 530 αὔξειν
1123 488 1205 524 τοὺς
1229 491 1341 525 ἐκεῖσε

258 534 449 581 κληρικούς,
472 533 565 579 μηδὲ
582 533 643 570 διά
657 547 758 571 τινας
777 536 862 570 ἴσως
882 535 1130 582 προςπαθείας
1154 532 1176 578 ἢ
1195 532 1342 583 χάριτας

257 584 334 615 ταῖς
369 581 546 616 ἐντεῦθεν
584 577 696 624 αὐτὴν
732 594 825 615 κατα
854 582 1009 628 ορτίζειν
1046 577 1243 615 δαπάναις·
1278 577 1340 615 οὐκ

257 624 387 670 εὐσεβῆ
417 624 485 674 γὰρ
508 624 554 661 τὰ
585 627 752 668 τοιαῦτα,
785 595 854 660 οὐδ

259 663 312 705 ὧν
342 667 362 705 ὁ
393 668 570 714 δεσπότης
598 669 715 715 διδοίη
747 670 850 713 θεός,
882 672 920 704 ἐκ
951 669 1095 705 τούτων
1124 668 1170 705 τὰ
1203 669 1341 706 δυνατὰ

255 719 430 774 χορηγεῖν,
463 713 486 760 ἢ
508 715 575 761 τὴν
598 718 687 764 γοῦν
719 715 880 752 παλαιὰν
911 714 1104 762 φυλάττειν
1127 714 1339 760 συνήθειαν,

255 760 329 806 μηδ
372 758 495 797 ὁτιοῦν
529 760 717 797 παντελῶς
740 763 1004 805 καινιζομένην.
1043 758 1146 794 “Here
1177 759 1341 807 προςήκει

255 806 337 842 τούς
350 805 651 853 θεοφιλεστάτους
664 806 884 853 πατριάρχας
899 809 959 860 καὶ
979 805 1242 862 μητροπολίτας
1261 805 1338 842 τού-

1410 449 1529 480 menta
1554 448 1592 481 et
1614 445 1682 481 sibi
1706 449 1741 480 et
1763 446 1846 482 aliis
1867 448 2043 493 ecclesiis,
2074 454 2150 486 tum
2181 462 2253 487 non
2283 456 2486 498 promptum

1409 500 1538 536 augere
1572 490 1645 543 illic
1681 490 1852 534 clericos,
1893 503 2007 538 neque
2041 498 2189 540 propter
2223 496 2362 542 aliquas
2394 496 2486 532 forte

1411 545 1675 581 compassiones
1702 538 1766 572 aut
1800 537 1974 574 beneficia
2005 549 2050 575 ex
2078 540 2148 576 hoc
2178 551 2256 577 eam
2288 542 2487 588 sumptibus

1409 591 1646 626 praegravare
1676 583 1762 623 (non
1787 584 1872 617 sunt
1893 583 1986 618 enim
2009 584 2098 620 haec
2120 586 2200 639 pia,
2229 597 2274 622 ne
2299 597 2346 623 ue
2369 598 2486 623 sacer-

852 628 869 659 ὲ
901 625 1025 671 ἱερέων
1055 623 1156 666 ἄξια·
1192 622 1273 660 ἀλλ’
1301 626 1341 666 ἐξ
1357 629 1395 661 10
1410 626 1552 662 dotibus
1577 626 1711 671 dignm:
1741 626 1804 662 sed
1827 637 1870 662 ex
1892 628 2021 681 quibus
2044 629 2206 668 dommus
2227 632 2272 668 de
2297 632 2365 669 erit
2387 632 2486 676 deuS‚

1410 682 1454 707 ex
1477 671 1534 708 his
1558 682 1649 717 quae
1672 676 1758 708 sunt
1780 672 1966 717 possibilia
1993 673 2195 712 ministrare
2217 681 2282 713 aut
2303 677 2486 723 antiquam

1411 727 1620 753 conservare
1644 717 1936 753 consuetudinem
1964 719 2054 754 nihil
2084 721 2225 765 penitus
2247 723 2486 759 innovantem.

1409 762 1512 798 Unde
1544 763 1713 815 competit
1737 763 1802 798 deo
1833 763 2005 799 amabiles
2037 765 2259 810 patriarchas
2290 770 2327 804 et
2356 772 2487 804 metro·

1409 808 1540 854 politas
1571 808 1677 843 huius
1709 808 1841 844 habere
1873 809 2150 854 providentiam,
2184 814 2222 848 et
2250 822 2311 849 eos
2335 813 2488 859 quidem,

255 866 319 887 του
343 853 524 887 τίθεσθαι
547 851 735 905 πρόηνοιαν,
766 855 824 884 καὶ
849 863 1013 907 τους,μεξ
1028 854 1131 899 μέχρι
1149 866 1216 887 νυν
1231 851 1339 887 ὄντας
1355 855 1393 888 15
1408 853 1468 899 qui
1491 853 1667 889 hactenus
1692 858 1791 897 sunt,
1816 854 1932 890 sinere
1955 854 1993 889 in
2018 855 2214 901 schemate,
2237 857 2276 893 in
2299 868 2368 903 quo
2393 862 2488 902 sunt,

255 900 319 932 έᾶν
342 900 403 933 ἐπὶ
430 899 494 932 τοῦ
520 894 628 931 αὐτου
651 896 847 950 σχήματος,
883 898 926 942 ἐφ
970 909 1081 943 ουπερ
1104 897 1191 938 εἰσί,
1223 898 1337 946 κληρι-

255 940 353 985 xoris,
385 945 599 989 συμμετρεῖν
624 940 663 975 δὲ
686 955 752 985 την
778 940 926 986 ἑκάστης
957 940 1142 985 ἐκκλησίας
1174 940 1337 988 δύναμιν,

254 991 314 1023 καὶ
338 985 452 1023 οὕτως
475 985 602 1022 αὐτούς
624 1000 664 1021 τε
687 987 769 1021 τοὺς
793 983 1011 1022 ὁσιωτάτους
1034 986 1254 1037 πατριάρχας
1276 987 1338 1023 τὰς

253 1031 317 1080 ὑφ’
331 1031 490 1088 κὲαυτοὺς
513 1031 659 1085 τάττειν
687 1031 883 1076 ἐκκλησίας,
907 1031 990 1067 τούς
1011 1045 1052 1067 τε
1074 1032 1339 1086 μητροπρλίτας

1409 899 1570 941 clericos,
1594 899 1711 934 metiri
1727 909 1809 935 vero
1827 900 2106 945 uniuscuiusque
2123 901 2292 938 ecclesiae
2310 904 2487 947 virtutem,

1407 948 1444 980 et
1466 944 1518 980 ita
1540 945 1638 989 ipsos
1663 954 1804 989 quoque
1833 945 2076 981 sanctissimos
2105 946 2328 991 patriarchas
2358 949 2425 984 sub
2450 960 2488 985 se

1409 990 1622 1025 constitutas
1653 990 1823 1025 ecclesias
1856 990 2041 1034 ordinare,
2081 995 2116 1026 et
2145 992 2389 1038 metropolitas
2420 994 2490 1030 hoc

1409 1036 1525 1079 ipsum
1549 1045 1572 1070 a
1596 1035 1830 1070 sanctissimis
1863 1036 2079 1080 patriarchis
2103 1037 2335 1074 commonitos
2359 1037 2488 1083 facere,

255 1076 343 1113 αὐτο
367 1079 474 1113 τοῦτο
499 1090 598 1123 παρα
617 1078 695 1112 τῶν
717 1074 932 1112 ὁσιωτάτων
951 1080 1188 1135 πατριαρχῶν
1211 1091 1337 1123 υπομι-
1352 1082 1393 1114 20
1407 1080 1486 1116 illos
1511 1084 1630 1115 autem
1653 1079 1743 1115 alios
1763 1090 1884 1116 omnes
1908 1081 1974 1116 sub
2000 1092 2039 1117 se
2063 1082 2277 1119 constitutos
2300 1083 2421 1129 episco
2449 1095 2489 1120 os

252 1126 517 1169 Ιιινησκομένους
537 1126 665 1165 ποιεῖν,
691 1124 842 1158 ἐκείνους
865 1136 905 1158 τε
923 1122 1004 1158 τοὺς
1027 1123 1151 1159 αλλους
1173 1120 1339 1159 ἅπαντας

253 1169 334 1204 τούς
356 1166 421 1216 ὑφ’
442 1167 588 1203 ἑαυτοὺς
611 1167 826 1203 ἐπισκόπους
850 1170 910 1203 ἐπὶ
927 1167 994 1212 τὴν
1011 1173 1231 1215 συμμετρίαν
1254 1168 1336 1204 ταύ-

252 1229 320 1258 την
344 1211 564 1259 ἐμβιβάζειν,
597 1216 657 1247 καὶ
686 1211 856 1249 σπεύδειν
884 1212 933 1258 μὴ
955 1210 1046 1261 ὑπὲρ
1079 1214 1145 1258 τὴν
1169 1213 1338 1257 δαπάνην

253 1260 443 1295 ποιεῖσθαι
467 1257 530 1294 τὰς
553 1259 631 1293 τῶν
651 1257 830 1306 κληρικῶν
850 1263 1078 1306 χειροτονίας.
1121 1259 1238 1313 ’Ῑσμεν
1257 1259 1336 1307 γάρ,

1407 1125 1453 1161 ad
1476 1135 1679 1161 mensuram
1708 1125 1804 1161 hanc
1827 1125 2019 1169 deducere,
2052 1130 2087 1162 et
2116 1128 2262 1164 studere
2290 1139 2363 1165 non
2434 1132 2491 1165 tra

1408 1181 1600 1224 expensam
1631 1170 1752 1206 facere
1791 1170 2002 1207 clericorum
2038 1172 2291 1210 ordinationes.
2351 1173 2490 1210 Scimus

1407 1227 1518 1259 enim,
1552 1220 1709 1261 quantae
1738 1216 1984 1252 sanctissimae
2014 1218 2186 1254 ecclesiae
2217 1221 2365 1265 propter
2395 1219 2490 1255 hanc

1407 1261 1671 1297 ordinationum
1695 1262 1732 1296 et
1755 1261 1903 1297 alterius
1928 1272 2106 1308 expensae
2132 1264 2341 1300 effusionem
2363 1265 2491 1310 inopes

252 1303 335 1339 ὅσαι
358 1306 436 1339 τῶν
459 1301 675 1351 ἁγιωτάτων
693 1303 892 1347 ἐκκλησιῶν
916 1302 975 1338 διὰ
999 1306 1106 1338 τοῦτο
1127 1303 1170 1348 δὴ
1193 1318 1235 1339 το
1259 1306 1337 1339 τῶν
1351 1308 1392 1341 25
1406 1306 1525 1342 factae
1544 1310 1638 1350 sunt,
1660 1309 1696 1341 et
1711 1306 1795 1351 quia
1819 1307 1958 1352 aliquas
1978 1318 2100 1344 earum
2116 1309 2175 1344 vix
2194 1310 2345 1355 quidem,
2369 1314 2490 1347 tamen

251 1353 579 1398 χειροτονουμένων
603 1362 643 1384 τε
665 1352 724 1384 καὶ
749 1351 810 1393 τῆς
833 1347 938 1393 ἄλλης
967 1347 1128 1392 δαπάνης
1158 1351 1335 1395 ἐκκεχυμέ-

252 1409 317 1431 νον
354 1394 551 1443 ἦπόρησαν,
587 1397 646 1428 καὶ
679 1391 736 1429 ὅτι
772 1394 872 1429 τινὰς
904 1395 943 1435 ἐξ
976 1393 1098 1429 αὐτῶν
1128 1392 1232 1439 μόλις
1259 1398 1336 1440 μέν,

252 1439 524 1487 περιεσώσαμεν
548 1438 588 1474 δὲ
610 1437 723 1483 ὅμως,
746 1442 841 1474 τινὲς
864 1438 904 1474 δὲ
928 1439 981 1474 ἔτι
1005 1443 1336 1486 καταπεφορτισμέ-

252 1500 314 1521 ναι
345 1489 502 1527 κεῖνται,
530 1486 654 1539 ἐκυτῆς
677 1485 843 1528 τοιαύτης
873 1483 1075 1532 ἀνενεγκεῖν
1098 1489 1338 1539 στενοχωρίας

1407 1351 1674 1394 eliberavimus‚
1707 1351 1881 1395 quaedam
1903 1362 1986 1388 vero
2010 1353 2128 1390 adhuc
2161 1359 2331 1390 oneratae
2358 1355 2489 1400 iacent,

1407 1408 1451 1432 ex
1480 1397 1547 1432 tali
1571 1396 1701 1432 elevari
1725 1397 1889 1442 angustia
1921 1408 1993 1434 non
2024 1400 2195 1435 valentes.
2242 1400 2398 1447 Ideoque
2420 1401 2489 1437 hoc

1407 1442 1620 1487 provideant
1659 1442 1877 1478 sanctissimi
1910 1444 2138 1488 patriarchae
2172 1448 2208 1481 et
2242 1446 2490 1492 metropolitae

1407 1491 1443 1522 et
1466 1487 1594 1532 reliqui
1618 1487 1684 1523 deo
1709 1488 1879 1524 amabiles
1903 1489 2073 1535 episcopi,
2096 1493 2137 1526 ut
2160 1493 2196 1526 et
2218 1501 2303 1535 nos,
2327 1501 2419 1537 quae
2442 1492 2488 1527 ab

251 1530 292 1566 οὐ
311 1530 518 1587 ὃυνρὶμεναι.
555 1543 643 1566 ωςτε
661 1529 789 1565 τούτου
808 1530 1070 1586 προνοήσουσιν
1086 1531 1123 1565 οἱ
1138 1530 1336 1578 αγιώτατοι
1351 1534 1393 1567 30
1408 1532 1460 1568 eis
1475 1537 1632 1578 aguntur
1656 1533 1844 1578 discentes,
1869 1535 2107 1579 approbemus
2122 1545 2196 1579 eos,
2221 1537 2305 1581 quia
2326 1538 2488 1573 nostram

251 1589 470 1625 πατριαρχαι
494 1579 553 1610 καὶ
577 1575 614 1610 οἱ
633 1574 897 1623 μητροπρλιται
920 1578 980 1610 καὶ
1003 1575 1040 1610 οἱ
1062 1575 1181 1611 λοιποὶ
1209 1577 1335 1623 θεοφι-

251 1622 418 1657 λέστατοι
442 1623 650 1662 ἐπίσκοποι,
683 1618 743 1666 ἐφ’
771 1620 801 1664 ᾧ
834 1634 874 1655 τε
903 1618 990 1666 ἡμᾶς
1019 1619 1064 1655 τὰ
1094 1619 1183 1668 παρ’
1212 1619 1336 1656 αὐτῶν

249 1666 425 1715 γινόμενα
447 1666 709 1712 μανθάνοντας
731 1663 989 1707 ἀποδέξασθαι
1013 1663 1158 1709 αὐτούς,
1190 1665 1247 1701 ὅτι
1271 1666 1338 1702 τὸν

251 1715 291 1748 ἐν
312 1710 521 1761 γράμμασιν
544 1709 649 1757 ἡμῶν
671 1710 786 1756 νόμον
809 1713 849 1746 ἐν
873 1710 992 1746 αὐτοῖς
1015 1710 1157 1753 ἔδειξαν
1185 1716 1260 1747 τοῖς
1283 1711 1336 1757 ἕρ-

250 1770 325 1806 γοις
348 1755 636 1802 πολιτευόμενον.

293 1800 580 1850 <Ἐπίλογος.>
631 1801 680 1836 T&
709 1806 834 1837 τοίνυν
866 1799 958 1850 παρ’
994 1801 1099 1847 ἡμῶν
1134 1803 1334 1847 νομοθετη-

253 1850 369 1884 θέντα
389 1851 450 1882 καὶ
471 1848 539 1893 τὴν
562 1846 664 1896 ἱερὰν
686 1846 791 1888 τάξιν
809 1861 852 1882 τε
875 1850 935 1883 καὶ
959 1846 1182 1882 κατάστασιν
1206 1847 1335 1895 φυλάτ-

1406 1579 1519 1623 legem
1548 1579 1587 1613 in
1618 1578 1747 1614 litteris
1771 1579 1944 1659 ἕξιππα
1965 1580 2061 1626 apud
2096 1585 2207 1617 semet
2236 1582 2335 1627 ipsos
2371 1586 2488 1619 osten-

1407 1624 1535 1660 derunt
1559 1624 1725 1669 operibus
1748 1634 1770 1659 a
1797 1624 1805 1632 '
1842 1624 1943 1670 pleri.

1450 1804 1718 1850 (Epilogus.)
1765 1805 1864 1850 Quae
1898 1805 2007 1851 igitur
2038 1815 2060 1841 a
2091 1806 2195 1842 nobis
2226 1805 2367 1842 sancita
2394 1811 2488 1851 sunt,

1407 1852 1442 1885 et
1466 1859 1607 1885 sacrum
1632 1850 1793 1886 ordinem
1826 1853 2029 1896 statumque
2062 1851 2270 1887 custodiunt
2293 1853 2489 1888 secundum

250 1907 364 1929 τοντα
388 1893 479 1928 κατὰ
501 1893 568 1938 τὴν
591 1894 670 1928 τῶν
693 1893 813 1928 θείων
836 1891 1005 1928 κανόνων
1035 1891 1191 1938 δύναμίν
1212 1907 1253 1928 τε
1275 1897 1335 1928 καὶ
1405 1905 1590 1930 sacrarum
1620 1896 1823 1939 regularum
1855 1897 2021 1932 virtutem
2054 1899 2090 1932 et
2113 1896 2414 1942 observationem,
2446 1898 2490 1934 de

251 1938 501 1987 παρατήρησιν
523 1941 587 1973 τοῦ
607 1937 736 1975 λοιποῦ
756 1937 1040 1985 φυλαττέτωσαν
1065 1936 1237 1982 διηνεκῶς
1259 1936 1334 1973 ἀκέ-
1407 1943 1526 1976 cetero
1564 1946 1774 1977 conservent
1815 1946 1990 1986 perpetuo
2030 1942 2168 1987 integra
2204 1945 2240 1978 et
2274 1943 2490 1979 sanctissimi

251 1999 336 2034 ραια
359 1986 397 2019 οἵ
412 1997 453 2019 τε
475 1981 498 2018 οἱ
522 1982 674 2019 ιώτατοι
697 1983 833 2031 πατριά
856 1997 916 2027 χαι
949 1982 1153 2027 διοικήσεως
1184 1983 1332 2028 ἑκάστης
1346 1988 1389 2020 40
1403 1986 1631 2030 patriarchae
1662 1987 1947 2032 uniuscuiusque
1979 1987 2132 2023 diocesis
2157 1991 2193 2023 et
2223 1988 2290 2023 deo
2318 1989 2489 2025 amabiles

250 2031 288 2065 οἵ
306 2044 347 2065 τε
369 2030 481 2076 θεοφι
505 2032 650 2064 ε’στατοι
672 2041 837 2075 μητροπο
859 2032 935 2063 ῖται
964 2029 1003 2063 οῗ
1028 2042 1068 2063 τε
1092 2028 1210 2064 λοιποὶ
1234 2027 1333 2064 εὖλα-
1406 2031 1655 2076 metropolitae
1678 2034 1714 2067 et
1737 2032 1865 2077 reliqui
1888 2033 2166 2068 reverentissimi
2198 2033 2359 2079 episcopi
2381 2036 2489 2080 atque

249 2079 422 2121 βέστατοι
445 2076 635 2110 ἐπίσκοποι
659 2075 699 2109 οἴ
713 2087 752 2108 τε
776 2073 945 2122 κληρικοί,
970 2076 1156 2117 πανταχοῦ
1179 2073 1247 2118 τὴν
1271 2077 1336 2110 τοῦ
1408 2076 1543 2119 clerici,
1575 2077 1707 2121 ubique
1739 2077 1796 2112 dei
1828 2077 2004 2112 culturam
2029 2081 2064 2113 et
2095 2088 2236 2114 sacram
2266 2077 2489 2125 disciplinam

249 2188 455 2232 ecclesiam,
486 2187 631 2224 modum
657 2186 945 2224 ordinandorum
975 2187 1178 2233 definiverit
1207 2191 1334 2235 utpote
1362 2189 1560 2225 secundum
1590 2200 1670 2226 eum
1703 2191 1875 2238 expensis
1907 2201 2052 2237 quoque
2083 2191 2307 2235 constitutis,
2337 2203 2383 2228 ne
2405 2193 2488 2239 quis

247 2235 353 2282 prius
376 2234 416 2269 in
437 2233 562 2270 eadem
579 2232 731 2269 ecclesia
753 2232 941 2269 ordinetur
963 2243 1073 2279 quam
1094 2233 1143 2268 ad
1165 2244 1353 2269 numerum
1372 2234 1418 2270 ab
1439 2234 1545 2271 initio
1567 2234 1753 2315 delinitum
1774 2235 1852 2272 eius
1867 2235 1996 2272 modus
2017 2235 2187 2272 redactus
2211 2236 2271 2279 sit,
2293 2237 2484 2273 sancimus.

250 2280 316 2316 Sin
346 2279 387 2315 id
410 2279 554 2326 factum
585 2289 660 2314 non
682 2278 748 2321 sit,
779 2278 862 2325 ipsa
892 2289 977 2314 vero
1002 2278 1159 2314 civitatis
1180 2278 1333 2315 ecclesia
1356 2283 1393 2315 et
1413 2279 1483 2315 sibi
1505 2283 1542 2317 et
1563 2280 1632 2317 rei
1659 2281 1714 2316 uis
1737 2280 1899 2317 ecclesiis
1921 2280 2093 2317 alimenta
2117 2280 2381 2325 subministret,
2413 2286 2486 2319 tum

250 2337 295 2362 ne
326 2329 456 2361 temere
486 2328 692 2370 auqeantur
714 2323 778 2370 qui
800 2323 850 2360 ibi
873 2327 960 2359 sunt
990 2323 1113 2359 clerici
1135 2334 1223 2360 neve
1251 2323 1318 2359 illa
1346 2327 1508 2371 propter
1534 2336 1627 2371 quas
1679 2336 1713 2361 m
1740 2325 1842 2372 forte
1873 2325 2087 2373 affectiones
2116 2326 2173 2362 vel
2200 2326 2488 2374 suffraqationes

248 2370 448 2417 sumptibus
471 2369 606 2406 exinde
630 2372 802 2405 oneretur
832 2367 938 2411 (talia
961 2368 1055 2404 enim
1088 2379 1164 2404 non
1186 2372 1273 2405 sunt
1296 2369 1367 2416 pia
1395 2380 1440 2406 ne
1467 2381 1512 2406 ue
1538 2369 1788 2407 sacerdotibus
1813 2370 1962 2417 diqna),
1993 2370 2058 2407 sed
2080 2382 2174 2417 quae
2199 2371 2367 2408 dominus
2397 2372 2486 2410 deus

249 2415 406 2458 dederit,
436 2426 487 2451 ex
509 2414 555 2450 iis
579 2413 703 2461 quoad
723 2414 808 2459 fieri
829 2418 957 2462 potest
985 2413 1290 2457 subministretur,
1321 2418 1387 2450 aut
1407 2381 1544 2451 saitem·
1560 2416 1714 2462 antiqua
1738 2415 1960 2452 consuetudo
1984 2422 2148 2453 servetur
2170 2415 2271 2453 nullo
2300 2416 2408 2454 modo
2430 2428 2487 2457 re·

248 2460 427 2498 novanda.
476 2458 609 2506 Itaque
631 2459 735 2495 decet
755 2458 823 2495 deo
848 2459 1055 2495 carissimos
1111 2458 1318 2495 atm‘arclzas
1341 2464 1379 2495 et
1401 2460 1704 2508 metropolitanos
1729 2460 1838 2497 huius
1861 2462 1916 2497 rei
1939 2472 2065 2497 curam
2087 2472 2233 2508 qerere,
2264 2466 2301 2498 et
2322 2473 2386 2499 eos
2408 2463 2487 2510 qui-

249 2505 345 2550 dem,
380 2505 444 2552 qui
473 2516 588 2552 usque
610 2516 653 2541 eo
675 2509 762 2540 sunt
785 2504 928 2548 clerici,
958 2505 997 2540 in
1021 2515 1063 2541 eo
1110 2515 1145 2540 m
1166 2508 1284 2548 statu,
1315 2505 1355 2541 in
1378 2516 1451 2552 quo
1483 2510 1588 2549 sunt,
1619 2505 1845 2559 relinquere,
1874 2506 2075 2553 facultates
2098 2518 2182 2543 vero
2206 2505 2488 2555 uniuscuiusque

249 2551 420 2588 ecclesiae
449 2555 545 2587 recte
568 2550 705 2586 metiri:
740 2553 850 2596 atque
872 2550 926 2586 ita
948 2554 985 2586 et
1005 2550 1078 2597 ipsi
1100 2550 1320 2586 sanctissimi
1374 2550 1583 2587 atriarclzae
1603 2551 1774 2587 ecclesias
1796 2551 1862 2587 sub
1886 2552 1977 2598 ipsis
2001 2552 2218 2588 constitutas
2241 2551 2421 2596 ordinent,
2451 2558 2487 2590 et

249 2596 522 2650 metropolitani
545 2595 585 2631 id
604 2596 723 2642 ipsum
747 2606 771 2631 a
793 2595 1031 2631 sanctissimis
1085 2595 1281 2632 atriarckis
1303 2607 1325 2631 a
1351 2596 1480 2632 moniti
1500 2596 1661 2642 faciant,
1685 2601 1721 2633 et
1738 2596 1795 2632 illi
1812 2597 1975 2643 reliquos
1999 2607 2120 2633 omnes
2142 2596 2335 2644 episcopos
2356 2598 2422 2635 sub
2445 2609 2485 2636 se

249 2646 466 2678 constitutos
483 2640 533 2677 ad
554 2641 650 2676 hanc
674 2640 958 2677 convenientiam
982 2640 1032 2676 ad
1057 2647 1178 2683 acam,
1203 2640 1359 2688 dentque
1375 2652 1525 2689 operam
1548 2653 1593 2677 ne
1611 2641 1712 2677 ultra
1731 2641 1876 2678 modum
1899 2652 2144 2689 expensarum
2157 2642 2251 2687 fiant
2271 2641 2484 2680 clericorum

249 2687 506 2723 ordinationes.
555 2685 697 2722 Scimus
728 2686 834 2729 enim,
865 2689 957 2732 quot
978 2686 1230 2723 sanctissimae
1253 2686 1424 2722 ecclesiae
1446 2691 1607 2734 propter
1636 2687 1743 2722 istam
1793 2686 1911 2724 uidem
1935 2686 2205 2722 ordinationum
2225 2691 2261 2723 et
2284 2692 2485 2725 ceterorum

247 2738 455 2779 sumptuum
471 2731 733 2767 abundantiam
749 2731 878 2778 inopia
901 2730 1080 2774 laborent,
1105 2736 1214 2779 atque
1232 2743 1283 2768 ex
1301 2732 1354 2768 eis
1373 2742 1441 2768 nos
1459 2731 1554 2767 alias
1567 2743 1677 2779 aeyre
1691 2731 1754 2778 qui
1779 2743 1845 2775 em,
1869 2736 1910 2768 at
1925 2736 2043 2768 tamen
2058 2743 2231 2775 servasse,
2255 2732 2350 2769 alias
2366 2737 2484 2771 autem

249 2778 454 2814 etiamnunc
477 2781 650 2812 oneratas
672 2777 792 2813 iacere
814 2787 931 2823 neque
953 2788 1004 2813 ex
1026 2776 1204 2813 eiusmodi
1226 2777 1405 2824 anqustiis
1427 2787 1609 2824 emerqere
1631 2788 1749 2829 posse.
1786 2776 1918 2823 Itaque
1941 2775 2026 2813 huic
2046 2777 2102 2812 rei
2123 2778 2344 2814 sanctissimi
2359 2779 2482 2826 patri-

249 2822 384 2859 archae
408 2826 451 2858 et
478 2821 752 2869 metropolitani
774 2825 812 2858 et
832 2822 965 2868 reliqui
994 2821 1062 2859 deo
1087 2822 1266 2858 carissimi
1289 2822 1452 2869 episcopi
1477 2822 1725 2869 prospicient,
1756 2826 1798 2858 ut
1824 2833 1912 2865 nos,
1941 2833 2035 2869 quae
2066 2823 2111 2858 ab
2143 2822 2217 2858 illis
2235 2823 2332 2869 fiant
2353 2823 2482 2868 edocti,

249 2867 494 2916 approbemus
516 2878 595 2910 eos,
620 2867 720 2913 quod
739 2867 852 2914 leqem
875 2871 1040 2904 nostram
1062 2868 1202 2915 scripto
1226 2867 1434 2904 mandatam
1457 2879 1498 2904 re
1521 2878 1666 2914 quoque
1687 2867 1772 2915 ipsa
1793 2867 1913 2904 valere
1936 2866 2167 2904 ostenderint.

385 2911 637 2960 Epiloqus.
675 2911 777 2955 Quae
798 2912 915 2959 iqitur
938 2924 961 2948 a
977 2912 1083 2949 nobis
1104 2913 1247 2949 sancita
1269 2917 1357 2949 sunt
1377 2917 1414 2949 et
1431 2923 1576 2949 sacrum
1600 2912 1764 2950 ordinem
1786 2916 1896 2959 atque
1918 2916 2054 2949 statum
2076 2912 2271 2948 secundum
2293 2924 2483 2950 sacrorum

249 2969 429 2995 canonum
447 2958 701 2993 auctoritatem
718 2961 756 2993 et
771 2957 1056 2994 observationem
1072 2962 1299 3001 conservant,
1319 2958 1359 2994 in
1374 2962 1566 3011 posterum
1584 2962 1621 2995 et
1633 2958 1850 2994 sanctissimi
1864 2958 2036 3004 cuiusque
2052 2958 2227 2994 dioecesis
2247 2958 2484 3006 patriarchae

248 3009 285 3040 et
307 3004 374 3040 deo
398 3002 578 3039 carissimi
601 3002 874 3050 metropolitani
899 3007 936 3039 et
964 3003 1097 3050 reliqui
1125 3003 1390 3050 reliqiosissimz
1415 3004 1579 3051 episcopi
1601 3008 1638 3040 et
1660 3003 1783 3039 clerici
1809 3007 1992 3050 perpetuo
2016 3004 2160 3050 inteqra
2188 3004 2415 3048 custodiant,
2443 3004 2482 3040 in

299 3121 309 3151 1
347 3116 406 3151 οἶα
433 3131 492 3152 om.
515 3114 566 3151 L''

250 3166 269 3198 2
291 3165 387 3205 τινα]
407 3175 444 3197 τι
466 3163 503 3197 Β
527 3162 577 3204 114
598 3116 722 3196 Ιάιύτῶν
746 3163 777 3196 L
801 3162 813 3207 11
839 3162 870 3196 εἰ
892 3159 932 3196 δὲ
954 3175 994 3197 ου
1017 3164 1144 3209 γέγονέ
1163 3175 1200 3197 τι
1219 3175 1333 3197 τοιου-

249 3221 325 3249 τον,
345 3204 428 3242 ἀλλ’
453 3204 476 3250 ἡ
494 3207 555 3250 τῆς
576 3208 606 3241 A
636 3206 649 3251 11
676 3211 695 3242 5
748 3210 882 3254 ε’γονεν]
910 3209 1059 3254 γένηται
1083 3205 1124 3242 L‘
1156 3207 1169 3252 11
1197 3211 1215 3243 7
1247 3220 1332 3255 προ·
1402 3211 1590 3252 promptum
1609 3204 1661 3252 aul
1682 3207 1721 3242 V
1724 3207 1739 3229 ³
1761 3210 1794 3242 in
1810 3220 1876 3242 ras.
1895 3208 1951 3249 (sit
1968 3216 2045 3251 post
2058 3210 2248 3252 promptum
2266 3209 2344 3243 add.
2357 3209 2414 3244 vul
2434 3210 2457 3252 .)

250 3257 384 3298 χείρους
406 3252 436 3288 L
459 3254 648 3297 promptum
674 3265 693 3289 ς
715 3220 774 3298 1ἴὸ
795 3250 885 3296 μήτε
905 3254 936 3286 A
961 3252 974 3298 11
994 3250 1028 3296 ἢ]
1048 3255 1109 3287 καὶ
1131 3254 1163 3287 A
1186 3252 1199 3298 11
1227 3255 1266 3288 10
1288 3252 1333 3286 ἱε-
1402 3257 1420 3288 7
1445 3253 1530 3287 *illi
1555 3255 1633 3288 libri
1659 3252 1673 3298 11
1700 3255 1720 3288 8
1741 3253 1906 3296 passiones
1930 3253 1963 3286 R
1993 3252 2006 3297 11
2036 3255 2077 3287 10
2096 3253 2199 3296 digna
2222 3265 2281 3287 om.
2303 3253 2339 3288 Β
2364 3251 2378 3298 Ι
2423 3264 2479 3287 eus

251 3301 338 3343 ρέως
357 3300 388 3332 L
409 3294 511 3343 ἀρχιε
535 3299 607 3332 ε’ων
623 3297 656 3332 A
674 3297 690 3352 11
707 3300 741 3331 11
771 3295 867 3332 διδοῖ
887 3299 919 3332 A
934 3297 947 3343 11
965 3298 1003 3332 ἐκ
1022 3294 1165 3333 τούτων
1186 3311 1244 3333 om.
1268 3300 1301 3332 A
1330 3298 1335 3341 1
1402 3299 1530 3333 dederit
1551 3299 1586 3332 R
1601 3298 1614 3343 11
1636 3300 1673 3333 11
1700 3300 1795 3341 quae]
1821 3307 1952 3342 quoque
1976 3297 2014 3332 V
2019 3299 2029 3318 ¹
2047 3297 2060 3344 11
2075 3299 2264 3332 inmistrare
2283 3297 2345 3341 ΒΙ
2365 3299 2404 3332 15
2427 3309 2478 3331 se-

255 3346 293 3377 12
340 3344 404 3376 οῦν
425 3357 484 3377 om.
534 3342 584 3388 ς11
649 3340 805 3384 λαττειν]
830 3340 887 3376 δεῖ
953 3340 1168 3388 λάττεινᾼ11
1191 3345 1230 3379 14
1248 3343 1332 3378 θεο-
1401 3347 1488 3378 mate
1510 3344 1572 3387 Β11
1595 3345 1633 3378 16
1657 3344 1761 3377 metui
1785 3341 1863 3389 Rq
1879 3343 2047 3376 uirtutum
2069 3342 2132 3389 Β11
2153 3344 2192 3377 18
2214 3343 2292 3384 hoc]
2314 3352 2395 3375 uero
2414 3343 2477 3376 hoc

252 3356 423 3431 φυλῖἱκους
454 3387 584 3433 (θεοφυ
618 3384 628 3397 ’
676 3399 734 3422 ους
757 3387 819 3431 Lb)
843 3389 875 3422 L
911 3389 917 3432 1
942 3389 1072 3423 τούτου
1095 3387 1240 3423 θέσθαι
1263 3389 1333 3424 LB
1402 3390 1440 3424 V
1457 3389 1471 3434 11
1493 3390 1536 3423 20
1560 3386 1644 3421 alios
1664 3402 1721 3423 om.
1748 3388 1787 3423 V
1798 3387 1811 3434 11
1827 3388 2026 3422 constitutos
2050 3388 2218 3432 episcopos
2239 3387 2286 3428 Β]
2351 3386 2477 3431 {scopos

252 3431 396 3466 θέσθαι
427 3433 570 3467 τούτων
594 3435 625 3467 A
652 3432 665 3479 11
698 3435 737 3469 15
772 3430 853 3479 ἄχρι
876 3434 908 3467 A
935 3433 947 3479 11
981 3437 1021 3469 16
1052 3431 1161 3469 αὐτοῦ
1182 3446 1243 3468 om.
1267 3435 1299 3468 A
1401 3434 1577 3478 (episcopis
1590 3433 1629 3468 V
1634 3434 1659 3476 ¹)
1679 3434 1804 3477 positos
1817 3433 1886 3468 VT
1902 3434 2027 3477 positos
2046 3433 2214 3477 episcopos
2233 3433 2318 3477 vuly.
2364 3432 2408 3467 22
2431 3433 2474 3466 si-

255 3479 293 3511 17
320 3475 400 3519 τὴν]
423 3477 484 3519 τῆς
503 3479 535 3512 L
558 3478 570 3523 11
600 3480 640 3514 18
663 3475 791 3513 αὐτούς
810 3491 851 3512 τε
871 3492 929 3513 om.
954 3479 986 3512 A
1007 3478 1020 3523 11
1046 3481 1086 3514 21
1112 3481 1164 3521 τε]
1187 3475 1227 3513 δὲ
1247 3480 1300 3516 Ae
1400 3490 1474 3512 mus
1497 3479 1544 3513 Β1
1573 3478 1586 3522 11
1617 3481 1657 3513 24
1684 3478 1955 3513 *ordinationem
1980 3479 2057 3514 libri
2123 3478 2166 3511 25
2197 3477 2289 3519 quia]
2313 3476 2372 3519 qui
2393 3477 2444 3511 Βι

253 3523 296 3555 22
317 3520 399 3555 τοὺς
418 3535 476 3555 om.
499 3525 531 3556 A
549 3523 619 3567 1125
640 3520 735 3566 ὅσαι]
760 3519 808 3558 αἷς
828 3521 868 3557 αἱ
889 3524 922 3558 Α
981 3522 1191 3567 ἐκκλησιῶν]
1215 3523 1332 3566 ἑκκλη-
1400 3525 1524 3566 tamen]
1548 3524 1595 3558 tffi
1614 3524 1652 3558 V
1677 3523 1691 3568 11
1717 3525 1760 3560 26
1793 3523 2027 3558 eliberauimus
2051 3523 2083 3565 (e
2100 3521 2262 3555 'beramus
2282 3521 2318 3556 V
2322 3524 2354 3564 ⁰)
2377 3521 2448 3556 RV

253 3566 347 3600 σιῶν
367 3564 577 3602 πλεῖσταιΑ
592 3568 604 3613 11
624 3571 665 3603 26
686 3569 920 3616 χειροτονιῶν
972 3570 1019 3612 (ς)
1034 3569 1046 3614 11
1065 3571 1107 3604 28
1132 3565 1229 3614 ὅμως
1245 3570 1334 3617 γοῦν
1401 3569 1660 3603 deliberauimus
1683 3568 1734 3603 1²⁸
1742 3568 1870 3647 {uei-0]
1895 3579 1937 3603 u·
1965 3569 1998 3603 V
2001 3568 2012 3590 ¹
2026 3565 2041 3613 Ι
2056 3567 2204 3600 iacerent
2225 3565 2265 3600 V
2322 3568 2364 3601 27
2389 3566 2472 3600 rele-

254 3612 347 3645 τινὲς
378 3611 434 3644 ἔτι
459 3613 490 3645 A
520 3611 533 3655 11
560 3615 602 3646 29
623 3627 669 3657 sq.
706 3611 747 3647 οὗ
775 3611 971 3659 δυνάμεναι
1002 3617 1240 3662 στενοχωρίας
1267 3615 1299 3649 Α
1321 3617 1334 3657 ΙΙ
1400 3614 1476 3648 uari
1498 3615 1585 3659 vulq.
1611 3613 1624 3659 11
1649 3615 1726 3656 hoc]
1772 3623 1828 3647 aec
1850 3615 1882 3648 R
1900 3614 1971 3659 1128
1994 3611 2195 3647 sanctissime
2218 3610 2266 3645 1³¹
2326 3612 2369 3646 30
2394 3613 2473 3655 quia

257 3656 361 3690 τοῦτο
385 3657 416 3690 A
442 3656 454 3699 Ι
477 3658 515 3690 31
541 3659 600 3689 καὶ
621 3657 885 3704 μητροπολῖται
903 3659 935 3694 A
957 3660 971 3704 fl
989 3661 1032 3694 40
1055 3660 1093 3693 οἵ
1111 3662 1163 3701 τε]
1189 3660 1226 3694 οῗ
1241 3673 1281 3694 τε
1300 3659 1337 3694 οἱ
1402 3659 1453 3700 V]
1478 3659 1538 3701 qui
1560 3659 1594 3695 Β
1617 3660 1703 3704 vuly.
1722 3658 1792 3702 fl3‘l
1817 3658 2018 3701 statumque]
2039 3658 2198 3690 statutum
2219 3655 2273 3690 R⁰
2332 3657 2374 3691 39
2397 3667 2471 3700 per-

259 3702 323 3745 Mfl
341 3702 387 3736 42
406 3700 445 3734 οἵ
463 3702 515 3742 τε]
539 3700 610 3735 εἴτε
631 3703 662 3735 A
681 3703 770 3747 11τοῦ
794 3703 896 3746 θεοῦ]
921 3703 1032 3739 θείαν
1054 3707 1086 3738 A
1400 3706 1499 3748 potue
1510 3703 1547 3738 V
1546 3704 1579 3738 Τ
1590 3703 1604 3748 11
1618 3706 1659 3738 41
1674 3701 1942 3747 metropolitesV
1946 3700 2182 3748 „tener-tissimi
2193 3700 2230 3735 V
2235 3701 2248 3745 11
2256 3703 2298 3736 42
2315 3701 2476 3744 ibiqueR

1451 3121 1465 3152 1
1493 3129 1564 3152 eam
1584 3117 1766 3151 secundum
1787 3115 1862 3162 1⁷¹ss
1880 3118 1901 3152 2
1925 3118 2163 3151 constituentes
2183 3117 2236 3152 Βι
2251 3116 2264 3161 11
2283 3127 2482 3161 quamquam

640 3128 857 3164 περιστήσας
888 3120 947 3151 καὶ
979 3130 1046 3172 ’,την
1080 3115 1248 3161 δαπανην
1271 3117 1334 3171 4¹¹
1403 3163 1441 3198 V
1467 3163 1480 3208 u
1509 3166 1529 3198 5
1565 3163 1646 3196 facit
1674 3164 1723 3197 R¹
1753 3162 1766 3207 11
1792 3162 1997 3196 inministrat
2027 3164 2059 3196 R
2086 3163 2098 3207 11
2128 3165 2149 3198 ὃ
2176 3164 2261 3204 tum]
2294 3174 2369 3197 oum
2397 3164 2451 3198 Ra
2461 3162 2482 3254 n
