2618 4010
120 130 199 179 *nn
226 127 418 159 'rmum
439 120 503 157 ΕΤ
531 123 710 157 snmssn
1211 107 1289 154 127
1987 108 2095 153 Nov.
2124 108 2268 152 XVIII
2293 120 2354 163 pr.

137 224 317 283 θορύβους
350 221 580 260 ἀνιστάντων
617 222 810 279 πειραθείη
845 223 935 258 ποτε
967 223 1029 266 τῆς
1061 219 1212 269 μεγάλης
1281 221 1359 266 quis
1384 231 1516 263 eorum,
1540 218 1600 265 qui
1623 229 1670 264 po
1698 218 1795 254 ulum
1818 219 1856 255 in
1881 219 2006 256 turbas
2031 219 2234 261 sollicitant,
2266 207 2352 254 tein-

135 283 267 314 ταυτης
289 268 428 307 πόλεως
451 266 648 316 ἀποφυγεῖν
670 282 692 311 η
711 264 856 312 μόνοςῆ
875 270 935 302 καὶ
957 264 1051 313 μεθ’
1077 267 1211 313 ἑτέρων
1279 267 1388 311 ptarit
1422 264 1612 311 aliquando
1643 273 1666 299 a
1722 264 1791 299 hac
1821 275 1950 309 magna
1975 264 2116 301 civitate
2145 264 2268 309 fugere
2291 267 2355 299 aut

135 320 196 351 καὶ
218 317 394 365 γενέσθαι
416 313 508 349 κατὰ
531 313 598 358 τὴν
622 315 798 360 ἐπαρχίαν
821 305 859 357 ἧς
890 311 1021 367 ἄρχεις,
1052 310 1209 355 ἀνιχνεῦ-
1280 312 1377 347 solus
1413 315 1476 346 aut
1511 320 1591 346 cum
1626 309 1704 344 aliis
1739 312 1775 344 et
1809 310 1928 345 venire
1962 310 1999 345 in
2037 309 2255 355 provinciam
2295 308 2354 344 cui

135 374 197 396 σαι
223 360 269 396 τὰ
291 364 374 407 περὶ
397 358 524 394 τούτου
548 362 607 394 καὶ
632 357 809 400 ἐξετάζειν
833 357 899 393 σὺν
927 361 1090 404 ακριβείᾳ
1112 355 1210 404 πάσῃ
1279 366 1416 401 praees,
1453 358 1629 401 quatenus
1664 354 1874 398 investigare
1909 355 1952 390 de
1987 356 2056 391 hoc
2093 359 2128 390 et
2151 354 2354 390 examinare

134 410 194 440 καὶ
225 408 266 441 ἐν
293 403 447 453 ἀσφαλεῖ
477 405 661 439 καθιστᾶν
691 407 750 437 καὶ
780 402 930 449 μηνύειν
960 402 1141 444 ἐνταῦθα,
1179 403 1210 436 εἰ
1245 405 1263 436 5
1280 412 1359 437 cum
1385 402 1482 437 omni
1513 400 1708 437 subtilitate
1732 403 1768 434 et
1792 410 1872 434 cum
1903 401 2045 435 cautela
2075 400 2292 435 constituere
2318 402 2353 434 et

134 449 301 486 πολλάκις
334 452 413 486 τῶν
444 451 735 504 ἐπιζητουμένων
769 451 821 493 εἴη
856 446 1078 494 προςώπων·
1123 444 1210 482 ‹fis-w
1278 447 1443 482 nuntIare
1466 446 1544 487 hic,
1577 445 1607 481 si
1631 445 1723 480 forte
1753 444 1879 489 dignae
1910 444 2136 489 inquisitione
2169 447 2240 480 sint
2270 454 2351 489 per-

133 494 290 543 ἄγεσθαι
311 494 403 531 κατὰ
425 494 562 539 ταύτην
584 508 652 538 την
680 490 874 539 εὐδαίμονα
905 493 1013 529 πόλιν
1044 496 1104 527 καὶ
1132 506 1208 527 ποι·
1278 502 1388 528 sonae
1419 495 1455 527 et
1488 490 1619 527 adduci
1646 489 1692 525 ad
1720 489 1813 525 hanc
1844 489 2083 524 felicissimam
2109 490 2285 525 civitatem
2316 495 2353 524 et

134 540 196 576 νὰς
223 539 379 584 ὑπέχειν,
407 537 447 575 ἃς
469 539 488 574 ὁ
511 538 618 584 νόμος
646 541 705 574 ἐπὶ
735 541 812 574 τῶν
836 536 1014 574 τοιούτων
1038 536 1210 578 διέταξεν.
1279 547 1413 582 poenas
1450 537 1667 576 sustentare,
1702 545 1789 580 quas
1823 534 1881 569 lex
1915 535 1957 570 de
1989 534 2122 570 talibus
2156 534 2351 571 constituit.

177 587 261 623 Dat.
281 598 360 622 XVI.
379 586 415 621 k.
440 585 526 621 Mai.
554 586 622 621 GP.
647 584 819 621 Belisario
843 596 875 620 v.
902 595 931 620 c.
958 594 1055 620 cons.
1147 587 1193 626 [a.
1209 585 1299 625 535]
1347 583 1429 618 Dat.
1456 583 1491 618 k.
1517 581 1603 617 Mai.
1629 580 1697 616 GP.
1722 579 1895 615 Belisario
1918 591 1948 615 v.
1974 590 2004 615 c.
2031 590 2128 615 cons.

648 802 693 845 Ῑιῖ
1224 811 1263 842 10
1748 804 1880 842 XVIII.
2069 805 2159 841 0011:
2178 804 2232 840 ΙΙΙ
2255 806 2309 840 tit.
2335 811 2353 841 5

134 882 268 916 ΩΣΤΕ
291 882 396 916 ΤΗΝ
415 881 659 915 NOMIMON
680 879 881 914 MOIPAN,
900 878 1004 912 ΤΩΝ
1024 877 1207 911 ΠΑῙΔΩΝ
1279 874 1316 918 [ξι
1348 875 1415 909 DE
1440 874 1656 910 TRIENTE
1680 873 1745 908 ET
1770 873 1970 908 SEMISSE
1996 872 2062 908 ET
2086 873 2354 909 SUOCESSIO·

133 928 286 966 ΕΙΝΑΙ,
316 929 364 961 ΕΙ
394 928 558 961 MEXPI
586 926 693 960 MEN
725 923 992 958 ΤΕΣΣΑΡΩΝ
1021 922 1207 957 ΕΙΗΣΑΝ
1277 919 1417 955 NIBUS
1434 920 1464 954 F
1467 919 1672 955 ILIORUM
1692 919 1758 953 ET
1778 918 2015 954 NEPOTUM
2032 918 2356 954 NATURALIUM

135 973 186 1006 01
226 973 419 1011 ΠΑΙΔΕΣ,
468 971 692 1006 ΟΥΓΚΙΑΣ
736 969 1018 1007 ΤΕΣΣΑΡΑΣ,
1059 969 1106 1001 ΕΙ
1150 968 1207 1001 ΔΕ
1277 965 1374 999 VEL
1419 964 1801 1000 COLLATIONIBUS
1836 963 1934 999 VEL
1976 963 2355 999 DISTRIBUTIONI-

132 1018 264 1051 YIIEP
298 1018 438 1051 ΤΟΥΣ
474 1015 739 1050 ΤΕΣΣΑΡΑΣ
770 1015 901 1048 ΕΙΣΙΝ
936 1013 988 1047 01
1018 1013 1207 1051 ΠΑΙΔΕΣ,
1277 1009 1384 1051 BUS‚
1417 1010 1512 1044 NEC
1537 1009 1636 1044 NON
1661 1009 1983 1044 LITTERARUM
2006 1009 2104 1044 AUT
2129 1008 2355 1044 ANNUME-

135 1063 360 1096 ΟΥΓΚΙΑΣ
383 1061 454 1098 ΕΞ.
502 1062 595 1094 ΚΑΙ
628 1061 718 1094 ΟΤΙ
745 1058 805 1095 ΕΞ
839 1058 1130 1092 ΑΔΙΑΘΕΤΟΥ
1157 1058 1208 1092 ΟΙ
1225 1057 1262 1089 15
1277 1054 1533 1090 RATIONUM
1565 1054 1726 1098 ATQUE
1759 1054 1933 1089 RERUM
1966 1053 2033 1088 EX
2070 1054 2241 1098 QUIBUS
2272 1054 2354 1089 DE-

134 1108 355 1142 ΦΥΣΙΚΟΙ
386 1107 581 1144 ΠΑΙΔΕΣ,
615 1105 831 1138 ΓΝΗΣΙΑΣ
861 1104 943 1137 ΜΗ
966 1103 1208 1137 ῩΠΟῩΣΗΣ
1469 1099 1655 1136 ΤΙΝΕΝΤ
1679 1099 2088 1136 INFITIATIONIBUS
2115 1101 2166 1149 151.

137 1154 321 1192 ΓΟΝΗΣ,
356 1153 452 1187 ΔΥΟ
487 1151 711 1185 ΟΥΓΚῙΑΣ
741 1149 1077 1183 ΑΑΜΒΑΝΟῩΣΙ
1110 1149 1209 1182 ΣῩΝ
1835 1180 1837 1183 ,

135 1199 209 1232 ΤΗ
237 1198 421 1233 ΜΗΤΡ1.-
472 1197 564 1229 ΚΑΙ
599 1196 689 1229 ΟΤΙ
727 1195 821 1228 ΚΑΙ
858 1192 919 1230 ΕΞ
951 1194 1210 1228 ΔῙΑθΗΚΗΣ

136 1245 229 1278 ΚΑΙ
251 1242 312 1280 ΕΞ
342 1241 632 1276 ΑΔΙΑθΕΤΟΥ
661 1240 935 1277 ΑΡΜΟΤΤΕΙ
959 1239 996 1272 H
1014 1239 1210 1273 ΣΥΝΕΙΣ-

134 1289 295 1327 ΦΟΡΑ,
326 1289 374 1321 ΕΙ
397 1287 479 1321 ΜΗ
502 1286 725 1320 ΚῼΛῩΣΕΙ
748 1285 923 1319 ΡΗΤῼΣ
955 1285 987 1318 Ο
1019 1285 1208 1318 ΤΕΣΤΑ-
1222 1283 1264 1315 20

134 1334 246 1368 ΤΩΡ.
299 1333 393 1366 ΚΑΙ
431 1333 546 1366 ΠΕΡΙ
583 1330 874 1365 ΔΙΑΙΡΕΣΕΩΣ
914 1330 940 1363 Γ
943 1330 1208 1363 ΙΝΟΜΕΝΗΣ

133 1379 234 1413 Ano
259 1378 456 1412 ΓΟΝΕῼΝ
481 1378 560 1411 ΕΙΣ
591 1377 785 1410 ΠΑΙΔΑΣ.
832 1376 926 1409 ΚΑΙ
955 1376 1070 1409 ΠΕΡΙ
1100 1375 1209 1409 ΤΟΥ

132 1423 483 1458 APNOYMENOY
497 1423 602 1456 ΤΗΝ
614 1422 746 1456 ΙΔΙΑΝ
762 1421 1082 1454 ΣῩΓΓΡΑΦΗΝ.
1114 1421 1209 1454 ΚΑΙ

330 1469 446 1502 ΠΕΡΙ
467 1467 668 1502 ΕΤΕΡῼΝ
695 1466 1008 1500 ΚΕΦΑΛΑΙῼΝ.

133 1535 219 1579 Imp.
243 1533 456 1569 Iustinianbs
479 1531 686 1580 Αὔγουστος
713 1529 861 1579 Ἰωάννῃ
894 1532 947 1574 τῷ
981 1529 1206 1574 ἐνδοξοτάτῳ
1222 1532 1263 1564 25
1491 1530 1580 1575 Imp.
1605 1529 1825 1566 IustInianus
1845 1529 1888 1564 A.
1910 1529 2063 1564 Iohanni
2086 1541 2143 1576 pp.

133 1580 277 1626 ἐπάρχῳ
306 1581 383 1614 τῶν
412 1578 520 1634 ἱερῶν
551 1579 611 1621 τῆς
636 1574 710 1611 Ἕω
740 1580 953 1622 praetorlwv
983 1575 1024 1611 τὸ
1056 1574 1104 1620 β’,
1138 1573 1209 1611 ἀπὸ

445 1636 598 1658 υπατων
622 1626 681 1657 καὶ
706 1626 897 1669 πατρικίῳ.

176 1691 465 1739 <Προοίμιον.>
506 1689 596 1734 Ἤδη
619 1692 686 1734 μὲν
714 1691 758 1734 τῆ
781 1687 916 1737 μεγάλῃ
939 1688 1054 1736 ταύτῃ
1078 1691 1138 1722 καὶ
1164 1684 1210 1723 οἷς
1321 1686 1610 1733 (Praefatio.)
1657 1687 1732 1722 Iam
1751 1688 1891 1733 quidem
1911 1698 2060 1732 magnae
2078 1687 2162 1722 huic
2179 1690 2225 1729 et,
2250 1688 2291 1722 ut
2306 1687 2358 1722 ita

132 1735 177 1772 ἄν
200 1749 254 1772 τις
276 1738 370 1772 εἴποι
397 1735 515 1771 καλῶς
537 1735 637 1783 παρὰ
659 1726 749 1770 θεοῧ
775 1732 934 1782 συστάσῃ
958 1732 1139 1777 πολιτείᾳ,
1163 1735 1208 1780 τῇ
1278 1733 1355 1777 quis
1381 1732 1487 1776 dieat,
1514 1733 1603 1768 bene
1627 1743 1648 1767 a
1675 1733 1741 1768 deo
1771 1733 1988 1768 constitutae
2011 1731 2246 1778 reipublicae,
2271 1732 2356 1767 dici-

132 1782 318 1828 Ῥωμαίων
349 1785 479 1828 φαμέν,
510 1779 625 1817 πολλὰ
656 1783 737 1828 περὶ
774 1778 966 1823 διαθηκῶν
997 1776 1208 1814 διεσπούὸα-
1223 1781 1264 1814 30
1277 1788 1356 1812 mus
1386 1777 1640 1821 Romanorum,
1673 1778 1826 1823 plurima
1856 1778 1900 1813 de
1931 1778 2153 1813 testamentis
2186 1777 2358 1822 disposita

133 1832 220 1863 σταί
240 1842 280 1862 τε
310 1831 370 1862 καὶ
392 1826 506 1873 μεστὰ
526 1825 572 1861 ’τὰ
595 1827 673 1860 τῶν
699 1824 824 1870 νόμων
845 1829 884 1870 βι
913 1824 972 1859 λία
994 1825 1073 1858 τῶν
1094 1823 1207 1859 τοιού·
1278 1825 1378 1866 Sunt,
1410 1827 1446 1858 et
1476 1823 1573 1868 pleni
1606 1823 1722 1867 legum
1745 1824 1886 1859 codices
1916 1824 1960 1859 de
1982 1823 2113 1859 talibus
2146 1823 2356 1865 consistunt,

132 1887 208 1908 των
232 1874 450 1915 καθέστηκε·
483 1875 542 1907 καὶ
569 1869 609 1905 οὗ
633 1870 746 1916 μόνον
769 1870 805 1905 οἱ
827 1868 878 1905 πά
903 1884 939 1904 αι
964 1873 1070 1915 σοφοὶ
1093 1871 1209 1904 ταῦτα
1278 1871 1315 1903 et
1338 1879 1412 1903 non
1435 1869 1550 1903 solum
1571 1868 1710 1913 antiqui
1733 1869 1914 1913 sapientes
1935 1869 2024 1904 haec
2049 1868 2272 1913 scripserunt
2294 1870 2357 1902 aut

131 1917 398 1966 γεγραφήκασιν
416 1914 631 1961 οὗδέἦτῶν
655 1914 818 1960 εὐσεβῶν
840 1914 1034 1962 μονάρχων
1056 1915 1209 1957 ἐξουσία,
1278 1914 1419 1958 piorum
1454 1916 1614 1959 potestas
1651 1913 1925 1959 imperatorum,
1962 1914 2026 1950 sed
2062 1914 2168 1949 etiam
2203 1924 2225 1949 a
2255 1913 2358 1949 nobis

179 2010 263 2044 Νου.
286 2009 427 2043 XVIII
455 2011 513 2051 (=
540 2009 618 2043 Call.
642 2008 707 2042 III
728 2010 774 2041 tit.
801 2010 838 2041 5:
874 2008 986 2051 qloss.)
1016 2007 1140 2040 Graece
1166 2013 1253 2038 extat
1277 2006 1309 2038 in
1334 2004 1426 2046 ML,
1458 2017 1531 2048 cap.
1560 2007 1663 2046 1-4,
1689 2007 1794 2039 6—11
1824 2007 1855 2038 in
1880 2006 1915 2038 Β
1939 2007 2041 2039 variis
2067 2006 2153 2039 locis.
2190 2025 2231 2029 -
2267 2006 2357 2049 Epic.

136 2057 255 2090 Theod.
285 2057 334 2097 18,
358 2055 518 2088 Athanas.
541 2056 573 2096 9,
591 2061 608 2088 2
641 2055 695 2097 (qs.
721 2055 802 2099 περὶ
827 2049 1015 2098 διαφόρων
1039 2049 1338 2096 ἀναγνωσμάτων
1361 2049 1382 2092 ξ
1410 2051 1475 2091 12).
1523 2050 1644 2085 Iulian.
1667 2058 1764 2084 const.
1789 2051 1973 2084 XXXIV.

135 2167 306 2204 tumultus
330 2167 513 2209 excitant,
547 2176 596 2202 ex
620 2164 688 2200 hac
711 2175 845 2211 maqna
869 2164 956 2199 urbe
978 2163 1052 2199 sive
1075 2163 1176 2198 solus
1203 2163 1277 2198 sive
1301 2162 1408 2198 etiam
1432 2172 1511 2196 cum
1535 2161 1618 2196 aliis
1641 2162 1822 2208 aufuqere
1852 2167 2005 2197 conetur
2033 2166 2069 2197 et
2090 2162 2129 2196 in
2151 2162 2358 2208 provincia,

134 2214 191 2248 cui
208 2223 353 2259 praees,
377 2213 526 2253 morari,
549 2210 741 2256 investiqes
759 2220 839 2245 eum
861 2219 990 2254 resque
1013 2208 1089 2243 eius
1106 2211 1239 2243 etcum
1258 2207 1354 2241 omni
1377 2206 1566 2251 diligentia
1587 2207 1773 2241 examines
1796 2210 1830 2241 et
1853 2207 1892 2241 in
1915 2206 2082 2242 custodia
2107 2210 2229 2242 teneas
2251 2211 2359 2252 atque

134 2258 204 2294 huo
227 2257 425 2297 denunties,
448 2257 481 2291 si
501 2257 603 2302 forle
625 2256 672 2289 sit
696 2265 745 2289 ex
767 2254 814 2288 iis
830 2253 1015 2300 personis,
1039 2263 1133 2298 quae
1155 2251 1404 2297 requiruntur,
1428 2255 1469 2285 ut
1491 2250 1541 2285 ad
1562 2250 1657 2286 hanc
1674 2252 1818 2297 felicem
1842 2251 1963 2287 urbem
1988 2252 2144 2287 ducatur
2168 2256 2203 2287 el
2220 2263 2359 2298 poenas

133 2302 269 2344 subeat,
293 2312 386 2347 quas
409 2301 472 2336 lex
495 2301 539 2335 de
565 2300 695 2335 talibus
717 2298 911 2333 constituit.

1174 2471 1326 2510 XVIII.

142 2547 206 2584 UT
226 2544 474 2583 LEGITIMA
504 2544 689 2581 PORTIO
710 2541 1033 2584 LIBERORUM,
1064 2540 1120 2577 SI
1143 2539 1304 2584 USQUE
1330 2541 1397 2576 AD
1427 2539 1689 2583 QUATTUOR
1721 2539 1843 2576 SINT
1861 2540 2063 2583 LIBERI,
2099 2540 2360 2584 QUATTUOR

141 2591 336 2634 UNCIAE,
367 2590 458 2627 SIN
478 2589 605 2626 PLUS
631 2587 892 2632 QUATTUOR
916 2587 1049 2623 SUNT
1064 2585 1267 2627 LIBERI,
1303 2585 1409 2621 SEX
1431 2585 1619 2621 UNCIAE
1632 2585 1760 2621 SINT.
1808 2585 1878 2620 ET
1901 2585 1965 2621 UT
1984 2586 2052 2621 AB
2078 2586 2358 2622 INTESTATO

136 2636 325 2674 LIBERI
348 2634 662 2676 NATURALES,
700 2632 755 2669 SI
789 2631 1020 2669 SUBOLES
1056 2630 1306 2666 LEGITIMA
1343 2631 1453 2666 NON
1487 2630 1669 2672 EXTAT,
1707 2630 1836 2666 DUAS
1881 2630 2057 2666 UNCIAS
2093 2630 2365 2667 ACCIPIANT

139 2682 244 2720 CUM
262 2681 445 2718 MATRE.
494 2680 563 2715 ET
586 2679 650 2715 UT
678 2677 782 2714 TAM
803 2678 879 2713 EX
906 2675 1237 2713 TESTAMENTO
1261 2675 1404 2719 QUAM
1422 2676 1491 2712 AB
1516 2675 1795 2712 INTESTATO
1820 2675 2060 2712 COLLATIO
2086 2675 2359 2719 COMPETAT‚

138 2727 252 2763 NISI
281 2725 534 2763 TESTATOR
566 2724 677 2760 EAM
705 2722 1005 2760 NOMINATIM
1029 2719 1393 2758 PROHIBUERIT.
1454 2720 1523 2755 ET
1552 2720 1625 2756 DE
1656 2719 1936 2757 DIVISIONE
1968 2723 1998 2756 A
2035 2720 2362 2757 PARENTIBUS

138 2772 296 2809 INTER
318 2770 542 2807 LIBEROS
564 2769 728 2806 FACTA.
784 2768 854 2804 ET
872 2767 946 2804 DE
966 2765 1567 2848 EOquIISBgYZIIgyTIPZRUOSIJRIA
1598 2765 1810 2802 SCRIPTA
1834 2765 2141 2802 INFITIATUR.
2190 2765 2261 2801 ET
2289 2765 2361 2802 DE

140 2885 229 2933 Imp.
255 2883 482 2921 Iustinianus
511 2883 552 2918 A.
579 2880 739 2918 Iohanni
775 2880 1038 2927 qloriosissimo
1071 2879 1262 2959 pratjfectcg
1287 2889 1406 2930 'sacro
1438 2889 1510 2925 per
1529 2878 1722 2914 'Orientem
1752 2879 1945 2925 praetorio
1983 2879 2130 2922 ilerum,
2167 2878 2360 2915 exconsuli

1131 2936 1151 2960 e
1192 2935 1243 2970 pa
1260 2934 1360 2959 νει-ιο.

273 2995 538 3041 Praefatio.
600 2993 680 3029 Iam
704 2994 846 3041 quidem
869 2993 913 3028 ab
939 2993 1007 3028 Ιιαο
1030 3003 1164 3039 maqna
1194 2995 1230 3027 et
1260 2990 1360 3036 quod
1385 2990 1500 3037 facile
1522 2990 1575 3026 ali
1599 2990 1655 3025 uis
1678 2990 1816 3027 dixerit
1839 2989 1925 3025 bene
1948 3000 1972 3024 a
1995 2989 2062 3025 deo
2092 2990 2291 3025 constituta
2320 2999 2361 3024 re

138 3041 296 3089 publica,
319 3040 487 3076 Romana
511 3039 678 3081 dicimus,
714 3039 827 3074 multa
848 3037 892 3073 de
917 3038 1136 3073 testamentis
1163 3037 1304 3083 aqitata
1328 3040 1429 3078 sunt,
1465 3046 1508 3070 αο
1535 3047 1558 3082 p
1576 3036 1634 3071 eni
1665 3039 1750 3071 sunt
1780 3035 1897 3082 lequm
1931 3034 2014 3069 libri
2038 3033 2213 3070 eiusmodi
2243 3033 2359 3069 rebus.

140 3088 265 3133 Neque
296 3085 437 3131 antiqui
464 3085 583 3120 solum
607 3084 810 3130 prudentes
833 3082 921 3118 Ilaec
944 3082 1238 3128 conscripserunt
1260 3083 1325 3116 aut
1341 3081 1489 3127 piorum
1507 3080 1718 3126 principum
1735 3084 1919 3126 poteslas,
1949 3079 2013 3115 sed
2035 3090 2058 3114 a
2081 3079 2186 3114 nobis
2216 3089 2362 3125 quoque

189 3203 203 3234 1
229 3195 467 3233 ἀνιστώντων
480 3198 564 3231 LB⁶
582 3197 594 3241 11
611 3200 630 3231 2
654 3193 676 3240 ἢ
695 3198 767 3238 καὶ]
791 3198 851 3229 καὶ
870 3209 928 3230 οηι.
946 3196 1062 3238 ΕΒ(ς)
1081 3196 1093 3239 11
1110 3197 1129 3229 3
1153 3191 1214 3228 ἄν·
1331 3197 1345 3227 1
1372 3193 1554 3226 sollicitant
1566 3194 1736 3235 temptarit
1748 3194 1846 3236 vul9.]
1869 3192 2048 3225 sollicitare
2061 3194 2225 3235 temptant
2242 3193 2360 3234 (temp-

141 3245 300 3288 ιχνεῦσαι
325 3244 396 3285 Μς]
429 3237 523 3276 ὥστε
544 3238 748 3284 ἀνιχνεῦσαι
771 3242 862 3277 LBe
876 3240 889 3284 11
909 3244 928 3274 6
959 3236 1054 3274 ὥστε
1073 3240 1132 3281 Μ]
1155 3241 1215 3272 καὶ
1283 3241 1369 3271 tarat
1385 3239 1432 3281 T)
1445 3239 1551 3272 RVT
1563 3237 1576 3282 11
1593 3239 1612 3272 3
1633 3238 1739 3270 solum
1749 3238 1796 3272 V¹
1815 3236 1865 3282 114
1886 3239 1948 3270 hoe
1962 3240 2006 3279 et]
2024 3239 2057 3270 et
2069 3251 2127 3271 om.
2141 3238 2168 3270 0
2184 3236 2197 3280 11
2216 3240 2234 3271 5
2255 3237 2361 3269 *con-

141 3292 248 3332 LBf,
281 3284 375 3324 ὥστε
398 3289 458 3321 καὶ
482 3288 648 3331 Scrimqer
675 3286 688 3332 11
715 3289 735 3321 9
760 3297 825 3319 xvx
847 3286 881 3318 k.
905 3286 982 3318 mai.
1004 3286 1061 3326 M]
1086 3282 1214 3318 καλαν-
1284 3285 1419 3316 stituere
1444 3285 1487 3324 et]
1512 3283 1699 3316 eonstiterit
1724 3284 1801 3317 libri
1828 3282 1840 3327 11
1868 3285 1888 3317 6
1912 3284 1976 3316 hoo
1997 3282 2047 3316 V2
2066 3283 2151 3325 vuly.
2176 3281 2188 3326 11
2212 3282 2362 3324 personis

141 3333 219 3370 δῶν
240 3333 362 3380 μαΐων
384 3334 461 3367 ΑίΙι.
487 3344 506 3369 ς
534 3333 620 3376 μηνὶ
642 3330 740 3376 pata»
769 3332 898 3373 Theod„
926 3344 984 3364 om.
1008 3331 1072 3364 Iul.
1095 3329 1107 3375 11
1132 3329 1216 3362 Bili-
1289 3330 1316 3363 Ο
1335 3328 1382 3373 119
1407 3330 1529 3362 subscr.
1553 3329 1697 3361 dedimus
1722 3341 1761 3361 ez·
1787 3328 1816 3361 0
1836 3335 1865 3360 et
1887 3328 2007 3361 Bamb.
2031 3327 2076 3361 II
2096 3326 2108 3370 11
2129 3326 2228 3359 datur
2252 3326 2309 3372 011
2328 3327 2361 3359 k.

141 3381 228 3414 sario
248 3380 293 3414 M
306 3379 319 3424 11
338 3382 374 3413 11
391 3391 439 3421 sq.
464 3380 551 3412 rubr.
576 3379 644 3411 sim.
668 3390 720 3420 ap.
748 3377 880 3417 Theod„
904 3377 986 3409 πεοὶ
1009 3375 1073 3408 τοῦ
1093 3386 1216 3420 τετρα-
1285 3374 1369 3407 mad.
1391 3373 1511 3406 Bamb.
1539 3372 1551 3416 11
1582 3372 1834 3415 Constantinop.
1863 3373 1891 3406 O
1919 3373 1998 3414 Cap.
2026 3372 2145 3405 Bamb.
2166 3370 2179 3416 11
2205 3371 2364 3405 Bisilario

143 3427 283 3472 ουγκίου
314 3426 374 3457 καὶ
405 3422 623 3469 ἑξαουγκίου·
660 3423 730 3463 ἔχει
762 3418 802 3454 δὲ
831 3421 890 3454 καὶ
922 3407 1012 3454 ἄλλοι
1042 3417 1217 3465 κεφάλαια
1285 3429 1319 3451 u.
1344 3429 1370 3450 c.
1397 3418 1425 3452 O
1447 3417 1625 3469 ‘Bilisiario
1648 3417 1716 3451 uic.
1745 3417 1863 3450 Bamb.
1890 3416 1903 3462 11
1935 3419 1973 3450 11
2013 3415 2253 3450 successoribus
2282 3417 2332 3450 R,
2352 3415 2365 3462 11

143 3472 218 3504 Ath.
242 3471 298 3514 (csZ
316 3470 348 3510 ς)
368 3469 438 3512 1120
461 3466 648 3512 τεστάτώρ
669 3467 727 3508 Μ]
752 3463 967 3509 διαθέμενος
990 3466 1021 3498 L
1040 3464 1108 3509 1121
1136 3465 1218 3510 περὶ
1290 3465 1329 3497 12
1353 3462 1514 3495 natalium
1534 3462 1583 3496 V²
1599 3462 1611 3506 11
1633 3464 1672 3496 13
1697 3462 1750 3495 vel
1774 3461 1863 3502 coll]
1889 3463 1921 3493 et
1944 3461 2022 3494 coll.
2044 3462 2130 3505 vuly.
2146 3460 2159 3504 11
2178 3461 2229 3495 vel
2252 3462 2361 3503 distr]

146 3517 313 3561 αιρέσεως
325 3514 372 3547 L¹
388 3513 400 3558 11
420 3515 462 3547 23
487 3515 546 3546 καὶ
565 3513 646 3557 περὶ
662 3510 796 3557 ἑτέρων
808 3507 1014 3555 κεφαλαίων
1028 3517 1106 3553 post
1121 3512 1219 3543 verba
1287 3510 1346 3541 aut
1369 3508 1462 3540 distr.
1488 3507 1520 3539 R
1534 3505 1547 3551 11
1570 3509 1611 3541 14
1630 3520 1678 3551 sq.
1703 3517 1763 3540 nec
1788 3517 1854 3539 non
1879 3526 1923 3531 —
1946 3506 2208 3540 inficiationibus
2230 3508 2365 3551 scripsit

145 3560 192 3593 εἰς
211 3557 342 3594 παῖδας
355 3560 426 3601 (22)
443 3559 514 3592 coll.
529 3558 613 3599 ML,
634 3557 832 3599 transposuit
848 3556 1043 3589 Haloander
1057 3554 1070 3599 11
1089 3556 1130 3588 25
1152 3553 1219 3587 ἴου·
1296 3553 1347 3587 V³
1371 3554 1404 3586 in
1428 3565 1493 3585 ras.
1519 3553 1539 3585 2
1559 3564 1704 3586 versuum
1726 3553 1739 3595 11
1766 3554 1807 3586 14
1830 3553 1889 3583 aut
1913 3563 1972 3584 om.
1991 3552 2025 3583 V
2051 3550 2058 3597 1
2081 3551 2363 3585 adnumerationi-

146 3602 325 3638 στινιανὸς
338 3604 369 3637 L
387 3602 401 3649 11
417 3605 458 3637 26
481 3600 630 3647 υπάρχω
645 3601 723 3634 τῶν
736 3599 845 3645 ἱερῶν
860 3600 922 3642 τῆς
939 3597 1051 3632 alchas
1063 3600 1124 3640 (εω
1139 3612 1164 3632 s.
1178 3601 1219 3639 v.)
1288 3598 1348 3630 bus
1367 3598 1399 3629 V
1416 3596 1428 3639 11
1453 3596 1620 3629 detinetur
1639 3598 1674 3631 V
1689 3597 1701 3639 11
1721 3598 1762 3630 25
1786 3598 1854 3639 pp]
1879 3594 1963 3638 p‘bm
1985 3595 2041 3640 Vl
2074 3597 2116 3631 29
2140 3597 2169 3629 si
2193 3605 2267 3631 ante
2290 3598 2364 3639 quis

148 3652 383 3696 πραιτωρίων
399 3646 441 3682 τὸ
463 3645 628 3693 δεύτερον
647 3647 677 3679 L
693 3646 706 3690 11
725 3648 764 3680 2Ἱ
791 3647 994 3693 πατρικίων
1011 3643 1079 3690 Mu
1097 3646 1136 3679 31
1163 3644 1220 3684 τὰ]
1291 3643 1367 3676 add.
1392 3641 1454 3684 R2,
1484 3642 1546 3675 olel.
1571 3641 1621 3675 13³
1646 3642 1659 3687 11
1689 3642 1792 3683 dicat,
1823 3641 1917 3682 bene]
1947 3640 2032 3674 bene
2055 3639 2122 3675 icat
2142 3642 2176 3677 V
2194 3643 2209 3687 11
2239 3644 2282 3677 32
2306 3644 2364 3675 auc

147 3694 188 3728 τὲ
210 3694 258 3728 12¹
276 3694 346 3740 1133
370 3691 590 3741 γεγράφασιν
614 3692 663 3726 L²
1290 3688 1441 3732 priorum
1464 3687 1497 3720 R
