2618 4010
290 127 397 170 Nov.
419 124 620 168 LXXXV
650 128 675 168 3
697 145 700 147 ·

290 235 350 270 διὰ
372 236 436 270 τοῦ
461 234 641 281 παρόντος
663 235 888 278 θεσπίζομεν
911 233 1037 278 νόμου,
1071 232 1163 268 κατὰ
1186 232 1277 278 μηδι
1307 237 1368 268 ίαν

289 279 399 316 πόλιν
421 277 444 323 ἢ
465 278 591 334 χώραν
614 280 678 323 τῆς
704 277 876 326 ἡμετέρας
906 278 1088 315 πολιτείας
1113 281 1209 321 ἔχειν
1237 277 1263 312 ἅ
1289 291 1368 313 ειαν

288 325 370 360 τοὺς
393 323 541 360 ἰδιωτας
558 322 583 369 ἢ
603 323 728 370 ἕτερόν
746 338 830 359 τινα
849 321 948 360 ὅπλα
970 326 1089 360 ποιεῖν
1107 321 1130 367 ἢ
1148 322 1368 370 πιπράσκειν

287 368 311 412 ἢ
340 367 432 405 καθ’
457 369 602 405 οἱονοῦν
632 369 904 416 ἐμπορεύεσθαι
931 367 1083 414 τρόπον,
1114 366 1206 403 ἀλλὰ
1237 367 1369 414 μόνους

1361 119 1443 168 416

2286 135 2513 171 ΒΕΔΒΜῙΒ

1435 235 1659 285 praesentem
1692 234 1875 271 sancimus
1907 235 1942 272 le
1965 246 2036 280 em,
2073 237 2110 273 in
2139 236 2238 272 nulla
2274 237 2415 272 civitate
2448 238 2513 272 aut

1437 288 1621 323 provincia
1650 282 1796 331 nostrae
1824 279 1950 325 reipub
1978 292 2041 319 cae
2071 282 2205 318 habere
2233 282 2414 317 licentiam
2461 282 2511 317 ri-

1436 326 1538 359 vatos
1561 324 1626 375 aut
1647 323 1756 358 alium
1781 325 1980 370 quempiam
2001 337 2102 363 arma
2122 327 2242 363 facere
2274 331 2338 363 aut
2360 337 2428 363 ven
2453 337 2512 362 ere

1437 372 1501 403 aut
1520 368 1679 413 quol1bet
1701 369 1854 404 mercari
1873 370 1988 414 modo,
2012 373 2074 408 sed
2092 373 2189 409 solos
2207 373 2268 418 qui
2287 373 2381 408 inter
2399 372 2511 407 fabri-

288 415 369 449 τοὺς
400 417 440 449 ἐν
470 417 550 450 ταῖς
579 413 754 461 φάβριξιν
789 412 1075 460 ἀναφιρομενους
1109 414 1228 468 ταῦτα
1258 427 1368 449 κατα·
1404 418 1423 449 5
1438 423 1563 449 censes
1595 412 1800 449 referuntur
1831 414 1920 450 haec
1949 415 2126 453 instruere
2157 420 2194 454 et
2215 418 2354 454 deferre
2384 418 2430 453 ad
2452 427 2511 453 sa-

288 457 475 503 σκευάζειν
506 462 567 494 καὶ
598 461 808 504 εἰςκομίζειν
838 462 886 495 εἰς
916 459 959 494 τὸ
984 459 1091 493 θεῖον
1122 460 1228 502 ημῶν
1254 457 1366 504 ἅρμα-

286 507 430 549 μέντον.
476 508 537 539 καὶ
559 506 668 540 τοῦτο
691 505 792 551 παρὰ
823 506 886 548 τῆς
917 506 980 547 σῆς
1003 502 1176 547 ὑπεροχῆς
1208 507 1267 538 καὶ
1289 505 1367 538 τῶν

286 549 380 595 μετά
403 561 444 584 σε
468 549 787 596 παραληψομένων
808 551 878 593 τὴν
893 547 1005 593 ἀρχὴν
1029 548 1283 595 φυλάττεσθαι
1303 549 1368 583 θε-

288 597 475 640 σπίζομεν,
499 592 757 644 ἀφοριζόντων
779 595 881 630 τινὰς
898 597 976 629 τῶν
995 590 1067 629 ὑπὸ
1092 594 1161 637 τὴν
1177 594 1246 638 σὴν
1260 592 1367 639 ὑπερ«

1438 469 1538 493 crum
1567 460 1731 494 nostrum
1756 462 2023 496 armamentum.
2070 462 2119 497 Et
2141 463 2209 499 hoc
2236 473 2259 498 a
2281 468 2345 498 tua
2369 462 2512 499 celsitu-

1438 504 1519 539 dine
1550 505 1587 538 et
1617 503 1678 549 qui
1701 507 1785 548 post
1815 508 1851 539 te
1874 506 2096 550 susceperint
2128 509 2305 554 cingulum
2337 508 2511 544 custodiri

1437 549 1627 592 sancimus,
1660 549 1916 594 deputantibus
1939 551 2039 586 vobis
2062 552 2200 597 aliquos
2224 554 2510 595 cartulariorum‚

1437 594 1496 638 qui
1531 594 1599 630 sub
1634 597 1698 630 tua
1734 595 1943 630 celsitudine
1976 596 2013 630 in
2044 597 2175 633 scrinio
2211 599 2394 634 constituti
2427 602 2512 633 sunt

287 640 374 683 οχὴν
402 640 674 686 χαρτουλαρίων
705 643 752 693 ἐν
773 641 827 683 τῷ
852 643 1002 686 σκρινίῳ
1027 643 1262 694 τεταγμένους
1290 641 1368 673 τῶν
1383 639 1706 682 10fabricensium‚
1742 639 1902 684 periculo
1935 641 2088 686 quinque
2121 643 2214 678 inter
2245 654 2305 680 eos
2340 643 2510 689 priorum,

288 690 481 731 φαβρίκων
511 685 670 733 κιρδύνῳ
699 699 778 720 των
810 688 919 720 πέντε
947 686 1026 719 τῶν
1054 686 1094 718 ἐν
1120 688 1239 719 αυτοῖς
1268 697 1367 730 πρω-

287 729 484 774 τευόντων,
516 734 554 765 εὐ
580 729 795 775 ὑπολήψεως
819 732 965 773 ἑχοντας
987 732 1047 764 καὶ
1071 728 1310 773 ἐπιτηδείους,
1334 729 1369 764 οἳ

288 774 371 810 τούς
394 789 434 810 τε
451 776 544 810 κατὰ
564 777 631 820 τὴν
647 774 845 819 εὐδαίμονα
868 773 1006 818 ταύτην
1029 774 1141 810 πόλιν
1163 774 1246 809 τούς
1269 788 1309 809 τε
1327 777 1368 809 ἐν

289 819 413 856 ἄλλαις
435 820 563 856 πόλεσι
586 822 648 864 τῆς
663 819 834 866 ἡμετέρας
858 818 1040 855 πολιτείας
1062 818 1280 855 ὁπλοποιοὺς
1304 817 1368 854 οἷν-

1438 685 1566 720 bonam
1590 685 1793 729 opinionem
1816 684 1989 720 habentes
2014 689 2050 721 et
2073 692 2279 731 oportunus,
2305 689 2365 734 qui
2389 693 2424 724 et
2449 699 2511 724 eos

1437 730 1497 774 qui
1519 730 1558 764 in
1581 729 1649 765 hac
1672 729 1880 765 felicissima
1902 730 2044 766 civitate
2074 734 2110 766 et
2139 732 2176 767 in
2203 733 2284 769 aliis
2307 734 2510 769 civitatibus

1436 776 1580 811 nostrae
1615 775 1833 820 reipublicae
1867 785 1967 810 arma
2002 775 2140 812 faciunt
2173 779 2392 822 requirentes
2426 790 2510 824 pro-

1436 820 1583 856 hibeant
1606 821 1764 865 privatos
1788 822 1852 855 aut
1873 820 1977 855 etiam
2004 821 2093 856 alios
2117 825 2304 866 quosdam,
2337 825 2427 859 citra
2451 835 2511 859 eos

288 866 524 920 ερευνώμενοι
545 865 831 900 διακωλύσουσιν
851 863 999 899 ἰδιώτας
1025 869 1085 899 καὶ
1109 867 1247 910 ἑτέρους
1266 866 1368 900 τινὰς
1384 869 1423 901 ’15
1437 866 1497 910 qui
1533 866 1695 910 deputati
1731 869 1815 901 sunt
1849 865 1942 900 inter
1977 866 2214 910 fabricenses,
2259 869 2511 905 armifacturae

289 909 386 955 πλὴν
416 924 494 946 των
517 911 817 957 καταλεγομένων
848 912 889 944 ἐν
911 913 988 945 ταῖς
1017 910 1125 956 ἱεραῖς
1149 910 1299 956 φάβριξι
1322 911 1365 945 τὸ

288 957 353 1011 τῇς
368 953 583 992 ὁπλοποιίας
599 956 917 1002 μεταχειρίζεσθαι
937 956 1097 1002 πρᾶγμα,
1117 959 1178 990 καὶ
1194 958 1234 990 έν
1251 955 1302 990 οἷς
1321 954 1368 989 ἂν

288 1014 421 1049 ευρωσι
439 1001 565 1036 τόποις
582 1001 684 1036 τινὰς
706 998 854 1036 ἰδιώτας
878 1002 985 1036 τοῦτο
1009 1000 1227 1044 τολμῶντας,
1250 1002 1368 1036 ταῦτα

289 1043 530 1093 ἀφαιρεῖσθαι
553 1050 613 1080 καὶ
634 1048 691 1090 τῷ
707 1045 868 1091 δημοσίῳ
892 1048 1112 1095 προςκυροῠν
1136 1043 1366 1093 οἷρμαμέντῳ.

1436 920 1541 954 agere
1565 921 1727 952 causam,
1762 914 1799 946 et
1820 910 1859 945 in
1883 911 2094 955 quibuscum
2119 922 2164 948 ue
2194 914 2391 958 repererint
2421 915 2509 949 locis

1436 958 1575 1001 aliquos
1599 955 1758 1000 privatos
1787 956 1856 991 hoc
1880 956 2068 999 audentes,
2126 967 2190 993 aec
2213 956 2356 994 auferri
2373 962 2409 994 et
2431 959 2512 995 fisci

1437 1001 1610 1046 applicari
1634 1005 1863 1037 armamento.
1912 1001 1949 1037 Si
1973 1006 2093 1037 autem
2117 1003 2211 1038 inter
2233 1004 2415 1048 operarios
2438 1005 2510 1049 pri-

1436 1053 1535 1082 vatos
1569 1046 1725 1081 artifices
1758 1050 1955 1091 oportunos
1986 1048 2143 1082 invenire
2170 1049 2353 1092 potuerint
2381 1049 2446 1091 his,
2480 1050 2512 1085 si

288 1093 319 1126 εἰ
350 1089 390 1126 δὲ
419 1093 460 1125 ἐν
487 1095 562 1127 τοῖς
590 1093 837 1139 ἐργαζομένοις
867 1089 1030 1146 ἰδιώταις
1059 1096 1222 1135 τεχνίτας
1246 1094 1366 1134 ἐπιτη-
1383 1093 1424 1126 20
1437 1091 1570 1135 volunt,
1594 1092 1631 1126 in
1653 1091 1785 1126 militiis
1810 1094 1968 1127 statuere
1992 1096 2027 1127 et
2049 1093 2086 1127 in
2105 1093 2345 1139 descriptione
2367 1095 2513 1130 nomina

289 1134 402 1172 δείους
434 1135 552 1184 εὑρεῖν
589 1135 632 1171 δυ
681 1138 793 1180 θεῖεν,
836 1148 983 1172 τουτους
1018 1137 1117 1180 εἴπερ
1153 1135 1368 1182 βουληθεῖεν

289 1186 493 1228 στρατείαις
523 1151 821 1230 ἐγκατέλεγῆναι,
852 1184 893 1216 ἐν
925 1178 1118 1230 ἀπογραφῇ
1151 1181 1215 1216 τοὶς
1235 1179 1367 1226 ὄνομα·

289 1231 367 1262 σίας
390 1225 514 1262 αὐτῶν
537 1231 655 1263 ποιεῖν
686 1231 746 1261 καὶ
770 1230 968 1271 ἐκπέμπειν
998 1226 1085 1271 ἡμῖν
1115 1226 1185 1270 τὴν
1209 1225 1367 1274 ἀπογρα-

289 1273 363 1319 φὴν
385 1273 463 1307 τῶν
482 1274 668 1316 τεχνιτῶν,
693 1269 781 1308 ῶςτε
804 1271 865 1307 διὰ
889 1272 994 1307 θείας
1018 1269 1368 1326 ἡμῶνιοῖντιγραφῆς

1437 1147 1559 1172 eorum
1581 1137 1700 1172 facere
1732 1140 1768 1171 et
1792 1136 1973 1173 destinare
1999 1138 2103 1173 nobis
2127 1139 2402 1184 descriptionem
2425 1140 2512 1174 arti-

1436 1182 1558 1226 ficum,
1592 1184 1633 1217 ut
1663 1191 1739 1227 per,
1758 1192 1900 1217 sacrum
1931 1185 2094 1218 nostrum
2124 1184 2339 1228 rescriptum
2371 1184 2410 1220 in
2442 1184 2512 1220 illis

1438 1230 1642 1263 statuantur
1672 1227 1761 1263 locis
1797 1227 1835 1262 in
1867 1228 1995 1271 quibus
2031 1232 2115 1265 sunt
2145 1230 2311 1274 publicae
2341 1229 2511 1273 fabricae,

1438 1275 1613 1318 quatenus
1644 1272 1714 1317 ipsi
1745 1278 1934 1318 operantes
1965 1283 2066 1308 arma
2097 1276 2134 1309 et
2166 1275 2208 1309 de
2233 1274 2321 1310 fisco
2351 1285 2512 1311 annonas

289 1320 330 1352 ἐν
353 1319 499 1352 ἐκείνοις
523 1314 651 1352 αὐτοὺς
673 1318 972 1353 κατατάττεσθαι
1002 1320 1075 1352 τοῖς
1097 1329 1224 1352 τοποις
1247 1320 1287 1351 ἐν
1318 1317 1368 1352 οἷς
1383 1320 1423 1353 25
1437 1318 1626 1363 accipiant.
1673 1317 1752 1353 Hoc
1776 1318 1869 1353 enim
1891 1318 1989 1354 facto
2020 1323 2054 1353 et
2078 1319 2255 1355 subtiliter
2278 1321 2464 1356 observato
2489 1330 2513 1356 a

289 1364 358 1398 εἰσι
381 1361 551 1408 δημοσίαι
574 1362 761 1409 φάβρικες,
790 1362 850 1409 ἐφ’
877 1355 909 1406 ᾧ
933 1361 1091 1407 δημόσια
1114 1360 1244 1398 αὐτοὺς
1268 1364 1366 1409 ἐργα-

290 1410 456 1452 ζομένους
479 1405 577 1443 ὅπλα
600 1412 660 1443 καὶ
683 1409 746 1443 τὰς
778 1410 816 1442 ἐκ
847 1409 910 1443 τοῦ
936 1406 1107 1453 δημοσίου
1131 1407 1286 1452 σιτήσεις
1309 1422 1367 1442 κο-

288 1454 475 1498 μίζεσθαι.
521 1451 652 1488 τούτου
675 1454 743 1501 γὰρ
764 1456 953 1501 γινομένου
977 1456 1037 1486 καὶ
1057 1449 1216 1499 ἀκριβῶς
1236 1452 1367 1499 φυλατ-

289 1502 440 1542 τομένου
469 1499 568 1544 παρὰ
595 1500 672 1534 τῶν
695 1499 907 1544 ἔμπροσθεν
934 1501 1134 1553 εἰρημένων
1165 1498 1368 1546 προςώπων

1436 1363 1629 1408 praedictis
1652 1363 1814 1408 personis
1833 1363 1979 1399 licentia
1998 1365 2141 1409 penitus
2161 1365 2249 1400 nulli
2269 1366 2421 1409 dabitur,
2447 1375 2511 1401 ne-

1437 1418 1506 1454 que
1530 1408 1691 1443 civitates
1714 1408 1997 1444 inhabitantibus
2021 1409 2168 1453 privatis
2196 1420 2309 1455 neque
2332 1411 2434 1446 villas
2458 1411 2512 1445 in-

1437 1453 1636 1489 colentibus
1671 1453 1836 1496 rusticis,
1879 1454 1985 1490 armis
2021 1455 2073 1489 uti
2108 1455 2278 1491 adversus
2321 1456 2512 1492 alterutros

1436 1509 1613 1543 necesque
1643 1508 1880 1543 praesumere,
1916 1503 1952 1534 et
1982 1509 2027 1535 ex
2054 1500 2124 1535 hoc
2148 1500 2321 1545 plurimos
2351 1501 2513 1538 homines

290 1542 395 1578 ἄδεια
417 1543 606 1580 wamel-we
635 1541 756 1579 οὐδενὶ
779 1543 991 1587 δοθήσεται,
1015 1555 1097 1578 oure
1118 1547 1192 1578 τοῖς
1215 1544 1280 1578 τὰς
1303 1543 1367 1578 πό·
1382 1547 1423 1580 30
1437 1544 1570 1587 occidi,
1602 1544 1764 1589 publicas
1789 1554 1871 1579 vero
1895 1545 2012 1589 perire
2036 1544 2254 1589 functiones,
2287 1546 2372 1582 dum
2395 1552 2513 1582 terrae

290 1588 360 1624 λεις
379 1590 536 1624 οἰκοῦσιν
556 1586 718 1625 ἰδιώταις
740 1588 825 1624 οὔτε
847 1592 920 1623 τοῖς
942 1589 988 1623 τὰ
1012 1593 1127 1635 χωρία
1150 1590 1369 1636 γεωργοῦσιν

289 1633 474 1681 ἀγρόταις,
499 1630 625 1669 ὅπλοις
642 1634 842 1681 κεχρῆσθαι
863 1631 947 1668 κατ’
963 1631 1129 1677 ἀλλήλων
1152 1638 1211 1669 καὶ
1236 1633 1368 1680 φόνους

289 1680 439 1723 τολμᾶν,
463 1682 524 1714 καὶ
540 1680 718 1714 ἐντεῦθεν
737 1679 889 1714 πολλοὺς
908 1676 1129 1724 ἀνθρώπους
1145 1678 1369 1724 φονεύεσθαι

289 1724 373 1760 τούς
395 1738 435 1760 τε
459 1723 647 1769 δημοσίους
670 1722 905 1771 ὑστερεῖσθαι
929 1724 1074 1778 φ’όρους,
1105 1726 1183 1759 τῶν
1205 1725 1275 1768 τὴν
1300 1725 1369 1772 γῆν

288 1769 549 1825 γεωργούντων
570 1770 614 1805 τὸ
639 1771 707 1814 ζῆν
722 1767 1108 1826 ἀπολιμπανοντωνκῆ
1132 1768 1282 1816 δρασμῷ
1307 1768 1369 1804 διὰ
1382 1773 1424 1806 35

289 1818 311 1852 l
363 1829 434 1850 τον
457 1819 575 1861 φοβον
596 1818 804 1870 χρωμένων.
864 1816 928 1848 Δεῖ
949 1813 990 1849 δὲ
1017 1826 1099 1849 τους
1121 1818 1370 1860 πεμπομένους

290 1860 391 1909 παρὰ
413 1862 477 1905 τῆς
499 1861 563 1904 σῆς
585 1861 759 1907 υπεροχῆς
782 1862 821 1894 ἐκ
844 1860 907 1894 τοῦ
931 1861 1114 1905 εἰρημένου
1138 1861 1215 1894 τῶν
1240 1864 1368 1906 φαβρί-

289 1919 367 1941 κων
382 1910 543 1953 σκρινίου
557 1905 648 1950 μετὰ
663 1906 707 1941 τὸ
724 1904 885 1940 κωλῦσαι
900 1906 982 1940 τοὺς
1005 1903 1152 1940 ἰδιώτας
1175 1907 1237 1949 τῆς
1258 1904 1367 1940 ὁπλο-

1439 1590 1593 1625 cultores
1627 1589 1734 1625 vitam
1762 1590 1926 1625 amittere
1956 1594 2153 1626 metuentes
2186 1591 2271 1637 fuga
2298 1596 2445 1638 propter
2467 1592 2512 1627 ti-

1437 1645 1570 1671 morem
1592 1637 1754 1670 utuntur.

1438 1818 1456 1851 1
1505 1815 1658 1859 Oportet
1678 1824 1761 1860 ergo
1787 1824 1848 1850 eos
1873 1815 1934 1860 qui
1957 1815 2157 1859 diriguntur
2179 1826 2202 1850 a
2226 1819 2289 1851 tua
2304 1816 2515 1854 celsitudine

1439 1871 1483 1896 ex
1514 1863 1706 1896 memorato
1741 1860 1994 1896 fabricensium
2029 1860 2160 1896 scrinio
2195 1860 2241 1896 ad
2273 1862 2513 1906 prohibendos

1439 1905 1596 1950 privatos
1633 1915 1812 1941 armorum
1847 1905 2004 1941 factione
2045 1906 2303 1942 confessionem
2337 1908 2512 1953 accipere,

290 1997 403 2043 lcqem
433 1996 626 2037 sancimus,
655 2006 700 2031 ne
730 1995 767 2029 in
798 1994 875 2030 ulla
908 1994 1052 2030 civitate
1084 1995 1140 2031 vel
1166 1995 1358 2041 provincia
1389 1994 1611 2041 reipublicae
1642 1998 1790 2030 nostrae
1811 1995 1972 2042 privatis
2006 1995 2062 2030 vel
2090 1994 2158 2030 alii
2187 1994 2252 2029 ulli
2281 1995 2387 2031 liceat
2409 2008 2512 2033 arma

290 2041 468 2086 conficere
503 2040 559 2076 vel
589 2039 742 2076 vendere
777 2040 834 2075 vel
867 2039 942 2074 ullo
974 2039 1082 2075 modo
1113 2041 1361 2075 commercium
1395 2051 1518 2075 eorum
1547 2040 1694 2084 facere,
1729 2039 1795 2075 sed
1827 2040 1897 2075 soli
1931 2041 1997 2086 qui
2027 2040 2066 2074 in
2098 2039 2253 2084 fabricis
2286 2041 2511 2086 referuntur,
2574 2069 2577 2071 >

290 2097 335 2122 ea
358 2085 555 2131 conficiant
583 2089 620 2121 et
649 2095 757 2121 sacro
789 2084 1073 2120 armamentario
1103 2090 1230 2120 nostro
1259 2085 1433 2130 inferant.
1481 2087 1599 2130 Atque
1630 2084 1699 2119 boc
1724 2089 1765 2119 ut
1795 2096 1818 2119 a
1851 2088 1914 2120 tua
1944 2084 2162 2120 sublimitate
2190 2084 2307 2132 iisque
2337 2087 2403 2132 qui
2423 2092 2513 2134 post

294 2135 329 2168 te
351 2131 607 2177 maqistratum
631 2130 838 2176 suscepturi
865 2134 952 2165 sunt
977 2129 1185 2166 observetur
1206 2131 1399 2172 sancimus,
1431 2134 1473 2165 ut
1495 2129 1710 2164 chartularii
1741 2131 1807 2175 ραι·
1833 2129 1898 2165 sub
1932 2134 1994 2165 tua
2017 2129 2234 2166 sublimitate
2262 2138 2348 2166 sunt
2369 2131 2513 2178 aliquos

290 2176 482 2223 desiqnent
504 2176 542 2210 in
565 2176 700 2211 scrinio
722 2175 985 2221 fabricensium
1009 2175 1225 2210 constitutos
1251 2175 1415 2221 periculo
1448 2175 1607 2221 quinque
1623 2175 1830 2220 primorum
1848 2175 1911 2221 qui
1933 2175 2027 2210 inter
2047 2185 2108 2210 eos
2129 2179 2232 2217 sunt,
2260 2176 2358 2211 viros
2381 2176 2512 2212 bonam

290 2221 596 2258 existimationem
628 2219 800 2256 habentes
828 2223 865 2256 et
895 2219 1058 2262 idoneos,
1090 2221 1156 2266 qui
1183 2224 1219 2256 et
1249 2231 1329 2262 eos,
1361 2220 1424 2266 qui
1446 2222 1484 2255 in
1516 2219 1585 2255 hac
1614 2219 1719 2264 felici
1746 2219 1891 2255 civitate
1921 2225 1956 2255 et
1988 2220 2052 2265 qui
2082 2220 2120 2254 in
2152 2221 2279 2255 ceteris
2311 2221 2514 2258 civitatibus

290 2270 438 2302 nostrae
460 2265 681 2312 reipublicae
705 2276 810 2301 arma
833 2265 1048 2310 conficiunt,
1078 2265 1336 2312 perquirentes
1352 2265 1575 2312 prohibeant
1597 2265 1763 2310 privatos
1793 2265 1956 2311 aliosque
1973 2269 2127 2311 praeter
2150 2276 2213 2300 eos
2242 2266 2306 2311 qui
2336 2266 2374 2301 in
2397 2265 2514 2302 sacris

289 2311 447 2358 fabricis
468 2315 698 2347 recensentur
720 2321 904 2346 armorum
926 2310 1209 2355 fabricationem
1237 2321 1420 2352 exercerc,
1453 2315 1488 2346 et
1511 2309 1793 2356 quibuscumque
1825 2310 1914 2345 locis
1936 2311 2107 2356 privatos
2137 2310 2281 2356 aliquos
2311 2311 2351 2346 id
2379 2311 2514 2348 audere

291 2358 532 2404 reppererint,
556 2356 621 2391 illa
637 2356 803 2391 adimant
824 2359 862 2391 et
876 2356 1028 2402 publico
1053 2356 1335 2391 armamentario
1360 2355 1541 2391 addicant.
1590 2354 1730 2398 Quodsi
1749 2355 1844 2391 inter
1861 2355 2029 2407 privatos
2052 2357 2242 2401 operarios
2256 2356 2403 2402 possint
2425 2358 2513 2393 arti-

288 2402 376 2448 fices
407 2401 560 2438 idoneos
589 2401 768 2448 reperire,
800 2399 867 2436 llos
889 2401 923 2436 si
945 2400 1088 2447 quidem
1118 2401 1157 2436 in
1187 2400 1326 2436 militiis
1357 2400 1505 2436 inscribi
1525 2400 1664 2442 velint,
1696 2400 1734 2435 in
1758 2400 1985 2436 matriculam
2016 2401 2163 2435 nomina
2194 2411 2315 2435 eorum
2345 2401 2516 2448 rediqant

292 2447 464 2493 nobisque
494 2446 722 2482 matriculam
752 2446 934 2491 artificum
963 2446 1125 2488 mittant,
1158 2450 1199 2482 ut
1254 2457 1293 2481 er
1323 2456 1468 2482 sacrum
1494 2450 1657 2481 nostrum
1688 2447 1903 2491 rescriptum
1931 2446 1968 2480 in
1992 2445 2066 2480 iliis
2097 2445 2185 2480 locis
2215 2450 2424 2482 statuantur
2455 2448 2515 2483 ubi

284 2492 458 2540 publicae
472 2497 558 2527 sunt
570 2491 759 2537 fabricae:
782 2491 834 2526 ita
856 2497 894 2526 ut
912 2490 1064 2537 publica
1086 2502 1189 2526 arma
1207 2457 1434 2537 fabricantes
1458 2490 1513 2526 illi
1534 2502 1584 2527 ex
1626 2490 1743 2526 ublico
1764 2492 1872 2526 etiam
1895 2501 2060 2526 annonas
2083 2491 2275 2537 accipiant.
2324 2491 2405 2527 Hoc
2420 2493 2514 2528 enim

290 2539 326 2574 si
343 2538 414 2583 fiat
435 2544 471 2573 ct
494 2536 684 2584 diligenter
713 2536 757 2572 ab
782 2536 828 2572 iis
852 2547 944 2582 quas
965 2547 1080 2582 supra
1104 2536 1265 2572 diximus
1280 2536 1454 2589 personis
1478 2541 1581 2571 custo
1608 2535 1717 2578 iatur,
1753 2535 1843 2571 nulli
1864 2536 2010 2571 omnino
2043 2535 2188 2571 licentia
2211 2535 2368 2579 dabitur,
2398 2548 2514 2584 neque

285 2582 447 2631 privatis
477 2582 541 2629 qui
563 2583 600 2618 in
624 2581 772 2617 urbibus
795 2581 961 2617 habitant
991 2592 1106 2627 neque
1129 2581 1304 2627 aqricolis
1324 2582 1387 2627 qui
1402 2581 1562 2628 praedia
1587 2580 1728 2623 colunt,
1762 2582 1874 2616 armis
1897 2580 2070 2616 adversus
2090 2591 2130 2615 se
2152 2581 2302 2617 invicem
2322 2582 2448 2618 utendi
2477 2588 2513 2619 et

292 2627 421 2665 caedes
443 2627 696 2670 committendi,
720 2627 815 2662 unde
838 2626 941 2662 multi
963 2625 1126 2662 homines
1151 2626 1364 2663 occidantur
1387 2631 1495 2673 atque
1515 2626 1664 2673 publica
1689 2627 1824 2662 tributa
1847 2625 2028 2671 deficiant,
2053 2636 2132 2661 cum
2152 2627 2218 2671 qui
2238 2638 2367 2672 aqrum
2390 2628 2514 2664 colunt

291 2676 314 2711 1
359 2673 416 2710 vel
436 2674 510 2709 vita
533 2674 728 2719 priventur
756 2671 814 2709 vel
833 2672 966 2718 fuqam
989 2678 1149 2718 propter
1175 2676 1306 2708 metum
1323 2676 1467 2719 petant.
1584 2671 1614 2707 Ο
1642 2676 1734 2707 ortet
1757 2675 1875 2707 autem
1901 2681 1963 2706 eos
1993 2671 2057 2716 qui
2086 2681 2110 2705 a
2140 2676 2201 2706 tua
2223 2671 2440 2708 sublimitate
2463 2684 2513 2709 ex

287 2718 481 2767 praedicto
509 2717 738 2763 fabricarum
768 2717 903 2753 scrinio
931 2717 1135 2760 mittuntur,
1167 2717 1229 2752 ubi
1251 2718 1419 2764 privatos
1449 2727 1552 2752 arma
1583 2682 1709 2762 sfcere
1733 2715 2021 2763 prohibuerunt,
2046 2715 2318 2762 professionem
2349 2717 2513 2765 accipere

339 2811 360 2843 2
383 2804 565 2854 ἡμετέροις
588 2808 620 2841 L
642 2807 656 2852 ΙΙ
682 2809 704 2841 4
725 2808 839 2851 μόνον
853 2807 884 2839 L
908 2806 921 2850 ΙΙ
946 2809 962 2839 7
989 2808 1048 2839 καὶ
1068 2806 1158 2860 τῶν]
1184 2807 1274 2839 αἰτῶ
1299 2808 1345 2840 Μ
1361 2806 1373 2848 ΙΙ

294 2857 315 2890 9
338 2850 591 2898 ἇφοριζόντων
614 2853 662 2886 Μ
679 2851 930 2895 (deputantibus
949 2851 1042 2884 vobis
1065 2853 1109 2894 ς)]
1133 2853 1318 2897 αφορίζειν
1340 2852 1371 2885 L

297 2902 335 2935 11
355 2900 571 2944 φαβρίσκων
583 2899 615 2931 L
631 2897 645 2942 ΙΙ
663 2900 704 2932 15
719 2900 791 2939 καὶ]
812 2900 871 2929 aut
885 2897 984 2929 etiam
997 2896 1044 2940 5ss
1066 2898 1106 2932 16
1126 2895 1235 2941 ἱεραῖς
1255 2909 1343 2933 οπως
1363 2898 1374 2938 ΙΙ

294 2947 335 2980 21
351 2944 507 2985 τούτους]
526 2943 579 2976 his
596 2945 666 2983 (tle.
679 2939 833 2985 τούτοις)
852 2955 871 2978 ς
887 2942 900 2986 ΙΙ
923 2943 966 2976 22
987 2944 1173 2988 στρατίαις
1184 2943 1216 2975 L
1232 2942 1245 2986 ΙΙ
1262 2942 1302 2975 ἐν
1316 2943 1371 2984 Μ]

295 2992 355 3024 καὶ
373 2990 414 3023 ἐν
430 2989 484 3025 Le
509 2988 522 3030 ΙΙ
546 2990 588 3023 26
609 2984 766 3031 δημόσια
789 3001 847 3021 om.
862 2999 881 3024 ς
897 2987 909 3031 ΙΙ
929 2988 971 3021 32
989 2984 1157 3032 ἆγρόταις
1175 2988 1231 3029 Μ]
1255 2984 1372 3033 ἀγροί·

294 3045 368 3069 κοις
390 3035 423 3068 L
444 3034 457 3077 {l
483 3035 526 3069 34
548 3031 630 3066 τούς
652 3045 692 3067 τε
717 3034 776 3075 Μ]
806 3031 889 3066 τοὺς
913 3029 953 3066 δὲ
976 3033 1037 3068 Le
1059 3031 1072 3077 ΙΙ
1102 3035 1144 3067 35
1168 3030 1372 3075 ἀπολιμπα-

294 3076 443 3114 νόντων
465 3075 488 3121 ἢ
511 3075 674 3123 δρασμῷ]
698 3079 848 3111 amittere
872 3080 1054 3111 metuentes
1076 3077 1158 3120 fuga
1181 3090 1200 3114 ς
1218 3077 1287 3122 1137
1306 3090 1373 3122 φα-

295 3128 458 3170 βρίσκων
478 3124 510 3157 L

344 3216 360 3249 1
375 3214 424 3255 in]
441 3213 540 3246 etiam
552 3226 570 3246 2
587 3211 600 3256 ΙΙ
615 3214 674 3245 aut
690 3212 726 3244 in
741 3212 913 3255 prouintie
926 3212 960 3245 R
977 3211 990 3256 ΙΙ
1007 3213 1026 3244 2
1039 3212 1209 3244 licentiam
1223 3211 1340 3244 habere
1352 3225 1373 3245 υ

296 3259 468 3293 licentiam
490 3258 590 3291 habet
611 3270 630 3290 z
651 3256 665 3301 11
695 3258 714 3292 3
738 3256 838 3290 aliam
862 3271 879 3290 2
902 3256 915 3301 ΙΙ
941 3258 1115 3300 quaepiam
1138 3269 1159 3289 v
1184 3257 1196 3299 ΙΙ
1224 3258 1245 3291 4
1268 3257 1371 3298 quod·

296 3305 380 3338 libet
405 3304 438 3338 T
446 3302 484 3349 Ἰ
509 3303 607 3336 modo
632 3314 724 3335 om.v
741 3301 754 3345 ΙΙ
778 3302 952 3335 fabricetes
974 3302 1025 3335 V¹
1049 3302 1062 3345 Ι
1090 3305 1109 3337 5
1130 3302 1280 3335 serantur
1312 3303 1343 3334 V
1361 3301 1373 3346 ΙΙ

296 3351 360 3384 hoc
382 3349 429 3393 211
452 3349 628 3382 instituere
651 3349 684 3379 et
707 3346 881 3380 defendere
907 3348 940 3380 T
951 3347 964 3391 ΙΙ
990 3348 1011 3380 6
1034 3347 1324 3380 armamentarium
1344 3347 1373 3379 V

297 3397 484 3428 armentum
503 3394 534 3427 R
560 3394 573 3435 ΙΙ
602 3393 682 3426 haec
706 3390 756 3425 ΒΞ
781 3392 794 3434 ll
823 3394 841 3426 7
867 3394 900 3424 et
924 3411 966 3416 -—
991 3395 1011 3425 9
1033 3392 1230 3444 celsitudine
1252 3405 1340 3426 σπι-ι

298 3437 798 3526 ἱῖῗῑίρΐθῆνῃὲιῖἒῖῗῖῗὲἶ
826 3448 847 3522 ιΐ
849 3438 1027 3516 1ιὸᾮέηῇ
1039 3437 1372 3525 ἳιὲῗέἷιῖἷ,“ῗίἳζὲῃι

300 3529 472 3562 constituti
497 3529 621 3571 ΤυαΙρ.
648 3526 662 3571 ΙΙ
691 3528 732 3562 10
757 3527 967 3560 fabricesium
990 3528 1020 3561 V
1037 3528 1049 3571 ΙΙ
1076 3527 1226 3571 periculo
1250 3540 1338 3561 om.z
1359 3526 1372 3571 ss

301 3573 459 3614 quinque]
483 3573 607 3615 quique
633 3573 663 3606 T
667 3573 676 3593 ¹
686 3570 788 3605 V⁶R²
822 3583 954 3615 quoque
977 3586 995 3606 z
1023 3572 1036 3616 ss
1062 3582 1116 3605 eos
1140 3573 1199 3615 qui
1221 3572 1370 3615 priorum

301 3616 461 3658 (priorum
481 3619 542 3651 del.
561 3617 621 3659 T2)
647 3617 704 3661 ΤΙ
720 3617 905 3661 primorum
924 3617 1055 3651 Oeneius
1073 3617 1086 3661 ΙΙ
1104 3619 1142 3652 11
1170 3618 1229 3660 qui
1252 3619 1286 3650 et
1304 3619 1370 3659 eos]

302 3661 430 3702 quietos
450 3662 485 3694 V
501 3662 559 3703 qui
580 3672 634 3695 eos
655 3675 677 3695 υ
702 3661 716 3706 Ι
748 3663 789 3696 12
812 3663 870 3704 qui
893 3663 942 3704 in]
977 3662 1014 3695 in
1033 3674 1055 3695 υ
1090 3664 1123 3695 et
1145 3676 1162 3695 z
1191 3661 1205 3707 fl
1235 3663 1276 3697 14
1299 3663 1368 3702 ant]

1440 2805 1581 2839 fabrices
1595 2806 1644 2839 T¹
1661 2806 1674 2849 ΙΙ
1691 2806 1861 2838 armifacte
1876 2818 1897 2837 v
1921 2815 2011 2837 arma
2029 2805 2154 2838 fatiunt
2168 2819 2185 2838 z
2201 2807 2213 2847 ΙΙ
2234 2807 2273 2840 16
2298 2806 2511 2848 quibuscum-

1440 2853 1516 2892 que]
1541 2850 1662 2892 quibus
1686 2851 1719 2884 R
1734 2851 1746 2894 11
1777 2850 1960 2893 repererint
1983 2851 2065 2891 ΒΤ]
2091 2851 2312 2894 compererint
2332 2851 2366 2885 V
2383 2862 2511 2895 compe-

1440 2897 1560 2929 rierint
1579 2909 1600 2928 v
1625 2897 1809 2939 comperint
1831 2910 1848 2929 z
1865 2896 1877 2940 ΙΙ
1909 2897 1947 2930 17
1972 2894 2111 2937 aliquos]
2136 2895 2203 2928 alio
2227 2906 2357 2938 quoque
2380 2911 2397 2930 z
2412 2897 2425 2941 ΙΙ
2443 2898 2511 2941 pri-

1440 2944 1535 2974 uatos
1546 2960 1591 2966 —
1605 2943 1646 2976 18
1660 2942 1696 2974 Si
1716 2944 1749 2975 in
1762 2954 1827 2974 ras.
1846 2943 1860 2974 1
1877 2953 1987 2974 versus
1998 2954 2059 2974 scr.
2072 2941 2122 2973 R²
2138 2941 2150 2984 ΙΙ
2175 2941 2248 2982 hoc]
2274 2942 2354 2974 haec
2376 2942 2485 2985 R(2)T

1440 2987 1611 3020 audientes
1636 2988 1722 3028 libri,
1747 2999 1827 3020 corr.
1853 2986 1938 3029 υαῖρ.
1969 2986 1981 3028 ΙΙ
2009 2986 2119 3019 afferri
2151 2985 2201 3018 V⁶
2238 2987 2368 3020 auferre
2392 2989 2476 3030 vuly.

1443 3034 1483 3066 18
1507 3032 1646 3075 aplicari
1668 3032 1776 3073 R(²)T
1802 3030 1974 3073 amplicari
1994 3044 2011 3063 z
2038 3031 2204 3074 applicare
2228 3033 2314 3075 υαίρ.
2334 3030 2348 3076 ΙΙ
2363 3032 2414 3064 sin
2433 3033 2482 3066 T²

1439 3076 1589 3119 priuatos
1613 3079 1658 3119 (et
1681 3079 1739 3111 ins.
1761 3075 1824 3118 T2)
1849 3076 2016 3119 operarios
2043 3077 2075 3109 T
2100 3077 2112 3118 ΙΙ
2141 3076 2291 3118 priuatos
2315 3080 2348 3110 et
2370 3077 2512 3111 artifices

1442 3122 1490 3154 Β*
1515 3125 1548 3155 et
1571 3122 1721 3165 priuatos
1743 3121 1885 3155 artifices
1909 3120 1959 3154 R²
1975 3121 1987 3164 ΙΙ
2007 3123 2047 3155 19
2071 3121 2219 3154 inueniri
2241 3121 2295 3166 Vn
2314 3122 2373 3154 hos
2388 3123 2475 3166 υαῖρ.
2497 3122 2510 3166 fl

1441 3169 1484 3200 20
1508 3167 1629 3201 nolunt
1644 3181 1662 3200 z
1684 3166 1855 3200 uoluerint
1879 3166 2008 3210 Rvuly.
2033 3166 2046 3210 ΙΙ
2070 3166 2224 3199 militiam
2244 3179 2282 3199 υτ
2307 3167 2319 3211 ΙΙ
2348 3168 2387 3200 21
2413 3166 2509 3199 nobis

1440 3213 1705 3256 descriptionem]
1722 3215 1755 3245 et
1769 3211 1865 3244 nobis
1880 3211 2045 3245 destinare
2061 3224 2081 3244 v
2100 3211 2112 3255 ΙΙ
2127 3211 2306 3244 artificium
2322 3211 2372 3245 R¹
2387 3211 2400 3254 ΙΙ
2417 3212 2459 3244 22
2471 3211 2508 3243 in

1440 3270 1499 3291 om.
1521 3258 1575 3301 Vn
1595 3259 1636 3292 23
1651 3257 1794 3290 fabricae
1805 3257 1903 3301 wlff]
1929 3255 2127 3289 fabricenses
2139 3257 2173 3289 R
2184 3257 2248 3290 sz
2270 3256 2450 3289 statuentes
2464 3254 2509 3288 T¹

1440 3303 1656 3336 frabricantes
1674 3303 1706 3336 T
1712 3302 1726 3323 ²
1743 3301 1756 3346 ΙΙ
1773 3303 1816 3336 24
1836 3312 1927 3334 arma
1945 3304 1987 3343 et]
2009 3312 2116 3334 armas
2131 3314 2152 3333 υ
2167 3302 2179 3343 ΙΙ
2204 3302 2245 3335 25
2262 3299 2429 3350 accipi-unt
2447 3299 2479 3332 T
2496 3298 2509 3364 ΙΙΙ

1439 3350 1469 3388 a]
1495 3348 1583 3389 quod
1599 3359 1619 3380 a
1636 3349 1669 3381 T
1675 3348 1686 3368 ¹
1703 3347 1715 3391 ΙΙ
1733 3348 1775 3381 26
1788 3347 1955 3379 licentiam
1971 3347 2003 3379 R
2019 3346 2032 3390 ΙΙ
2050 3349 2091 3380 27
2109 3345 2197 3378 ullas
2219 3343 2439 3378 incolentibus
2458 3344 2491 3377 R

1412 3396 1426 3408 ⁶
1440 3392 1540 3426 uillas
1557 3392 1795 3426 incollentibus
1816 3405 1834 3425 υ
1859 3391 1951 3425 uillis
1967 3390 2202 3424 incollentibus
2221 3389 2255 3422 V
2270 3387 2506 3422 incellentibus

1439 3437 1651 3478 (collentibus
1676 3438 1709 3471 T
1717 3439 1740 3480 ¹)
1765 3437 1864 3470 uillas
1891 3438 1944 3480 ΤΙΙ
1971 3437 2013 3470 28
2037 3435 2147 3476 armis]
2171 3432 2289 3466 animis
2311 3433 2357 3476 ΖΠ
2382 3434 2424 3467 29
2450 3444 2507 3466 ne-

1438 3486 1567 3525 cesque]
1592 3493 1721 3516 necesse
1737 3495 1759 3515 v
1783 3492 1877 3515 neces
1902 3482 1935 3515 T
1953 3491 2014 3515 nec
2037 3492 2104 3514 cum
2126 3478 2232 3521 spatio
2255 3489 2357 3510 vacuo
2378 3479 2399 3511 4
2424 3479 2506 3511 litte-

1439 3540 1547 3561 rarum
1571 3542 1589 3561 z
1605 3528 1618 3572 ΙΙ
1636 3528 1785 3561 homines
1803 3540 1862 3561 om.
1878 3527 1911 3560 T
1924 3526 1937 3571 ΙΙ
1953 3528 1996 3561 30
2011 3523 2176 3568 publicam
2198 3533 2239 3554 νε
2255 3520 2268 3564 [Ι
2284 3523 2429 3574 reperi-re
2450 3523 2483 3556 V
2495 3523 2508 3566 ΙΙ

1438 3574 1478 3606 31
1499 3573 1571 3606 uita
1585 3586 1606 3606 υ
1621 3575 1634 3616 ss
1651 3573 1763 3615 fugam
1783 3573 1835 3606 R*
1845 3572 1898 3605 1⁷⁶
1913 3571 1926 3615 ΙΙ
1944 3572 1984 3604 37
2002 3569 2055 3609 sd]
2078 3570 2111 3600 ot
2126 3565 2168 3599 ad
2189 3565 2224 3599 T
2243 3566 2256 3608 fl
2279 3567 2321 3601 38
2344 3570 2506 3610 priuatos]

1439 3618 1623 3651 arcensinm
1646 3618 1771 3651 scrinio
1794 3618 1836 3650 ad
1856 3614 2053 3660 proibendos
2071 3611 2220 3655 priuatos
2245 3613 2321 3645 add.
2337 3626 2354 3645 z
2370 3613 2382 3656 ΙΙ
2399 3623 2506 3646 armo-

1439 3665 1525 3704 rum]
1550 3673 1714 3696 armatum
1734 3662 1794 3703 1⁷¹,
1816 3673 1875 3695 om.
1896 3662 1929 3694 in
1949 3659 2011 3693 tae.
2025 3658 2043 3690 “1
2059 3657 2137 3700 fere
2154 3657 2211 3689 litt.
2233 3669 2251 3689 υ
2279 3656 2292 3700 Ι
2320 3657 2508 3692 ¹'factiones

301 3707 410 3738 autem
433 3704 493 3750 R!
510 3706 620 3747 etiam]
644 3709 678 3739 et
699 3706 765 3751 νε.
796 3709 836 3742 15
861 3708 920 3750 qui
945 3719 1003 3741 om.
1015 3720 1033 3741 2
1050 3706 1064 3752 Ι
1079 3707 1301 3740 fabricensens
1321 3707 1370 3741 V¹
1402 3707 1405 3745 Ι
1441 3707 1546 3741 RTvz
1569 3707 1710 3741 factores
1730 3706 1855 3750 Vvulq.
1872 3704 1886 3747 Ι
1902 3701 2120 3737 oonsfflioness
2137 3713 2175 3734 υτ
