2618 4010
229 121 337 166 Nov.
367 122 495 166 XXII
530 124 578 165 18

228 243 324 266 σεων
357 233 601 279 σωφρονισμῷ
635 228 864 276 παραδοῦναι
893 229 1115 277 προςὴκοντι.
1170 231 1217 265 Εἰ
1261 230 1306 279 ἄρ

228 288 282 311 τις
304 275 472 324 ἀγάγοιτο
494 273 666 323 γαμετήν,
698 275 720 319 ἢ
743 278 803 310 καὶ
820 274 909 323 γυνὴ
932 275 1020 324 πρὸς
1050 275 1167 323 ἄνδρα
1189 244 1296 311 ἔλθοι

227 322 376 367 γαμικῆς
405 323 472 365 μὲν
500 320 700 366 ληφθείσης
730 319 973 368 προαιρέσεώς
995 335 1035 356 τε
1065 324 1125 356 καὶ
1150 318 1306 368 γνώμης,

228 364 270 400 οὐ
293 365 365 409 μὴν
382 362 676 409 ἀκολουθησάσης
698 366 845 412 προικὸς
868 364 890 409 ἢ
910 370 1151 414 προγαμιαίας
1174 364 1308 413 δωρεᾶς

1308 118 1385 166 158

2188 140 2246 170 DE
2275 139 2451 172 NUPTnfl

1375 231 1609 284 division-ibus
1644 234 1871 287 castigationi
1905 237 2095 273 tradantur
2131 238 2357 284 competenti.
2413 238 2452 273 Si

1377 287 1455 321 quis
1479 286 1572 329 emm
1595 277 1739 314 duxerit
1761 290 1923 325 uxorem,
1953 285 2018 318 aut
2047 282 2153 318 etiam
2177 283 2304 319 mulier
2327 283 2373 319 ad
2397 284 2447 319 vi-

1375 332 1454 357 rum
1476 326 1604 365 vemat,
1637 323 1788 368 nuptiali
1811 325 1952 370 quidem
1980 331 2166 372 assumpta
2188 328 2372 364 voluntate
2395 333 2450 364 at-

1379 376 1447 419 que
1471 366 1664 410 sententia,
1697 378 1770 404 non
1800 371 1920 406 tamen
1953 376 2077 408 secuta
2107 372 2189 408 dote
2218 375 2282 408 aut
2301 383 2451 426 sponsa-

228 411 339 450 (ἔνθα
355 408 400 453 δὴ
419 413 479 444 καὶ
505 414 805 467 προπετέστερον(
820 412 993 465 γίνεσθαι
1012 411 1073 446 τὰς
1093 410 1207 445 λύσεις
1227 422 1308 446 συν-
1345 414 1363 445 5
1378 411 1462 446 licia
1485 410 1651 455 largitate
1688 413 1762 451 (ubi
1797 425 1938 459 quoque
1967 418 2231 462 praesumptive
2254 417 2332 453 fieri
2355 418 2451 454 solu·

228 458 367 498 ε’βαινε,
400 453 552 500 μηδενος
579 456 756 490 ἐντεῦθεν
786 468 940 491 υποντος
972 455 1063 491 κατὰ
1087 457 1150 490 τοῦ
1175 469 1309 502 προπε-

228 502 445 551 τρυσαμένου
467 498 667 543 κινδύνου),
703 499 870 542 διάταξιν
901 502 1111 548 ἐγράψαμεν
1135 499 1310 548 λέγουσαν

230 555 296 585 ως,
329 544 366 578 εἴ
383 556 438 579 τις
460 541 859 601 ὖπεξουσίανιγυναῖκα
874 544 1016 599 ’γνώμῃ
1043 548 1181 598 γρνέων
1205 544 1227 589 ἢ
1250 548 1310 579 καὶ

228 586 462 630 αὐτεξουσίαν
493 590 603 633 τυχὸν
628 604 805 647 αγαγηται
836 604 926 635 μητε
957 602 1103 634 προικος
1127 588 1309 626 ἐπιδοθεί-

1379 456 1494 491 tiones
1520 457 1765 501 contingebat,
1797 458 1894 495 nullo
1919 469 1963 495 ex
1985 461 2055 497 hoc
2079 464 2205 498 contra
2227 462 2453 498 temerarium

1380 504 1549 553 sequente
1572 502 1764 546 periculo),
1792 504 2078 542 constitutionem
2102 507 2307 552 scripsimus
2332 508 2451 543 dicen-

1379 549 1468 580 tem:
1506 556 1537 581 Sl
1573 547 1651 591 quis
1688 547 1754 582 sub
1789 551 1968 593 potestate
2002 551 2233 587 constitutam
2269 552 2453 588 mulierem

1379 591 1562 626 voluntate
1591 596 1781 637 parentum
1810 597 1874 628 aut
1904 594 2009 630 etiam
2033 606 2119 631 suae
2147 597 2338 642 potestatis
2361 597 2453 632 forte

229 645 292 676 σης
313 631 404 678 μήτε
427 634 662 690 συμβολαίων
685 639 1097 690 τοιουτων,γενομε’νων,
1120 633 1139 670 ὁ
1159 637 1227 680 μὲν
1249 635 1309 689 yet:
1326 637 1367 670 10
1380 634 1489 671 ducat
1509 646 1656 672 uxorem
1681 647 1794 682 neque
1818 638 1901 674 dote
1923 639 2045 674 oblata.
2072 650 2187 686 neque
2209 641 2454 677 instrumentis

228 690 293 723 μσς
314 681 412 714 ἔστω
435 693 564 727 γαμος,
594 695 661 715 καν
685 682 716 715 εἰ
739 694 905 727 προικῳα
928 695 977 725 μη
1001 685 1237 734 συγγραφείη,
1261 694 1310 725 μη

229 722 290 758 διὰ
313 725 420 760 τοῦτο
445 723 485 760 δὲ
515 724 534 760 ὁ
558 725 648 772 ἀνὴρ
682 727 802 768 (τοῦτο
825 722 915 773 ὅπερ
940 728 1000 761 ἐπὶ
1032 724 1180 761 πολλων
1204 726 1310 769 ἴσμεν

228 766 437 816 γενόμενον)
469 769 672 805 ἐκδιωκέτω
697 773 758 814 τῆς
785 771 897 804 οἰκίας
930 770 997 813 τὴν
1022 769 1183 817 γαμετὴν
1203 774 1310 816 χωρὶς

227 815 311 858 μιᾶς
333 817 411 849 τῶν
433 816 646 871 ἑζιιπροσθεν
669 817 868 870 εἰρημένων
898 813 1058 862 εὐλόγων
1089 817 1237 857 αἰτιῶν,
1269 813 1310 850 ἅς

1381 680 1510 716 talibus
1534 680 1652 724 factis,
1678 683 1827 727 nuptiae
1851 683 1993 728 quidem
2016 684 2088 720 sint
2106 686 2262 731 nuptiae,
2286 687 2371 723 licet
2392 687 2453 722 do·

1379 726 1466 760 talia
1489 736 1560 761 non
1583 727 1655 762 sint
1680 728 1900 772 conscripta,
1935 732 1975 763 ut
1998 739 2069 765 non
2098 730 2144 766 ob
2168 731 2237 766 hoc
2269 732 2323 767 vir
2346 732 2455 776 (quod

1379 770 1414 805 in
1446 771 1568 806 multis
1600 772 1760 808 novimus
1798 773 1949 812 factum)
1985 774 2140 818 expellat
2170 775 2274 812 domo
2306 787 2454 812 uxorem

1379 816 1456 851 sine
1491 826 1564 851 una
1599 817 1698 861 prius
1741 818 1915 853 dictarum
1958 819 2219 855 rationabilium
2254 831 2454 862 causarum.

229 872 270 893 τε
292 858 480 895 Θεοδόσιος
502 872 542 895 ας
561 874 615 914 τεἰ
625 864 722 905 ημεῖς
745 859 1011 916 ηρρθμήσαρεν.
1059 862 1090 894 εἰ
1109 859 1152 895 δέ
1177 874 1213 895 τι
1237 874 1308 895 τοι·
1326 863 1364 895 15
1379 871 1536 906 quasque
1557 861 1780 898 Theodosius
1805 873 1965 908 quasque
1988 874 2054 899 nos
2079 866 2368 901 enumeravimus.
2418 865 2455 901 Si

231 905 317 939 οὖτο
339 909 488 961 γένηται
510 908 570 940 καὶ
594 919 616 949 η
634 908 745 959 χωρὶς
770 909 885 939 αιτίας
909 919 1022 949 αυτην
1045 903 1309 951 ἀποπέμψηται

230 950 292 991 τῆς
317 954 428 984 οικίας
461 948 482 994 ἢ
512 953 573 984 καὶ
604 950 708 985 αυτὸς
739 949 887 997 εὔλογον
911 951 1032 984 αἰτίαν
1056 950 1233 998 παράσχοι
1253 952 1307 995 τῷ

230 993 298 1037 τὴν
320 998 471 1041 γυναῖκα
495 993 727 1042 ἀποχωρῆσαι
749 995 814 1029 τοῦ
839 994 928 1042 πρὸς
947 994 1060 1030 αὐτὸν
1077 1000 1308 1038 συνοικεσίου,

230 1037 273 1072 τὸ
296 1043 471 1086 τέταρτον
493 1042 599 1093 μέρος
621 1042 662 1074 τ’
705 1038 797 1075 ἰδίας
818 1044 1024 1086 περιουσίας
1042 1039 1308 1087 ἀναγκαζέσθω

231 1083 449 1128 καταβαλεῖν
473 1082 575 1132 αὐτῃ.
623 1082 644 1119 ἀ
669 1084 712 1119 λὰ
731 1088 833 1130 μέχρι
862 1087 930 1129 μὲν
961 1090 1206 1132 τετρακοσίων
1228 1100 1307 1132 χρυ-

231 1132 308 1163 σίου
332 1128 466 1174 λιτρῶν
489 1128 556 1173 τὴν
580 1134 790 1176 περιουσίαν
810 1132 905 1184 ἔχων
929 1131 1058 1165 ἑκατὸν
1081 1130 1218 1177 λίτραις
1251 1134 1307 1174 ζη-

230 1171 476 1217 μιωθήσεται,
502 1178 664 1209 τουτέστι
683 1176 739 1219 τῷ
761 1188 923 1232 τεταρτω
945 1177 1006 1219 τῆς
1026 1181 1230 1223 περιουσίας
1249 1179 1307 1220 με’-

233 1232 304 1263 ρει,
336 1217 510 1254 ἐλάττονα
535 1218 575 1254 δὲ
601 1217 750 1263 ταύτης,
774 1220 853 1254 καθ
894 1209 982 1255 ἔλυον
1005 1217 1027 1264 ἡ
1049 1223 1113 1255 τοῦ
1136 1220 1308 1267 τετάρτου

232 1267 329 1299 ποιεῖ
351 1263 516 1307 ποσότης.
563 1265 595 1299 εἰ
619 1263 659 1299 δὲ
681 1268 740 1299 καὶ
765 1267 914 1309 μείζονα
941 1267 1002 1309 τῆς
1022 1266 1208 1320 εἰρημένης
1230 1267 1309 1301 τῶν

1405 906 1463 941 uid
1485 910 1605 941 autem
1637 907 1708 942 tale
1739 907 1803 942 fiat
1835 913 1870 943 et
1893 912 1956 942 aut
1988 909 2064 943 sine
2089 918 2199 944 causa
2221 920 2300 946 eam
2323 911 2456 946 abiciat

1379 917 1502 995 aomo,
1533 957 1596 987 aut
1619 953 1727 987 etiam
1750 952 1827 997 ipse
1851 953 2103 989 rationabilem
2128 964 2274 990 causam
2296 959 2456 1000 praestet

1379 998 1419 1032 ut
1449 996 1574 1032 mulier
1606 1001 1795 1042 separetur
1827 998 1872 1033 ab
1906 998 1980 1033 eius
2012 998 2256 1042 matrimonio,
2292 1003 2455 1045 quartam

1377 1045 1516 1121 &artem
1550 1042 1717 1122 progniae
1752 1044 1976 1078 substantiae
2013 1047 2162 1088 cogatur
2194 1044 2375 1081 exsolvere
2409 1046 2453 1081 ei.

1323 1086 1364 1118 20
1412 1091 1426 1120 t
1450 1097 1563 1131 usque
1586 1097 1608 1122 a

1656 1088 1935 1132 quadringentas
1960 1089 2102 1133 quidem
2131 1089 2211 1124 auri
2234 1089 2345 1126 libras
2369 1090 2453 1126 sub-

1378 1132 1546 1167 stantiam
1575 1132 1712 1168 habens
1745 1138 1885 1168 centum
1919 1133 2021 1169 libris
2052 1133 2357 1178 damnificabitur,
2388 1135 2457 1170 hoe

1377 1179 1434 1212 est
1457 1180 1587 1221 quarta
1610 1178 1836 1214 substantiae
1851 1182 1965 1223 parte,
1991 1179 2162 1214 minorem
2178 1184 2298 1215 autem
2323 1179 2369 1215 ad
2387 1180 2457 1215 hoc

1377 1222 1414 1257 in
1439 1226 1610 1266 quantum
1641 1225 1792 1267 quartae
1823 1223 1911 1259 facit
1941 1224 2132 1268 quantitas.
2181 1224 2219 1259 Si
2242 1235 2324 1260 vero
2349 1225 2457 1260 etiam

1378 1267 1546 1302 maiorem
1570 1267 1777 1312 praedictae
1809 1268 2150 1313 quadringentarum
2180 1270 2259 1304 auri
2284 1269 2456 1305 librarum

231 1313 475 1356 τετρακοσίων
506 1311 570 1345 τοῦ
593 1314 745 1363 ἱχρυσίου
775 1309 920 1366 λιτρωνῑ
939 1322 1137 1364 ποσοτητος
1168 1323 1216 1346 εις
1248 1324 1307 1346 πε·
1322 1311 1363 1344 25
1379 1312 1588 1356 quantitatis
1612 1313 1849 1348 substantiam
1873 1313 2015 1355 habeat,
2040 1325 2112 1349 non
2136 1315 2288 1359 amplius
2315 1318 2457 1350 centum

233 1358 395 1399 ριουσίαν
431 1357 524 1397 ἔχοι,
559 1368 609 1399 μη
643 1354 754 1391 πλέον
788 1357 866 1389 τῶν
902 1369 1030 1390 εκατον
1065 1358 1128 1390 τοῦ
1164 1361 1307 1401 χρυσίου

233 1399 443 1444 ζημιούσθω
468 1398 613 1446 λιτρῶν.
660 1399 749 1446 πρὸς
774 1399 843 1447 γὰρ
877 1399 921 1444 δὴ
944 1401 1010 1444 τὴν
1033 1405 1206 1448 μεγίστην
1233 1403 1308 1436 ἐπί-

232 1457 308 1479 παν
339 1442 613 1499 ἀποβλέψαντες
643 1449 774 1490 προῖκα
809 1444 875 1480 τὸν
902 1444 1015 1499 νόμρν
1045 1448 1175 1500 τρῦτρν
1208 1447 1308 1494 ἐγρά-

1378 1357 1457 1391 auri
1481 1357 1730 1410 damnificetur
1752 1358 1862 1393 libris.
1911 1359 1969 1394 Ad
1992 1358 2182 1394 maximam
2205 1370 2358 1412 namque
2381 1360 2455 1405 ple-

1378 1412 1527 1446 rumque
1557 1406 1789 1447 respicientes
1820 1403 1937 1439 dotem
1964 1404 2077 1448 legem
2107 1404 2201 1439 hanc
2235 1405 2456 1450 scripsimus,

1377 1447 1615 1482 substantiam
1647 1447 1746 1482 illam
1785 1448 1911 1484 merito
1952 1449 2148 1484 secundum
2182 1454 2325 1485 nostras
2362 1450 2456 1494 leges

231 1500 373 1543 ψαμεν,
405 1494 532 1524 ουσίαν
559 1489 706 1525 εἰκότως
733 1493 872 1545 ἐκείνην
903 1504 995 1525 κατα
1018 1503 1100 1525 τους
1127 1495 1233 1536 ημετέ
1252 1503 1310 1526 ους
1377 1492 1606 1528 aestimantes
1634 1503 1713 1528 esse
1745 1503 1836 1538 quae
1859 1504 1952 1539 pura
1976 1494 2104 1530 debitis
2128 1494 2300 1530 videatur.
2348 1494 2456 1529 Ratio

231 1546 358 1579 νομους
380 1535 566 1578 οἰηθέντες
586 1535 696 1576 εἶναι,
726 1532 817 1581 ἥπερ
846 1550 892 1569 αν
921 1536 1070 1582 καθαρὰ
1090 1538 1207 1583 χρεῶν
1231 1506 1254 1571 Ξ

232 1583 408 1634 φαίνοιτο.
458 1583 530 1614 Καὶ
554 1576 576 1614 ὅ
598 1594 638 1627 γε
667 1578 767 1628 λόγος
799 1582 837 1614 ἐκ
861 1583 938 1614 τῶν
969 1579 1091 1615 αὐτῶν
1116 1583 1247 1616 αἰτιῶν
1272 1582 1310 1622 ἐξ

231 1622 475 1671 αντιστρόφου
497 1629 677 1671 χωρείτω,
709 1628 769 1659 καὶ
793 1626 892 1670 εἴπερ
916 1624 937 1668 ἦ
955 1625 1045 1672 γυνὴ
1068 1639 1120 1660 πα
1151 1624 1160 1638 ’
1188 1628 1309 1661 αἰτίαν

232 1671 367 1704 οἰκείαν
389 1668 635 1725 ἀποχωρήσειε
654 1671 718 1704 τοῦ
738 1668 866 1723 ἀνδρρς
887 1669 1054 1717 ἄπροικος
1074 1685 1118 1705 κα
1153 1674 1308 1713 εστῶσα,

237 1713 253 1724 n

231 1728 253 1793 3
273 1717 333 1748 καὶ
355 1718 532 1769 πέμψεξεν
552 1716 652 1759 αυτῷ
660 1714 754 1769 ῃὸίχα
774 1726 871 1750 τινος
887 1717 1003 1750 αἰτίας
1020 1714 1163 1763 εὐλόγου
1181 1716 1307 1763 ῥεπού-

1257 1551 1308 1570 ια-
1322 1537 1364 1569 30
1378 1547 1518 1582 quoque
1543 1547 1587 1572 ex
1610 1537 1698 1582 ipsis
1723 1538 1840 1574 causis
1865 1549 1930 1591 pro
1955 1539 2121 1574 cautione
2145 1540 2336 1584 procedat,
2368 1543 2405 1575 et
2428 1540 2457 1574 si

1377 1582 1506 1617 mulier
1529 1593 1592 1627 per
1617 1584 1760 1628 culpam
1793 1594 1976 1628 propnam
2008 1588 2195 1629 separetur
2218 1594 2241 1619 a
2258 1584 2332 1620 viro
2355 1584 2456 1619 indo·

1378 1631 1454 1662 tata
1479 1628 1654 1670 existens,
1686 1632 1751 1663 aut
1775 1629 1882 1663 etiam
1905 1629 2023 1664 mittat
2047 1629 2079 1664 ei
2103 1630 2179 1664 sine
2202 1629 2322 1675 aliqua
2346 1639 2458 1665 causa

1377 1672 1581 1707 rationabili
1611 1673 1819 1718 repudium,
1852 1674 1977 1709 iisdem
2008 1674 2046 1709 in
2077 1675 2241 1710 omnibus
2274 1674 2458 1711 subiaceat

1377 1717 1513 1762 poenis.
1561 1718 1612 1753 Et
1631 1720 1663 1754 si
1687 1718 1829 1763 quidem
1854 1729 1920 1763 per
1937 1719 2078 1764 culpam
2098 1719 2174 1755 eius
2194 1720 2457 1755 matrimonium

255 1772 322 1801 ιον,
344 1763 433 1794 ταῖς
447 1763 570 1795 αυταῖς
593 1762 633 1794 ἐν
655 1772 792 1795 απασιν
815 1757 1028 1795 ὑποκείσθω
1052 1773 1201 1796 ποιναις.
1247 1765 1306 1796 καὶ
1321 1763 1362 1794 35
1377 1762 1545 1804 solvatur,
1571 1763 1850 1808 quinquennium
1875 1764 2138 1800 Observandum
2161 1764 2300 1800 mulieri
2323 1769 2388 1807 est,
2422 1767 2458 1800 et

230 1805 262 1839 εἰ
280 1806 349 1848 μὲν
370 1802 456 1839 κατ’
479 1805 602 1839 αἰτίαν
633 1803 740 1848 αὐτῆς
771 1803 790 1839 ὁ
821 1806 931 1852 γάμος
954 1804 1101 1849 λυθείη,
1132 1806 1199 1850 τὴν
1223 1820 1306 1842 πεν-

230 1853 380 1884 ταετίαν
401 1849 600 1896 φυλακτέον
622 1851 667 1898 τῇ
682 1854 843 1897 γυναικί,
867 1854 927 1884 καὶ
948 1849 1122 1898 δευτέροις
1145 1849 1209 1894 οὐχ
1231 1849 1305 1896 ὁμι-

231 1893 328 1938 λήσει
354 1894 488 1942 γάμοις.
535 1895 567 1929 εἰ
596 1893 636 1929 δὲ
664 1893 748 1930 κατ’
774 1896 897 1930 αἰτίαν
920 1897 983 1930 τοῦ
1008 1897 1255 1931 συνοικοῦντος
1286 1896 1308 1940 ἢ

230 1942 291 1973 καὶ
314 1940 409 1976 bona
431 1939 545 1985 gratia
568 1938 771 1994 διαλυθείηἱ
783 1940 882 1983 (ἴσως
904 1940 973 1988 γὰρ
1003 1944 1063 1975 καὶ
1086 1943 1218 1984 τοῦτο),
1242 1941 1308 1976 τὸν

1376 1807 1541 1843 secundis
1565 1819 1637 1843 non
1662 1809 1888 1853 copulabitur
1911 1810 2063 1854 nuptiis:
2102 1810 2158 1845 sin
2189 1820 2271 1845 vero
2295 1820 2360 1855 per
2383 1811 2457 1845 cul-

1377 1863 1459 1897 pam
1488 1853 1608 1888 mariti
1639 1857 1702 1888 aut
1733 1854 1839 1889 etiam
1863 1855 1958 1890 bona
1981 1855 2095 1900 gratia
2119 1855 2350 1897 distrahatur,
2382 1865 2453 1890 me-

1376 1898 1444 1933 rito
1476 1903 1511 1932 et
1540 1898 1598 1933 hic
1623 1908 1754 1934 annum
1780 1899 1959 1935 custodIat
1991 1903 2139 1945 propter
2162 1900 2304 1936 seminis
2329 1899 2455 1936 confu-

1377 1943 1526 1987 sionem,
1552 1947 1592 1978 ut
1615 1953 1680 1989 per
1704 1944 1822 1980 omnia
1846 1945 1951 1980 nobis
1975 1945 2033 1981 lex
2057 1945 2218 1991 perfecta
2243 1945 2300 1981 sit.

230 1986 398 2020 ἐνιαυτὸν
417 1984 629 2031 φυλαττέτω
653 1983 712 2020 διὰ
732 1998 775 2019 το
794 1987 859 2020 τοῦ
876 1989 1079 2032 σπέρματος
1097 1983 1307 2033 ἄσύγχυτον,
1321 1989 1364 2021 40

231 2030 292 2064 ἵνα
315 2028 376 2065 διὰ
399 2029 553 2065 πάντων
575 2026 659 2075 ἡμῖν
679 2026 698 2064 ὁ
722 2029 831 2075 νόμος
853 2029 984 2066 τέλειος
1007 2023 1039 2078 ᾗ.

228 2165 483 2213 parationibus
503 2167 582 2203 sine
602 2167 698 2202 iusta
721 2177 832 2202 causa
853 2166 969 2212 factis
992 2166 1226 2212 castiqationi
1248 2167 1473 2203 convenienti
1494 2167 1700 2203 tradantur.
1747 2167 1789 2203 Si
1835 2168 1891 2203 uis
1911 2169 2003 2204 enim
2026 2168 2176 2205 duxerit
2193 2180 2358 2213 uxorem,
2382 2170 2456 2207 sive

230 2211 337 2247 etiam
358 2211 486 2246 mulier
509 2212 587 2248 viro
610 2211 785 2258 nupserit,
810 2211 997 2257 coniuqali
1020 2210 1163 2257 quidem
1188 2212 1307 2247 animo
1332 2215 1367 2248 et
1390 2212 1575 2248 voluntate
1597 2212 1772 2256 adbibita,
1823 2217 1881 2249 ote
1904 2219 2023 2249 autem
2047 2213 2103 2250 vel
2126 2215 2369 2262 antenuptiali
2391 2215 2455 2251 do-

230 2256 379 2291 natione
397 2267 470 2291 non
488 2260 612 2292 secuta
635 2258 722 2302 (qua
741 2255 883 2302 quidem
902 2256 940 2290 in
964 2267 1004 2292 re
1023 2255 1210 2292 accidebat
1230 2259 1271 2292 ut
1289 2256 1397 2292 etiam
1412 2256 1717 2293 inconsideratius
1734 2257 1935 2293 solutiones
1949 2258 2091 2304 fierent,
2115 2269 2196 2294 cum
2217 2260 2354 2295 nullum
2371 2260 2456 2297 inde

227 2300 429 2348 periculum
452 2301 612 2337 subesset
632 2301 806 2337 adversus
827 2311 907 2336 eum
931 2300 995 2347 qui
1017 2300 1284 2337 inconsiderate
1313 2301 1469 2348 eqisset)‚
1494 2302 1786 2338 constitutionem
1806 2303 2038 2349 scripsimus,
2067 2314 2160 2350 quae
2188 2306 2314 2340 statuit
2344 2309 2401 2348 ut,
2424 2307 2459 2342 si

230 2346 313 2392 quis
340 2346 542 2389 mulierem,
575 2356 670 2392 quae
700 2346 739 2381 in
769 2349 949 2392 potestate
971 2346 1037 2389 sit,
1071 2357 1151 2381 cum
1183 2346 1368 2382 voluntate
1396 2350 1608 2393 parentum,
1640 2347 1696 2383 vel
1722 2348 1824 2394 forte
1855 2349 1961 2384 etiam
1995 2359 2088 2394 quae
2115 2349 2174 2384 sui
2204 2349 2296 2386 iuris
2318 2350 2382 2393 sit,
2416 2351 2456 2386 in

229 2391 497 2426 matrimonium
531 2391 683 2427 duxerit
711 2402 827 2436 neque
857 2390 941 2427 dote
971 2391 1059 2427 data
1089 2402 1204 2438 neque
1235 2392 1482 2428 instrumentis
1516 2391 1594 2427 eius
1624 2392 1780 2439 qeneris*
1797 2393 1995 2439 confectis,
2031 2404 2079 2428 nu
2108 2394 2179 2430 tiae
2211 2394 2354 2440 quidem
2383 2395 2457 2431 sint

230 2436 397 2482 nuptiae,
421 2436 506 2472 licet
527 2435 667 2472 dotalia
690 2436 929 2471 instrumenta
953 2436 1097 2472 conseri
1124 2440 1161 2471 ta
1183 2447 1258 2472 non
1279 2437 1372 2479 sint,
1404 2448 1491 2473 neve
1511 2441 1711 2484 propterea
1735 2437 1787 2479 (id
1809 2438 1910 2484 quod
1936 2438 1981 2473 de
2003 2449 2063 2473 mu
2082 2439 2128 2474 tis
2148 2439 2291 2485 factum
2312 2440 2455 2483 scimus)

229 2481 285 2517 vir
308 2492 462 2517 uxorem
485 2481 591 2517 domo
614 2481 779 2528 expellat
801 2481 935 2533 absque
958 2493 1032 2516 una
1052 2481 1086 2529 il
1098 2492 1201 2516 arum
1225 2492 1317 2528 quas
1340 2486 1425 2518 ante
1447 2481 1608 2518 diximus
1632 2484 1809 2518 iustarum
1833 2494 2037 2527 causarum,
2061 2487 2097 2519 et
2121 2494 2214 2529 quas
2236 2483 2456 2521 Theodosius

228 2530 264 2562 et
288 2537 382 2572 quas
403 2537 472 2562 nos
494 2526 790 2563 enumeravimus.
838 2525 878 2561 St
902 2537 985 2562 vero
1008 2526 1079 2562 tale
1102 2526 1192 2572 quid
1211 2528 1353 2572 factum
1375 2527 1425 2562 sit
1455 2531 1489 2563 et
1518 2527 1575 2563 vel
1594 2528 1671 2563 sine
1694 2538 1807 2563 causa
1830 2539 1909 2563 eam
1931 2527 2038 2563 domo
2063 2528 2254 2571 dimiserit,
2287 2529 2342 2565 vel
2363 2530 2454 2566 adeo

228 2572 241 2606 i
267 2583 307 2607 se
336 2572 467 2607 iustam
491 2582 638 2607 causam
667 2571 878 2618 praebuerit
899 2570 1042 2606 mulieri
1065 2583 1088 2606 a
1112 2572 1283 2618 coniuqio
1313 2582 1393 2607 cum
1416 2571 1480 2607 illo
1505 2571 1724 2614 divertendi,
1757 2577 1925 2618 quartam
1983 2577 2098 2608 artem
2121 2584 2210 2608 suae
2231 2573 2455 2611 substantiae

228 2583 284 2652 ffli
299 2616 512 2670 persolvere
536 2620 700 2663 coyatur.
748 2616 867 2662 Atque
888 2616 951 2662 qui
974 2616 1117 2662 quidem
1141 2627 1255 2663 usque
1279 2616 1329 2652 ad
1350 2616 1507 2668 quadrin
1535 2621 1639 2653 entas
1662 2616 1775 2652 libras
1797 2617 1881 2652 auri
1902 2628 1946 2652 su
1969 2618 2141 2653 stantiam
2165 2617 2289 2660 habet,
2315 2623 2455 2655 centum

230 2662 332 2698 libris
354 2661 577 2704 multabitur,
608 2660 648 2696 id
669 2665 724 2697 est
751 2665 885 2713 quarta
907 2661 1132 2697 substantiae
1148 2665 1277 2708 parte3
1307 2673 1368 2708 qui
1394 2673 1477 2698 vero
1530 2672 1573 2697 oc
1595 2662 1713 2697 minus
1740 2661 1866 2704 habet,
1901 2662 1940 2697 in
1963 2667 2136 2708 quantum
2161 2668 2315 2708 quartae
2331 2665 2456 2711 partis

229 2707 417 2788 quantitas
443 2706 568 2752 efficit.
624 2705 760 2750 Quodsi
792 2706 901 2742 etiam
931 2706 1145 2753 ampliorem
1174 2707 1271 2742 dicta
1299 2707 1502 2753 quantitate
1527 2707 1877 2758 quadrinqentarum
1911 2708 1996 2742 auri
2020 2706 2194 2742 librarum
2217 2707 2455 2744 substantiam

253 2752 371 2794 abeat,
393 2763 467 2787 non
484 2751 574 2798 plus
594 2758 734 2787 centum
758 2751 843 2786 auri
862 2750 965 2786 libris
987 2751 1163 2787 multetur.
1215 2750 1359 2787 Etenim
1379 2751 1430 2787 ad
1444 2762 1640 2788 maximam

229 2797 324 2833 lianc
354 2796 388 2832 le
413 2807 468 2832 em
498 2796 795 2842 conscripsimus,
830 2795 1069 2831 substantiam
1100 2797 1268 2832 nimirum
1299 2796 1399 2832 illam
1428 2796 1623 2832 secundum

222 2853 326 2890 pura

1691 2763 1757 2787 uae
1770 2752 1987 2799 plerumque
2008 2755 2061 2787 est
2084 2752 2202 2803 dotem
2223 2754 2456 2800 respicientes

1672 2808 1756 2843 eqes
1790 2801 1936 2832 nostras
1955 2808 2049 2836 ,esse
2076 2803 2169 2839 rati,
2212 2809 2457 2845 quaecumque

431 2852 516 2877 aere
547 2841 665 2877 alieno
697 2845 885 2893 appareat.
940 2842 1059 2887 Atque
1089 2842 1187 2877 ratio
1211 2853 1261 2878 ex
1291 2841 1416 2878 iisdem
1440 2842 1560 2877 causis
1583 2852 1603 2877 e
1631 2842 1816 2877 contrario
1834 2842 2033 2888 procedat,
2067 2846 2103 2878 et
2130 2842 2163 2877 si
2193 2843 2322 2879 niulier
2353 2844 2455 2880 indo-

232 2891 309 2924 tata
339 2886 536 2922 constituta
572 2885 616 2922 ob
645 2897 836 2938 propriam
867 2885 1011 2933 culpam
1037 2898 1060 2922 a
1092 2887 1168 2923 viro
1200 2886 1404 2929 diverterit,
1440 2886 1495 2923 vel
1525 2886 1632 2922 etiam
1661 2886 1739 2922 sine
1770 2886 1866 2922 iusta
1895 2887 2021 2932 aliqua
2051 2897 2163 2922 causa
2187 2888 2378 2934 repudium
2402 2888 2456 2924 illi

230 2932 387 2984 miserit,
418 2930 544 2967 iisdem
566 2942 635 2978 per
657 2942 777 2967 omnia
800 2930 987 2967 subiaceat
1006 2932 1146 2983 poenis.

1207 2931 1258 2968 Et
1279 2931 1454 2977 siquidem
1475 2942 1545 2978 per
1568 2932 1729 2967 mulieris
1760 2931 1904 2979 culpam
1928 2932 2195 2967 matrimonium
2218 2933 2375 2968 solutum
2396 2933 2455 2975 sit,

230 2976 512 3024 quinquennium
539 2975 682 3012 mulieri
710 2975 981 3011 custodiendum
1012 2987 1229 3023 priusquam
1259 2976 1309 3012 ad
1337 2976 1516 3012 secundas
1549 2976 1670 3013 veniat
1691 2977 1839 3028 nuptias
1845 2989 1860 3018 ;
1893 2976 1950 3011 sin
1969 2988 2041 3023 per
2064 2976 2126 3012 cul
2138 2988 2209 3029 ‚am
2230 2978 2370 3030 mariti,
2401 2978 2456 3014 vel

230 3023 339 3059 etiam
359 3022 499 3059 sibona
513 3021 637 3067 qratia
663 3020 876 3056 dissolutum
899 3021 948 3056 sit
975 3025 986 3062 (
988 3022 1135 3068 pariter
1160 3021 1253 3057 enim
1277 3021 1328 3056 ad
1357 3020 1426 3057 boc
1453 3033 1598 3068 quoque
1622 3025 1812 3068 pertinet),
1845 3032 1979 3057 annum
2001 3026 2102 3057 custo
2130 3027 2182 3057 iat
2201 3022 2251 3058 ad
2273 3022 2455 3059 vitandam

229 3066 375 3104 seminis
397 3066 660 3112 confusionem,
683 3070 724 3101 ut
739 3077 811 3113 per
835 3065 956 3101 omnia
979 3066 1083 3101 nobis
1106 3066 1170 3103 lea·
1189 3065 1356 3102 absoluta
1375 3066 1432 3101 sit.

275 3209 294 3239 Ἰ
319 3202 487 3244 διάταξιν
507 3199 727 3250 ἐγράψαμεν]
748 3204 825 3237 Cod.
842 3206 872 3243 5,
888 3210 930 3245 17,
946 3210 970 3237 11
989 3202 1001 3247 ΙΙ
1025 3204 1063 3237 15
1083 3197 1124 3236 ἅς
1142 3213 1183 3235 τε
1201 3197 1307 3246 ἡμεῖς]

231 3246 326 3284 ὥστε
356 3245 452 3303 ἡμεῖς·
474 3249 521 3283 Μ
540 3248 554 3293 ΙΙ
587 3251 623 3282 17
651 3249 709 3291 loy.
736 3244 902 3300 παράσχῃ
930 3247 935 3292 Ι
974 3251 1012 3282 21
1049 3245 1199 3292 *λίτρας
1223 3247 1269 3301 M
1298 3248 1310 3291 ΙΙ

233 3298 269 3329 31
299 3294 337 3335 ἐξ
356 3290 527 3340 αντιστρό
556 3295 609 3335 ου]
633 3305 692 3336 pro
716 3296 870 3326 cautione
895 3306 914 3330 ς
969 3295 1011 3327 33
1036 3291 1308 3337 1ὀἷποχωρησιιιε

233 3341 287 3382 (cst
307 3342 350 3380 ς)]
370 3338 596 3383 ἆποχωρησει
621 3339 667 3372 Μ’
677 3338 690 3380 Ι
707 3340 748 3372 35
774 3333 921 3371 ὑποκείσ
956 3350 986 3371 ω
999 3338 1199 3379 Zachariae]
1223 3334 1308 3370 ὑπο-

233 3383 378 3416 κεῖσθαι
405 3385 448 3417 M
470 3384 482 3427 ss
510 3387 553 3418 39
581 3381 649 3430 γὰρ
676 3395 736 3416 om.
757 3394 777 3419 ς
805 3382 818 3425 ΙΙ
846 3396 889 3416 an
915 3384 974 3426 leq.
1009 3381 1089 3415 ἴσον
1117 3382 1185 3428 γὰρ
1217 3380 1310 3415 κατὰ

233 3428 364 3460 τοῦτο’.>

284 3520 296 3551 1
332 3518 380 3558 si]
404 3521 490 3550 rubr.
514 3520 561 3551 De
583 3518 710 3561 nuptiis
730 3517 802 3551 sine
834 3516 1002 3551 dotalibus
1026 3518 1257 3551 instrumentis
1277 3517 1311 3551 R

235 3575 295 3606 mq.
343 3563 362 3595 2
387 3562 507 3594 dixerit
522 3563 595 3606 R'll
615 3566 634 3597 6
659 3563 754 3596 nulla
774 3563 807 3596 R
824 3562 838 3605 Ι
853 3565 870 3596 Ἰ
899 3565 1088 3604 sequentem
1113 3564 1146 3596 R
1164 3563 1176 3602 ΙΙ
1193 3564 1213 3597 8
1237 3562 1310 3603 sub]

236 3608 271 3639 in
375 3608 396 3640 9
419 3608 605 3648 parentium
632 3607 722 3651 RTfl
740 3609 830 3648 suae]
854 3607 926 3640 siue
949 3607 997 3640 V¹
1018 3607 1030 3647 ΙΙ
1055 3610 1090 3641 11
1121 3607 1244 3641 talibus
1266 3607 1310 3648 V]

235 3650 339 3685 dotali
363 3661 402 3683 us
425 3651 554 3694 Rvulq.
570 3652 582 3692 ΙΙ
600 3654 680 3684 sunt
703 3653 788 3696 vulq.
808 3651 973 3695 “nuptiae
996 3652 1040 3692 R]
1066 3666 1124 3686 om.
1148 3652 1272 3696 Vvulq.
1297 3650 1310 3694 ss

243 3698 279 3730 12
304 3696 366 3728 hoo
390 3708 447 3728 om.
470 3695 515 3727 R·
545 3694 557 3738 fl
590 3697 628 3729 14
661 3699 739 3736 una]
764 3696 835 3729 ulla
858 3696 933 3740 vulq
974 3694 987 3740 'J
1020 3698 1056 3731 15
1085 3706 1309 3738 quascumque

1389 3203 1444 3247 Vss
1460 3213 1608 3245 quasque
1627 3202 1832 3236 Theodosius
1855 3215 1915 3237 om.
1942 3202 1990 3236 Β*
2008 3202 2020 3246 ΙΙ
2051 3205 2089 3236 16
2114 3205 2197 3243 eam]
2222 3204 2255 3235 et
2279 3212 2349 3235 eam
2374 3201 2421 3235 R¹

1383 3250 1420 3281 17
1431 3261 1479 3291 sq.
1505 3250 1543 3281 ut
1566 3250 1710 3290 praestet
1728 3246 1804 3291 1⁷¹ss
1823 3249 1865 3282 20
1890 3247 2307 3290 quadrigentasRVT(id.
2323 3247 2424 3289 infra)

1380 3294 1422 3326 22
1447 3296 1598 3335 quartam
1623 3292 1757 3334 quidem
1779 3292 1983 3326 substantiae
2006 3295 2132 3335 partem
2147 3292 2183 3325 R
2199 3290 2212 3336 fl
2227 3290 2269 3324 ud
2293 3291 2372 3342 hoo]-
2392 3291 2454 3323 hac

1379 3338 1464 3381 vuly.
1484 3337 1495 3380 ΙΙ
1520 3339 1561 3371 23
1587 3338 1699 3378 etiam]
1725 3339 1758 3370 et
1781 3337 1813 3370 R
1834 3336 1847 3378 ΙΙ
1877 3339 1919 3371 24
1945 3338 2102 3370 maiorem
2123 3355 2169 3362 —-
2191 3338 2233 3370 25
2258 3335 2454 3377 quantitatis

1379 3383 1484 3426 suppl.
1509 3382 1557 3414 1⁷²
1581 3384 1613 3416 in
1634 3390 1719 3425 spat.
1746 3394 1815 3416 vac.
1834 3381 1846 3425 ΙΙ
1863 3383 1904 3416 25
1931 3382 2031 3415 habet
2052 3381 2106 3425 VH
2124 3382 2166 3415 26
2190 3380 2264 3412 auri
2287 3391 2345 3413 om.
2368 3379 2418 3413 Β*
2441 3380 2453 3421 ΙΙ

1379 3427 1656 3470 dampniflcentur
1675 3427 1718 3460 ad
1741 3427 1796 3468 (ad
1820 3428 1881 3460 del.
1896 3427 1958 3467 12²)
1983 3426 2078 3460 libris
2093 3425 2128 3459 R
2145 3424 2214 3466 {2⁵1
2239 3424 2326 3456 hano
2349 3424 2452 3465 (hunc

1379 3470 1442 3512 13¹)
1466 3472 1657 3515 scripsimus
1680 3472 1786 3514 legem
1798 3471 1832 3505 R
1850 3471 1862 3515 11
1878 3473 1920 3506 28
1945 3469 2113 3505 seeundo?
2135 3468 2183 3502 V¹
2199 3467 2213 3512 fl
2230 3469 2274 3520 252
2293 3468 2451 3502 uide-an-

1378 3518 1435 3549 tur
1468 3517 1513 3549 V¹
1544 3518 1555 3560 ΙΙ
1584 3520 1626 3551 30
1661 3528 1722 3559 pro
1753 3517 1908 3550 cautione
1933 3516 2051 3556 RVT]
2086 3524 2103 3546 e
2132 3515 2298 3546 oontrano
2322 3515 2406 3556 only.

1379 3563 1421 3595 33
1446 3561 1547 3594 isdem
1572 3562 1619 3595 R·
1645 3562 1771 3595 hisdem
1795 3561 1949 3603 R²VTu
1974 3560 2090 3593 inom-
2116 3556 2177 3601 Ru
2202 3557 2350 3591 subiacet
2382 3559 2412 3590 V

1378 3607 1420 3640 34
1446 3609 1479 3639 et
1501 3607 1541 3647 si]
1566 3607 1594 3639 si
1619 3610 1652 3640 et
1676 3606 1751 3647 3¹11
1771 3608 1812 3640 36
1836 3606 1888 3639 sin
1911 3605 1957 3651 13]
1980 3604 2011 3638 si
2039 3601 2202 3653 ‘'may-J!
2218 3612 2277 3644 per
2301 3616 2357 3636 om.
2386 3603 2419 3636 R
2441 3608 2454 3693 a

1377 3650 1506 3693 culpam
1532 3651 1582 3684 ΕΙ
1606 3651 1706 3694 culpa
1730 3650 1779 3683 Β*
1802 3660 1932 3683 oausam
1963 3645 2053 3690 VT!
2079 3647 2120 3680 37
2146 3648 2258 3687 etium]
2284 3657 2349 3680 non
2375 3648 2407 3680 R

1377 3695 1551 3728 distraitur
1576 3696 1609 3728 R
1634 3696 1646 3739 Ι
1671 3697 1713 3729 39
1742 3694 1886 3736 perfecta
1908 3692 1962 3727 lox
1989 3692 2019 3725 R
