<?xml version="1.0" encoding="UTF-8"?>
<!DOCTYPE html PUBLIC "-//W3C//DTD XHTML 1.0 Transitional//EN"
    "http://www.w3.org/TR/xhtml1/DTD/xhtml1-transitional.dtd">
<html xmlns="http://www.w3.org/1999/xhtml" xml:lang="en" lang="en">
 <head>
  <title>
</title>
<meta http-equiv="Content-Type" content="text/html;charset=utf-8" />
  <meta name='ocr-system' content='tesseract 3.04.00' />
  <meta name='ocr-capabilities' content='ocr_page ocr_carea ocr_par ocr_line ocrx_word'/>
</head>
<body>
  <div class='ocr_page' id='page_1' title='image "./corpusiuriscivil03krueuoft_0498.png"; bbox 0 0 2618 4010; ppageno 0'>
   <div class='ocr_carea' id='block_1_1' title="bbox 250 147 566 192">
    <p class='ocr_par' dir='ltr' id='par_1_1' title="bbox 250 147 566 192">
     <span class='ocr_line' id='line_1_1' title="bbox 250 147 566 192; baseline -0.009 0"><span class='ocrx_word' id='word_1_1' title='bbox 250 147 357 192; x_wconf 86' lang='lat' dir='ltr'><strong>Nov.</strong></span> <span class='ocrx_word' id='word_1_2' title='bbox 375 147 511 191; x_wconf 85' lang='lat' dir='ltr'>XCVI</span> <span class='ocrx_word' id='word_1_3' title='bbox 539 149 566 189; x_wconf 88' lang='lat'>2</span> 
     </span>
    </p>
   </div>
   <div class='ocr_carea' id='block_1_2' title="bbox 245 254 1326 663">
    <p class='ocr_par' dir='ltr' id='par_1_2' title="bbox 245 254 1326 663">
     <span class='ocr_line' id='line_1_2' title="bbox 249 254 1325 303; baseline 0.003 -12"><span class='ocrx_word' id='word_1_4' title='bbox 249 256 443 299; x_wconf 77' lang='grc' dir='ltr'><em>ἐποιήσατο</em></span> <span class='ocrx_word' id='word_1_5' title='bbox 467 256 534 291; x_wconf 85' lang='grc' dir='ltr'><strong>τὸν</strong></span> <span class='ocrx_word' id='word_1_6' title='bbox 557 254 771 292; x_wconf 77' lang='grc' dir='ltr'><em>ὑπεύθυνον</em></span> <span class='ocrx_word' id='word_1_7' title='bbox 799 257 868 292; x_wconf 83' lang='grc' dir='ltr'><strong>τὸν</strong></span> <span class='ocrx_word' id='word_1_8' title='bbox 891 256 1003 293; x_wconf 74' lang='grc' dir='ltr'><em>αὑτοῦ</em></span> <span class='ocrx_word' id='word_1_9' title='bbox 1027 255 1127 303; x_wconf 82' lang='grc' dir='ltr'><em>παρά</em></span> <span class='ocrx_word' id='word_1_10' title='bbox 1150 272 1225 294; x_wconf 87' lang='grc' dir='ltr'><em>τινι</em></span> <span class='ocrx_word' id='word_1_11' title='bbox 1246 260 1325 294; x_wconf 82' lang='grc' dir='ltr'><strong>τῶν</strong></span> 
     </span>
     <span class='ocr_line' id='line_1_3' title="bbox 249 298 1325 358; baseline 0.005 -24"><span class='ocrx_word' id='word_1_12' title='bbox 249 300 497 341; x_wconf 75' lang='grc' dir='ltr'><em>ἐνδοξοτάτων</em></span> <span class='ocrx_word' id='word_1_13' title='bbox 543 298 637 345; x_wconf 60' lang='grc' dir='ltr'><em>’μῶν</em></span> <span class='ocrx_word' id='word_1_14' title='bbox 668 298 869 358; x_wconf 42' lang='grc' dir='ltr'><em>ἀρξόντων,</em></span> <span class='ocrx_word' id='word_1_15' title='bbox 904 303 981 338; x_wconf 78' lang='grc' dir='ltr'><em>εἶτα</em></span> <span class='ocrx_word' id='word_1_16' title='bbox 1011 301 1031 337; x_wconf 81' lang='grc' dir='ltr'><em>ὁ</em></span> <span class='ocrx_word' id='word_1_17' title='bbox 1064 301 1254 350; x_wconf 77' lang='grc' dir='ltr'><em>γενόμενος</em></span> <span class='ocrx_word' id='word_1_18' title='bbox 1283 306 1325 339; x_wconf 80' lang='grc' dir='ltr'><strong>ἐν</strong></span> 
     </span>
     <span class='ocr_line' id='line_1_4' title="bbox 248 315 1326 394; baseline 0.005 -16"><span class='ocrx_word' id='word_1_19' title='bbox 248 343 422 379; x_wconf 76' lang='grc' dir='ltr'><em>εὐθύναις</em></span> <span class='ocrx_word' id='word_1_20' title='bbox 455 344 503 380; x_wconf 68' lang='grc' dir='ltr'><em>οἷς</em></span> <span class='ocrx_word' id='word_1_21' title='bbox 531 315 578 389; x_wconf 61' lang='grc' dir='ltr'><strong>δὴ</strong></span> <span class='ocrx_word' id='word_1_22' title='bbox 606 350 666 380; x_wconf 80' lang='grc' dir='ltr'><strong>καὶ</strong></span> <span class='ocrx_word' id='word_1_23' title='bbox 690 346 799 382; x_wconf 87' lang='grc' dir='ltr'><em>αυτὸς</em></span> <span class='ocrx_word' id='word_1_24' title='bbox 825 348 894 382; x_wconf 86' lang='grc' dir='ltr'><strong>τὸν</strong></span> <span class='ocrx_word' id='word_1_25' title='bbox 917 347 1094 394; x_wconf 80' lang='grc' dir='ltr'><em>ένάγοντα</em></span> <span class='ocrx_word' id='word_1_26' title='bbox 1117 346 1326 384; x_wconf 80' lang='grc' dir='ltr'><em>ὑπεύθυνον</em></span> 
     </span>
     <span class='ocr_line' id='line_1_5' title="bbox 249 387 1326 440; baseline 0.004 -16"><span class='ocrx_word' id='word_1_27' title='bbox 249 392 342 432; x_wconf 79' lang='grc' dir='ltr'><em>ἔχων</em></span> <span class='ocrx_word' id='word_1_28' title='bbox 377 387 466 435; x_wconf 80' lang='grc' dir='ltr'><em>παρ’</em></span> <span class='ocrx_word' id='word_1_29' title='bbox 505 391 615 436; x_wconf 81' lang='grc' dir='ltr'><em>ἑτέρῳ</em></span> <span class='ocrx_word' id='word_1_30' title='bbox 649 392 781 426; x_wconf 83' lang='grc' dir='ltr'><em>τοῦτον</em></span> <span class='ocrx_word' id='word_1_31' title='bbox 816 391 950 426; x_wconf 81' lang='grc' dir='ltr'><em>εἵλκυσε</em></span> <span class='ocrx_word' id='word_1_32' title='bbox 983 391 1144 440; x_wconf 84' lang='grc' dir='ltr'><em>δικαστῇ.</em></span> <span class='ocrx_word' id='word_1_33' title='bbox 1195 397 1257 427; x_wconf 88' lang='grc' dir='ltr'><strong>καί</strong></span> <span class='ocrx_word' id='word_1_34' title='bbox 1290 407 1326 428; x_wconf 88' lang='grc' dir='ltr'><strong>τι</strong></span> 
     </span>
     <span class='ocr_line' id='line_1_6' title="bbox 248 433 1323 484; baseline 0.003 -14"><span class='ocrx_word' id='word_1_35' title='bbox 248 433 456 478; x_wconf 81' lang='grc' dir='ltr'><em>παράδοξον</em></span> <span class='ocrx_word' id='word_1_36' title='bbox 480 437 633 482; x_wconf 79' lang='grc' dir='ltr'><em>ἐγίνετο·</em></span> <span class='ocrx_word' id='word_1_37' title='bbox 659 434 783 480; x_wconf 78' lang='grc' dir='ltr'><em>ἐπειδὴ</em></span> <span class='ocrx_word' id='word_1_38' title='bbox 805 437 876 484; x_wconf 75' lang='grc' dir='ltr'><em>γὰρ</em></span> <span class='ocrx_word' id='word_1_39' title='bbox 890 436 1055 484; x_wconf 79' lang='grc' dir='ltr'><em>ἑκάτερος</em></span> <span class='ocrx_word' id='word_1_40' title='bbox 1077 435 1153 481; x_wconf 72' lang='grc' dir='ltr'><em>ἰδίᾳ</em></span> <span class='ocrx_word' id='word_1_41' title='bbox 1175 439 1243 482; x_wconf 88' lang='grc' dir='ltr'><strong>τὴν</strong></span> <span class='ocrx_word' id='word_1_42' title='bbox 1258 439 1323 473; x_wconf 81' lang='grc' dir='ltr'><strong>τοῦ</strong></span> 
     </span>
     <span class='ocr_line' id='line_1_7' title="bbox 247 479 1324 524; baseline 0.004 -11"><span class='ocrx_word' id='word_1_43' title='bbox 247 479 435 524; x_wconf 78' lang='grc' dir='ltr'><em>ἐνάγοντος</em></span> <span class='ocrx_word' id='word_1_44' title='bbox 459 481 575 523; x_wconf 80' lang='grc' dir='ltr'><em>ἐπεῖχε</em></span> <span class='ocrx_word' id='word_1_45' title='bbox 597 479 715 522; x_wconf 82' lang='grc' dir='ltr'><em>τάξιν,</em></span> <span class='ocrx_word' id='word_1_46' title='bbox 749 479 906 516; x_wconf 81' lang='grc' dir='ltr'><em>ἐλεεινόν</em></span> <span class='ocrx_word' id='word_1_47' title='bbox 928 496 965 517; x_wconf 87' lang='grc' dir='ltr'><strong>τι</strong></span> <span class='ocrx_word' id='word_1_48' title='bbox 988 485 1048 516; x_wconf 85' lang='grc' dir='ltr'><strong>καὶ</strong></span> <span class='ocrx_word' id='word_1_49' title='bbox 1094 481 1209 517; x_wconf 83' lang='grc' dir='ltr'><em>ελοῖον</em></span> <span class='ocrx_word' id='word_1_50' title='bbox 1232 483 1324 517; x_wconf 82' lang='grc' dir='ltr'><em>κατὰ</em></span> 
     </span>
     <span class='ocr_line' id='line_1_8' title="bbox 245 496 1325 572; baseline 0.004 -15"><span class='ocrx_word' id='word_1_51' title='bbox 245 521 384 558; x_wconf 78' lang='grc' dir='ltr'><em>ταύτὸν</em></span> <span class='ocrx_word' id='word_1_52' title='bbox 407 528 628 570; x_wconf 76' lang='grc' dir='ltr'><em>συνέβαινεν.</em></span> <span class='ocrx_word' id='word_1_53' title='bbox 676 522 752 570; x_wconf 78' lang='grc' dir='ltr'><em>ἅμα</em></span> <span class='ocrx_word' id='word_1_54' title='bbox 782 527 851 572; x_wconf 83' lang='grc' dir='ltr'><em>γὰρ</em></span> <span class='ocrx_word' id='word_1_55' title='bbox 883 528 913 561; x_wconf 75' lang='grc' dir='ltr'><em>εἰ</em></span> <span class='ocrx_word' id='word_1_56' title='bbox 944 496 1139 571; x_wconf 57' lang='grc' dir='ltr'><em>βουληῖζειή</em></span> <span class='ocrx_word' id='word_1_57' title='bbox 1174 539 1226 561; x_wconf 88' lang='grc' dir='ltr'><strong>τις</strong></span> <span class='ocrx_word' id='word_1_58' title='bbox 1256 528 1325 571; x_wconf 81' lang='grc' dir='ltr'><strong>τὴν</strong></span> 
     </span>
     <span class='ocr_line' id='line_1_9' title="bbox 246 568 1323 618; baseline 0.004 -16"><span class='ocrx_word' id='word_1_59' title='bbox 246 569 382 603; x_wconf 79' lang='grc' dir='ltr'><em>οἰκείαν</em></span> <span class='ocrx_word' id='word_1_60' title='bbox 405 570 550 613; x_wconf 83' lang='grc' dir='ltr'><em>κινῆσαι</em></span> <span class='ocrx_word' id='word_1_61' title='bbox 574 568 689 614; x_wconf 88' lang='grc' dir='ltr'><em>δίκην,</em></span> <span class='ocrx_word' id='word_1_62' title='bbox 714 568 822 605; x_wconf 72' lang='grc' dir='ltr'><em>εὐθὺς</em></span> <span class='ocrx_word' id='word_1_63' title='bbox 845 569 864 605; x_wconf 83' lang='grc' dir='ltr'>ὁ</span> <span class='ocrx_word' id='word_1_64' title='bbox 883 569 1204 617; x_wconf 81' lang='grc' dir='ltr'><em>ἀνταιτιασάμενος</em></span> <span class='ocrx_word' id='word_1_65' title='bbox 1224 573 1323 618; x_wconf 83' lang='grc' dir='ltr'><em>παρὰ</em></span> 
     </span>
     <span class='ocr_line' id='line_1_10' title="bbox 246 613 1324 663; baseline 0.004 -16"><span class='ocrx_word' id='word_1_66' title='bbox 246 614 394 660; x_wconf 80' lang='grc' dir='ltr'><em>θατέρῳ</em></span> <span class='ocrx_word' id='word_1_67' title='bbox 426 616 504 648; x_wconf 83' lang='grc' dir='ltr'><strong>τῶν</strong></span> <span class='ocrx_word' id='word_1_68' title='bbox 528 613 711 649; x_wconf 80' lang='grc' dir='ltr'><em>δικαστῶν</em></span> <span class='ocrx_word' id='word_1_69' title='bbox 741 615 855 650; x_wconf 84' lang='grc' dir='ltr'><em>εἷλκεν</em></span> <span class='ocrx_word' id='word_1_70' title='bbox 887 613 1002 651; x_wconf 77' lang='grc' dir='ltr'><em>αὐτὸν</em></span> <span class='ocrx_word' id='word_1_71' title='bbox 1030 614 1121 663; x_wconf 77' lang='grc' dir='ltr'><em>παρ’</em></span> <span class='ocrx_word' id='word_1_72' title='bbox 1147 614 1193 651; x_wconf 72' lang='grc' dir='ltr'><strong>ὃν</strong></span> <span class='ocrx_word' id='word_1_73' title='bbox 1217 614 1324 651; x_wconf 76' lang='grc' dir='ltr'><em>αὐτὸς</em></span> 
     </span>
    </p>
   </div>
   <div class='ocr_carea' id='block_1_3' title="bbox 1318 145 1403 194">
    <p class='ocr_par' dir='ltr' id='par_1_3' title="bbox 1318 145 1403 194">
     <span class='ocr_line' id='line_1_11' title="bbox 1318 145 1403 194; baseline 0 0"><span class='ocrx_word' id='word_1_74' title='bbox 1318 145 1403 194; x_wconf 78' lang='grc'><strong>468</strong></span> 
     </span>
    </p>
   </div>
   <div class='ocr_carea' id='block_1_4' title="bbox 2406 0 2485 19">
    <p class='ocr_par' dir='ltr' id='par_1_4' title="bbox 2369 0 2485 19">
     <span class='ocr_line' id='line_1_12' title="bbox 2406 0 2485 19; baseline 0.009 -8.681"><span class='ocrx_word' id='word_1_75' title='bbox 2406 0 2485 19; x_wconf 51' lang='grc' dir='ltr'><em>’ν’ψιζν</em></span> 
     </span>
    </p>
   </div>
   <div class='ocr_carea' id='block_1_5' title="bbox 2037 163 2464 198">
    <p class='ocr_par' dir='ltr' id='par_1_5' title="bbox 2037 163 2464 198">
     <span class='ocr_line' id='line_1_13' title="bbox 2037 163 2464 198; baseline 0.002 -1"><span class='ocrx_word' id='word_1_76' title='bbox 2037 166 2098 197; x_wconf 80' lang='lat' dir='ltr'><strong>DE</strong></span> <span class='ocrx_word' id='word_1_77' title='bbox 2126 163 2464 198; x_wconf 64' lang='lat' dir='ltr'><strong>Exacu&#39;romnns</strong></span> 
     </span>
    </p>
   </div>
   <div class='ocr_carea' id='block_1_6' title="bbox 1391 245 2516 310">
    <p class='ocr_par' dir='ltr' id='par_1_6' title="bbox 1391 245 2516 310">
     <span class='ocr_line' id='line_1_14' title="bbox 1391 245 2516 310; baseline 0.006 -16"><span class='ocrx_word' id='word_1_78' title='bbox 1391 259 1524 295; x_wconf 84' lang='lat' dir='ltr'><strong>tionem</strong></span> <span class='ocrx_word' id='word_1_79' title='bbox 1546 259 1634 295; x_wconf 78' lang='lat' dir='ltr'><strong>feeit</strong></span> <span class='ocrx_word' id='word_1_80' title='bbox 1654 260 1847 306; x_wconf 74' lang='lat' dir='ltr'><strong>obligatum</strong></span> <span class='ocrx_word' id='word_1_81' title='bbox 1873 262 1942 299; x_wconf 66' lang='lat' dir='ltr'><strong>eibi</strong></span> <span class='ocrx_word' id='word_1_82' title='bbox 1963 264 2060 310; x_wconf 76' lang='lat' dir='ltr'><strong>apud</strong></span> <span class='ocrx_word' id='word_1_83' title='bbox 2083 263 2257 310; x_wconf 72' lang='lat' dir='ltr'><strong>quendam</strong></span> <span class='ocrx_word' id='word_1_84' title='bbox 2279 264 2461 308; x_wconf 74' lang='lat' dir='ltr'><strong>gloriosis-</strong></span> <span class='ocrx_word' id='word_1_85' title='bbox 2514 245 2516 247; x_wconf 71' lang='grc'><strong>’</strong></span> 
     </span>
    </p>
   </div>
   <div class='ocr_carea' id='block_1_7' title="bbox 1392 304 2463 444">
    <p class='ocr_par' dir='ltr' id='par_1_7' title="bbox 1392 304 2463 444">
     <span class='ocr_line' id='line_1_15' title="bbox 1392 304 2463 355; baseline 0.006 -16"><span class='ocrx_word' id='word_1_86' title='bbox 1392 304 1561 340; x_wconf 91' lang='lat' dir='ltr'><strong>simorum</strong></span> <span class='ocrx_word' id='word_1_87' title='bbox 1590 309 1794 341; x_wconf 85' lang='lat' dir='ltr'><strong>nostrorum</strong></span> <span class='ocrx_word' id='word_1_88' title='bbox 1822 307 1994 352; x_wconf 86' lang='lat' dir='ltr'><strong>iudicum,</strong></span> <span class='ocrx_word' id='word_1_89' title='bbox 2028 309 2154 345; x_wconf 87' lang='lat' dir='ltr'><strong>deinde</strong></span> <span class='ocrx_word' id='word_1_90' title='bbox 2185 310 2244 355; x_wconf 87' lang='lat' dir='ltr'><strong>qui</strong></span> <span class='ocrx_word' id='word_1_91' title='bbox 2267 309 2384 345; x_wconf 83' lang='lat' dir='ltr'><strong>factus</strong></span> <span class='ocrx_word' id='word_1_92' title='bbox 2407 312 2463 345; x_wconf 87' lang='lat' dir='ltr'><strong>est</strong></span> 
     </span>
     <span class='ocr_line' id='line_1_16' title="bbox 1393 349 2461 398; baseline 0.007 -15"><span class='ocrx_word' id='word_1_93' title='bbox 1393 349 1429 384; x_wconf 90' lang='lat' dir='ltr'><strong>in</strong></span> <span class='ocrx_word' id='word_1_94' title='bbox 1453 349 1685 385; x_wconf 86' lang='lat' dir='ltr'><strong>conventione</strong></span> <span class='ocrx_word' id='word_1_95' title='bbox 1713 353 1893 396; x_wconf 83' lang='lat' dir='ltr'><strong>tamquam</strong></span> <span class='ocrx_word' id='word_1_96' title='bbox 1918 356 1956 388; x_wconf 83' lang='lat' dir='ltr'><strong>et</strong></span> <span class='ocrx_word' id='word_1_97' title='bbox 1981 354 1993 388; x_wconf 93' lang='lat' dir='ltr'><strong>i</strong></span> <span class='ocrx_word' id='word_1_98' title='bbox 2019 364 2058 390; x_wconf 86' lang='lat' dir='ltr'><strong>se</strong></span> <span class='ocrx_word' id='word_1_99' title='bbox 2087 359 2244 390; x_wconf 88' lang='lat' dir='ltr'><strong>actorem</strong></span> <span class='ocrx_word' id='word_1_100' title='bbox 2269 354 2461 398; x_wconf 85' lang='lat' dir='ltr'><strong>obligatum</strong></span> 
     </span>
     <span class='ocr_line' id='line_1_17' title="bbox 1393 393 2462 444; baseline 0.007 -16"><span class='ocrx_word' id='word_1_101' title='bbox 1393 394 1530 430; x_wconf 85' lang='lat' dir='ltr'><strong>habens</strong></span> <span class='ocrx_word' id='word_1_102' title='bbox 1561 393 1657 438; x_wconf 88' lang='lat' dir='ltr'><strong>apud</strong></span> <span class='ocrx_word' id='word_1_103' title='bbox 1679 393 1787 430; x_wconf 88' lang='lat' dir='ltr'><strong>alium</strong></span> <span class='ocrx_word' id='word_1_104' title='bbox 1814 404 1894 431; x_wconf 86' lang='lat' dir='ltr'><strong>eum</strong></span> <span class='ocrx_word' id='word_1_105' title='bbox 1916 398 2027 433; x_wconf 78' lang='lat' dir='ltr'><strong>traxit</strong></span> <span class='ocrx_word' id='word_1_106' title='bbox 2047 399 2210 435; x_wconf 82' lang='lat' dir='ltr'><strong>iudicem.</strong></span> <span class='ocrx_word' id='word_1_107' title='bbox 2258 399 2307 434; x_wconf 88' lang='lat' dir='ltr'><strong>Et</strong></span> <span class='ocrx_word' id='word_1_108' title='bbox 2328 399 2462 444; x_wconf 86' lang='lat' dir='ltr'><strong>aliquid</strong></span> 
     </span>
    </p>
   </div>
   <div class='ocr_carea' id='block_1_8' title="bbox 1360 438 2460 490">
    <p class='ocr_par' dir='ltr' id='par_1_8' title="bbox 1360 438 2460 490">
     <span class='ocr_line' id='line_1_18' title="bbox 1360 438 2460 490; baseline 0.005 -16"><span class='ocrx_word' id='word_1_109' title='bbox 1360 443 1379 475; x_wconf 92' lang='lat'>5</span> <span class='ocrx_word' id='word_1_110' title='bbox 1392 438 1611 484; x_wconf 78' lang='lat' dir='ltr'><strong>inopinabile</strong></span> <span class='ocrx_word' id='word_1_111' title='bbox 1633 438 1764 475; x_wconf 86' lang='lat' dir='ltr'><strong>fiebat:</strong></span> <span class='ocrx_word' id='word_1_112' title='bbox 1789 440 1873 485; x_wconf 85' lang='lat' dir='ltr'><strong>quia</strong></span> <span class='ocrx_word' id='word_1_113' title='bbox 1894 442 1985 477; x_wconf 86' lang='lat' dir='ltr'><strong>enim</strong></span> <span class='ocrx_word' id='word_1_114' title='bbox 2008 446 2157 490; x_wconf 82' lang='lat' dir='ltr'><strong>uterque</strong></span> <span class='ocrx_word' id='word_1_115' title='bbox 2178 455 2337 480; x_wconf 85' lang='lat' dir='ltr'><strong>seorsum</strong></span> <span class='ocrx_word' id='word_1_116' title='bbox 2360 447 2460 480; x_wconf 85' lang='lat' dir='ltr'><strong>acto-</strong></span> 
     </span>
    </p>
   </div>
   <div class='ocr_carea' id='block_1_9' title="bbox 1392 483 2460 670">
    <p class='ocr_par' dir='ltr' id='par_1_9' title="bbox 1392 483 2460 670">
     <span class='ocr_line' id='line_1_19' title="bbox 1394 483 2460 534; baseline 0.007 -16"><span class='ocrx_word' id='word_1_117' title='bbox 1394 483 1442 518; x_wconf 92' lang='lat' dir='ltr'><strong>ris</strong></span> <span class='ocrx_word' id='word_1_118' title='bbox 1467 483 1604 519; x_wconf 91' lang='lat' dir='ltr'><strong>obtinet</strong></span> <span class='ocrx_word' id='word_1_119' title='bbox 1627 483 1800 526; x_wconf 83' lang='lat' dir='ltr'><strong>officium,</strong></span> <span class='ocrx_word' id='word_1_120' title='bbox 1823 485 2059 522; x_wconf 75' lang='lat' dir='ltr'><strong>miserandum</strong></span> <span class='ocrx_word' id='word_1_121' title='bbox 2082 489 2245 534; x_wconf 78' lang='lat' dir='ltr'><strong>quiddam</strong></span> <span class='ocrx_word' id='word_1_122' title='bbox 2269 491 2304 524; x_wconf 85' lang='lat' dir='ltr'><strong>et</strong></span> <span class='ocrx_word' id='word_1_123' title='bbox 2326 489 2460 525; x_wconf 81' lang='lat' dir='ltr'><strong>risibile</strong></span> 
     </span>
     <span class='ocr_line' id='line_1_20' title="bbox 1392 528 2459 579; baseline 0.007 -17"><span class='ocrx_word' id='word_1_124' title='bbox 1392 528 1430 563; x_wconf 90' lang='lat' dir='ltr'><strong>in</strong></span> <span class='ocrx_word' id='word_1_125' title='bbox 1454 528 1546 563; x_wconf 90' lang='lat' dir='ltr'><strong>idem</strong></span> <span class='ocrx_word' id='word_1_126' title='bbox 1570 529 1749 564; x_wconf 81' lang='lat' dir='ltr'><strong>veniebat:</strong></span> <span class='ocrx_word' id='word_1_127' title='bbox 1789 539 1871 565; x_wconf 85' lang='lat' dir='ltr'><strong>mox</strong></span> <span class='ocrx_word' id='word_1_128' title='bbox 1901 531 1993 566; x_wconf 86' lang='lat' dir='ltr'><strong>enim</strong></span> <span class='ocrx_word' id='word_1_129' title='bbox 2024 543 2104 568; x_wconf 87' lang='lat' dir='ltr'><strong>cum</strong></span> <span class='ocrx_word' id='word_1_130' title='bbox 2133 535 2301 570; x_wconf 84' lang='lat' dir='ltr'><strong>voluisset</strong></span> <span class='ocrx_word' id='word_1_131' title='bbox 2332 534 2459 579; x_wconf 84' lang='lat' dir='ltr'><strong>aliquis</strong></span> 
     </span>
     <span class='ocr_line' id='line_1_21' title="bbox 1392 574 2458 624; baseline 0.008 -17"><span class='ocrx_word' id='word_1_132' title='bbox 1392 574 1573 618; x_wconf 83' lang='lat' dir='ltr'><strong>propriam</strong></span> <span class='ocrx_word' id='word_1_133' title='bbox 1607 583 1747 609; x_wconf 89' lang='lat' dir='ltr'><strong>movere</strong></span> <span class='ocrx_word' id='word_1_134' title='bbox 1780 574 1891 617; x_wconf 85' lang='lat' dir='ltr'><strong>litem,</strong></span> <span class='ocrx_word' id='word_1_135' title='bbox 1930 581 2076 621; x_wconf 86' lang='lat' dir='ltr'><strong>repente</strong></span> <span class='ocrx_word' id='word_1_136' title='bbox 2109 578 2139 613; x_wconf 92' lang='lat' dir='ltr'><strong>is</strong></span> <span class='ocrx_word' id='word_1_137' title='bbox 2173 579 2233 624; x_wconf 90' lang='lat' dir='ltr'><strong>qui</strong></span> <span class='ocrx_word' id='word_1_138' title='bbox 2266 589 2286 614; x_wconf 90' lang='lat' dir='ltr'><strong>e</strong></span> <span class='ocrx_word' id='word_1_139' title='bbox 2322 579 2458 615; x_wconf 87' lang='lat' dir='ltr'><strong>diverso</strong></span> 
     </span>
     <span class='ocr_line' id='line_1_22' title="bbox 1394 618 2459 670; baseline 0.008 -18"><span class='ocrx_word' id='word_1_140' title='bbox 1394 622 1605 654; x_wconf 85' lang='lat' dir='ltr'><strong>convenerat</strong></span> <span class='ocrx_word' id='word_1_141' title='bbox 1629 618 1723 664; x_wconf 86' lang='lat' dir='ltr'><strong>apud</strong></span> <span class='ocrx_word' id='word_1_142' title='bbox 1748 619 1856 654; x_wconf 83' lang='lat' dir='ltr'><strong>alium</strong></span> <span class='ocrx_word' id='word_1_143' title='bbox 1879 619 2046 663; x_wconf 82' lang='lat' dir='ltr'><strong>iudicum,</strong></span> <span class='ocrx_word' id='word_1_144' title='bbox 2071 622 2237 658; x_wconf 88' lang='lat' dir='ltr'><strong>trahebat</strong></span> <span class='ocrx_word' id='word_1_145' title='bbox 2259 634 2338 659; x_wconf 91' lang='lat' dir='ltr'><strong>eum</strong></span> <span class='ocrx_word' id='word_1_146' title='bbox 2361 624 2459 670; x_wconf 84' lang='lat' dir='ltr'><strong>apud</strong></span> 
     </span>
    </p>
   </div>
   <div class='ocr_carea' id='block_1_10' title="bbox 246 657 2458 715">
    <p class='ocr_par' dir='ltr' id='par_1_10' title="bbox 246 657 2458 715">
     <span class='ocr_line' id='line_1_23' title="bbox 246 657 2458 715; baseline 0.006 -23"><span class='ocrx_word' id='word_1_147' title='bbox 246 658 474 704; x_wconf 76' lang='grc' dir='ltr'><em>ἐκληρώσατο</em></span> <span class='ocrx_word' id='word_1_148' title='bbox 498 657 682 703; x_wconf 78' lang='grc' dir='ltr'><em>δικαστήν,</em></span> <span class='ocrx_word' id='word_1_149' title='bbox 715 658 880 704; x_wconf 74' lang='grc' dir='ltr'><strong>ἀλλήλους</strong></span> <span class='ocrx_word' id='word_1_150' title='bbox 900 675 941 696; x_wconf 78' lang='grc' dir='ltr'><strong>τε</strong></span> <span class='ocrx_word' id='word_1_151' title='bbox 964 662 1206 706; x_wconf 62' lang='grc' dir='ltr'><em>περιέλκοντα</em></span> <span class='ocrx_word' id='word_1_152' title='bbox 1226 659 1323 697; x_wconf 78' lang='grc' dir='ltr'><strong>ἀθά-</strong></span> <span class='ocrx_word' id='word_1_153' title='bbox 1340 666 1380 698; x_wconf 88' lang='grc'><strong>10</strong></span> <span class='ocrx_word' id='word_1_154' title='bbox 1393 673 1496 708; x_wconf 89' lang='lat' dir='ltr'><strong>quem</strong></span> <span class='ocrx_word' id='word_1_155' title='bbox 1510 663 1589 708; x_wconf 85' lang='lat' dir='ltr'><strong>ipse</strong></span> <span class='ocrx_word' id='word_1_156' title='bbox 1601 663 1747 698; x_wconf 90' lang='lat' dir='ltr'><strong>sortitus</strong></span> <span class='ocrx_word' id='word_1_157' title='bbox 1763 663 1882 699; x_wconf 81' lang='lat' dir='ltr'><strong>fuerat</strong></span> <span class='ocrx_word' id='word_1_158' title='bbox 1897 665 2057 710; x_wconf 86' lang='lat' dir='ltr'><strong>iudicem,</strong></span> <span class='ocrx_word' id='word_1_159' title='bbox 2073 670 2110 701; x_wconf 89' lang='lat' dir='ltr'><strong>et</strong></span> <span class='ocrx_word' id='word_1_160' title='bbox 2120 668 2308 704; x_wconf 84' lang='lat' dir='ltr'><strong>alterutros</strong></span> <span class='ocrx_word' id='word_1_161' title='bbox 2321 676 2458 715; x_wconf 86' lang='lat' dir='ltr'><strong>protra-</strong></span> 
     </span>
    </p>
   </div>
   <div class='ocr_carea' id='block_1_11' title="bbox 244 702 1323 896">
    <p class='ocr_par' dir='ltr' id='par_1_11' title="bbox 244 702 1323 896">
     <span class='ocr_line' id='line_1_24' title="bbox 245 702 1323 752; baseline 0.003 -13"><span class='ocrx_word' id='word_1_162' title='bbox 245 706 267 739; x_wconf 94' lang='grc'>1</span> <span class='ocrx_word' id='word_1_163' title='bbox 313 717 408 738; x_wconf 87' lang='grc' dir='ltr'><em>νατα</em></span> <span class='ocrx_word' id='word_1_164' title='bbox 432 702 490 738; x_wconf 83' lang='grc' dir='ltr'><strong>διέ</strong></span> <span class='ocrx_word' id='word_1_165' title='bbox 513 718 597 740; x_wconf 86' lang='grc' dir='ltr'><em>ενον</em></span> <span class='ocrx_word' id='word_1_166' title='bbox 621 703 860 750; x_wconf 83' lang='grc' dir='ltr'><em>δικαζόμενοι.</em></span> <span class='ocrx_word' id='word_1_167' title='bbox 941 708 1165 752; x_wconf 82' lang='grc' dir='ltr'><em>Θεσπίζομεν</em></span> <span class='ocrx_word' id='word_1_168' title='bbox 1187 711 1323 750; x_wconf 85' lang='grc' dir='ltr'><em>τοίνυν,</em></span> 
     </span>
     <span class='ocr_line' id='line_1_25' title="bbox 245 745 1323 796; baseline 0.003 -14"><span class='ocrx_word' id='word_1_169' title='bbox 245 749 281 782; x_wconf 78' lang='grc' dir='ltr'><strong>εἴ</strong></span> <span class='ocrx_word' id='word_1_170' title='bbox 299 760 352 782; x_wconf 90' lang='grc' dir='ltr'><strong>τις</strong></span> <span class='ocrx_word' id='word_1_171' title='bbox 375 745 466 784; x_wconf 81' lang='grc' dir='ltr'><em>ὖπεύ</em></span> <span class='ocrx_word' id='word_1_172' title='bbox 521 763 586 784; x_wconf 89' lang='grc' dir='ltr'><strong>νον</strong></span> <span class='ocrx_word' id='word_1_173' title='bbox 609 751 721 785; x_wconf 83' lang='grc' dir='ltr'><em>οἴεται</em></span> <span class='ocrx_word' id='word_1_174' title='bbox 745 754 839 794; x_wconf 80' lang='grc' dir='ltr'><em>ἔχειν</em></span> <span class='ocrx_word' id='word_1_175' title='bbox 858 752 926 786; x_wconf 90' lang='grc' dir='ltr'><strong>τὸν</strong></span> <span class='ocrx_word' id='word_1_176' title='bbox 946 748 1030 786; x_wconf 72' lang='grc' dir='ltr'><em>κατ’</em></span> <span class='ocrx_word' id='word_1_177' title='bbox 1050 750 1160 786; x_wconf 80' lang='grc' dir='ltr'><em>αὐτοῦ</em></span> <span class='ocrx_word' id='word_1_178' title='bbox 1181 752 1250 796; x_wconf 86' lang='grc' dir='ltr'><strong>τὴν</strong></span> <span class='ocrx_word' id='word_1_179' title='bbox 1271 754 1323 786; x_wconf 84' lang='grc' dir='ltr'><strong>αἰ-</strong></span> 
     </span>
     <span class='ocr_line' id='line_1_26' title="bbox 244 793 1321 845; baseline 0.005 -19"><span class='ocrx_word' id='word_1_180' title='bbox 244 797 366 828; x_wconf 82' lang='grc' dir='ltr'><em>τίασιν</em></span> <span class='ocrx_word' id='word_1_181' title='bbox 397 793 642 839; x_wconf 75' lang='grc' dir='ltr'><em>ἀποθέμενον,</em></span> <span class='ocrx_word' id='word_1_182' title='bbox 703 796 724 839; x_wconf 83' lang='grc' dir='ltr'>ὴ</span> <span class='ocrx_word' id='word_1_183' title='bbox 760 793 851 842; x_wconf 81' lang='grc' dir='ltr'><em>παρ’</em></span> <span class='ocrx_word' id='word_1_184' title='bbox 884 797 994 842; x_wconf 75' lang='grc' dir='ltr'><em>ἑτέρῳ</em></span> <span class='ocrx_word' id='word_1_185' title='bbox 1031 794 1194 845; x_wconf 78' lang='grc' dir='ltr'><em>δικαστῇ,</em></span> <span class='ocrx_word' id='word_1_186' title='bbox 1231 794 1321 831; x_wconf 76' lang='grc' dir='ltr'><em>ἀλλὰ</em></span> 
     </span>
     <span class='ocr_line' id='line_1_27' title="bbox 245 810 1322 896; baseline 0.005 -25"><span class='ocrx_word' id='word_1_187' title='bbox 245 839 344 894; x_wconf 68' lang='grc' dir='ltr'><em>παρὰ</em></span> <span class='ocrx_word' id='word_1_188' title='bbox 368 836 491 883; x_wconf 80' lang='grc' dir='ltr'><strong>ταύτῷ</strong></span> <span class='ocrx_word' id='word_1_189' title='bbox 517 837 629 875; x_wconf 76' lang='grc' dir='ltr'><em>εὐθὺς</em></span> <span class='ocrx_word' id='word_1_190' title='bbox 653 810 701 882; x_wconf 56' lang='lat' dir='ltr'><strong>dg</strong></span> <span class='ocrx_word' id='word_1_191' title='bbox 714 838 820 886; x_wconf 75' lang='grc' dir='ltr'><em>ἀρχῆς</em></span> <span class='ocrx_word' id='word_1_192' title='bbox 845 842 1048 896; x_wconf 52' lang='grc' dir='ltr'><em>αἰτιῖἶσθαι,</em></span> <span class='ocrx_word' id='word_1_193' title='bbox 1080 845 1139 875; x_wconf 85' lang='grc' dir='ltr'><strong>καὶ</strong></span> <span class='ocrx_word' id='word_1_194' title='bbox 1169 842 1236 876; x_wconf 87' lang='grc' dir='ltr'><strong>τὸν</strong></span> <span class='ocrx_word' id='word_1_195' title='bbox 1261 840 1322 876; x_wconf 78' lang='grc' dir='ltr'><strong>αὐ-</strong></span> 
     </span>
    </p>
   </div>
   <div class='ocr_carea' id='block_1_12' title="bbox 1391 709 2458 798">
    <p class='ocr_par' dir='ltr' id='par_1_12' title="bbox 1391 709 2458 798">
     <span class='ocr_line' id='line_1_28' title="bbox 1391 709 2457 757; baseline 0.006 -13"><span class='ocrx_word' id='word_1_196' title='bbox 1391 709 1413 744; x_wconf 93' lang='lat'>1</span> <span class='ocrx_word' id='word_1_197' title='bbox 1454 709 1579 743; x_wconf 87' lang='lat' dir='ltr'><strong>hentes</strong></span> <span class='ocrx_word' id='word_1_198' title='bbox 1599 709 1833 744; x_wconf 85' lang='lat' dir='ltr'><strong>inmortaliter</strong></span> <span class='ocrx_word' id='word_1_199' title='bbox 1848 715 2116 754; x_wconf 86' lang='lat' dir='ltr'><strong>permanserunt</strong></span> <span class='ocrx_word' id='word_1_200' title='bbox 2133 712 2320 757; x_wconf 75' lang='lat' dir='ltr'><strong>litigantes.</strong></span> <span class='ocrx_word' id='word_1_201' title='bbox 2371 714 2457 750; x_wconf 81' lang='lat' dir='ltr'><strong>San-</strong></span> 
     </span>
     <span class='ocr_line' id='line_1_29' title="bbox 1392 753 2458 798; baseline 0.008 -11"><span class='ocrx_word' id='word_1_202' title='bbox 1392 753 1503 788; x_wconf 89' lang='lat' dir='ltr'><strong>cimus</strong></span> <span class='ocrx_word' id='word_1_203' title='bbox 1524 754 1641 798; x_wconf 86' lang='lat' dir='ltr'><strong>igitur,</strong></span> <span class='ocrx_word' id='word_1_204' title='bbox 1663 754 1692 789; x_wconf 88' lang='lat' dir='ltr'><strong>si</strong></span> <span class='ocrx_word' id='word_1_205' title='bbox 1708 753 1787 798; x_wconf 89' lang='lat' dir='ltr'><strong>quis</strong></span> <span class='ocrx_word' id='word_1_206' title='bbox 1805 754 1995 790; x_wconf 87' lang='lat' dir='ltr'><strong>obnoxium</strong></span> <span class='ocrx_word' id='word_1_207' title='bbox 2014 756 2209 792; x_wconf 75' lang='lat' dir='ltr'><strong>arbitratur</strong></span> <span class='ocrx_word' id='word_1_208' title='bbox 2227 758 2358 794; x_wconf 82' lang='lat' dir='ltr'><strong>habere</strong></span> <span class='ocrx_word' id='word_1_209' title='bbox 2377 769 2458 794; x_wconf 88' lang='lat' dir='ltr'><strong>eum</strong></span> 
     </span>
    </p>
   </div>
   <div class='ocr_carea' id='block_1_13' title="bbox 1391 798 2459 848">
    <p class='ocr_par' dir='ltr' id='par_1_13' title="bbox 1391 798 2459 848">
     <span class='ocr_line' id='line_1_30' title="bbox 1391 798 2459 848; baseline 0.007 -16"><span class='ocrx_word' id='word_1_210' title='bbox 1391 798 1452 843; x_wconf 92' lang='lat' dir='ltr'><strong>qui</strong></span> <span class='ocrx_word' id='word_1_211' title='bbox 1473 806 1596 833; x_wconf 82' lang='lat' dir='ltr'><strong>contra</strong></span> <span class='ocrx_word' id='word_1_212' title='bbox 1617 808 1656 833; x_wconf 89' lang='lat' dir='ltr'><strong>se</strong></span> <span class='ocrx_word' id='word_1_213' title='bbox 1671 799 1937 835; x_wconf 81' lang='lat' dir='ltr'><strong>conventionem</strong></span> <span class='ocrx_word' id='word_1_214' title='bbox 1954 801 2128 845; x_wconf 81' lang='lat' dir='ltr'><strong>exposuit,</strong></span> <span class='ocrx_word' id='word_1_215' title='bbox 2150 812 2222 838; x_wconf 87' lang='lat' dir='ltr'><strong>non</strong></span> <span class='ocrx_word' id='word_1_216' title='bbox 2240 804 2334 848; x_wconf 81' lang='lat' dir='ltr'><strong>apud</strong></span> <span class='ocrx_word' id='word_1_217' title='bbox 2349 804 2459 839; x_wconf 90' lang='lat' dir='ltr'><strong>alium</strong></span> 
     </span>
    </p>
   </div>
   <div class='ocr_carea' id='block_1_14' title="bbox 1360 843 2458 891">
    <p class='ocr_par' dir='ltr' id='par_1_14' title="bbox 1360 843 2458 891">
     <span class='ocr_line' id='line_1_31' title="bbox 1360 843 2458 891; baseline 0.006 -14"><span class='ocrx_word' id='word_1_218' title='bbox 1360 867 1362 869; x_wconf 91' lang='lat'>-</span> <span class='ocrx_word' id='word_1_219' title='bbox 1390 843 1558 885; x_wconf 83' lang='lat' dir='ltr'><strong>iudicem,</strong></span> <span class='ocrx_word' id='word_1_220' title='bbox 1591 843 1654 879; x_wconf 88' lang='lat' dir='ltr'><strong>sed</strong></span> <span class='ocrx_word' id='word_1_221' title='bbox 1677 843 1774 888; x_wconf 87' lang='lat' dir='ltr'><strong>apud</strong></span> <span class='ocrx_word' id='word_1_222' title='bbox 1803 854 1883 879; x_wconf 88' lang='lat' dir='ltr'><strong>eum</strong></span> <span class='ocrx_word' id='word_1_223' title='bbox 1912 855 1994 880; x_wconf 89' lang='lat' dir='ltr'><strong>mox</strong></span> <span class='ocrx_word' id='word_1_224' title='bbox 2017 855 2039 880; x_wconf 86' lang='lat' dir='ltr'><strong>a</strong></span> <span class='ocrx_word' id='word_1_225' title='bbox 2061 846 2235 891; x_wconf 87' lang='lat' dir='ltr'><strong>principio</strong></span> <span class='ocrx_word' id='word_1_226' title='bbox 2260 849 2458 890; x_wconf 84' lang='lat' dir='ltr'><strong>convenire,</strong></span> 
     </span>
    </p>
   </div>
   <div class='ocr_carea' id='block_1_15' title="bbox 244 882 2458 942">
    <p class='ocr_par' dir='ltr' id='par_1_15' title="bbox 244 882 2458 942">
     <span class='ocr_line' id='line_1_32' title="bbox 244 882 2458 942; baseline 0.005 -25"><span class='ocrx_word' id='word_1_227' title='bbox 244 896 313 918; x_wconf 88' lang='grc' dir='ltr'><strong>τον</strong></span> <span class='ocrx_word' id='word_1_228' title='bbox 329 883 422 918; x_wconf 80' lang='grc' dir='ltr'><em>εἶναι</em></span> <span class='ocrx_word' id='word_1_229' title='bbox 438 882 614 929; x_wconf 83' lang='grc' dir='ltr'><em>δικαστὴν</em></span> <span class='ocrx_word' id='word_1_230' title='bbox 636 882 883 941; x_wconf 47' lang='grc' dir='ltr'><em>ξφὶἑκατέρας</em></span> <span class='ocrx_word' id='word_1_231' title='bbox 906 887 1125 942; x_wconf 54' lang='grc' dir='ltr'><em>ξποθέσεως.</em></span> <span class='ocrx_word' id='word_1_232' title='bbox 1174 889 1204 922; x_wconf 87' lang='grc' dir='ltr'><strong>εἰ</strong></span> <span class='ocrx_word' id='word_1_233' title='bbox 1227 886 1269 922; x_wconf 79' lang='grc' dir='ltr'><strong>δέ</strong></span> <span class='ocrx_word' id='word_1_234' title='bbox 1282 901 1322 935; x_wconf 78' lang='grc' dir='ltr'><strong>γε</strong></span> <span class='ocrx_word' id='word_1_235' title='bbox 1338 891 1377 924; x_wconf 85' lang='grc'><strong>15</strong></span> <span class='ocrx_word' id='word_1_236' title='bbox 1391 890 1427 924; x_wconf 81' lang='lat' dir='ltr'><strong>et</strong></span> <span class='ocrx_word' id='word_1_237' title='bbox 1447 889 1596 924; x_wconf 84' lang='lat' dir='ltr'><strong>eundem</strong></span> <span class='ocrx_word' id='word_1_238' title='bbox 1621 899 1698 923; x_wconf 83' lang='lat' dir='ltr'><strong>esse</strong></span> <span class='ocrx_word' id='word_1_239' title='bbox 1721 889 1873 925; x_wconf 81' lang='lat' dir='ltr'><strong>iudicem</strong></span> <span class='ocrx_word' id='word_1_240' title='bbox 1897 890 1934 925; x_wconf 84' lang='lat' dir='ltr'><strong>in</strong></span> <span class='ocrx_word' id='word_1_241' title='bbox 1953 894 2104 935; x_wconf 83' lang='lat' dir='ltr'><strong>utroque</strong></span> <span class='ocrx_word' id='word_1_242' title='bbox 2126 892 2278 935; x_wconf 81' lang='lat' dir='ltr'><strong>negotio.</strong></span> <span class='ocrx_word' id='word_1_243' title='bbox 2319 893 2357 928; x_wconf 91' lang='lat' dir='ltr'><strong>Si</strong></span> <span class='ocrx_word' id='word_1_244' title='bbox 2376 904 2458 930; x_wconf 82' lang='lat' dir='ltr'><strong>vero</strong></span> 
     </span>
    </p>
   </div>
   <div class='ocr_carea' id='block_1_16' title="bbox 243 926 1321 1122">
    <p class='ocr_par' dir='ltr' id='par_1_16' title="bbox 243 926 1321 1122">
     <span class='ocr_line' id='line_1_33' title="bbox 244 926 1320 978; baseline 0.005 -15"><span class='ocrx_word' id='word_1_245' title='bbox 244 929 355 970; x_wconf 85' lang='grc' dir='ltr'><em>τυχὸν</em></span> <span class='ocrx_word' id='word_1_246' title='bbox 374 926 587 975; x_wconf 80' lang='grc' dir='ltr'><em>άπαρέσειεν</em></span> <span class='ocrx_word' id='word_1_247' title='bbox 612 943 710 974; x_wconf 77' lang='grc' dir='ltr'><em>αυτῳ</em></span> <span class='ocrx_word' id='word_1_248' title='bbox 735 944 755 965; x_wconf 93' lang='grc' dir='ltr'><em>ο</em></span> <span class='ocrx_word' id='word_1_249' title='bbox 781 945 855 978; x_wconf 88' lang='grc' dir='ltr'><strong>παρ</strong></span> <span class='ocrx_word' id='word_1_250' title='bbox 896 945 925 974; x_wconf 84' lang='grc' dir='ltr'>ῳ</span> <span class='ocrx_word' id='word_1_251' title='bbox 951 932 1019 975; x_wconf 79' lang='grc' dir='ltr'><strong>τὴν</strong></span> <span class='ocrx_word' id='word_1_252' title='bbox 1044 930 1147 975; x_wconf 84' lang='grc' dir='ltr'><em>δίκην</em></span> <span class='ocrx_word' id='word_1_253' title='bbox 1171 930 1320 976; x_wconf 79' lang='grc' dir='ltr'><em>ἀπεκλη-</em></span> 
     </span>
     <span class='ocr_line' id='line_1_34' title="bbox 244 972 1321 1023; baseline 0.005 -16"><span class='ocrx_word' id='word_1_254' title='bbox 244 973 387 1019; x_wconf 82' lang='grc' dir='ltr'><em>ρώσατο</em></span> <span class='ocrx_word' id='word_1_255' title='bbox 404 972 583 1019; x_wconf 87' lang='grc' dir='ltr'><em>δικαστής,</em></span> <span class='ocrx_word' id='word_1_256' title='bbox 608 976 752 1016; x_wconf 79' lang='grc' dir='ltr'><em>ἔξεστιν</em></span> <span class='ocrx_word' id='word_1_257' title='bbox 769 974 867 1019; x_wconf 76' lang='grc' dir='ltr'><em>αὐτῷ</em></span> <span class='ocrx_word' id='word_1_258' title='bbox 892 980 952 1010; x_wconf 82' lang='grc' dir='ltr'><strong>καὶ</strong></span> <span class='ocrx_word' id='word_1_259' title='bbox 967 978 1075 1011; x_wconf 81' lang='grc' dir='ltr'><em>τοῦτο</em></span> <span class='ocrx_word' id='word_1_260' title='bbox 1096 979 1321 1023; x_wconf 78' lang='grc' dir='ltr'><em>ἐπανορθοῦ-</em></span> 
     </span>
     <span class='ocr_line' id='line_1_35' title="bbox 245 1018 1321 1068; baseline 0.005 -16"><span class='ocrx_word' id='word_1_261' title='bbox 245 1018 347 1053; x_wconf 87' lang='grc' dir='ltr'><em>σθαι.</em></span> <span class='ocrx_word' id='word_1_262' title='bbox 391 1020 501 1054; x_wconf 84' lang='grc' dir='ltr'><em>εἴκοσι</em></span> <span class='ocrx_word' id='word_1_263' title='bbox 515 1020 582 1067; x_wconf 76' lang='grc' dir='ltr'><em>γὰρ</em></span> <span class='ocrx_word' id='word_1_264' title='bbox 599 1018 742 1067; x_wconf 82' lang='grc' dir='ltr'><em>ἡμερῶν</em></span> <span class='ocrx_word' id='word_1_265' title='bbox 762 1022 994 1067; x_wconf 70' lang='grc' dir='ltr'><em>προθεσμίαν</em></span> <span class='ocrx_word' id='word_1_266' title='bbox 1015 1021 1200 1057; x_wconf 80' lang='grc' dir='ltr'><em>ἐνδόντων</em></span> <span class='ocrx_word' id='word_1_267' title='bbox 1219 1018 1321 1068; x_wconf 76' lang='grc' dir='ltr'><strong>ἣμῶν</strong></span> 
     </span>
     <span class='ocr_line' id='line_1_36' title="bbox 243 1064 1321 1122; baseline 0.004 -25"><span class='ocrx_word' id='word_1_268' title='bbox 243 1064 334 1108; x_wconf 81' lang='grc' dir='ltr'><em>μετὰ</em></span> <span class='ocrx_word' id='word_1_269' title='bbox 357 1064 426 1108; x_wconf 87' lang='grc' dir='ltr'><strong>τὴν</strong></span> <span class='ocrx_word' id='word_1_270' title='bbox 448 1066 512 1099; x_wconf 82' lang='grc' dir='ltr'><strong>τοῦ</strong></span> <span class='ocrx_word' id='word_1_271' title='bbox 535 1064 678 1110; x_wconf 79' lang='grc' dir='ltr'><em>βιβλίου</em></span> <span class='ocrx_word' id='word_1_272' title='bbox 703 1065 863 1109; x_wconf 79' lang='grc' dir='ltr'><em>πομπήν,</em></span> <span class='ocrx_word' id='word_1_273' title='bbox 897 1064 987 1111; x_wconf 73' lang='grc' dir='ltr'><em>μεθ’</em></span> <span class='ocrx_word' id='word_1_274' title='bbox 1003 1064 1061 1122; x_wconf 41' lang='grc' dir='ltr'><strong>’ἢν</strong></span> <span class='ocrx_word' id='word_1_275' title='bbox 1093 1066 1147 1101; x_wconf 85' lang='grc' dir='ltr'><strong>δεῖ</strong></span> <span class='ocrx_word' id='word_1_276' title='bbox 1167 1082 1321 1114; x_wconf 86' lang='grc' dir='ltr'><em>προκατ-</em></span> 
     </span>
    </p>
   </div>
   <div class='ocr_carea' id='block_1_17' title="bbox 1390 933 2460 1115">
    <p class='ocr_par' dir='ltr' id='par_1_17' title="bbox 1390 933 2460 1115">
     <span class='ocr_line' id='line_1_37' title="bbox 1390 933 2459 980; baseline 0.006 -12"><span class='ocrx_word' id='word_1_277' title='bbox 1390 933 1512 968; x_wconf 85' lang='lat' dir='ltr'><strong>forsan</strong></span> <span class='ocrx_word' id='word_1_278' title='bbox 1545 934 1763 978; x_wconf 86' lang='lat' dir='ltr'><strong>displicuerit</strong></span> <span class='ocrx_word' id='word_1_279' title='bbox 1794 935 1826 970; x_wconf 88' lang='lat' dir='ltr'><strong>ei</strong></span> <span class='ocrx_word' id='word_1_280' title='bbox 1856 935 1951 980; x_wconf 84' lang='lat' dir='ltr'><strong>apud</strong></span> <span class='ocrx_word' id='word_1_281' title='bbox 1983 945 2085 980; x_wconf 91' lang='lat' dir='ltr'><strong>quem</strong></span> <span class='ocrx_word' id='word_1_282' title='bbox 2117 936 2210 971; x_wconf 91' lang='lat' dir='ltr'><strong>litem</strong></span> <span class='ocrx_word' id='word_1_283' title='bbox 2237 938 2383 973; x_wconf 83' lang='lat' dir='ltr'><strong>sortitus</strong></span> <span class='ocrx_word' id='word_1_284' title='bbox 2405 943 2459 974; x_wconf 81' lang='lat' dir='ltr'><strong>est</strong></span> 
     </span>
     <span class='ocr_line' id='line_1_38' title="bbox 1390 978 2458 1026; baseline 0.006 -14"><span class='ocrx_word' id='word_1_285' title='bbox 1390 978 1514 1020; x_wconf 89' lang='lat' dir='ltr'><strong>iudex,</strong></span> <span class='ocrx_word' id='word_1_286' title='bbox 1550 979 1632 1013; x_wconf 90' lang='lat' dir='ltr'><strong>licet</strong></span> <span class='ocrx_word' id='word_1_287' title='bbox 1663 979 1695 1014; x_wconf 85' lang='lat' dir='ltr'><strong>ei</strong></span> <span class='ocrx_word' id='word_1_288' title='bbox 1725 979 1830 1014; x_wconf 82' lang='lat' dir='ltr'><strong>etiam</strong></span> <span class='ocrx_word' id='word_1_289' title='bbox 1862 981 1929 1016; x_wconf 89' lang='lat' dir='ltr'><strong>hoc</strong></span> <span class='ocrx_word' id='word_1_290' title='bbox 1961 981 2157 1016; x_wconf 85' lang='lat' dir='ltr'><strong>emendare.</strong></span> <span class='ocrx_word' id='word_1_291' title='bbox 2206 981 2339 1026; x_wconf 82' lang='lat' dir='ltr'><strong>Viginti</strong></span> <span class='ocrx_word' id='word_1_292' title='bbox 2367 983 2458 1018; x_wconf 89' lang='lat' dir='ltr'><strong>enim</strong></span> 
     </span>
     <span class='ocr_line' id='line_1_39' title="bbox 1392 1023 2458 1070; baseline 0.005 -12"><span class='ocrx_word' id='word_1_293' title='bbox 1392 1023 1527 1058; x_wconf 89' lang='lat' dir='ltr'><strong>dierum</strong></span> <span class='ocrx_word' id='word_1_294' title='bbox 1551 1024 1706 1059; x_wconf 84' lang='lat' dir='ltr'><strong>indutias</strong></span> <span class='ocrx_word' id='word_1_295' title='bbox 1727 1024 1891 1060; x_wconf 82' lang='lat' dir='ltr'><strong>dantibus</strong></span> <span class='ocrx_word' id='word_1_296' title='bbox 1916 1026 2019 1061; x_wconf 86' lang='lat' dir='ltr'><strong>nobis</strong></span> <span class='ocrx_word' id='word_1_297' title='bbox 2043 1030 2125 1070; x_wconf 82' lang='lat' dir='ltr'><strong>post</strong></span> <span class='ocrx_word' id='word_1_298' title='bbox 2148 1026 2256 1062; x_wconf 88' lang='lat' dir='ltr'><strong>libelli</strong></span> <span class='ocrx_word' id='word_1_299' title='bbox 2276 1028 2458 1063; x_wconf 85' lang='lat' dir='ltr'><strong>transmis-</strong></span> 
     </span>
     <span class='ocr_line' id='line_1_40' title="bbox 1392 1069 2460 1115; baseline 0.005 -12"><span class='ocrx_word' id='word_1_300' title='bbox 1392 1069 1543 1110; x_wconf 86' lang='lat' dir='ltr'><strong>sionem,</strong></span> <span class='ocrx_word' id='word_1_301' title='bbox 1578 1072 1661 1113; x_wconf 84' lang='lat' dir='ltr'><strong>post</strong></span> <span class='ocrx_word' id='word_1_302' title='bbox 1695 1079 1799 1114; x_wconf 85' lang='lat' dir='ltr'><strong>quam</strong></span> <span class='ocrx_word' id='word_1_303' title='bbox 1835 1075 1976 1115; x_wconf 86' lang='lat' dir='ltr'><strong>oportet</strong></span> <span class='ocrx_word' id='word_1_304' title='bbox 2010 1071 2105 1106; x_wconf 86' lang='lat' dir='ltr'><strong>litem</strong></span> <span class='ocrx_word' id='word_1_305' title='bbox 2135 1072 2342 1115; x_wconf 86' lang='lat' dir='ltr'><strong>contestari,</strong></span> <span class='ocrx_word' id='word_1_306' title='bbox 2376 1073 2460 1108; x_wconf 88' lang='lat' dir='ltr'><strong>licet</strong></span> 
     </span>
    </p>
   </div>
   <div class='ocr_carea' id='block_1_18' title="bbox 243 1107 2457 1169">
    <p class='ocr_par' dir='ltr' id='par_1_18' title="bbox 243 1107 2457 1169">
     <span class='ocr_line' id='line_1_41' title="bbox 243 1107 2457 1169; baseline 0.005 -27"><span class='ocrx_word' id='word_1_307' title='bbox 243 1107 432 1154; x_wconf 73' lang='grc' dir='ltr'><em>ἄρχεσθαι,</em></span> <span class='ocrx_word' id='word_1_308' title='bbox 457 1110 600 1150; x_wconf 73' lang='grc' dir='ltr'><em>ἔξεστιν</em></span> <span class='ocrx_word' id='word_1_309' title='bbox 616 1111 701 1145; x_wconf 81' lang='grc' dir='ltr'><em>εἴσω</em></span> <span class='ocrx_word' id='word_1_310' title='bbox 716 1113 779 1167; x_wconf 40' lang='grc' dir='ltr'><strong>γῆς</strong></span> <span class='ocrx_word' id='word_1_311' title='bbox 795 1113 846 1157; x_wconf 82' lang='grc' dir='ltr'><strong>εἰρ</strong></span> <span class='ocrx_word' id='word_1_312' title='bbox 870 1115 975 1155; x_wconf 77' lang='grc' dir='ltr'><em>μένης</em></span> <span class='ocrx_word' id='word_1_313' title='bbox 991 1114 1321 1169; x_wconf 46' lang='grc' dir='ltr'><em>ανακωζῆςῖπαραι-</em></span> <span class='ocrx_word' id='word_1_314' title='bbox 1335 1116 1377 1148; x_wconf 84' lang='grc'><strong>20</strong></span> <span class='ocrx_word' id='word_1_315' title='bbox 1390 1114 1484 1148; x_wconf 89' lang='lat' dir='ltr'><strong>intra</strong></span> <span class='ocrx_word' id='word_1_316' title='bbox 1500 1114 1718 1158; x_wconf 84' lang='lat' dir='ltr'><strong>praedictam</strong></span> <span class='ocrx_word' id='word_1_317' title='bbox 1733 1116 1999 1160; x_wconf 89' lang='lat' dir='ltr'><strong>suspensionem</strong></span> <span class='ocrx_word' id='word_1_318' title='bbox 2016 1116 2172 1151; x_wconf 85' lang='lat' dir='ltr'><strong>refutare</strong></span> <span class='ocrx_word' id='word_1_319' title='bbox 2192 1116 2330 1161; x_wconf 90' lang='lat' dir='ltr'><strong>quidem</strong></span> <span class='ocrx_word' id='word_1_320' title='bbox 2349 1117 2457 1160; x_wconf 92' lang='lat' dir='ltr'><strong>illum,</strong></span> 
     </span>
    </p>
   </div>
   <div class='ocr_carea' id='block_1_19' title="bbox 242 1153 1321 1348">
    <p class='ocr_par' dir='ltr' id='par_1_19' title="bbox 242 1153 1321 1348">
     <span class='ocr_line' id='line_1_42' title="bbox 244 1153 1321 1202; baseline 0.003 -15"><span class='ocrx_word' id='word_1_321' title='bbox 244 1153 432 1197; x_wconf 83' lang='grc' dir='ltr'><em>τήσασθαι</em></span> <span class='ocrx_word' id='word_1_322' title='bbox 449 1156 516 1199; x_wconf 75' lang='grc' dir='ltr'><strong>μὲν</strong></span> <span class='ocrx_word' id='word_1_323' title='bbox 535 1157 682 1199; x_wconf 81' lang='grc' dir='ltr'><em>ἐκεῖνον,</em></span> <span class='ocrx_word' id='word_1_324' title='bbox 706 1159 826 1201; x_wconf 79' lang='grc' dir='ltr'><em>ετέρου</em></span> <span class='ocrx_word' id='word_1_325' title='bbox 866 1159 883 1190; x_wconf 81' lang='grc' dir='ltr'><em>ὲ</em></span> <span class='ocrx_word' id='word_1_326' title='bbox 898 1161 1026 1199; x_wconf 81' lang='grc' dir='ltr'><em>τυχεῖν,</em></span> <span class='ocrx_word' id='word_1_327' title='bbox 1051 1170 1126 1202; x_wconf 89' lang='grc' dir='ltr'><strong>παρ</strong></span> <span class='ocrx_word' id='word_1_328' title='bbox 1161 1172 1191 1202; x_wconf 81' lang='grc' dir='ltr'>ῳ</span> <span class='ocrx_word' id='word_1_329' title='bbox 1209 1157 1321 1194; x_wconf 86' lang='grc' dir='ltr'><em>παλιν</em></span> 
     </span>
     <span class='ocr_line' id='line_1_43' title="bbox 243 1195 1321 1248; baseline 0.005 -16"><span class='ocrx_word' id='word_1_330' title='bbox 243 1195 375 1243; x_wconf 77' lang='grc' dir='ltr'><em>ὁμοίως</em></span> <span class='ocrx_word' id='word_1_331' title='bbox 393 1200 567 1247; x_wconf 80' lang='grc' dir='ltr'><em>ἑκατέραν</em></span> <span class='ocrx_word' id='word_1_332' title='bbox 587 1198 837 1247; x_wconf 75' lang='grc' dir='ltr'><em>ἀγωνίζεσθαι</em></span> <span class='ocrx_word' id='word_1_333' title='bbox 860 1203 1024 1248; x_wconf 77' lang='grc' dir='ltr'><em>προςήκει</em></span> <span class='ocrx_word' id='word_1_334' title='bbox 1045 1200 1157 1246; x_wconf 85' lang='grc' dir='ltr'><em>δίκην,</em></span> <span class='ocrx_word' id='word_1_335' title='bbox 1181 1207 1241 1237; x_wconf 83' lang='grc' dir='ltr'><strong>καὶ</strong></span> <span class='ocrx_word' id='word_1_336' title='bbox 1257 1204 1321 1238; x_wconf 82' lang='grc' dir='ltr'><strong>τὰς</strong></span> 
     </span>
     <span class='ocr_line' id='line_1_44' title="bbox 243 1243 1321 1293; baseline 0.005 -16"><span class='ocrx_word' id='word_1_337' title='bbox 243 1243 412 1278; x_wconf 82' lang='grc' dir='ltr'><em>τοιαύτας</em></span> <span class='ocrx_word' id='word_1_338' title='bbox 433 1247 558 1288; x_wconf 75' lang='grc' dir='ltr'><em>τέχνας</em></span> <span class='ocrx_word' id='word_1_339' title='bbox 587 1246 678 1280; x_wconf 85' lang='grc' dir='ltr'><em>κατὰ</em></span> <span class='ocrx_word' id='word_1_340' title='bbox 699 1244 813 1291; x_wconf 81' lang='grc' dir='ltr'><em>μηδὲν</em></span> <span class='ocrx_word' id='word_1_341' title='bbox 840 1249 1029 1293; x_wconf 76' lang='grc' dir='ltr'><em>γίνεσθαι,</em></span> <span class='ocrx_word' id='word_1_342' title='bbox 1059 1244 1140 1282; x_wconf 74' lang='grc' dir='ltr'><em>ἀλλ’</em></span> <span class='ocrx_word' id='word_1_343' title='bbox 1167 1250 1321 1282; x_wconf 74' lang='grc' dir='ltr'><em>ἕκαστον</em></span> 
     </span>
     <span class='ocr_line' id='line_1_45' title="bbox 242 1290 1320 1348; baseline 0.005 -26"><span class='ocrx_word' id='word_1_344' title='bbox 242 1292 315 1323; x_wconf 83' lang='grc' dir='ltr'><em>τοῖς</em></span> <span class='ocrx_word' id='word_1_345' title='bbox 345 1290 484 1324; x_wconf 79' lang='grc' dir='ltr'><em>οἰκείοις</em></span> <span class='ocrx_word' id='word_1_346' title='bbox 518 1292 679 1335; x_wconf 80' lang='grc' dir='ltr'><em>χρῆσθαι</em></span> <span class='ocrx_word' id='word_1_347' title='bbox 711 1290 867 1326; x_wconf 85' lang='grc' dir='ltr'><em>δικαίοις.</em></span> <span class='ocrx_word' id='word_1_348' title='bbox 915 1294 945 1325; x_wconf 83' lang='grc' dir='ltr'><strong>εἰ</strong></span> <span class='ocrx_word' id='word_1_349' title='bbox 976 1295 1099 1348; x_wconf 50' lang='grc' dir='ltr'><em>μέντοι</em></span> <span class='ocrx_word' id='word_1_350' title='bbox 1131 1294 1320 1340; x_wconf 78' lang='grc' dir='ltr'><em>σιγήσειεν,</em></span> 
     </span>
    </p>
   </div>
   <div class='ocr_carea' id='block_1_20' title="bbox 1388 1158 2458 1342">
    <p class='ocr_par' dir='ltr' id='par_1_20' title="bbox 1388 1158 2458 1342">
     <span class='ocr_line' id='line_1_46' title="bbox 1390 1158 2457 1204; baseline 0.005 -12"><span class='ocrx_word' id='word_1_351' title='bbox 1390 1158 1497 1193; x_wconf 83' lang='lat' dir='ltr'><strong>alium</strong></span> <span class='ocrx_word' id='word_1_352' title='bbox 1514 1169 1596 1194; x_wconf 88' lang='lat' dir='ltr'><strong>vero</strong></span> <span class='ocrx_word' id='word_1_353' title='bbox 1612 1159 1739 1195; x_wconf 90' lang='lat' dir='ltr'><strong>mereri</strong></span> <span class='ocrx_word' id='word_1_354' title='bbox 1759 1160 1853 1204; x_wconf 87' lang='lat' dir='ltr'><strong>apud</strong></span> <span class='ocrx_word' id='word_1_355' title='bbox 1898 1171 1978 1196; x_wconf 90' lang='lat' dir='ltr'><strong>uem</strong></span> <span class='ocrx_word' id='word_1_356' title='bbox 1997 1161 2125 1197; x_wconf 88' lang='lat' dir='ltr'><strong>iterum</strong></span> <span class='ocrx_word' id='word_1_357' title='bbox 2146 1161 2305 1197; x_wconf 84' lang='lat' dir='ltr'><strong>similiter</strong></span> <span class='ocrx_word' id='word_1_358' title='bbox 2323 1166 2457 1197; x_wconf 88' lang='lat' dir='ltr'><strong>utram-</strong></span> 
     </span>
     <span class='ocr_line' id='line_1_47' title="bbox 1390 1204 2458 1250; baseline 0.004 -12"><span class='ocrx_word' id='word_1_359' title='bbox 1390 1214 1458 1248; x_wconf 86' lang='lat' dir='ltr'><strong>que</strong></span> <span class='ocrx_word' id='word_1_360' title='bbox 1496 1204 1651 1239; x_wconf 85' lang='lat' dir='ltr'><strong>exerceri</strong></span> <span class='ocrx_word' id='word_1_361' title='bbox 1681 1205 1850 1250; x_wconf 87' lang='lat' dir='ltr'><strong>competit</strong></span> <span class='ocrx_word' id='word_1_362' title='bbox 1894 1206 1993 1247; x_wconf 87' lang='lat' dir='ltr'><strong>item,</strong></span> <span class='ocrx_word' id='word_1_363' title='bbox 2029 1209 2066 1242; x_wconf 89' lang='lat' dir='ltr'><strong>et</strong></span> <span class='ocrx_word' id='word_1_364' title='bbox 2095 1207 2266 1242; x_wconf 88' lang='lat' dir='ltr'><strong>eiusmodi</strong></span> <span class='ocrx_word' id='word_1_365' title='bbox 2295 1211 2391 1243; x_wconf 86' lang='lat' dir='ltr'><strong>artes</strong></span> <span class='ocrx_word' id='word_1_366' title='bbox 2422 1208 2458 1242; x_wconf 92' lang='lat' dir='ltr'><strong>in</strong></span> 
     </span>
     <span class='ocr_line' id='line_1_48' title="bbox 1388 1249 2458 1297; baseline 0.004 -14"><span class='ocrx_word' id='word_1_367' title='bbox 1388 1249 1486 1284; x_wconf 90' lang='lat' dir='ltr'><strong>nullo</strong></span> <span class='ocrx_word' id='word_1_368' title='bbox 1516 1250 1609 1289; x_wconf 89' lang='lat' dir='ltr'><strong>fieri,</strong></span> <span class='ocrx_word' id='word_1_369' title='bbox 1642 1249 1704 1284; x_wconf 88' lang='lat' dir='ltr'><strong>sed</strong></span> <span class='ocrx_word' id='word_1_370' title='bbox 1728 1261 2011 1295; x_wconf 88' lang='lat' dir='ltr'><strong>unumquemque</strong></span> <span class='ocrx_word' id='word_1_371' title='bbox 2038 1251 2183 1297; x_wconf 91' lang='lat' dir='ltr'><strong>proprio</strong></span> <span class='ocrx_word' id='word_1_372' title='bbox 2214 1252 2291 1287; x_wconf 88' lang='lat' dir='ltr'><strong>iure</strong></span> <span class='ocrx_word' id='word_1_373' title='bbox 2313 1252 2375 1288; x_wconf 89' lang='lat' dir='ltr'><strong>uti.</strong></span> <span class='ocrx_word' id='word_1_374' title='bbox 2421 1253 2458 1287; x_wconf 91' lang='lat' dir='ltr'><strong>Si</strong></span> 
     </span>
     <span class='ocr_line' id='line_1_49' title="bbox 1388 1294 2458 1342; baseline 0.005 -15"><span class='ocrx_word' id='word_1_375' title='bbox 1388 1294 1508 1338; x_wconf 85' lang='lat' dir='ltr'><strong>itaque</strong></span> <span class='ocrx_word' id='word_1_376' title='bbox 1531 1295 1695 1338; x_wconf 87' lang='lat' dir='ltr'><strong>tacuerit,</strong></span> <span class='ocrx_word' id='word_1_377' title='bbox 1729 1295 1855 1331; x_wconf 87' lang='lat' dir='ltr'><strong>deinde</strong></span> <span class='ocrx_word' id='word_1_378' title='bbox 1876 1302 2001 1340; x_wconf 81' lang='lat' dir='ltr'><strong>postea</strong></span> <span class='ocrx_word' id='word_1_379' title='bbox 2023 1297 2174 1332; x_wconf 83' lang='lat' dir='ltr'><strong>voluerit</strong></span> <span class='ocrx_word' id='word_1_380' title='bbox 2196 1306 2340 1332; x_wconf 85' lang='lat' dir='ltr'><strong>causam</strong></span> <span class='ocrx_word' id='word_1_381' title='bbox 2362 1297 2458 1342; x_wconf 85' lang='lat' dir='ltr'><strong>apud</strong></span> 
     </span>
    </p>
   </div>
   <div class='ocr_carea' id='block_1_21' title="bbox 243 1331 2458 1392">
    <p class='ocr_par' dir='ltr' id='par_1_21' title="bbox 243 1331 2458 1392">
     <span class='ocr_line' id='line_1_50' title="bbox 243 1331 2458 1392; baseline 0.005 -26"><span class='ocrx_word' id='word_1_382' title='bbox 243 1334 321 1368; x_wconf 78' lang='grc' dir='ltr'><em>εἶτα</em></span> <span class='ocrx_word' id='word_1_383' title='bbox 337 1331 490 1390; x_wconf 43' lang='grc' dir='ltr'><em>ὕστερον</em></span> <span class='ocrx_word' id='word_1_384' title='bbox 505 1335 704 1380; x_wconf 72' lang='grc' dir='ltr'><em>βουληθείη</em></span> <span class='ocrx_word' id='word_1_385' title='bbox 721 1337 789 1392; x_wconf 50' lang='grc' dir='ltr'><strong>τὴν</strong></span> <span class='ocrx_word' id='word_1_386' title='bbox 805 1336 908 1392; x_wconf 47' lang='grc' dir='ltr'><em>δίκην</em></span> <span class='ocrx_word' id='word_1_387' title='bbox 930 1351 1004 1383; x_wconf 82' lang='grc' dir='ltr'><strong>παρ</strong></span> <span class='ocrx_word' id='word_1_388' title='bbox 1043 1341 1152 1383; x_wconf 76' lang='grc' dir='ltr'><em>ετέρῳ</em></span> <span class='ocrx_word' id='word_1_389' title='bbox 1170 1337 1319 1385; x_wconf 78' lang='grc' dir='ltr'><em>δικαστῇ</em></span> <span class='ocrx_word' id='word_1_390' title='bbox 1334 1342 1375 1373; x_wconf 80' lang='lat'><strong>25</strong></span> <span class='ocrx_word' id='word_1_391' title='bbox 1389 1339 1537 1373; x_wconf 83' lang='lat' dir='ltr'><strong>alterum</strong></span> <span class='ocrx_word' id='word_1_392' title='bbox 1571 1339 1722 1375; x_wconf 87' lang='lat' dir='ltr'><strong>iudicem</strong></span> <span class='ocrx_word' id='word_1_393' title='bbox 1757 1350 1905 1384; x_wconf 87' lang='lat' dir='ltr'><strong>movere,</strong></span> <span class='ocrx_word' id='word_1_394' title='bbox 1940 1343 2186 1377; x_wconf 85' lang='lat' dir='ltr'><strong>necessitatem</strong></span> <span class='ocrx_word' id='word_1_395' title='bbox 2217 1342 2349 1377; x_wconf 85' lang='lat' dir='ltr'><strong>habere</strong></span> <span class='ocrx_word' id='word_1_396' title='bbox 2378 1352 2458 1378; x_wconf 91' lang='lat' dir='ltr'><strong>eum</strong></span> 
     </span>
    </p>
   </div>
   <div class='ocr_carea' id='block_1_22' title="bbox 242 1382 1321 1573">
    <p class='ocr_par' dir='ltr' id='par_1_22' title="bbox 242 1382 1321 1573">
     <span class='ocr_line' id='line_1_51' title="bbox 243 1382 1321 1430; baseline 0.005 -18"><span class='ocrx_word' id='word_1_397' title='bbox 243 1382 365 1421; x_wconf 84' lang='grc' dir='ltr'><em>κινεῖν,</em></span> <span class='ocrx_word' id='word_1_398' title='bbox 390 1393 553 1427; x_wconf 76' lang='grc' dir='ltr'><em>αναγκην</em></span> <span class='ocrx_word' id='word_1_399' title='bbox 576 1383 670 1424; x_wconf 78' lang='grc' dir='ltr'><em>ἔχειν</em></span> <span class='ocrx_word' id='word_1_400' title='bbox 694 1395 807 1416; x_wconf 86' lang='grc' dir='ltr'><em>αυτον</em></span> <span class='ocrx_word' id='word_1_401' title='bbox 836 1386 1028 1427; x_wconf 84' lang='grc' dir='ltr'><em>αναμένειν</em></span> <span class='ocrx_word' id='word_1_402' title='bbox 1058 1383 1100 1416; x_wconf 82' lang='grc' dir='ltr'><strong>τὸ</strong></span> <span class='ocrx_word' id='word_1_403' title='bbox 1126 1387 1236 1430; x_wconf 81' lang='grc' dir='ltr'><em>πέρας</em></span> <span class='ocrx_word' id='word_1_404' title='bbox 1259 1386 1321 1427; x_wconf 84' lang='grc' dir='ltr'><strong>τῆς</strong></span> 
     </span>
     <span class='ocr_line' id='line_1_52' title="bbox 243 1422 1320 1473; baseline 0.005 -16"><span class='ocrx_word' id='word_1_405' title='bbox 243 1422 340 1466; x_wconf 84' lang='grc' dir='ltr'><em>δίκης</em></span> <span class='ocrx_word' id='word_1_406' title='bbox 358 1426 420 1467; x_wconf 87' lang='grc' dir='ltr'><strong>τῆς</strong></span> <span class='ocrx_word' id='word_1_407' title='bbox 439 1427 661 1472; x_wconf 81' lang='grc' dir='ltr'><em>ἐπαγομένης</em></span> <span class='ocrx_word' id='word_1_408' title='bbox 685 1423 786 1470; x_wconf 76' lang='grc' dir='ltr'><em>αὐτῷ</em></span> <span class='ocrx_word' id='word_1_409' title='bbox 807 1428 907 1473; x_wconf 80' lang='grc' dir='ltr'><em>παρὰ</em></span> <span class='ocrx_word' id='word_1_410' title='bbox 931 1429 994 1461; x_wconf 85' lang='grc' dir='ltr'><strong>τοῦ</strong></span> <span class='ocrx_word' id='word_1_411' title='bbox 1018 1428 1066 1462; x_wconf 84' lang='grc' dir='ltr'><strong>εἰς</strong></span> <span class='ocrx_word' id='word_1_412' title='bbox 1089 1426 1320 1473; x_wconf 85' lang='grc' dir='ltr'><em>δικαστήριον</em></span> 
     </span>
     <span class='ocr_line' id='line_1_53' title="bbox 242 1466 1320 1518; baseline 0.005 -16"><span class='ocrx_word' id='word_1_413' title='bbox 242 1466 357 1503; x_wconf 74' lang='grc' dir='ltr'><em>αὐτὸν</em></span> <span class='ocrx_word' id='word_1_414' title='bbox 380 1468 609 1513; x_wconf 77' lang='grc' dir='ltr'><em>ἑλκύσαντος,</em></span> <span class='ocrx_word' id='word_1_415' title='bbox 641 1475 701 1506; x_wconf 80' lang='grc' dir='ltr'><strong>καὶ</strong></span> <span class='ocrx_word' id='word_1_416' title='bbox 725 1470 875 1506; x_wconf 79' lang='grc' dir='ltr'><em>ἐπειδὰν</em></span> <span class='ocrx_word' id='word_1_417' title='bbox 906 1476 1015 1517; x_wconf 75' lang='grc' dir='ltr'><em>πέρας</em></span> <span class='ocrx_word' id='word_1_418' title='bbox 1045 1470 1066 1516; x_wconf 83' lang='grc' dir='ltr'><em>ἡ</em></span> <span class='ocrx_word' id='word_1_419' title='bbox 1099 1471 1178 1517; x_wconf 86' lang='grc' dir='ltr'><em>δίκη</em></span> <span class='ocrx_word' id='word_1_420' title='bbox 1204 1472 1320 1518; x_wconf 80' lang='grc' dir='ltr'><em>λάβοι,</em></span> 
     </span>
     <span class='ocr_line' id='line_1_54' title="bbox 242 1512 1319 1573; baseline 0.005 -26"><span class='ocrx_word' id='word_1_421' title='bbox 242 1516 441 1557; x_wconf 80' lang='grc' dir='ltr'><em>τηνικαῦτα</em></span> <span class='ocrx_word' id='word_1_422' title='bbox 465 1512 581 1550; x_wconf 76' lang='grc' dir='ltr'><em>αὐτὸν</em></span> <span class='ocrx_word' id='word_1_423' title='bbox 603 1517 672 1560; x_wconf 86' lang='grc' dir='ltr'><strong>τὴν</strong></span> <span class='ocrx_word' id='word_1_424' title='bbox 694 1518 828 1571; x_wconf 73' lang='grc' dir='ltr'><em>οἰκείαν</em></span> <span class='ocrx_word' id='word_1_425' title='bbox 853 1515 955 1560; x_wconf 81' lang='grc' dir='ltr'><em>δίκην</em></span> <span class='ocrx_word' id='word_1_426' title='bbox 979 1515 1196 1573; x_wconf 44' lang='grc' dir='ltr'><em>παρ’)ἑτέρῳ</em></span> <span class='ocrx_word' id='word_1_427' title='bbox 1222 1517 1319 1553; x_wconf 87' lang='grc' dir='ltr'><em>δικα-</em></span> 
     </span>
    </p>
   </div>
   <div class='ocr_carea' id='block_1_23' title="bbox 1388 1384 2459 1564">
    <p class='ocr_par' dir='ltr' id='par_1_23' title="bbox 1388 1384 2459 1564">
     <span class='ocr_line' id='line_1_55' title="bbox 1389 1384 2459 1432; baseline 0.004 -14"><span class='ocrx_word' id='word_1_428' title='bbox 1389 1384 1563 1419; x_wconf 84' lang='lat' dir='ltr'><strong>sustinere</strong></span> <span class='ocrx_word' id='word_1_429' title='bbox 1593 1385 1781 1420; x_wconf 86' lang='lat' dir='ltr'><strong>terminum</strong></span> <span class='ocrx_word' id='word_1_430' title='bbox 1813 1386 1888 1421; x_wconf 91' lang='lat' dir='ltr'><strong>eius</strong></span> <span class='ocrx_word' id='word_1_431' title='bbox 1919 1387 1990 1422; x_wconf 90' lang='lat' dir='ltr'><strong>litis</strong></span> <span class='ocrx_word' id='word_1_432' title='bbox 2021 1388 2140 1422; x_wconf 85' lang='lat' dir='ltr'><strong>illatae</strong></span> <span class='ocrx_word' id='word_1_433' title='bbox 2164 1387 2232 1421; x_wconf 83' lang='lat' dir='ltr'><strong>sibi</strong></span> <span class='ocrx_word' id='word_1_434' title='bbox 2255 1387 2301 1422; x_wconf 85' lang='lat' dir='ltr'><strong>ab</strong></span> <span class='ocrx_word' id='word_1_435' title='bbox 2324 1397 2366 1423; x_wconf 90' lang='lat' dir='ltr'><strong>eo</strong></span> <span class='ocrx_word' id='word_1_436' title='bbox 2398 1388 2459 1432; x_wconf 91' lang='lat' dir='ltr'><strong>qui</strong></span> 
     </span>
     <span class='ocr_line' id='line_1_56' title="bbox 1389 1430 2458 1477; baseline 0.005 -15"><span class='ocrx_word' id='word_1_437' title='bbox 1389 1439 1468 1463; x_wconf 89' lang='lat' dir='ltr'><strong>eum</strong></span> <span class='ocrx_word' id='word_1_438' title='bbox 1491 1430 1528 1464; x_wconf 90' lang='lat' dir='ltr'><strong>in</strong></span> <span class='ocrx_word' id='word_1_439' title='bbox 1552 1430 1721 1466; x_wconf 90' lang='lat' dir='ltr'><strong>iudicium</strong></span> <span class='ocrx_word' id='word_1_440' title='bbox 1746 1431 1870 1473; x_wconf 87' lang='lat' dir='ltr'><strong>traxit,</strong></span> <span class='ocrx_word' id='word_1_441' title='bbox 1902 1434 1938 1466; x_wconf 90' lang='lat' dir='ltr'><strong>et</strong></span> <span class='ocrx_word' id='word_1_442' title='bbox 1962 1433 2044 1466; x_wconf 88' lang='lat' dir='ltr'><strong>dum</strong></span> <span class='ocrx_word' id='word_1_443' title='bbox 2068 1432 2173 1467; x_wconf 90' lang='lat' dir='ltr'><strong>finem</strong></span> <span class='ocrx_word' id='word_1_444' title='bbox 2200 1432 2244 1466; x_wconf 89' lang='lat' dir='ltr'><strong>lis</strong></span> <span class='ocrx_word' id='word_1_445' title='bbox 2268 1432 2458 1477; x_wconf 85' lang='lat' dir='ltr'><strong>acceperit,</strong></span> 
     </span>
     <span class='ocr_line' id='line_1_57' title="bbox 1388 1477 2457 1522; baseline 0.005 -14"><span class='ocrx_word' id='word_1_446' title='bbox 1388 1480 1475 1509; x_wconf 88' lang='lat' dir='ltr'><strong>tunc</strong></span> <span class='ocrx_word' id='word_1_447' title='bbox 1508 1485 1589 1510; x_wconf 92' lang='lat' dir='ltr'><strong>eum</strong></span> <span class='ocrx_word' id='word_1_448' title='bbox 1620 1485 1720 1510; x_wconf 86' lang='lat' dir='ltr'><strong>suam</strong></span> <span class='ocrx_word' id='word_1_449' title='bbox 1753 1485 1898 1511; x_wconf 88' lang='lat' dir='ltr'><strong>causam</strong></span> <span class='ocrx_word' id='word_1_450' title='bbox 1929 1477 2024 1522; x_wconf 84' lang='lat' dir='ltr'><strong>apud</strong></span> <span class='ocrx_word' id='word_1_451' title='bbox 2055 1477 2162 1512; x_wconf 88' lang='lat' dir='ltr'><strong>alium</strong></span> <span class='ocrx_word' id='word_1_452' title='bbox 2192 1477 2344 1513; x_wconf 86' lang='lat' dir='ltr'><strong>iudicem</strong></span> <span class='ocrx_word' id='word_1_453' title='bbox 2374 1488 2457 1522; x_wconf 89' lang='lat' dir='ltr'><strong>pro-</strong></span> 
     </span>
     <span class='ocr_line' id='line_1_58' title="bbox 1388 1521 2458 1564; baseline 0.005 -11"><span class='ocrx_word' id='word_1_454' title='bbox 1388 1530 1537 1564; x_wconf 86' lang='lat' dir='ltr'><strong>ponere,</strong></span> <span class='ocrx_word' id='word_1_455' title='bbox 1573 1523 1614 1555; x_wconf 90' lang='lat' dir='ltr'><strong>ut</strong></span> <span class='ocrx_word' id='word_1_456' title='bbox 1643 1521 1695 1555; x_wconf 85' lang='lat' dir='ltr'><strong>ita</strong></span> <span class='ocrx_word' id='word_1_457' title='bbox 1725 1521 1816 1556; x_wconf 87' lang='lat' dir='ltr'><strong>tales</strong></span> <span class='ocrx_word' id='word_1_458' title='bbox 1848 1531 1970 1557; x_wconf 91' lang='lat' dir='ltr'><strong>eorum</strong></span> <span class='ocrx_word' id='word_1_459' title='bbox 1997 1522 2198 1557; x_wconf 81' lang='lat' dir='ltr'><strong>auferamus</strong></span> <span class='ocrx_word' id='word_1_460' title='bbox 2229 1526 2324 1558; x_wconf 82' lang='lat' dir='ltr'><strong>artes</strong></span> <span class='ocrx_word' id='word_1_461' title='bbox 2354 1527 2391 1558; x_wconf 88' lang='lat' dir='ltr'><strong>et</strong></span> <span class='ocrx_word' id='word_1_462' title='bbox 2420 1522 2458 1558; x_wconf 90' lang='lat' dir='ltr'><strong>in</strong></span> 
     </span>
    </p>
   </div>
   <div class='ocr_carea' id='block_1_24' title="bbox 241 1558 1809 1607">
    <p class='ocr_par' dir='ltr' id='par_1_24' title="bbox 241 1558 1809 1607">
     <span class='ocr_line' id='line_1_59' title="bbox 241 1558 1809 1607; baseline 0.004 -13"><span class='ocrx_word' id='word_1_463' title='bbox 241 1560 309 1607; x_wconf 85' lang='grc' dir='ltr'><strong>στῇ</strong></span> <span class='ocrx_word' id='word_1_464' title='bbox 326 1560 562 1604; x_wconf 71' lang='grc' dir='ltr'><em>προτιθέναι,</em></span> <span class='ocrx_word' id='word_1_465' title='bbox 588 1563 648 1595; x_wconf 82' lang='grc' dir='ltr'><strong>ἵνα</strong></span> <span class='ocrx_word' id='word_1_466' title='bbox 664 1558 761 1596; x_wconf 77' lang='grc' dir='ltr'><em>οὕτω</em></span> <span class='ocrx_word' id='word_1_467' title='bbox 782 1574 844 1596; x_wconf 88' lang='grc' dir='ltr'><strong>τας</strong></span> <span class='ocrx_word' id='word_1_468' title='bbox 859 1561 1026 1597; x_wconf 84' lang='grc' dir='ltr'><em>τοιαύτας</em></span> <span class='ocrx_word' id='word_1_469' title='bbox 1043 1576 1167 1597; x_wconf 87' lang='grc' dir='ltr'><em>αυτων</em></span> <span class='ocrx_word' id='word_1_470' title='bbox 1186 1561 1319 1598; x_wconf 79' lang='grc' dir='ltr'><em>ἀνέλω·</em></span> <span class='ocrx_word' id='word_1_471' title='bbox 1332 1566 1375 1599; x_wconf 90' lang='grc'><strong>30</strong></span> <span class='ocrx_word' id='word_1_472' title='bbox 1388 1565 1578 1600; x_wconf 86' lang='lat' dir='ltr'><strong>alterutros</strong></span> <span class='ocrx_word' id='word_1_473' title='bbox 1603 1566 1809 1602; x_wconf 79' lang='lat' dir='ltr'><strong>calumnias.</strong></span> 
     </span>
    </p>
   </div>
   <div class='ocr_carea' id='block_1_25' title="bbox 241 1603 1319 1787">
    <p class='ocr_par' dir='ltr' id='par_1_25' title="bbox 241 1603 1319 1698">
     <span class='ocr_line' id='line_1_60' title="bbox 241 1603 1100 1651; baseline 0.003 -13"><span class='ocrx_word' id='word_1_474' title='bbox 241 1617 310 1649; x_wconf 82' lang='grc' dir='ltr'><strong>μεν</strong></span> <span class='ocrx_word' id='word_1_475' title='bbox 331 1608 458 1648; x_wconf 77' lang='grc' dir='ltr'><em>τέχνας</em></span> <span class='ocrx_word' id='word_1_476' title='bbox 480 1620 520 1639; x_wconf 87' lang='grc' dir='ltr'><strong>τε</strong></span> <span class='ocrx_word' id='word_1_477' title='bbox 544 1610 603 1640; x_wconf 81' lang='grc' dir='ltr'><strong>καὶ</strong></span> <span class='ocrx_word' id='word_1_478' title='bbox 627 1603 709 1641; x_wconf 73' lang='grc' dir='ltr'><em>κατ’</em></span> <span class='ocrx_word' id='word_1_479' title='bbox 736 1604 904 1650; x_wconf 77' lang='grc' dir='ltr'><em>ἀλλήλων</em></span> <span class='ocrx_word' id='word_1_480' title='bbox 927 1610 1100 1651; x_wconf 80' lang='grc' dir='ltr'><em>ἐπηρείας.</em></span> 
     </span>
     <span class='ocr_line' id='line_1_61' title="bbox 297 1646 1319 1698; baseline 0.004 -15"><span class='ocrx_word' id='word_1_481' title='bbox 297 1646 581 1697; x_wconf 76' lang='grc' dir='ltr'><em>&lt;Ἐπίλογος.&gt;</em></span> <span class='ocrx_word' id='word_1_482' title='bbox 638 1651 686 1685; x_wconf 83' lang='grc' dir='ltr'><strong>Τὰ</strong></span> <span class='ocrx_word' id='word_1_483' title='bbox 718 1655 843 1687; x_wconf 86' lang='grc' dir='ltr'><em>τοίνυν</em></span> <span class='ocrx_word' id='word_1_484' title='bbox 872 1654 1114 1698; x_wconf 85' lang='grc' dir='ltr'><em>παραστάντα</em></span> <span class='ocrx_word' id='word_1_485' title='bbox 1143 1651 1228 1698; x_wconf 81' lang='grc' dir='ltr'><em>ἡμῖν</em></span> <span class='ocrx_word' id='word_1_486' title='bbox 1259 1657 1319 1687; x_wconf 86' lang='grc' dir='ltr'><strong>καὶ</strong></span> 
     </span>
    </p>

    <p class='ocr_par' dir='ltr' id='par_1_26' title="bbox 241 1692 1319 1787">
     <span class='ocr_line' id='line_1_62' title="bbox 241 1692 1319 1745; baseline 0.004 -17"><span class='ocrx_word' id='word_1_487' title='bbox 241 1692 302 1728; x_wconf 80' lang='grc' dir='ltr'><strong>διὰ</strong></span> <span class='ocrx_word' id='word_1_488' title='bbox 326 1693 433 1729; x_wconf 79' lang='grc' dir='ltr'><em>τοῦδε</em></span> <span class='ocrx_word' id='word_1_489' title='bbox 464 1697 529 1730; x_wconf 82' lang='grc' dir='ltr'><strong>τοῦ</strong></span> <span class='ocrx_word' id='word_1_490' title='bbox 553 1697 659 1731; x_wconf 81' lang='grc' dir='ltr'><em>θείου</em></span> <span class='ocrx_word' id='word_1_491' title='bbox 686 1695 887 1740; x_wconf 83' lang='grc' dir='ltr'><em>δηλούμενα</em></span> <span class='ocrx_word' id='word_1_492' title='bbox 917 1699 1028 1742; x_wconf 80' lang='grc' dir='ltr'><em>νόμου</em></span> <span class='ocrx_word' id='word_1_493' title='bbox 1052 1696 1073 1742; x_wconf 81' lang='grc' dir='ltr'><em>ἡ</em></span> <span class='ocrx_word' id='word_1_494' title='bbox 1099 1698 1144 1742; x_wconf 88' lang='grc' dir='ltr'><em>σὴ</em></span> <span class='ocrx_word' id='word_1_495' title='bbox 1164 1697 1319 1745; x_wconf 78' lang='grc' dir='ltr'><em>ὑπεροχὴ</em></span> 
     </span>
     <span class='ocr_line' id='line_1_63' title="bbox 305 1740 1316 1787; baseline 0.005 -13"><span class='ocrx_word' id='word_1_496' title='bbox 305 1753 335 1783; x_wconf 80' lang='grc' dir='ltr'>ῳ</span> <span class='ocrx_word' id='word_1_497' title='bbox 366 1743 427 1774; x_wconf 79' lang='grc' dir='ltr'><strong>καὶ</strong></span> <span class='ocrx_word' id='word_1_498' title='bbox 455 1744 585 1786; x_wconf 77' lang='grc' dir='ltr'><em>πέρατι</em></span> <span class='ocrx_word' id='word_1_499' title='bbox 617 1740 846 1787; x_wconf 86' lang='grc' dir='ltr'><em>παραδοῦναι</em></span> <span class='ocrx_word' id='word_1_500' title='bbox 878 1744 1080 1778; x_wconf 83' lang='grc' dir='ltr'><em>σπευσάτω.</em></span> <span class='ocrx_word' id='word_1_501' title='bbox 1172 1744 1255 1779; x_wconf 79' lang='lat' dir='ltr'><strong>Dat.</strong></span> <span class='ocrx_word' id='word_1_502' title='bbox 1281 1747 1316 1779; x_wconf 87' lang='lat' dir='ltr'><strong>k.</strong></span> 
     </span>
    </p>
   </div>
   <div class='ocr_carea' id='block_1_26' title="bbox 1387 1654 2457 1791">
    <p class='ocr_par' dir='ltr' id='par_1_27' title="bbox 1387 1654 2457 1791">
     <span class='ocr_line' id='line_1_64' title="bbox 1453 1654 2457 1701; baseline 0.002 -11"><span class='ocrx_word' id='word_1_503' title='bbox 1453 1654 1729 1701; x_wconf 61' lang='lat' dir='ltr'><strong>(Epilogus)</strong></span> <span class='ocrx_word' id='word_1_504' title='bbox 1788 1656 1886 1700; x_wconf 81' lang='lat' dir='ltr'><strong>Quae</strong></span> <span class='ocrx_word' id='word_1_505' title='bbox 1916 1657 2023 1701; x_wconf 85' lang='lat' dir='ltr'><strong>igitur</strong></span> <span class='ocrx_word' id='word_1_506' title='bbox 2051 1657 2263 1701; x_wconf 87' lang='lat' dir='ltr'><strong>placuerunt</strong></span> <span class='ocrx_word' id='word_1_507' title='bbox 2290 1657 2392 1693; x_wconf 86' lang='lat' dir='ltr'><strong>nobis</strong></span> <span class='ocrx_word' id='word_1_508' title='bbox 2422 1661 2457 1694; x_wconf 88' lang='lat' dir='ltr'><strong>et</strong></span> 
     </span>
     <span class='ocr_line' id='line_1_65' title="bbox 1387 1700 2455 1746; baseline 0.004 -12"><span class='ocrx_word' id='word_1_509' title='bbox 1387 1709 1451 1744; x_wconf 88' lang='lat' dir='ltr'><strong>per</strong></span> <span class='ocrx_word' id='word_1_510' title='bbox 1472 1700 1566 1734; x_wconf 86' lang='lat' dir='ltr'><strong>hanc</strong></span> <span class='ocrx_word' id='word_1_511' title='bbox 1590 1711 1727 1736; x_wconf 84' lang='lat' dir='ltr'><strong>sacram</strong></span> <span class='ocrx_word' id='word_1_512' title='bbox 1752 1702 1932 1737; x_wconf 87' lang='lat' dir='ltr'><strong>declarata</strong></span> <span class='ocrx_word' id='word_1_513' title='bbox 1956 1705 2041 1737; x_wconf 84' lang='lat' dir='ltr'><strong>sunt</strong></span> <span class='ocrx_word' id='word_1_514' title='bbox 2064 1703 2176 1746; x_wconf 87' lang='lat' dir='ltr'><strong>legem</strong></span> <span class='ocrx_word' id='word_1_515' title='bbox 2197 1706 2261 1737; x_wconf 86' lang='lat' dir='ltr'><strong>tua</strong></span> <span class='ocrx_word' id='word_1_516' title='bbox 2284 1703 2455 1738; x_wconf 85' lang='lat' dir='ltr'><strong>celsitudo</strong></span> 
     </span>
     <span class='ocr_line' id='line_1_66' title="bbox 1389 1745 2456 1791; baseline 0.004 -12"><span class='ocrx_word' id='word_1_517' title='bbox 1389 1745 1488 1789; x_wconf 91' lang='lat' dir='ltr'><strong>operi</strong></span> <span class='ocrx_word' id='word_1_518' title='bbox 1516 1745 1727 1791; x_wconf 84' lang='lat' dir='ltr'><strong>effectuique</strong></span> <span class='ocrx_word' id='word_1_519' title='bbox 1758 1747 1897 1782; x_wconf 87' lang='lat' dir='ltr'><strong>tradere</strong></span> <span class='ocrx_word' id='word_1_520' title='bbox 1928 1747 2082 1782; x_wconf 84' lang='lat' dir='ltr'><strong>festinet.</strong></span> <span class='ocrx_word' id='word_1_521' title='bbox 2178 1747 2261 1782; x_wconf 87' lang='lat' dir='ltr'><strong>Dat.</strong></span> <span class='ocrx_word' id='word_1_522' title='bbox 2286 1748 2357 1783; x_wconf 86' lang='lat' dir='ltr'><strong>kal.</strong></span> <span class='ocrx_word' id='word_1_523' title='bbox 2382 1747 2456 1783; x_wconf 87' lang='lat' dir='ltr'><strong>No-</strong></span> 
     </span>
    </p>
   </div>
   <div class='ocr_carea' id='block_1_27' title="bbox 240 1743 2454 1837">
    <p class='ocr_par' dir='ltr' id='par_1_28' title="bbox 240 1743 2454 1837">
     <span class='ocr_line' id='line_1_67' title="bbox 240 1743 2454 1837; baseline 0.004 -18"><span class='ocrx_word' id='word_1_524' title='bbox 240 1743 330 1820; x_wconf 53' lang='grc' dir='ltr'><strong>ἷῗέν.</strong></span> <span class='ocrx_word' id='word_1_525' title='bbox 369 1785 437 1821; x_wconf 85' lang='grc' dir='ltr'><strong>ΟΡ.</strong></span> <span class='ocrx_word' id='word_1_526' title='bbox 473 1786 558 1831; x_wconf 87' lang='lat' dir='ltr'><strong>imp.</strong></span> <span class='ocrx_word' id='word_1_527' title='bbox 595 1787 653 1823; x_wconf 91' lang='lat' dir='ltr'><strong>dn.</strong></span> <span class='ocrx_word' id='word_1_528' title='bbox 690 1787 878 1822; x_wconf 86' lang='lat' dir='ltr'><strong>Iustiniani</strong></span> <span class='ocrx_word' id='word_1_529' title='bbox 914 1798 1006 1823; x_wconf 90' lang='lat' dir='ltr'><strong>anno</strong></span> <span class='ocrx_word' id='word_1_530' title='bbox 1042 1788 1141 1824; x_wconf 90' lang='lat' dir='ltr'>XIII.</span> <span class='ocrx_word' id='word_1_531' title='bbox 1178 1789 1319 1833; x_wconf 91' lang='lat' dir='ltr'><strong>Apione</strong></span> <span class='ocrx_word' id='word_1_532' title='bbox 1333 1792 1374 1824; x_wconf 88' lang='lat'><strong>35</strong></span> <span class='ocrx_word' id='word_1_533' title='bbox 1389 1790 1540 1825; x_wconf 84' lang='lat' dir='ltr'><strong>vembris</strong></span> <span class='ocrx_word' id='word_1_534' title='bbox 1566 1791 1632 1826; x_wconf 85' lang='grc' dir='ltr'><strong>ΟΡ.</strong></span> <span class='ocrx_word' id='word_1_535' title='bbox 1654 1792 1737 1836; x_wconf 91' lang='lat' dir='ltr'><strong>imp.</strong></span> <span class='ocrx_word' id='word_1_536' title='bbox 1761 1792 1818 1827; x_wconf 91' lang='lat' dir='ltr'><strong>dn.</strong></span> <span class='ocrx_word' id='word_1_537' title='bbox 1840 1792 2027 1827; x_wconf 87' lang='lat' dir='ltr'><strong>Iustiniani</strong></span> <span class='ocrx_word' id='word_1_538' title='bbox 2050 1803 2110 1837; x_wconf 90' lang='lat' dir='ltr'><strong>pp.</strong></span> <span class='ocrx_word' id='word_1_539' title='bbox 2133 1794 2222 1837; x_wconf 85' lang='lat' dir='ltr'><strong>Aug.</strong></span> <span class='ocrx_word' id='word_1_540' title='bbox 2247 1802 2341 1829; x_wconf 86' lang='lat' dir='ltr'><strong>anno</strong></span> <span class='ocrx_word' id='word_1_541' title='bbox 2356 1793 2454 1828; x_wconf 85' lang='lat' dir='ltr'><strong>XIII.</strong></span> 
     </span>
    </p>
   </div>
   <div class='ocr_carea' id='block_1_28' title="bbox 239 1829 481 1876">
    <p class='ocr_par' dir='ltr' id='par_1_29' title="bbox 239 1829 481 1876">
     <span class='ocr_line' id='line_1_68' title="bbox 239 1829 481 1876; baseline -0.004 -10"><span class='ocrx_word' id='word_1_542' title='bbox 239 1830 289 1876; x_wconf 81' lang='lat' dir='ltr'><strong>(v.</strong></span> <span class='ocrx_word' id='word_1_543' title='bbox 311 1829 361 1875; x_wconf 69' lang='lat' dir='ltr'><strong>cs&gt;</strong></span> <span class='ocrx_word' id='word_1_544' title='bbox 384 1840 481 1866; x_wconf 86' lang='lat' dir='ltr'><strong>cons.</strong></span> 
     </span>
    </p>
   </div>
   <div class='ocr_carea' id='block_1_29' title="bbox 1290 1836 1808 1880">
    <p class='ocr_par' dir='ltr' id='par_1_30' title="bbox 1290 1836 1808 1880">
     <span class='ocr_line' id='line_1_69' title="bbox 1290 1836 1808 1880; baseline 0.006 -11"><span class='ocrx_word' id='word_1_545' title='bbox 1290 1838 1334 1877; x_wconf 90' lang='lat' dir='ltr'><strong>[a.</strong></span> <span class='ocrx_word' id='word_1_546' title='bbox 1349 1837 1426 1877; x_wconf 81' lang='lat'><strong>539]</strong></span> <span class='ocrx_word' id='word_1_547' title='bbox 1489 1836 1628 1880; x_wconf 87' lang='lat' dir='ltr'><strong>Apione</strong></span> <span class='ocrx_word' id='word_1_548' title='bbox 1652 1837 1808 1872; x_wconf 85' lang='lat' dir='ltr'><strong>consule.</strong></span> 
     </span>
    </p>
   </div>
   <div class='ocr_carea' id='block_1_30' title="bbox 311 1921 1855 1974">
    <p class='ocr_par' dir='ltr' id='par_1_31' title="bbox 311 1921 1855 1974">
     <span class='ocr_line' id='line_1_70' title="bbox 311 1921 1855 1974; baseline 0.004 -20"><span class='ocrx_word' id='word_1_549' title='bbox 311 1922 439 1955; x_wconf 86' lang='lat'>18—21</span> <span class='ocrx_word' id='word_1_550' title='bbox 467 1930 684 1965; x_wconf 77' lang='lat' dir='ltr'><strong>arqumentum</strong></span> <span class='ocrx_word' id='word_1_551' title='bbox 709 1931 838 1957; x_wconf 79' lang='lat' dir='ltr'><strong>notatur</strong></span> <span class='ocrx_word' id='word_1_552' title='bbox 860 1921 953 1958; x_wconf 57' lang='lat' dir='ltr'><strong>‘Rmn</strong></span> <span class='ocrx_word' id='word_1_553' title='bbox 975 1927 1027 1966; x_wconf 90' lang='grc'><em>10,</em></span> <span class='ocrx_word' id='word_1_554' title='bbox 1046 1933 1074 1967; x_wconf 79' lang='lat'><strong>2,</strong></span> <span class='ocrx_word' id='word_1_555' title='bbox 1099 1927 1154 1959; x_wconf 85' lang='lat' dir='ltr'><strong>ubi</strong></span> <span class='ocrx_word' id='word_1_556' title='bbox 1177 1928 1295 1959; x_wconf 76' lang='lat' dir='ltr'><strong>citatur</strong></span> <span class='ocrx_word' id='word_1_557' title='bbox 1318 1925 1428 1971; x_wconf 81' lang='grc' dir='ltr'><em>νεαρὰ</em></span> <span class='ocrx_word' id='word_1_558' title='bbox 1454 1926 1668 1970; x_wconf 74' lang='grc' dir='ltr'><em>ἐνενηκοστή</em></span> <span class='ocrx_word' id='word_1_559' title='bbox 1692 1924 1855 1974; x_wconf 85' lang='grc' dir='ltr'><em>τετάρτη.</em></span> 
     </span>
    </p>
   </div>
   <div class='ocr_carea' id='block_1_31' title="bbox 231 2011 2457 2738">
    <p class='ocr_par' dir='ltr' id='par_1_32' title="bbox 231 2011 2457 2689">
     <span class='ocr_line' id='line_1_71' title="bbox 238 2011 2457 2069; baseline 0.005 -23"><span class='ocrx_word' id='word_1_560' title='bbox 238 2022 278 2047; x_wconf 81' lang='lat' dir='ltr'><strong>se</strong></span> <span class='ocrx_word' id='word_1_561' title='bbox 298 2011 454 2065; x_wconf 76' lang='lat' dir='ltr'><strong>aliquem</strong></span> <span class='ocrx_word' id='word_1_562' title='bbox 482 2011 552 2046; x_wconf 82' lang='lat' dir='ltr'><strong>sibi</strong></span> <span class='ocrx_word' id='word_1_563' title='bbox 575 2012 771 2058; x_wconf 77' lang='lat' dir='ltr'><strong>obliqatum</strong></span> <span class='ocrx_word' id='word_1_564' title='bbox 795 2013 1000 2049; x_wconf 81' lang='lat' dir='ltr'><strong>convenisse</strong></span> <span class='ocrx_word' id='word_1_565' title='bbox 1024 2015 1123 2061; x_wconf 80' lang='lat' dir='ltr'><strong>apud</strong></span> <span class='ocrx_word' id='word_1_566' title='bbox 1146 2025 1255 2049; x_wconf 88' lang='lat' dir='ltr'><strong>unum</strong></span> <span class='ocrx_word' id='word_1_567' title='bbox 1285 2027 1335 2051; x_wconf 78' lang='lat' dir='ltr'><strong>ex</strong></span> <span class='ocrx_word' id='word_1_568' title='bbox 1356 2016 1625 2062; x_wconf 75' lang='lat' dir='ltr'><strong>qloriosissimis</strong></span> <span class='ocrx_word' id='word_1_569' title='bbox 1655 2017 1791 2052; x_wconf 84' lang='lat' dir='ltr'><strong>nostris</strong></span> <span class='ocrx_word' id='word_1_570' title='bbox 1822 2016 2107 2069; x_wconf 73' lang='lat' dir='ltr'><strong>maqistratibus,</strong></span> <span class='ocrx_word' id='word_1_571' title='bbox 2139 2018 2266 2055; x_wconf 88' lang='lat' dir='ltr'><strong>deinde</strong></span> <span class='ocrx_word' id='word_1_572' title='bbox 2289 2030 2367 2055; x_wconf 84' lang='lat' dir='ltr'><strong>eum</strong></span> <span class='ocrx_word' id='word_1_573' title='bbox 2391 2022 2457 2066; x_wconf 85' lang='lat' dir='ltr'><strong>qui</strong></span> 
     </span>
     <span class='ocr_line' id='line_1_72' title="bbox 238 2058 2455 2111; baseline 0.005 -20"><span class='ocrx_word' id='word_1_574' title='bbox 238 2067 323 2092; x_wconf 84' lang='lat' dir='ltr'><strong>reus</strong></span> <span class='ocrx_word' id='word_1_575' title='bbox 336 2058 463 2102; x_wconf 76' lang='lat' dir='ltr'><strong>sactus</strong></span> <span class='ocrx_word' id='word_1_576' title='bbox 478 2060 581 2098; x_wconf 84' lang='lat' dir='ltr'><strong>esset,</strong></span> <span class='ocrx_word' id='word_1_577' title='bbox 605 2058 668 2102; x_wconf 86' lang='lat' dir='ltr'><strong>qui</strong></span> <span class='ocrx_word' id='word_1_578' title='bbox 693 2068 741 2103; x_wconf 82' lang='lat' dir='ltr'><strong>pe</strong></span> <span class='ocrx_word' id='word_1_579' title='bbox 782 2058 821 2092; x_wconf 88' lang='lat' dir='ltr'><strong>ui</strong></span> <span class='ocrx_word' id='word_1_580' title='bbox 835 2063 871 2093; x_wconf 91' lang='lat' dir='ltr'><strong>et</strong></span> <span class='ocrx_word' id='word_1_581' title='bbox 885 2059 962 2105; x_wconf 78' lang='lat' dir='ltr'><strong>ipse</strong></span> <span class='ocrx_word' id='word_1_582' title='bbox 979 2064 1136 2094; x_wconf 88' lang='lat' dir='ltr'><strong>actorem</strong></span> <span class='ocrx_word' id='word_1_583' title='bbox 1152 2059 1219 2094; x_wconf 87' lang='lat' dir='ltr'><strong>sibi</strong></span> <span class='ocrx_word' id='word_1_584' title='bbox 1237 2060 1434 2106; x_wconf 77' lang='lat' dir='ltr'><strong>obliqacum</strong></span> <span class='ocrx_word' id='word_1_585' title='bbox 1451 2061 1608 2103; x_wconf 74' lang='lat' dir='ltr'><strong>liaberet,</strong></span> <span class='ocrx_word' id='word_1_586' title='bbox 1633 2062 1749 2108; x_wconf 81' lang='lat' dir='ltr'><strong>ipsum</strong></span> <span class='ocrx_word' id='word_1_587' title='bbox 1771 2061 1820 2096; x_wconf 88' lang='lat' dir='ltr'><strong>ad</strong></span> <span class='ocrx_word' id='word_1_588' title='bbox 1834 2062 1943 2097; x_wconf 66' lang='lat' dir='ltr'><strong>altum</strong></span> <span class='ocrx_word' id='word_1_589' title='bbox 1965 2062 2116 2097; x_wconf 85' lang='lat' dir='ltr'><strong>iudicem</strong></span> <span class='ocrx_word' id='word_1_590' title='bbox 2141 2064 2308 2099; x_wconf 79' lang='lat' dir='ltr'><strong>traoeisse.</strong></span> <span class='ocrx_word' id='word_1_591' title='bbox 2340 2066 2455 2111; x_wconf 82' lang='lat' dir='ltr'><strong>Atque</strong></span> 
     </span>
     <span class='ocr_line' id='line_1_73' title="bbox 236 2069 2455 2153; baseline 0.005 -18"><span class='ocrx_word' id='word_1_592' title='bbox 236 2106 385 2148; x_wconf 82' lang='lat' dir='ltr'><strong>praeter</strong></span> <span class='ocrx_word' id='word_1_593' title='bbox 408 2102 612 2148; x_wconf 78' lang='lat' dir='ltr'><strong>opinionem</strong></span> <span class='ocrx_word' id='word_1_594' title='bbox 634 2113 657 2137; x_wconf 86' lang='lat' dir='ltr'><strong>a</strong></span> <span class='ocrx_word' id='word_1_595' title='bbox 672 2069 777 2148; x_wconf 52' lang='lat' dir='ltr'><strong>iquiss</strong></span> <span class='ocrx_word' id='word_1_596' title='bbox 795 2103 937 2146; x_wconf 83' lang='lat' dir='ltr'><strong>factum</strong></span> <span class='ocrx_word' id='word_1_597' title='bbox 953 2109 1024 2139; x_wconf 90' lang='lat' dir='ltr'><strong>est:</strong></span> <span class='ocrx_word' id='word_1_598' title='bbox 1047 2105 1219 2150; x_wconf 83' lang='lat' dir='ltr'><strong>quoniam</strong></span> <span class='ocrx_word' id='word_1_599' title='bbox 1240 2106 1333 2140; x_wconf 89' lang='lat' dir='ltr'><strong>enim</strong></span> <span class='ocrx_word' id='word_1_600' title='bbox 1350 2117 1426 2152; x_wconf 76' lang='lat' dir='ltr'><strong>pro</strong></span> <span class='ocrx_word' id='word_1_601' title='bbox 1443 2116 1481 2141; x_wconf 84' lang='lat' dir='ltr'><strong>se</strong></span> <span class='ocrx_word' id='word_1_602' title='bbox 1497 2111 1647 2152; x_wconf 83' lang='lat' dir='ltr'><strong>uterque</strong></span> <span class='ocrx_word' id='word_1_603' title='bbox 1670 2107 1805 2153; x_wconf 86' lang='lat' dir='ltr'><strong>actoris</strong></span> <span class='ocrx_word' id='word_1_604' title='bbox 1829 2106 1945 2142; x_wconf 86' lang='lat' dir='ltr'><strong>locum</strong></span> <span class='ocrx_word' id='word_1_605' title='bbox 1970 2107 2161 2150; x_wconf 81' lang='lat' dir='ltr'><strong>obtinebat,</strong></span> <span class='ocrx_word' id='word_1_606' title='bbox 2185 2119 2245 2144; x_wconf 86' lang='lat' dir='ltr'><strong>res</strong></span> <span class='ocrx_word' id='word_1_607' title='bbox 2267 2109 2398 2145; x_wconf 86' lang='lat' dir='ltr'><strong>misera</strong></span> <span class='ocrx_word' id='word_1_608' title='bbox 2421 2119 2455 2146; x_wconf 83' lang='lat' dir='ltr'><strong>et</strong></span> 
     </span>
     <span class='ocr_line' id='line_1_74' title="bbox 238 2146 2455 2200; baseline 0.004 -19"><span class='ocrx_word' id='word_1_609' title='bbox 238 2146 393 2181; x_wconf 84' lang='lat' dir='ltr'><strong>ridicula</strong></span> <span class='ocrx_word' id='word_1_610' title='bbox 415 2147 524 2182; x_wconf 83' lang='lat' dir='ltr'><strong>simul</strong></span> <span class='ocrx_word' id='word_1_611' title='bbox 544 2147 733 2182; x_wconf 79' lang='lat' dir='ltr'><strong>eveniebat.</strong></span> <span class='ocrx_word' id='word_1_612' title='bbox 781 2147 874 2182; x_wconf 91' lang='lat' dir='ltr'><strong>Nam</strong></span> <span class='ocrx_word' id='word_1_613' title='bbox 898 2148 1006 2183; x_wconf 83' lang='lat' dir='ltr'><strong>simul</strong></span> <span class='ocrx_word' id='word_1_614' title='bbox 1027 2154 1068 2183; x_wconf 86' lang='lat' dir='ltr'><strong>ut</strong></span> <span class='ocrx_word' id='word_1_615' title='bbox 1087 2160 1188 2183; x_wconf 83' lang='lat' dir='ltr'><strong>suam</strong></span> <span class='ocrx_word' id='word_1_616' title='bbox 1213 2150 1364 2195; x_wconf 82' lang='lat' dir='ltr'><strong>quisque</strong></span> <span class='ocrx_word' id='word_1_617' title='bbox 1385 2161 1532 2186; x_wconf 88' lang='lat' dir='ltr'><strong>causam</strong></span> <span class='ocrx_word' id='word_1_618' title='bbox 1555 2162 1696 2186; x_wconf 87' lang='lat' dir='ltr'><strong>movere</strong></span> <span class='ocrx_word' id='word_1_619' title='bbox 1720 2151 1833 2193; x_wconf 79' lang='lat' dir='ltr'><strong>vellet,</strong></span> <span class='ocrx_word' id='word_1_620' title='bbox 1856 2153 1978 2186; x_wconf 85' lang='lat' dir='ltr'><strong>statim</strong></span> <span class='ocrx_word' id='word_1_621' title='bbox 2001 2152 2064 2197; x_wconf 80' lang='lat' dir='ltr'><strong>qui</strong></span> <span class='ocrx_word' id='word_1_622' title='bbox 2079 2163 2158 2187; x_wconf 90' lang='lat' dir='ltr'><strong>eum</strong></span> <span class='ocrx_word' id='word_1_623' title='bbox 2181 2153 2282 2200; x_wconf 82' lang='lat' dir='ltr'><strong>apud</strong></span> <span class='ocrx_word' id='word_1_624' title='bbox 2303 2155 2455 2190; x_wconf 76' lang='lat' dir='ltr'><strong>alterum</strong></span> 
     </span>
     <span class='ocr_line' id='line_1_75' title="bbox 238 2191 2455 2242; baseline 0.004 -17"><span class='ocrx_word' id='word_1_625' title='bbox 238 2191 390 2226; x_wconf 86' lang='lat' dir='ltr'><strong>iudicem</strong></span> <span class='ocrx_word' id='word_1_626' title='bbox 413 2196 669 2227; x_wconf 85' lang='lat' dir='ltr'><strong>reconvenerat</strong></span> <span class='ocrx_word' id='word_1_627' title='bbox 693 2192 857 2228; x_wconf 78' lang='lat' dir='ltr'><strong>trahebat</strong></span> <span class='ocrx_word' id='word_1_628' title='bbox 881 2204 958 2228; x_wconf 87' lang='lat' dir='ltr'><strong>eum</strong></span> <span class='ocrx_word' id='word_1_629' title='bbox 983 2193 1033 2228; x_wconf 86' lang='lat' dir='ltr'><strong>ad</strong></span> <span class='ocrx_word' id='word_1_630' title='bbox 1053 2193 1205 2229; x_wconf 87' lang='lat' dir='ltr'><strong>iudicem</strong></span> <span class='ocrx_word' id='word_1_631' title='bbox 1229 2205 1331 2240; x_wconf 84' lang='lat' dir='ltr'><strong>quem</strong></span> <span class='ocrx_word' id='word_1_632' title='bbox 1355 2196 1433 2241; x_wconf 86' lang='lat' dir='ltr'><strong>ipse-</strong></span> <span class='ocrx_word' id='word_1_633' title='bbox 1455 2197 1605 2231; x_wconf 83' lang='lat' dir='ltr'><strong>sortitus</strong></span> <span class='ocrx_word' id='word_1_634' title='bbox 1629 2200 1718 2239; x_wconf 87' lang='lat' dir='ltr'><strong>erat,</strong></span> <span class='ocrx_word' id='word_1_635' title='bbox 1743 2201 1850 2242; x_wconf 84' lang='lat' dir='ltr'><strong>atque</strong></span> <span class='ocrx_word' id='word_1_636' title='bbox 1874 2197 1926 2231; x_wconf 92' lang='lat' dir='ltr'><strong>ita</strong></span> <span class='ocrx_word' id='word_1_637' title='bbox 1949 2207 1987 2231; x_wconf 92' lang='lat' dir='ltr'><strong>se</strong></span> <span class='ocrx_word' id='word_1_638' title='bbox 2010 2197 2157 2232; x_wconf 80' lang='lat' dir='ltr'><strong>invicem</strong></span> <span class='ocrx_word' id='word_1_639' title='bbox 2180 2197 2250 2233; x_wconf 81' lang='lat' dir='ltr'><strong>buc</strong></span> <span class='ocrx_word' id='word_1_640' title='bbox 2274 2199 2359 2234; x_wconf 85' lang='lat' dir='ltr'><strong>illuc</strong></span> <span class='ocrx_word' id='word_1_641' title='bbox 2383 2203 2455 2236; x_wconf 82' lang='lat' dir='ltr'><strong>tra-</strong></span> 
     </span>
     <span class='ocr_line' id='line_1_76' title="bbox 237 2235 2457 2296; baseline 0.003 -24"><span class='ocrx_word' id='word_1_642' title='bbox 237 2238 258 2272; x_wconf 92' lang='lat'>1</span> <span class='ocrx_word' id='word_1_643' title='bbox 304 2235 426 2272; x_wconf 67' lang='lat' dir='ltr'><strong>tientes</strong></span> <span class='ocrx_word' id='word_1_644' title='bbox 449 2237 683 2272; x_wconf 84' lang='lat' dir='ltr'><strong>immortalem</strong></span> <span class='ocrx_word' id='word_1_645' title='bbox 707 2237 802 2272; x_wconf 84' lang='lat' dir='ltr'><strong>litem</strong></span> <span class='ocrx_word' id='word_1_646' title='bbox 826 2238 1053 2273; x_wconf 77' lang='lat' dir='ltr'><strong>exercebant.</strong></span> <span class='ocrx_word' id='word_1_647' title='bbox 1157 2238 1347 2275; x_wconf 79' lang='lat' dir='ltr'><strong>Sancimus</strong></span> <span class='ocrx_word' id='word_1_648' title='bbox 1371 2241 1494 2287; x_wconf 55' lang='lat' dir='ltr'><strong>icitur,</strong></span> <span class='ocrx_word' id='word_1_649' title='bbox 1528 2242 1560 2276; x_wconf 87' lang='lat' dir='ltr'><strong>si</strong></span> <span class='ocrx_word' id='word_1_650' title='bbox 1583 2242 1665 2287; x_wconf 82' lang='lat' dir='ltr'><strong>quis</strong></span> <span class='ocrx_word' id='word_1_651' title='bbox 1687 2241 1883 2276; x_wconf 78' lang='lat' dir='ltr'><strong>obnoxium</strong></span> <span class='ocrx_word' id='word_1_652' title='bbox 1906 2241 1974 2276; x_wconf 84' lang='lat' dir='ltr'><strong>sibi</strong></span> <span class='ocrx_word' id='word_1_653' title='bbox 1998 2241 2128 2278; x_wconf 78' lang='lat' dir='ltr'><strong>babere</strong></span> <span class='ocrx_word' id='word_1_654' title='bbox 2156 2247 2266 2289; x_wconf 86' lang='lat' dir='ltr'><strong>putat</strong></span> <span class='ocrx_word' id='word_1_655' title='bbox 2292 2254 2370 2279; x_wconf 88' lang='lat' dir='ltr'><strong>eum</strong></span> <span class='ocrx_word' id='word_1_656' title='bbox 2394 2245 2457 2296; x_wconf 85' lang='lat' dir='ltr'><strong>qui</strong></span> 
     </span>
     <span class='ocr_line' id='line_1_77' title="bbox 238 2281 2455 2333; baseline 0.005 -18"><span class='ocrx_word' id='word_1_657' title='bbox 238 2286 367 2316; x_wconf 87' lang='lat' dir='ltr'><strong>contra</strong></span> <span class='ocrx_word' id='word_1_658' title='bbox 389 2282 506 2328; x_wconf 83' lang='lat' dir='ltr'><strong>ipsum</strong></span> <span class='ocrx_word' id='word_1_659' title='bbox 530 2292 676 2316; x_wconf 86' lang='lat' dir='ltr'><strong>causam</strong></span> <span class='ocrx_word' id='word_1_660' title='bbox 699 2281 836 2324; x_wconf 85' lang='lat' dir='ltr'><strong>detulit,</strong></span> <span class='ocrx_word' id='word_1_661' title='bbox 870 2294 914 2317; x_wconf 92' lang='lat' dir='ltr'><strong>ne</strong></span> <span class='ocrx_word' id='word_1_662' title='bbox 936 2294 1016 2318; x_wconf 90' lang='lat' dir='ltr'><strong>eum</strong></span> <span class='ocrx_word' id='word_1_663' title='bbox 1037 2283 1138 2330; x_wconf 81' lang='lat' dir='ltr'><strong>apud</strong></span> <span class='ocrx_word' id='word_1_664' title='bbox 1167 2284 1277 2318; x_wconf 86' lang='lat' dir='ltr'><strong>alium</strong></span> <span class='ocrx_word' id='word_1_665' title='bbox 1302 2286 1472 2328; x_wconf 86' lang='lat' dir='ltr'><strong>iudicem,</strong></span> <span class='ocrx_word' id='word_1_666' title='bbox 1503 2286 1569 2321; x_wconf 82' lang='lat' dir='ltr'><strong>sed</strong></span> <span class='ocrx_word' id='word_1_667' title='bbox 1598 2287 1698 2333; x_wconf 83' lang='lat' dir='ltr'><strong>apud</strong></span> <span class='ocrx_word' id='word_1_668' title='bbox 1727 2286 1875 2321; x_wconf 88' lang='lat' dir='ltr'><strong>eundem</strong></span> <span class='ocrx_word' id='word_1_669' title='bbox 1906 2287 2028 2322; x_wconf 85' lang='lat' dir='ltr'><strong>statim</strong></span> <span class='ocrx_word' id='word_1_670' title='bbox 2060 2287 2105 2322; x_wconf 89' lang='lat' dir='ltr'><strong>ab</strong></span> <span class='ocrx_word' id='word_1_671' title='bbox 2128 2288 2231 2323; x_wconf 88' lang='lat' dir='ltr'><strong>initio</strong></span> <span class='ocrx_word' id='word_1_672' title='bbox 2255 2294 2455 2331; x_wconf 68' lang='lat' dir='ltr'><strong>conveniat,</strong></span> 
     </span>
     <span class='ocr_line' id='line_1_78' title="bbox 238 2326 2455 2377; baseline 0.005 -15"><span class='ocrx_word' id='word_1_673' title='bbox 238 2330 346 2372; x_wconf 85' lang='lat' dir='ltr'><strong>atque</strong></span> <span class='ocrx_word' id='word_1_674' title='bbox 370 2327 461 2362; x_wconf 83' lang='lat' dir='ltr'><strong>idem</strong></span> <span class='ocrx_word' id='word_1_675' title='bbox 484 2326 523 2361; x_wconf 91' lang='lat' dir='ltr'><strong>in</strong></span> <span class='ocrx_word' id='word_1_676' title='bbox 546 2332 701 2372; x_wconf 84' lang='lat' dir='ltr'><strong>utraque</strong></span> <span class='ocrx_word' id='word_1_677' title='bbox 725 2338 835 2362; x_wconf 86' lang='lat' dir='ltr'><strong>eausa</strong></span> <span class='ocrx_word' id='word_1_678' title='bbox 858 2327 971 2363; x_wconf 77' lang='lat' dir='ltr'><strong>iudex</strong></span> <span class='ocrx_word' id='word_1_679' title='bbox 993 2329 1050 2363; x_wconf 88' lang='lat' dir='ltr'><strong>sit.</strong></span> <span class='ocrx_word' id='word_1_680' title='bbox 1106 2328 1244 2371; x_wconf 79' lang='lat' dir='ltr'><strong>Quodsi</strong></span> <span class='ocrx_word' id='word_1_681' title='bbox 1265 2330 1367 2375; x_wconf 87' lang='lat' dir='ltr'><strong>forte</strong></span> <span class='ocrx_word' id='word_1_682' title='bbox 1391 2330 1617 2377; x_wconf 78' lang='lat' dir='ltr'><strong>displicuerit</strong></span> <span class='ocrx_word' id='word_1_683' title='bbox 1644 2331 1677 2366; x_wconf 89' lang='lat' dir='ltr'><strong>ei</strong></span> <span class='ocrx_word' id='word_1_684' title='bbox 1700 2331 1812 2366; x_wconf 74' lang='lat' dir='ltr'><strong>iudex</strong></span> <span class='ocrx_word' id='word_1_685' title='bbox 1842 2331 1943 2377; x_wconf 85' lang='lat' dir='ltr'><strong>apud</strong></span> <span class='ocrx_word' id='word_1_686' title='bbox 1965 2342 2070 2377; x_wconf 86' lang='lat' dir='ltr'><strong>quem</strong></span> <span class='ocrx_word' id='word_1_687' title='bbox 2101 2332 2195 2368; x_wconf 88' lang='lat' dir='ltr'><strong>litem</strong></span> <span class='ocrx_word' id='word_1_688' title='bbox 2218 2335 2368 2369; x_wconf 84' lang='lat' dir='ltr'><strong>sortitus</strong></span> <span class='ocrx_word' id='word_1_689' title='bbox 2390 2340 2455 2377; x_wconf 78' lang='lat' dir='ltr'><strong>est.</strong></span> 
     </span>
     <span class='ocr_line' id='line_1_79' title="bbox 238 2371 2455 2422; baseline 0.004 -16"><span class='ocrx_word' id='word_1_690' title='bbox 238 2371 307 2406; x_wconf 81' lang='lat' dir='ltr'><strong>boc</strong></span> <span class='ocrx_word' id='word_1_691' title='bbox 330 2382 474 2417; x_wconf 86' lang='lat' dir='ltr'><strong>quoque</strong></span> <span class='ocrx_word' id='word_1_692' title='bbox 504 2372 538 2407; x_wconf 90' lang='lat' dir='ltr'><strong>ei</strong></span> <span class='ocrx_word' id='word_1_693' title='bbox 567 2373 755 2407; x_wconf 85' lang='lat' dir='ltr'><strong>emendare</strong></span> <span class='ocrx_word' id='word_1_694' title='bbox 781 2373 871 2408; x_wconf 82' lang='lat' dir='ltr'><strong>licet.</strong></span> <span class='ocrx_word' id='word_1_695' title='bbox 921 2372 1015 2408; x_wconf 88' lang='lat' dir='ltr'><strong>Nam</strong></span> <span class='ocrx_word' id='word_1_696' title='bbox 1046 2384 1126 2408; x_wconf 89' lang='lat' dir='ltr'><strong>cum</strong></span> <span class='ocrx_word' id='word_1_697' title='bbox 1158 2385 1225 2409; x_wconf 86' lang='lat' dir='ltr'><strong>nos</strong></span> <span class='ocrx_word' id='word_1_698' title='bbox 1256 2376 1385 2421; x_wconf 59' lang='lat' dir='ltr'><strong>viciati</strong></span> <span class='ocrx_word' id='word_1_699' title='bbox 1413 2376 1550 2411; x_wconf 86' lang='lat' dir='ltr'><strong>dierum</strong></span> <span class='ocrx_word' id='word_1_700' title='bbox 1582 2377 1739 2422; x_wconf 82' lang='lat' dir='ltr'><strong>spatium</strong></span> <span class='ocrx_word' id='word_1_701' title='bbox 1764 2384 1851 2422; x_wconf 85' lang='lat' dir='ltr'><strong>post</strong></span> <span class='ocrx_word' id='word_1_702' title='bbox 1884 2376 2042 2412; x_wconf 79' lang='lat' dir='ltr'><strong>libellum</strong></span> <span class='ocrx_word' id='word_1_703' title='bbox 2070 2378 2215 2412; x_wconf 83' lang='lat' dir='ltr'><strong>missum</strong></span> <span class='ocrx_word' id='word_1_704' title='bbox 2243 2377 2455 2422; x_wconf 83' lang='lat' dir='ltr'><strong>dederimus,</strong></span> 
     </span>
     <span class='ocr_line' id='line_1_80' title="bbox 231 2416 2454 2470; baseline 0.004 -19"><span class='ocrx_word' id='word_1_705' title='bbox 231 2421 321 2463; x_wconf 83' lang='lat' dir='ltr'><strong>post</strong></span> <span class='ocrx_word' id='word_1_706' title='bbox 344 2416 443 2462; x_wconf 87' lang='lat' dir='ltr'><strong>quod</strong></span> <span class='ocrx_word' id='word_1_707' title='bbox 464 2416 559 2452; x_wconf 86' lang='lat' dir='ltr'><strong>litem</strong></span> <span class='ocrx_word' id='word_1_708' title='bbox 583 2418 781 2459; x_wconf 80' lang='lat' dir='ltr'><strong>contestari</strong></span> <span class='ocrx_word' id='word_1_709' title='bbox 804 2422 982 2464; x_wconf 80' lang='lat' dir='ltr'><strong>oporteat,</strong></span> <span class='ocrx_word' id='word_1_710' title='bbox 1007 2418 1090 2454; x_wconf 86' lang='lat' dir='ltr'><strong>licet</strong></span> <span class='ocrx_word' id='word_1_711' title='bbox 1111 2419 1210 2454; x_wconf 85' lang='lat' dir='ltr'><strong>intra</strong></span> <span class='ocrx_word' id='word_1_712' title='bbox 1233 2420 1350 2455; x_wconf 83' lang='lat' dir='ltr'><strong>dictas</strong></span> <span class='ocrx_word' id='word_1_713' title='bbox 1373 2421 1532 2456; x_wconf 82' lang='lat' dir='ltr'><strong>indutias</strong></span> <span class='ocrx_word' id='word_1_714' title='bbox 1555 2421 1654 2456; x_wconf 83' lang='lat' dir='ltr'><strong>illum</strong></span> <span class='ocrx_word' id='word_1_715' title='bbox 1679 2421 1821 2467; x_wconf 81' lang='lat' dir='ltr'><strong>quidem</strong></span> <span class='ocrx_word' id='word_1_716' title='bbox 1844 2432 2012 2457; x_wconf 87' lang='lat' dir='ltr'><strong>recusare</strong></span> <span class='ocrx_word' id='word_1_717' title='bbox 2035 2422 2145 2456; x_wconf 86' lang='lat' dir='ltr'><strong>alium</strong></span> <span class='ocrx_word' id='word_1_718' title='bbox 2174 2433 2258 2458; x_wconf 86' lang='lat' dir='ltr'><strong>vero</strong></span> <span class='ocrx_word' id='word_1_719' title='bbox 2280 2424 2454 2470; x_wconf 84' lang='lat' dir='ltr'><strong>accipere.</strong></span> 
     </span>
     <span class='ocr_line' id='line_1_81' title="bbox 237 2461 2455 2518; baseline 0.004 -22"><span class='ocrx_word' id='word_1_720' title='bbox 237 2461 337 2508; x_wconf 84' lang='lat' dir='ltr'><strong>apud</strong></span> <span class='ocrx_word' id='word_1_721' title='bbox 359 2472 463 2508; x_wconf 84' lang='lat' dir='ltr'><strong>quem</strong></span> <span class='ocrx_word' id='word_1_722' title='bbox 485 2472 616 2497; x_wconf 84' lang='lat' dir='ltr'><strong>rursus</strong></span> <span class='ocrx_word' id='word_1_723' title='bbox 637 2466 829 2508; x_wconf 81' lang='lat' dir='ltr'><strong>utramque</strong></span> <span class='ocrx_word' id='word_1_724' title='bbox 853 2463 948 2498; x_wconf 84' lang='lat' dir='ltr'><strong>litem</strong></span> <span class='ocrx_word' id='word_1_725' title='bbox 970 2463 1135 2499; x_wconf 85' lang='lat' dir='ltr'><strong>similiter</strong></span> <span class='ocrx_word' id='word_1_726' title='bbox 1159 2464 1362 2511; x_wconf 85' lang='lat' dir='ltr'><strong>disceptare</strong></span> <span class='ocrx_word' id='word_1_727' title='bbox 1386 2471 1563 2510; x_wconf 84' lang='lat' dir='ltr'><strong>oporteat,</strong></span> <span class='ocrx_word' id='word_1_728' title='bbox 1597 2478 1683 2502; x_wconf 87' lang='lat' dir='ltr'><strong>neve</strong></span> <span class='ocrx_word' id='word_1_729' title='bbox 1706 2466 1882 2501; x_wconf 85' lang='lat' dir='ltr'><strong>eiusmodi</strong></span> <span class='ocrx_word' id='word_1_730' title='bbox 1905 2471 2001 2502; x_wconf 89' lang='lat' dir='ltr'><strong>artes</strong></span> <span class='ocrx_word' id='word_1_731' title='bbox 2023 2467 2099 2502; x_wconf 87' lang='lat' dir='ltr'><strong>ullo</strong></span> <span class='ocrx_word' id='word_1_732' title='bbox 2116 2471 2230 2513; x_wconf 84' lang='lat' dir='ltr'><strong>pacto</strong></span> <span class='ocrx_word' id='word_1_733' title='bbox 2251 2468 2360 2518; x_wconf 73' lang='lat' dir='ltr'><strong>fiant,</strong></span> <span class='ocrx_word' id='word_1_734' title='bbox 2390 2469 2455 2505; x_wconf 85' lang='lat' dir='ltr'><strong>sed</strong></span> 
     </span>
     <span class='ocr_line' id='line_1_82' title="bbox 237 2507 2455 2556; baseline 0.004 -14"><span class='ocrx_word' id='word_1_735' title='bbox 237 2517 302 2542; x_wconf 88' lang='lat' dir='ltr'><strong>suo</strong></span> <span class='ocrx_word' id='word_1_736' title='bbox 326 2508 478 2552; x_wconf 82' lang='lat' dir='ltr'><strong>quisque</strong></span> <span class='ocrx_word' id='word_1_737' title='bbox 503 2508 581 2542; x_wconf 86' lang='lat' dir='ltr'><strong>iure</strong></span> <span class='ocrx_word' id='word_1_738' title='bbox 603 2511 739 2543; x_wconf 84' lang='lat' dir='ltr'><strong>utatur.</strong></span> <span class='ocrx_word' id='word_1_739' title='bbox 795 2507 836 2543; x_wconf 88' lang='lat' dir='ltr'><strong>Si</strong></span> <span class='ocrx_word' id='word_1_740' title='bbox 860 2519 943 2544; x_wconf 88' lang='lat' dir='ltr'><strong>vero</strong></span> <span class='ocrx_word' id='word_1_741' title='bbox 976 2511 1127 2544; x_wconf 84' lang='lat' dir='ltr'><strong>tacuerit</strong></span> <span class='ocrx_word' id='word_1_742' title='bbox 1158 2520 1202 2545; x_wconf 90' lang='lat' dir='ltr'><strong>ac</strong></span> <span class='ocrx_word' id='word_1_743' title='bbox 1226 2516 1359 2556; x_wconf 82' lang='lat' dir='ltr'><strong>postea</strong></span> <span class='ocrx_word' id='word_1_744' title='bbox 1393 2511 1532 2546; x_wconf 84' lang='lat' dir='ltr'><strong>demum</strong></span> <span class='ocrx_word' id='word_1_745' title='bbox 1565 2512 1661 2547; x_wconf 82' lang='lat' dir='ltr'><strong>litem</strong></span> <span class='ocrx_word' id='word_1_746' title='bbox 1691 2523 1714 2546; x_wconf 90' lang='lat' dir='ltr'><strong>a</strong></span> <span class='ocrx_word' id='word_1_747' title='bbox 1742 2511 1791 2546; x_wconf 91' lang='lat' dir='ltr'><strong>ud</strong></span> <span class='ocrx_word' id='word_1_748' title='bbox 1813 2511 1924 2546; x_wconf 87' lang='lat' dir='ltr'><strong>alium</strong></span> <span class='ocrx_word' id='word_1_749' title='bbox 1948 2511 2100 2547; x_wconf 83' lang='lat' dir='ltr'><strong>iudicem</strong></span> <span class='ocrx_word' id='word_1_750' title='bbox 2131 2523 2270 2548; x_wconf 85' lang='lat' dir='ltr'><strong>movere</strong></span> <span class='ocrx_word' id='word_1_751' title='bbox 2292 2514 2455 2556; x_wconf 85' lang='lat' dir='ltr'><strong>voluerit,</strong></span> 
     </span>
     <span class='ocr_line' id='line_1_83' title="bbox 237 2552 2454 2603; baseline 0.004 -17"><span class='ocrx_word' id='word_1_752' title='bbox 237 2562 378 2587; x_wconf 85' lang='lat' dir='ltr'><strong>necesse</strong></span> <span class='ocrx_word' id='word_1_753' title='bbox 402 2552 532 2587; x_wconf 74' lang='lat' dir='ltr'><strong>babeat</strong></span> <span class='ocrx_word' id='word_1_754' title='bbox 557 2552 666 2597; x_wconf 83' lang='lat' dir='ltr'><strong>finem</strong></span> <span class='ocrx_word' id='word_1_755' title='bbox 689 2558 884 2599; x_wconf 75' lang='lat' dir='ltr'><strong>expectare</strong></span> <span class='ocrx_word' id='word_1_756' title='bbox 915 2553 989 2589; x_wconf 87' lang='lat' dir='ltr'><strong>litis</strong></span> <span class='ocrx_word' id='word_1_757' title='bbox 1017 2554 1088 2589; x_wconf 85' lang='lat' dir='ltr'><strong>sibi</strong></span> <span class='ocrx_word' id='word_1_758' title='bbox 1113 2559 1233 2590; x_wconf 88' lang='lat' dir='ltr'><strong>motae</strong></span> <span class='ocrx_word' id='word_1_759' title='bbox 1261 2555 1304 2590; x_wconf 89' lang='lat' dir='ltr'><strong>ab</strong></span> <span class='ocrx_word' id='word_1_760' title='bbox 1330 2567 1372 2592; x_wconf 88' lang='lat' dir='ltr'><strong>eo</strong></span> <span class='ocrx_word' id='word_1_761' title='bbox 1404 2556 1468 2602; x_wconf 85' lang='lat' dir='ltr'><strong>qui</strong></span> <span class='ocrx_word' id='word_1_762' title='bbox 1490 2567 1569 2591; x_wconf 88' lang='lat' dir='ltr'><strong>eum</strong></span> <span class='ocrx_word' id='word_1_763' title='bbox 1604 2558 1642 2590; x_wconf 88' lang='lat' dir='ltr'><strong>in</strong></span> <span class='ocrx_word' id='word_1_764' title='bbox 1666 2557 1704 2591; x_wconf 89' lang='lat' dir='ltr'><strong>iu</strong></span> <span class='ocrx_word' id='word_1_765' title='bbox 1731 2556 1836 2591; x_wconf 87' lang='lat' dir='ltr'><strong>icium</strong></span> <span class='ocrx_word' id='word_1_766' title='bbox 1862 2556 1988 2599; x_wconf 77' lang='lat' dir='ltr'><strong>traxit,</strong></span> <span class='ocrx_word' id='word_1_767' title='bbox 2020 2560 2054 2591; x_wconf 91' lang='lat' dir='ltr'><strong>et</strong></span> <span class='ocrx_word' id='word_1_768' title='bbox 2077 2557 2138 2592; x_wconf 86' lang='lat' dir='ltr'><strong>ubi</strong></span> <span class='ocrx_word' id='word_1_769' title='bbox 2162 2558 2206 2592; x_wconf 86' lang='lat' dir='ltr'><strong>lis</strong></span> <span class='ocrx_word' id='word_1_770' title='bbox 2225 2558 2333 2603; x_wconf 84' lang='lat' dir='ltr'><strong>finem</strong></span> <span class='ocrx_word' id='word_1_771' title='bbox 2356 2569 2454 2595; x_wconf 85' lang='lat' dir='ltr'><strong>acce-</strong></span> 
     </span>
     <span class='ocr_line' id='line_1_84' title="bbox 231 2597 2454 2646; baseline 0.004 -15"><span class='ocrx_word' id='word_1_772' title='bbox 231 2597 343 2643; x_wconf 81' lang='lat' dir='ltr'><strong>perit,</strong></span> <span class='ocrx_word' id='word_1_773' title='bbox 375 2601 448 2632; x_wconf 90' lang='lat' dir='ltr'><strong>tum</strong></span> <span class='ocrx_word' id='word_1_774' title='bbox 472 2607 619 2632; x_wconf 87' lang='lat' dir='ltr'><strong>causam</strong></span> <span class='ocrx_word' id='word_1_775' title='bbox 640 2608 744 2632; x_wconf 84' lang='lat' dir='ltr'><strong>suam</strong></span> <span class='ocrx_word' id='word_1_776' title='bbox 767 2598 869 2644; x_wconf 84' lang='lat' dir='ltr'><strong>apud</strong></span> <span class='ocrx_word' id='word_1_777' title='bbox 891 2598 1001 2633; x_wconf 87' lang='lat' dir='ltr'><strong>alium</strong></span> <span class='ocrx_word' id='word_1_778' title='bbox 1023 2598 1175 2634; x_wconf 83' lang='lat' dir='ltr'><strong>iudicem</strong></span> <span class='ocrx_word' id='word_1_779' title='bbox 1196 2606 1394 2646; x_wconf 83' lang='lat' dir='ltr'><strong>proponat,</strong></span> <span class='ocrx_word' id='word_1_780' title='bbox 1425 2605 1467 2637; x_wconf 89' lang='lat' dir='ltr'><strong>ut</strong></span> <span class='ocrx_word' id='word_1_781' title='bbox 1489 2601 1556 2636; x_wconf 79' lang='lat' dir='ltr'><strong>hoc</strong></span> <span class='ocrx_word' id='word_1_782' title='bbox 1579 2601 1683 2636; x_wconf 84' lang='lat' dir='ltr'><strong>modo</strong></span> <span class='ocrx_word' id='word_1_783' title='bbox 1708 2601 1882 2636; x_wconf 80' lang='lat' dir='ltr'><strong>eiusmodi</strong></span> <span class='ocrx_word' id='word_1_784' title='bbox 1905 2606 2001 2637; x_wconf 86' lang='lat' dir='ltr'><strong>artes</strong></span> <span class='ocrx_word' id='word_1_785' title='bbox 2024 2613 2147 2637; x_wconf 85' lang='lat' dir='ltr'><strong>eorum</strong></span> <span class='ocrx_word' id='word_1_786' title='bbox 2171 2606 2207 2637; x_wconf 91' lang='lat' dir='ltr'><strong>et</strong></span> <span class='ocrx_word' id='word_1_787' title='bbox 2228 2603 2379 2639; x_wconf 85' lang='lat' dir='ltr'><strong>insidias</strong></span> <span class='ocrx_word' id='word_1_788' title='bbox 2401 2606 2454 2639; x_wconf 88' lang='lat' dir='ltr'><strong>in-</strong></span> 
     </span>
     <span class='ocr_line' id='line_1_85' title="bbox 237 2642 767 2689; baseline -0.002 -12"><span class='ocrx_word' id='word_1_789' title='bbox 237 2642 346 2678; x_wconf 85' lang='lat' dir='ltr'><strong>vicem</strong></span> <span class='ocrx_word' id='word_1_790' title='bbox 362 2647 523 2689; x_wconf 81' lang='lat' dir='ltr'><strong>paratas</strong></span> <span class='ocrx_word' id='word_1_791' title='bbox 545 2643 767 2687; x_wconf 83' lang='lat' dir='ltr'><strong>auferamus.</strong></span> 
     </span>
    </p>

    <p class='ocr_par' dir='ltr' id='par_1_33' title="bbox 373 2686 2457 2738">
     <span class='ocr_line' id='line_1_86' title="bbox 373 2686 2457 2738; baseline 0.003 -16"><span class='ocrx_word' id='word_1_792' title='bbox 373 2686 409 2722; x_wconf 85' lang='lat' dir='ltr'><em>E</em></span> <span class='ocrx_word' id='word_1_793' title='bbox 412 2687 484 2733; x_wconf 85' lang='lat' dir='ltr'><strong>pil</strong></span> <span class='ocrx_word' id='word_1_794' title='bbox 491 2697 616 2733; x_wconf 67' lang='lat' dir='ltr'><strong>oque.</strong></span> <span class='ocrx_word' id='word_1_795' title='bbox 665 2686 765 2730; x_wconf 76' lang='lat' dir='ltr'><strong>Quae</strong></span> <span class='ocrx_word' id='word_1_796' title='bbox 788 2688 900 2734; x_wconf 79' lang='lat' dir='ltr'><strong>iqitur</strong></span> <span class='ocrx_word' id='word_1_797' title='bbox 924 2688 1027 2724; x_wconf 85' lang='lat' dir='ltr'><strong>nobis</strong></span> <span class='ocrx_word' id='word_1_798' title='bbox 1046 2689 1267 2736; x_wconf 85' lang='lat' dir='ltr'><strong>placuerunt</strong></span> <span class='ocrx_word' id='word_1_799' title='bbox 1289 2697 1325 2727; x_wconf 85' lang='lat' dir='ltr'><strong>et</strong></span> <span class='ocrx_word' id='word_1_800' title='bbox 1340 2703 1412 2738; x_wconf 82' lang='lat' dir='ltr'><strong>per</strong></span> <span class='ocrx_word' id='word_1_801' title='bbox 1433 2693 1527 2726; x_wconf 77' lang='lat' dir='ltr'><strong>banc</strong></span> <span class='ocrx_word' id='word_1_802' title='bbox 1549 2701 1692 2726; x_wconf 86' lang='lat' dir='ltr'><strong>sacram</strong></span> <span class='ocrx_word' id='word_1_803' title='bbox 1715 2690 1828 2736; x_wconf 77' lang='lat' dir='ltr'><strong>leqem</strong></span> <span class='ocrx_word' id='word_1_804' title='bbox 1849 2690 2080 2726; x_wconf 82' lang='lat' dir='ltr'><strong>declarantur</strong></span> <span class='ocrx_word' id='word_1_805' title='bbox 2102 2696 2163 2728; x_wconf 85' lang='lat' dir='ltr'><strong>tua</strong></span> <span class='ocrx_word' id='word_1_806' title='bbox 2183 2692 2384 2729; x_wconf 82' lang='lat' dir='ltr'><strong>sublimitas</strong></span> <span class='ocrx_word' id='word_1_807' title='bbox 2406 2694 2457 2729; x_wconf 84' lang='lat' dir='ltr'><strong>ad</strong></span> 
     </span>
    </p>
   </div>
   <div class='ocr_carea' id='block_1_32' title="bbox 238 2731 966 2778">
    <p class='ocr_par' dir='ltr' id='par_1_34' title="bbox 238 2731 966 2778">
     <span class='ocr_line' id='line_1_87' title="bbox 238 2731 966 2778; baseline 0.003 -11"><span class='ocrx_word' id='word_1_808' title='bbox 238 2742 330 2778; x_wconf 83' lang='lat' dir='ltr'><strong>opus</strong></span> <span class='ocrx_word' id='word_1_809' title='bbox 352 2731 589 2778; x_wconf 83' lang='lat' dir='ltr'><strong>effectumque</strong></span> <span class='ocrx_word' id='word_1_810' title='bbox 612 2732 791 2768; x_wconf 81' lang='lat' dir='ltr'><strong>adducere</strong></span> <span class='ocrx_word' id='word_1_811' title='bbox 812 2733 966 2769; x_wconf 86' lang='lat' dir='ltr'><strong>studeat.</strong></span> 
     </span>
    </p>
   </div>
   <div class='ocr_carea' id='block_1_33' title="bbox 235 2831 1349 3551">
    <p class='ocr_par' dir='ltr' id='par_1_35' title="bbox 306 2831 1349 2883">
     <span class='ocr_line' id='line_1_88' title="bbox 306 2831 1349 2883; baseline 0.002 -14"><span class='ocrx_word' id='word_1_812' title='bbox 306 2838 320 2869; x_wconf 90' lang='lat'>1</span> <span class='ocrx_word' id='word_1_813' title='bbox 350 2831 460 2869; x_wconf 75' lang='grc' dir='ltr'><em>αὐτοῦ</em></span> <span class='ocrx_word' id='word_1_814' title='bbox 485 2836 576 2877; x_wconf 87' lang='lat' dir='ltr'><strong>ML,</strong></span> <span class='ocrx_word' id='word_1_815' title='bbox 600 2850 681 2870; x_wconf 87' lang='lat' dir='ltr'><strong>corr.</strong></span> <span class='ocrx_word' id='word_1_816' title='bbox 708 2837 871 2879; x_wconf 68' lang='lat' dir='ltr'><strong>Scrimqer</strong></span> <span class='ocrx_word' id='word_1_817' title='bbox 900 2837 912 2879; x_wconf 92' lang='grc'><strong>11</strong></span> <span class='ocrx_word' id='word_1_818' title='bbox 941 2838 960 2870; x_wconf 91' lang='grc'>2</span> <span class='ocrx_word' id='word_1_819' title='bbox 985 2838 1036 2879; x_wconf 81' lang='grc' dir='ltr'><strong>ἐν]</strong></span> <span class='ocrx_word' id='word_1_820' title='bbox 1069 2840 1130 2870; x_wconf 79' lang='grc' dir='ltr'><strong>καὶ</strong></span> <span class='ocrx_word' id='word_1_821' title='bbox 1154 2839 1194 2871; x_wconf 79' lang='grc' dir='ltr'><strong>ἐν</strong></span> <span class='ocrx_word' id='word_1_822' title='bbox 1220 2839 1268 2872; x_wconf 65' lang='lat' dir='ltr'><strong>La</strong></span> <span class='ocrx_word' id='word_1_823' title='bbox 1302 2838 1315 2883; x_wconf 88' lang='grc'><strong>11</strong></span> <span class='ocrx_word' id='word_1_824' title='bbox 1347 2837 1349 2876; x_wconf 69' lang='grc'>1</span> 
     </span>
    </p>

    <p class='ocr_par' dir='ltr' id='par_1_36' title="bbox 235 2878 1314 3551">
     <span class='ocr_line' id='line_1_89' title="bbox 237 2878 1313 2927; baseline 0.003 -13"><span class='ocrx_word' id='word_1_825' title='bbox 237 2883 256 2914; x_wconf 85' lang='grc'><strong>5</strong></span> <span class='ocrx_word' id='word_1_826' title='bbox 283 2878 359 2923; x_wconf 79' lang='grc' dir='ltr'><em>ἰδίᾳ</em></span> <span class='ocrx_word' id='word_1_827' title='bbox 382 2882 446 2923; x_wconf 68' lang='lat' dir='ltr'><strong>Le]</strong></span> <span class='ocrx_word' id='word_1_828' title='bbox 478 2878 576 2914; x_wconf 83' lang='grc' dir='ltr'><em>ἰδίαν</em></span> <span class='ocrx_word' id='word_1_829' title='bbox 600 2883 640 2915; x_wconf 92' lang='grc' dir='ltr'><em>Μ</em></span> <span class='ocrx_word' id='word_1_830' title='bbox 667 2881 680 2920; x_wconf 86' lang='grc'><strong>11</strong></span> <span class='ocrx_word' id='word_1_831' title='bbox 709 2884 727 2915; x_wconf 78' lang='grc'>’1</span> <span class='ocrx_word' id='word_1_832' title='bbox 753 2881 783 2914; x_wconf 82' lang='grc' dir='ltr'><strong>εἰ</strong></span> <span class='ocrx_word' id='word_1_833' title='bbox 806 2880 1002 2926; x_wconf 74' lang='grc' dir='ltr'><em>βουληθείη</em></span> <span class='ocrx_word' id='word_1_834' title='bbox 1028 2883 1091 2923; x_wconf 53' lang='lat' dir='ltr'><strong>Le]</strong></span> <span class='ocrx_word' id='word_1_835' title='bbox 1123 2880 1313 2927; x_wconf 81' lang='grc' dir='ltr'><em>ἠβουλήθη</em></span> 
     </span>
     <span class='ocr_line' id='line_1_90' title="bbox 237 2926 1314 2973; baseline 0 -13"><span class='ocrx_word' id='word_1_836' title='bbox 237 2926 284 2959; x_wconf 83' lang='lat' dir='ltr'><em>M</em></span> <span class='ocrx_word' id='word_1_837' title='bbox 292 2926 304 2970; x_wconf 84' lang='grc'><strong>11</strong></span> <span class='ocrx_word' id='word_1_838' title='bbox 325 2928 362 2960; x_wconf 90' lang='grc'><strong>11</strong></span> <span class='ocrx_word' id='word_1_839' title='bbox 385 2927 619 2970; x_wconf 80' lang='grc' dir='ltr'><em>Θεσπίζομεν,</em></span> <span class='ocrx_word' id='word_1_840' title='bbox 644 2926 680 2960; x_wconf 84' lang='grc' dir='ltr'><strong>εἴ</strong></span> <span class='ocrx_word' id='word_1_841' title='bbox 694 2937 747 2960; x_wconf 83' lang='grc' dir='ltr'><strong>τις</strong></span> <span class='ocrx_word' id='word_1_842' title='bbox 771 2929 831 2960; x_wconf 84' lang='lat' dir='ltr'><strong>inc.</strong></span> <span class='ocrx_word' id='word_1_843' title='bbox 847 2928 882 2960; x_wconf 91' lang='lat' dir='ltr'><em>B</em></span> <span class='ocrx_word' id='word_1_844' title='bbox 907 2927 919 2971; x_wconf 93' lang='grc'><strong>11</strong></span> <span class='ocrx_word' id='word_1_845' title='bbox 947 2929 987 2961; x_wconf 91' lang='grc'><strong>12</strong></span> <span class='ocrx_word' id='word_1_846' title='bbox 1005 2928 1126 2961; x_wconf 89' lang='grc' dir='ltr'><em>αἰτίαν</em></span> <span class='ocrx_word' id='word_1_847' title='bbox 1149 2930 1197 2962; x_wconf 82' lang='lat' dir='ltr'><strong>B·</strong></span> <span class='ocrx_word' id='word_1_848' title='bbox 1212 2941 1242 2962; x_wconf 87' lang='lat' dir='ltr'><strong>v.</strong></span> <span class='ocrx_word' id='word_1_849' title='bbox 1258 2930 1277 2962; x_wconf 84' lang='lat' dir='ltr'><strong>l.</strong></span> <span class='ocrx_word' id='word_1_850' title='bbox 1303 2929 1314 2973; x_wconf 83' lang='grc'><strong>11</strong></span> 
     </span>
     <span class='ocr_line' id='line_1_91' title="bbox 240 2968 1314 3018; baseline 0.002 -13"><span class='ocrx_word' id='word_1_851' title='bbox 240 2972 282 3005; x_wconf 82' lang='grc'><strong>14</strong></span> <span class='ocrx_word' id='word_1_852' title='bbox 313 2970 412 3015; x_wconf 85' lang='grc' dir='ltr'><em>παρὰ</em></span> <span class='ocrx_word' id='word_1_853' title='bbox 442 2971 495 3013; x_wconf 81' lang='grc' dir='ltr'><strong>τῷ</strong></span> <span class='ocrx_word' id='word_1_854' title='bbox 529 2968 625 3014; x_wconf 75' lang='grc' dir='ltr'><em>αὐτῷ</em></span> <span class='ocrx_word' id='word_1_855' title='bbox 652 2972 772 3005; x_wconf 82' lang='grc' dir='ltr'><em>ΤΙιεοᾰ.</em></span> <span class='ocrx_word' id='word_1_856' title='bbox 794 2973 869 3006; x_wconf 77' lang='lat' dir='ltr'><strong>Ath.</strong></span> <span class='ocrx_word' id='word_1_857' title='bbox 891 2973 996 3014; x_wconf 79' lang='lat' dir='ltr'><strong>(Iul.)]</strong></span> <span class='ocrx_word' id='word_1_858' title='bbox 1032 2969 1122 3018; x_wconf 82' lang='grc' dir='ltr'><em>παρ’</em></span> <span class='ocrx_word' id='word_1_859' title='bbox 1149 2970 1247 3016; x_wconf 75' lang='grc' dir='ltr'><em>αὐτῷ</em></span> <span class='ocrx_word' id='word_1_860' title='bbox 1274 2975 1314 3007; x_wconf 82' lang='grc' dir='ltr'><strong>Μ</strong></span> 
     </span>
     <span class='ocr_line' id='line_1_92' title="bbox 238 3012 1313 3060; baseline 0.003 -11"><span class='ocrx_word' id='word_1_861' title='bbox 238 3016 328 3052; x_wconf 67' lang='grc' dir='ltr'><strong>ΕΒς</strong></span> <span class='ocrx_word' id='word_1_862' title='bbox 351 3015 364 3060; x_wconf 87' lang='grc'><strong>11</strong></span> <span class='ocrx_word' id='word_1_863' title='bbox 387 3015 426 3056; x_wconf 75' lang='grc' dir='ltr'><strong>ἐξ</strong></span> <span class='ocrx_word' id='word_1_864' title='bbox 448 3012 554 3060; x_wconf 80' lang='grc' dir='ltr'><em>ἀρχῆς</em></span> <span class='ocrx_word' id='word_1_865' title='bbox 578 3030 636 3050; x_wconf 87' lang='lat' dir='ltr'><strong>om.</strong></span> <span class='ocrx_word' id='word_1_866' title='bbox 663 3017 709 3050; x_wconf 69' lang='grc' dir='ltr'><strong>Β*</strong></span> <span class='ocrx_word' id='word_1_867' title='bbox 725 3016 739 3059; x_wconf 91' lang='grc'><strong>11</strong></span> <span class='ocrx_word' id='word_1_868' title='bbox 763 3017 957 3050; x_wconf 83' lang='grc' dir='ltr'><em>αἰτιᾶσθαι</em></span> <span class='ocrx_word' id='word_1_869' title='bbox 983 3019 1038 3059; x_wconf 89' lang='grc' dir='ltr'><strong>Μ]</strong></span> <span class='ocrx_word' id='word_1_870' title='bbox 1071 3015 1313 3052; x_wconf 85' lang='grc' dir='ltr'><em>αἰτιάσασθαι</em></span> 
     </span>
     <span class='ocr_line' id='line_1_93' title="bbox 237 3058 1311 3106; baseline 0.002 -12"><span class='ocrx_word' id='word_1_871' title='bbox 237 3061 306 3094; x_wconf 90' lang='lat' dir='ltr'><strong>LB</strong></span> <span class='ocrx_word' id='word_1_872' title='bbox 331 3061 344 3105; x_wconf 84' lang='grc'><strong>11</strong></span> <span class='ocrx_word' id='word_1_873' title='bbox 371 3063 411 3095; x_wconf 85' lang='grc'><strong>15</strong></span> <span class='ocrx_word' id='word_1_874' title='bbox 435 3058 477 3094; x_wconf 79' lang='grc' dir='ltr'><strong>δέ</strong></span> <span class='ocrx_word' id='word_1_875' title='bbox 523 3064 550 3103; x_wconf 81' lang='grc' dir='ltr'><em>ε]</em></span> <span class='ocrx_word' id='word_1_876' title='bbox 582 3058 623 3094; x_wconf 82' lang='grc' dir='ltr'><strong>δέ</strong></span> <span class='ocrx_word' id='word_1_877' title='bbox 643 3074 679 3094; x_wconf 90' lang='grc' dir='ltr'><strong>τι</strong></span> <span class='ocrx_word' id='word_1_878' title='bbox 703 3062 753 3095; x_wconf 72' lang='lat' dir='ltr'><strong>B‘</strong></span> <span class='ocrx_word' id='word_1_879' title='bbox 779 3061 783 3106; x_wconf 87' lang='grc'><strong>1</strong></span> <span class='ocrx_word' id='word_1_880' title='bbox 825 3064 865 3096; x_wconf 83' lang='lat'><strong>18</strong></span> <span class='ocrx_word' id='word_1_881' title='bbox 886 3059 1072 3095; x_wconf 78' lang='grc' dir='ltr'><em>ἐνδόντων</em></span> <span class='ocrx_word' id='word_1_882' title='bbox 1095 3060 1198 3106; x_wconf 83' lang='grc' dir='ltr'><em>ἡμῶν</em></span> <span class='ocrx_word' id='word_1_883' title='bbox 1240 3076 1311 3097; x_wconf 77' lang='grc' dir='ltr'><em>που.</em></span> 
     </span>
     <span class='ocr_line' id='line_1_94' title="bbox 237 3106 1312 3163; baseline 0.003 -24"><span class='ocrx_word' id='word_1_884' title='bbox 237 3106 334 3158; x_wconf 70' lang='lat' dir='ltr'><em>LJII</em></span> <span class='ocrx_word' id='word_1_885' title='bbox 345 3119 371 3139; x_wconf 88' lang='lat' dir='ltr'><strong>c.</strong></span> <span class='ocrx_word' id='word_1_886' title='bbox 386 3107 405 3140; x_wconf 90' lang='grc'>3</span> <span class='ocrx_word' id='word_1_887' title='bbox 428 3111 443 3144; x_wconf 80' lang='lat'>§</span> <span class='ocrx_word' id='word_1_888' title='bbox 458 3114 469 3140; x_wconf 81' lang='lat'><em>1</em></span> <span class='ocrx_word' id='word_1_889' title='bbox 500 3148 508 3160; x_wconf 55' lang='lat'>‹</span> <span class='ocrx_word' id='word_1_890' title='bbox 534 3108 574 3141; x_wconf 88' lang='lat'><strong>19</strong></span> <span class='ocrx_word' id='word_1_891' title='bbox 594 3106 779 3160; x_wconf 63' lang='grc' dir='ltr'><em>προκατάρ</em></span> <span class='ocrx_word' id='word_1_892' title='bbox 802 3107 920 3139; x_wconf 88' lang='grc' dir='ltr'><em>ασθαι</em></span> <span class='ocrx_word' id='word_1_893' title='bbox 936 3109 982 3163; x_wconf 59' lang='lat'><strong>{3⁸</strong></span> <span class='ocrx_word' id='word_1_894' title='bbox 998 3121 1026 3140; x_wconf 80' lang='lat' dir='ltr'><strong>v.</strong></span> <span class='ocrx_word' id='word_1_895' title='bbox 1042 3110 1062 3140; x_wconf 81' lang='lat' dir='ltr'><strong>l.</strong></span> <span class='ocrx_word' id='word_1_896' title='bbox 1088 3108 1101 3152; x_wconf 83' lang='grc'><strong>11</strong></span> <span class='ocrx_word' id='word_1_897' title='bbox 1113 3110 1167 3163; x_wconf 57' lang='lat'><strong>&#39;⁶20</strong></span> <span class='ocrx_word' id='word_1_898' title='bbox 1184 3120 1312 3142; x_wconf 79' lang='grc' dir='ltr'><em>ανακο·</em></span> 
     </span>
     <span class='ocr_line' id='line_1_95' title="bbox 235 3150 1312 3242; baseline 0.002 -12"><span class='ocrx_word' id='word_1_899' title='bbox 235 3150 1223 3241; x_wconf 47' lang='grc' dir='ltr'><em>ςπξρ»·’,ἓὲρςἐἷςἓτῆατὴέέλέςβῇςεοῖὲτεὶίῑεξ..</em></span> <span class='ocrx_word' id='word_1_900' title='bbox 1231 3154 1285 3232; x_wconf 64' lang='lat'><strong>12.</strong></span> <span class='ocrx_word' id='word_1_901' title='bbox 1301 3154 1312 3242; x_wconf 67' lang='lat' dir='ltr'>ss</span> 
     </span>
     <span class='ocr_line' id='line_1_96' title="bbox 236 3231 1310 3287; baseline 0.003 -14"><span class='ocrx_word' id='word_1_902' title='bbox 236 3241 298 3283; x_wconf 83' lang='grc' dir='ltr'><strong>τῆς</strong></span> <span class='ocrx_word' id='word_1_903' title='bbox 313 3237 422 3283; x_wconf 82' lang='grc' dir='ltr'><em>δίκης]</em></span> <span class='ocrx_word' id='word_1_904' title='bbox 447 3241 517 3274; x_wconf 83' lang='lat' dir='ltr'><strong>eius</strong></span> <span class='ocrx_word' id='word_1_905' title='bbox 536 3242 605 3274; x_wconf 89' lang='lat' dir='ltr'><strong>litis</strong></span> <span class='ocrx_word' id='word_1_906' title='bbox 625 3231 672 3285; x_wconf 68' lang='grc' dir='ltr'>ς’11</span> <span class='ocrx_word' id='word_1_907' title='bbox 691 3244 731 3275; x_wconf 82' lang='lat'><strong>27</strong></span> <span class='ocrx_word' id='word_1_908' title='bbox 750 3238 862 3284; x_wconf 75' lang='grc' dir='ltr'><em>αὐτῷ]</em></span> <span class='ocrx_word' id='word_1_909' title='bbox 888 3238 971 3275; x_wconf 77' lang='grc' dir='ltr'><em>κατ’</em></span> <span class='ocrx_word' id='word_1_910' title='bbox 988 3238 1098 3275; x_wconf 75' lang='grc' dir='ltr'><em>αὐτοῦ</em></span> <span class='ocrx_word' id='word_1_911' title='bbox 1114 3244 1144 3276; x_wconf 89' lang='lat' dir='ltr'><em>L</em></span> <span class='ocrx_word' id='word_1_912' title='bbox 1162 3242 1175 3287; x_wconf 88' lang='grc'><strong>11</strong></span> <span class='ocrx_word' id='word_1_913' title='bbox 1192 3245 1233 3278; x_wconf 78' lang='grc'><strong>28</strong></span> <span class='ocrx_word' id='word_1_914' title='bbox 1250 3241 1310 3276; x_wconf 79' lang='grc' dir='ltr'><em>λά·</em></span> 
     </span>
     <span class='ocr_line' id='line_1_97' title="bbox 236 3285 1311 3332; baseline 0.003 -13"><span class='ocrx_word' id='word_1_915' title='bbox 236 3288 284 3331; x_wconf 85' lang='grc' dir='ltr'><em>βῃ</em></span> <span class='ocrx_word' id='word_1_916' title='bbox 309 3285 359 3319; x_wconf 72' lang='lat' dir='ltr'><strong>B!</strong></span> <span class='ocrx_word' id='word_1_917' title='bbox 381 3286 394 3329; x_wconf 89' lang='grc' dir='ltr'><strong>ΙΙ</strong></span> <span class='ocrx_word' id='word_1_918' title='bbox 425 3288 463 3320; x_wconf 88' lang='grc'><strong>31</strong></span> <span class='ocrx_word' id='word_1_919' title='bbox 492 3287 652 3320; x_wconf 82' lang='grc' dir='ltr'><em>ἐπινοίας</em></span> <span class='ocrx_word' id='word_1_920' title='bbox 675 3287 727 3320; x_wconf 75' lang='grc' dir='ltr'><strong>ΒΓ</strong></span> <span class='ocrx_word' id='word_1_921' title='bbox 748 3287 760 3331; x_wconf 90' lang='grc'><strong>11</strong></span> <span class='ocrx_word' id='word_1_922' title='bbox 788 3289 830 3321; x_wconf 87' lang='grc'><strong>33</strong></span> <span class='ocrx_word' id='word_1_923' title='bbox 855 3287 958 3320; x_wconf 84' lang='grc' dir='ltr'><em>θείου</em></span> <span class='ocrx_word' id='word_1_924' title='bbox 986 3289 1054 3328; x_wconf 67' lang='lat' dir='ltr'><strong>Mc]</strong></span> <span class='ocrx_word' id='word_1_925' title='bbox 1080 3287 1182 3321; x_wconf 86' lang='grc' dir='ltr'><em>θείου</em></span> <span class='ocrx_word' id='word_1_926' title='bbox 1205 3285 1311 3332; x_wconf 80' lang='grc' dir='ltr'><em>ἡμῶν</em></span> 
     </span>
     <span class='ocr_line' id='line_1_98' title="bbox 241 3330 1309 3374; baseline 0.004 -12"><span class='ocrx_word' id='word_1_927' title='bbox 241 3330 296 3373; x_wconf 67' lang='lat' dir='ltr'><strong>L}</strong></span> <span class='ocrx_word' id='word_1_928' title='bbox 322 3332 366 3364; x_wconf 81' lang='lat'><strong>34</strong></span> <span class='ocrx_word' id='word_1_929' title='bbox 382 3334 503 3365; x_wconf 71' lang='lat' dir='ltr'><strong>subscr.</strong></span> <span class='ocrx_word' id='word_1_930' title='bbox 521 3345 579 3365; x_wconf 86' lang='lat' dir='ltr'><strong>om.</strong></span> <span class='ocrx_word' id='word_1_931' title='bbox 598 3333 645 3365; x_wconf 84' lang='lat' dir='ltr'><em>M</em></span> <span class='ocrx_word' id='word_1_932' title='bbox 664 3332 677 3374; x_wconf 85' lang='grc'><strong>11</strong></span> <span class='ocrx_word' id='word_1_933' title='bbox 706 3332 772 3364; x_wconf 83' lang='lat' dir='ltr'><strong>dat.</strong></span> <span class='ocrx_word' id='word_1_934' title='bbox 791 3350 832 3356; x_wconf 89' lang='lat'>—</span> <span class='ocrx_word' id='word_1_935' title='bbox 853 3343 940 3365; x_wconf 85' lang='lat' dir='ltr'><strong>cons.</strong></span> <span class='ocrx_word' id='word_1_936' title='bbox 966 3334 996 3373; x_wconf 79' lang='grc' dir='ltr'><strong>ς]</strong></span> <span class='ocrx_word' id='word_1_937' title='bbox 1028 3333 1094 3365; x_wconf 87' lang='lat' dir='ltr'><strong>dat.</strong></span> <span class='ocrx_word' id='word_1_938' title='bbox 1119 3333 1152 3367; x_wconf 88' lang='lat' dir='ltr'><strong>k.</strong></span> <span class='ocrx_word' id='word_1_939' title='bbox 1177 3343 1309 3366; x_wconf 87' lang='lat' dir='ltr'><strong>nuuem.</strong></span> 
     </span>
     <span class='ocr_line' id='line_1_99' title="bbox 238 3375 1311 3419; baseline 0.005 -12"><span class='ocrx_word' id='word_1_940' title='bbox 238 3376 316 3417; x_wconf 88' lang='lat' dir='ltr'><strong>imp.</strong></span> <span class='ocrx_word' id='word_1_941' title='bbox 340 3375 396 3408; x_wconf 91' lang='lat' dir='ltr'><strong>dn.</strong></span> <span class='ocrx_word' id='word_1_942' title='bbox 418 3376 604 3409; x_wconf 81' lang='lat' dir='ltr'><strong>iustiniano</strong></span> <span class='ocrx_word' id='word_1_943' title='bbox 626 3387 680 3419; x_wconf 88' lang='lat' dir='ltr'><strong>pp.</strong></span> <span class='ocrx_word' id='word_1_944' title='bbox 707 3387 794 3409; x_wconf 87' lang='lat' dir='ltr'><strong>anno</strong></span> <span class='ocrx_word' id='word_1_945' title='bbox 814 3377 923 3409; x_wconf 89' lang='lat' dir='ltr'><strong>XIIII</strong></span> <span class='ocrx_word' id='word_1_946' title='bbox 949 3378 1035 3411; x_wconf 82' lang='lat' dir='ltr'><strong>Iul.¹¹¹</strong></span> <span class='ocrx_word' id='word_1_947' title='bbox 1056 3380 1127 3417; x_wconf 85' lang='lat' dir='ltr'><strong>(om.</strong></span> <span class='ocrx_word' id='word_1_948' title='bbox 1146 3378 1210 3412; x_wconf 82' lang='lat' dir='ltr'><strong>lul.</strong></span> <span class='ocrx_word' id='word_1_949' title='bbox 1227 3382 1311 3416; x_wconf 72' lang='lat' dir='ltr'><strong>ceu.)</strong></span> 
     </span>
     <span class='ocr_line' id='line_1_100' title="bbox 237 3418 1308 3466; baseline 0.005 -15"><span class='ocrx_word' id='word_1_950' title='bbox 237 3420 306 3464; x_wconf 75' lang='grc' dir='ltr'><em>ἐγρ.</em></span> <span class='ocrx_word' id='word_1_951' title='bbox 330 3418 524 3454; x_wconf 81' lang='grc' dir='ltr'><em>καλανδῶν</em></span> <span class='ocrx_word' id='word_1_952' title='bbox 547 3422 765 3466; x_wconf 78' lang='grc' dir='ltr'><em>Νοεμβρίων</em></span> <span class='ocrx_word' id='word_1_953' title='bbox 787 3420 971 3465; x_wconf 82' lang='grc' dir='ltr'><em>βασιλείας</em></span> <span class='ocrx_word' id='word_1_954' title='bbox 992 3421 1244 3456; x_wconf 84' lang='grc' dir='ltr'><em>Ἰουστινιανοῦ</em></span> <span class='ocrx_word' id='word_1_955' title='bbox 1266 3422 1308 3456; x_wconf 86' lang='grc' dir='ltr'><strong>τὸ</strong></span> 
     </span>
     <span class='ocr_line' id='line_1_101' title="bbox 238 3461 1308 3544; baseline 0.005 -48"><span class='ocrx_word' id='word_1_956' title='bbox 238 3465 281 3516; x_wconf 73' lang='lat' dir='ltr'><strong>ty&#39;</strong></span> <span class='ocrx_word' id='word_1_957' title='bbox 300 3461 470 3542; x_wconf 46' lang='grc' dir='ltr'><em>ὑπατείας</em></span> <span class='ocrx_word' id='word_1_958' title='bbox 479 3462 662 3544; x_wconf 40' lang='lat' dir='ltr'><strong>summac</strong></span> <span class='ocrx_word' id='word_1_959' title='bbox 682 3468 755 3544; x_wconf 50' lang='lat'><strong>2511.</strong></span> <span class='ocrx_word' id='word_1_960' title='bbox 782 3464 998 3511; x_wconf 77' lang='grc' dir='ltr'><em>ἐξεφιυνήθη</em></span> <span class='ocrx_word' id='word_1_961' title='bbox 1020 3469 1105 3509; x_wconf 84' lang='grc' dir='ltr'><em>μηνὶ</em></span> <span class='ocrx_word' id='word_1_962' title='bbox 1129 3470 1308 3513; x_wconf 79' lang='grc' dir='ltr'><em>νοεμβρίῳ</em></span> 
     </span>
     <span class='ocr_line' id='line_1_102' title="bbox 239 3520 716 3551; baseline 0.013 -12"><span class='ocrx_word' id='word_1_963' title='bbox 239 3520 349 3541; x_wconf 56' lang='lat' dir='ltr'><em>nnat&amp;</em></span> <span class='ocrx_word' id='word_1_964' title='bbox 368 3523 391 3551; x_wconf 71' lang='grc' dir='ltr'><strong><em>ᾳ</em></strong></span> <span class='ocrx_word' id='word_1_965' title='bbox 450 3522 477 3543; x_wconf 78' lang='grc' dir='ltr'><em>π</em></span> <span class='ocrx_word' id='word_1_966' title='bbox 492 3521 572 3544; x_wconf 56' lang='grc' dir='ltr'><strong>01)οἳ</strong></span> <span class='ocrx_word' id='word_1_967' title='bbox 648 3524 683 3545; x_wconf 66' lang='grc'><strong>80</strong></span> <span class='ocrx_word' id='word_1_968' title='bbox 708 3536 716 3544; x_wconf 78' lang='grc' dir='ltr'>ι</span> 
     </span>
    </p>
   </div>
   <div class='ocr_carea' id='block_1_34' title="bbox 1374 2838 2458 3646">
    <p class='ocr_par' dir='ltr' id='par_1_37' title="bbox 1374 2838 2458 3646">
     <span class='ocr_line' id='line_1_103' title="bbox 1429 2838 2449 2884; baseline 0.003 -13"><span class='ocrx_word' id='word_1_969' title='bbox 1429 2841 1443 2872; x_wconf 98' lang='grc'><strong>1</strong></span> <span class='ocrx_word' id='word_1_970' title='bbox 1465 2838 1554 2880; x_wconf 87' lang='lat' dir='ltr'><strong>fecit]</strong></span> <span class='ocrx_word' id='word_1_971' title='bbox 1572 2841 1712 2871; x_wconf 84' lang='lat' dir='ltr'><strong>actorem</strong></span> <span class='ocrx_word' id='word_1_972' title='bbox 1730 2839 1810 2871; x_wconf 80' lang='lat' dir='ltr'><strong>fecit</strong></span> <span class='ocrx_word' id='word_1_973' title='bbox 1830 2839 1860 2871; x_wconf 88' lang='lat' dir='ltr'><em>T</em></span> <span class='ocrx_word' id='word_1_974' title='bbox 1879 2838 1891 2882; x_wconf 90' lang='grc'><strong>11</strong></span> <span class='ocrx_word' id='word_1_975' title='bbox 1909 2840 1928 2872; x_wconf 90' lang='grc'><strong>3</strong></span> <span class='ocrx_word' id='word_1_976' title='bbox 1946 2841 1979 2871; x_wconf 90' lang='lat' dir='ltr'><strong>et</strong></span> <span class='ocrx_word' id='word_1_977' title='bbox 1994 2839 2062 2882; x_wconf 84' lang='lat' dir='ltr'><strong>ipse</strong></span> <span class='ocrx_word' id='word_1_978' title='bbox 2079 2842 2244 2881; x_wconf 84' lang='lat' dir='ltr'><strong>tamquam</strong></span> <span class='ocrx_word' id='word_1_979' title='bbox 2263 2840 2294 2873; x_wconf 82' lang='lat' dir='ltr'><strong><em>R</em></strong></span> <span class='ocrx_word' id='word_1_980' title='bbox 2310 2840 2323 2884; x_wconf 89' lang='grc'><strong>11</strong></span> <span class='ocrx_word' id='word_1_981' title='bbox 2339 2843 2449 2874; x_wconf 85' lang='lat' dir='ltr'><strong>aucto-</strong></span> 
     </span>
     <span class='ocr_line' id='line_1_104' title="bbox 1381 2884 2452 2927; baseline 0.003 -11"><span class='ocrx_word' id='word_1_982' title='bbox 1381 2893 1447 2916; x_wconf 88' lang='lat' dir='ltr'><strong>rem</strong></span> <span class='ocrx_word' id='word_1_983' title='bbox 1473 2884 1503 2916; x_wconf 90' lang='lat' dir='ltr'><em>V</em></span> <span class='ocrx_word' id='word_1_984' title='bbox 1521 2884 1533 2927; x_wconf 90' lang='grc'><strong>11</strong></span> <span class='ocrx_word' id='word_1_985' title='bbox 1551 2886 1572 2918; x_wconf 90' lang='grc'>4</span> <span class='ocrx_word' id='word_1_986' title='bbox 1594 2885 1683 2926; x_wconf 85' lang='lat' dir='ltr'><strong>apud</strong></span> <span class='ocrx_word' id='word_1_987' title='bbox 1705 2884 1808 2916; x_wconf 86' lang='lat' dir='ltr'><strong>alium</strong></span> <span class='ocrx_word' id='word_1_988' title='bbox 1833 2894 1906 2916; x_wconf 86' lang='lat' dir='ltr'><strong>eum</strong></span> <span class='ocrx_word' id='word_1_989' title='bbox 1927 2885 1970 2924; x_wconf 91' lang='lat' dir='ltr'><strong>T]</strong></span> <span class='ocrx_word' id='word_1_990' title='bbox 1994 2884 2083 2927; x_wconf 86' lang='lat' dir='ltr'><strong>apud</strong></span> <span class='ocrx_word' id='word_1_991' title='bbox 2106 2894 2179 2917; x_wconf 86' lang='lat' dir='ltr'><strong>eum</strong></span> <span class='ocrx_word' id='word_1_992' title='bbox 2202 2884 2304 2917; x_wconf 85' lang='lat' dir='ltr'><strong>alium</strong></span> <span class='ocrx_word' id='word_1_993' title='bbox 2328 2886 2361 2919; x_wconf 97' lang='lat' dir='ltr'><strong><em>V</em></strong></span> <span class='ocrx_word' id='word_1_994' title='bbox 2379 2897 2452 2919; x_wconf 89' lang='lat' dir='ltr'><strong>eum</strong></span> 
     </span>
     <span class='ocr_line' id='line_1_105' title="bbox 1380 2928 2454 2975; baseline 0.003 -14"><span class='ocrx_word' id='word_1_995' title='bbox 1380 2929 1469 2972; x_wconf 87' lang='lat' dir='ltr'><strong>apud</strong></span> <span class='ocrx_word' id='word_1_996' title='bbox 1489 2939 1561 2961; x_wconf 89' lang='lat' dir='ltr'><strong>eum</strong></span> <span class='ocrx_word' id='word_1_997' title='bbox 1578 2931 1663 2970; x_wconf 87' lang='lat' dir='ltr'><strong>(eum</strong></span> <span class='ocrx_word' id='word_1_998' title='bbox 1682 2930 1744 2962; x_wconf 82' lang='lat' dir='ltr'><strong>del.</strong></span> <span class='ocrx_word' id='word_1_999' title='bbox 1762 2928 1824 2970; x_wconf 67' lang='lat'><strong>13²)</strong></span> <span class='ocrx_word' id='word_1_1000' title='bbox 1846 2928 1949 2961; x_wconf 84' lang='lat' dir='ltr'><strong>alium</strong></span> <span class='ocrx_word' id='word_1_1001' title='bbox 1962 2930 1995 2962; x_wconf 87' lang='lat' dir='ltr'><em>R</em></span> <span class='ocrx_word' id='word_1_1002' title='bbox 2019 2940 2093 2961; x_wconf 89' lang='lat' dir='ltr'><strong>eum</strong></span> <span class='ocrx_word' id='word_1_1003' title='bbox 2109 2930 2197 2971; x_wconf 83' lang='lat' dir='ltr'><strong>apud</strong></span> <span class='ocrx_word' id='word_1_1004' title='bbox 2212 2929 2314 2963; x_wconf 88' lang='lat' dir='ltr'><strong>alium</strong></span> <span class='ocrx_word' id='word_1_1005' title='bbox 2330 2933 2416 2974; x_wconf 73' lang='lat' dir='ltr'><strong>vulq.</strong></span> <span class='ocrx_word' id='word_1_1006' title='bbox 2441 2931 2454 2975; x_wconf 91' lang='grc'><strong>11</strong></span> 
     </span>
     <span class='ocr_line' id='line_1_106' title="bbox 1381 2973 2452 3020; baseline 0.003 -14"><span class='ocrx_word' id='word_1_1007' title='bbox 1381 2976 1400 3006; x_wconf 89' lang='grc'><strong>5</strong></span> <span class='ocrx_word' id='word_1_1008' title='bbox 1415 2974 1559 3006; x_wconf 81' lang='lat' dir='ltr'><strong>auctoris</strong></span> <span class='ocrx_word' id='word_1_1009' title='bbox 1580 2975 1634 3017; x_wconf 68' lang='lat' dir='ltr'><strong>Vl]</strong></span> <span class='ocrx_word' id='word_1_1010' title='bbox 1659 2976 1679 3008; x_wconf 91' lang='grc'><strong>6</strong></span> <span class='ocrx_word' id='word_1_1011' title='bbox 1696 2973 1849 3006; x_wconf 87' lang='lat' dir='ltr'><strong>obtinent</strong></span> <span class='ocrx_word' id='word_1_1012' title='bbox 1870 2974 1920 3007; x_wconf 88' lang='lat' dir='ltr'><strong>T¹</strong></span> <span class='ocrx_word' id='word_1_1013' title='bbox 1936 2973 1949 3018; x_wconf 92' lang='grc'><strong>11</strong></span> <span class='ocrx_word' id='word_1_1014' title='bbox 1974 2976 1992 3007; x_wconf 83' lang='lat'><strong>7</strong></span> <span class='ocrx_word' id='word_1_1015' title='bbox 2010 2985 2083 3007; x_wconf 85' lang='lat' dir='ltr'><strong>eum</strong></span> <span class='ocrx_word' id='word_1_1016' title='bbox 2102 2974 2263 3007; x_wconf 85' lang='lat' dir='ltr'><strong>uoluisset</strong></span> <span class='ocrx_word' id='word_1_1017' title='bbox 2288 2975 2452 3020; x_wconf 77' lang='lat' dir='ltr'><strong>T²vnl9.]</strong></span> 
     </span>
     <span class='ocr_line' id='line_1_107' title="bbox 1381 3018 2458 3063; baseline 0.003 -12"><span class='ocrx_word' id='word_1_1018' title='bbox 1381 3019 1605 3052; x_wconf 79' lang='lat' dir='ltr'><strong>conuoluisset</strong></span> <span class='ocrx_word' id='word_1_1019' title='bbox 1626 3020 1659 3053; x_wconf 94' lang='lat' dir='ltr'><strong><em>V</em></strong></span> <span class='ocrx_word' id='word_1_1020' title='bbox 1677 3019 1836 3051; x_wconf 81' lang='lat' dir='ltr'><strong>uoluisset</strong></span> <span class='ocrx_word' id='word_1_1021' title='bbox 1852 3018 1936 3052; x_wconf 83' lang='lat' dir='ltr'><strong>RT¹</strong></span> <span class='ocrx_word' id='word_1_1022' title='bbox 1954 3018 1966 3063; x_wconf 88' lang='grc'><strong>11</strong></span> <span class='ocrx_word' id='word_1_1023' title='bbox 1984 3021 2004 3053; x_wconf 88' lang='grc'>9</span> <span class='ocrx_word' id='word_1_1024' title='bbox 2028 3019 2187 3061; x_wconf 83' lang='lat' dir='ltr'><strong>iudicum]</strong></span> <span class='ocrx_word' id='word_1_1025' title='bbox 2211 3020 2368 3053; x_wconf 89' lang='lat' dir='ltr'><strong>iuditium</strong></span> <span class='ocrx_word' id='word_1_1026' title='bbox 2382 3021 2458 3054; x_wconf 86' lang='lat' dir='ltr'><strong>RV</strong></span> 
     </span>
     <span class='ocr_line' id='line_1_108' title="bbox 1379 3063 2451 3109; baseline 0.004 -14"><span class='ocrx_word' id='word_1_1027' title='bbox 1379 3064 1522 3096; x_wconf 85' lang='lat' dir='ltr'><strong>iudicem</strong></span> <span class='ocrx_word' id='word_1_1028' title='bbox 1541 3065 1661 3107; x_wconf 72' lang='lat' dir='ltr'><strong>Tvulq.</strong></span> <span class='ocrx_word' id='word_1_1029' title='bbox 1681 3064 1694 3107; x_wconf 88' lang='grc'><strong>11</strong></span> <span class='ocrx_word' id='word_1_1030' title='bbox 1713 3066 1753 3098; x_wconf 90' lang='grc'><strong>10</strong></span> <span class='ocrx_word' id='word_1_1031' title='bbox 1766 3065 1876 3106; x_wconf 88' lang='lat' dir='ltr'><strong>quiem</strong></span> <span class='ocrx_word' id='word_1_1032' title='bbox 1896 3064 1948 3096; x_wconf 77' lang='lat' dir='ltr'><strong>V⁰</strong></span> <span class='ocrx_word' id='word_1_1033' title='bbox 1966 3063 1978 3106; x_wconf 90' lang='grc'><strong>11</strong></span> <span class='ocrx_word' id='word_1_1034' title='bbox 1993 3063 2192 3097; x_wconf 85' lang='lat' dir='ltr'><strong>alteroutros</strong></span> <span class='ocrx_word' id='word_1_1035' title='bbox 2205 3065 2256 3097; x_wconf 67' lang='lat' dir='ltr'><strong>R‘</strong></span> <span class='ocrx_word' id='word_1_1036' title='bbox 2271 3064 2284 3109; x_wconf 85' lang='grc'><strong>11</strong></span> <span class='ocrx_word' id='word_1_1037' title='bbox 2306 3067 2342 3099; x_wconf 88' lang='grc'><strong>11</strong></span> <span class='ocrx_word' id='word_1_1038' title='bbox 2359 3077 2451 3099; x_wconf 86' lang='lat' dir='ltr'><strong>man-</strong></span> 
     </span>
     <span class='ocr_line' id='line_1_109' title="bbox 1379 3107 2452 3153; baseline 0.003 -13"><span class='ocrx_word' id='word_1_1039' title='bbox 1379 3112 1492 3141; x_wconf 82' lang='lat' dir='ltr'><strong>serunt</strong></span> <span class='ocrx_word' id='word_1_1040' title='bbox 1521 3122 1602 3142; x_wconf 86' lang='lat' dir='ltr'><strong>corr.</strong></span> <span class='ocrx_word' id='word_1_1041' title='bbox 1631 3107 1679 3142; x_wconf 80' lang='lat' dir='ltr'><strong>V⁶</strong></span> <span class='ocrx_word' id='word_1_1042' title='bbox 1710 3109 1723 3152; x_wconf 87' lang='grc'><strong>11</strong></span> <span class='ocrx_word' id='word_1_1043' title='bbox 1754 3110 1792 3143; x_wconf 83' lang='grc'><strong>15</strong></span> <span class='ocrx_word' id='word_1_1044' title='bbox 1823 3109 1851 3141; x_wconf 85' lang='lat' dir='ltr'><strong>si</strong></span> <span class='ocrx_word' id='word_1_1045' title='bbox 1881 3111 1969 3150; x_wconf 81' lang='lat' dir='ltr'><strong>vero]</strong></span> <span class='ocrx_word' id='word_1_1046' title='bbox 2006 3115 2065 3142; x_wconf 75' lang='lat' dir='ltr'><strong>aiio</strong></span> <span class='ocrx_word' id='word_1_1047' title='bbox 2091 3110 2138 3142; x_wconf 77' lang='lat' dir='ltr'><strong>V¹</strong></span> <span class='ocrx_word' id='word_1_1048' title='bbox 2169 3109 2181 3153; x_wconf 91' lang='grc'><strong>11</strong></span> <span class='ocrx_word' id='word_1_1049' title='bbox 2211 3111 2251 3143; x_wconf 90' lang='grc'>16</span> <span class='ocrx_word' id='word_1_1050' title='bbox 2283 3110 2452 3153; x_wconf 84' lang='lat' dir='ltr'><strong>displicuit</strong></span> 
     </span>
     <span class='ocr_line' id='line_1_110' title="bbox 1389 3153 2452 3199; baseline 0.003 -13"><span class='ocrx_word' id='word_1_1051' title='bbox 1389 3154 1435 3186; x_wconf 86' lang='lat' dir='ltr'><strong>V·</strong></span> <span class='ocrx_word' id='word_1_1052' title='bbox 1454 3154 1467 3197; x_wconf 90' lang='grc'><strong>11</strong></span> <span class='ocrx_word' id='word_1_1053' title='bbox 1485 3154 1515 3186; x_wconf 88' lang='lat' dir='ltr'><strong>ei</strong></span> <span class='ocrx_word' id='word_1_1054' title='bbox 1531 3154 1591 3196; x_wconf 61' lang='lat'><strong>13²]</strong></span> <span class='ocrx_word' id='word_1_1055' title='bbox 1617 3156 1649 3186; x_wconf 88' lang='lat' dir='ltr'><strong>et</strong></span> <span class='ocrx_word' id='word_1_1056' title='bbox 1672 3154 1793 3187; x_wconf 83' lang='lat' dir='ltr'><strong><em>R¹VT</em></strong></span> <span class='ocrx_word' id='word_1_1057' title='bbox 1807 3153 1819 3196; x_wconf 88' lang='grc' dir='ltr'><strong>ΙΙ</strong></span> <span class='ocrx_word' id='word_1_1058' title='bbox 1844 3155 1886 3188; x_wconf 88' lang='grc'>18</span> <span class='ocrx_word' id='word_1_1059' title='bbox 1909 3154 2040 3187; x_wconf 71' lang='lat' dir='ltr'><strong>indutie</strong></span> <span class='ocrx_word' id='word_1_1060' title='bbox 2067 3154 2111 3186; x_wconf 83' lang='lat' dir='ltr'><strong>R¹</strong></span> <span class='ocrx_word' id='word_1_1061' title='bbox 2128 3154 2140 3198; x_wconf 92' lang='grc'><strong>11</strong></span> <span class='ocrx_word' id='word_1_1062' title='bbox 2161 3157 2201 3188; x_wconf 87' lang='grc'>19</span> <span class='ocrx_word' id='word_1_1063' title='bbox 2227 3165 2307 3197; x_wconf 83' lang='lat' dir='ltr'><strong>quas</strong></span> <span class='ocrx_word' id='word_1_1064' title='bbox 2327 3156 2421 3189; x_wconf 83' lang='lat' dir='ltr'><strong>Beck</strong></span> <span class='ocrx_word' id='word_1_1065' title='bbox 2439 3155 2452 3199; x_wconf 83' lang='grc'><strong>11</strong></span> 
     </span>
     <span class='ocr_line' id='line_1_111' title="bbox 1380 3198 2449 3242; baseline 0.002 -11"><span class='ocrx_word' id='word_1_1066' title='bbox 1380 3199 1422 3231; x_wconf 84' lang='grc'><strong>20</strong></span> <span class='ocrx_word' id='word_1_1067' title='bbox 1446 3200 1535 3232; x_wconf 87' lang='lat' dir='ltr'><strong>inter</strong></span> <span class='ocrx_word' id='word_1_1068' title='bbox 1547 3198 1632 3232; x_wconf 80' lang='lat' dir='ltr'><strong>R¹T</strong></span> <span class='ocrx_word' id='word_1_1069' title='bbox 1645 3199 1658 3242; x_wconf 94' lang='grc'><strong>11</strong></span> <span class='ocrx_word' id='word_1_1070' title='bbox 1674 3199 1875 3242; x_wconf 84' lang='lat' dir='ltr'><strong>praedictam</strong></span> <span class='ocrx_word' id='word_1_1071' title='bbox 1898 3200 2154 3242; x_wconf 81' lang='lat' dir='ltr'><strong>suspensionem]</strong></span> <span class='ocrx_word' id='word_1_1072' title='bbox 2179 3201 2449 3233; x_wconf 77' lang='lat' dir='ltr'><strong>contestationem</strong></span> 
     </span>
     <span class='ocr_line' id='line_1_112' title="bbox 1381 3243 2448 3287; baseline 0.002 -12"><span class='ocrx_word' id='word_1_1073' title='bbox 1381 3244 1428 3275; x_wconf 72' lang='lat' dir='ltr'><strong>R‘2</strong></span> <span class='ocrx_word' id='word_1_1074' title='bbox 1444 3245 1455 3286; x_wconf 86' lang='grc'><strong>11</strong></span> <span class='ocrx_word' id='word_1_1075' title='bbox 1474 3243 1582 3285; x_wconf 82' lang='lat' dir='ltr'><strong>illum]</strong></span> <span class='ocrx_word' id='word_1_1076' title='bbox 1607 3244 1709 3277; x_wconf 87' lang='lat' dir='ltr'><strong>alium</strong></span> <span class='ocrx_word' id='word_1_1077' title='bbox 1723 3243 1826 3276; x_wconf 80' lang='lat' dir='ltr'><em>R¹T¹</em></span> <span class='ocrx_word' id='word_1_1078' title='bbox 1844 3244 1855 3283; x_wconf 89' lang='grc'><strong>11</strong></span> <span class='ocrx_word' id='word_1_1079' title='bbox 1872 3245 1912 3278; x_wconf 89' lang='grc'>21</span> <span class='ocrx_word' id='word_1_1080' title='bbox 1933 3249 2107 3285; x_wconf 88' lang='lat' dir='ltr'><strong>utrumque</strong></span> <span class='ocrx_word' id='word_1_1081' title='bbox 2129 3245 2183 3287; x_wconf 75' lang='lat' dir='ltr'><strong>Vl]</strong></span> <span class='ocrx_word' id='word_1_1082' title='bbox 2202 3246 2244 3278; x_wconf 84' lang='lat'><strong>22</strong></span> <span class='ocrx_word' id='word_1_1083' title='bbox 2262 3244 2448 3277; x_wconf 80' lang='lat' dir='ltr'><strong>huiusmodi</strong></span> 
     </span>
     <span class='ocr_line' id='line_1_113' title="bbox 1388 3288 2448 3333; baseline 0.002 -14"><span class='ocrx_word' id='word_1_1084' title='bbox 1388 3289 1419 3319; x_wconf 92' lang='lat' dir='ltr'><em>V</em></span> <span class='ocrx_word' id='word_1_1085' title='bbox 1432 3291 1442 3330; x_wconf 90' lang='grc'><strong>11</strong></span> <span class='ocrx_word' id='word_1_1086' title='bbox 1459 3300 1550 3322; x_wconf 79' lang='lat' dir='ltr'><strong>arces</strong></span> <span class='ocrx_word' id='word_1_1087' title='bbox 1563 3290 1611 3323; x_wconf 83' lang='lat' dir='ltr'><strong>R¹</strong></span> <span class='ocrx_word' id='word_1_1088' title='bbox 1630 3291 1642 3330; x_wconf 89' lang='grc'><strong>11</strong></span> <span class='ocrx_word' id='word_1_1089' title='bbox 1657 3290 1693 3321; x_wconf 89' lang='lat' dir='ltr'><strong>in</strong></span> <span class='ocrx_word' id='word_1_1090' title='bbox 1709 3288 1769 3321; x_wconf 88' lang='lat' dir='ltr'><strong>illo</strong></span> <span class='ocrx_word' id='word_1_1091' title='bbox 1791 3288 1866 3333; x_wconf 67' lang='lat' dir='ltr'><strong>T¹fl</strong></span> <span class='ocrx_word' id='word_1_1092' title='bbox 1886 3290 1926 3323; x_wconf 88' lang='lat'><strong>23</strong></span> <span class='ocrx_word' id='word_1_1093' title='bbox 1947 3290 2093 3331; x_wconf 87' lang='lat' dir='ltr'><strong>proprio]</strong></span> <span class='ocrx_word' id='word_1_1094' title='bbox 2118 3290 2222 3331; x_wconf 86' lang='lat' dir='ltr'><strong>priori</strong></span> <span class='ocrx_word' id='word_1_1095' title='bbox 2236 3290 2269 3322; x_wconf 85' lang='lat' dir='ltr'><em>T</em></span> <span class='ocrx_word' id='word_1_1096' title='bbox 2275 3290 2284 3310; x_wconf 88' lang='lat'><strong>¹</strong></span> <span class='ocrx_word' id='word_1_1097' title='bbox 2300 3289 2313 3333; x_wconf 85' lang='grc'><strong>11</strong></span> <span class='ocrx_word' id='word_1_1098' title='bbox 2332 3291 2373 3323; x_wconf 80' lang='grc'><strong>24</strong></span> <span class='ocrx_word' id='word_1_1099' title='bbox 2392 3288 2448 3321; x_wconf 76' lang='lat' dir='ltr'><strong>do·</strong></span> 
     </span>
     <span class='ocr_line' id='line_1_114' title="bbox 1377 3333 2446 3378; baseline 0.002 -14"><span class='ocrx_word' id='word_1_1100' title='bbox 1377 3333 1544 3377; x_wconf 69' lang='lat' dir='ltr'><strong>indelinde</strong></span> <span class='ocrx_word' id='word_1_1101' title='bbox 1565 3335 1619 3377; x_wconf 75' lang='lat' dir='ltr'><strong>Vl]</strong></span> <span class='ocrx_word' id='word_1_1102' title='bbox 1638 3335 1680 3368; x_wconf 86' lang='lat'><strong>25</strong></span> <span class='ocrx_word' id='word_1_1103' title='bbox 1698 3333 1850 3374; x_wconf 79' lang='lat' dir='ltr'><strong>alterum]</strong></span> <span class='ocrx_word' id='word_1_1104' title='bbox 1869 3333 1972 3366; x_wconf 87' lang='lat' dir='ltr'><strong>alium</strong></span> <span class='ocrx_word' id='word_1_1105' title='bbox 1992 3334 2024 3367; x_wconf 89' lang='lat' dir='ltr'><em>T</em></span> <span class='ocrx_word' id='word_1_1106' title='bbox 2035 3334 2048 3378; x_wconf 88' lang='grc'><strong>11</strong></span> <span class='ocrx_word' id='word_1_1107' title='bbox 2065 3344 2196 3366; x_wconf 88' lang='lat' dir='ltr'><strong>eum—</strong></span> <span class='ocrx_word' id='word_1_1108' title='bbox 2209 3335 2251 3368; x_wconf 87' lang='grc'><strong>28</strong></span> <span class='ocrx_word' id='word_1_1109' title='bbox 2265 3341 2446 3376; x_wconf 77' lang='lat' dir='ltr'><strong>proponere</strong></span> 
     </span>
     <span class='ocr_line' id='line_1_115' title="bbox 1377 3375 2443 3422; baseline 0 -13"><span class='ocrx_word' id='word_1_1110' title='bbox 1377 3390 1437 3411; x_wconf 76' lang='lat' dir='ltr'><strong>scr.</strong></span> <span class='ocrx_word' id='word_1_1111' title='bbox 1452 3379 1500 3411; x_wconf 78' lang='lat' dir='ltr'><strong>R²</strong></span> <span class='ocrx_word' id='word_1_1112' title='bbox 1514 3381 1546 3412; x_wconf 85' lang='lat' dir='ltr'><strong>in</strong></span> <span class='ocrx_word' id='word_1_1113' title='bbox 1559 3392 1625 3412; x_wconf 71' lang='lat' dir='ltr'><strong>ros.</strong></span> <span class='ocrx_word' id='word_1_1114' title='bbox 1636 3381 1656 3413; x_wconf 90' lang='lat'><strong>2</strong></span> <span class='ocrx_word' id='word_1_1115' title='bbox 1668 3391 1721 3412; x_wconf 83' lang='lat' dir='ltr'><strong>vv.</strong></span> <span class='ocrx_word' id='word_1_1116' title='bbox 1740 3379 1752 3419; x_wconf 80' lang='grc'><strong>11</strong></span> <span class='ocrx_word' id='word_1_1117' title='bbox 1769 3379 1812 3412; x_wconf 85' lang='grc'><strong>26</strong></span> <span class='ocrx_word' id='word_1_1118' title='bbox 1823 3378 1887 3411; x_wconf 80' lang='lat' dir='ltr'><strong>sibi</strong></span> <span class='ocrx_word' id='word_1_1119' title='bbox 1902 3378 1995 3411; x_wconf 78' lang='lat' dir='ltr'><strong>iuate</strong></span> <span class='ocrx_word' id='word_1_1120' title='bbox 2008 3379 2082 3420; x_wconf 79' lang='lat' dir='ltr'><strong>R(²)</strong></span> <span class='ocrx_word' id='word_1_1121' title='bbox 2098 3379 2110 3422; x_wconf 92' lang='grc'><strong>11</strong></span> <span class='ocrx_word' id='word_1_1122' title='bbox 2129 3381 2169 3413; x_wconf 86' lang='grc'><strong>27</strong></span> <span class='ocrx_word' id='word_1_1123' title='bbox 2183 3389 2256 3411; x_wconf 86' lang='lat' dir='ltr'><strong>eum</strong></span> <span class='ocrx_word' id='word_1_1124' title='bbox 2274 3389 2331 3411; x_wconf 66' lang='lat' dir='ltr'><strong>on.</strong></span> <span class='ocrx_word' id='word_1_1125' title='bbox 2341 3375 2416 3417; x_wconf 58' lang='lat' dir='ltr'><strong>BG)</strong></span> <span class='ocrx_word' id='word_1_1126' title='bbox 2430 3375 2443 3420; x_wconf 65' lang='lat' dir='ltr'>fl</span> 
     </span>
     <span class='ocr_line' id='line_1_116' title="bbox 1379 3422 2445 3466; baseline -0.002 -10"><span class='ocrx_word' id='word_1_1127' title='bbox 1379 3423 1420 3456; x_wconf 82' lang='lat'><strong>28</strong></span> <span class='ocrx_word' id='word_1_1128' title='bbox 1445 3424 1532 3466; x_wconf 81' lang='lat' dir='ltr'><strong>apud</strong></span> <span class='ocrx_word' id='word_1_1129' title='bbox 1556 3423 1657 3456; x_wconf 88' lang='lat' dir='ltr'><strong>alium</strong></span> <span class='ocrx_word' id='word_1_1130' title='bbox 1679 3423 1822 3456; x_wconf 81' lang='lat' dir='ltr'><strong>iudicem</strong></span> <span class='ocrx_word' id='word_1_1131' title='bbox 1845 3434 1936 3456; x_wconf 80' lang='lat' dir='ltr'><strong>suam</strong></span> <span class='ocrx_word' id='word_1_1132' title='bbox 1961 3434 2088 3456; x_wconf 83' lang='lat' dir='ltr'><strong>causam</strong></span> <span class='ocrx_word' id='word_1_1133' title='bbox 2114 3422 2188 3465; x_wconf 59' lang='grc' dir='ltr'><strong>ΒΘ</strong></span> <span class='ocrx_word' id='word_1_1134' title='bbox 2209 3422 2223 3466; x_wconf 83' lang='grc' dir='ltr'>Ι</span> <span class='ocrx_word' id='word_1_1135' title='bbox 2268 3430 2445 3462; x_wconf 73' lang='lat' dir='ltr'><strong>neponere</strong></span> 
     </span>
     <span class='ocr_line' id='line_1_117' title="bbox 1380 3464 2442 3515; baseline -0.005 -13"><span class='ocrx_word' id='word_1_1136' title='bbox 1380 3468 1424 3515; x_wconf 54' lang='lat' dir='ltr'><strong>Tg</strong></span> <span class='ocrx_word' id='word_1_1137' title='bbox 1440 3469 1451 3510; x_wconf 87' lang='grc' dir='ltr'><strong>ΙΙ</strong></span> <span class='ocrx_word' id='word_1_1138' title='bbox 1471 3470 1513 3502; x_wconf 85' lang='grc'><strong>29</strong></span> <span class='ocrx_word' id='word_1_1139' title='bbox 1526 3471 1564 3501; x_wconf 75' lang='lat' dir='ltr'><strong>ut</strong></span> <span class='ocrx_word' id='word_1_1140' title='bbox 1576 3482 1632 3502; x_wconf 86' lang='lat' dir='ltr'><strong>om.</strong></span> <span class='ocrx_word' id='word_1_1141' title='bbox 1646 3469 1679 3502; x_wconf 89' lang='lat' dir='ltr'><strong><em>V</em></strong></span> <span class='ocrx_word' id='word_1_1142' title='bbox 1689 3468 1702 3512; x_wconf 82' lang='grc'><strong>11</strong></span> <span class='ocrx_word' id='word_1_1143' title='bbox 1718 3468 1767 3500; x_wconf 81' lang='lat' dir='ltr'><strong>ita</strong></span> <span class='ocrx_word' id='word_1_1144' title='bbox 1779 3468 1872 3509; x_wconf 72' lang='lat' dir='ltr'><strong>tales]</strong></span> <span class='ocrx_word' id='word_1_1145' title='bbox 1886 3468 1982 3501; x_wconf 74' lang='lat' dir='ltr'><strong>itales</strong></span> <span class='ocrx_word' id='word_1_1146' title='bbox 1996 3468 2066 3513; x_wconf 66' lang='lat' dir='ltr'><strong>13¹ss</strong></span> <span class='ocrx_word' id='word_1_1147' title='bbox 2084 3478 2174 3502; x_wconf 71' lang='lat' dir='ltr'><strong>arces</strong></span> <span class='ocrx_word' id='word_1_1148' title='bbox 2188 3464 2250 3508; x_wconf 78' lang='lat' dir='ltr'><strong>R²]</strong></span> <span class='ocrx_word' id='word_1_1149' title='bbox 2268 3466 2310 3498; x_wconf 75' lang='grc'><strong>34</strong></span> <span class='ocrx_word' id='word_1_1150' title='bbox 2323 3467 2442 3498; x_wconf 72' lang='lat' dir='ltr'><strong>subscr.</strong></span> 
     </span>
     <span class='ocr_line' id='line_1_118' title="bbox 1377 3509 2441 3557; baseline -0.001 -13"><span class='ocrx_word' id='word_1_1151' title='bbox 1377 3514 1521 3546; x_wconf 69' lang='lat' dir='ltr'><strong>dedimus</strong></span> <span class='ocrx_word' id='word_1_1152' title='bbox 1541 3527 1579 3547; x_wconf 72' lang='lat' dir='ltr'><strong>ex</strong></span> <span class='ocrx_word' id='word_1_1153' title='bbox 1602 3514 1672 3547; x_wconf 81' lang='lat' dir='ltr'><strong>Vet</strong></span> <span class='ocrx_word' id='word_1_1154' title='bbox 1685 3514 1802 3548; x_wconf 79' lang='lat' dir='ltr'><strong>Bamb.</strong></span> <span class='ocrx_word' id='word_1_1155' title='bbox 1816 3514 1858 3546; x_wconf 92' lang='lat' dir='ltr'><strong>II</strong></span> <span class='ocrx_word' id='word_1_1156' title='bbox 1871 3513 1876 3557; x_wconf 91' lang='grc' dir='ltr'>Ι</span> <span class='ocrx_word' id='word_1_1157' title='bbox 1900 3524 1977 3546; x_wconf 85' lang='lat' dir='ltr'><strong>nou.</strong></span> <span class='ocrx_word' id='word_1_1158' title='bbox 1993 3514 2109 3548; x_wconf 68' lang='lat' dir='ltr'><strong>Bas-b.</strong></span> <span class='ocrx_word' id='word_1_1159' title='bbox 2122 3511 2166 3545; x_wconf 90' lang='grc' dir='ltr'><strong>ΙΙ</strong></span> <span class='ocrx_word' id='word_1_1160' title='bbox 2176 3510 2190 3554; x_wconf 83' lang='grc' dir='ltr'>Ι</span> <span class='ocrx_word' id='word_1_1161' title='bbox 2205 3511 2249 3543; x_wconf 83' lang='grc'><strong>35</strong></span> <span class='ocrx_word' id='word_1_1162' title='bbox 2266 3509 2344 3549; x_wconf 83' lang='grc' dir='ltr'>ΟΡ.]</span> <span class='ocrx_word' id='word_1_1163' title='bbox 2368 3520 2441 3543; x_wconf 83' lang='lat' dir='ltr'><strong>oon.</strong></span> 
     </span>
     <span class='ocr_line' id='line_1_119' title="bbox 1376 3555 2441 3603; baseline -0.003 -13"><span class='ocrx_word' id='word_1_1164' title='bbox 1376 3557 1495 3591; x_wconf 83' lang='lat' dir='ltr'><strong>Bamb.</strong></span> <span class='ocrx_word' id='word_1_1165' title='bbox 1511 3559 1566 3600; x_wconf 89' lang='lat' dir='ltr'><strong>II‚&#39;</strong></span> <span class='ocrx_word' id='word_1_1166' title='bbox 1633 3583 1641 3591; x_wconf 97' lang='lat'><strong>.</strong></span> <span class='ocrx_word' id='word_1_1167' title='bbox 1663 3557 1725 3603; x_wconf 74' lang='grc'>1711</span> <span class='ocrx_word' id='word_1_1168' title='bbox 1749 3558 1844 3601; x_wconf 81' lang='lat' dir='ltr'><strong>impr.</strong></span> <span class='ocrx_word' id='word_1_1169' title='bbox 1891 3565 1945 3591; x_wconf 83' lang='lat' dir='ltr'><strong>on.</strong></span> <span class='ocrx_word' id='word_1_1170' title='bbox 1971 3559 2048 3591; x_wconf 75' lang='lat' dir='ltr'><strong>libri</strong></span> <span class='ocrx_word' id='word_1_1171' title='bbox 2067 3556 2081 3600; x_wconf 77' lang='grc' dir='ltr'>Ι</span> <span class='ocrx_word' id='word_1_1172' title='bbox 2101 3555 2191 3588; x_wconf 75' lang='lat' dir='ltr'><strong>iusti.</strong></span> <span class='ocrx_word' id='word_1_1173' title='bbox 2214 3564 2267 3596; x_wconf 89' lang='lat' dir='ltr'><strong>pp.</strong></span> <span class='ocrx_word' id='word_1_1174' title='bbox 2292 3563 2368 3595; x_wconf 86' lang='lat' dir='ltr'><strong>aug.</strong></span> <span class='ocrx_word' id='word_1_1175' title='bbox 2402 3574 2441 3579; x_wconf 92' lang='lat'>—</span> 
     </span>
     <span class='ocr_line' id='line_1_120' title="bbox 1374 3599 2316 3646; baseline -0.002 -13"><span class='ocrx_word' id='word_1_1176' title='bbox 1374 3602 1493 3644; x_wconf 83' lang='lat' dir='ltr'><strong>apione</strong></span> <span class='ocrx_word' id='word_1_1177' title='bbox 1516 3614 1619 3636; x_wconf 72' lang='lat' dir='ltr'><strong>consu</strong></span> <span class='ocrx_word' id='word_1_1178' title='bbox 1633 3614 1651 3637; x_wconf 82' lang='grc' dir='ltr'><em>ο</em></span> <span class='ocrx_word' id='word_1_1179' title='bbox 1672 3603 1705 3636; x_wconf 89' lang='lat' dir='ltr'><strong><em>V</em></strong></span> <span class='ocrx_word' id='word_1_1180' title='bbox 1723 3603 1807 3636; x_wconf 59' lang='lat' dir='ltr'><strong>ium.</strong></span> <span class='ocrx_word' id='word_1_1181' title='bbox 1831 3603 1966 3646; x_wconf 65' lang='lat' dir='ltr'><strong>reliquia</strong></span> <span class='ocrx_word' id='word_1_1182' title='bbox 1990 3601 2112 3638; x_wconf 66' lang='lat' dir='ltr'><strong>ominis</strong></span> <span class='ocrx_word' id='word_1_1183' title='bbox 2132 3599 2254 3639; x_wconf 48' lang='lat' dir='ltr'><strong>,Bambss</strong></span> <span class='ocrx_word' id='word_1_1184' title='bbox 2271 3599 2316 3631; x_wconf 92' lang='lat' dir='ltr'><strong>II</strong></span> 
     </span>
    </p>
   </div>
  </div>
 </body>
</html>
