2618 4010
1243 115 1325 163 269

160 231 306 279 φανερά,
339 231 427 269 dieve
455 231 593 276 μηδένα
625 234 702 266 τῶν
727 230 879 265 πάντων
904 230 1097 266 διαλαθεῖν
1126 231 1172 266 τά
1196 246 1234 266 τε
1304 232 1399 266 simis
1424 230 1582 265 ecclesiis
1605 229 1696 264 haec
1720 228 1841 264 facere
1865 228 2066 272 manifesta,
2092 229 2133 264 ut
2150 228 2286 263 nullum
2312 238 2385 263 om-

159 279 203 325 τῇ
224 277 466 325 ἆρχιερωσύνῃ
492 275 649 318 δόξαντα
674 276 719 311 τά
745 291 782 311 τε
806 275 876 311 ὑπὸ
901 279 961 320 τῆς
981 277 1163 321 βασιλείας
1184 291 1236 310 κε·
1307 277 1404 311 nium
1429 277 1567 311 lateant
1589 278 1627 310 et
1647 284 1739 319 quae
1760 274 1986 319 pontificatui
2008 276 2223 319 placuerunt
2244 277 2279 308 et
2297 283 2386 318 quae

159 326 356 368 κυρωμένα.
421 323 502 357 Dat.
523 334 604 358 vm.
630 323 676 358 id.
703 323 794 367 Aug.
821 323 1131 368 Constantinopoli
1154 327 1236 368 post
1305 322 1350 357 ab
1375 321 1521 366 imperio
1548 320 1758 356 confirmata
1783 325 1876 354 sunt.

161 379 258 404 cons.
283 368 447 404 Belisarii
471 380 502 404 v.
524 378 554 404 c.
1199 371 1244 411 [a.
1259 371 1336 410 536]
1384 368 1468 403 Dat.
1482 378 1564 402 vm.
1584 365 1665 401 idus
1677 366 1769 409 Aug.
1794 365 1862 400 GP.
1885 369 1966 410 post
1983 376 2081 401 cons.
2100 364 2263 400 Belisarii
2280 376 2311 399 v.
2332 374 2361 399 c.

162 134 219 164 nn
249 131 538 165 ERGAs'rans
569 131 1007 164 consummemus
2016 117 2122 160 Nov.
2155 115 2296 158 XLIII
2326 130 2386 171 pr.

674 554 732 596 ffi*
1264 563 1283 595 5
1786 556 1917 592 XL111.
2143 556 2252 590 Auth.
2270 555 2387 591 XLIV

185 628 378 681 HEPI
435 627 589 681 ΤΩΝ
650 627 1210 682 ΕΡΓΑΣΤΗΡΙῼΝ
1302 629 1354 677 R
1404 629 1496 677 DE
1546 624 2004 678 ERGASTERIIS
2051 623 2386 675 CONSTAN-

243 695 1152 752 ΚῼΝΣΤΑΝΤΙΝΟῨΠΟΛΕῼΣ,
1307 695 1686 756 TINOPOLIS,
1725 696 1820 746 UT
1856 694 2065 743 MILLE
2102 692 2386 742 CENTUM

157 762 346 816 ΩΣΤΕ
390 764 609 816 Μ()ΝΑ
655 764 876 817 ΧΙΛΙΑ
920 763 1236 816 ΕΚΑΤΟΝ
1307 763 1755 813 ERGASTERIA
1801 760 2095 811 MAIORIS
2145 760 2388 810 ECCLE-

156 830 636 885 ΕΡΓΑΣΤΗΡΙΑ
670 833 821 885 ΤΗΣ
858 831 1235 884 ΜΕΓΑΛΗΣ
1309 831 1461 880 SIAE
1489 831 1951 882 EXCUSENTUR
1977 831 2067 878 ET
2087 828 2387 887 RELIQUA

156 898 629 952 ΕΚΚΑΗΣΙΑΣ
677 898 1235 953 ΕΞΚΟῩΣΕῩΕΙΝ
1254 914 1291 944 10
1307 898 1525 948 OMNIA
1562 898 2042 949 SOLLEMNITER
2068 895 2387 947 FUNCTIO-

156 966 294 1019 ΚΑΙ
346 967 443 1020 ΤΑ
489 967 740 1021 ΛΟΙΠΑ
785 966 1047 1019 ΠΑΝΤΑ
1095 966 1236 1019 ΤΑΣ
1306 967 1435 1016 NES
1487 967 1914 1026 EXSOLVANT,
1972 964 2384 1015 CUIUSLIBET

156 1034 364 1087 ΚΑΤΑ
404 1034 849 1088 ΣῩΝΗΘΕΙΑΝ
893 1033 1235 1086 AEITOYP-
1610 1035 1883 1084 DOMINII
1920 1034 2094 1085 SINT.

158 1102 326 1157 ΓΙΑΣ
365 1103 657 1162 ΤΕΛΕΙΝ,
702 1102 877 1155 ΟΙΑΣ
913 1101 1016 1154 ΑΝ
1057 1101 1235 1153 ΕΙΕΝ

469 1169 935 1222 ΔΕΣΠΟΤΕΙΑΣ.

153 1245 215 1281 Ἐν
238 1246 390 1293 ὀνόματι
420 1250 484 1282 τοῦ
515 1245 691 1295 δεσπότου
720 1247 832 1291 Ἰησοῦ
858 1249 1017 1294 Χριστοῦ
1050 1249 1112 1282 τοῦ
1146 1248 1235 1282 θεοῦ
1253 1247 1347 1283 15Ιη
1367 1246 1510 1282 nomine
1530 1247 1663 1282 domini
1684 1248 1797 1282 nostri
1810 1248 1892 1282 Iesu
1906 1247 2038 1281 Christi
2057 1246 2114 1281 dei
2134 1247 2387 1291 omnipotentis

155 1307 176 1335 η
206 1307 260 1327 ων
344 1306 527 1334 υτοκρατω
635 1306 718 1326 αισα
847 1308 868 1327 α
897 1305 947 1328 cos
1013 1305 1238 1327 ουστινιανος
1324 1303 1356 1326 m
1385 1319 1392 1326 .
1447 1302 1551 1328 aesar
1614 1302 1712 1327 aV1us
1754 1303 1796 1327 us
1816 1302 1956 1327 lnlanus
2027 1302 2235 1327 amannlcus
2294 1303 2314 1326 Ο
2357 1303 2386 1326 1-

166 1292 233 1337 “μ“
304 1292 361 1327 A*
463 1290 896 1339 ’ρΚ”ρΦλ’β
988 1291 1016 1325 Ἰ
1207 1292 1215 1301 “
1306 1293 1444 1337 IpC
1569 1292 1666 1327 Fl·
1737 1292 1862 1327 It''
1980 1293 2025 1326 Al
2160 1292 2167 1299 '
2261 1291 2367 1326 Gth'

154 1336 385 1382 Ἀλαμανικός
410 1338 588 1372 Potamos
614 1339 814 1385 Φραγγικὸς
842 1337 1058 1384 Γερμανικὸς
1079 1336 1238 1372 Ἀντικὸς
1307 1348 1370 1373 cus
1395 1337 1593 1373 Francicus
1619 1337 1853 1372 Germanicus
1885 1337 2038 1372 Anticus
2067 1337 2240 1372 Alanicus
2264 1337 2386 1372 Uuan-

152 1381 334 1417 Ἀλανικὸς
390 1380 631 1417 Οὖανδαλικὸς
677 1382 839 1431 Ἀφρικὸς
894 1382 1040 1428 εὐσεβὴς
1094 1382 1237 1426 εὐτυχὴς
1307 1383 1444 1418 dalicus
1465 1383 1656 1418 Africanus
1682 1383 1761 1428 pius
1786 1382 1871 1418 felix
1896 1382 2039 1417 inclitus
2063 1383 2178 1417 victor
2201 1392 2244 1417 ac
2265 1382 2385 1416 trium-

155 1426 297 1468 ἔνδοξος
328 1428 471 1471 νικητὴς
506 1431 740 1476 τροπαιοῦχος
773 1429 1005 1473 ἀεισέβαστος
1029 1428 1237 1475 Αὔγουστος
1351 1429 1482 1473 phator
1503 1438 1641 1473 semper
1660 1430 1843 1472 Augustus
1859 1427 2021 1471 Longino
2043 1428 2226 1472 praefecto
2249 1427 2339 1463 urbi.

437 1476 610 1520 Λογγίνῳ
636 1474 781 1519 ἐπάρχῳ
806 1474 952 1509 πόλεως.
1250 1477 1292 1509 20

197 1541 499 1586 <Προοίμιον.>
543 1539 687 1585 Ἐπειδὴ
715 1541 812 1586 μέλει
841 1544 894 1585 τῷ
925 1543 1084 1587 ἡμετέρῳ
1115 1542 1236 1587 κράτει
1349 1541 1631 1588 (Praefatio.)
1667 1541 1841 1585 Quoniam
1865 1551 1952 1576 cura
1972 1545 2025 1576 est
2042 1544 2186 1576 nostrae
2206 1540 2388 1585 potentiae

152 1587 230 1619 τῶν
246 1584 430 1631 ἡμετέρων
450 1585 623 1629 ὑπηκόων
644 1590 702 1620 καὶ
725 1587 879 1629 ζώντων
899 1592 958 1621 καὶ
979 1587 1235 1622 τελευτώντων
1306 1590 1510 1622 nostrorum
1532 1587 1773 1622 subiectorum
1797 1591 1833 1622 et
1853 1587 2044 1622 viventium
2068 1590 2105 1621 et
2125 1586 2386 1628 defunctorum,

153 1630 195 1664 τὸ
219 1629 309 1675 μηδὲ
339 1631 399 1665 τὰς
423 1631 538 1677 ταφὰς
563 1630 681 1666 αὐτοῖς
713 1637 859 1679 βαρείας
882 1633 974 1667 εἶναι
1001 1631 1091 1676 μηδὲ
1115 1635 1233 1675 ἐπιζη-
1306 1638 1345 1666 ut
1366 1643 1480 1677 neque
1505 1633 1711 1676 sepulturae
1735 1633 1786 1667 eis
1810 1642 1934 1676 graves
1961 1633 2032 1667 sint
2057 1642 2171 1676 neque
2195 1631 2388 1665 damnosae

152 1680 251 1719 μίους
274 1679 347 1710 τοῖς
370 1679 408 1711 ἐκ
427 1679 487 1720 τῆς
510 1679 573 1710 τοῦ
598 1676 875 1720 τελευτήσαντος
899 1679 1020 1721 οἰκίας,
1046 1677 1106 1712 διὰ
1127 1680 1234 1712 τοῦτο
1304 1678 1359 1713 his
1393 1678 1453 1722 qui
1486 1688 1530 1712 ex
1555 1678 1714 1712 defuncti
1749 1682 1832 1712 sunt
1864 1678 1978 1721 domo,
2013 1683 2202 1722 propterea
2231 1680 2267 1712 et
2291 1677 2388 1711 circa

154 1725 213 1754 καὶ
236 1720 281 1755 τὰ
305 1725 387 1768 περὶ
410 1724 471 1765 τῆς
493 1724 607 1768 ταφῆς
632 1724 754 1757 αὐτῶν
782 1723 849 1757 τὸν
873 1723 1095 1770 προςήκοντα
1119 1722 1234 1757 διατε·
1249 1726 1288 1758 25
1305 1724 1507 1768 sepulturas
1533 1733 1655 1758 eorum
1682 1727 1940 1768 competentem
1969 1722 2208 1767 disposuimus
2233 1722 2387 1757 modum.

156 1766 330 1812 θείκαμεν
360 1766 508 1814 τρόπον.
556 1772 615 1801 καὶ
647 1766 769 1811 ἐπειδὴ
800 1770 907 1803 τοῦτο
937 1772 1004 1813 μὲν
1037 1773 1236 1803 Κωνσταν-
1305 1769 1353 1803 Et
1378 1769 1544 1814 quoniam
1569 1774 1642 1803 tam
1667 1769 1922 1805 Constantinus
1952 1768 2052 1803 divae
2076 1767 2265 1803 memoriae
2289 1778 2385 1812 mag-

198 1859 284 1892 Nov.
299 1859 438 1892 XLIII
450 1859 507 1900 (==
520 1861 668 1893 Authent.
684 1861 833 1901 XLIV)
857 1861 983 1895 Graece
1004 1869 1092 1894 extat
1112 1863 1145 1894 in
1159 1861 1231 1894 ML
1253 1862 1338 1904 (fuit
1358 1863 1391 1894 in
1411 1861 1446 1894 Β
1461 1862 1513 1902 59,
1527 1869 1555 1902 4,
1571 1869 1600 1900 1;
1626 1863 1668 1904 cf
1685 1863 1774 1894 rubr.
1792 1873 1830 1894 ex
1850 1862 2010 1894 indicibus
2023 1861 2092 1893 B‘P
2113 1867 2143 1893 et
2164 1861 2311 1903 Tipucz'to
2334 1872 2387 1902 ap.

156 1905 345 1937 Heimbach.
367 1905 450 1948 Vp.
472 1906 560 1947 225).
586 1924 627 1928 —
654 1906 744 1948 Epit.
761 1907 882 1940 Theoti.
897 1908 952 1948 43,
976 1907 1098 1940 Athan.
1113 1908 1143 1948 2,
1158 1915 1186 1940 11
1211 1907 1300 1946 (inde
1326 1906 1406 1940 Coll.
1433 1914 1531 1939 const.
1559 1908 1634 1940 eccl.
1660 1906 1736 1948 III,
1762 1908 1860 1949 2,11).
1910 1907 2032 1939 Iulian.
2060 1913 2157 1939 const.
2182 1907 2285 1938 XIII.

155 1993 385 2029 sanctissimis
410 1993 569 2029 ecclesiis
593 1994 659 2029 sub
683 1993 772 2039 ipsis
798 1994 988 2038 ordinatis,
1014 1998 1054 2029 ut
1078 1995 1253 2030 neminem
1278 2005 1322 2030 ex
1346 1995 1510 2031 omnibus
1535 1996 1686 2037 lateant,
1720 2005 1811 2040 quae
1836 1994 2036 2030 sacerdotio
2066 1996 2142 2030 visa
2167 1998 2251 2030 sunt
2282 1997 2318 2030 et
2341 1995 2386 2030 ab

153 2039 301 2084 imperio
327 2039 545 2075 confirmata.
841 2064 843 2066 -

289 2084 455 2120 Divina
487 2084 787 2129 subscriptio.
845 2084 1019 2120 Divinitas
1044 2088 1080 2120 te
1104 2089 1219 2120 servet
1243 2095 1307 2130 per
1330 2086 1462 2120 multos
1487 2095 1619 2129 annos,
1653 2088 1779 2121 sancte
1803 2095 1845 2120 ac
1869 2085 2034 2128 religiose
2057 2089 2169 2130 pater.

382 2130 477 2165 Data
501 2133 627 2165 octavo
651 2130 731 2166 idus
755 2131 937 2174 Augustas
962 2130 1274 2174 Constantinopoli
1298 2133 1380 2175 post
1405 2131 1628 2167 consulatum
1650 2130 1812 2166 Belisarii
1836 2130 1901 2165 viri
1927 2130 2126 2166 clarissimi.
2411 2143 2453 2176 30

1200 2275 1345 2310 XLIII.

156 2342 257 2392 DE
292 2341 649 2393 OFFICINIS
685 2342 1390 2406 CONSTANTINOPOLI&
1445 2343 1531 2393 UT
1568 2343 1798 2393 SOLAE'
1838 2343 2077 2394 MILLE
2111 2343 2395 2394 CENTUM

161 2409 540 2461 OFFJCJNAE
564 2409 866 2460 MAGNAE
897 2409 1290 2460 ECCLESIAE
1319 2410 1772 2470 EXCUSENTUR‚
1807 2411 1986 2462 ΒΕΑ]
1987 2410 2173 2471 QUAE
2211 2411 2389 2462 VERo

162 2477 401 2530 OMNES
445 2475 929 2538 CUIUSCUMQUE
965 2476 1134 2527 SINT
1167 2478 1486 2529 DOMINI]
1528 2478 1965 2530 MINJSTERIA
2014 2477 2389 2529 SECUNDUM

812 2544 1408 2596 CONSUETIJDINEM
1442 2546 1731 2598 OBEANT.

156 2623 203 2660 In
235 2624 378 2660 nomine
409 2624 546 2660 domini
579 2623 663 2660 Iesu
690 2624 824 2660 Christi
852 2624 911 2659 dei
940 2624 1056 2659 nostri
1089 2623 1296 2670 Imperator
1330 2625 1462 2661 Caesar
1486 2625 1634 2661 Flavius
1667 2624 1894 2661 lastinianus
1923 2626 2182 2661 Alamannicus
2215 2625 2389 2662 Gothicus

155 2670 357 2705 Francicus
390 2669 622 2705 Germanicus
653 2670 805 2705 Anticus
836 2670 1010 2704 Alanicus
1052 2669 1271 2704 Vandalicas
1303 2671 1455 2716 Africus
1486 2673 1577 2717 pius
1605 2670 1706 2716 felix
1737 2671 1894 2706 inclutus
1924 2672 2038 2707 victor
2069 2682 2112 2706 ac
2144 2671 2388 2717 triumphator

836 2725 977 2761 semper
1001 2716 1187 2760 Auqustus
1212 2715 1380 2761 Lonqino
1398 2717 1594 2762 praefecto
1619 2716 1709 2751 urbi.

291 2782 550 2831 Praefatio.
606 2782 907 2834 Quandoquidem
930 2787 1078 2818 nostrae
1095 2783 1285 2828 potentiae
1309 2793 1420 2818 curae
1443 2787 1529 2818 sunt
1551 2783 1688 2830 subditi
1709 2783 1826 2819 nostri
1851 2787 1923 2818 tam
1949 2784 2018 2820 vivi
2042 2795 2151 2830 quam
2174 2784 2318 2826 mortui,
2344 2796 2388 2820 ne

155 2829 258 2875 ipsae
276 2839 316 2864 se
344 2829 487 2863 ulturae
519 2829 564 2863 iis
589 2839 719 2874 qraves
742 2832 817 2863 sant
844 2838 930 2863 neve
951 2828 995 2862 iis
1017 2828 1079 2872 qui
1100 2827 1144 2863 de
1172 2827 1278 2862 domo
1301 2828 1465 2874 defuncti
1484 2833 1570 2863 sunt
1589 2828 1838 2864 detrimentum
1859 2829 2030 2874 afferant,
2053 2834 2256 2876 propterea
2280 2830 2388 2865 etiam

156 2886 250 2920 quae
273 2885 295 2909 a
343 2873 568 2920 sepulturam
591 2884 717 2908 eorum
734 2873 922 2919 pertinent
944 2874 1210 2908 convenientem
1234 2873 1272 2907 in
1293 2875 1436 2908 modum
1458 2874 1718 2909 constituimus.
1767 2873 1817 2908 Et
1840 2874 2012 2920 quoniam
2037 2879 2109 2909 tam
2134 2873 2389 2910 Constantinus

211 2989 229 3020 3
265 2995 338 3019 ante
361 2989 483 3020 subscr.
510 2989 541 3020 in
572 2988 600 3020 C
621 2988 753 3020 additur
780 2981 825 3018 ‘H
844 2985 932 3019 θεία
955 2983 1148 3031 ὑπογραφῇ
1177 2987 1236 3019 Di-

1305 2987 1367 3028 τῆς
1390 2984 1527 3020 πόλεως
1552 3000 1619 3019 cum
1645 2989 1840 3020 Haloandro
1863 2989 1950 3031 vulg).
1980 2989 1991 3032 ΙΙ

157 3032 279 3063 vinitas
306 3034 339 3064 te
362 3034 469 3064 servet
498 3042 557 3074 per
582 3032 705 3064 multos
735 3042 850 3073 annos,
882 3035 994 3063 sancte
1019 3042 1057 3063 ac
1082 3032 1236 3083 religiose

2030 2990 2069 3022 21
2095 2986 2214 3031 μέλλει
2236 2989 2307 3021 ML
2329 2990 2386 3027 (id.

1306 3032 1479 3083 270‚13)aen
1509 3033 1550 3065 23
1575 3030 1617 3065 τὸ
1645 3032 1700 3072 Μ]
1727 3033 1795 3065 ’τοῦ
1821 3034 1851 3065 L
1878 3033 1890 3076 ΙΙ
1919 3035 1959 3066 24
1984 3036 2067 3074 τοῖς]
2099 3034 2159 3075 τῆς
2184 3035 2213 3066 L
2237 3033 2248 3076 ΙΙ
2280 3036 2321 3067 25
2343 3032 2389 3065 τὰ

157 3078 251 3118 pater
275 3075 288 3119 ΙΙ
313 3078 428 3108 octavo
452 3077 527 3109 idus
551 3079 717 3118 Augustas
745 3078 774 3109 0
794 3073 824 3113 (ὁ
851 3074 890 3109 δὲ
913 3074 1019 3119 νόμος
1043 3076 1113 3121 πρὸ
1139 3073 1235 3110 ὀκτω

158 3118 268 3154 εἰδῶν
282 3117 505 3166 Αὖγοὺστων
528 3119 754 3155 ἰνδικτιιῦνος
774 3118 819 3154 ιδ’
847 3123 959 3155 notitia
982 3134 1086 3154 rerum
1109 3124 1142 3155 in
1164 3134 1236 3155 con-

159 3168 232 3200 cilio
250 3174 411 3210 qestarum
430 3179 482 3209 ap.
499 3167 614 3200 Mansi
631 3180 667 3219 p.
686 3168 797 3207 1158)]
829 3177 892 3198 vn.
918 3166 962 3198 id.
987 3177 1062 3208 aug.
1084 3167 1131 3199 M
1154 3177 1236 3198 vnn

158 3212 233 3244 idus
257 3214 342 3252 Aug.
365 3223 384 3247 ς
418 3214 504 3253 μηνὶ
534 3207 721 3257 αὐγουστῳ
756 3213 888 3252 ΤΙιεοά.,
928 3209 1056 3254 πρώτη
1089 3209 1172 3256 (πρὸ
1197 3208 1234 3253 η’

159 3270 241 3291 corr.
257 3258 447 3297 Ηείηιὸαεῖι,
467 3254 538 3301 πρὸ
552 3255 597 3298 ιη’
612 3258 812 3297 Zachariae)
831 3254 1025 3289 καλανδῶν
1040 3253 1237 3300 Ἀπριλίων

159 3303 235 3336 ΑιῘι.
250 3303 332 3336 male
345 3303 415 3345 (om.
431 3302 508 3343 Iul.)
536 3301 547 3344 ΙΙ
573 3301 866 3343 Constantinopoli
890 3303 929 3342 C]
967 3303 1234 3345 constantinupo.

160 3348 207 3381 M
232 3347 342 3388 01³4,
358 3360 414 3380 om.
430 3355 499 3381 cett.
530 3347 541 3389 ΙΙ
568 3350 641 3388 post
664 3357 752 3379 cons.
779 3347 933 3379 Belisarii
958 3357 987 3378 v.
1013 3357 1039 3378 c.
1071 3348 1137 3387 Oe]
1164 3350 1238 3389 post

160 3403 210 3434 cp.
234 3393 312 3435 imp.
334 3392 483 3425 bilisario
503 3402 552 3424 uc.
570 3403 672 3424 conss.
688 3393 735 3424 M
750 3395 824 3433 post
841 3391 941 3424 consl.
956 3391 1100 3424 uilisarii
1114 3393 1240 3425 Iuliani

162 3439 240 3471 libri
256 3439 412 3480 nonnulli,
437 3437 614 3470 nabilisa.
633 3447 720 3469 cons.
734 3438 832 3477 Iutw,
856 3434 946 3479 μετὰ
970 3435 1036 3479 τὴν
1060 3433 1238 3470 ὑπατείαν

160 3481 371 3529 Βελισαρίου
397 3485 485 3524 Am,
528 3483 588 3522 τῆς
622 3475 793 3515 {nantas
825 3480 1038 3525 Βελισαριόυ
1073 3484 1190 3515 Theod.
1227 3481 1238 3526 Η

162 3530 182 3562 8
194 3526 290 3572 μόνοι
303 3542 359 3562 om.
375 3540 394 3565 ς
410 3528 421 3571 Η
440 3526 535 3570 χίλια
548 3524 568 3569 ἢ
581 3525 710 3560 ἑκατὸν
726 3528 776 3559 B⁶
792 3527 802 3569 ΙΙ
826 3530 864 3560 10
879 3525 1122 3566 έξσκουσεύειν
1136 3528 1166 3560 L
1185 3526 1236 3567 ἐξ-

162 3570 387 3607 σκουσσεύειν
401 3575 447 3607 Μ
465 3572 731 3613 ἑξκουσατεύειν
746 3573 779 3605 Β
793 3574 848 3612 (ef.
863 3585 933 3605 nov.
945 3573 1039 3605 LIX
1050 3574 1079 3605 2.
1092 3575 1109 3605 7
1120 3577 1213 3613 extr.)
1226 3572 1239 3618 ΙΙ

166 3619 203 3651 11
218 3617 339 3653 πάντα
353 3632 410 3652 om.
427 3620 476 3652 ΒΟ
492 3621 503 3662 Η
534 3621 572 3652 13
592 3618 677 3658 οἵας]
698 3613 765 3651 ὅσα
778 3618 832 3651 ΒΡ
850 3617 862 3660 ΙΙ
884 3616 959 3650 οἵας
976 3637 1015 3640 -
1030 3615 1238 3651 δεσποτείας

164 3676 222 3696 om.
238 3664 288 3696 B⁰
305 3664 317 3707 11
336 3666 376 3698 16
401 3661 599 3697 ἰουστιανὸς
619 3660 858 3706 (ἔλαμαντικὸς
878 3663 928 3695 La
952 3661 964 3705 ΙΙ
997 3665 1033 3695 17
1059 3659 1238 3708 γοθθικός

165 3708 207 3744 Μ
227 3709 239 3752 ΙΙ
264 3705 432 3753 'Aminea-J
453 3708 594 3750 λαζικός
611 3709 659 3742 L²
673 3711 704 3742 in
718 3721 783 3742 ras.
803 3709 816 3752 ΙΙ
843 3709 884 3741 20
910 3704 1047 3741 πόλεως
1063 3708 1135 3741 ML
1149 3709 1237 3749 Aah]

1305 3079 1387 3121 περὶ
1411 3088 1472 3118 της
1495 3077 1620 3120 ταφῆς]
1646 3078 1734 3109 circa
1758 3078 1945 3120 sepulturas
1970 3090 1989 3114 ς
2005 3078 2017 3121 ΙΙ
2042 3081 2083 3112 26
2110 3080 2388 3111 Κωνσταντῖνος

1306 3124 1361 3165 (cfi
1387 3135 1456 3155 nov.
1476 3123 1647 3164 LIXpr.;
1681 3123 1802 3156 Leonis
1827 3136 1895 3156 nov.
1914 3125 2017 3163 XII)]
2052 3125 2142 3156 immo
2167 3125 2335 3157 Honorius
2360 3131 2389 3156 et

1308 3168 1505 3200 Theodosius
1518 3167 1562 3199 II
1586 3168 1663 3201 Cod.
1681 3171 1709 3206 1,
1726 3175 1752 3208 2,
1767 3176 1783 3200 4

1350 3259 1372 3290 4
1396 3259 1516 3290 subscr.
1528 3265 1700 3299 praestant
1722 3258 1864 3290 VNeob.
1890 3257 1902 3300 Η
1927 3260 2006 3297 vm]
2031 3268 2112 3290 vnn
2134 3259 2273 3291 VNeob.
2302 3261 2313 3300 ΙΙ
2337 3269 2387 3300 cp.

1305 3303 1379 3343 post
1395 3301 1605 3333 consubitum
1623 3302 1715 3334 belis.
1734 3303 1799 3334 uiri
1822 3302 1996 3334 clarissimi
2017 3302 2162 3334 consulis
2175 3304 2292 3344 Neob.,
2317 3314 2386 3346 cap.

1305 3358 1337 3389 p.
1352 3358 1423 3379 con.
1440 3346 1602 3379 bilisiario
1616 3348 1677 3378 vic.
1693 3358 1764 3379 oon.
1790 3348 1821 3380 V
1835 3346 1846 3391 ΙΙ
1870 3351 1888 3381 5
1905 3348 1943 3392 R:
1966 3347 2105 3380 LXIIII
2128 3349 2161 3381 V
2174 3348 2185 3392 ΙΙ
2208 3350 2284 3391 sssq.
2299 3351 2385 3382 rubr.

1308 3405 1365 3424 om.
1388 3393 1418 3424 T
1450 3392 1461 3433 ΙΙ
1498 3393 1755 3434 constantinop'r.
1787 3393 1820 3425 V
1851 3393 2183 3435 Constantinopolcos
2210 3395 2387 3427 Heimbaclz

1307 3436 1688 3478 constantinopolitanis
1706 3439 1790 3481 vulq.
1818 3438 1828 3480 ΙΙ
1865 3440 1902 3471 10
1923 3439 2070 3471 omnium
2094 3439 2126 3471 V
2150 3438 2162 3481 ΙΙ
2197 3440 2234 3472 12
2259 3439 2387 3471 domini

1306 3482 1409 3515 Neob.
1435 3482 1522 3514 domi
1542 3482 1596 3525 Vn
1617 3484 1655 3516 15
1671 3483 1798 3515 Christi
1817 3496 1874 3516 om.
1894 3484 1948 3525 VH
1967 3484 2204 3525 omnipotentis
2226 3484 2270 3524 V]
2288 3497 2345 3518 om.
2362 3484 2390 3518 T

1307 3528 1409 3560 Neob.
1429 3527 1440 3569 ss
1467 3530 1505 3560 16
1526 3527 1609 3569 Imp.
1633 3540 1690 3560 om.
1715 3529 1771 3571 Vll
1786 3529 1956 3569 gotthicus
1977 3529 2011 3560 V
2027 3527 2038 3573 ΙΙ
2070 3530 2107 3561 18
2123 3529 2303 3562 affricanus
2326 3530 2355 3563 V
2375 3533 2386 3570 η

1306 3573 1345 3605 21
1365 3572 1490 3604 *curae
1516 3573 1592 3605 libri
1608 3574 1663 3616 (cf
1678 3575 1753 3615 270,
1768 3575 1810 3615 11)
1834 3573 1846 3616 ΙΙ
1874 3575 1915 3607 22
1937 3576 2050 3606 nostro
2072 3574 2105 3607 V
2124 3573 2136 3617 Η
2165 3576 2207 3608 24
2228 3585 2267 3607 ex
2284 3588 2342 3607 om.
2359 3576 2392 3609 T

1324 3663 1405 3740 t2I‘11'1
1417 3661 1480 3715 sub
1502 3662 1581 3704 ipsis
1603 3661 1780 3705 ordinatis]
1814 3662 1878 3695 sibi
1902 3662 2060 3697 subiectis
2083 3664 2200 3698 Mansi
2228 3665 2240 3708 ῃ
2269 3666 2311 3699 29
2335 3668 2385 3706 ac]

1306 3719 1323 3740 e
1405 3719 1477 3741 anst
