2618 4010
163 151 228 182 DE
257 150 463 183 INMENSIS
491 149 820 182 DONATIONIBUS

170 249 255 294 θείη
280 247 406 285 δοῦναι
429 252 489 283 καὶ
512 246 532 282 ὁ
560 247 762 293 λαμβάνων
794 246 996 292 ἐξεπίτηδες
1018 251 1249 295 παραιτεῖται

168 295 236 338 τὴν
259 293 381 340 λῆψιν,
407 292 554 338 δίδομεν
578 291 668 341 αὐτῇ
689 294 757 338 τὴν
772 296 835 338 τῆς
854 298 1094 341 προγαμιαίας
1114 292 1248 339 δωρεᾶς

168 342 232 373 τοῦ
250 343 468 374 συνοικεσίου
483 338 658 374 λυθέντος
674 337 881 382 ἀπαίτησιν,
899 343 1017 374 καίτοι
1033 339 1101 383 τὴν
1117 342 1247 386 προῖκα

170 383 230 418 διὰ
255 385 324 428 τὴν
346 386 411 419 τοῦ
434 382 565 430 ἀνδρὸς
589 386 712 419 αἰτίαν
735 384 797 419 οὐκ
821 384 1070 432 εἰςενεγκοῦσῃ.

212 428 329 476 (Ἐπί
337 429 437 476 λογο
447 441 471 464 ς.
952 429 959 438 ’

169 473 230 508 διὰ
251 472 357 508 τοῦδε
379 476 443 509 τοῦ
500 479 573 509 είου
605 473 806 521 δηλούμενα
836 489 950 521 νομου
975 489 996 519 η
1023 486 1068 518 ση
1089 474 1244 519 υπεροχὴ

168 521 260 565 ἔργῳ
292 523 351 553 καὶ
376 524 505 566 πέρατι
536 519 766 566 παραδοῦναι
790 519 994 556 σπευσάτω.
1085 520 1185 565 (Dat.
1210 519 1245 555 k.

168 565 246 599 Oct.
265 564 334 600 GP.
351 565 433 655 in>1p.
454 565 511 601 dn.
535 566 723 602 Iustiniani
742 577 802 612 pp.
825 567 865 602 A.
884 575 978 602 anno
990 564 1089 601 XIII.
1106 565 1246 609 Apione

167 620 198 645 V·
217 620 247 645 C.
277 620 372 646 cons.

678 762 733 813 (ΤΒ

1231 133 1317 181 457

1991 136 2097 182 Nov.
2128 133 2247 183 XCII
2276 153 2337 195 pr.
2373 134 2390 181 1

1319 250 1488 293 cepturus
1511 259 1554 284 ex
1580 248 1697 285 studio
1723 250 1940 285 recusaverit
1961 250 2244 295 perceptionem,
2270 250 2395 285 damus

1318 293 1350 346 ei
1379 294 1634 347 antenuptialis
1666 294 1867 330 donationis
1898 296 2123 331 matrimonio
2154 296 2271 331 soluto
2305 295 2394 341 peti-

1316 341 1463 382 tlonem,
1500 341 1586 375 licet
1622 340 1738 375 dotem
1774 343 1922 384 propter
1956 340 2022 376 viri
2058 351 2203 376 causam
2238 351 2310 377 non
2340 341 2394 375 in-

557 430 604 463 Τὰ
635 434 759 465 τοίνυν
791 442 1033 479 παρασταντα
1070 426 1156 473 ἡμῖν
1187 432 1245 463 καὶ
1282 384 1630 476 5ωκῗ11ζί1οςιιι>
1676 429 1774 474 Quae
1794 429 1902 473 igitur
1921 430 2131 475 placuerunt
2150 431 2254 467 nobis
2276 435 2312 466 et
2331 441 2396 476 per

872 474 880 485 ‘
987 473 994 484 ‘
1055 474 1063 485 ¹
1099 472 1107 484 ‘
1314 474 1408 509 hanc
1444 485 1582 511 sacram
1619 475 1801 510 declarata
1836 478 1920 510 sunt
1957 476 2068 520 legem
2104 477 2294 512 eminentIa
2330 480 2395 511 tua

1317 520 1661 574 operi-effectuique-
1689 520 1831 574 tradere
1858 520 2013 557 festinet.
2105 521 2189 557 Dat.
2215 522 2287 557 kal.
2314 521 2392 557 Oct.

1317 565 1385 600 ΟΡ.
1410 566 1511 612 <imp.
1535 566 1726 602 Iustiniani
1756 575 1849 600 anno
1875 565 1972 601 XIII.
1999 566 2138 611 Apione
2162 579 2194 603 v.
2221 578 2250 603 c.
2279 567 2394 611 cons.)

1221 613 1267 652 [a.
1283 613 1360 652 539]

1735 768 1846 804 XCII.
1895 768 2005 804 Auth.
2016 768 2108 804 XCI.
2129 768 2294 804 Coll.VII
2307 768 2392 803 tit.3

166 833 344 886 ΠΕΡΙ
385 832 534 886 ΤΩΝ
581 835 694 888 ΕΙΣ
746 834 1019 889 ΠΑΙΔΑΣ
1060 833 1243 886 ΑΜΕ·
1306 838 1358 886 R
1392 838 1483 886 DE
1519 838 1842 889 INMENSIS
1878 837 2391 888 DONATIONIBUS

445 901 637 955 ΤΡΩΝ
670 901 965 956 ΔῼΡΕῼΝ.

165 977 202 1013 ‘0
234 975 341 1034 αὐτὸς
372 978 538 1023 βασιλεὺς
566 977 716 1031 Ἰωάννῃ
752 982 804 1025 τῷ
838 978 1059 1035 ἐνδοξοτάτῳ
1095 978 1242 1035 {adom

1646 906 1720 956 IN
1756 905 1978 956 FILIOS
2012 906 2064 955 R

1311 981 1409 1016 Idem
1433 982 1525 1026 Aug.
1551 982 1703 1018 Iohanni
1730 984 1804 1019 viro
1831 984 2025 1020 clarissimo
2055 984 2239 1029 praefecto
2271 992 2390 1018 sacro-

166 1025 243 1058 τῶν
275 1025 382 1070 ιερῶν
413 1026 475 1067 τῆς
506 1027 555 1059 ἕω
579 1031 816 1074 πραιτωρίων
839 1027 881 1061 τὸ
906 1025 961 1071 β’,
995 1026 1066 1061 απὸ
1090 1039 1244 1060 υπατων
1312 1037 1391 1062 rum
1415 1038 1480 1072 per
1498 1028 1678 1063 Orientem
1702 1030 1962 1073 praetoriorum
1987 1030 2155 1072 secundo,
2181 1039 2224 1064 ex
2245 1028 2392 1064 consule

447 1068 667 1118 ὀρδιναρίων
691 1076 751 1106 καὶ
776 1076 966 1118 πατρικίῳ.

216 1138 513 1182 (Προοίμιον.>
558 1138 646 1181 ’Ἡδη
677 1140 723 1174 τὰ
750 1143 831 1185 περὶ
863 1140 927 1173 τοῦ
960 1137 1154 1173 Φαλκιδιόυ
1183 1143 1243 1173 καὶ

166 1183 229 1224 τῆς
249 1183 382 1216 ἐκείνου
406 1187 530 1228 μοίρας
550 1182 779 1232 διωρίσαμεν,
805 1182 1023 1227 αὐξήσαντες
1044 1182 1157 1219 αὐτὸν
1178 1182 1242 1218 οὐκ

166 1224 311 1273 ἀγεννεῖ
341 1229 545 1284 προςθῄκῃ·
572 1230 623 1275 >τὸ
652 1231 722 1277 γὰρ
757 1229 839 1264 λίαν
869 1231 997 1264 ἄνισον
1029 1227 1069 1263 οὗ
1102 1227 1243 1276 σφόδρα

166 1270 256 1316 ἡμᾶς
288 1272 424 1319 ἤρεσεν,
461 1273 550 1307 αλλὰ
583 1273 658 1309 δεῖν
688 1278 755 1319 μὲν
780 1276 1043 1322 προκρίνεσθαι
1066 1277 1143 1310 τῶν
1159 1280 1242 1310 παί-

1640 1074 1819 1110 ordinario
1842 1078 1878 1110 et
1901 1075 2062 1120 patricio.

1356 1139 1650 1185 (Praefatio.)
1698 1142 1840 1178 Dudum
1865 1143 1908 1178 de
1927 1143 2087 1179 Falcidia
2111 1146 2147 1178 et
2169 1142 2264 1177 illius
2288 1144 2391 1186 parte

1312 1184 1546 1228 decrevimus,
1579 1190 1750 1231 augentes
1782 1198 1860 1222 eam
1893 1199 1965 1223 non
1989 1188 2134 1232 ignobili
2157 1188 2387 1223 incremento.

1312 1230 1414 1274 Quod
1446 1231 1538 1265 enim
1570 1231 1674 1267 nimis
1705 1232 1892 1278 inaequale
1924 1238 1996 1277 est,
2032 1244 2102 1268 non
2134 1233 2237 1269 valde
2273 1232 2391 1278 placet

1312 1275 1427 1317 nobis,
1453 1276 1514 1311 sed
1532 1280 1697 1321 oportere
1715 1278 1854 1322 quidem
1873 1279 2046 1323 praeponi
2061 1279 2154 1314 filios
2179 1289 2268 1324 quos
2287 1280 2390 1323 pater

167 1315 243 1351 ὃων
266 1317 325 1352 οὓς
349 1316 396 1352 ἄν
420 1315 439 1351 o‘
465 1320 813 1376 natv‘ypassovhyqet'n,
839 1318 879 1376 of)
897 1322 1070 1375 τοσοῦτον
1088 1319 1126 1354 δὲ
1142 1321 1242 1355 ἐλατ-
1257 1323 1298 1355 20
1312 1321 1478 1361 voluerit,
1513 1332 1585 1357 non
1614 1324 1734 1358 tamen
1766 1323 1803 1358 in
1835 1326 1974 1359 tantum
1998 1325 2193 1360 inminuere
2217 1324 2319 1367 alios,
2350 1327 2390 1358 ut

165 1363 254 1441 ἔῖξν
285 1363 368 1397 τοὺς
398 1361 538 1407 ἄλλους,
570 1377 658 1400 ωςτε
692 1370 812 1401 αυτοῖς
842 1379 1027 1412 αφορητον
1053 1365 1145 1401 εἶναι
1175 1366 1243 1410 τὴν

179 1422 182 1425 ·
206 1421 376 1443 αττωσιν.

1313 1366 1538 1411 inportabilis
1563 1367 1613 1402 eis
1637 1369 1683 1403 sit
1706 1368 1902 1405 diminutio.

1166 1501 1322 1538 CAPUT
1348 1502 1366 1536 Ι
1369 1529 1377 1538 .

228 1557 294 1589 Τοῖ’
319 1559 443 1590 τοίνυν
473 1553 563 1601 παρ’
591 1554 697 1601 ἡμῶν
727 1558 900 1592 τεθέντος
929 1556 1041 1611 νόμου
1073 1562 1244 1602 μένοντος

1369 1558 1491 1593 Posita
1514 1558 1622 1603 igitur
1645 1569 1667 1594 a
1691 1559 1793 1594 nobis
1818 1559 1894 1604 lege
1920 1560 1957 1595 in
1982 1569 2048 1594 sua
2071 1560 2202 1595 virtute
2227 1563 2390 1595 manente

165 1603 225 1635 ἐπὶ
255 1602 317 1644 τῆς
340 1600 432 1635 ἰδίας
455 1601 572 1644 ἰσχύος
603 1605 715 1637 έκεῖνο
745 1602 972 1648 βουλόμεθα,
1010 1600 1097 1637 ω’ςτε
1129 1604 1165 1637 εἴ
1191 1616 1243 1638 τις
1311 1603 1399 1638 illud
1422 1604 1596 1648 volumus,
1628 1608 1668 1639 ut
1699 1605 1729 1639 si
1763 1605 1841 1649 quis
1872 1606 2097 1640 donationem
2128 1606 2324 1641 inmensam
2353 1605 2390 1651 in

165 1644 486 1701 Smpedvssueroov
516 1648 563 1681 εἴς
586 1661 670 1681 τινα
694 1647 716 1691 ἢ
741 1660 842 1682 τινας
869 1649 946 1682 τῶν
970 1647 1115 1683 παίδων
1139 1647 1241 1693 ποιή-
1257 1653 1298 1684 25
1312 1649 1466 1693 aliquem
1490 1655 1553 1684 aut
1573 1650 1711 1695 aliquos
1733 1649 1885 1685 filiorum
1906 1651 2041 1692 fecerIt,
2066 1651 2305 1686 necessarium
2326 1651 2390 1686 ha-

164 1703 278 1733 σαιτο,
304 1693 466 1739 ανάγκην
489 1694 581 1734 ἔχειν
606 1695 645 1727 έν
669 1695 712 1740 τῇ
739 1691 891 1740 διανομῇ
918 1695 981 1727 τοῦ
1007 1693 1136 1740 κλήρου
1159 1707 1241 1728 τοσ·

163 1738 271 1772 οὗτον
294 1737 435 1780 ἑκάστῳ
460 1738 537 1771 τῶν
561 1736 707 1773 παίδων
731 1737 926 1784 φυλάττειν
956 1739 998 1773 τὸ
1025 1741 1062 1773 ἐκ
1092 1741 1156 1773 τοῦ
1181 1738 1241 1774 νό-

162 1795 230 1827 μου
263 1786 383 1828 μέρος,
424 1778 511 1817 ὅσον
543 1778 588 1826 ἧν
620 1787 706 1829 πρὶν
735 1784 804 1828 τὴν
833 1783 975 1828 δωρεὰν
999 1782 1018 1818 ὁ
1044 1786 1164 1830 πατὴρ
1195 1786 1242 1819 εἰς

163 1827 231 1862 τὸν
262 1827 375 1863 παῖδα
407 1826 428 1871 ἣ
457 1828 541 1862 τοὺς
570 1828 701 1863 παῖδας
733 1830 816 1864 τοὺς
847 1830 960 1877 ταύτῃ
992 1833 1246 1875 τετιμημένους

1311 1694 1395 1729 beat
1429 1694 1465 1729 in
1502 1695 1750 1730 distributione
1787 1695 1993 1731 hereditatis
2028 1699 2165 1731 tantam
2200 1695 2391 1741 unicuique

1310 1739 1462 1775 filiorum
1495 1750 1636 1776 servare
1659 1750 1703 1776 ex
1725 1741 1803 1785 lege
1826 1744 1982 1786 partem,
2016 1746 2150 1786 quanta
2172 1741 2242 1777 fuit
2271 1742 2390 1786 prius-

1310 1795 1415 1830 quam
1439 1785 1666 1822 donationem
1690 1789 1794 1832 pater
1817 1787 1854 1822 in
1878 1786 1988 1822 filium
2012 1791 2074 1822 aut
2098 1786 2202 1830 filios,
2235 1797 2323 1833 quos
2348 1797 2390 1822 ea

232 1920 316 1953 Nov.
332 1920 444 1954 XCII
459 1920 622 1961 (Autlzent.
637 1921 729 1954 XCI
750 1937 793 1949 ==
823 1922 902 1955 Coll.
925 1922 998 1955 VII
1018 1924 1063 1956 tit.
1079 1924 1116 1957 3:
1142 1923 1253 1966 yloss.)
1283 1922 1408 1956 Graece
1433 1931 1519 1957 extat
1543 1924 1576 1957 in
1602 1924 1685 1965 ML,
1711 1936 1735 1957 c.
1757 1924 1782 1957 I
1802 1925 1834 1957 in
1860 1924 1896 1957 B
1919 1926 1974 1965 41,
1989 1931 2042 1965 5,1
2065 1924 2154 1965 (inde
2179 1924 2228 1957 Β*
2251 1924 2286 1955 Φ
2310 1926 2390 1965 1,22

161 1977 194 2008 p.
209 1967 274 1999 663
299 1966 426 2007 Zach.),
463 1966 623 2000 Prochiro
649 1968 709 2007 32,
735 1974 751 2000 4
776 1968 863 2007 (inde
888 1969 920 2000 in
946 1968 1061 2001 Procli.
1085 1975 1178 2001 aucto
1204 1969 1265 2009 32,
1290 1975 1340 2009 21,
1377 1969 1525 2012 Epitome
1550 1969 1652 2013 lequm
1679 1971 1738 2009 32,
1760 1977 1805 2003 25.
1821 1970 1881 2011 26),
1915 1970 2121 2014 Epanayoqe
2146 1971 2206 2011 34,
2225 1977 2240 2004 3
2266 1970 2389 2013 (Epan.

167 2019 261 2044 aucta
286 2012 339 2052 33,
362 2014 401 2052 6).
426 2030 470 2035 --
494 2012 585 2054 Epit.
613 2013 734 2045 Theod.
759 2014 802 2046 92
827 2014 915 2054 (inde
941 2009 1025 2056 ΒΣ),
1050 2014 1171 2047 Athan-
1195 2015 1226 2055 9,
1246 2022 1270 2048 7.
1318 2015 1441 2047 Iulian.
1467 2022 1566 2048 const.
1593 2015 1780 2048 LXXXV.

165 2087 231 2132 qui
251 2091 466 2133 accepturus
489 2088 538 2123 sit
567 2088 610 2124 de
635 2089 814 2124 industria
838 2090 1002 2136 accipere
1025 2095 1180 2133 recuset,
1215 2091 1341 2126 damus
1365 2091 1398 2127 ei
1421 2084 1652 2127 matrimonio
1674 2092 1792 2128 soluto
1817 2091 2026 2127 donationis
2050 2094 2133 2127 ante
2156 2091 2305 2138 nuptias
2327 2102 2390 2127 ecc-

166 2132 360 2174 actionem,
386 2132 469 2168 licet
492 2132 610 2169 dotem
630 2138 785 2179 propter
808 2134 876 2170 viri
900 2135 1043 2181 culpam
1067 2147 1140 2171 non
1164 2136 1338 2172 intulerit.

300 2177 366 2224 Ep
374 2178 387 2211 i
396 2178 410 2213 l
416 2189 436 2212 o
445 2189 469 2223 q
479 2189 538 2213 us.

169 2233 261 2268 opus
285 2228 319 2258 et
344 2223 509 2267 effectum
534 2222 712 2259 adducere
734 2225 888 2260 studeat.

586 2177 683 2221 Quae
708 2179 820 2224 iqitur
843 2179 946 2214 nobis
963 2181 1187 2227 placuerunt
1209 2186 1244 2217 et
1266 2192 1334 2227 per
1354 2179 1449 2218 banc
1471 2193 1615 2218 sacram
1639 2182 1752 2228 leqem
1776 2181 2010 2217 declarantur
2035 2184 2099 2216 tua
2118 2180 2320 2218 sublimitas
2343 2182 2392 2218 ad

302 2447 403 2498 DE
432 2447 833 2499 IMMODJCIS
864 2381 1399 2500 DONATIONffZJ-US
1431 2450 1523 2500 IN
1548 2449 1864 2501 LIBEROS
1900 2450 2252 2503 COLLATIS.

261 2525 360 2562 Idem
383 2528 568 2573 Auqustus
594 2525 752 2563 Iohanni
772 2527 1033 2573 qloriosissimo
1056 2529 1246 2608 Prfffoew
1270 2540 1376 2564 sacro
1400 2540 1468 2576 per
1490 2529 1668 2566 Orientem
1684 2529 1877 2576 praetorio
1901 2529 2049 2571 iterum,
2079 2540 2129 2565 ex
2152 2529 2300 2565 consule

1058 2585 1102 2609 or
1128 2575 1247 2609 inario
1272 2578 1308 2610 et
1327 2575 1495 2620 patricio.

304 2639 567 2686 Praefatio.
616 2638 696 2674 Iam
720 2651 814 2685 quae
837 2640 886 2675 ad
909 2641 1109 2676 Falcidiam
1141 2642 1287 2687 eiusque
1312 2643 1518 2688 portionem
1546 2642 1734 2689 pertinent
1756 2641 1980 2686 definivimus
2010 2653 2159 2688 eamque
2189 2653 2263 2678 non
2287 2643 2388 2689 ἑρπο-

169 2685 234 2720 bili
253 2685 471 2720 incremento
497 2685 687 2720 auximus:
721 2695 836 2731 neque
859 2687 952 2721 enim
977 2686 1077 2732 quod
1098 2686 1203 2721 nimis
1231 2687 1422 2732 inaequale
1453 2692 1506 2722 est
1536 2687 1639 2723 valde
1668 2687 1772 2722 nobis
1797 2686 1939 2732 placet,
1970 2687 2034 2722 sed
2057 2695 2097 2723 ut
2124 2688 2389 2734 praeferantur

169 2730 310 2777 quidem
334 2731 526 2766 liberorum
549 2730 582 2781 ii·
600 2740 843 2782 quoscumque
859 2735 972 2778 pater
992 2732 1155 2774 voluerit,
1180 2743 1266 2767 neve
1291 2737 1409 2767 tamen
1433 2733 1654 2778 reliquorum
1675 2731 1840 2768 condicio
1865 2731 1956 2768 adeo
1980 2733 2225 2775 imminuatur,
2250 2737 2292 2769 ut
2314 2744 2388 2768 non

167 2776 323 2821 ferenda
346 2776 394 2811 sit
416 2775 462 2810 iis
484 2775 694 2811 imminutio.

301 2821 330 2856 Ι.
377 2820 473 2866 Leqe
497 2820 608 2866 iqitur
632 2832 655 2855 a
677 2820 779 2856 nobis
796 2821 924 2867 posita
946 2821 985 2856 in
1008 2833 1073 2857 suo
1097 2822 1228 2857 robore
1250 2826 1414 2857 manente
1437 2822 1528 2857 illud
1551 2822 1722 2865 volumus,
1747 2826 1787 2857 ut
1818 2823 1850 2856 si
1877 2822 1957 2867 quis
1976 2822 2205 2859 donationem
2228 2823 2387 2859 immodi-

169 2878 247 2902 cam
270 2867 307 2901 in
331 2866 485 2912 aliquem
510 2865 564 2901 vel
587 2865 731 2911 aliquos
754 2877 803 2902 ex
827 2866 948 2901 liberis
972 2868 1181 2909 contulerit,
1206 2878 1346 2902 necesse
1371 2866 1502 2903 habeat
1523 2868 1561 2902 in
1585 2867 1837 2902 distributione
1860 2866 2069 2903 hereditatis
2093 2871 2229 2904 tantam
2249 2869 2387 2904 unicui-

170 2923 238 2957 que
261 2922 310 2947 ex
334 2910 454 2946 liberis
476 2922 621 2947 servare
642 2914 785 2957 partem
810 2911 1023 2957 leqitimam,
1056 2918 1194 2958 quanta
1218 2917 1298 2948 erat
1321 2917 1513 2957 antequam
1534 2916 1642 2958 pater
1665 2912 1894 2947 donationem
1927 2913 1964 2947 in
1985 2913 2101 2958 filium
2125 2914 2180 2949 vel
2199 2914 2300 2959 filios
2320 2925 2388 2960 per

216 3004 228 3035 1
252 2999 463 3044 λαμβάνων]
488 2998 775 3044 καταλιμπάνων
788 3002 838 3034 La
862 3000 874 3044 11
901 3003 920 3034 3
938 3004 1067 3043 καίτοι]
1091 3004 1150 3034 καὶ
1166 3002 1215 3035 Β8
1233 3001 1245 3047 Η

172 3049 189 3080 7
205 3048 324 3079 subscr.
351 3048 487 3079 restituit
515 3047 711 3088 Contius(cf.
727 3048 768 3087 ς),
793 3059 851 3079 om.
869 3047 999 3084 Mlul.;
1027 3044 1159 3092 ἐγράφη
1183 3059 1244 3079 κα-

171 3088 318 3124 λάνδων
347 3086 579 3135 Ὀκτωβρίων
613 3089 795 3133 βασιλείας
824 3086 1077 3124 Ἰουστινιανοῦ
1114 3091 1157 3124 τὸ
1191 3091 1243 3137 ιγ’

172 3133 344 3170 ὑπατείας
357 3132 531 3169 Ἀπίωνος
547 3137 621 3169 Ath.
649 3136 687 3169 ἐν
704 3137 774 3168 ἔτει
798 3136 860 3178 τῆς
883 3134 1066 3179 βασιλείας
1090 3133 1245 3179 ὑπατείᾳ

169 3177 330 3214 Ἀπίονος
357 3181 388 3213 Τ
387 3182 476 3213 head.
503 3183 570 3213 cod.
588 3180 600 3225 ΙΙ
629 3183 666 3215 11
683 3183 768 3214 rubr.
795 3182 883 3225 Περὶ
908 3177 1073 3225 ἀμέτρων
1097 3179 1244 3226 δωρεῶν

173 3227 219 3260 εἰς
235 3223 365 3260 παῖδας
380 3227 583 3270 γενομένων
595 3227 670 3259 Ath.
696 3227 784 3270 Περὶ
802 3222 965 3270 ἀμέτρων
983 3223 1130 3270 δωρεῶν
1149 3239 1244 3272 γινο-

171 3273 293 3315 μένων
326 3271 372 3303 εἰς
402 3268 532 3304 παῖδας
557 3272 676 3304 Theod.
701 3272 713 3313 ΙΙ
739 3271 785 3304 εἰς
809 3268 939 3304 παῖδας
971 3272 1050 3313 LB]
1088 3271 1134 3304 εἰς
1165 3271 1246 3305 τοὺς

172 3314 302 3351 παῖδας
324 3317 365 3349 M
389 3317 400 3353 n
427 3318 467 3350 13
492 3312 642 3360 ὑπάρχω
667 3316 750 3355 ML,
768 3329 850 3349 corr.
867 3317 1030 3360 Scrimyer
1053 3316 1065 3360 ΙΙ
1092 3318 1134 3350 14
1157 3315 1247 3350 ἐώας

173 3364 204 3395 L
222 3362 233 3405 ΙΙ
250 3360 293 3395 τὸ
311 3357 350 3403 β’
365 3357 438 3394 ἀπὸ
460 3358 612 3394 ὑπάτων
631 3374 689 3393 om.
702 3362 784 3402 ML,
798 3363 873 3394 add.
889 3362 1084 3394 Haloander
1102 3365 1114 3406 ΙΙ
1133 3364 1172 3395 15
1187 3359 1245 3408 ὀρ-

173 3405 325 3450 διναρίω
351 3407 441 3447 ML,
467 3419 547 3439 corr.
574 3407 768 3439 Haloander
795 3405 807 3449 ΙΙ
838 3409 876 3440 17
910 3402 1138 3451 διωρίσαμεν]
1175 3420 1244 3440 nov.

174 3453 310 3486 XVIII
323 3451 335 3489 ΙΙ
357 3454 396 3484 19
414 3448 467 3484 δεῖ
484 3452 514 3484 L
533 3451 544 3495 ΙΙ
561 3448 717 3492 παίδων]
745 3448 886 3484 *udam
910 3453 956 3484 L'
977 3453 988 3495 ΙΙ
1006 3453 1046 3485 20
1073 3450 1246 3485 ἐλαττοῦν

174 3496 266 3538 τοὺς]
291 3495 525 3530 ἐλαττοῦνται
543 3497 592 3529 La
611 3496 624 3540 ll
640 3499 678 3530 21
707 3492 835 3530 αὐτοὺς
852 3498 902 3529 La
918 3497 928 3537 ΙΙ
949 3498 991 3530 23
1000 3510 1047 3539 sq.
1075 3498 1246 3539 Θεσπίζο-

174 3554 240 3584 μεν
270 3538 366 3575 ὥστε
396 3541 432 3575 εἴ
456 3552 510 3575 τις
539 3539 680 3586 δωρεὰν
703 3544 764 3575 inc.
790 3543 836 3584 R,
873 3540 927 3574 Εἴ
943 3551 997 3575 τις
1021 3539 1162 3587 δωρεὰν
1185 3546 1245 3576 inc.

177 3587 293 3620 Proch.
306 3589 414 3631 Epan.
428 3586 439 3632 [Ι
457 3589 497 3621 25
512 3585 705 3630 ποιήσηται
718 3586 831 3633 Epit411
845 3589 886 3621 26
900 3586 969 3628 ἔχει
985 3587 1098 3621 ΡνοεΙι.
1114 3589 1223 3631 Epan.
1236 3587 1248 3632 Η

178 3633 217 3665 27
232 3630 273 3664 τὸ
291 3633 328 3665 ἐκ
348 3632 412 3678 wi}
430 3630 541 3676 νόμου
559 3635 661 3678 μέρος
682 3628 768 3665 ὅσον
787 3634 844 3675 ἦν]
869 3627 954 3666 ὅσον
977 3631 1018 3665 τὸ
1045 3633 1084 3665 ἐκ
1102 3633 1167 3666 τοῦ
1187 3632 1248 3666 νό-

176 3688 243 3719 μου
263 3679 365 3722 μέρος
384 3680 429 3720 ἡν
444 3680 473 3711 L
493 3680 503 3721 ΙΙ
521 3679 562 3712 28
580 3680 678 3722 πρὶν]
701 3680 786 3721 πρὶν
806 3675 850 3710 ἂν
866 3678 979 3710 Proch.
995 3686 1077 3711 auct.
1096 3678 1108 3722 ΙΙ
1126 3679 1167 3712 29
1181 3676 1248 3712 τὸν

178 3718 291 3755 παῖδα
314 3720 337 3765 ἢ
361 3736 417 3757 om.
435 3724 671 3767 P7·ocl1.Epan.
696 3724 708 3767 ΙΙ
733 3722 824 3764 τοὺς]
850 3723 896 3756 εἰς
917 3722 998 3756 τοὺς
1023 3724 1072 3756 B³

247 3775 298 3806 111.

1359 3003 1377 3035 2
1398 3001 1648 3045 antenuptialis]
1673 3002 1709 3034 in
1729 3002 1891 3044 nuptialis
1911 3003 1943 3035 V
1961 3002 2123 3044 nuptialis
2146 3001 2200 3046 ΤΙΙ
2226 3002 2387 3044 petitione

1321 3048 1367 3080 V¹
1385 3046 1396 3089 ΙΙ
1416 3048 1434 3079 3
1456 3057 1522 3078 non
1542 3046 1659 3079 tulerit
1682 3048 1714 3080 T
1721 3047 1730 3066 ¹
1750 3049 1762 3090 ΙΙ
1779 3050 1796 3080 ’ῖ
1808 3049 1929 3080 subscr.
1955 3047 2020 3079 dat.
2038 3047 2104 3079 kal.
2126 3046 2180 3080 0b⁵
2194 3047 2314 3080 Bamb.
2330 3048 2386 3088 ΙΙ,

1313 3093 1425 3124 datum
1450 3091 1496 3124 kl.
1523 3091 1665 3124 octobris
1689 3091 1994 3134 Constantinopolis
2018 3094 2066 3126 ed.
2089 3094 2207 3135 princ„
2233 3105 2291 3124 om.
2316 3100 2385 3125 cett.

1314 3138 1455 3180 Reliqua
1466 3138 1570 3179 suppl.
1587 3138 1717 3171 Contius
1734 3137 1746 3180 ss
1765 3138 1804 3171 11
1820 3140 1905 3170 rubr.
1921 3138 1969 3170 De
1994 3156 2035 3161 —-
2060 3137 2095 3169 in
2120 3136 2206 3169 filios
2232 3137 2312 3178 ΒΤ]
2337 3137 2386 3169 De

1312 3182 1468 3214 inmensis
1492 3182 1727 3214 donationibus
1751 3182 1834 3214 Item
1857 3192 1932 3223 aug.
1955 3182 2029 3214 uiro
2053 3181 2287 3223 gloriosissimo
2311 3192 2385 3225 pre-

1313 3228 1398 3260 fecto
1413 3228 1483 3268 (sic)
1506 3227 1562 3269 VH
1579 3229 1621 3260 12
1645 3227 1681 3258 in
1702 3226 1788 3259 filios
1813 3226 1908 3259 factis
1923 3228 2011 3271 vuly.
2030 3227 2042 3269 ΙΙ
2063 3228 2102 3261 13
2126 3227 2305 3269 praefecto]
2330 3237 2385 3270 pp.

1322 3273 1352 3306 V
1366 3272 1378 3317 ΙΙ
1396 3282 1560 3305 sacrorum
1587 3285 1644 3304 om.
1661 3273 1692 3304 R
1708 3271 1720 3315 ΙΙ
1742 3274 1782 3305 14
1805 3272 2007 3313 praetorium
2034 3272 2066 3304 T
2077 3271 2089 3316 l}
2109 3271 2276 3304 exconsuli
2296 3272 2386 3304 ordi-

1313 3319 1407 3350 nario
1430 3318 1462 3350 T
1481 3327 1608 3349 excons.
1635 3317 1703 3348 ord.
1733 3317 1763 3349 R
1794 3327 1922 3350 excons.
1947 3317 2027 3349 ordo
2049 3316 2104 3360 VH
2131 3319 2170 3350 15
2195 3320 2227 3349 et
2251 3330 2307 3349 om.
2331 3316 2387 3362 Vl}

1312 3364 1399 3405 patri
1426 3363 1458 3395 T
1478 3362 1489 3405 ΙΙ
1518 3363 1558 3395 16
1582 3362 1715 3394 Dudum
1740 3362 1790 3402 de]
1818 3375 1879 3392 u*
1904 3362 1989 3395 dude
2010 3361 2059 3395 V¹
2083 3362 2177 3394 Dude
2198 3361 2386 3405 V³ufa1ti-

1314 3408 1401 3440 diam
1426 3409 1458 3439 et
1482 3406 1577 3439 illius
1600 3409 1725 3449 partem
1748 3406 1828 3451 17³1!
1847 3409 1886 3441 17
1911 3418 1979 3439 non
2004 3420 2060 3440 om.
2076 3407 2109 3439 R
2125 3406 2137 3450 ΙΙ
2156 3406 2263 3439 nobili
2275 3407 2387 3450 RT¹u

1314 3454 1528 3492 incremento]
1553 3452 1727 3484 clementia
1747 3452 1802 3495 Vll
1828 3454 1869 3486 18
1894 3452 1992 3484 nimis
2015 3452 2136 3485 om.R²
2153 3451 2166 3495 11
2191 3453 2231 3486 19
2255 3453 2386 3495 oportet

1320 3498 1366 3530 T2
1384 3500 1395 3540 11
1418 3499 1460 3531 20
1484 3499 1614 3529 tantum
1642 3497 1755 3541 R¹Vn
1779 3497 1861 3529 alios
1885 3498 1990 3538 Beck]
2015 3497 2089 3529 aliis
2114 3497 2190 3530 libri
2211 3496 2224 3540 11
2250 3497 2288 3531 21
2316 3497 2386 3529 eius

1314 3544 1402 3575 sitR
1427 3543 1457 3574 ei
1473 3543 1515 3575 sit
1538 3543 1566 3574 V
1592 3543 1635 3574 sit
1658 3542 1705 3575 eis
1731 3542 1856 3585 Tvuly.
1883 3542 1895 3585 ΙΙ
1920 3541 2103 3575 deminutio
2127 3542 2161 3574 R
2185 3542 2197 3585 ΙΙ
2221 3544 2262 3575 25
2287 3542 2386 3575 habet

1317 3590 1347 3621 R
1364 3588 1376 3632 ΙΙ
1403 3589 1442 3622 27
1470 3589 1626 3629 quantam
1650 3587 1700 3620 12¹
1723 3588 1735 3631 ss
1761 3589 1802 3622 28
1826 3597 1911 3629 quo*
1936 3587 1984 3621 V¹
2001 3588 2013 3631 ΙΙ
2031 3589 2080 3628 ea]
2105 3596 2143 3619 ex
2167 3597 2204 3619 ea
2225 3587 2257 3620 V

2075 3779 2118 3813 58
