2618 4010
143 154 203 187 Ns
231 155 333 195 oms
363 154 558 189 MUTUUM
587 154 704 187 ΜΝΞ
1219 138 1302 188 239
1973 142 2080 187 Nov.
2112 143 2279 186 XXXII
2309 156 2369 199 pr.

139 258 199 289 καὶ
227 253 365 301 Θράκης
394 257 453 289 καὶ
476 253 518 289 τὸ
544 254 806 301 στρατιωτικὸν
836 253 1087 300 ὑπεκλίναμεν,
1122 253 1218 289 οὕτω
1287 265 1429 291 manum
1455 254 1692 296 subdidimus,
1724 253 1756 288 ei
1782 256 1816 289 et
1839 254 1907 299 ipsi
1940 265 2010 290 non
2036 255 2151 290 solum
2184 264 2262 291 esse
2286 254 2370 290 civi-

139 303 199 334 καὶ
224 300 323 344 αὐτῷ
348 298 396 344 μὴ
417 297 535 344 μόνην
559 300 653 334 εἶναι
684 299 751 343 τὴν
781 302 858 335 τῶν
884 299 1082 335 πολιτικῶν
1107 312 1219 346 πραγ-
1289 301 1374 336 lium
1401 310 1588 336 causarum
1612 299 1787 340 ordinem,
1825 300 1886 334 sed
1911 301 2017 335 etiam
2042 300 2245 336 militarium
2269 302 2370 345 pote-

138 344 268 390 μάτων
291 343 406 386 τάξιν,
430 342 519 378 ἀλλὰ
542 348 601 378 καὶ
625 343 693 387 τὴν
725 347 803 380 τῶν
825 347 1100 392 στρατιωτικῶν
1126 346 1218 386 ἐξου-
1290 350 1416 381 statem
1442 350 1477 382 et
1498 344 1686 390 cingulum,
1712 347 1748 378 et
1767 354 1845 379 esse
1867 345 2079 380 honoratum
2100 356 2178 380 eum
2200 346 2371 381 militibus

139 394 224 424 σιάν
247 403 287 425 τε
311 393 371 423 καὶ
396 386 516 435 ἀρχήν,
548 393 606 424 καὶ
632 390 724 424 εἶναι
749 392 881 435 σεμνὸν
913 389 1024 425 αὐτὸν
1044 390 1219 438 στρατιώ-
1292 394 1328 426 et
1347 391 1506 435 privatis,
1531 391 1710 426 iubentem
1732 393 1934 434 cunctaque
1954 394 2126 435 agentem,
2153 393 2278 435 utpote
2299 402 2370 427 uno

139 447 218 470 ταις
241 449 280 470 τε
304 438 363 468 καὶ
382 433 546 469 ἰδιώταις
569 434 759 469 κελεύοντα
785 440 844 470 καὶ
861 435 982 471 πάντα
1001 434 1221 481 πράττοντα,
1257 439 1276 471 5
1293 436 1433 480 cingulo
1458 436 1647 480 existente3
1681 438 1718 470 et
1742 445 1848 469 unam
1872 445 2005 479 ponere
2029 436 2300 480 providentiam,
2332 440 2371 471 ut

139 477 187 516 αἱς
217 480 299 524 μιᾶς
332 477 376 523 δὴ
406 481 467 522 τῆς
498 478 603 526 ἀρχῆς
636 482 892 524 καθεστώσης·
929 484 989 514 καὶ
1010 485 1097 525 μίαν
1121 482 1219 515 τίθε-
1290 482 1425 516 nullum
1452 481 1584 517 crimen
1606 481 1643 516 in
1667 480 1851 525 provincia
1878 481 2128 523 committatur,
2162 482 2367 525 castigatio-

138 525 231 559 σθαι
252 523 430 571 πρόνοιαν
451 526 515 559 τοῦ
534 523 648 569 μηδὲν
666 525 823 573 ἔγκλημα
844 525 936 561 κατὰ
957 524 1024 569 τὴν
1045 528 1221 572 ἐπαρχίαν
1288 527 1393 562 nibus
1428 527 1579 562 subdere
1604 525 1899 570 competentibus.
1947 525 2026 560 Hac
2059 525 2167 569 igitur
2190 529 2369 570 potestate

138 568 428 616 ἁμαρτάνεσθαι,
461 567 551 604 ἀλλὰ
575 574 634 604 καὶ
659 575 922 626 σωφρονισμοῖς
946 569 1221 616 ὑποβάλλεσθαι
1288 582 1361 607 non
1385 572 1564 617 privamus
1588 571 1731 617 penitus
1757 580 1837 605 eum
1860 570 1896 605 in
1917 570 2015 605 nulla
2039 580 2192 615 persona
2217 581 2308 615 quae
2332 573 2369 606 in

136 618 209 649 τοῖς
229 613 450 661 προεήκουσι.
495 614 625 659 ταύτης
647 615 686 649 δὲ
706 616 749 659 or>
773 618 833 660 τῆς
855 617 1013 657 ἐξουσίας
1032 614 1094 650 οὐκ
1115 614 1220 662 ἀφαι-
1289 617 1473 662 provincia
1497 620 1592 659 sunt,
1617 616 1690 653 sive
1711 615 1848 660 privata
1873 625 1935 652 seu
1959 615 2101 650 militari
2126 617 2197 650 sive
2222 617 2367 651 aerarii:

136 659 302 706 ρούμεθα
326 659 513 694 παντελῶς
546 658 656 695 αὐτὸν
690 660 752 696 ἐπ’
779 660 898 695 οὐδενὶ
928 660 1109 707 προςώπῳ
1142 662 1220 696 τῶν
1237 665 1275 697 10
1289 672 1397 697 unam
1430 662 1523 697 enim
1556 663 1593 697 et
1625 662 1830 697 continuam
1862 670 1988 705 pacem
2020 661 2056 695 in
2089 661 2252 696 omnibus
2284 662 2368 696 sub-

136 704 227 739 κατά
259 704 326 747 τὴν
350 707 527 751 ἐπαρχίαν
551 705 682 749 ὄντων,
715 707 786 741 εἴτε
811 705 986 749 ἰδιωτικῷ
1018 707 1089 740 εἴτε
1114 718 1219 751 στρα-
1288 708 1390 743 ieotis
1415 707 1549 743 nostris
1575 707 1708 742 servari
1731 706 1902 749 volumus,
1931 716 2003 741 non
2028 706 2225 740 differentia
2249 716 2368 750 perso-

135 751 297 793 τιωτικῷ
321 750 391 784 εἴτε
415 753 617 795 ταμειακῷ·
655 756 745 796 μίαν
763 750 832 798 γὰρ
853 754 912 785 καὶ
933 752 1060 794 συνεχῆ
1084 750 1151 794 τὴν
1175 751 1218 784 εἰ·
1288 762 1416 788 narum
1440 756 1566 789 contra
1589 752 1684 798 leges
1708 751 1973 787 introducentes
1999 755 2251 795 contemptum.

136 794 248 841 ρηνην
273 797 313 829 ἐν
335 793 450 830 ἅπασι
481 799 553 830 τοῖς
584 793 752 839 ὑπηκόοις
782 799 855 830 τοῖς
886 794 1065 841 ἡμετέροις
1090 795 1218 841 φυλάτ-

135 841 269 874 τεσθαι
297 838 525 885 βουλόμεθα,
562 839 602 876 οὐ
639 843 683 889 τῇ
717 840 873 888 διαφορᾷ
910 842 985 875 τῶν
1014 839 1219 886 προςώπων

135 884 202 928 τὴν
226 885 318 919 κατὰ
341 887 419 920 τῶν
443 884 568 930 νόμων
592 886 786 933 εἰςάγοντες
810 883 1092 933 καταφρόνησιν.
1234 889 1272 920 15

181 927 467 977 <Ἐπίλογος.>
520 931 569 965 Τὰ
601 936 724 966 τοίνυν
749 932 988 989 παραστάντα
1023 928 1043 973 ἡ
1070 934 1107 965 ῖν
1130 929 1152 973 ἡ
1175 929 1219 973 σὴ
1332 931 1606 976 (Epilogus.)
1653 931 1751 976 Quae
1785 931 1892 976 igitur
1920 931 2136 977 placuerunt
2160 932 2273 976 nobis,
2306 934 2370 968 tua

134 972 289 1022 ὑπεροχὴ
310 974 401 1009 κατὰ
422 976 489 1019 τὴν
509 978 587 1011 τῶν
608 976 797 1023 τεσσάρων
815 977 1014 1022 Αρμενιῷν
1058 975 1217 1011 ιατύπω-
1288 975 1461 1011 celsitudo
1486 976 1681 1012 secundum
1706 980 1878 1022 quattuor
1890 977 2139 1013 Armeniarum
2165 978 2368 1022 dispositio-

135 1032 204 1063 σιν,
235 1024 294 1055 καὶ
326 1020 483 1065 μάλιστα
507 1021 598 1056 κατὰ
625 1021 690 1064 τὴν
715 1023 775 1064 τῆς
798 1025 929 1068 τρίτης,
954 1019 992 1063 ἧς
1016 1020 1108 1055 κατὰ
1132 1019 1217 1067 πρό·
1286 1031 1383 1064 nem,
1416 1024 1452 1056 et
1482 1022 1634 1057 maxime
1666 1022 1861 1058 secundum
1894 1022 2022 1058 tertiae
2055 1023 2155 1059 cuius
2181 1024 2370 1059 occasione

135 1076 248 1110 φασιν
271 1064 338 1100 τὸν
363 1066 529 1111 παρόντα
552 1067 658 1100 θεῖον
682 1065 902 1110 ἐποιήσαμεν
929 1066 1054 1110 νόμον,
1087 1068 1154 1100 νῦν
1177 1079 1218 1100 τε
1286 1067 1511 1110 praesentem
1543 1077 1682 1103 sacram
1714 1067 1863 1102 fecimus
1896 1068 2023 1113 legem,
2055 1079 2152 1104 nunc
2186 1072 2221 1104 et
2247 1068 2368 1103 futuro

134 1113 194 1144 καὶ
226 1111 273 1145 εἰς
304 1110 370 1146 τὸν
394 1112 471 1154 ἑξῆς
500 1109 646 1147 ἅπαντα
674 1111 806 1158 χρόνον
836 1109 1087 1156 φυλάττεσθαι
1111 1123 1215 1146 σπευ-
1230 1113 1272 1146 20
1287 1111 1382 1146 omni
1406 1114 1565 1155 tempore
1599 1112 1771 1147 custodiri
1802 1113 1961 1155 festinet,
1994 1113 2157 1149 omnibus
2182 1114 2369 1158 agentibus

135 1154 245 1197 σάτω,
277 1153 429 1191 πάντων
453 1159 718 1202 πραττομένων
747 1159 806 1190 καὶ
831 1157 1110 1203 ἐγγραφομένων
1140 1159 1218 1190 ταῖς
1287 1157 1324 1190 et
1342 1156 1621 1192 inscribentibus
1644 1157 1840 1192 secundum
1859 1158 2095 1202 particulares
2118 1158 2369 1203 dispositiones

135 1203 292 1245 μερικαῖς
308 1199 553 1236 διατυπώσεσι
570 1203 648 1235 τῶν
664 1198 886 1246 ὁμοθρόνων
902 1203 980 1235 τῶν
992 1202 1080 1244 σῶν,
1098 1198 1218 1236 ὁπόσα
1287 1200 1433 1236 sedibus
1454 1202 1536 1244 tuis,
1563 1212 1806 1247 quaecumque
1827 1203 1905 1238 dari
1928 1204 2031 1239 annis
2056 1204 2203 1247 singulis
2227 1204 2368 1239 ordina-

135 1243 310 1280 δίδοσθαι
339 1244 429 1280 καθ’
455 1248 608 1280 ἕκαστον
631 1248 709 1280 ἔτος
733 1244 1008 1290 προςετάξαμεν.
1287 1246 1412 1281 vimus.

180 1291 263 1327 Dat.
279 1301 341 1327 xv.
356 1291 391 1326 k.
407 1291 519 1336 April.
536 1291 604 1327 ΟΡ.
619 1295 702 1336 post
716 1291 851 1328 consul.
866 1291 1031 1327 Belisarii
1048 1303 1079 1328 v.
1094 1302 1125 1327 c.
1193 1295 1238 1335 [a.
1254 1294 1330 1334 536]
1378 1292 1461 1327 Dat.
1481 1302 1543 1328 xv.
1569 1292 1640 1327 kal.
1663 1291 1776 1336 April.
1804 1291 1873 1329 ΟΡ.
1894 1303 1929 1338 p.
1951 1303 1983 1329 c.
2009 1293 2172 1329 Belisarii
2196 1306 2227 1330 v.
2249 1305 2279 1331 c.

1220 1476 1276 1519 iffi
2392 1488 2436 1522 25

202 1549 381 1603 ΠΕΡΙ
410 1550 554 1604 ΤΟΥ
584 1550 896 1604 ΜΗΔΕΝΑ
933 1550 1403 1605 ΔΑΝΕΙΖΟΝΤΑ
1429 1550 1743 1605 ΓΕῼΡΓῼΙ
1773 1550 2108 1605 ΚΡΑΤΕΙΝ
2139 1551 2299 1604 ΤΗΝ

201 1617 559 1672 EKEINOY
609 1619 787 1679 ΓΗΝ,
836 1619 978 1672 ΚΑΙ
1027 1618 1296 1674 ΠΟΣΟΝ
1346 1619 1771 1673 ΟΦΕΙΛΟῩΣΙ
1818 1618 2299 1673 AAMBANEIN

742 1686 999 1740 TOKON
1029 1688 1189 1742 ΑΠΟ
1222 1686 1372 1739 ΤΩΝ
1401 1686 1751 1740 ΓΕῼΡΓΩΝ.

250 1761 498 1810 Αὐτοκράτωρ
522 1761 774 1800 ’Ῑουστινιανὸς
797 1764 1007 1812 Αὔγουστος
1028 1763 1230 1813 Ἀγερωχίῳ
1252 1767 1306 1811 τῷ
1331 1764 1574 1813 λαμπροτάτῳ
1599 1766 1746 1814 ἄρχοντι
1767 1763 1995 1810 Αἷμιμόντου
2019 1766 2081 1810 τῆς
2104 1764 2251 1814 Θράκης.

270 1833 574 1878 <Προοίμιον.>
619 1834 774 1879 Πρᾶγμα
799 1830 920 1868 δεινὸν
944 1836 1003 1868 καὶ
1027 1832 1142 1878 πάσης
1166 1836 1332 1869 ἐπέκεινα
1356 1837 1417 1868 καὶ
1439 1829 1602 1877 ἀσεβείας
1629 1836 1689 1868 καὶ
1713 1833 1919 1874 πλεονεξίας
1942 1830 2136 1880 γινόμενον
2159 1831 2368 1877 συνείὸομεν
2392 1839 2434 1872 30

131 1876 232 1922 νόμῳ
257 1877 486 1925 θεραπεῦσαι
510 1880 632 1922 κοινῷ,
658 1875 721 1912 οὐκ
746 1880 806 1913 ἐπὶ
829 1880 891 1922 τῆς
915 1878 1097 1924 παρούσης
1119 1879 1235 1924 μόνον
1258 1876 1429 1926 ἀνάγκης,
1462 1877 1552 1913 ἀλλὰ
1582 1882 1642 1913 καὶ
1666 1880 1715 1914 εἰς
1745 1878 1811 1915 τὸν
1835 1880 1912 1923 ἑξῆς
1942 1876 2091 1915 ἅπαντα
2113 1876 2244 1926 χρόνον
2269 1877 2369 1913 πολι-

183 1969 267 2002 Νου.
288 1969 452 2003 ΧΧΧΙΙ
474 1970 599 2004 G'raece
624 1977 711 2004 extat
735 1971 767 2003 in
794 1970 887 2012 ML,
920 1972 991 2004 item
1017 1972 1049 2004 in
1074 1972 1105 2005 A
1121 1973 1154 2014 s
1178 1972 1243 2004 224
1269 1968 1399 2013 (τίτλος
1424 1967 1641 2012 ἑνδέκατος),
1673 1984 1745 2015 cap.
1772 1973 1786 2005 1
1815 1973 1848 2005 in
1873 1972 1910 2004 B
1936 1972 1990 2014 23,
2013 1979 2039 2013 3,
2061 1978 2108 2005 76.
2133 1989 2178 1995 —
2215 1971 2369 2004 Latinum

132 2015 295 2057 exemplar
319 2016 444 2048 exhibet
467 2015 705 2049 nov.XXXIV.
731 2034 774 2039 —
801 2015 891 2058 Epit.
911 2016 1070 2050 Iohannis
1092 2017 1203 2050 Schol.
1224 2017 1297 2050 coll.
1312 2015 1509 2050 LXXXVII
1533 2028 1605 2059 cap.
1620 2018 1660 2050 21
1688 2017 1777 2057 (inde
1799 2017 1931 2051 Nomoc.
1947 2018 1979 2050 L
2002 2019 2049 2050 tit.
2069 2019 2127 2055 143
2152 2015 2258 2050 Anon.
2272 2016 2368 2049 Bod-

133 2060 256 2093 leianus
275 2061 307 2092 in
326 2060 514 2094 Zachariae
531 2058 665 2094 Ἀνέκδ.
678 2074 714 2104 p.
730 2061 818 2102 213),
847 2061 967 2095 Tkeod.
982 2062 1023 2094 32
1039 2063 1128 2103 (inde
1152 2058 1211 2095 ΒΣ
1238 2063 1291 2103 23,
1311 2069 1340 2103 3,
1355 2063 1416 2103 76),
1440 2061 1516 2095 Atlz.
1534 2063 1623 2103 16,1.
1672 2062 1794 2095 Iulian.
1821 2069 1921 2096 const.
1947 2062 2106 2095 XXXIII.

133 2147 308 2183 il'liraciae
331 2149 438 2184 etiam
462 2148 636 2183 militares
661 2149 789 2195 copias
811 2148 1051 2191 submisimus,
1084 2150 1137 2185 ita
1160 2150 1238 2196 ipse
1262 2159 1406 2195 quoque
1428 2159 1503 2183 non
1526 2149 1644 2183 solum
1669 2149 1825 2184 civilium
1848 2159 1970 2184 rerum
1994 2149 2271 2191 ordinationem,
2305 2148 2370 2185 sed

131 2194 238 2228 etiam
262 2193 472 2229 militarium
489 2197 711 2240 potestatem
734 2198 771 2229 et
791 2194 979 2239 imperium
1004 2193 1146 2237 habeat,
1179 2195 1299 2239 sitque
1321 2195 1399 2239 ipse
1423 2192 1661 2228 honorandus
1689 2197 1725 2229 et
1749 2193 1922 2229 militibus
1944 2197 1981 2229 et
2029 2194 2167 2236 rivalis,
2201 2205 2281 2229 cum
2304 2195 2366 2229 im-

124 2242 234 2284 peret
270 2239 463 2284 omniaque
498 2243 597 2283 aqat,
637 2239 772 2285 quippe
807 2249 887 2273 cum
923 2250 1018 2273 unus
1049 2238 1122 2273 iam
1155 2239 1282 2283 factus
1314 2239 1363 2273 sit
1397 2238 1656 2283 maqistratus;
1693 2241 1803 2284 atque
1837 2249 1948 2272 unam
1983 2205 2115 2274 Jiizbeat
2143 2249 2285 2280 curam,
2322 2249 2367 2273 ne

131 2283 265 2318 crimen
282 2283 395 2318 ullum
413 2283 451 2317 in
471 2284 662 2328 provincia
681 2283 937 2324 committatur,
963 2283 1051 2328 quin
1072 2283 1308 2329 castiqationi
1324 2283 1547 2318 convenienti
1564 2282 1774 2318 subiciatur.
1824 2282 1906 2317 Hac
1924 2293 2009 2319 vero
2030 2294 2109 2318 eum
2123 2286 2310 2329 potestate
2328 2284 2366 2317 in

131 2327 234 2363 nulla
265 2328 410 2363 omnino
443 2339 537 2373 quae
560 2327 598 2361 in
617 2328 812 2373 provincia
837 2331 891 2362 est
909 2338 1072 2373 persona
1088 2328 1292 2374 privamus,
1316 2328 1391 2363 sive
1407 2327 1556 2373 privata
1578 2327 1653 2363 sive
1676 2327 1846 2362 militaris
1869 2328 1942 2363 sive
1965 2328 2120 2362 tamiaca
2140 2332 2202 2362 est.
2253 2326 2366 2362 Unam

131 2372 225 2407 enim
248 2376 284 2408 et
299 2376 518 2418 perpetuam
536 2382 667 2418 pacem
691 2372 786 2407 inter
811 2382 933 2407 omnes
956 2372 1121 2408 subditos
1151 2376 1299 2408 nostros
1321 2372 1462 2407 servari
1484 2371 1647 2407 volumus
1678 2383 1794 2417 neque
1824 2383 1873 2408 ex
1892 2383 2135 2418 personarum
2160 2372 2366 2407 discrimine

132 2417 250 2463 lequm
273 2422 512 2463 contemptum
541 2417 810 2452 introducimus.

267 2461 406 2508 Epilo
416 2473 507 2508 qus.
555 2461 655 2504 Quae
673 2462 786 2513 iqitur
809 2461 914 2496 nobis
926 2461 1153 2507 placuerunt
1173 2465 1234 2498 tua
1255 2461 1458 2497 sublimitas
1476 2461 1672 2496 secundum
1693 2465 1868 2506 quattuor
1886 2462 2138 2497 Armeniorum
2159 2461 2366 2507 discriptio-

132 2518 222 2549 nem,
247 2511 281 2542 et
305 2506 463 2542 maxime
488 2508 615 2542 tertiae
639 2518 740 2542 culus
761 2517 873 2541 causa
891 2511 1122 2552 praesentem
1145 2518 1289 2542 sacram
1312 2507 1425 2553 leqem
1448 2506 1604 2548 tulimus,
1629 2509 1663 2540 et
1682 2517 1778 2541 nunc
1801 2510 1837 2542 et
1859 2507 1897 2541 in
1918 2517 2020 2542 omne
2037 2507 2205 2552 futurum
2229 2510 2367 2552 tempus

133 2551 323 2587 observare
354 2551 516 2594 studeat,
548 2556 589 2587 ut
621 2553 741 2587 omnia
774 2555 935 2597 affantur
964 2556 1000 2587 et
1026 2552 1316 2599 particularibus
1347 2551 1645 2599 dispositionibus
1677 2551 1898 2597 colleqarum
1931 2556 2074 2587 tuorum
2107 2551 2364 2594 inscribantur,

131 2607 379 2644 quaecumque
401 2597 556 2643 sinqulis
580 2597 686 2632 annis
710 2597 792 2632 dari
815 2596 995 2632 iussimus.

1166 2774 1329 2812 XXXII.

614 2856 715 2908 NE
748 2855 911 2918 QUIS
943 2854 1237 2906 MUTUUM
1271 2854 1459 2906 DANS
1489 2855 1898 2908 AGRJCOLAE

133 2924 411 2978 ΤΕΝΕΑΤ
440 2923 683 2975 ILLIUS
719 2922 1828 3041 ΤΕΒΕῘῧΙὲἔΕΞἼΠᾸΞΖὲΞἙΖΞῆΠΒΑΜ
1856 2924 1953 2973 ΑΒ
1982 2923 2027 2973 Α
2035 2922 2165 2973 GRI
2165 2923 2368 2974 C'OLIS

402 3058 493 3105 Imp.
520 3057 750 3094 lastinianus
773 3058 959 3104 Auqustus
983 3057 1188 3104 Aqerochio
1222 3058 1420 3094 clarissimo
1438 3057 1610 3104 praesidi
1631 3058 1878 3094 Haemimonti
1905 3057 2091 3092 Thraciae.

268 3125 529 3170 Praefatio.
584 3125 673 3161 Rem
696 3136 844 3171 qravem
868 3129 903 3160 et
926 3136 1020 3170 quae
1050 3124 1149 3160 ultra
1173 3136 1311 3160 omnem
1336 3125 1553 3172 impietatem
1578 3128 1614 3160 et
1637 3125 1829 3161 avaritiam
1850 3124 1895 3169 fit
1927 3124 2005 3170 leqe
2029 3123 2208 3158 communi
2234 3134 2366 3159 sanare

133 3172 246 3207 visum
270 3174 335 3212 est,
368 3181 461 3216 quae
485 3181 560 3205 non
588 3171 703 3205 solum
736 3170 775 3204 in
802 3170 990 3216 praesenti
1013 3169 1236 3213 necessitate,
1269 3169 1333 3206 sed
1355 3172 1462 3206 etiam
1491 3170 1530 3205 in
1553 3180 1656 3205 omne
1683 3171 1853 3216 futurum
1885 3172 2023 3215 tempus
2055 3169 2220 3204 exerceri
2235 3170 2365 3214 possit.

182 3276 196 3306 1
224 3269 488 3315 στρατιωτικὸν
511 3290 555 3295 -·
581 3274 599 3305 3
624 3270 691 3312 τὴν
710 3271 788 3304 τῶν
809 3273 857 3305 bis
873 3284 934 3304 scr.
949 3271 997 3304 M
1006 3270 1017 3315 ΙΙ
1036 3266 1132 3304 οὕτω
1156 3274 1216 3304 καὶ
1284 3270 1344 3305 τὸς
1367 3269 1531 3314 βασιλεὺς
1556 3269 1787 3317 αὐτοκράτωρ
1812 3272 1843 3304 L
1873 3270 1885 3314 ΙΙ
1913 3267 2085 3316 ἀγεροχίω
2111 3271 2168 3311 L1,
2194 3272 2269 3304 Ath.
2294 3272 2363 3305 cod.

136 3314 247 3359 αὐτῷ]
269 3318 299 3349 ei
314 3320 345 3349 et
358 3317 422 3360 ipsi
435 3329 454 3353 ς
469 3315 481 3360 ΙΙ
508 3318 526 3349 2
542 3313 632 3358 αὐτῆ
645 3316 705 3394 LJ}
723 3319 743 3350 6
756 3316 817 3358 τῆς
829 3329 887 3350 om.
905 3317 936 3349 B
955 3317 966 3358 ΙΙ
983 3318 1043 3349 καὶ
1055 3314 1103 3359 μὴ
1117 3313 1216 3350 ἀντί·
1285 3330 1375 3358 unus,
1397 3313 1588 3362 ἀγερουχίῳ
1604 3318 1717 3351 AAth.
1729 3318 1799 3350 cod.
1807 3316 1917 3349 Paris.
1932 3315 2097 3358 (agerutio
2110 3329 2180 3349 nov.
2191 3316 2372 3349 XXXIV

135 3362 277 3396 θἐσθαι
290 3363 341 3395 ΒΟ
359 3363 370 3404 ΙΙ
396 3365 412 3395 7
431 3358 521 3405 μηδὲ
535 3362 568 3394 Β
587 3360 598 3404 ΙΙ
624 3364 642 3394 8
659 3358 680 3393 ἀ
705 3359 747 3393 λὰ
764 3362 823 3393 καὶ
837 3374 894 3394 om.
909 3372 928 3397 ς
945 3360 958 3404 ΙΙ
983 3363 1002 3394 9
1018 3358 1058 3393 δὲ
1075 3362 1182 3395 om.B
1205 3360 1217 3406 ΙΙ
1285 3363 1378 3396 codd.
1401 3365 1432 3403 ς)
1462 3362 1473 3404 ΙΙ
1508 3358 1707 3404 ἀμιμόντου
1738 3362 1799 3402 τῆς
1828 3358 1967 3406 θράκης
1999 3361 2057 3400 M,
2102 3361 2260 3404 αἰμίμων
2287 3373 2366 3394 των

140 3409 177 3441 12
197 3407 387 3452 εἰρημένην
404 3407 452 3440 ΒΟ
471 3406 482 3450 ΙΙ
503 3408 541 3440 13
555 3406 645 3439 πᾶσι
661 3407 688 3439 L
706 3406 717 3449 {1
740 3408 778 3439 15
793 3403 884 3438 κατὰ
901 3403 967 3439 τὸν
986 3404 1099 3449 νόμον
1112 3407 1181 3439 LB
1206 3409 1217 3450 Η
1284 3404 1421 3453 θράκης
1435 3407 1464 3438 L
1489 3403 1634 3449 ἆμιμων
1654 3408 1684 3440 Α
1709 3404 1848 3453 θρᾴκης
1862 3407 1937 3439 ΑτΙι.
1963 3405 2037 3447 (τῆς
2060 3403 2198 3450 Θράκης
2222 3418 2279 3439 om.
2296 3407 2329 3449 ς)
2348 3400 2362 3446 11

139 3455 176 3485 17
203 3450 268 3494 τὴν
294 3453 397 3486 om.L
419 3451 430 3496 ΙΙ
456 3454 495 3485 21
522 3453 581 3484 καὶ
606 3452 886 3509 ἐγγραφομένων
910 3451 1014 3484 om.L
1031 3449 1044 3495 ΙΙ
1071 3452 1112 3485 22
1133 3447 1215 3494 ὁμο·
1285 3453 1324 3485 31
1352 3451 1429 3493 ἑξῆς
1454 3464 1510 3485 om.
1526 3453 1555 3484 A

135 3494 290 3542 θ’ρόνων
300 3498 357 3537 Μ]
371 3492 526 3541 θ’ρὸνων
539 3497 591 3532 Le
604 3499 696 3538 prob.
708 3497 896 3529 dachariae
913 3495 925 3539 ΙΙ
943 3497 985 3529 24
998 3506 1047 3527 xv
1060 3496 1092 3528 k.
1109 3495 1215 3538 April.

135 3542 226 3582 (arri.
241 3542 297 3583 M)
325 3543 384 3578 Me
396 3542 484 3583 Ath„
508 3543 592 3585 μηνὶ
615 3536 770 3586 ἀπριλίῳ
794 3541 927 3582 ΤΙιεοᾱ.,
949 3553 1008 3573 om.
1022 3541 1086 3574 Iul.
1112 3540 1124 3584 ΙΙ
1149 3543 1218 3574 rost

135 3586 261 3619 consul.
288 3587 446 3620 Bilisario
470 3598 521 3620 uo.
548 3597 650 3618 conss.
673 3585 731 3627 M,
755 3583 848 3629 μετὰ
866 3583 934 3627 τὴν
951 3581 1130 3618 ὑπατείαν
1150 3588 1216 3618 Be·
1339 3587 1354 3618 1
1380 3583 1550 3617 subdimus
1582 3584 1616 3618 V
1642 3583 1656 3629 Ι]
1682 3584 1729 3617 eis
1754 3585 1787 3618 T
1806 3583 1818 3628 ΙΙ
1849 3587 1869 3617 4
1893 3586 2010 3626 agente
2043 3585 2076 3619 V
2100 3584 2113 3629 ΙΙ
2139 3586 2260 3628 utpute
2293 3586 2325 3619 V

138 3628 297 3675 λισαρίου
316 3633 528 3666 Themista.
555 3632 634 3673 (dat.
659 3633 733 3673 post
756 3641 843 3663 cons.
869 3630 1019 3662 uelisarii
1042 3628 1123 3663 Iul!
1148 3630 1215 3663 dat.
1284 3633 1304 3664 6
1327 3629 1536 3671 prouinciam
1564 3629 1596 3662 T
1604 3629 1647 3663 al.
1675 3629 1687 3673 ΙΙ
1719 3629 1958 3670 committatur]
1992 3629 2047 3663 sed
2071 3632 2103 3662 et
2126 3631 2204 3663 add.
2233 3631 2316 3674 vuly.
2350 3587 2367 3675 H

136 3674 193 3707 bil.
211 3685 299 3708 cons.
318 3677 438 3718 Iul.”¹0)
456 3676 468 3721 ΙΙ
488 3679 529 3710 27
555 3674 674 3717 πόσην
687 3675 735 3708 L¹
754 3675 765 3719 ΙΙ
783 3677 824 3709 28
849 3672 921 3709 ἀπὸ
946 3674 1023 3708 τῶν
1045 3675 1218 3721 γεωργῶν
1284 3675 1326 3708 22
1347 3674 1488 3706 annonis
1509 3674 1589 3707 Val.
1616 3673 1629 3718 11
1652 3674 1696 3707 24
1717 3674 1782 3706 ΟΡ.
1810 3673 1967 3717 TNeob.]
1992 3687 2047 3707 om.
2067 3674 2102 3708 V
2119 3673 2132 3719 ll
2156 3675 2208 3719 135.
2232 3676 2277 3715 V]
2304 3688 2360 3708 om.

137 3721 235 3752 om.A
254 3719 266 3763 ss
283 3722 323 3753 29
338 3718 585 3767 Αὐτοκράτωρ
598 3718 686 3761 211‘0
701 3716 932 3765 αὐτοκράτωρ
950 3720 1095 3762 Μ(Αι1ι.)
1109 3716 1145 3752 Ὁ
1158 3716 1217 3752 αὖ·
1288 3719 1429 3753 TNeob.
1457 3717 1471 3763 ΙΙ
1494 3718 1656 3752 bilisiario
1677 3720 1737 3761 (ita
1760 3719 1797 3761 V,
1817 3718 1903 3753 bilis.
1920 3718 2073 3760 TNeob.)
2091 3729 2122 3753 v.
2142 3730 2170 3755 ο.
2190 3730 2262 3753 con.
2288 3721 2365 3753 libri
