2612 4004
144 179 371 212 THRAGIAE

143 277 329 323 ἆρχόντων
360 280 475 323 σχῆμα
506 281 568 312 καί
595 289 686 312 τινες
715 282 775 312 καὶ
804 276 991 322 ὑποθῆκαι
1020 277 1216 322 βασιλικαί,

143 328 209 359 ’τὸν
229 322 366 370 τρόπον
386 321 626 371 ὗφηγούμεναι
650 321 743 357 καθ’
765 321 809 358 ὃν
830 323 990 358 διανύσει
1009 322 1076 367 τὴν
1096 321 1117 356 ά
1142 322 1217 366 χήν,

143 369 234 427 ἅπερ
265 370 301 404 οἱ
328 368 397 415 πρὸ
426 366 530 413 ἡμῶν
558 366 762 412 μανδάτα
790 374 1031 416 πρινκίπις
1060 338 1218 412 ἐκάλουν,

143 417 220 459 μεθ
262 407 315 450 ὧν
340 416 399 449 ἐπὶ
430 413 497 457 τὴν
527 412 650 458 χώραν
681 411 835 454 ἐξιόντες
867 414 903 448 οἱ
929 414 991 449 τὰς
1015 410 1123 460 ἀρχὰς
1145 412 1218 448 δια-

143 460 374 507 κληρούμενοι
397 457 439 494 τὸ
462 462 641 505 πρακτέον
670 460 811 493 ἐκεῖθεν
836 458 1058 504 ἐλάμβανον·
1094 463 1154 493 καὶ
1176 459 1218 494 τὸ

143 507 290 553 πρᾶγμα
322 502 522 551 προύχώρει
553 503 686 546 καλῶς,
721 508 780 539 καὶ
811 500 855 548 ἦν
887 508 960 539 τοῖς
991 508 1220 551 πραίτωρσιν

144 550 381 595 ἐνευδοκιμεῖν
416 552 476 584 ἐπὶ
508 548 654 584 πολλῶν
687 548 951 597 τῆς-,ἡμετέρας
986 551 1123 591 ἐθνῶν,
1160 552 1218 583 καὶ

141 595 297 640 μάλιστα
328 596 406 630 τῶν
432 596 621 641 ἑσπερίων,
653 592 717 639 ἀφ)
747 594 799 629 ὡν
823 594 988 639 Ῥωμαῖοι
1020 592 1218 642 προελθόν-

143 653 198 675 τες
222 638 288 684 τήν
312 654 351 674 τε
375 638 507 685 ἄρκτον
532 637 578 673 ais
602 641 715 674 εἰπεῖν
740 637 827 683 ὅλην
849 644 1069 686 μεσημβρίας
1097 653 1136 674 τε
1161 643 1219 673 καὶ

144 688 201 729 τῆς
226 684 316 729 ἑῴας
346 683 392 719 τὰ
416 684 567 720 πλεῖστα
597 682 872 728 κατεκτήσαντο.
915 683 930 694 ‘¹

142 733 194 774 τῷ
220 728 310 777 παρ’
334 727 437 775 ἡμῶν
460 731 672 776 ἔμπροσθεν
696 732 869 776 εἰρημένῳ
893 733 1092 776 γέγραπται
1117 729 1216 774 νόμῳ

142 779 223 823 περὶ
255 776 332 810 τῶν
363 773 494 820 ἀρχῶν,
527 779 585 809 καὶ
616 773 733 810 ὁπόσα
763 776 816 819 τῷ
849 788 888 809 τε
911 773 1078 808 Πισιδίας
1101 776 1153 817 τῷ
1180 787 1218 808 τε

141 823 347 855 Λυκαονίας
378 819 607 866 διειλέγμεθα
639 824 836 867 πραίτωρι,
873 823 955 865 περὶ
990 820 1052 853 τοῦ
1087 823 1218 865 προῖκα

140 868 208 910 μὲν
232 864 359 900 αὐτοὺς
391 867 566 899 ἐντεῦθεν
595 866 893 918 χειροτονεῖσθαι,
924 868 1055 910 προῖκα
1079 863 1119 897 δὲ
1142 863 1218 897 δεῖν

1221 164 1300 229 205

1958 166 2065 209 NOV.
2097 165 2237 208 XXVI
2273 168 2309 209 2.
2342 169 2367 209 3

1286 277 1368 312 dam
1391 278 1543 322 insignia
1566 276 1764 322 imperialia
1788 277 1931 313 modum
1959 277 2189 323 explanantia
2213 289 2282 323 quo
2310 288 2366 314 re-

1286 326 1348 367 gat
1371 323 1729 364 administrationem,
1764 332 1853 366 quae
1885 323 2022 367 priores
2051 324 2164 358 nostri
2197 323 2367 359 mandata

1288 369 1461 413 principis
1498 367 1744 413 appellabant,
1788 378 1868 402 cum
1904 368 2032 413 quibus
2069 369 2114 403 ad
2148 369 2367 413 provinciam

1289 413 1506 458 egredientes
1541 413 1601 458 qui
1632 412 1958 448 administrationes
1996 414 2237 449 sortiebantur
2274 415 2367 459 quod

1256 464 1274 495 5
1289 459 1465 503 agendum
1485 462 1564 494 erat
1595 458 1678 492 inde
1702 458 1901 493 sumebant.
1950 459 1999 493 Et
2023 469 2132 493 causa
2159 460 2367 494 servabatur

1290 505 1388 547 bene,
1415 508 1587 548 erantque
1610 506 1793 548 praetores
1818 503 2022 547 probabiles
2046 504 2083 537 in
2107 505 2225 539 multis
2254 505 2367 540 nostri

1288 549 1427 593 imperii
1451 549 1616 593 gentibus
1641 552 1678 583 et
1700 549 1850 583 maxime
1877 548 2139 592 hesperiarum,
2169 559 2213 584 ex
2237 550 2366 594 quibus

1288 595 1442 630 Romani
1464 595 1699 639 procedentes
1725 598 1760 628 et
1783 593 2061 638 septentrionem
2093 597 2133 628 ut
2155 594 2206 629 ita
2227 595 2367 629 dicatur

1289 650 1426 674 omnem
1459 642 1497 675 et
1527 639 1708 674 meridiem
1741 642 1777 674 et
1808 638 1953 674 orientis
1984 638 2137 682 plurima
2161 643 2364 675 tenuerunt.

929 688 1005 718 (ι’)σα
1031 689 1155 718 τοίνυν
1180 686 1218 718 ἐν
1238 689 1275 721 10
1289 685 1538 729 Quaecumque
1566 685 1672 728 igitur
1702 684 1739 718 in
1771 684 1847 727 lege
1880 693 1901 718 a
1932 683 2034 718 nobis
2069 684 2202 718 dudum
2226 686 2367 729 prolata

1288 729 1424 774 scripta
1455 734 1538 764 sunt
1569 731 1612 764 de
1643 729 2019 771 administrationibus,
2054 731 2091 763 et
2123 739 2366 774 quaecumque

1288 775 1331 809 de
1355 775 1509 809 Pisidiae
1534 779 1569 810 et
1592 774 1796 819 Lycaoniae
1828 774 2085 818 disputavimus
2113 778 2294 818 praetore,
2328 777 2367 809 ut

1286 820 1394 863 gratis
1432 820 1572 864 quidem
1611 820 1695 854 hinc
1736 819 1962 861 ordinentur,
2003 819 2113 863 gratis
2150 824 2268 854 autem
2305 831 2365 855 eos

1288 868 1452 909 oporteat
1485 875 1522 900 se
1554 865 1785 900 collatoribus
1816 864 1984 900 exhibere
2017 865 2165 907 nostris,
2204 865 2366 900 omnibus

142 914 213 945 τοῖς
244 909 412 953 ὑπηκόοις
442 913 710 965 προς-φέρεσθαι
733 913 815 963 ἱτοῖς
848 913 1055 963 ημετὶέροῐιςθ
1077 906 1217 944 ἅπασιν
1232 912 1272 945 15
1287 909 1477 944 manifesta
1501 914 1597 944 sunt:
1644 910 1684 945 in
1709 913 1821 944 totam
1843 919 1997 954 namque
2024 910 2197 944 dicionem
2221 920 2365 954 proces-

142 954 208 998 ἤδη
233 958 309 990 ἐστὶ
334 966 489 1003 φανερα·
523 958 570 990 εἰς
593 953 678 999 ὅλην
700 969 768 1001 γαρ
791 968 874 1001 αρτι
897 968 963 997 την
986 966 1144 997 υπηκοον
1164 956 1216 987 ἐκ·

141 1005 358 1055 πεφοίτηκεν
370 999 409 1042 ,ὁ
441 998 548 1046 νόμος
578 1004 637 1034 καὶ
669 996 805 1035 ἅπασιν
829 997 895 1042 ἤδη
919 1003 1065 1046 γέγονεν
1087 1012 1217 1046 γνωρν

140 1058 316 1089 μωτατος.
356 1044 385 1090 ᾧ
408 1044 452 1089 δὴ
473 1049 531 1079 καὶ
556 1042 656 1092 ὅρκος
681 1048 918 1092 ἐγγέγραπται
943 1042 1033 1078 καθ’
1057 1042 1098 1078 ὃν
1116 1056 1216 1089 προς-

141 1090 329 1146 ἧκόνῖἐστι
357 1092 437 1125 τοὺς
460 1090 645 1136 ἡμετέρους
671 1090 844 1143 ἄρχοντας
868 1089 1219 1134 παραλαμβάνοντας

303 1136 310 1145 ,
462 1137 471 1148 ι
553 1137 566 1144 -
702 1136 710 1144 t

1287 955 1334 989 sit
1369 955 1425 988 lex
1462 959 1496 988 ct
1532 955 1695 990 omnibus
1731 956 1802 990 iam
1838 955 1935 989 facta
1975 955 2264 990 manifestissima
2301 960 2364 990 est.

1288 999 1354 1034 Cui
1388 1000 1494 1034 etiam
1530 1000 1777 1035 iusiurandum
1813 1000 2024 1044 inscriptum
2057 1003 2128 1043 est,
2172 1000 2364 1035 secundum

1288 1045 1383 1089 quod
1408 1046 1588 1089 competat
1612 1048 1754 1080 nostros
1785 1045 1920 1080 iudices
1952 1045 2185 1090 suscipientes
2216 1045 2366 1080 admini-

1287 1091 1477 1124 strationes
1503 1100 1604 1125 suam
1628 1090 1783 1125 animam
1808 1101 2019 1125 consecrare
2043 1091 2109 1126 deo
2132 1095 2167 1125 et
2188 1091 2366 1126 custodire

141 1136 204 1171 τὰς
227 1149 332 1183 αρχας
362 1137 429 1191 τὴν
453 1149 591 1190 εαυτων
624 1148 740 1189 ψυζην
770 1136 936 1180 ανιεροῦν
968 1136 1021 1178 τῷ
1048 1135 1127 1178 θεῷ
1159 1137 1217 1167 καὶ
1232 1137 1273 1169 20
1287 1140 1429 1170 nostros
1461 1135 1643 1170 subiectos
1677 1137 1744 1171 sub
1776 1136 1956 1180 aequitate
1990 1140 2097 1180 atque
2128 1136 2282 1177 iustitia,
2320 1137 2366 1170 ab

142 1181 336 1226 φυλάττειν
360 1193 440 1215 τους
463 1183 647 1225 ημετέρους
669 1178 842 1222 υπηκόους
866 1182 905 1213 ἐν
931 1179 1072 1222 ἰσότητί
1096 1193 1135 1213 τε
1159 1183 1217 1212 καὶ

144 1224 351 1273 δικαιοσύνῃ
387 1225 500 1268 πάσης
535 1224 823 1271 ἀπηλλαγμένους
861 1223 1144 1270 αἰσχροκερδείας
1179 1237 1219 1258 τε

143 1274 163 1307 1
217 1275 276 1305 καὶ
306 1270 505 1315 δυςμενείας
535 1273 593 1304 καὶ
621 1269 774 1316 χάριτος.
828 1270 1012 1310 Ταξεῶται
1043 1268 1083 1304 δὲ
1106 1267 1218 1303 αὐτὸν

143 1314 430 1363 θεραπεύσουσιν
453 1313 493 1349 οὗ
519 1314 659 1350 πλείους
688 1316 766 1349 τῶν
788 1315 936 1349 ἑκατόν·
973 1319 1033 1349 καὶ
1057 1315 1127 1355 ἕξει
1151 1316 1218 1358 μὲν

1287 1181 1380 1214 omni
1411 1184 1566 1215 remotos
1591 1181 1688 1224 turpi
1713 1181 1817 1216 lucro
1839 1185 1875 1215 et
1893 1181 2087 1216 inimicitiis
2111 1183 2219 1226 atque
2239 1182 2365 1225 gratia.

1286 1272 1306 1305 1
1353 1269 1534 1304 Officiales
1555 1273 1675 1305 autem
1693 1270 1725 1304 ei
1746 1271 2000 1305 ministrabunt
2019 1282 2091 1306 non
2112 1271 2262 1316 amplius
2285 1282 2365 1307 cen-

1286 1318 1373 1356 tum,
1399 1318 1436 1349 et
1458 1315 1605 1349 habebit
1629 1315 1770 1359 quidem
1795 1315 1906 1350 civilis
1932 1317 2063 1360 cinguli
2089 1317 2280 1358 codicillos,
2302 1317 2367 1351 ha-

141 1361 186 1395 τὰ
208 1360 471 1412 τῆςηπολιτικῆς
491 1357 596 1404 ἀρχῆς
617 1359 788 1404 σύμβολα,
811 1360 883 1405 ἕξει
908 1358 947 1394 δὲ
966 1360 1012 1394 τὰ
1033 1362 1091 1403 τῆς
1111 1372 1217 1404 στρα-
1232 1363 1273 1395 25
1286 1360 1384 1395 bebit
1409 1363 1526 1394 autem
1552 1362 1588 1395 et
1611 1360 1799 1405 (militaris.
1836 1361 1886 1394 Et
1910 1361 2025 1396 aderit
2049 1361 2189 1404 quidem
2213 1363 2246 1397 ei
2266 1365 2302 1396 et
2322 1362 2368 1396 ad

136 1415 308 1446 τιωτικης.
351 1407 410 1437 καὶ
435 1409 613 1449 παρέσται
637 1407 704 1449 μὲν
730 1404 829 1443 αὑτῳ
854 1406 913 1434 καὶ
937 1403 983 1436 ad
1007 1413 1218 1448 responsum

141 1449 201 1485 διὰ
231 1450 293 1484 τὰς
325 1452 435 1484 ἐκεῖσε
467 1449 640 1495 δυνάμεις,
677 1451 747 1491 ἕξει
772 1449 811 1484 δὲ
833 1449 960 1484 ἄδειαν
992 1453 1051 1484 καὶ
1075 1449 1217 1485 ἐπιτάτ-

139 1509 217 1530 τειν
251 1493 372 1530 αὐταῖς
407 1499 466 1529 καὶ
498 1497 543 1529 τὰ
576 1495 828 1530 λυσιτελοῦντα
864 1498 907 1543 τῇ
943 1495 1105 1539 πολιτείᾳ
1135 1493 1214 1540 μετ’

140 1541 164 1575 2
219 1537 341 1574 αὐτῶν
374 1540 594 1595 ἐργάζεσθαί
620 1554 660 1575 τε
690 1545 748 1574 καὶ
780 1540 965 1587 πράττειν.
1011 1539 1057 1575 ‘H
1079 1540 1118 1575 δὲ
1141 1543 1219 1575 τῶν

1287 1416 1498 1450 responsum
1518 1408 1667 1449 propter
1684 1406 1751 1450 ibi>
1771 1406 2003 1440 constitutum
2021 1407 2232 1450 exercitum3
2258 1408 2366 1442 habe-

1286 1451 1341 1485 bit
1372 1455 1491 1485 autem
1523 1451 1703 1485 licentiam
1736 1454 1771 1485 et
1801 1451 1979 1495 imperare
2011 1452 2060 1486 eis
2092 1456 2126 1486 et
2151 1462 2241 1495 quae
2266 1453 2368 1487 utilia

1288 1499 1372 1531 sunt
1395 1496 1447 1530 rei
1470 1496 1636 1540 publicae
1661 1507 1742 1530 cum
1767 1495 1817 1531 eis
1843 1496 1985 1531 efficere
2010 1500 2046 1531 et
2069 1507 2184 1540 agere.

1287 1541 1311 1576 2
1358 1541 1512 1575 Exactio
1534 1551 1617 1575 vero
1638 1542 1734 1575 circa
1758 1542 1838 1576 loca
1861 1542 1923 1576 illa
1947 1541 2121 1576 fiscalium
2145 1542 2367 1577 functionum

140 1589 223 1631 περὶ
246 1585 326 1620 τοὺς
348 1598 480 1620 τοπους
504 1588 656 1620 ἐκείνους
686 1587 764 1620 τῶν
789 1585 973 1640 δημοσίων
1003 1585 1130 1640 φῐύρων
1157 1587 1217 1620 εἴς·
1233 1589 1274 1621 30
1289 1589 1326 1621 et
1347 1586 1464 1631 ipsum
1489 1590 1525 1620 et
1550 1586 1708 1622 officium
1733 1587 1900 1631 respiciet
1923 1587 2052 1631 ipsius:
2085 1589 2367 1631 praetorianum-

140 1630 269 1676 πραξις
300 1629 412 1665 αὐτόν
442 1645 482 1665 τε
513 1635 572 1664 καὶ
603 1630 669 1674 τὴν
700 1630 803 1671 τάξιν
835 1643 967 1676 οψεται
996 1645 1064 1675 την
1096 1629 1217 1666 αὐτοῦ.

141 1675 391 1722 πραιτωριανὴ
422 1689 462 1710 τε
485 1673 609 1710 ἅπασα
636 1677 657 1720 ἡ
686 1675 783 1717 τάξις
807 1674 1039 1719 κληθήσεται,
1068 1679 1141 1711 τοῖς
1165 1678 1217 1710 ἐν-

139 1721 273 1755 τεῦθεν
304 1724 566 1767 στρατευομένη
603 1719 792 1766 συμβόλοις
828 1724 872 1763 ἐκ
900 1723 963 1756 τοῦ
1001 1722 1105 1756 θείου
1142 1723 1218 1756 τῶν

141 1765 344 1800 ἐπιστολῶν
368 1771 527 1812 σκρινίου
551 1768 737 1812 φοιτῶσιν,
770 1767 808 1807 ἐξ
833 1765 873 1800 οἱ)
898 1770 956 1800 καὶ
980 1763 1002 1808 ἡ
1025 1766 1219 1814 βικαριανὴ

141 1808 270 1856 πρώην
295 1813 478 1856 ἐκομίζετο
502 1811 547 1846 τὰ
570 1814 721 1847 τοιαῦτα
745 1810 908 1856 σύμβολα
931 1809 1040 1853 τάξις.

1288 1642 1357 1676 que
1382 1631 1539 1666 officium
1572 1642 1676 1666 omne
1700 1632 1898 1674 vocabitur,
1930 1636 1965 1666 et
1989 1632 2047 1667 hic
2078 1633 2169 1667 datis
2201 1633 2368 1667 militabit

1288 1677 1505 1722 probatoriis
1530 1687 1573 1711 ex
1598 1686 1701 1712 sacro
1727 1678 1957 1721 epistolarum
1986 1677 2117 1712 scrinio
2142 1678 2366 1722 procedenti-

1288 1723 1366 1765 bus,
1399 1732 1443 1757 ex
1473 1732 1542 1766 quo
1576 1725 1611 1756 et
1633 1722 1851 1757 vicarianum
1884 1722 2017 1757 dudum
2046 1723 2264 1768 percipiebat
2288 1722 2366 1758 offi-

1289 1768 1381 1803 cium
1406 1767 1607 1802 huiusmodi
1631 1768 1868 1811 probatorias.

1232 1816 1273 1848 35

1132 1948 1289 1984 CAPUT
1314 1948 1379 1983 ΙΙΙ.

187 2027 341 2072 Μελήσει
366 2025 405 2061 δὲ
429 2025 527 2071 αὐτῷ
554 2028 701 2072 πρῶτον
720 2029 786 2071 μὲν
808 2026 940 2074 δώρων
960 2026 1125 2074 καθαρὰς
1154 2041 1217 2073 φυ-

141 2072 283 2109 λάττειν
306 2072 368 2108 τὰς
389 2075 522 2119 χεῖρας,
555 2074 681 2107 ἔπειτα
712 2074 833 2107 πᾶσαν
859 2071 1008 2118 ἰσότητα
1039 2076 1112 2107 τοῖς
1134 2071 1217 2117 ἡμε-

139 2122 253 2165 τέροις
281 2116 449 2162 ὑπηκόοις
478 2115 553 2160 ἰδίᾳ
584 2130 625 2152 τε
655 2120 714 2151 καὶ
744 2116 898 2161 δημοσίᾳ
927 2121 1048 2166 τηρεῖν
1077 2117 1215 2160 δικαζο-

139 2168 256 2209 μένοις
284 2177 324 2198 τε
354 2166 413 2198 καὶ
432 2161 634 2207 συμβόλαια
666 2162 754 2211 πρὸς
785 2161 952 2207 ἀλλήλους
985 2162 1216 2210 πράττουσιν,

1333 2027 1427 2062 Cura
1448 2037 1529 2062 vero
1552 2027 1586 2062 ei
1606 2028 1675 2062 erit
1696 2028 1849 2071 primum
1871 2028 2013 2072 quidem
2031 2028 2238 2064 muneribus
2258 2040 2368 2073 puras

1287 2073 1428 2107 ser'vare
1464 2082 1608 2114 manus,
1649 2073 1775 2108 deinde
1813 2084 1951 2108 omnem
1988 2074 2203 2119 aequitatem
2238 2075 2368 2109 nostris

1287 2117 1458 2152 subiectis
1482 2117 1647 2161 privatim
1673 2121 1708 2152 et
1728 2119 1870 2161 publice
1895 2119 2075 2154 custodire
2095 2119 2313 2163 litigantibus
2334 2124 2370 2154 et

1288 2162 1502 2197 documenta
1534 2163 1626 2196 inter
1650 2163 1845 2198 alterutros
1873 2163 2097 2207 facientibus,
2132 2168 2171 2198 ut
2194 2165 2367 2199 tumultus

140 2279 319 2313 stratuum
342 2278 378 2310 et
393 2278 596 2322 praecepta
621 2273 798 2319 quaedam
821 2273 1026 2324 imperialia
1056 2284 1150 2318 quae
1171 2272 1468 2317 quemadmodum
1492 2274 1729 2319 maqistratus
1751 2274 1931 2320 qerendus
1949 2275 2015 2317 sit,
2048 2275 2244 2320 explicent,
2274 2286 2367 2321 quae

141 2321 284 2368 quidem
308 2320 463 2355 maiores
486 2319 603 2354 nostri
626 2318 800 2353 mandata
823 2318 1002 2364 principis
1021 2318 1211 2359 vocabant,
1235 2318 1364 2363 quibus
1388 2319 1546 2364 acceptis
1565 2319 1603 2352 in
1620 2319 1852 2364 provinciam
1868 2320 2145 2365 proficiscentes
2167 2320 2230 2365 qui
2253 2322 2366 2366 maai-

141 2369 294 2402 stratum
324 2364 447 2399 sortiti
467 2367 582 2405 erant,
615 2363 703 2408 quid
724 2362 934 2407 faciendum
964 2367 1065 2403 esset,
1096 2362 1180 2396 inde
1203 2362 1477 2407 depromebant:
1508 2367 1617 2408 atque
1640 2374 1683 2398 ea
1713 2375 1773 2399 res
1803 2363 1891 2399 bene
1948 2365 2112 2407 rocessit,
2144 2365 2366 2411 contiqitque

141 2409 371 2457 praetoribus
394 2414 436 2444 ut
454 2407 555 2454 apud
578 2408 710 2442 multas
732 2407 953 2453 reipublicae
977 2411 1124 2442 nostrae
1147 2411 1272 2452 qentes
1292 2407 1399 2442 laude
1415 2407 1601 2452 florerent,
1625 2408 1792 2455 inprimis
1815 2409 1893 2443 occi
1918 2409 2066 2452 entales,
2089 2409 2185 2444 unde
2208 2409 2366 2446 Romani

138 2455 303 2502 profecti
333 2458 367 2489 et
397 2453 685 2500 septemtrionem
709 2463 832 2499 paene
863 2456 975 2487 totum
1007 2457 1043 2487 et
1072 2451 1231 2487 meridiei
1263 2456 1298 2487 et
1327 2452 1477 2487 orientis
1506 2457 1649 2498 partem
1675 2454 1871 2489 maximam
1902 2454 2180 2500 acquisiverunt.
2250 2454 2364 2498 Quac-

143 2511 293 2545 cumque
324 2499 438 2545 iqitur
469 2499 507 2533 in
543 2498 620 2543 leqe
652 2509 760 2543 quam
790 2496 897 2532 modo
929 2497 1089 2532 diximus
1121 2496 1165 2532 de
1196 2497 1468 2543 maqistratibus
1497 2498 1635 2544 scripta
1666 2501 1766 2541 sunt,
1799 2503 1835 2534 et
1864 2509 2110 2545 quaecumque
2141 2503 2178 2535 et
2203 2499 2366 2536 Pisidiae

143 2550 179 2581 et
198 2544 408 2591 Lycaoniae
424 2544 596 2590 praetori
617 2542 864 2589 exposuimus,
894 2542 1030 2578 scilicet
1052 2542 1171 2588 pratis
1195 2553 1273 2577 cum
1297 2542 1397 2587 ipsos
1421 2541 1504 2578 hinc
1528 2543 1705 2578 creandos
1723 2554 1800 2579 esse
1822 2547 1895 2579 tum
1918 2545 2008 2591 ipsis
2030 2544 2194 2580 subditos
2217 2550 2364 2581 nostros

145 2589 374 2632 tractandos,
408 2589 480 2623 iam
516 2588 680 2624 omnibus
713 2588 911 2632 manifesta
946 2591 1050 2622 sunt:
1088 2587 1126 2621 in
1162 2587 1365 2622 universam
1400 2587 1492 2622 enim
1527 2587 1704 2623 dicionem
1739 2592 1901 2624 nostram
1936 2601 2053 2635 nuper
2089 2589 2151 2626 lea:
2180 2590 2244 2625 illa
2277 2602 2364 2637 pro-

143 2636 244 2682 secta
278 2634 510 2680 omnibusque
542 2633 614 2668 iam
640 2633 746 2678 facta
777 2638 832 2668 est
861 2633 1058 2668 notissima.
1123 2631 1169 2667 In
1200 2643 1273 2678 qua
1304 2632 1412 2667 etiam
1443 2633 1694 2668 iusiurandum
1725 2634 1900 2680 scriptum
1933 2639 2004 2676 est,
2038 2634 2233 2670 secundum
2266 2636 2366 2681 quod

143 2680 279 2716 iudices
301 2684 446 2715 nostros
469 2679 684 2724 maqistratu
707 2681 873 2724 suscepto
907 2678 1064 2713 animam
1093 2688 1195 2712 suam
1226 2678 1292 2712 deo
1323 2688 1535 2713 consecrare
1566 2683 1602 2714 et
1631 2678 1795 2714 subditos
1818 2683 1964 2715 nostros
1986 2680 2024 2715 in
2047 2680 2229 2725 aequitate
2252 2687 2286 2716 et
2310 2683 2363 2716 iu-

143 2728 165 2762 1
220 2725 320 2761 stitia
344 2724 527 2760 custodire
558 2723 661 2759 decet
689 2723 733 2758 ab
759 2724 858 2758 omni
887 2723 1004 2769 turpis
1035 2723 1127 2758 lucri
1151 2722 1347 2769 cupiditate
1376 2727 1412 2758 et
1433 2723 1569 2759 invidia
1601 2727 1638 2759 et
1662 2725 1785 2768 qratia
1809 2724 1951 2760 liberos,
2068 2724 2255 2771 Officiales
2279 2737 2363 2762 vero

143 2771 176 2807 ei
207 2770 403 2806 inservient
433 2780 507 2805 non
535 2769 661 2815 plures
692 2779 800 2815 quam
831 2772 987 2810 centum,
1025 2772 1134 2815 atque
1165 2767 1308 2803 habebit
1338 2771 1408 2803 tam
1441 2768 1557 2804 civilis
1587 2769 1823 2815 maqistratus
1857 2781 1965 2815 quam
1998 2770 2166 2806 militaris
2193 2771 2362 2816 insiqnia.

143 2816 272 2852 Aderit
292 2816 399 2851 etiam
423 2814 474 2850 ad
495 2825 706 2860 responsum
736 2814 769 2849 ei
794 2818 951 2860 propter
974 2814 1125 2848 militum
1157 2824 1250 2859 quae
1273 2812 1323 2848 ibi
1350 2817 1437 2849 sunt
1459 2814 1606 2865 copias;
1637 2814 1846 2860 veniamque
1869 2814 2012 2851 habebit
2036 2820 2072 2850 et
2093 2816 2296 2861 imperandi
2317 2817 2364 2851 iis

144 2862 168 2897 2
225 2864 260 2897 et
282 2871 376 2907 quae
398 2859 619 2906 reipublicae
647 2864 803 2906 prosunt
831 2869 911 2894 cum
940 2859 985 2893 iis
1016 2858 1209 2894 exercendi
1239 2862 1273 2893 et
1296 2858 1510 2904 peragendi.
1593 2858 1827 2894 Publicorum
1850 2864 1968 2895 autem
1994 2861 2209 2896 tributorum
2231 2861 2269 2896 in
2291 2862 2365 2897 illis

141 2910 231 2945 locis
254 2911 399 2947 exactio
424 2915 459 2947 et
481 2911 531 2946 ad
553 2912 671 2957 ipsum
693 2915 729 2946 et
751 2910 801 2945 ad
824 2910 988 2956 officium
1012 2909 1090 2945 eius
1108 2908 1292 2955 spectabit.
1340 2907 1458 2952 Atque
1470 2908 1751 2952 praetorianum
1772 2907 1957 2943 vocabitur
1977 2907 2181 2942 universum
2202 2907 2366 2953 officium

142 2955 318 2991 codicillis
341 2955 424 2991 binc
447 2967 496 2992 ex
518 2967 624 2991 sacro
649 2956 881 3002 epistolarum
905 2955 1038 2990 scrinio
1063 2953 1169 2989 editis
1191 2953 1438 2992 militaturum,
1471 2952 1566 2986 unde
1590 2953 1699 2987 etiam
1724 2953 1947 2987 vicarianum
1979 2951 2064 2986 olim
2087 2952 2252 2996 officium
2277 2952 2366 2987 tales

142 2999 329 3035 codicillos
352 3001 560 3047 accipiebat.

272 3047 337 3082 111.
387 3047 503 3083 Curae
525 3056 609 3082 vero
633 3045 667 3080 ei
690 3045 760 3080 erit
780 3045 936 3090 primum
968 3047 1009 3078 ut
1031 3055 1053 3078 a
1077 3043 1284 3079 muneribus
1304 3054 1420 3089 puras
1443 3046 1559 3078 servet
1580 3054 1726 3086 manus,
1759 3044 1886 3079 deinde
1916 3049 1957 3080 ut
1981 3056 2119 3080 omnem
2142 3046 2358 3091 aequitatem

139 3092 291 3128 subditis
313 3092 449 3127 nostris
472 3094 506 3127 et
527 3089 698 3136 privatim
731 3093 767 3124 et
786 3088 930 3135 publice
946 3092 1113 3135 praestet
1145 3092 1216 3123 tam
1241 3088 1466 3133 litiqantibus
1491 3099 1598 3132 quam
1621 3089 1768 3133 neqotia
1796 3090 1889 3125 inter
1909 3101 1947 3125 se
1971 3089 2277 3131 contrahentibus,
2307 3091 2358 3125 ita

186 3207 201 3239 1
225 3205 285 3237 καὶ
306 3211 379 3237 ante
396 3199 583 3244 ὑποθῆκαι
607 3204 667 3236 del.
683 3201 731 3234 L²
747 3201 758 3243 ΙΙ
777 3197 973 3243 ὑποθῆκαι]
999 3201 1146 3242 insignia
1166 3213 1186 3238 ς
1203 3201 1214 3243 ΙΙ

141 3253 161 3285 2
181 3245 342 3283 διιινύσει
355 3249 493 3289 ML¹BJ
512 3245 555 3289 δὴ
568 3243 691 3280 ἄνὺσει
706 3247 847 3290 L²vul9.
867 3246 878 3287 ΙΙ
896 3248 914 3280 3
933 3243 1102 3289 μανδάτα
1114 3258 1215 3291 πριν-

141 3299 236 3329 κίπις
255 3293 467 3339 (πρίνκὴπης
480 3294 527 3326 L¹
548 3290 739 3338 πριγκήπις
752 3291 812 3329 L2)
832 3291 916 3331 ML]
935 3289 1216 3336 παραγγέλματα

141 3337 311 3384 βασιλικὰ
329 3341 363 3373 Β
388 3339 400 3383 ΙΙ
423 3334 539 3371 ἐκάλει
563 3338 611 3370 L²
635 3337 648 3380 ΙΙ
677 3340 696 3371 6
720 3333 933 3382 προύχώρει]
959 3332 1129 3380 προυχῖἰεὶ
1142 3338 1214 3379 (sic)

142 3387 173 3420 L
197 3385 210 3429 ΙΙ
234 3387 252 3419 7
277 3382 476 3428 εὐδοκιμεῖν
500 3384 530 3416 L
558 3381 568 3426 ΙῙ
593 3380 762 3428 ἡμετέρας
787 3382 908 3421 MLB]
934 3379 1113 3415 πολιτείας
1137 3382 1214 3415 add.

143 3432 338 3465 Haloander
367 3429 379 3474 ΙΙ
409 3431 427 3462 8
458 3425 552 3475 πρὸσ
575 3425 745 3460 ἐλθόντες
769 3427 799 3459 L
826 3425 838 3470 ΙΙ
869 3428 888 3459 9
919 3422 986 3467 τήν
1009 3428 1060 3468 τε]
1091 3438 1131 3459 τε
1157 3440 1214 3460 om.

143 3477 179 3509 B
203 3476 215 3518 ΙΙ
241 3477 467 3520 μεσημβρίαν
490 3473 559 3509 L²c5
584 3472 596 3517 ΙΙ
625 3474 663 3506 11
692 3468 805 3515 νόμῳ]
838 3484 907 3504 που.
930 3471 1023 3505 VIII
1043 3471 1055 3514 ΙΙ
1085 3473 1124 3506 12
1148 3466 1216 3505 ὅσα

144 3522 191 3554 Μ
191 3524 208 3542 ⁶
226 3521 238 3564 ΙΙ
253 3521 307 3564 τῷ
331 3520 392 3562 τῆς
415 3516 582 3552 Πισιδίας
598 3519 632 3551 Β
651 3516 663 3561 ΙΙ
682 3519 721 3550 13
748 3514 983 3561 διελεγόμεθα
1001 3513 1217 3563 (ὃιελεγόΙθα

144 3566 205 3608 L1)
229 3567 261 3599 L
290 3563 532 3611 διαλεγόμεθα
554 3564 589 3597 Β
606 3563 618 3604 ΙΙ
647 3566 685 3596 15
710 3562 770 3604 τῆς
792 3558 971 3605 ἡμετέροις
994 3557 1064 3604 (ἡμ.
1085 3564 1116 3595 in
1138 3563 1217 3602 ras.)

145 3611 188 3643 M
206 3610 286 3654 11416
307 3608 457 3653 ἤδηρτη.
473 3611 530 3645 Βς
557 3609 569 3653 ΙΙ
597 3607 750 3660 ἄρτιΜ]
772 3604 838 3649 ἤδη
852 3607 931 3647 LB,
953 3618 1041 3643 oms
1068 3606 1080 3650 ΙΙ
1112 3609 1151 3641 18
1173 3604 1216 3658 ᾧ]

147 3646 342 3699 exi-Musti
369 3649 555 3700 ἡμετέρους
578 3649 700 3699 ὅρκους
729 3648 902 3693 υπηκόους
926 3652 973 3685 L²
1000 3651 1017 3695 ss
1043 3653 1085 3696 23
1117 3648 1216 3698 αὐτα)

146 3699 195 3733 L²
220 3699 233 3744 ΙΙ
262 3702 304 3735 24
327 3700 405 3734 τῶν
421 3699 564 3744 ὌήιμΒΙ]
595 3701 641 3733 26Ἰ
660 3694 943 3743 οἰδριεσιττόναουμῚ
959 3697 1014 3738 Μ,
1029 3691 1218 3743 ῃ.ἃ’δ“ρεπον-

149 3754 238 3788 σουμ
262 3747 309 3787 (in
329 3759 388 3790 my.
414 3742 698 3791 ἆποκρισιαρίων
718 3742 778 3784 L2)
802 3743 834 3775 L
858 3741 905 3775 εἰς
926 3739 1128 3786 ἀποκρίσεις
1149 3742 1183 3776 Β
1206 3742 1218 3785 11

1248 3480 1250 3489 ¹
1286 3472 1385 3504 uabat
1414 3471 1446 3504 V
1470 3471 1646 3503 seruabant
1668 3472 1700 3504 T
1720 3471 1731 3515 ΙΙ
1758 3474 1778 3506 6
1804 3473 1957 3513 eratquae
1986 3472 2020 3504 V
2037 3471 2048 3515 ΙΙ
2071 3475 2238 3514 praetoros
2266 3475 2318 3508 V¹²

1285 3204 1326 3235 28
1351 3204 1411 3234 καὶ
1434 3199 1489 3241 τὰ]
1515 3203 1574 3233 καὶ
1599 3214 1656 3234 οηι.
1677 3202 1712 3234 Β
1737 3201 1749 3244 ΙΙ
1774 3204 1816 3235 30
1841 3200 1968 3246 φόρους
1993 3203 2040 3236 L¹
2065 3203 2078 3246 ΙΙ
2102 3204 2142 3236 33
2168 3214 2356 3247 στρατευο-

1283 3249 1371 3289 μένη
1386 3247 1522 3286 ML¹B]
1548 3247 1763 3290 ἐκφερομένη
1780 3247 1828 3279 L²
1848 3249 2106 3292 (ἐκφερομένοις
2119 3249 2326 3290 Haloander)
2346 3249 2357 3289 Η

1286 3295 1326 3326 36
1353 3291 1471 3336 δῶρον
1494 3291 1610 3334 ML¹u
1636 3293 1676 3324 39
1702 3293 1760 3324 καὶ
1784 3290 1829 3324 τὰ
1853 3290 2055 3336 συμβόλαια
2082 3293 2149 3325 LB

1330 3428 1345 3459 1
1373 3425 1497 3467 insigni
1518 3425 1683 3467 impcriali
1702 3426 1853 3460 amodum
1880 3427 1912 3458 V
1928 3425 1940 3471 fl
1971 3429 1989 3459 5
2015 3437 2110 3460 cause
2142 3428 2225 3461 Val.
2252 3429 2265 3473 ΙΙ
2292 3441 2357 3463 ser-

1285 3516 1405 3549 nostris
1426 3516 1458 3548 V
1474 3514 1485 3558 ΙΙ
1516 3517 1554 3549 12
1579 3516 1698 3558 pisidie
1719 3518 1763 3557 V]
1787 3517 1907 3558 pisidio
1933 3517 1965 3549 T
1987 3516 1999 3560 ss
2025 3517 2265 3559 disputabimus
2297 3521 2330 3553 V

1289 3563 1327 3596 13
1347 3561 1495 3593 ordinem
1513 3561 1570 3602 V-{l
1591 3562 1630 3595 16
1650 3562 1822 3594 manifesta
1838 3562 1870 3594 T
1884 3561 1895 3605 ΙΙ
1913 3563 1949 3595 21
1975 3561 2068 3594 lucro
2082 3575 2139 3595 om.
2159 3564 2215 3608 VH
2233 3566 2274 3599 23
2296 3566 2357 3598 mi-

1285 3606 1469 3639 nistrabant
1490 3605 1540 3638 Va
1564 3605 1576 3650 ΙΙ
1607 3608 1649 3639 24
1673 3607 1817 3648 cingulis
1838 3607 1872 3639 V
1891 3607 1903 3648 ss
1936 3609 1977 3639 25
1990 3619 2037 3649 sq.
2063 3608 2216 3648 militaris
2242 3611 2363 3643 —cibit

1286 3665 1343 3685 om.
1359 3651 1443 3691 libri,
1469 3651 1573 3694 suppl.
1589 3651 1681 3684 Beck
1715 3652 1726 3695 ΙΙ
1758 3653 1796 3685 31
1825 3662 1953 3684 omnem
1976 3652 2157 3686 uocabatur
2185 3650 2243 3698 V!
2277 3656 2357 3688 hinc

1286 3698 1370 3740 vulq.
1388 3695 1402 3739 ΙΙ
1418 3695 1577 3728 militabit
1603 3697 1650 3737 T]
1676 3696 1878 3729 militabitur
1899 3697 1952 3739 Vl}
1978 3697 2019 3730 32
2044 3700 2172 3732 sacrum
2193 3700 2225 3733 V
2238 3655 2251 3744 d
2266 3711 2356 3743 prae-

1289 3741 2043 3789 cedentibus,Euvassffpuraffluu38fpribatim
2062 3743 2196 3787 Masis»
2227 3750 2256 3778 ,ιῑ
2294 3757 2296 3759 ’
