2618 4010
176 1575 184 1583 ·
241 1567 419 1603 ann.XII.
444 1568 603 1605 Iohanne
626 1580 658 1605 v.
686 1578 716 1605 e.
743 1579 842 1605 cons.

241 141 347 185 Nov.
378 140 556 184 LXVIII
589 143 607 181 1

243 297 314 331 εἴτε
336 297 452 342 ἕτεροί
474 304 584 338 τινες,
607 297 702 339 ἔχειν
727 295 868 330 ἐκεῖθέν
889 309 971 330 τινα
991 294 1181 340 βοήθειαν,
1205 293 1319 342 μόνου

242 342 305 376 τοῦ
323 337 397 375 ἀπὸ
417 339 579 384 τελευτῆς
601 341 640 382 ἐξ
660 338 831 376 ἀπαιδίας
853 340 1047 387 συμφώνου
1067 343 1236 385 μένοντος
1259 345 1320 387 καὶ

242 383 333 421 κατὰ
354 383 569 421 δεσποτείαν
593 386 690 433 παρὰ
711 388 764 430 τῷ
785 384 1018 432 κερδάναντι,
1043 387 1106 420 τοῦ
1130 385 1259 422 λοιποῦ
1281 385 1320 421 δὲ

243 433 303 466 ἐπὶ
334 429 416 466 τοὺς
447 429 683 479 κληρονόμους
713 433 788 470 τῶν
813 429 1106 475 τελευτησάντων
1130 429 1276 467 παίδων
1299 431 1321 476 ἢ

243 476 404 524 ἐγγόνων
428 475 560 520 ἰόντος,
594 475 679 512 κατ’
705 474 810 512 οἰδὲν
833 474 898 523 ὑφ’
926 473 1029 521 ἡμῶν
1058 477 1122 511 τοῦ
1151 478 1211 521 τῆς
1241 478 1322 524 χρή-

241 523 264 558 1
310 533 399 557 σεως
423 521 526 570 λόγου
550 523 812 558 καινισθέντος.
881 523 999 556 Ταῦτα
1023 525 1147 557 τοίνυν
1171 526 1230 557 καὶ
1254 524 1322 557 νῦν

243 570 302 600 καὶ
326 567 374 602 εἰς
405 568 471 603 τὸν
494 566 642 603 ἅπαντα
665 568 795 616 χρόνον
819 569 963 615 κρατεῖν
986 566 1205 612 βουλόμεθα,
1227 566 1322 612 πλὴν

241 611 336 656 εἰμὴ
359 614 485 656 ἔτυχον
509 613 545 648 οἱ
567 611 690 649 παῖδες
709 617 795 660 πρὶν
818 610 840 657 ἢ
867 613 1022 666 τεθῆναι
1050 612 1117 657 τὴν
1145 611 1322 660 ἡμετέραν

1300 138 1385 185 348

242 249 534 294 τελευτησάντων
556 247 703 285 παίδων
733 247 756 293 ἢ
787 249 958 298 ἐγγόνων,
994 250 1064 285 εἴτε
1098 254 1213 297 γονεῖς
1247 251 1338 287 εἷεν·

2082 156 2143 188 UT
2171 154 2465 189 CONSTITU'HO

1386 252 1460 288 sive
1482 254 1651 297 parentes
1675 251 1747 287 sint
1770 253 1842 289 sive
1867 253 1926 290 alii
1950 253 2112 300 quidam,
2145 254 2277 291 habere
2301 255 2382 290 inde
2405 265 2464 290 so-

1387 297 1532 340 lacium‚·
1552 296 1755 349 solo-pacto
1779 298 1873 343 quod
1896 309 1940 335 ex
1959 304 2072 336 morte
2093 300 2172 335 filiis
2189 311 2261 336 non
2281 299 2464 336 existenti-

1388 343 1456 378 bus
1481 341 1702 378 contrah1tur
1725 347 1891 383 manente
1914 345 2018 381 etiam
2044 345 2237 381 secundum
2262 345 2464 390 proprieta-

1388 391 1459 440 tem
1483 387 1578 440 apud
1600 387 1818 440 lucrantem,
1853 389 1997 435 reliquis
2011 393 2139 426 ¹autem
2163 391 2208 426 ad
2232 391 2380 426 heredes
2404 389 2463 424 de-

1357 436 1375 468 5
1389 433 1584 468 ficientlum
1609 432 1761 467 fihorum
1784 435 1847 468 aut
1870 437 2036 480 nepotum
2059 436 2291 480 venientibus,
2313 436 2348 471 in
2368 435 2464 470 nullo

1390 487 1412 512 a
1436 477 1537 513 nobis
1562 477 1788 513 ususfructus
1811 478 1950 515 ratione
1974 485 2114 517 novata.
2201 515 2203 517 .

1388 525 1411 559 1
1467 521 1567 558 Haec
1601 522 1710 566 igitur
1748 525 1785 559 et
1820 533 1916 559 nune
1955 525 1994 560 in
2030 537 2132 563 omne
2172 530 2312 572 tempus
2347 525 2464 561 valere

1391 568 1570 613 volumus3
1597 567 1666 603 nisi
1687 570 1806 604 tamen
1826 569 1974 614 contigit
1992 569 2084 607 filios
2105 574 2295 617 antequam
2312 581 2463 617 ponere-

1390 618 1449 649 tur
1468 616 1594 650 nostra
1613 613 1820 650 constitutio
1845 615 1945 650 mori.
1986 615 2023 651 Si
2041 617 2133 652 enim
2153 617 2299 663 contigit
2323 616 2464 661 quidem

241 655 406 699 διάταξιν
429 657 723 703 τετελευτηκότες.
771 657 895 712 ἐπειδη
918 671 986 705 γαρ
1010 659 1110 704 ἔφθη
1134 659 1176 694 τὸ
1201 657 1322 712 ιξέρδος
1338 659 1529 695 101ucrum
1558 662 1673 696 totum
1705 661 1788 695 ante
1811 659 1955 706 nuptias
1978 659 2047 696 inm
2070 661 2203 698 factum
2227 664 2302 698 eius
2335 662 2394 707 qui
2418 661 2465 697 ad

225 701 433 750 ,ὁλόκληρον
453 702 519 748 ἢδη
539 704 820 752 προςγενόμενον
843 718 896 748 τῳ
916 707 989 738 τοῖς
1009 702 1183 750 δευτέροις
1202 703 1321 749 ομιλή-

242 760 349 783 σαντι
367 746 492 796 γάμοις
512 750 590 784 τῶν
610 747 755 786 παίδων
780 748 849 795 πρὸ
873 750 936 784 τοῦ
957 747 1067 793 νόμου
1091 748 1322 793 τελευτησάν-

241 806 328 836 των,
361 791 425 849 qux
456 791 501 829 ἂν
532 793 552 830 ὁ
574 793 740 850 ᾑμέτερος
763 795 869 839 νόμος
897 797 1014 828 ἐκεῖνα
1039 794 1321 842 περιεργάζοντο,

1389 704 1549 741 secunda
1579 706 1663 741 vota
1693 704 1870 749 migravit,
1908 705 1991 742 filiis
2020 710 2102 742 ante
2130 707 2243 753 legem
2274 707 2463 750 defunctis,

1390 760 1615 832 neguaquam
1638 754 1763 803 nostra
1785 751 1843 804 lex
1859 750 1921 786 illa
1939 752 2225 805 perscrutabitur
2249 762 2340 799 quae
2359 762 2463 806 prae-

1391 806 1431 832 ce
1457 807 1519 832 ens
1543 796 1601 832 lex
1624 796 1756 832 Leoms
1780 805 1861 842 piae
1885 806 2075 833 memoriae
2100 798 2167 834 sub
2190 808 2256 835 sua
2277 800 2463 834 constitmt

241 835 332 886 ἅπερ
361 853 390 882 ο4
415 839 614 886 προλαβων
645 840 752 886 νόμος
777 842 935 875 Λέοντος
965 842 1028 875 τοῦ
1061 842 1122 884 τῆς
1157 838 1321 886 εὐσεβοῦς
1388 844 1582 888 potestate:
1610 845 1827 887 quapropter
1849 852 1924 878 non
1947 842 2062 878 solum
2085 842 2165 878 filiis
2189 846 2252 878 aut
2275 843 2464 889 nepotibus

241 883 372 927 λήξεως
400 882 470 920 ὑπὸ
495 884 561 930 τὴν
584 887 712 920 ἑαυτοῦ
737 889 931 942 πεποίηκεν
951 885 1126 926 ἐξουσίαν.
1172 882 1260 921 ὥςτε
1280 884 1320 920 οὐ
1338 890 1374 922 15
1389 897 1460 924 non
1485 887 1719 923 existentibus
1745 897 1869 923 secure
1893 887 2078 924 habebunt
2101 898 2191 933 quae
2215 887 2345 924 lucrati
2368 892 2463 932 sunt,

240 929 353 975 μόνον
374 929 519 966 παίδων
538 928 559 974 ἢ
580 931 739 979 ἐγγόνων
763 941 825 974 oux
844 944 1016 966 υποντων
1034 928 1205 977 ἀσφαλῶς
1226 931 1319 973 ἕξου-

241 987 301 1010 σιν
330 972 422 1022 ἅπερ
443 974 648 1023 ἐκέρδαναν,
673 974 756 1011 ἀλλ’
774 975 843 1020 ,ἤδη
868 974 936 1011 κᾶν
957 977 991 1011 εἴ
1006 990 1042 1011 τι
1066 976 1208 1012 τούτων
1225 974 1317 1024 παρ’

241 1021 372 1069 ἑτέροις
396 1024 488 1063 ἐστί,
522 1021 614 1056 κατὰ
645 1021 711 1057 τὸν
741 1019 934 1057 δεσπόταις
965 1024 1151 1069 πρέποντα
1183 1021 1320 1069 τρόπον

240 1066 264 1101 2
311 1064 544 1110 έκδικῆσουσι.
594 1068 713 1102 Ταῦτα
733 1071 856 1102 τοίνυν
877 1065 977 1122 νόμῳ
997 1071 1125 1123 ρραχεῖ
1144 1073 1318 1115 περιστεί·

1390 933 1451 969 sed
1476 933 1583 969 etiam
1613 933 1669 969 vel
1693 932 1724 968 si
1748 932 1832 979 quid
1855 933 1983 969 horum
2005 932 2103 978 apud
2126 933 2216 969 alios
2241 937 2304 976 est,
2336 944 2463 969 secun·

1390 978 1473 1014 dum
1496 978 1639 1014 modum
1663 988 1740 1014 com
1766 982 1919 1014 etentem
1945 978 2093 1015 dominis
2116 978 2360 1014 vindicabunt.

1388 1024 1413 1060 2
1470 1023 1571 1060 Haec
1606 1024 1714 1068 igitur
1771 1025 1844 1060 revi
1884 1024 1962 1069 lege
2002 1023 2338 1069 comprehendentes
2376 1024 2464 1059 tales

1390 1069 1632 1106 dubitationes
1656 1069 1871 1115 perImimus,
1902 1074 1942 1106 ut
1965 1080 2037 1111 non
2062 1069 2204 1105 assidue
2225 1070 2270 1105 ab
2295 1069 2464 1114 interpel-

242 1110 366 1147 λαντες
395 1111 458 1147 τὰς
488 1112 665 1166 τοιαύτας.
684 1110 967 1170 ἀμωισρητησεις
997 1115 1225 1161 αναιροῦμεν,
1260 1115 1317 1148 ἵνα
1334 1116 1375 1149 20
1391 1115 1549 1150 lantibus
1573 1115 1817 1160 molestemur3
1851 1115 1914 1151 sed
1938 1115 2013 1160 lege
2036 1115 2125 1151 haec
2149 1116 2346 1150 statuentes
2371 1124 2465 1149 com-

239 1156 288 1201 μὴ
312 1155 490 1202 διηνεκῶς.
509 1158 580 1193 υπὸ
612 1171 690 1193 των
721 1171 926 1194 αιτουντων
945 1157 1197 1204 ἐνοχλῶμεθα,
1227 1157 1320 1194 ἀλλὰ

240 1202 341 1247 νόμῳ
373 1204 490 1238 ταῦτα
515 1204 780 1249 ἐναποθέμενοι
810 1205 921 1248 κοινῷ
952 1206 1029 1239 τῶν
1053 1204 1229 1240 τοιούτων
1253 1202 1318 1241 ἀπ-

241 1245 477 1296 αλλαγείημεν
505 1246 634 1293 ὄχλων,
665 1248 707 1285 τὸ
732 1249 802 1296 πρὸ
817 1251 886 1294 ,τῆς
910 1248 1079 1296 ἡμετέρας
1102 1251 1322 1294 νομοθεσίας

240 1294 356 1339 σχῆμα
380 1293 631 1339 φυλάττεσθαι
654 1294 864 1341 βουλόμενοι
895 1297 948 1340 τῷ
975 1295 1045 1343 πρὸ
1070 1294 1200 1339 ταύτης
1224 1293 1321 1343 εὐηρ-

239 1342 433 1386 γετημένῳ.
452 1362 454 1365 ν

284 1383 573 1433 <Ἐπι’λογος.>
611 1384 795 1421 Ὴτοίνυν
819 1385 863 1430 σὴ
885 1383 1039 1433 ὑπεροχὴ
1063 1385 1108 1421 τὰ
1127 1385 1219 1421 κατὰ
1243 1388 1321 1421 τοῦ·

240 1442 306 1465 τον
336 1427 422 1475 ἡμῖν
446 1431 688 1478 παραστάντα
719 1430 784 1467 τὸν
808 1429 946 1478 τρόπον
969 1428 1084 1467 ἅπασι
1105 1432 1243 1478 φανερὰ
1269 1430 1318 1466 δι’

241 1476 384 1511 οἰκείων
419 1476 658 1525 κηρυγμάτων
692 1480 751 1511 καὶ
781 1476 1011 1524 προςτάξεων
1046 1475 1320 1520 καταστησάτω.

285 1521 369 1557 Dat.
386 1532 466 1558 vm.
486 1523 522 1558 k.
541 1523 620 1559 Iun.
642 1522 711 1559 ΟΡ.
737 1523 821 1568 imp.
848 1523 906 1559 dn.
929 1523 1117 1559 Iustiniani
1142 1534 1202 1569 pp.
1228 1523 1317 1568 Aug.

243 1731 335 1771 tum,
365 1727 440 1765 sive
455 1730 634 1775 parentes
663 1727 737 1764 sint
766 1728 840 1765 sive
871 1727 934 1779 qui
958 1726 1040 1770 alii,
1071 1727 1156 1763 inde
1187 1726 1338 1779 aliquod
1367 1727 1547 1764 auxilium
1580 1727 1713 1764 habere
1743 1727 1912 1771 volentes,
1944 1732 1986 1764 ut
2014 1728 2053 1763 id
2073 1727 2190 1763 solum
2244 1772 2251 1778 ⁵

241 1783 353 1809 causa
377 1784 427 1809 ex
441 1777 558 1820 pacto
583 1772 749 1809 orbitatis
773 1776 958 1820 competit,
990 1773 1098 1808 etiam
1122 1772 1274 1808 domimi
1295 1772 1375 1809 iure
1400 1772 1503 1820 apud
1529 1783 1609 1808 eum
1640 1773 1704 1819 qui
1728 1772 1891 1809 lucratus
1913 1777 1968 1810 est
1989 1777 2151 1816 maneat,
2182 1783 2223 1808 re
2237 1782 2361 1824 iquum
2384 1782 2469 1807 vero
2530 1786 2535 1791 ·

1284 1572 1328 1612 [a.
1345 1571 1423 1613 538]

1388 1160 1486 1196 muni
1516 1160 1847 1206 importunitatibus
1876 1160 2077 1196 huiusmodi
2107 1160 2346 1203 liberabimur,
2378 1158 2465 1203 figu-

1389 1216 1465 1241 ram
1501 1216 1593 1260 quae
1629 1210 1713 1242 ante
1750 1210 1909 1243 nostram
1945 1206 2200 1250 legislationem
2239 1209 2316 1241 erat
2349 1204 2467 1257 posita

1390 1261 1525 1288 servan
1548 1253 1706 1289 volentes
1731 1251 1764 1287 ei
1795 1252 1856 1297 qui
1880 1255 1962 1288 ante
1990 1262 2069 1287 eam
2092 1250 2302 1287 beneficium
2325 1254 2465 1286 meruit.

1336 1344 1377 1377 25

1439 1387 1488 1434 <E
1531 1386 1714 1433 ilogus.)
1761 1387 1840 1424 Tua
1864 1387 1971 1432 igitur
2002 1386 2194 1423 eminentia
2225 1397 2316 1432 quae
2338 1396 2466 1422 secun-

1390 1432 1474 1468 dum
1524 1443 1595 1469 unc
1618 1433 1720 1468 nobis
1751 1433 1966 1479 placuerunt
1996 1432 2138 1468 modum
2167 1433 2329 1469 omnibus
2354 1431 2466 1467 mani-

1390 1478 1483 1514 festa
1506 1479 1661 1524 propriis
1687 1478 1812 1516 edictis
1837 1488 1878 1514 ac
1902 1478 2103 1524 praeceptis
2127 1477 2271 1515 efficiat.

1435 1523 1518 1560 Dat.
1532 1534 1612 1560 v111.
1626 1525 1698 1560 kal.
1714 1523 1808 1559 Iunii
1829 1523 2140 1569 Constantinopoli
2160 1523 2278 1569 (imp.)
2289 1523 2347 1559 dn.
2361 1522 2466 1558 Iusti-

1494 1569 1591 1606 niani
1603 1581 1663 1615 pp.
1681 1570 1772 1615 Aug.
1787 1580 1880 1606 anno
1894 1569 1975 1605 XII.
1989 1569 2148 1604 Iohanne
2160 1581 2191 1605 v.
2209 1579 2238 1605 c.
2253 1569 2410 1605 consule.

2247 1726 2322 1762 uod
2343 1725 2470 1761 mortis

241 1817 292 1854 ad
313 1818 462 1855 heredes
485 1818 741 1865 defunctorum
760 1819 923 1871 filiorum
947 1817 1003 1854 vel
1025 1823 1196 1866 nepotum
1223 1821 1402 1861 transeat,
1435 1819 1575 1854 ratione
1597 1817 1833 1864 ususfructus
1855 1830 2084 1866 nequaquam
2114 1830 2136 1854 a
2160 1817 2265 1853 nobis
2288 1820 2467 1852 innovata.

240 1867 263 1901 1
307 1863 412 1900 Haec
434 1864 549 1911 iqitur
571 1868 608 1901 et
629 1875 725 1900 nunc
748 1868 784 1900 et
805 1875 843 1900 tn
869 1875 973 1900 omne
998 1867 1138 1911 tempus
1162 1864 1282 1901 valere
1305 1863 1487 1907 volumus,
1515 1867 1774 1911 praeterquam
1796 1864 1828 1899 si
1852 1864 1954 1901 liberi
1985 1868 2068 1900 ante
2092 1874 2200 1910 quam
2231 1866 2359 1898 nostra
2383 1872 2468 1897 con-

240 1909 380 1946 stitutio
405 1909 482 1954 lata
513 1914 568 1946 est
597 1909 764 1956 defuncti
791 1910 943 1956 fuerint.
991 1908 1085 1945 Nam
1117 1920 1196 1946 cum
1227 1910 1299 1946 iam
1331 1909 1472 1945 lucrum
1500 1909 1680 1956 integrum
1710 1908 1760 1945 ad
1787 1920 1886 1952 eum,
1922 1910 1986 1956 qui
2015 1909 2193 1945 secundas
2215 1919 2265 1944 nu
2294 1908 2364 1944 tias
2387 1917 2469 1942 con-

243 1954 377 1998 traxit,
409 1954 532 1991 liberis
563 1959 647 1992 ante
678 1955 791 2002 leqem
815 1955 999 2001 defunctis
1014 1955 1240 2002 pervenerit,
1272 1958 1401 1991 nostra
1426 1954 1489 1990 lex
1512 1965 1585 1990 non
1609 1954 1808 1990 morabitur
1831 1955 1913 1998 illa,
1946 1967 2040 2001 quae
2064 1954 2227 1990 anterior
2250 1918 2313 1989 ἵζω
2337 1952 2488 2004 Leonis'

235 2001 326 2048 piae
355 2001 548 2049 memoriae
574 2001 641 2037 sub
671 2011 774 2037 suam
798 2002 1020 2048 potestatem
1052 2000 1202 2047 redeqit.
1250 1999 1381 2047 Itaque
1411 2010 1486 2036 non
1516 1999 1633 2036 solum
1665 1999 1787 2037 liberis
1818 2000 1875 2037 vel
1896 1999 2087 2047 nepotibus
2118 2010 2192 2035 non
2215 1997 2470 2045 superstitibus

240 2057 366 2083 secure
389 2046 570 2083 habebunt
593 2057 686 2093 quae
709 2046 842 2082 lucrati
864 2049 966 2089 sunt,
997 2046 1062 2083 sed
1084 2046 1157 2082 iam
1181 2046 1288 2082 etiam
1310 2046 1343 2081 si
1366 2045 1456 2092 quid
1478 2044 1606 2081 borum
1631 2057 1654 2080 a
1682 2045 1733 2081 ud
1756 2045 1849 2082 alios
1871 2049 1991 2088 extat,
2022 2044 2216 2082 secundum
2239 2043 2383 2079 modum
2407 2042 2468 2078 do-

241 2091 267 2129 2
312 2092 418 2128 minis
441 2096 697 2139 competentem
721 2091 963 2128 vindicabunt.
1057 2091 1160 2128 Haec
1183 2092 1297 2138 iqitur
1320 2091 1418 2127 brevi
1449 2090 1528 2138 leqe
1552 2101 1655 2137 comp
1672 2091 1736 2127 exi
1759 2091 1936 2127 eiusmodi
1956 2091 2197 2128 dubitationes
2221 2089 2394 2131 tollimus,
2425 2099 2470 2123 ne

268 2138 428 2185 erpetui-5
461 2138 635 2174 molestiis
669 2149 692 2173 a
726 2136 1017 2184 supplicantibus
1050 2137 1272 2183 afficiamur,
1307 2135 1372 2173 sed
1405 2135 1462 2171 his
1496 2136 1546 2171 in·
1569 2136 1749 2172 communi
1784 2135 1863 2183 leqe
1897 2136 2054 2173 conditis
2089 2134 2262 2171 eiusmodi
2297 2134 2470 2171 molestiis

255 2183 452 2220 iberemur:
486 2183 551 2230 qui
578 2184 740 2229 formam
776 2193 870 2228 quae
900 2186 985 2219 ante
1016 2182 1130 2229 leqem
1160 2178 1324 2218 nostram
1353 2181 1431 2228 fuit
1461 2181 1495 2217 ei
1525 2181 1591 2227 qui
1620 2184 1706 2217 ante
1735 2192 1814 2216 eam
1846 2182 2016 2227 beneficio
2047 2186 2175 2217 auctus
2206 2183 2260 2217 est
2294 2178 2470 2215 custodiri

188 2271 192 2275 ’
241 2228 466 2321 vehmusE'pi
474 2274 488 2308 l
496 2285 517 2309 o
525 2284 618 2321 qus.
677 2273 752 2310 Tua
775 2273 890 2320 iqitur
913 2273 1113 2310 sublimitas
1143 2248 1238 2320 quae
1261 2272 1330 2309 hoc
1353 2271 1457 2308 nobis
1480 2270 1587 2308 modo
1608 2271 1828 2318 placuerunt
1851 2272 2015 2308 omnibus
2038 2271 2235 2317 manifesta
2258 2281 2331 2318 per
2353 2268 2470 2306 edicta

241 2324 276 2356 et
299 2319 471 2356 mandata
494 2330 563 2355 sua
585 2319 725 2356 reddat.

288 2482 307 2514 2
331 2491 416 2513 τινα
442 2479 580 2521 ΜΑἰΙι]
605 2491 695 2516 orn-5
712 2478 725 2522 ss
749 2479 769 2513 8
793 2479 852 2511 καὶ
878 2477 936 2519 εἰς]
962 2479 1020 2510 καὶ
1043 2489 1099 2511 om.
1115 2489 1136 2513 ς
1153 2475 1166 2521 ΙΙ
1193 2478 1228 2510 11
1256 2473 1323 2518 ἤδη

241 2522 524 2613 ’φ”ςνεῗέμῗῗῖ
536 2522 800 2604 ἷὲἒῖἶεῖῑῆῗῖῗ
808 2524 949 2612 guia?
961 2522 1323 2612 {affiaffiuffrissssissiff

240 2579 342 2661 51sz
351 2570 405 2650 uBI
422 2583 503 2658 ένέχ
525 2615 662 2660 οίμεθα
683 2584 847 2659 ἕενίηιρεν
871 2581 1024 2658 (kag’ss,
1037 2615 1083 2655 34)
1108 2612 1121 2657 ΙΙ
1139 2614 1188 2665 ,29
1202 2615 1322 2665 subscr.

243 2663 308 2696 dat.
323 2672 401 2695 vm.
420 2663 451 2695 k.
474 2661 546 2695 iun.
570 2672 598 2694 11
616 2661 695 2694 anni
713 2662 783 2703 (sic)
804 2660 869 2693 GP.
891 2661 970 2702 imp.
990 2659 1044 2692 dn.
1063 2659 1246 2692 Iustiniani
1268 2669 1322 2702 pp.

242 2718 318 2750 aug.
337 2718 415 2740 ann.
429 2706 501 2740 XII
523 2708 676 2741 Iohanno
697 2717 748 2740 uc.
766 2716 870 2738 conss.
894 2706 939 2738 M
957 2705 1022 2737 dat.
1041 2715 1117 2737 vm.
1143 2703 1209 2736 kal.
1230 2703 1322 2736 Iunii

246 2753 311 2787 GP.
337 2753 392 2786 dn.
418 2753 501 2786 Iust.
526 2764 582 2796 pp.
604 2763 679 2795 aug.
705 2763 793 2785 anno
810 2751 881 2783 XII
907 2751 1056 2783 Iohanne
1078 2760 1127 2782 uc.
1152 2749 1289 2782 consule
1306 2761 1324 2785 ς

245 2796 461 2844 ἑξεφωνὴθη
485 2801 571 2843 μηνὶ
597 2798 721 2841 ΐουνίῳ
746 2794 902 2839 ὑπατείᾳ
924 2791 1092 2829 Ἰωάννου
1111 2796 1231 2829 Theod.
1257 2795 1321 2828 dat.

244 2855 331 2878 cons.
357 2844 425 2878 ibo.
446 2842 529 2878 lum
561 2844 627 2877 dat.
651 2854 683 2887 p.
709 2854 735 2877 c.
761 2842 904 2876 bilisarii
928 2841 1028 2884 Iul.w‚
1054 2854 1111 2875 om.
1132 2841 1207 2876 Aeh.
1225 2840 1238 2885 ΙΙ
1257 2840 1321 2873 dat.

244 2891 310 2924 kal.
338 2890 412 2923 Iun.
439 2890 530 2924 malit
553 2889 744 2924 Zachariae
884 2910 888 2915 ·

1439 2479 1454 2510 1
1483 2478 1636 2520 parentes
1660 2476 1729 2510 sint
1751 2476 1797 2518 V]
1824 2475 1893 2519 §tes
1916 2475 1984 2508 scit
2003 2476 2041 2516 12’.
2062 2487 2087 2509 e.
2109 2473 2241 2517 partes?
2262 2474 2395 2516 sanctis)
2418 2487 2436 2507 r
2457 2472 2472 2518 fl

1394 2523 1413 2556 2
1439 2522 1527 2564 quod
1550 2523 1595 2564 V]
1620 2522 1753 2564 quidem
1779 2535 1796 2554 r
1818 2521 1831 2564 ΙΙ
1856 2522 1875 2554 3
1900 2520 2065 2563 manente]
2091 2530 2222 2553 manere
2246 2521 2279 2553 te
2303 2533 2320 2552 r
2336 2518 2349 2563 ΙΙ
2374 2521 2395 2553 4
2418 2528 2471 2552 re-

1392 2567 1548 2609 linquens
1572 2582 1589 2600 r
1605 2567 1618 2612 ΙΙ
1635 2567 1754 2600 herede
1776 2566 1830 2610 Vn
1850 2568 1868 2600 7
1887 2567 1990 2607 nune]
2016 2566 2105 2599 hune
2127 2579 2144 2599 r
2162 2565 2173 2605 ΙΙ
2190 2565 2238 2607 in]
2263 2567 2296 2598 et
2316 2564 2352 2598 in
2371 2565 2471 2598 osen-

1395 2615 1537 2658 briiqqen
1556 2613 1569 2656 ΙΙ
1595 2612 1730 2646 nomine
1755 2625 1773 2645 r
1795 2612 1807 2655 ΙΙ
1838 2613 1857 2645 8
1882 2611 2037 2644 volumus
2061 2624 2119 2644 om.
2145 2624 2161 2644 r
2186 2610 2198 2654 ΙΙ
2227 2610 2394 2651 contingit
2418 2623 2435 2642 r
2456 2609 2469 2655 ΙΙ

1393 2661 1469 2691 ante
1482 2659 1660 2700 quiequam
1675 2667 1799 2701 ponere
1813 2670 1829 2690 r
1846 2656 1859 2701 ΙΙ
1876 2658 1897 2691 9
1907 2657 1956 2689 sic
1970 2656 2058 2689 enim
2072 2656 2238 2697 contingit
2251 2670 2268 2688 r
2284 2655 2296 2699 ΙΙ
2318 2656 2357 2689 12
2369 2654 2429 2687 illa
2442 2657 2470 2697 r]

1392 2703 1468 2737 illas
1489 2703 1546 2747 Vl}
1565 2704 1604 2738 13
1630 2703 1754 2736 Leonis
1780 2715 1837 2735 om.
1863 2715 1880 2735 r
1897 2701 1910 2745 ΙΙ
1935 2701 1995 2734 sub
2019 2711 2079 2734 sua
2103 2703 2131 2742 r]
2155 2700 2208 2733 sui
2230 2701 2281 2734 V⁰
2304 2711 2364 2733 sua
2386 2697 2436 2734 V⁶
2459 2701 2470 2741 ΙΙ

1396 2750 1436 2784 16
1457 2749 1512 2782 uel
1536 2749 1583 2791 V]
1609 2748 1702 2781 aliud
1727 2761 1744 2781 r
1758 2748 1771 2792 ss
1791 2750 1831 2782 17
1847 2746 2069 2780 uindicabunt
2089 2746 2135 2788 V]
2160 2746 2394 2778 uendioabitur
2418 2758 2435 2778 r
2459 2744 2472 2788 ΙΙ

1397 2796 1437 2830 19
1457 2794 1498 2827 ab
1519 2793 1812 2837 interpellantibus
1833 2795 1861 2835 r]
1886 2792 1928 2826 ad
1948 2791 2232 2836 interpellationes
2255 2791 2351 2832 (corr.
2366 2790 2471 2823 inter-

1392 2839 1586 2884 pellatione)
1619 2839 1647 2873 V
1670 2838 1682 2884 ΙΙ

1402 2886 1436 2920 V
1447 2884 1459 2930 ΙΙ
1476 2887 1518 2920 22
1535 2885 1619 2927 legis
1640 2887 1786 2918 nostram
1807 2884 1966 2919 lationem
1983 2897 2000 2916 r
2014 2882 2027 2928 ΙΙ
2055 2883 2096 2917 23
2114 2892 2185 2915 eam
2206 2895 2264 2916 om.
2279 2895 2296 2915 r
2313 2881 2326 2924 ΙΙ
2342 2883 2383 2916 27
2400 2892 2470 2913 mo-

1395 2931 1447 2964 dis
1469 2943 1488 2964 r
1505 2931 1517 2974 ss
1543 2931 1585 2965 29
1609 2933 1729 2964 subscr.
1756 2930 1822 2963 dat.
1847 2940 1925 2962 vm.
1951 2927 1997 2962 kl.
2022 2928 2111 2961 iunii
2135 2926 2368 2970 constantipol.
2391 2927 2467 2959 (1613.

1394 2977 1475 3009 Iust.
1501 2986 1555 3020 pp.
1581 2986 1655 3018 aug.
1682 2987 1769 3009 anno
1794 2974 1873 3010 XII.
1899 2975 1970 3008 Ioh.
1996 2974 2060 3007 uie.
2087 2972 2219 3007 consule
2241 2974 2277 3015 V,
2303 2985 2359 3007 om.
2381 2985 2398 3006 r

1710 2840 1752 2873 20
1768 2839 1831 2871 hoo
1851 2851 1869 2872 r
1891 2838 1904 2882 ΙΙ
1932 2838 1971 2872 21
1990 2836 2206 2870 liberabimur
2229 2838 2257 2878 r]
2289 2836 2471 2869 liberamur
2519 2839 2522 2843 ’
