2618 4010
0 3977 34 4007 μ,
49 3992 71 4010 :⁴¹
85 3979 88 3980 ⁷

195 151 255 182 nn
285 149 556 184 consumans
1264 133 1348 181 503
2080 135 2187 179 Nov.
2219 134 2290 178 CV
2322 137 2358 177 1.
2389 136 2415 176 2

193 251 366 284 τοσοῦτον
388 246 476 284 οἳςτε
494 247 561 292 ἤδη
585 250 638 292 τῷ
657 247 794 292 πλήθει
817 253 876 283 καὶ
891 250 1114 294 μισηθῆναι·
1145 249 1185 283 ἐν
1199 246 1270 295 γὰρ
1338 250 1494 291 tantum,
1531 250 1572 284 ut
1604 247 1676 283 iam
1710 247 1846 301 populo
1880 247 1988 282 etiam
2022 246 2154 282 odibile
2187 246 2251 282 sit:
2287 245 2325 280 in
2359 244 2415 280 his

192 297 266 330 τοῖς
277 298 440 330 σπανίως
449 296 648 341 γινομένοις
664 294 707 328 τὸ
721 294 1008 350 θαυμαζόμενόν
1020 296 1130 328 ἐστιν.
1154 293 1273 327 ταῦτα
1341 292 1433 327 enim
1463 303 1555 338 quae
1585 302 1668 329 raro
1699 292 1790 327 hunt
1823 292 2030 327 miraculum
2061 295 2127 327 est.
2174 291 2272 327 Haec
2294 290 2416 335 itaque

191 342 259 384 μὲν
289 334 352 374 οὖν
375 338 553 386 προφάσει
587 340 647 382 τῆς
670 337 844 384 ὑπατικῆς
875 342 962 385 ημῖν
983 342 1183 387 γέγραπται
1214 340 1275 372 καὶ
1344 337 1387 373 de
1411 338 1661 375 consularibus
1689 346 1712 373 a
1734 337 1838 373 nobis
1862 338 1996 382 scripta
2018 339 2055 372 et
2078 337 2310 373 determinata
2332 337 2416 372 sunt

193 383 446 433 περιίσταλται
468 382 640 428 δαπάνης.
1338 383 1514 427 expensis.

1187 470 1345 508 CAPUT
1368 472 1415 508 Π.

258 530 305 564 Εἰ
336 527 375 564 δὲ
406 533 467 564 καὶ
495 531 657 576 γαμετὴν
689 528 708 566 6
734 527 929 566 ὑπατεύων
960 531 1050 572 ἔχοι,
1082 526 1271 574 διώρισται
1306 531 1326 563 5
1395 528 1434 564 Si
1464 530 1583 564 autem
1613 528 1719 564 etiam
1751 536 1899 563 uxorem
1930 527 2057 563 consul
2087 527 2234 571 habeat,
2270 525 2416 562 definita

193 571 281 620 παρ’
307 571 411 618 ἡμῶν
442 579 502 609 καὶ
532 576 574 611 τὸ
605 578 667 620 τῆς
690 579 771 622 περὶ
796 573 911 619 αὐτὴν
932 578 1064 621 μέτρον
1088 571 1268 616 δαπάνης·
1339 575 1395 609 est
1429 583 1452 608 a
1486 573 1590 609 nobis
1626 575 1662 608 et
1697 572 1793 608 circa
1827 571 1924 607 illam
1959 581 2196 617 expensarum
2228 581 2413 608 mensura:

193 618 247 654 δεῖ
268 619 338 667 γὰρ
362 619 627 655 συναπολαύειν
655 625 714 655 καὶ
738 621 870 656 ταύτας
891 621 954 664 τῆς
976 620 1040 654 τοῦ
1064 619 1270 654 συνοικοῦν-
1339 619 1440 655 decet
1470 619 1564 654 enim
1595 617 1667 653 frui
1699 628 1760 654 eas
1793 620 1828 652 et
1862 617 2022 662 coniugis
2048 617 2220 653 claritate.
2268 616 2307 652 Si
2331 626 2415 652 vero

192 676 250 699 τος
285 664 544 710 λαμπρότητος.
592 667 623 700 εἰ
659 665 698 701 δὲ
732 669 792 700 καὶ
826 663 868 700 οὗ
904 668 1084 707 συνοικοίη
1116 667 1269 710 γυναικί,
1338 674 1411 699 non
1442 665 1630 709 copulatus
1660 662 1741 709 (sit)
1771 662 1892 705 uxorL
1923 663 1979 698 his
2011 666 2069 698 sat
2100 666 2171 705 est,
2202 662 2271 697 nisi
2301 665 2416 696 mater

191 710 341 755 περιττὰ
370 711 417 744 τὰ
442 712 629 754 ἐντεῦθεν,
659 711 755 755 πλὴν
778 712 809 745 εί
829 711 947 756 μήτηρ
968 706 1068 752 αὐτῷ
1089 707 1270 751 καθεστή-
1338 709 1415 744 eius
1440 708 1613 744 consistat
1643 708 1714 743 iam
1739 707 1947 743 consulatus
1978 708 2084 752 digna
2115 709 2151 743 et
2179 707 2278 752 prius
2302 707 2414 742 hono-

192 768 247 789 κοι
278 753 346 798 ἤδη
376 757 420 803 τῇ
450 757 512 799 τῆς
536 754 708 791 ὑπατείας
732 754 816 799 ἀξίᾳ
848 758 908 789 καὶ
937 754 1106 800 πρόσθεν
1127 766 1270 798 τετιμη-
1286 755 1325 787 10
1338 757 1433 797 rata,
1458 756 1495 789 et
1513 754 1598 789 velit
1614 763 1693 788 eam
1716 762 1789 789 una
1808 753 1881 788 frui
1901 762 2022 788 secum
2042 753 2232 788 schemate.
2280 751 2329 786 Et
2346 751 2416 786 hoc

192 803 291 845 με’νη,
316 803 375 834 καὶ
398 800 566 845 βούλοιτό
590 815 630 849 γε
656 799 770 845 αὐτὴν
789 799 1061 836 συναπολαῦσαι
1085 795 1184 833 αὑτῶ
1206 800 1270 833 τοῦ
1338 800 1376 834 in
1399 800 1476 834 sola
1497 802 1610 834 matre
1634 799 1864 844 praebemus,
1889 798 1962 833 alia
1985 808 2066 834 vero
2090 808 2163 833 non
2187 797 2416 833 decorabitur

193 843 380 889 σχήματος.
427 850 487 880 καὶ
518 849 626 881 τοῦτο
656 846 723 894 γὰρ
755 848 815 882 ἐπὶ
845 843 939 892 μόνῃ
974 847 1082 891 μητρὶ
1117 842 1155 878 δί
1177 857 1269 885 οται,
1338 844 1465 879 mulier
1495 845 1638 889 penitus
1671 846 1815 889 praeter
1848 843 2032 888 coniugem
2066 846 2101 878 et
2131 847 2298 884 matrem,
2333 841 2415 876 illae

193 891 297 936 ἑτέρα
331 889 371 924 δὲ
405 888 446 925 ού
481 890 693 926 καθεδεῖται
733 891 822 938 γυνὴ
859 888 1045 926 παντελῶς
1080 889 1175 933 πλὴν
1209 890 1270 932 τῆς
1338 889 1479 934 quidem
1496 889 1659 924 omnibus
1675 889 1801 931 modis,
1823 889 1988 933 quoniam
2004 898 2133 924 uxores
2155 888 2417 923 concoruscant

193 936 423 979 συνοικούσης
444 935 468 980 ἢ
491 939 552 980 τῆς
574 950 647 981 μητ
669 936 724 979 ός,
748 938 810 980 τῆς
831 938 900 982 μὲν
921 934 1070 971 πάντως
1084 954 1128 959 -
1145 932 1269 976 ἐπειδὴ
1337 935 1446 970 radiis
1479 934 1687 970 maritorum
1717 934 1788 970 hoc
1818 934 1895 978 lege
1925 934 2051 978 dante,
2086 936 2219 968 matres
2249 943 2349 975 vero,
2385 931 2416 967 si

193 981 261 1027 γὰρ
293 980 333 1015 αἱ
359 985 511 1027 γαμεταὶ
542 994 647 1017 συνεκ
669 982 828 1025 άμπουσι
856 983 933 1016 ταῖς
959 981 1037 1014 τῶν
1066 977 1269 1014 συνοικούν-
1286 981 1325 1012 15
1340 980 1466 1015 consul
1496 980 1566 1015 hoc
1598 979 1767 1023 voluerit3
1803 989 1886 1014 nam
1917 989 2032 1024 neque
2062 978 2137 1014 filia
2167 988 2283 1023 neque
2314 987 2417 1013 soror

192 1039 269 1060 των
299 1023 435 1069 ἀκτῖσι,
465 1029 574 1061 τοῦτο
604 1024 726 1061 αὐταῖς
756 1029 821 1061 τοῦ
849 1025 961 1070 νόμον
993 1022 1191 1059 δεδωκότος
1218 1045 1270 1065 -,
1338 1024 1444 1067 forte,
1468 1036 1541 1060 non
1564 1035 1655 1060 uxor
1677 1025 1757 1067 filii,
1784 1028 1819 1059 et
1834 1025 1946 1060 multo
1966 1024 2077 1068 magis
2101 1023 2132 1059 si
2150 1034 2216 1059 nec
2233 1023 2415 1069 pertinens

192 1073 255 1115 τῆς
269 1072 402 1116 μητρὸς
418 1070 471 1114 δέ,
497 1072 596 1118 εἴπερ
612 1071 631 1106 6
651 1069 845 1107 ὑπατεύων
863 1072 970 1106 τοῦτο
986 1069 1200 1115 βουληθείη·
1225 1066 1267 1104 οὗ
1338 1070 1385 1105 ad
1407 1080 1519 1114 genus
1543 1069 1608 1105 sit:
1647 1070 1717 1105 hoc
1742 1070 1833 1105 enim
1865 1072 1901 1105 et
1931 1079 2020 1114 pure
2043 1069 2203 1105 illicitum
2228 1069 2413 1104 existebat.

194 1116 361 1164 θὐγατὴρ
393 1114 447 1159 δέ,
483 1115 548 1151 οὐκ
579 1115 715 1163 ἀδελφὴ
746 1117 866 1160 τυχόν,
898 1113 938 1151 οὗ
962 1116 1098 1162 γαμετὴ
1128 1113 1269 1157 παιδός,

193 1165 253 1195 καὶ
284 1161 406 1204 πολλῷ
437 1161 576 1206 μᾶλλον
606 1163 636 1196 εἰ
667 1160 758 1206 μηδὲ
788 1162 1010 1209 προςήκουσα
1043 1159 1136 1195 κατὰ
1171 1163 1270 1204 γένος

194 1208 263 1251 εἴη·
294 1209 402 1241 τοῦτο
421 1207 489 1254 γὰρ
513 1206 556 1251 δὴ
580 1211 640 1241 καὶ
660 1207 834 1252 καθαρῶς
858 1206 997 1249 ἄτοπον
1021 1206 1223 1252 ἐτύγχανεν.
1283 1205 1324 1239 20

194 1255 215 1289 1
268 1252 313 1286 Τὸ
339 1250 378 1286 δὲ
397 1250 622 1298 διαρρίπτειν
645 1254 685 1286 ἐν
708 1256 785 1286 ταῖς
808 1252 902 1287 ἑπτὰ
932 1250 1079 1286 ταύταις
1102 1248 1271 1296 προόδοις
1337 1250 1358 1285 1
1406 1248 1581 1293 Spargere
1604 1250 1723 1284 autem
1747 1248 1784 1283 in
1801 1250 1937 1294 septem
1960 1248 2016 1283 his
2040 1247 2328 1294 processionibus
2350 1257 2414 1292 po-

192 1299 246 1341 τῷ
272 1295 374 1341 δήμῳ
406 1298 475 1332 τὸν
506 1294 735 1333 ὑπατεύοντα
765 1297 912 1332 κάλλιον
941 1296 1038 1340 ἡμεῖς
1069 1294 1203 1341 διορίζο
1231 1309 1270 1329 εν
1338 1294 1421 1339 pulo
1446 1294 1629 1328 consulem
1660 1293 1785 1329 melius
1806 1304 1871 1329 nos
1896 1293 2171 1338 designavimus,
2203 1293 2296 1328 sicut
2318 1292 2415 1327 Mar·

192 1341 214 1385 ἢ
238 1341 409 1388 καθάπερ
441 1339 462 1386 ἦ
488 1344 699 1388 Μαρκιανοῦ
730 1345 793 1376 τοῦ
824 1344 887 1386 τῆς
911 1343 1015 1377 θἐίας
1037 1340 1169 1385 λήξεως
1216 1341 1269 1374 ιά-
1340 1339 1434 1374 ciani
1458 1338 1559 1374 divae
1590 1339 1780 1374 memoriae
1810 1339 2017 1374 constitutio
2041 1339 2137 1374 dicit.
2186 1338 2252 1373 Illa
2275 1337 2415 1382 quidem

193 1388 291 1429 ταξις
322 1387 423 1434 λέγει.
471 1384 493 1430 ἡ
515 1390 583 1433 μὲν
612 1388 683 1435 γὰρ
706 1385 839 1423 ἀπεῖπε
868 1391 1051 1422 παντοίως
1076 1386 1269 1432 φιλοτιμεῖ-
1339 1384 1528 1428 abnegavit
1552 1384 1693 1419 omnino
1717 1383 2013 1427 munificentiam,
2037 1394 2104 1419 nos
2127 1387 2246 1419 autem
2270 1383 2415 1428 corrigi-

193 1433 297 1474 σθαι,
328 1431 426 1477 ἡμεῖς
457 1431 497 1467 δὲ
520 1432 634 1477 αὐτὴν
665 1434 944 1479 ἐπανορθοῦμεν
974 1432 1016 1466 τὸ
1045 1432 1194 1479 πρᾶγμα
1225 1433 1268 1478 τῇ
1285 1433 1326 1465 25
1338 1441 1417 1465 mus
1452 1439 1548 1471 eam,
1589 1439 1737 1464 causam
1770 1429 1952 1464 voluntate
1993 1429 2067 1464 eius
2108 1429 2169 1474 qui
2208 1428 2416 1464 consulatus

192 1478 318 1525 γνώμῃ
349 1479 414 1512 τοῦ
445 1478 514 1522 τὴν
542 1475 684 1513 ὕπατον
716 1479 858 1521 ἔχοντος
888 1475 1126 1512 ἀνατιθέντες
1149 1476 1268 1521 τιμήν.
1338 1476 1447 1510 habet
1469 1475 1639 1510 honorem
1662 1474 1900 1519 disponentes.
1949 1474 2028 1509 Sive
2049 1474 2140 1509 enim
2159 1474 2249 1509 nihil
2264 1473 2418 1509 voluerit

192 1523 263 1557 εἴτε
285 1522 356 1569 γὰρ
379 1520 470 1570 μηδζ
487 1522 611 1558 ὁτιοῦν
634 1524 831 1567 βουληθείη
855 1524 1008 1570 ῥίπτειν,
1033 1520 1096 1557 οὐκ
1112 1520 1268 1569 ἀναγκά-
1339 1530 1519 1566 spargere,
1551 1531 1624 1555 non
1648 1521 1817 1564 cogimus,
1850 1521 1922 1555 sive
1945 1530 2069 1555 rursus
2093 1519 2212 1555 venire
2244 1519 2325 1565 (ad>
2347 1518 2416 1554 hoc

193 1570 311 1612 ζομεν,
335 1568 406 1602 εἴτε
423 1569 532 1603 αὐθις
548 1568 672 1603 ἐλθεῖν
695 1570 743 1603 εἰς
765 1570 872 1603 τοῦτο
895 1568 1091 1623 βουληθείη
1115 1572 1175 1601 καὶ
1197 1571 1270 1602 τοῖς
1339 1566 1491 1602 voluerit
1514 1569 1550 1601 et
1574 1576 1618 1600 ex
1633 1570 1780 1609 argento
1804 1565 2010 1601 muneribus
2034 1565 2212 1600 honorare
2232 1564 2415 1609 populum,

192 1613 231 1653 ἐξ
261 1610 416 1669 ἀργύρου
445 1611 573 1669 δώροις
603 1615 755 1669 τιμῆσαι
783 1614 849 1649 τὸν
882 1613 1008 1657 δῆμον,
1044 1611 1128 1648 ουδὲ
1162 1614 1269 1647 τοῦτο
1338 1622 1404 1647 nec
1434 1611 1503 1646 hoc
1527 1611 1780 1646 interdicimus.
1829 1610 1911 1646 Non
1941 1613 2062 1645 tamen
2092 1620 2219 1645 aurum
2249 1618 2416 1654 spargere

131 1673 134 1677 ·
191 1656 471 1704 ἄπαγορευομεν.
518 1673 560 1693 ου
589 1674 661 1703 μην
692 1663 838 1705 χρυσίον
868 1660 1010 1713 ῥίπτειν
1040 1661 1195 1705 ἐφίεμεν,
1227 1655 1269 1691 οὐ
1284 1659 1324 1691 30
1339 1657 1502 1698 sinimus,
1533 1666 1605 1691 non
1628 1656 1775 1691 minoris
1798 1656 1966 1698 alicuius,
1997 1666 2070 1691 non
2092 1655 2236 1691 maioris
2260 1655 2415 1696 omnino,

189 1707 398 1758 μικροτέρου
421 1704 519 1739 τινὸς
542 1701 626 1738 οὐδὲ
647 1706 807 1746 μείζονος
830 1701 921 1739 ὅλως
949 1718 971 1747 η
1002 1707 1111 1747 μέσου
1138 1704 1267 1751 χαράγ-
1339 1713 1411 1737 non
1442 1702 1548 1737 medii
1579 1701 1797 1736 characteris
1829 1704 1892 1736 aut
1913 1701 2100 1746 ponderis,
2133 1700 2196 1736 sed
2218 1703 2416 1744 argentum,

189 1760 301 1793 ματος
323 1763 344 1791 η
377 1750 559 1794 σταθμοῦ,
592 1747 683 1783 ἀλλὰ
708 1750 874 1796 ἄργυρον,
905 1749 1078 1796 καθάπερ
1110 1749 1271 1784 εἰπόντες
1339 1746 1446 1782 sicuti
1466 1747 1717 1791 praediximus,
1742 1747 1868 1782 solum.
1908 1748 2047 1782 Aurum
2063 1746 2156 1781 enim
2176 1755 2340 1791 spargere
2359 1755 2415 1780 re-

190 1794 368 1839 ἔφθημεν,
391 1794 517 1839 μόνον.
555 1795 599 1829 τὸ
616 1797 682 1839 μὲν
697 1795 767 1842 γὰρ
788 1799 848 1828 καὶ
869 1799 1017 1841 χρυσίον
1040 1793 1270 1840 διαρρίπτειν
1338 1793 1500 1828 volvatur
1521 1792 1683 1837 imperio,
1715 1792 1774 1828 cui
1805 1792 1873 1827 soli
1901 1792 2009 1827 etiam
2040 1801 2167 1826 aurum
2191 1796 2417 1826 contemnere

190 1837 354 1873 ἀνείσθω
378 1841 424 1887 τῇ
447 1839 629 1884 βασιλείᾳ,
653 1841 746 1884 ἥπερ
777 1842 871 1885 μόνη
907 1844 966 1874 καὶ
997 1844 1141 1886 χρυσίου
1174 1852 1271 1886 περι·
1339 1840 1501 1883 praestat
1532 1837 1699 1872 fortunae
1728 1837 1929 1882 fastigium3
1969 1841 2154 1882 argentum
2185 1846 2286 1880 vero,
2321 1836 2417 1880 quod

191 1887 337 1931 φρονεῖν
353 1882 372 1918 6
391 1886 453 1929 τῆς
475 1886 578 1929 τύχης
602 1884 754 1920 δίδωσιν
778 1878 897 1932 ὄγκος·
922 1884 1069 1932 ἄργυρος
1086 1883 1125 1919 δὲ
1141 1883 1160 1918 6
1178 1882 1269 1928 μετὰ
1282 1886 1324 1918 35
1338 1894 1421 1918 mox
1444 1886 1526 1928 post
1549 1893 1676 1917 aurum
1699 1883 1992 1928 pretiosissimum
2015 1882 2077 1917 fiet
2100 1884 2136 1917 et
2158 1881 2239 1917 aliis
2260 1881 2415 1917 consuli-

190 1928 322 1984 749120622
349 1927 459 1965 εὐθὺς
481 1930 699 1974 τιμιώτατος
720 1933 861 1977 γένοιτο
891 1929 937 1965 ἂν
965 1934 1026 1964 καὶ
1055 1934 1127 1964 τοῖς
1151 1929 1271 1964 ἄλλοις
1337 1930 1406 1964 bus
1430 1928 1577 1972 largitas
1601 1929 1742 1964 decens.
1789 1928 1866 1963 Hoc
1894 1928 2042 1963 sinimus
2073 1937 2134 1963 eos
2163 1936 2331 1972 spargere
2361 1926 2415 1973 <in

191 1973 342 2010 υπάτοις
366 1975 550 2021 φιλοτιμία
575 1979 770 2021 πρέπουσα.
817 1978 948 2010 τοῦτον
971 1977 1116 2022 ἐφίεμεν
1141 1973 1269 2009 αὐτούς
1337 1974 1410 2019 his>
1434 1984 1524 2018 quae
1541 1976 1713 2009 vocantur
1736 1973 1923 2009 miliarisia
1945 1973 2038 2008 etin
2058 1971 2157 2007 melis
2180 1975 2216 2007 et
2238 1973 2275 2007 in
2293 1972 2415 2007 caucis

192 2022 335 2067 ῥίπτειν
358 2021 398 2054 ἔν
418 2034 457 2054 τε
480 2024 553 2055 τοῖς
572 2021 799 2065 καλουμένοις
822 2021 1059 2066 μιλιαρησίοις
1074 2024 1135 2055 καὶ
1151 2019 1275 2064 μήλοις

191 2098 378 2145 splendide
402 2098 676 2139 exhibebuntur,
700 2109 815 2144 neque
838 2103 956 2134 tamen
979 2099 1018 2133 in
1041 2102 1178 2133 tantum
1201 2102 1243 2132 ut
1264 2098 1347 2143 ipsa
1369 2095 1600 2132 multitudine
1623 2095 1739 2131 invisa
1759 2096 1873 2140 fiant:
1902 2106 1986 2130 nam
2010 2106 2104 2141 quae
2126 2106 2215 2131 raro
2238 2095 2416 2138 eveniunt,

192 2144 465 2179 admirationem
489 2143 620 2179 habere
643 2143 767 2178 solent.
815 2143 918 2179 Haec
940 2143 1053 2189 iyitur
1075 2142 1320 2178 consularium
1344 2151 1588 2187 expensarum
1613 2140 1757 2176 nomine
1789 2151 1812 2175 a
1843 2140 1946 2175 nobis
1967 2140 2105 2186 scripta
2128 2143 2214 2175 sunt
2242 2145 2278 2176 et
2299 2140 2412 2176 deter=

192 2189 338 2224 minata.

327 2233 373 2268 II.
423 2232 466 2268 Si
493 2238 612 2268 autem
642 2243 796 2268 uxorem
827 2233 956 2267 consul
986 2231 1134 2272 habeat,
1168 2232 1276 2266 etiam
1298 2230 1338 2265 in
1361 2241 1405 2265 ea
1428 2240 1672 2276 expensarum
1696 2229 1824 2265 modus
1855 2241 1878 2264 a
1909 2230 2013 2265 nobis
2035 2229 2205 2274 delinitus
2226 2234 2298 2266 est.-
2331 2241 2415 2265 nam

194 2278 278 2314 illas
301 2288 444 2323 quoque
465 2278 659 2324 splendore
682 2277 847 2322 coniuqis
870 2288 944 2312 una
964 2277 1048 2328 frui
1064 2280 1219 2322 oportet.
1269 2274 1335 2310 Sin
1352 2274 1464 2310 uxori
1487 2275 1631 2309 iunctus
1653 2285 1724 2309 non
1739 2275 1797 2316 sit,
1820 2285 2091 2320 supervacanea
2111 2280 2194 2309 sunt
2219 2285 2313 2320 quae
2333 2275 2416 2310 inde

189 2326 384 2370 petuntur:
413 2328 672 2369 praeterquam
694 2323 727 2357 si
746 2322 779 2357 ei
802 2326 917 2356 mater
938 2326 986 2357 stt
1009 2332 1103 2366 quae
1127 2320 1335 2356 consulatus
1358 2319 1535 2365 diqnitate
1558 2320 1630 2354 iam
1648 2320 1754 2365 prius
1784 2319 1966 2354 honorata
1988 2319 2124 2363 fuerit,
2159 2330 2311 2365 eamque
2332 2320 2416 2356 velit

195 2368 318 2404 eadem
343 2367 553 2403 condicione
575 2377 694 2403 secum
715 2366 807 2412 frui.
857 2366 950 2401 Nam
970 2366 1039 2402 hoc
1059 2377 1203 2412 quoque
1224 2366 1262 2400 in
1277 2365 1356 2399 sola
1380 2369 1496 2399 matre
1519 2364 1553 2399 ei
1576 2363 1808 2405 conceditur;
1831 2363 1907 2398 alia
1925 2374 2009 2398 vero
2028 2363 2156 2398 mulier
2177 2365 2322 2400 omnino
2341 2376 2414 2400 non

195 2413 363 2449 assidebit
395 2416 550 2458 excepta
581 2413 689 2447 coniu
716 2423 735 2446 e
766 2415 830 2446 aut
853 2415 985 2452 matre,
1017 2411 1083 2446 illa
1107 2411 1249 2456 quidem
1273 2408 1436 2444 omnibus
1458 2408 1574 2444 modis
1604 2410 1754 2455 (quippe
1782 2419 1861 2443 cum
1889 2419 2027 2443 uxores
2057 2419 2132 2443 una
2159 2409 2416 2445 collustrentur

195 2458 309 2494 radiis
332 2457 554 2499 maritorum,
587 2457 619 2492 le
646 2468 665 2492 e
688 2423 757 2492 {oc
780 2456 826 2491 iis
848 2456 1088 2498 concedente),
1117 2460 1232 2490 matre
1255 2458 1391 2495 autem,
1423 2453 1456 2488 si
1479 2453 1607 2488 consul
1629 2452 1698 2488 hoc
1720 2453 1893 2489 voluerit:
1926 2464 1991 2488 nec
2014 2464 2097 2489 vero
2117 2453 2197 2498 filia
2220 2465 2286 2490 nec
2308 2465 2416 2490 soror

195 2514 309 2549 neque
333 2513 431 2538 uxor
448 2502 535 2548 filii,
567 2468 734 2538 velqadeo
757 2503 792 2536 si
813 2512 907 2547 quae
927 2512 1007 2536 eum
1030 2511 1075 2536 ne
1098 2501 1256 2543 attinqat
1279 2498 1421 2545 quidem
1443 2509 1592 2544 qenere:
1624 2497 1664 2532 id
1685 2499 1777 2533 enim
1801 2498 1995 2543 manifesto
2016 2498 2211 2534 absurdum
2233 2499 2346 2545 foret.

196 2552 217 2585 1
269 2547 314 2584 Ut
337 2552 455 2583 autem
477 2553 631 2593 sparqat
649 2546 790 2592 populo
815 2546 944 2582 consul
971 2546 1008 2580 in
1031 2551 1165 2592 septem
1189 2544 1261 2580 illis
1282 2542 1592 2596 processionibus,
1623 2543 1663 2578 id
1684 2543 1810 2579 melius
1840 2554 1908 2578 nos
1936 2543 2125 2587 definimus
2156 2554 2265 2590 quam
2293 2555 2413 2590 quem-

195 2593 389 2629 admodum
413 2591 597 2627 Marciani
625 2592 729 2628 divae
756 2592 950 2627 memoriae
981 2591 1191 2626 constitutio
1223 2590 1320 2625 dicit.
1369 2587 1442 2623 Illa
1473 2588 1566 2623 enim
1597 2587 1732 2634 larqiri
1759 2589 1904 2623 omnino
1936 2589 2062 2630 vetuit,
2097 2599 2165 2624 nos
2187 2594 2305 2625 autem
2335 2601 2414 2626 eam

195 2639 423 2675 emendamus
446 2642 521 2673 nm
544 2637 722 2673 voluntati
745 2638 822 2672 eius
845 2637 910 2682 qui
931 2636 1138 2671 consulatus
1168 2634 1341 2670 honorem
1370 2633 1477 2669 nabet
1499 2634 1767 2669 committentes.
1815 2632 1898 2668 Sive
1919 2633 2012 2668 enim
2043 2633 2200 2669 noluerit
2222 2635 2415 2681 quicquam

194 2695 381 2730 sparqere,
405 2694 479 2718 non
502 2683 663 2728 coqimus
686 2693 776 2723 eum,
801 2682 875 2716 sive
897 2692 1026 2716 rursus
1048 2680 1199 2716 voluerit
1223 2679 1272 2715 ad
1292 2678 1360 2714 hoc
1377 2678 1546 2714 accedere
1569 2682 1678 2724 atque
1693 2678 1798 2714 donis
1820 2679 2001 2729 arqenteis
2022 2679 2200 2725 populum
2220 2681 2414 2722 honorare,

195 2741 240 2764 ne
263 2728 332 2764 hoc
354 2728 495 2774 quidem
555 2727 766 2763 rohibemus.
816 2726 891 2762 Nec
915 2737 999 2762 vero
1028 2736 1158 2761 aurum
1188 2734 1362 2771 sparqere
1386 2723 1646 2769 permittimus,
1680 2734 1795 2769 neque
1825 2723 1974 2758 mznoris
2005 2723 2115 2759 ullius
2146 2735 2262 2770 neque
2291 2725 2416 2770 utique

195 2774 344 2809 maioris
368 2778 433 2808 aut
454 2784 509 2808 me
534 2773 563 2808 ii
584 2773 683 2819 siqui
704 2776 768 2807 aut
785 2771 974 2818 ponderis,
997 2771 1061 2806 sed
1084 2776 1283 2815 arpentum,
1307 2769 1364 2804 uti
1381 2768 1487 2803 modo
1508 2767 1679 2810 diximus,
1702 2768 1827 2803 solum.
1879 2767 1972 2802 Nam
1992 2779 2121 2803 aurum
2146 2779 2288 2815 quoque
2309 2781 2414 2816 spar-

195 2830 280 2866 qere
310 2819 525 2864 imperatori
545 2821 758 2860 reservetur,
791 2817 848 2852 cui
872 2816 928 2852 vel
948 2817 1019 2852 soli
1045 2826 1174 2851 aurum
1206 2818 1429 2850 contemnere
1458 2813 1634 2858 fortunae
1666 2813 1860 2859 fastiqium
1882 2813 2069 2855 concedit,·
2103 2819 2294 2860 arpentum
2317 2826 2414 2857 vero,

196 2863 294 2910 quod
323 2862 430 2899 modo
456 2867 544 2909 post
574 2873 702 2898 aurum
724 2862 1026 2908 pretiosissimum
1058 2865 1127 2902 est,
1167 2860 1274 2896 etiam
1306 2858 1433 2894 ceteris
1465 2857 1671 2893 consulibus
1700 2858 1867 2894 idoneum
1898 2858 2025 2894 evadet
2058 2859 2108 2894 ad
2138 2859 2415 2905 munificentiam

195 2908 464 2956 praestandam.
513 2907 595 2943 Hoc
629 2909 674 2943 iis
705 2918 879 2953 sparqere
914 2906 1141 2941 concedimus
1176 2909 1212 2941 et
1245 2905 1284 2939 in
1313 2901 1578 2938 miliarensibus
1611 2913 1705 2949 quae
1739 2907 1915 2939 vocantur
1948 2907 1985 2939 et
2017 2903 2118 2939 melis
2154 2908 2190 2939 et
2225 2905 2347 2940 caucis
2380 2910 2416 2940 et

235 3001 434 3033 2σπανίοις
444 2998 703 3043 γενομένοιςῌ]
717 3000 736 3031 5
750 2993 938 3041 διώρισται
951 2995 1038 3037 κτλ.]
1053 2999 1085 3029 et
1097 2996 1137 3028 de
1150 3006 1271 3038 expen-
1342 2995 1362 3027 9
1387 2993 1543 3025 consistat
1566 2994 1615 3025 ed.
1637 2994 1703 3036 pr.]
1740 2995 1868 3026 constat
1901 2994 1993 3034 libri,
2025 2994 2109 3035 vulg).
2139 2993 2152 3036 ΙΙ
2181 2993 2356 3027 consulatu
2387 2995 2420 3028 V

198 3044 243 3076 sis
259 3045 330 3076 eius
347 3046 534 3085 competens
552 3042 729 3084 descriptio
746 3042 833 3074 facta
846 3044 893 3074 est
905 3042 1037 3085 Iul.(qf.
1052 3043 1098 3074 ad
1110 3040 1265 3083 507,2e)1
1341 3040 1427 3081 vuly.
1457 3038 1469 3080 ΙΙ
1496 3038 1601 3080 prius]
1635 3037 1781 3080 propriis
1809 3037 1888 3071 VT2
1917 3037 1930 3081 ΙΙ
1958 3040 1998 3071 10
2023 3040 2105 3079 eam]
2141 3048 2179 3071 ea
2206 3039 2244 3080 V,
2269 3052 2326 3072 om.
2353 3040 2386 3072 T
2403 3038 2416 3084 11

198 3091 218 3122 9
243 3087 394 3132 περιττὰ
417 3086 462 3120 τὰ
486 3086 673 3127 ἐντεῦθεν]
697 3087 749 3119 his
772 3090 822 3119 sat
845 3090 892 3119 est
916 3098 935 3122 ς
952 3087 964 3129 ΙΙ
988 3084 1101 3127 αὐτῷ]
1127 3086 1197 3118 eius
1220 3097 1239 3121 ς
1261 3085 1266 3128 Ι
1341 3083 1401 3115 uni
1432 3082 1488 3125 Vss
1516 3083 1556 3116 12
1581 3082 1779 3123 coniugnem
1801 3083 1833 3115 Τ
1841 3082 1852 3102 ¹
1869 3082 1882 3125 ΙΙ
1910 3084 1950 3116 13
1974 3083 2086 3114 uxoris
2108 3083 2219 3116 R¹V¹
2242 3083 2255 3126 u
2280 3094 2414 3116 concor-

201 3136 240 3167 10
257 3133 314 3178 τῇ]
339 3132 406 3174 τὴν
429 3134 579 3173 (erasum)
602 3133 634 3164 L
661 3132 673 3175 ΙΙ
702 3128 856 3165 ὑπατίας
880 3132 925 3164 Μ
943 3131 955 3174 Η
983 3129 1065 3171 ἄξια
1091 3132 1121 3164 L
1147 3132 1158 3171 11
1181 3142 1273 3163 τετι-
1340 3130 1474 3162 ruscant
1497 3128 1531 3160 R
1565 3130 1757 3160 corruscant
1780 3127 1860 3160 VT²
1894 3130 2069 3160 coruscant
2093 3128 2241 3170 T¹vul9.
2267 3128 2280 3172 ΙΙ
2310 3130 2351 3163 14
2374 3129 2414 3170 si]

196 3180 346 3221 μημένη]
382 3175 428 3210 τοὶ
460 3176 643 3220 τιμήματα
669 3177 718 3210 L⁰
746 3176 758 3220 ΙΙ
792 3179 828 3211 11
864 3172 963 3209 αὐτῶ
990 3177 1068 3209 ML
1097 3176 1109 3219 ΙΙ
1143 3177 1182 3209 12
1205 3174 1274 3220 γὰρ
1340 3174 1383 3206 sit
1403 3173 1454 3205 V¹
1470 3174 1482 3215 ΙΙ
1504 3174 1542 3206 17
1568 3172 1610 3204 ad
1632 3182 1714 3214 gens
1738 3172 1786 3204 R¹
1820 3182 1920 3214 agens
1945 3173 1978 3205 T
1990 3172 2003 3215 ΙΙ
2019 3173 2099 3204 haec
2123 3173 2156 3205 R
2172 3173 2185 3215 ΙΙ
2209 3174 2248 3207 21
2275 3175 2335 3206 aut
2355 3174 2416 3215 Vn

198 3237 256 3257 om.
280 3235 298 3259 ς
315 3223 327 3266 ΙΙ
345 3219 496 3262 δίδοται]
520 3222 714 3265 praebemus
738 3233 756 3257 ς
781 3223 813 3262 (ι’.
829 3235 854 3255 ε.
876 3217 1036 3263 δίδομεν)
1062 3232 1081 3256 ς
1105 3220 1118 3265 ΙΙ
1147 3222 1188 3254 14
1212 3221 1275 3262 τῆς
1342 3220 1384 3252 22
1408 3228 1474 3250 non
1501 3218 1549 3250 Τι
1576 3217 1589 3259 ΙΙ
1619 3218 1718 3258 sicut]
1754 3227 1852 3258 quam
1876 3217 1962 3249 sicut
1985 3217 2071 3260 vulq.
2099 3217 2112 3259 ss
2140 3217 2303 3250 martiane
2328 3218 2373 3251 T¹
2403 3217 2416 3262 ΙΙ

197 3269 264 3312 μὲν
277 3269 334 3308 M]
358 3268 403 3313 τῇ
423 3268 490 3310 μὲν
514 3268 544 3300 L
557 3268 643 3311 vuly.
662 3267 674 3310 ΙΙ
695 3269 734 3300 15
757 3266 826 3312 γὰρ
851 3279 908 3299 om.
927 3278 945 3302 ς
961 3266 974 3309 ΙΙ
994 3267 1035 3300 16
1059 3262 1177 3299 αὐτοῖς
1202 3266 1244 3298 Μ
1342 3265 1385 3297 24
1398 3263 1544 3295 omnino
1568 3262 1748 3304 abnegauit
1770 3262 1804 3294 R
1833 3261 1846 3306 ΙΙ
1872 3261 2152 3303 magnificentiam
2171 3262 2205 3295 V
2221 3262 2414 3296 munificen-

200 3315 239 3348 17
266 3313 353 3355 *τῆς
376 3311 517 3357 μητρὸς]
540 3312 585 3357 τῇ
609 3313 717 3356 μητρὶ
743 3313 818 3345 libri
833 3311 845 3355 ΙΙ
871 3313 912 3345 20
936 3310 1110 3357 καθαρῶς
1134 3323 1190 3343 om.
1208 3311 1240 3343 L
1340 3309 1389 3341 tia
1415 3309 1446 3341 T
1458 3307 1471 3351 11
1496 3306 1700 3348 corrigamus
1723 3307 1794 3340 ΕΤ
1813 3306 1826 3351 ΙΙ
1853 3308 1895 3341 25
1920 3306 2108 3340 consolatus
2130 3306 2178 3341 V¹
2201 3307 2214 3351 11
2239 3309 2281 3342 26
2305 3308 2414 3350 habet]

199 3360 237 3392 21
278 3357 322 3391 Τὸ
353 3355 392 3391 δὲ
422 3358 609 3391 Zachariae
641 3370 679 3390 ea:
708 3358 738 3397 ς]
772 3359 812 3390 τί
841 3354 880 3390 δὲ
909 3357 955 3389 Μ
985 3358 1024 3388 τί
1051 3352 1091 3389 δὲ
1119 3352 1173 3388 δεῖ
1202 3355 1234 3388 L
1341 3356 1389 3386 est
1412 3353 1512 3385 habet
1534 3352 1586 3385 Ra
1616 3350 1628 3395 ΙΙ
1655 3353 1695 3385 27
1721 3352 1871 3393 cogimur
1903 3352 1951 3385 V¹
1987 3351 2118 3393 cogitur
2151 3351 2201 3385 V²
2229 3352 2242 3396 ss
2269 3353 2311 3385 ad
2336 3355 2414 3387 add.

199 3405 241 3438 23
265 3401 288 3446 ἢ
313 3416 370 3436 om.
396 3415 414 3439 ς
442 3403 455 3446 ΙΙ
484 3404 527 3436 24
549 3401 619 3449 γὰρ
643 3415 700 3435 om.
727 3413 746 3437 ς
774 3402 786 3445 ΙΙ
816 3404 858 3436 26
883 3398 1131 3442 ἅνατιθεντες]
1163 3400 1273 3444 dispo·
1340 3400 1427 3441 vulq.
1446 3397 1458 3441 ΙΙ
1477 3399 1518 3431 28
1543 3396 1700 3429 munibus
1723 3396 1794 3440 V¹l
1821 3399 1863 3431 29
1884 3397 2114 3430 interdicimus
2129 3398 2190 3430 hoc
2211 3397 2267 3441 Vl}
2284 3400 2415 3431 tantum

198 3451 314 3482 nentes
338 3461 356 3484 ς
373 3448 385 3492 ΙΙ
404 3449 445 3482 33
470 3449 530 3480 καὶ
554 3460 613 3480 om.
638 3459 657 3483 ς
673 3448 684 3491 ΙΙ
713 3448 754 3481 38
777 3445 1034 3491 μιλλιαρησίοις
1057 3447 1088 3479 L
1121 3443 1275 3491 μιλιαρι-
1349 3445 1401 3477 Va
1419 3444 1431 3486 ΙΙ
1456 3444 1498 3476 30
1523 3442 1694 3475 omninino
1721 3441 1792 3486 ΤἿ
1825 3443 1864 3477 31
1890 3442 2063 3475 carecteris
2084 3442 2116 3474 R
2133 3442 2146 3485 ΙΙ
2172 3443 2215 3475 32
2239 3445 2327 3476 sicut
2352 3444 2386 3477 T
2402 3442 2416 3488 u

150 3526 153 3528 Α
200 3497 288 3528 σίοις
309 3494 369 3530 Μς
392 3495 447 3537 (cf.
475 3506 493 3529 ς
518 3495 593 3531 505,
600 3494 654 3545 33)
1341 3491 1470 3522 Aurum
1495 3487 1594 3528 enim]
1627 3487 1716 3520 enim
1738 3497 1856 3520 aurum
1888 3486 1988 3527 VT2,
2018 3497 2137 3519 aurum
2162 3487 2211 3521 T¹
2239 3487 2252 3531 ΙΙ
2281 3488 2415 3522 *revol-

1340 3537 1437 3567 vatur
1462 3534 1541 3574 (sim.
1572 3532 1825 3576 Osenbruyqenss
1850 3532 2049 3565 uoluebatur
2074 3532 2159 3565 ΕΤ1
2191 3533 2366 3568 uolebatur
2387 3534 2422 3568 V

1340 3579 1499 3611 uolebant
1516 3577 1563 3610 Τ2
1581 3576 1594 3622 ΙΙ
1610 3578 1652 3611 33
1676 3577 1826 3620 imperio]
1850 3577 1887 3610 in
1903 3577 2051 3620 periculo
2067 3577 2152 3610 RT'
2171 3577 2184 3620 ΙΙ
2200 3578 2262 3611 soli
2283 3579 2338 3612 cui
2356 3579 2390 3612 T
2402 3579 2415 3619 ΙΙ

190 3627 192 3630 ’
254 3628 275 3661 2
298 3627 400 3662 fuerit
416 3628 503 3661 RT¹
526 3626 653 3660 fuerint
675 3625 958 3668 T2uinuicu1um
980 3625 1030 3658 R¹
1045 3624 1057 3667 ΙΙ
1082 3627 1102 3659 5
1125 3625 1186 3658 Sin
1212 3626 1244 3659 T
1263 3627 1274 3669 Η
1342 3626 1384 3658 34
1407 3624 1552 3666 praestat
1573 3623 1674 3666 vala]
1709 3625 1852 3665 praestet
1875 3622 1980 3655 RVT
2003 3622 2015 3665 ΙΙ
2049 3623 2092 3656 36
2115 3621 2281 3664 *largitus
2305 3625 2383 3658 libri
2403 3623 2415 3668 ΙΙ

202 3671 316 3705 consul
345 3673 475 3712 habeat]
511 3671 704 3704 consulabat
726 3671 776 3704 R¹
802 3672 814 3713 ΙΙ
844 3671 864 3703 6
894 3670 953 3703 illa
976 3670 1086 3703 R¹V¹
1112 3670 1124 3713 ΙΙ
1154 3671 1174 3704 8
1206 3681 1273 3703 non
1340 3670 1377 3702 in
1401 3669 1453 3701 his
1476 3668 1553 3701 add.
1569 3668 1655 3718 vulg.
1674 3666 1687 3710 ΙΙ
1710 3669 1751 3702 37
1773 3667 1986 3700 inmiliarisia
2001 3667 2050 3700 13¹
2065 3667 2077 3711 ΙΙ
2096 3667 2214 3700 melius
2230 3669 2263 3702 T
2283 3669 2414 3702 semelis

203 3727 261 3748 om.
284 3715 316 3748 R
337 3716 351 3760 ΙΙ
379 3717 450 3749 *sit
475 3718 593 3750 addidi
615 3716 776 3757 (est-add.
801 3716 900 3759 vulq.)
922 3714 935 3758 ΙΙ
965 3714 1043 3747 satis
1071 3714 1121 3748 V2
1139 3716 1224 3759 vulp.
1260 3716 1273 3759 ΙΙ
1348 3714 1402 3748 V·
1420 3713 1432 3758 Η
1454 3714 1485 3745 et
1508 3712 1677 3745 incautius
1703 3712 1735 3745 T
