2618 4010
158 131 508 164 'PAPHLAGONIAE

159 229 242 266 οὔτε
265 230 347 266 τούς
366 230 617 277 λαμβάνοντας
640 231 957 277 καταβλάπτοντες
978 230 1240 280 (ἀντειςάξομεν

158 276 226 324 γὰρ
249 274 368 312 αὐτοῖς
390 276 457 334 την
480 281 740 322 νενομισμένην
766 277 957 324 ὠφέλειαν)
979 276 1058 314 οὔτ’
1083 282 1241 326 ἐφιέντες

159 325 237 357 ταῖς
266 321 388 369 ἀρχαῖς
417 321 569 367 ονόματι
599 324 662 366 τῆς
693 322 827 358 δόσεως
857 324 940 360 τούς
962 322 1136 368 ὑπηκόους
1159 325 1241 360 τούς

158 365 344 422 ἡμετέρους
375 364 493 414 ὥςπερ
523 381 559 402 τι
588 369 666 402 τῶν
697 366 940 423 ἀνδραπόδων
970 368 1149 405 ὠνεῖσθαι
1173 373 1239 415 μὲν

159 426 257 458 παρα
269 425 359 467 ,των
383 412 681 460 πιπρασκόντων,
706 427 925 467 πιπρασκειν
948 414 988 450 δὲ
1012 418 1084 450 τοῖς
1100 414 1241 450 offlano&-
1278 420 1296 452 5
1311 417 1502 459 ditoribus‚
1540 416 1691 451 vendere
1725 425 1807 450 vero
1845 415 2138 460 opprimentibus.

159 470 227 492 σιν.
277 461 387 492 Εστω
421 470 478 492 σοι
508 462 633 493 τοίνυν
664 463 723 492 καὶ
748 458 837 503 αὓτη
870 461 948 494 τῶν
979 462 1040 504 τῆς
1063 463 1240 504 Ποντικῆς

158 501 362 546 διοικήσεως
385 505 571 550 ἐπαρχιῶν
593 508 677 548 μία,
708 503 818 548 διπλῆ
841 504 1018 553 πρότερον
1049 502 1112 540 οὐκ
1136 506 1240 551 ἴσμεν

156 545 252 582 ἀνθ’
279 544 364 582 ὅτου
394 552 587 595 γενομένη·
626 553 685 583 καὶ
710 548 866 585 καλέσεις
888 554 965 594 μέν,
999 550 1169 597 καθάπερ
1193 553 1238 585 εἰ-

157 590 286 627 πόντες
302 594 480 649 ἔφθημεν,
507 593 572 628 τὸν
596 596 657 628 ἐπὶ
673 595 805 637 ταύτης
827 593 1024 642 ἡγούμενον
1044 601 1238 641 πραίτωρα

1952 125 2059 167 NOV.
2092 123 2239 166 XXIX
2272 126 2391 165 2-»4

1311 236 1494 278 bei-tatem,
1520 246 1564 271 ne
1590 244 1635 270 ue
1658 234 1919 279 accipientibus
1950 238 2121 271 nocentes
2146 238 2390 280 (repensamus

1311 281 1404 316 enim
1436 282 1486 316 eis
1519 281 1723 316 solemnem
1752 280 1952 322 utilitatem)
1989 292 2105 325 neque
2138 281 2295 316 sinentes
2328 281 2389 316 ad-

1310 327 1628 362 ministrationibus
1660 325 1801 360 nomine
1833 326 1995 370 suffragii
2036 326 2216 362 subiectos
2247 330 2390 362 nostros

1309 372 1417 406 veluti
1448 371 1625 416 quoddam
1654 370 1914 414 mancipiorum
1944 381 2059 406 emere
2090 373 2231 416 quidem
2255 382 2277 406 a
2305 382 2388 407 ven-

2194 418 2247 452 Sit
2283 417 2389 460 igitur

1309 462 1373 496 tibi
1399 463 1504 497 etiam
1530 462 1619 496 haec
1643 460 1815 496 Ponticae
1839 461 1990 496 diocesis
2015 463 2278 505 provinciarum
2303 473 2387 503 una,

1309 507 1439 552 duplex
1464 507 1626 552 primitus
1651 506 1827 541 nescimus
1852 517 1916 540 cur
1940 506 2054 541 facta:
2081 509 2117 541 et
2141 508 2284 542 vocabis
2310 508 2387 552 qui-

1309 553 1404 594 dem,
1437 554 1531 587 sicut
1555 551 1804 597 praediximus,
1837 551 1874 585 in
1900 551 1968 586 hac
1991 552 2260 596 praesedentem
2284 563 2386 597 prae-

1308 600 1421 632 torem
1453 597 1716 642 Paphlagoniae
1748 596 1998 639 Iustinianum,
2036 597 2119 632 licet
2153 603 2271 632 autem
2308 608 2386 632 eum

156 638 411 694 Παφλαγονίας
445 639 709 689 Ιουστινιανόν,
752 641 870 680 ἔξεστι
906 640 945 675 δὲ
961 635 1088 675 ἀὐτὸν
1116 640 1236 675 ἑλλάδι
1256 643 1427 687 lillingua
1453 643 1640 678 Helladica
1664 645 1845 686 strategon
1870 642 2063 686 appellare.

153 682 299 730 γλωττῃ
323 687 383 717 καὶ
407 684 611 732 στρατηγὸν
636 689 767 719 καλεῖν.

1144 777 1299 812 CAPUT
1330 778 1391 812 Ill.

215 845 295 876 Τῶν
330 839 449 888 ὅρκων
485 841 524 876 δὲ
562 840 674 877 αὐτὸν
709 840 925 888 ἀναμνήσεις
960 841 1015 878 ἀεὶ
1051 842 1144 878 καθ’
1179 842 1238 879 οὓς

154 884 407 933 παραλήψεται
432 886 498 931 τὴν
522 885 643 932 ἀρχήν,
669 886 756 922 dieve
780 888 944 935 καθαρὰς
968 891 1062 931 ἔχειν
1085 888 1161 931 τὰςΝ
1169 893 1234 931 χεῖ-

153 944 215 1012 gas
245 937 304 966 καὶ
327 931 418 987 μηδὲ
449 931 612 979 κέρδεσιν
644 931 794 967 ἀτόποις
826 933 1012 976 ῥυπώσας,
1044 932 1102 979 ἐφ’
1132 933 1161 978 ᾧ
1193 933 1235 968 τὸ

1357 845 1593 880 Iurisiurandi
1619 856 1699 881 vero
1730 856 1810 880 eum
1834 846 2126 881 commemorabis
2151 855 2300 890 semper,
2332 855 2386 880 se-

1306 890 1461 924 cundum
1494 891 1589 934 quod
1619 891 1793 935 percipiet
1824 892 2020 934 cingulum,
2051 895 2091 925 ut
2122 900 2232 935 puras
2257 890 2388 924 habeat

1306 946 1431 970 manus
1469 941 1504 970 et
1540 946 1610 970 non
1647 936 1756 971 lucris
1792 936 1925 971 illicitis
1961 937 2182 980 sordidatas,
2220 935 2387 979 quatinus

176 977 326 1022 ημόσιον
344 977 503 1033 ,ωφελεῖν
525 992 565 1012 τε
589 982 648 1012 καὶ
673 977 794 1018 αὔξειν
818 977 972 1013 δικαίαις
995 993 1034 1013 τε
1058 983 1117 1012 καὶ
1142 993 1232 1014 παν·
1252 984 1288 1014 15
1304 980 1392 1015 fiseo
1415 981 1528 1024 prosit
1546 982 1583 1015 et
1606 985 1736 1024 augeat
1755 982 1858 1016 iustis
1879 985 1914 1017 et
1931 982 2087 1026 undique
2107 981 2385 1025 inculpabilibus

152 1023 313 1065 ταχόθεν
333 1026 532 1067 αμέμπτοις
548 1023 786 1069 προςθὴκαις·
813 1020 900 1058 diste
922 1027 1042 1067 νέμειν
1065 1028 1138 1058 τοῖς
1158 1023 1235 1068 ἡμε-

152 1071 266 1113 τέροις
287 1066 454 1111 ὑπηκόοις
479 1066 626 1111 ἰσότητά
650 1082 690 1102 τε
711 1071 769 1101 καὶ
791 1066 1023 1111 δικαιοσύνην
1047 1072 1087 1103 ἔν
1105 1083 1143 1103 τε
1164 1073 1236 1103 τοῖς

153 1112 334 1157 δημοσίοις
357 1115 398 1147 ἔν
423 1126 462 1147 τε
485 1116 559 1147 τοῖς
583 1111 847 1157 συμβάλλουσιν
871 1116 911 1146 ἔν
935 1128 974 1147 τε
999 1118 1072 1147 τοῖς
1095 1114 1234 1156 δικαζο-

151 1163 270 1203 μένοις
302 1158 390 1213 πρὸς
414 1155 611 1212 ἀλλήλους.ἱ
638 1156 888 1211 περινοστήσει
922 1157 961 1192 δὲ
992 1156 1149 1203 ἀζημίως
1173 1161 1236 1193 τὰς

1307 1026 1506 1066 crementis,
1532 1029 1572 1059 ut
1596 1026 1729 1060 tribuat
1754 1027 1886 1062 nostris
1913 1027 2143 1062 collatoribus
2171 1027 2387 1070 aequitatem

1306 1074 1412 1114 atque
1431 1070 1602 1105 iustitiam
1626 1074 1661 1105 et
1679 1071 1749 1116 <in>
1769 1072 1952 1107 fiscalibus
1974 1072 2062 1107 etin
2084 1071 2330 1107 contractibus
2352 1074 2388 1105 et

1305 1115 1341 1148 in
1357 1115 1576 1158 litigantibus
1593 1115 1687 1150 inter
1706 1118 1909 1152 alterutros.
1959 1118 2168 1152 Circumibit
2187 1120 2308 1152 autem
2333 1116 2385 1150 in-

1306 1160 1479 1194 demniter
1501 1161 1674 1203 civitates,
1700 1166 1740 1195 ut
1761 1172 1876 1206 neque
1896 1164 1972 1206 ipse
1991 1173 2106 1207 neque
2128 1162 2204 1197 eius
2225 1172 2387 1196 assessor

152 1203 281 1245 πόλεις,
308 1215 395 1238 ωςτε
418 1216 507 1246 μητε
529 1217 638 1236 αυτον
662 1203 751 1258 μήτε
773 1217 838 1237 τον
856 1200 1037 1257 πάρεδρον
1059 1203 1149 1258 μήτε
1168 1204 1235 1246 τὴν
1249 1207 1290 1238 20
1304 1215 1419 1248 neque
1439 1216 1589 1250 sequens
1609 1216 1688 1239 eum
1708 1206 1940 1241 ministerium
1961 1208 2033 1242 sive
2051 1207 2198 1241 militum
2216 1207 2288 1241 Sive
2306 1206 2384 1241 offi-

152 1250 332 1292 ἑπομένην
349 1247 447 1291 αὐτῷ
467 1248 669 1293 θεραπείαν
693 1249 764 1281 είτε
787 1260 1028 1294 στρατιωτων
1048 1263 1118 1282 ειτε
1133 1250 1234 1289 ‘iugc-

152 1295 260 1327 ωτῶν
291 1294 362 1327 εἴτε
385 1293 537 1326 οἰκετῶν
566 1305 602 1326 τι
630 1291 831 1337 κερδαίνειν
855 1293 876 1335 ἢ
895 1298 1026 1340 προῖκα
1053 1293 1232 1329 δαπανᾶν.

153 1337 207 1372 δεῖ
227 1337 296 1386 γὰρ
321 1335 448 1372 αὐτοὺς
471 1339 537 1382 μὲν
561 1338 599 1378 ἐξ
623 1337 677 1371 ὠν
702 1335 820 1372 αὐτοῖς
850 1336 998 1383 δίδομεν
1024 1341 1062 1373 ἐκ
1085 1341 1149 1374 τοῦ
1175 1338 1233 1382 δη-

149 1388 277 1427 μοσιόυ
301 1382 480 1426 σιτήσεων
511 1381 574 1417 τοῖς
598 1381 761 1418 δαπάνας
785 1385 976 1418 ποιεῖσθαι
1003 1383 1071 1418 σὺν
1094 1383 1234 1439 μετριό-

1306 1250 1447 1284 cialium
1473 1252 1543 1285 sive
1566 1261 1748 1285 servorum
1773 1254 1835 1286 aut
1855 1252 1987 1296 aliquid
2010 1253 2168 1287 lucretur
2192 1256 2255 1286 aut
2273 1252 2384 1295 gratis

1305 1295 1494 1339 expendat.
1545 1295 1695 1339 Oportet
1727 1296 1820 1330 enim
1849 1307 1909 1332 eos
1942 1298 2082 1341 quidem
2113 1308 2156 1331 ex
2181 1297 2308 1340 quibus
2334 1297 2385 1332 eis

1305 1341 1428 1375 damus
1454 1341 1496 1375 de
1520 1341 1607 1374 fisco
1633 1342 1784 1375 annonis
1811 1351 1986 1386 expensas
2010 1342 2131 1376 facere
2152 1353 2232 1376 cum
2252 1342 2385 1376 medio-

1305 1386 1431 1420 critate
1457 1386 1863 1438 competentiyiventes,
1889 1390 2077 1431 sequentes
2098 1389 2218 1422 autem
2238 1398 2299 1422 eos
2321 1388 2384 1421 mi-

151 1443 231 1472 τητι
261 1426 487 1482 προςηκοὺση
517 1429 671 1481 ζῶντας,
708 1427 860 1481 τοὺςχόὲ
890 1430 1084 1474 ἑπομένους
1116 1434 1235 1464 αυτοῖς
1247 1433 1289 1465 25
1304 1432 1383 1466 lites
1409 1441 1602 1475 agnoscere
1627 1442 1729 1475 quia,
1762 1432 1830 1466 nisi
1862 1433 2016 1476 propriis
2050 1433 2206 1467 contenti
2234 1433 2384 1466 annonis

151 1474 376 1520 στρατιώτας
398 1485 591 1520 γινωσκειν
616 1486 679 1515 ως,
711 1475 742 1507 εἰ
764 1487 814 1518 μη
837 1479 915 1508 ταῖς
943 1476 1088 1508 οἰκείαις
1111 1471 1234 1520 ἀρκού-

149 1532 250 1563 μενοι
283 1517 470 1562 σιτὴσεσιν
500 1516 741 1563 ὁδοιποροῖεν,
777 1515 865 1553 ἀλλά
896 1520 1122 1566 θαρρησαιεν
1154 1519 1234 1554 τοὺς

150 1563 326 1598 συντελεῖς
350 1564 432 1598 τοὺς
455 1561 639 1611 ἡμετέρους
663 1562 801 1598 ἀδικεῖν
824 1564 846 1607 ἢ
867 1577 964 1598 τισιν
990 1562 1116 1599 αὐτοὺς
1135 1578 1233 1611 περι-

148 1607 294 1653 βάλλειν
331 1606 525 1663 ζημίῖαιςὶἢ
557 1612 688 1654 προῖκα
725 1610 914 1664 ποιεῖσθαι
949 1609 1016 1653 τὴν
1052 1608 1231 1653 δαπάνην,

1303 1477 1370 1510 iter
1401 1477 1554 1519 egerint,
1593 1477 1655 1511 sed
1686 1478 1993 1521 praesumpserint
2023 1478 2210 1512 collatores
2243 1482 2384 1512 nostros

1303 1532 1431 1556 vexare
1464 1526 1527 1555 aut
1560 1521 1772 1565 quibusdam
1809 1531 1869 1556 eos
1905 1522 2159 1557 circumvenire
2191 1522 2384 1566 dispendiis

1301 1571 1364 1600 aut
1387 1567 1497 1609 gratis
1522 1566 1642 1601 facere
1667 1577 1871 1610 expensam,
1905 1578 1968 1611 per
1993 1578 2073 1602 eum
2105 1567 2165 1612 qui
2189 1567 2298 1602 habet
2321 1568 2383 1601 ad-

1300 1611 1595 1646 ministrationem
1618 1612 1831 1647 indemnitas
1852 1613 1917 1646 erit
1939 1613 2180 1655 collatoribus,
2204 1623 2247 1646 ex
2263 1623 2383 1647 eorum

149 1653 209 1688 διὰ
232 1656 295 1688 τοῦ
317 1668 383 1697 την
402 1668 512 1701 αρχην
535 1656 677 1697 ἔχοντος
701 1654 742 1688 τὸ
757 1656 915 1709 Ιαζημιον
929 1658 1038 1709 ,ἔσται
1059 1659 1132 1690 τοῖς
1149 1668 1230 1690 συν·
1245 1658 1286 1690 30
1300 1656 1450 1692 annonis
1476 1668 1536 1692 eos
1562 1657 1771 1700 exigentem,
1806 1658 1950 1701 proprio
1976 1663 2096 1693 autem
2126 1658 2284 1701 periculo
2311 1660 2382 1692 col-

148 1698 299 1741 τελέσιν,
329 1702 367 1733 ἐκ
396 1703 474 1733 τῶν
506 1701 655 1733 ἐκείνων
687 1712 865 1742 σιτησεων
897 1701 1006 1734 αυτοῦ
1030 1703 1097 1744 μὲν
1124 1698 1232 1735 αὑτὰς

148 1742 404 1785 ἀπαιτοῦντος,
437 1745 557 1788 οἰκείῳ
588 1743 627 1778 δὲ
658 1743 816 1788 κινδύνῳ
850 1748 922 1780 τοῖς
954 1744 1161 1780 συντελέσιν
1195 1747 1231 1787 ἐξ

149 1787 273 1824 αὐτῶν
297 1791 572 1836 περιποιοῦντος
595 1788 636 1823 τὸ
661 1787 823 1833 ἀζήμιον.

1300 1702 1476 1737 latoribus
1502 1713 1624 1738 eorum
1649 1708 1902 1746 procurantem
1925 1703 2192 1738 indemnitatem

1139 1883 1295 1918 CAPUT
1321 1883 1381 1919 IV.

198 1947 316 1983 Ἔστω
347 1946 387 1982 δὲ
415 1951 475 1982 καὶ
504 1939 606 1982 οὗτος
635 1945 898 2004 ἆὶνὸμοςὶημῖν
927 1953 987 1985 ἐπὶ
1013 1950 1228 1997 Παφλαγόσι

1352 1951 1405 1985 Sit
1429 1955 1549 1985 autem
1580 1956 1616 1986 et
1647 1951 1737 1986 haec
1769 1951 1826 1985 lex
1851 1950 1955 1986 nobis
1985 1951 2020 1985 in
2045 1951 2290 1995 Paphlagonia
2318 1962 2380 1995 po-

146 1998 313 2037 κείμενος,
347 1995 464 2028 ποιῶν
490 1991 609 2028 αὐτοῖς
631 2007 698 2037 την
723 2008 834 2040 αρχην
859 1999 1079 2040 σεμνοτέραν
1104 2000 1163 2030 καὶ
1189 1998 1229 2030 ἐν
1242 1999 1283 2030 35
1299 1996 1378 2038 sita,
1404 1996 1541 2030 faciens
1566 1997 1615 2030 eis
1641 1996 1984 2032 administrationem
2005 1996 2246 2031 honestiorem
2269 2000 2304 2031 et
2328 1998 2381 2031 in-

146 2043 223 2074 ταῖς
246 2038 497 2085 περιβλέπτοις
520 2037 800 2085 ἇριθμουμένην,
826 2043 885 2073 καὶ
910 2038 1029 2075 διδους
1053 2045 1112 2075 καὶ
1136 2041 1229 2075 κατὰ

145 2086 223 2119 τῶν
247 2086 486 2131 στρατιωτῶν
509 2087 587 2118 τῶν
611 2087 818 2131 ἐπιχωρίων
841 2085 1019 2128 ἐξουσίαν,
1047 2089 1086 2121 ἐν
1110 2086 1160 2121 οἷς
1184 2083 1229 2120 ἂν

147 2127 265 2164 αὐτοῖς
293 2129 385 2173 μετὰ
414 2130 479 2163 τοῦ
513 2127 650 2164 δικαίου
683 2129 899 2177 προςτάττῃ,
934 2136 994 2165 καὶ
1026 2131 1120 2165 κατὰ
1151 2133 1229 2165 τῶν

1298 2044 1352 2076 ter
1375 2041 1590 2086 spectabiles
1616 2041 1921 2076 adnumerandam
1951 2043 1986 2075 et
2015 2041 2156 2076 dantem
2190 2043 2225 2075 et
2257 2046 2382 2077 contra

1297 2087 1427 2121 milites
1460 2086 1664 2130 provinciae
1689 2090 1923 2130 potestatem,
1956 2086 1992 2121 in
2018 2086 2299 2131 quibuscumque
2331 2087 2382 2122 eis

1300 2142 1380 2166 cum
1404 2131 1542 2166 iustitia
1565 2131 1725 2176 imperat,
1760 2136 1796 2166 et
1821 2133 1946 2166 contra
1971 2131 2060 2166 alios
2094 2142 2215 2166 omnes
2240 2132 2381 2176 provin-

145 2173 266 2209 ἄλλων
297 2171 474 2209 ἁπάντων
508 2176 586 2210 τῶν
615 2176 676 2218 τῆς
707 2177 879 2221 ἐπαρχίας
909 2175 1032 2220 αὐτῆς,
1068 2177 1228 2223 χρῆσθαι
1298 2177 1373 2211 ciae
1390 2177 1512 2220 ipsius,
1539 2177 1592 2210 uti
1612 2177 1796 2220 privilegio
1818 2187 1892 2211 non
1909 2177 2078 2219 valentes,
2103 2177 2158 2211 vel
2179 2177 2209 2212 si
2229 2179 2380 2212 maiores

147 2224 333 2274 wpovopi'lq)
357 2219 406 2265 μὴ
431 2218 654 2273 δυναμένων,
686 2218 759 2273 κᾶν]
785 2221 815 2253 εἰ
843 2223 1002 2264 μείζονες
1025 2221 1092 2254 κᾶν
1116 2222 1146 2253 εἰ
1170 2235 1226 2255 τυ-
1242 2224 1284 2255 40
1299 2222 1352 2255 vel
1377 2222 1407 2255 si
1432 2221 1525 2255 forte
1550 2221 1714 2264 minores,
1750 2223 1786 2255 et
1810 2222 1840 2255 si
1871 2231 1989 2255 rerum
2022 2226 2194 2265 praesunt
2224 2223 2379 2266 potenti-

145 2279 209 2308 χον
233 2265 435 2306 ἐλάττονες,
468 2278 535 2298 καν
560 2266 590 2298 εἰ
614 2277 840 2311 πραγμάτων
872 2265 1094 2312 προΐσταντο
1125 2264 1228 2299 δυνα-

147 2355 343 2406 accipiunt,
374 2354 506 2390 damno
532 2354 740 2399 afficiamus
771 2354 932 2395 (invicem
956 2354 1048 2389 enim
1080 2355 1125 2388 iis
1156 2354 1352 2399 leqitimum
1383 2353 1658 2388 emolamentum
1687 2353 1969 2397 introducemus)
1999 2365 2114 2399 neque
2145 2356 2382 2401 maqistratus

145 2404 332 2446 patiamur
355 2399 514 2434 dationis
537 2399 678 2434 nomine
698 2398 861 2433 subditos
884 2403 1031 2434 nostros
1053 2403 1234 2444 tamquam
1258 2398 1477 2444 mancipium
1498 2399 1618 2433 nescio
1642 2398 1740 2443 quod
1762 2402 1798 2434 et
1817 2410 1932 2434 emere
1953 2410 1975 2433 a
1994 2400 2225 2435 vendentibus
2245 2405 2281 2436 et
2299 2413 2380 2437 ven-

147 2444 231 2480 dere
255 2444 425 2479 iniuriam
448 2443 698 2489 inferentibus.
748 2442 878 2489 Itaque
902 2443 991 2478 haec
1014 2455 1158 2489 quoquc
1184 2443 1246 2478 tibi
1270 2443 1363 2478 inter
1384 2442 1559 2478 Ponticae
1580 2443 1754 2478 dioecesis
1774 2444 1985 2489 provincias
2005 2445 2077 2478 iam
2102 2456 2176 2480 una
2197 2446 2255 2488 sit,
2287 2457 2380 2499 quae

147 2493 256 2525 antea
281 2489 420 2535 dicplex
443 2489 621 2524 nescimus
644 2499 717 2533 qua
741 2488 785 2523 de
809 2499 920 2523 causa
943 2489 1089 2533 fuerat:
1124 2493 1233 2533 atque
1257 2487 1460 2534 appellabis
1483 2488 1643 2533 quidem,
1668 2489 1761 2524 sicut
1784 2493 1893 2524 antea
1917 2488 2089 2532 dia-imus,
2120 2501 2199 2525 eum
2232 2502 2294 2537 qui
2324 2492 2381 2527 illi

146 2539 294 2581 praeest
343 2539 521 2569 raetorem
546 2533 826 2580 Paphlaqoniae
852 2533 1111 2575 fustinianum,
1137 2534 1221 2569 licet
1244 2539 1359 2568 autem
1386 2533 1525 2568 Graeca
1550 2533 1676 2579 linqua
1700 2534 1850 2569 eundem
1872 2538 2073 2580 strategum
2097 2545 2237 2570 vocare.

280 2545 345 2614 Iff.
401 2578 649 2614 Iurisiurandi
667 2589 750 2614 vero
776 2589 855 2613 eum
877 2589 1019 2625 semper
1043 2579 1345 2624 commonefacies
1371 2578 1567 2613 secundnm
1592 2578 1690 2624 quod
1711 2579 1963 2624 maqistratum
1986 2580 2169 2632 suscipiet,
2202 2585 2243 2616 ut
2258 2593 2380 2628 puras

146 2624 278 2660 habeat
300 2635 431 2659 manus
461 2635 577 2670 neque
599 2623 782 2658 indecoris
805 2624 917 2658 lucris
941 2624 1216 2665 contaminatas,
1249 2634 1321 2669 quo
1343 2624 1472 2668 liscum
1495 2624 1642 2659 adiuvet
1665 2628 1870 2670 auqeatque
1893 2625 1999 2659 iustis
2022 2629 2058 2660 et
2078 2626 2231 2671 inteqris
2255 2627 2379 2673 utique

145 2670 397 2711 incrementis;
428 2673 470 2704 ut
498 2669 651 2704 subditis
683 2670 820 2703 nostris
851 2674 887 2703 et
917 2670 1135 2714 aequitatem
1163 2672 1199 2703 et
1229 2669 1403 2703 iustitiam
1435 2668 1571 2704 tribuat
1601 2673 1636 2704 et
1667 2669 1751 2704 dum
1784 2668 1919 2704 tributa
1977 2669 2115 2705 endunt
2145 2674 2181 2706 et
2210 2671 2294 2706 dum
2318 2683 2378 2708 ne-

146 2716 249 2761 yotia
273 2714 494 2750 contrahunt
518 2719 554 2750 et
577 2713 660 2749 dum
685 2714 765 2749 lites
788 2718 959 2749 exercent
983 2715 1076 2749 inter
1099 2725 1146 2749 se.
1198 2713 1403 2749 Circumibit
1427 2718 1547 2748 autem
1570 2714 1678 2749 urbes
1700 2714 1779 2748 sine
1803 2713 1926 2759 dispen
1956 2715 2003 2756 io,
2028 2715 2081 2749 ita
2104 2718 2144 2750 ut
2163 2727 2278 2761 neque
2300 2717 2379 2763 ipse

147 2771 260 2805 neque
291 2771 454 2795 assessor
482 2771 599 2805 neque
630 2758 730 2805 quod
765 2770 845 2794 eum
876 2764 1047 2804 sequetur
1076 2759 1311 2794 ministerium
1347 2759 1421 2793 sive
1451 2758 1603 2793 militum
1637 2759 1712 2794 sive
1743 2759 1960 2804 officialium
1994 2760 2068 2795 sive
2101 2759 2378 2797 domesticorum

146 2806 340 2851 quicquam
361 2805 522 2840 lucretur
545 2804 601 2840 vel
621 2804 739 2849 qratis
761 2815 839 2838 sum
869 2809 940 2839 tum
958 2804 1088 2850 faciat.
1141 2803 1292 2849 Oportet
1312 2804 1404 2838 enim
1425 2804 1438 2837 i
1464 2814 1526 2838 sos
1549 2804 1692 2849 quidem
1717 2815 1766 2839 ex
1782 2805 1951 2846 annonis,
1976 2815 2068 2849 quas
2091 2805 2136 2840 iis
2160 2817 2209 2841 ex
2226 2807 2377 2852 publico

146 2850 286 2892 damus,
319 2855 484 2896 sumptus
513 2850 640 2895 facere
664 2854 698 2884 et
729 2860 803 2894 qua
852 2853 929 2884 ecet
952 2850 1174 2884 continentia
1206 2850 1340 2890 vivere,
1380 2848 1428 2882 mi
1443 2848 1510 2883 ites
1533 2853 1652 2883 autem
1682 2849 1745 2894 qui
1770 2860 1832 2884 eos
1854 2854 2051 2895 sequentur
2072 2850 2176 2892 scire,
2208 2853 2282 2887 nisi
2302 2853 2379 2887 suis

147 2895 306 2931 contenti
331 2895 488 2930 annonis
510 2894 692 2936 incedant,
724 2894 788 2929 sed
810 2895 842 2929 si
865 2894 1017 2929 subditis
1040 2894 1177 2929 nostris
1206 2894 1375 2928 iniuriam
1397 2893 1525 2938 facere
1557 2893 1613 2929 vel
1636 2893 1778 2928 damnis
1809 2893 2023 2939 quibusdam
2055 2906 2117 2930 eos
2141 2896 2292 2941 afficere
2323 2897 2380 2932 vel

145 2941 265 2992 qratis
287 2943 452 2986 sumptus
473 2940 601 2985 facere
623 2939 794 2980 audeant,
812 2950 885 2985 per
907 2950 987 2974 eum
1011 2940 1074 2985 qui
1097 2940 1349 2985 maqistratum
1373 2938 1468 2983 qerit
1491 2937 1757 2973 indemnitatem
1780 2938 1933 2974 subditis
1949 2944 2127 2985 paratum
2151 2941 2208 2982 iri,
2241 2942 2305 2987 qui
2328 2953 2378 2978 ex

145 2986 290 3021 illorum
314 2985 468 3020 annonis
491 2995 550 3020 res
573 2988 716 3030 repetat
739 2995 783 3019 ac
800 2985 959 3030 proprio
982 2984 1147 3030 periculo
1171 2984 1255 3019 inde
1279 2983 1546 3018 indemnitatem
1569 2983 1720 3018 subditis
1737 2988 1915 3029 praestet.

280 3030 342 3066 IV.
399 3028 457 3064 Sit
479 3033 598 3065 autem
626 3029 715 3064 liaeo
764 3039 883 3073 noque
906 3029 969 3064 lex
991 3029 1035 3064 de
1058 3028 1359 3075 Paphlaqonibus
1382 3039 1405 3062 a
1429 3027 1533 3062 nobis
1557 3028 1650 3070 lata,
1683 3039 1777 3079 quae
1808 3029 2061 3074 maqistratum
2094 3030 2140 3064 iis
2163 3029 2376 3066 honoratio-

146 3085 222 3111 rem
244 3074 376 3110 reddat
397 3078 434 3109 et
455 3074 552 3109 inter
570 3073 733 3120 spectabi
748 3084 786 3109 es
809 3073 1086 3115 numerandum,
1118 3074 1222 3119 eique
1250 3079 1286 3108 et
1308 3074 1346 3107 in
1372 3073 1502 3107 milites
1520 3072 1766 3118 provinciales
1786 3076 2002 3124 potestatem
2036 3074 2174 3110 tribuat
2202 3075 2240 3109 in
2265 3076 2376 3110 omni—

146 3120 211 3155 bus
234 3129 479 3165 quaecumque
509 3119 604 3154 iuste
632 3119 678 3153 iis
707 3119 882 3164 imperat,
914 3123 950 3153 et
980 3119 1019 3153 in
1048 3119 1210 3164 reliquos
1241 3130 1362 3154 omnes
1394 3118 1457 3163 qui
1478 3118 1696 3163 provinciae
1725 3118 1841 3164 ipseus
1870 3122 1972 3160 sunt,
2009 3120 2073 3164 qui
2096 3119 2292 3166 privileqio
2323 3122 2377 3156 uti

145 3167 344 3211 nequeant,
374 3163 448 3198 sive
473 3164 629 3198 maiores
657 3163 731 3198 sive
758 3163 861 3207 forte
885 3163 1043 3199 minores
1073 3165 1146 3198 sint
1176 3164 1250 3199 sive
1272 3163 1379 3198 rebus
1401 3163 1584 3208 praefecti
1615 3174 1708 3207 quae
1738 3162 1788 3196 ad
1804 3167 1973 3208 potentes
1998 3165 2184 3209 pertinent
2205 3164 2373 3199 homines.

195 3255 210 3286 1
236 3247 544 3295 καταβλάπτοντα
570 3253 618 3284 13⁶
636 3251 648 3294 11
665 3254 683 3285 2
710 3248 907 3296 ασφάλειαν
923 3253 955 3285 L
974 3252 985 3296 11
1003 3255 1021 3286 3
1046 3251 1126 3286 τοὺς
1148 3250 1226 3295 ἡμε-

147 3300 265 3342 τέρους
283 3305 311 3330 et
330 3301 349 3331 5
363 3295 463 3341 παρὰ
480 3309 538 3329 om.
554 3297 604 3329 B⁰
621 3296 634 3340 11
653 3300 671 3330 5
690 3295 887 3342 πιπράσκει
900 3297 931 3330 L
947 3296 959 3340 11
979 3299 998 3331 6
1020 3308 1077 3330 σοι
1097 3311 1154 3331 om.
1169 3299 1200 3330 L
1216 3298 1226 3340 ι’1

147 3339 249 3385 αὕτη]
274 3338 366 3384 αὐτῆ
388 3342 420 3375 L
447 3341 458 3384 11
483 3343 499 3373 7
526 3339 682 3386 πότερον
707 3343 738 3374 L
761 3343 771 3383 11
800 3344 819 3375 8
842 3344 1038 3387 γενομένην
1063 3343 1094 3375 L
1125 3355 1225 3388 γενη-

147 3389 278 3430 σομένη
292 3388 328 3420 Β
347 3386 359 3431 11
379 3389 415 3420 11
443 3389 503 3419 καὶ
528 3400 586 3419 om.
601 3399 619 3422 ς
639 3388 649 3424 11
668 3389 708 3420 12
732 3385 796 3419 τὸν
817 3382 924 3431 ὅρκον
939 3388 971 3419 L
990 3386 1001 3431 11
1019 3386 1142 3420 αὐτῶν
1155 3388 1191 3421 Β
1215 3386 1226 3431 11

151 3435 192 3466 14
223 3429 380 3473 ἀτόποις]
412 3428 545 3465 ἀδίκοις
573 3431 654 3477 ΒΙΙΙ
689 3434 728 3465 15
762 3434 820 3463 καὶ
853 3428 1091 3473 πανταχόθεν
1122 3434 1224 3472 ΕΒς]

148 3475 388 3518 πανταχόθεν
410 3480 472 3509 καὶ
498 3477 544 3509 ΙΙΙ
559 3476 571 3520 11
600 3478 640 3510 19
665 3474 830 3518 ἀζημίους
855 3477 885 3509 L
905 3475 917 3521 11
941 3478 982 3510 22
1007 3479 1055 3518 τι]
1082 3480 1140 3509 aut
1164 3478 1223 3509 ali-

147 3522 229 3563 quid
253 3524 288 3561 (i.
304 3535 329 3555 e.
350 3519 371 3562 ἦ
391 3524 440 3561 τι)
466 3534 484 3558 ς
511 3521 522 3565 11
555 3524 596 3555 30
622 3518 681 3554 διὰ
704 3521 812 3554 τοῦτο
839 3522 888 3554 B⁶
911 3522 932 3598 g
957 3522 997 3555 31
1026 3518 1135 3555 αὐτοῦ
1158 3523 1225 3565 μὲν

148 3579 206 3600 om.
221 3578 240 3603 ς
258 3566 270 3611 11
287 3569 328 3601 36
350 3564 496 3600 *διδοὺς
515 3569 574 3600 καὶ
588 3568 643 3609 (cs.
658 3578 691 3606 ς;
709 3573 894 3609 praestaret
934 3563 1028 3599 ιδοὺς
1048 3564 1138 3613 αὐτῇ
1155 3570 1223 3606 καὶ,

146 3612 199 3644 vel
220 3611 371 3653 ἔχουσαν
394 3614 480 3654 καὶ)]
507 3609 676 3645 διδοῦσαν
702 3613 778 3645 libri
798 3611 811 3655 ss
837 3613 876 3644 37
903 3610 981 3644 τῶν
1005 3613 1223 3656 ἐπιχωρίων]

147 3655 224 3693 τῶν
249 3658 354 3690 om.L
379 3656 392 3701 11
416 3660 457 3692 39
479 3657 532 3700 τῷ
558 3658 618 3699 τῆς
644 3658 678 3689 Β
702 3657 714 3701 11
739 3658 780 3690 41
809 3658 868 3700 leq.
894 3654 1157 3701 προΐσταιντοῖ

1343 3255 1358 3285 1
1386 3250 1627 3292 accipientibus
1655 3251 1898 3295 Osenbric'qyen]
1924 3252 2105 3294 accipimus
2132 3254 2209 3286 libri
2231 3253 2242 3295 11
2269 3255 2288 3287 2
2314 3255 2375 3286 sci-

1296 3299 1410 3329 nentes
1432 3296 1485 3340 711
1504 3297 1525 3329 4
1549 3295 1715 3337 quondam
1737 3294 1799 3329 VT
1821 3296 1833 3339 11
1858 3299 1877 3330 5
1902 3297 2172 3340 opprementibus
2194 3297 2249 3341 711
2267 3301 2287 3333 6
2311 3299 2376 3332 tibi

1295 3342 1405 3381 etiam]
1422 3344 1460 3372 ut
1472 3341 1530 3373 ubi
1543 3340 1608 3372 tibi
1622 3351 1692 3372 eam
1712 3340 1767 3383 711
1787 3342 1807 3375 8
1825 3342 1899 3382 hac]
1915 3343 2000 3374 hano
2014 3343 2091 3375 libri
2106 3341 2118 3385 11
2134 3343 2374 3384 praesidentem

1294 3388 1378 3430 vuly.
1398 3386 1410 3429 11
1428 3389 1447 3419 9
1467 3385 1689 3427 praeflagonie
1711 3386 1765 3428 711
1789 3388 1827 3419 10
1850 3386 2000 3419 heladica
2021 3387 2067 3420 V¹
2087 3386 2098 3429 11
2115 3388 2280 3429 stratigon
2302 3387 2353 3422 Vb
2363 3387 2376 3434 11

1294 3431 1455 3473 appellari
1478 3429 1531 3474 711
1559 3432 1598 3464 13
1623 3432 1673 3471 ut]
1699 3432 1731 3463 et
1752 3431 1806 3473 711
1837 3433 1873 3464 15
1899 3431 2019 3463 audeat
2046 3433 2122 3464 libri
2137 3431 2149 3475 11
2171 3435 2208 3466 17
2232 3432 2270 3465 in
2296 3435 2374 3467 add.

1294 3479 1379 3517 vulq.
1397 3476 1408 3518 11
1430 3477 1470 3509 18
1495 3475 1652 3508 circuibit
1674 3476 1706 3508 Τ
1719 3475 1731 3518 11
1750 3477 1788 3508 21
1816 3476 1931 3517 gratis]
1957 3487 2032 3518 gras
2053 3476 2107 3519 711
2128 3478 2169 3510 22
2195 3478 2294 3519 quide
2324 3477 2376 3524 711

1296 3513 1412 3554 26‘ter
1437 3520 1566 3561 egerint
1591 3521 1667 3553 libri
1683 3520 1696 3564 11
1721 3522 1763 3554 30
1790 3522 1853 3561 eos]
1880 3531 1916 3552 ea
1941 3522 2044 3563 vul9.;
2079 3522 2139 3565 leq.
2161 3523 2240 3555 eas?
2266 3522 2279 3567 11
2307 3534 2375 3556 exi-

1294 3567 1424 3608 gentem
1450 3565 1549 3608 vul9.]
1587 3565 1718 3607 exigere
1750 3567 1899 3607 (exegere
1932 3566 1996 3606 Va)
2027 3567 2103 3599 libri
2135 3566 2148 3611 11
2182 3569 2224 3602 34
2254 3569 2289 3601 in
2324 3570 2372 3610 V]

1295 3624 1354 3644 om.
1371 3611 1403 3643 T
1413 3609 1425 3653 11
1452 3611 1494 3643 35
1519 3610 1566 3642 eis
1587 3623 1645 3643 om.
1661 3611 1694 3644 T
1709 3610 1721 3654 11
1737 3611 1939 3642 honestiores
1960 3611 2011 3644 Va
2027 3610 2039 3655 11
2059 3612 2101 3645 36
2126 3612 2375 3647 adnumeranda

1297 3657 1372 3688 libri
1389 3654 1400 3696 11
1417 3655 1551 3688 dantem
1575 3657 1620 3695 et]
1646 3655 1744 3687 dante
1770 3655 1870 3687 etiam
1905 3655 1957 3700 711
1982 3657 2022 3690 37
2037 3669 2086 3699 sq.
2110 3661 2306 3699 potestatem
2330 3678 2365 3682 —

1294 3700 1486 3744 provinciae
1512 3713 1569 3733 om.
1592 3700 1649 3743 711
1675 3702 1716 3734 39
1742 3701 1805 3741 uti]
1831 3702 1875 3732 At
1902 3700 1935 3734 V
