2580 4022
259 147 333 190 Ed.
354 148 415 189 III
444 161 503 201 pr.
1312 140 1397 186 760
1769 156 1829 184 DE
1858 154 2152 185 ARMENIORUM
2182 152 2471 185 snccssssloxm

257 259 414 298 συνέχειν
438 251 566 288 αὐτοὺς
591 256 888 298 προςταττομένῳ
912 252 995 287 τοὺς
1019 251 1313 297 ἐποφειλομένους
1335 247 1419 296 παρ’
1439 250 1562 285 αὐτῶν
1578 249 1766 295 δημοσίους
1782 249 1911 295 φόρους
1927 251 2178 291 κατατιθέναι,
2202 251 2267 284 τοῦ
2284 248 2472 294 διδομένου

255 301 348 334 κατὰ
379 298 501 344 χώραν
534 295 653 332 αὐτοῖς
685 297 791 343 λόγου
818 298 907 342 πρὸς
937 295 1044 331 οὐδὲν
1075 294 1193 331 αὐτοῖς
1219 299 1457 338 συνοίσοντος,
1490 298 1639 330 ἐκείνων
1660 293 1699 329 δὲ
1720 294 1847 339 μόνων
1870 295 2031 336 ἐχόντων
2054 294 2257 342 ἀσφάλειαν
2279 295 2357 330 τῶν
2378 295 2471 330 κατὰ

255 346 366 378 θείαν
389 341 493 387 ἡμῶν
517 341 677 377 κέλευσιν
702 340 811 388 λόγον
833 341 978 376 ἀσυλίας
1000 344 1249 386 κομιζομένων
1271 338 1295 384 ἢ
1318 340 1412 374 κατὰ
1436 341 1641 386 προς-τάξεις
1664 341 1727 383 τῆς
1750 341 1811 382 σῆς
1832 336 2014 384 ὑπεροχῆς.

1262 440 1417 477 CAPUT
1440 440 1469 476 1.

385 507 531 552 Ἐπειδὴ
561 508 601 544 δὲ
631 508 729 554 παρὰ
762 510 825 553 τῆς
857 510 919 552 σῆς
950 506 1182 552 ἐνδοξότητος
1213 506 1470 551 ἐδιδάχθημεν,
1501 502 1550 542 ὥς
1579 518 1672 541 τινες
1701 508 1761 541 ἐπὶ
1793 506 1936 550 ζητήσει
1960 506 2200 543 κατελθόντες
2223 511 2264 542 ὲν
2288 505 2473 554 διαφόροις

255 557 438 600 ἐπαρχίαις
461 557 538 589 τῶν
566 556 711 589 ἑαυτοὺς
741 556 786 600 τῇ
817 555 896 588 τῶν
930 554 1122 598 αἱρετικῶν
1152 551 1411 587 ἐκδεδωκότων
1442 550 1559 598 πλάνῃ
1592 555 1652 585 καὶ
1683 551 1836 587 πολλοὺς
1867 550 1958 596 ὑπὲρ
1981 553 2044 595 τῆς
2066 552 2233 595 τοιαύτης
2258 553 2373 588 αἰτίας
2395 554 2472 587 τῶν
2497 556 2516 587 5

253 599 443 635 ὑποτελῶν
474 599 665 643 συσχόντες
692 598 787 645 λόγῳ
813 599 1051 644 σπορτούλων
1082 598 1253 633 πλεῖστον
1287 595 1370 644 παρ’
1397 596 1521 631 αὐτῶν
1544 600 1690 640 χρυσίον
1713 595 1891 640 εἰλήφασι,
1916 597 2140 641 θεσπίζομεν
2162 599 2244 632 τοὺς
2267 597 2412 632 τοιοῦτό
2436 611 2473 631 τι

253 644 514 689 τετολμηκότας
540 648 599 678 καὶ
628 645 851 687 συσχεθῆναι
883 647 943 677 καὶ
975 643 1226 688 προςαχθῆναι
1255 646 1327 677 τοῖς
1357 641 1625 687 λαμπροτάτοις
1655 642 1733 676 τῶν
1757 642 1941 686 ἐπαρχιῶν
1965 640 2111 686 ἄρχουσι
2134 646 2192 676 καὶ
2214 641 2289 687 μετ’
2316 642 2474 689 ἐλέγχους

253 691 296 724 τὸ
322 689 466 735 ληφθὲν
489 689 720 732 καταθεῖναι,
744 692 803 722 καὶ
820 689 862 723 τὸ
885 690 954 732 μὲν
978 689 1142 732 simplum
1165 691 1239 722 τοῖς
1262 688 1503 731 ζημιωθεῖσιν
1527 684 1644 720 αύτοῖς
1666 684 1879 728 ἀναδοῦναι,
1902 686 1945 720 τὸ
1971 685 2011 720 δὲ
2034 687 2180 731 duplum
2203 689 2474 732 είςκομισθῆναι

254 738 276 771 1
314 736 368 777 τῷ
394 734 566 778 δημοσίῳ.
619 733 704 767 Τοὺς
728 732 768 768 δὲ
790 736 1025 777 τεταγμένους
1048 733 1095 767 εἰς
1117 731 1186 775 τὴν
1209 731 1428 777 βικαοιανὴν
1450 732 1566 774 τάξιν,
1590 732 1657 775 τὴν
1677 729 1968 776 ὑπηρετουμένην
1989 732 2043 774 τῷ
2066 730 2294 777 περιβλέπτῳ
2319 736 2472 777 βικαρίῳ

254 781 315 821 τῆς
336 778 501 819 Ἀσιανῆς
531 778 736 822 διοικήσεως
765 777 923 821 κινδύνῳ
953 779 1071 821 οἰκείῳ
1101 781 1161 811 καὶ
1193 778 1271 811 τῶν
1294 765 1538 822 ύπαρχόντων
1562 774 1679 810 αὐτοῖς
1702 775 1931 822 πραγμάτων
1953 774 2022 819 τὴν
2043 775 2243 820 εἰςκομιδὴν
2265 778 2340 811 τῶν
2365 775 2470 821 δημο4
2501 780 2539 811 10

255 828 347 858 σίων
378 824 568 860 ποιεῖσθαι
598 822 735 869 φόρων,
766 822 1030 857 ἐκλελοιπότων
1060 826 1136 867 μέν,
1172 821 1342 867 καθάπερ
1372 821 1394 865 ἡ
1425 822 1469 864 σὴ
1497 821 1651 865 ὑπεροχὴ
1682 823 1742 854 καὶ
1772 822 1878 855 τοῦτο
1908 821 1957 854 εἰς
1982 821 2051 864 τὴν
2085 820 2262 865 ἡμετέραν
2294 818 2474 869 ἀνήγαγεν

255 867 451 913 εὐσέβειαν,
474 870 552 903 τῶν
575 871 623 903 εἰς
646 869 714 911 τὴν
738 867 933 913 ἐπιχώριον
957 865 1241 912 ἀναφερομένων
1262 867 1370 907 τάξιν
1394 870 1454 900 καὶ
1469 867 1517 900 εἰς
1534 864 1671 912 ὀλίγους
1686 863 1829 911 σφόδρα
1844 863 2100 910 περιστάντων
2116 864 2250 908 αὐτῶν,
2274 867 2313 899 ἐκ
2329 867 2475 902 πολλῶν

255 912 295 948 δὲ
320 913 465 960 χρόνων
496 915 560 948 τοῦ
583 917 747 959 βικαρίου
771 917 830 946 καὶ
854 913 922 955 τὴν
944 915 1009 947 τοῦ
1034 911 1289 957 λαμπροτάτου
1312 913 1373 954 τῆς
1396 914 1564 957 ἐπαρχίας
1594 911 1762 956 ἄρχοντος
1791 911 1855 944 τοῦ
1888 912 2043 957 Φρυγῶν
2076 912 2324 945 Πακατιανᾱὶν
2346 912 2475 946 ἔθνους

255 958 517 1005 παρειληφότος
549 956 672 1003 ἀρχήν.
721 956 842 992 ἀδείας
872 956 978 1000 οὔσης
1001 961 1072 992 τοῖς
1095 958 1143 991 εἰς
1166 955 1236 1000 τὴν
1259 957 1476 1002 βικαριανὴν
1500 953 1777 1002 ἀναφερομένοις
1799 954 1906 996 τάξιν
1929 956 2020 990 κατὰ
2043 954 2238 1000 πρόςταξιν
2255 957 2320 989 τοῦ
2343 958 2409 990 νῦν
2433 969 2473 990 τε

254 1007 314 1037 καὶ
346 1004 438 1038 κατὰ
467 1003 594 1048 καιρὸν
623 1007 786 1048 βικαρίου
817 1002 881 1037 τὰς
913 1001 1084 1046 δημοσίας
1115 1001 1339 1047 εἰςπράττειν
1371 1000 1588 1043 συντελείας,
1615 1004 1675 1034 καὶ
1707 1000 1992 1045 παρασκευάζειν
2024 998 2135 1034 αὐτὰς
2168 1001 2395 1046 εἰςφέρεσθαι
2418 1002 2473 1044 τῷ
2502 1005 2542 1036 15

253 1050 278 1084 2
326 1047 496 1092 δημοσίῳ.
551 1047 636 1082 Τοὺς
667 1047 707 1082 δὲ
738 1047 848 1082 ὄντας
874 1047 1043 1081 ἐθνικοὺς
1074 1044 1272 1082 ἀποδέκτας
1299 1045 1392 1080 καθ’
1419 1045 1577 1088 ἑκάστην
1608 1047 1784 1091 ἐπαρχίαν
1815 1045 2040 1088 θεσπίζομεν
2069 1047 2110 1080 ἐν
2136 1049 2212 1079 ταῖς
2243 1042 2327 1091 παρ’
2354 1043 2476 1080 αὐτῶν

253 1097 457 1140 γινομέναις
480 1090 684 1133 ἀποδείξεσι
708 1091 982 1137 διακεκριμένως
1005 1092 1048 1126 τὸ
1070 1089 1126 1126 ἐπ’
1154 1090 1282 1126 αὐτοὺς
1306 1090 1624 1135 καταβαλλόμενον
1646 1094 1789 1136 χρυσίον
1813 1088 2015 1147 ἐγγράφειν,
2040 1094 2100 1124 καὶ
2124 1088 2322 1136 διακρίνειν
2345 1091 2413 1135 τήν
2436 1103 2477 1124 τε

254 1137 574 1182 καταβαλλομένην
604 1135 658 1173 ἐπ’
692 1136 797 1171 αὐτοὶ
804 1148 819 1171 ς
848 1137 1034 1179 ποσότητα
1058 1137 1238 1182 προφάσει
1261 1137 1338 1171 τῶν
1362 1134 1576 1179 ἀνηκόντων
1600 1137 1643 1181 τῇ
1671 1137 1733 1178 τῆς
1757 1137 1818 1177 σῆς
1841 1137 2014 1180 υπεροχῆς
2037 1138 2196 1181 τραπέζῃ
2219 1138 2279 1169 καὶ
2302 1136 2371 1179 τὴν
2393 1132 2476 1179 ἆνή-

255 1195 391 1218 κουσαν
414 1187 492 1217 ταῖς
511 1183 629 1217 θείαις
653 1180 758 1227 ἡμῶν
780 1181 991 1227 λαργιτιόσι,
1014 1185 1075 1216 καὶ
1100 1181 1160 1216 διὰ
1184 1183 1261 1215 τῶν
1283 1181 1461 1216 τοιούτων
1484 1178 1707 1221 ἀποδείξεων
1727 1178 1857 1223 δηλοῦν
1875 1181 1942 1224 τὴν
1957 1179 2276 1225 καταβαλλομένην
2291 1179 2478 1225 ποσότητα

254 1231 314 1262 καὶ
336 1228 385 1273 μὴ
409 1228 456 1262 τὰ
477 1228 515 1268 ἐξ
538 1228 674 1273 ἑτέρων
696 1227 833 1262 τίτλων
855 1224 982 1261 ἄδειαν
1005 1228 1099 1269 ἔχειν
1122 1227 1224 1261 τινὰς
1247 1227 1295 1261 εἰς
1318 1227 1455 1271 ἑτέρους
1477 1227 1728 1271 μετατιθέναι.
2501 1233 2545 1266 20

388 1269 509 1318 (Ἐπί
516 1271 563 1307 λο
571 1286 620 1320 γο
630 1273 674 1318 ς.)
714 1273 764 1306 Τὰ
786 1275 911 1306 τοίνυν
935 1270 1178 1316 παραστάντα
1200 1269 1287 1316 ἡμῖν
1309 1274 1368 1306 καὶ
1392 1269 1453 1306 διὰ
1477 1269 1581 1305 τοῦδε
1605 1271 1670 1306 τοῦ
1694 1272 1799 1305 θείου
1822 1271 2074 1317 πραγματικοῦ
2098 1268 2299 1315 δηλούμενα
2320 1268 2432 1314 νόμου
2454 1266 2477 1314 ἦ

255 1317 300 1362 σὴ
323 1315 476 1364 ὓπεροχὴ
501 1319 548 1352 εἰς
572 1320 677 1364 ἔργον
700 1315 865 1362 ἀχθῆναι
886 1315 1133 1362 προςταξάτω.

1344 1454 1386 1463 ι-ι

649 1529 825 1586 ΠΕΡΙ
875 1530 1022 1584 ΤΗΣ
1070 1528 1242 1654 ’(ΓΟῼΝ
1266 1463 1673 1652 ιζΡΙλλἫΕΝΙῼΝ)
1713 1527 2091 1582 ΔΙΑΔΟΧΗΣ.

1157 1619 1263 1642 mos
1310 1618 1370 1641 am
1393 1616 1449 1642 εις
1472 1632 1649 1643 ......
2502 1618 2545 1651 25

389 1675 694 1721 (Προοίμιον.)
740 1679 814 1710 Καὶ
842 1675 1043 1722 Ἀρμενίους
1073 1674 1285 1720 βουλόμεθα
1316 1675 1377 1717 τῆς
1407 1677 1581 1721 προτέρας
1611 1672 1885 1715 ἀπαλλάξαντες
1916 1671 2055 1708 ἀδικίας
2087 1674 2149 1709 ἐπὶ
2179 1671 2261 1708 τοὺς
2291 1670 2480 1719 ἡμετέρους

257 1718 317 1754 διὰ
337 1719 493 1755 πάντων
516 1719 665 1767 ἀγαγεῖν
688 1721 819 1766 νόμους
841 1725 902 1756 καὶ
921 1720 1049 1756 δοῦναι
1073 1719 1194 1755 αὐτοῖς
1216 1718 1369 1763 ἰσότητα
1390 1719 1460 1763 τὴν
1483 1722 1703 1765 πρέπουσαν.

390 1811 541 1845 Edictum
564 1811 629 1844 III
652 1811 776 1845 Graece
801 1818 921 1845 tantum
947 1818 1034 1845 eaetat
1055 1812 1090 1845 in
1113 1811 1163 1845 M
1183 1829 1226 1835 —
1251 1811 1341 1853 Epit.
1367 1810 1488 1844 Athan.
1505 1809 1608 1843 XIX
1622 1811 1665 1843 1?
1702 1804 1832 1850 (Οὐδὲν
1863 1807 1974 1843 πλέον
2004 1808 2066 1851 τῆς
2096 1808 2293 1854 ἐπιγραφῆς
2319 1805 2480 1841 διδάσκει

255 1852 279 1898 ἡ
303 1851 489 1898 διάταξις.)
534 1855 656 1897 Iulian.
681 1863 778 1890 const.
797 1856 944 1890 XXIX.

256 2010 328 2046 tale
350 2011 407 2045 ius
427 2010 472 2045 ab
496 2011 548 2045 eis
578 2011 784 2056 acceperint
792 2024 806 2052 ,-
836 2010 900 2045 sed
929 2009 1047 2044 licebit
1077 2009 1189 2044 cuivis
1218 2008 1520 2055 comprehendere
1550 2019 1623 2050 eos,
1654 2009 1713 2043 cui
1745 2009 1944 2054 imperatur
1967 2011 2008 2043 ut
2029 2008 2074 2044 ab
2097 2008 2170 2043 illis
2193 2008 2312 2045 debita
2330 2008 2480 2055 publica

257 2055 391 2091 tributa
422 2054 549 2097 solvat,
580 2056 631 2090 ita
661 2060 702 2090 ut
730 2055 788 2089 ius
816 2054 855 2089 in
880 2054 1073 2100 provincia
1099 2054 1144 2087 iis
1173 2052 1295 2088 datum
1327 2053 1377 2088 ad
1408 2053 1544 2087 nullam
1575 2063 1650 2087 rem
1682 2053 1772 2098 ipsis
1804 2053 1892 2088 utile
1915 2053 1972 2097 sit,
1996 2053 2061 2089 sed
2082 2052 2137 2087 illi
2159 2053 2228 2088 soli
2250 2054 2480 2089 securitatem

257 2100 422 2141 habeant,
448 2100 511 2145 qui
535 2109 584 2135 ex
607 2109 715 2134 sacra
738 2102 863 2134 nostra
886 2098 1046 2133 iussione
1069 2101 1135 2133 aut
1156 2097 1393 2133 excellentiae
1417 2100 1499 2132 tuae
1521 2096 1704 2132 mandatis
1725 2098 1784 2132 ius
1807 2097 1901 2143 asyli
1924 2098 2139 2143 acceperint.

388 2145 418 2180 Ι.
466 2143 643 2186 Quoniam
673 2147 792 2180 autem
823 2154 846 2178 a
876 2143 996 2188 qloria
1021 2146 1083 2177 tua
1107 2142 1226 2178 edocti
1247 2153 1370 2177 sumus
1393 2142 1588 2177 nonnullos
1611 2143 1649 2176 in
1673 2141 1834 2177 diversas
1855 2143 2064 2188 provincias
2079 2142 2272 2189 profectos
2293 2142 2343 2178 ad
2364 2143 2481 2188 inqui-

255 2189 421 2225 sitionem
445 2200 582 2231 eorum,
607 2189 670 2235 qui
692 2199 731 2224 se
755 2188 1016 2224 haereticorum
1040 2188 1158 2223 errori
1182 2187 1413 2228 dedidissent,
1436 2187 1557 2222 multis
1579 2186 1732 2222 subditis
1756 2186 1825 2222 hac
1848 2186 1893 2223 de
1916 2198 2027 2223 causa
2051 2187 2314 2234 comprehensis
2335 2192 2480 2234 sportu-

256 2235 374 2270 larum
398 2235 541 2270 nomine
562 2234 759 2280 plurimum
782 2234 865 2268 auri
889 2232 933 2268 ab
957 2233 1009 2268 eis
1032 2233 1224 2278 accepisse,
1248 2233 1441 2274 sancimus,
1466 2236 1508 2267 ut
1530 2232 1596 2277 qui
1618 2232 1689 2267 tale
1713 2231 1854 2277 aliquid
1880 2233 1961 2267 ausi
1975 2237 2059 2267 sunt
2082 2237 2116 2267 et
2133 2232 2481 2278 comprehendantur

255 2284 291 2315 et
313 2279 363 2314 ad
383 2279 600 2314 clarissimos
618 2278 892 2325 provinciarum
943 2277 1102 2313 raesides
1125 2277 1318 2319 ducantur,
1342 2282 1377 2312 et
1397 2281 1483 2323 post
1504 2276 1740 2323 probationes
1764 2276 1863 2322 quod
1884 2277 2090 2323 acceperint
2112 2278 2150 2312 in
2167 2280 2217 2313 tri
2242 2277 2313 2312 lum
2328 2277 2480 2320 solvant,

256 2327 278 2360 1
336 2327 373 2359 et
401 2324 569 2370 simplum
601 2325 647 2359 iis
678 2324 769 2370 ipsis
801 2323 865 2369 qui
895 2289 1026 2358 dssmno
1059 2322 1184 2367 affecti
1213 2326 1297 2357 sunt
1326 2321 1497 2364 reddant,
1533 2321 1683 2367 duplum
1713 2332 1796 2357 vero
1829 2322 1920 2366 fisco
1951 2322 2148 2368 inferatur.
2228 2322 2265 2356 ui
2296 2326 2414 2358 autem
2441 2323 2480 2356 in

255 2370 442 2404 vicariana
471 2369 628 2411 cohorte,
660 2379 754 2414 quae
783 2367 972 2414 spectabili
994 2367 1154 2402 Asianae
1185 2366 1387 2402 dioeceseos
1418 2367 1555 2402 vicario
1587 2370 1754 2412 apparet,
1787 2367 1973 2402 constituti
2002 2370 2099 2408 sunt,
2134 2377 2201 2402 suo
2235 2367 2481 2412 bonorumque

255 2424 403 2449 suorum
426 2414 594 2460 periculo
621 2413 852 2460 publicorum
885 2412 1101 2448 tributorum
1131 2411 1328 2447 illationem
1346 2412 1518 2458 faciant,
1551 2421 1631 2446 cum
1657 2411 1874 2456 defecerint,
1907 2415 1948 2447 ut
1979 2411 2047 2447 hoc
2079 2422 2223 2458 quoque
2246 2411 2296 2447 ad
2318 2417 2480 2447 nostram

254 2461 424 2505 pietatem
444 2459 658 2494 excellentia
683 2463 745 2493 tua
766 2457 915 2499 rettulit,
940 2458 969 2492 ii
987 2457 1054 2508 qui
1077 2456 1127 2491 ad
1146 2456 1407 2503 provincialem
1431 2456 1614 2492 cohortem
1632 2456 1820 2502 pertinent
1843 2460 1880 2492 et
1903 2456 1952 2491 ad
1972 2467 2116 2503 paucos
2132 2456 2325 2492 admodum
2343 2456 2482 2492 redacti

255 2506 339 2547 sint,
369 2515 389 2539 e
419 2503 530 2539 multo
556 2508 673 2539 autem
699 2507 857 2550 tempore
880 2502 1037 2537 vicarius
1062 2502 1169 2537 etiam
1194 2501 1384 2537 clarissimi
1400 2502 1618 2547 provinciae
1639 2501 1821 2546 praesidis
1844 2500 2033 2548 Phryqum
2057 2501 2340 2537 Pacatianorum
2363 2501 2482 2547 qentis

256 2549 509 2595 maqistratum
542 2548 764 2595 susceperit;
795 2547 938 2583 licentia
969 2547 1056 2582 data
1079 2547 1135 2588 iis,
1195 2547 1234 2581 ui
1254 2546 1292 2580 in
1316 2546 1538 2580 vicarianam
1561 2545 1742 2581 cohortem
1762 2545 1871 2582 relati
1893 2550 1990 2588 sunt,
2015 2550 2056 2582 uc
2079 2546 2182 2581 iussu
2205 2546 2335 2582 vicarii
2358 2550 2395 2582 et
2418 2547 2480 2592 qui

256 2595 280 2629 2
326 2604 423 2628 nunc
447 2597 502 2628 est
532 2597 569 2629 et
586 2604 659 2639 pro
685 2597 845 2639 tempore
866 2593 1018 2637 futurus
1042 2595 1096 2627 est
1113 2602 1168 2638 pu
1193 2591 1283 2626 licas
1306 2591 1588 2626 contributiones
1608 2590 1761 2636 emigrant
1783 2601 1916 2636 easque
1935 2591 2026 2637 fisco
2048 2591 2182 2636 inferri
2205 2594 2341 2626 curent.
2388 2590 2480 2626 Pro-

257 2638 427 2674 vinciales
457 2649 541 2673 vero
570 2643 797 2684 susceptores
826 2638 864 2672 in
896 2647 970 2671 una
1001 2647 1145 2681 quaque
1171 2636 1366 2682 provincia
1391 2636 1606 2671 constitutos
1630 2636 1668 2670 in
1692 2635 1843 2681 apochis
1866 2636 1910 2671 ab
1935 2637 1987 2672 eis
2010 2636 2189 2682 confectis
2211 2636 2367 2671 solutum
2389 2636 2480 2682 ipsis

257 2694 386 2718 aurum
409 2682 576 2718 distincte
598 2682 796 2718 inscribant
820 2686 857 2717 et
878 2682 1086 2717 discernant
1108 2680 1263 2716 solutam
1287 2681 1377 2726 ipsis
1401 2682 1639 2726 quantitatem
1662 2682 1850 2716 occasione
1873 2691 2010 2723 eorum,
2035 2691 2129 2726 quae
2149 2685 2232 2716 tuae
2246 2681 2482 2717 excellentiae

257 2739 410 2770 mensae,
434 2732 469 2762 et
489 2739 584 2774 quae
606 2729 722 2764 sacris
746 2728 882 2763 nostris
906 2725 1160 2772 larqitionibus
1185 2729 1402 2771 competunt,
1428 2730 1464 2760 et
1472 2736 1543 2780 per
1559 2724 1766 2760 huiusmodi
1779 2726 1991 2761 securitates
2003 2726 2226 2772 persolutam
2245 2726 2481 2771 quantitatem

257 2773 500 2818 manifestent,
527 2783 642 2818 neque
664 2783 714 2808 ex
737 2772 820 2807 aliis
844 2771 957 2807 titulis
980 2771 1018 2806 in
1041 2771 1135 2806 alios
1159 2775 1396 2817 transponere
1420 2781 1589 2816 cuiquam
1613 2770 1728 2805 liceat.

393 2816 634 2863 Epiloqus.
683 2816 783 2860 Quae
805 2817 918 2863 iqitur
941 2816 1045 2851 nobis
1061 2815 1285 2861 placuerunt
1306 2819 1342 2851 et
1356 2826 1430 2862 per
1452 2815 1548 2851 hanc
1569 2825 1712 2850 sacram
1729 2815 1999 2861 praqmatieam
2015 2813 2248 2850 declarantur
2267 2814 2390 2860 legem,
2414 2825 2479 2850 ex-

257 2862 422 2899 cellentia
448 2866 510 2897 tua
533 2862 583 2897 ad
602 2862 767 2909 effectum
788 2861 941 2909 perduci
963 2861 1095 2896 iubeat.

796 3061 899 3113 DE
939 2992 1434 3112 ARMENIORIUIllI
1478 3059 1954 3112 SUCCESSJONE.

1147 3137 1246 3175 Idem
1267 3140 1466 3187 imperator
1490 3167 1498 3175 .
1523 3166 1533 3175 .
1559 3168 1567 3175 .
1593 3167 1602 3176 .

395 3208 652 3255 Praefatio.
702 3206 822 3243 Etiam
853 3208 1041 3244 Armenios
1076 3207 1242 3242 volumus
1270 3206 1431 3254 pristina
1465 3207 1644 3243 iniustitia
1674 3206 1847 3243 liberatos
1878 3206 1929 3242 ad
1958 3210 2104 3243 nostras
2135 3206 2232 3253 leqes
2254 3215 2327 3252 per
2359 3206 2480 3242 omnia

261 3254 435 3290 deducere
457 3259 493 3290 et
516 3253 780 3290 convenientem
803 3253 855 3288 eis
878 3253 1015 3303 donare
1039 3253 1265 3298 aequitatem.

307 3412 328 3444 6
364 3409 622 3454 σπορτούλλων
646 3410 688 3443 Μ
719 3409 731 3452 ss
763 3411 782 3444 8
814 3417 891 3453 post
925 3408 1070 3454 ληφθὲν
1106 3411 1261 3444 excidisse
1295 3409 1336 3443 ἐν
1406 3410 1437 3442 k.
1462 3410 1548 3443 Mai.
1575 3422 1605 3444 a.
1623 3411 1698 3443 531.
1724 3410 1735 3451 ΙΙ
1763 3411 1808 3443 24
1826 3411 1922 3443 inser.
1947 3410 2036 3451 Περὶ
2059 3407 2157 3453 (τοῦ)
2179 3405 2262 3441 τούς
2281 3403 2479 3451 Ἀρμενίους

262 3453 401 3498 τριπλῷ
426 3457 508 3489 vidit
530 3453 744 3498 Zachariaen
766 3456 806 3488 16
837 3455 997 3500 γενικοὺς
1021 3455 1102 3488 coni.
1128 3455 1316 3488 Zachariae
1322 3465 1338 3495 ,·
1403 3453 1496 3487 κατὰ
1513 3452 1594 3487 τοίς
1609 3453 1795 3496 Ῥωμαίων
1810 3452 2070 3487 πολιτεύεσθαι
2086 3451 2214 3496 νόμους
2226 3453 2300 3485 Atta.
2320 3452 2479 3493 (pertinet

264 3508 297 3533 at
313 3502 354 3540 cs.
372 3501 449 3533 Cod.
467 3502 517 3541 12,
531 3502 586 3541 63,
601 3501 621 3533 2
638 3500 657 3540 ξ
672 3506 688 3533 6
707 3498 720 3543 ΙΙ
737 3501 778 3533 22
803 3503 922 3533 subscr.
950 3501 1058 3540 deest,·
1081 3501 1161 3533 data
1189 3507 1236 3533 est
1262 3512 1336 3533 con·
1395 3500 1544 3542 sortasse
1569 3501 1616 3533 ad
1633 3512 1705 3532 nov.
1723 3500 1850 3539 XXI).
1890 3499 1933 3531 Ut
1956 3499 2042 3539 iura,
2066 3498 2199 3539 quaein
2215 3495 2477 3529 successionibus

263 3546 384 3577 stitutio
404 3552 476 3578 ante
501 3557 570 3577 nov.
590 3545 688 3584 VIII,
711 3557 775 3588 qua
787 3546 1002 3588 praecipitur,
1027 3551 1063 3578 ut
1077 3546 1220 3578 vicarius
1232 3545 1335 3578 Asiae
1403 3543 1512 3586 posita
1536 3546 1616 3577 sunt
1639 3544 1679 3576 ab
1703 3544 1860 3576 intestato
1883 3543 2103 3582 venientibus,
2128 3541 2227 3574 etiam
2249 3539 2286 3571 in
2312 3541 2476 3572 Armeniis

265 3590 444 3631 appelletur
466 3601 568 3622 comes
590 3589 757 3633 Phryyiae
777 3591 979 3623 Pacatianae
1003 3591 1054 3633 (p.
1073 3591 1127 3630 67,
1141 3596 1177 3623 26
1189 3591 1246 3631 ss.)
1270 3591 1290 3623 ι’.
1309 3602 1334 3622 e.
1403 3591 1538 3621 teneant
1560 3590 1623 3622 Iul.
1640 3588 1652 3633 ΙΙ
1673 3590 1714 3623 25
1738 3585 1776 3621 Ὁ
1799 3586 1906 3622 αὐτὸς
1924 3591 2009 3631 βασ.
2034 3586 2153 3619 addidi
2173 3597 2212 3618 ex
2233 3585 2324 3624 Ath.,
2353 3585 2475 3617 Acacio

266 3640 337 3665 ante
360 3632 462 3666 XVII
486 3634 569 3674 (XII
580 3633 610 3677 ‘?)
635 3635 665 3667 k.
687 3635 770 3668 Mai.
794 3647 824 3667 a.
842 3636 906 3669 535
929 3643 958 3668 et
977 3642 1054 3677 post
1077 3646 1171 3677 quam
1193 3635 1335 3667 Ioannes
1398 3636 1587 3677 proconsuli
1613 3635 1786 3667 Armeniae
1820 3635 1877 3676 (cf.
1911 3645 1981 3666 nov.
2003 3630 2100 3664 XXI
2127 3642 2160 3672 p.
2187 3629 2261 3669 144,
2280 3635 2313 3662 33
2345 3629 2481 3662 ΧΧΧῙ

261 3679 499 3720 praefecturam
525 3680 606 3719 iniit,
631 3680 668 3712 id
689 3681 867 3721 quodfecit
883 3682 965 3713 inter
980 3679 1015 3711 X
1031 3680 1062 3712 k.
1080 3680 1182 3713 Illart.
1202 3687 1231 3713 et
1242 3680 1331 3722 prid.
1398 3691 1434 3723 p.
1453 3679 1529 3721 236,
1542 3680 1569 3720 1)
1594 3680 1674 3712 data
1697 3690 1764 3712 esse
1786 3679 1920 3711 videtur.
