2618 4010
101 205 103 207 ,
149 172 594 207 ΔΒΜῙΝῙΒΤΒΑΤΙΟΝΠΜ
622 172 854 205 ARMEMAE

148 286 226 310 των
250 274 369 309 αὐτοῖς
399 269 496 308 οὕτω
520 271 804 327 φυλαττομένων
832 271 881 309 ὠς
912 270 1018 318 ἡνίκα
1048 273 1230 315 ταξεῶται

1222 156 1308 207 237

2056 159 2164 205 Nov.
2180 159 2328 204 XXXI
2365 163 2381 203 l

1298 272 1353 308 dis
1385 272 1479 309 sicut
1513 271 1598 308 dum
1632 271 1806 308 officiales
1843 274 1949 309 sunt*
1964 272 2162 309 constituti.
2213 272 2382 309 Civitates

149 317 437 362 καθεστήκεσαν.
483 315 612 352 Πόλεις
647 316 687 352 δὲ
721 317 964 363 υπεκλίναμεν
999 317 1090 367 αὐτῇ
1125 319 1233 353 τοῦτο
1302 320 1421 353 autem
1445 317 1681 354 subcumbere
1705 318 1847 371 quidem
1872 318 1905 353 ei
1928 320 2001 353 tam
2025 318 2156 353 Arcam
2180 321 2217 354 et
2233 318 2382 354 Arabis·

146 366 215 409 μὲν
242 363 376 411 ’Ἀρκαν
408 366 470 398 καὶ
497 360 727 412 Ἄραβισσόν,
763 365 871 399 τοῦτο
903 363 944 399 δὲ
971 362 1230 412 Ἀριαράθειαν

147 413 208 443 καὶ
232 410 387 454 Κόμανα
409 408 538 463 ἑτέραν
576 406 737 450 (καλοῦσι
767 407 808 443 δὲ
838 406 951 453 αὐτὴν
979 413 1040 444 καὶ
1068 410 1230 456 Χρυσῆν)

1298 373 1376 399 sum
1411 373 1518 408 quam
1548 362 1792 398 Ariarathlam
1827 366 1863 398 et
1895 362 2052 398 Comana
2088 363 2203 399 altera
2237 366 2382 407 (vocant

1299 410 1419 443 autem
1443 418 1521 444 eam
1543 408 1650 444 etiam
1670 407 1799 450 crisin)
1823 409 1860 443 et
1884 407 2081 451 Cucusson,
2108 419 2196 453 quas
2222 412 2257 444 et
2279 408 2382 454 prius

147 457 207 489 καὶ
238 451 456 496 Κουκουσόν,
487 465 526 488 ας
554 456 615 487 καὶ
646 454 826 500 πρότερον
856 454 950 498 εἶχεν
980 457 1019 489 ἐν
1042 454 1082 495 ἓξ
1104 452 1230 490 πόλεσι
1266 457 1284 489 5
1299 453 1426 490 habuit
1448 453 1487 489 in
1510 464 1574 490 sex
1596 452 1745 489 urbibus
1769 452 1976 488 constituta.

146 499 173 536 3
218 500 440 534 συνεστῶσα.
488 499 800 543 Συνεστησάμεθα
824 497 863 534 δὲ
882 503 941 534 καὶ
961 499 1137 544 τετάρτην
1155 497 1230 544 Ἀρ-

146 547 286 590 μενίαν,
310 540 334 587 ἢ
354 543 533 591 πρότερον
557 541 621 577 οὐκ
644 544 692 578 εἰς
712 546 805 591 έπαρ
829 549 883 580 ίας
903 548 1082 580 συνέκειτο
1103 546 1229 589 σχῆμα,

146 587 236 624 ἀλλὰ
257 589 337 623 τῶν
360 601 401 623 τε
424 589 552 624 ἐθνῶν
581 582 626 632 ἦν
654 592 713 623 καὶ
746 592 784 624 ἐκ
832 589 998 644 ιαφόρων
1028 589 1230 624 συνείλεκτο

1298 498 1325 535 3
1376 498 1570 535 Statuimus
1607 501 1726 534 autem
1762 500 1799 533 et
1834 502 1997 542 quartam
2029 499 2254 542 Armeniam,
2291 509 2382 544 quae

1298 543 1399 589 prius
1422 554 1494 579 non
1518 544 1555 579 in
1579 542 1787 590 provinciae
1810 543 1953 578 iacebat
1973 543 2134 587 imagine,
2159 544 2220 579 sed
2242 547 2278 579 et
2294 555 2380 588 gen-

1298 589 1387 623 tium
1424 592 1502 624 erat
1536 592 1573 624 et
1606 589 1827 624 diversorum
1868 588 2074 633 complicita
2111 589 2382 625 barbaricorum

146 634 384 689 ραρβαρικᾰξν
408 631 610 690 ὀνομάτων,
648 637 860 688 Ίζοΐανηνη
891 648 932 670 τε
955 632 1015 669 κἀὶ
1036 633 1232 689 Ἀνζητηνη
1299 634 1492 687 nominum,
1517 635 1569 670 ΖΟ
1596 644 1711 687 aneae
1734 637 1770 669 et
1792 633 1968 668 Anzitene
1991 633 2047 669 vel
2070 633 2214 678 Zopene
2238 637 2275 686 et
2288 634 2380 670 Asa-

146 693 169 723 η
198 680 364 734 Τζοφηνη
386 682 446 735 καὶ
466 678 705 735 Ασᾷιανηνηῗ
722 694 743 724 η
767 683 828 735 καὶ
851 679 1087 734 ξαλαβιτήνη
1105 678 1230 714 καλου·
1247 683 1285 714 10
1299 679 1420 731 thema
1451 683 1488 715 et
1516 680 1570 733 Ba
1585 679 1716 733 bitene.
1735 678 1917 731 appellata
1950 680 1986 713 et
2017 679 2084 714 sub
2117 682 2270 724 satrap1s
2295 690 2380 714 con·

146 727 236 781 gs'vn
259 727 320 759 καὶ
342 737 413 759 υπο
437 736 640 778 σατραπαις
662 736 771 779 ovea·
795 736 902 771 αρχης
925 722 965 759 δὲ
986 737 1095 779 τουτο
1116 724 1179 760 ὄνο
1208 738 1231 757 α
1299 726 1443 760 stituta:
1477 724 1797 761 admnistrauoms
1821 726 1942 759 autem
1966 723 2035 759 hoc
2059 734 2190 759 nomen
2217 728 2295 759 erat
2318 735 2380 759 ne-

146 783 192 813 ην
207 765 290 803 οὐδὲ
306 766 505 814 Ῥωμαΐκον
523 767 607 804 οὐδὲ
623 771 702 804 τῶν
721 773 904 816 ημετέρων
920 782 1123 817 προγονων,
1144 767 1165 802 ἆ
1191 766 1226 803 λ’

147 814 187 855 ἐξ
210 814 332 862 ἑτέρας
355 813 538 850 πολιτείας
572 815 865 869 εἰςενηνεγμένον.
912 813 1082 869 κάκείνην
1104 818 1230 848 τοίνυν

2024 769 2265 812 rogenitorum
2273 796 2282 812 ,
2318 769 2382 804 sed

1299 779 1367 813 que
1399 769 1586 805 Romanae
1617 779 1733 814 neque
1764 771 1968 804 nostrorum

2021 817 2037 848 t
2059 814 2156 849 illam
2187 814 2294 859 igitur
2318 814 2381 849 ad-

1298 823 1343 849 ex
1366 814 1437 849 alia
1467 814 1653 860 republica
1683 814 1940 850 introductum.

145 857 251 906 ἀρχῆς
286 858 469 913 πολιτικῆς
505 862 752 914 εκρσμησαμεν
786 871 959 938 equam,
994 859 1155 915 ,aqxowco'c
1189 872 1230 893 τε
1297 858 1568 896 ministrationis
1594 860 1705 896 civilis
1737 859 1917 895 schemate
1941 859 2198 902 decoravimus,
2229 862 2267 894 et
2289 859 2380 894 iudi-

146 903 334 941 πολιτικον
353 906 684 951 έγκαταστησαντες
700 907 760 939 καὶ
780 918 829 940 πο

147 949 487 996 Μαρτυροπολιτῶν
510 953 569 984 καὶ
594 949 636 984 τὸ
661 949 869 996 Κιθαριζὸν
892 947 1016 984 δόντες
1038 949 1227 997 φρούριον·

146 997 206 1029 καὶ
232 992 323 1039 αὐτὴ
354 993 394 1029 δὲ
425 997 465 1029 ἐν
497 997 551 1040 τῷ
575 996 653 1030 τῶν
675 991 896 1041 ὄρδιναρίων
926 992 1049 1040 ἀρχῶν
1074 997 1227 1037 κατέστη

146 1039 301 1084 σχήματι
324 1039 563 1087 κονσουλαρία
587 1038 678 1087 παρ’
701 1037 804 1083 ἡμῶν
826 1043 1011 1086 γενομένη.
1044 1036 1131 1074 α’]’ςτε
1149 1051 1226 1074 τεσ-

146 1083 269 1142 σάρων
287 1084 484 1139 Ἀρμενιῶν
508 1083 629 1120 οὐσῶν
659 1082 724 1119 δύο
754 1086 821 1129 μὲν
844 1084 936 1119 εἶναι
961 1083 1227 1129 σπεκταβιλίας,

853 918 889 939 ιν
908 918 948 939 τε
962 906 1052 953 αυτῇ
1073 903 1139 948 τὴν
1151 904 1229 938 τῶν
1244 907 1283 940 15
1300 914 1377 939 cem
1402 904 1539 940 civilem
1564 906 1762 941 statuentes
1788 907 1826 940 et
1850 904 2028 940 civitatem
2053 904 2086 939 ei
2106 904 2380 949 Maripolitano-

1298 959 1378 984 rum
1403 951 1439 985 et
1463 949 1669 986 Citharizon
1701 950 1827 986 dantes
1859 952 2027 985 castrum.
2076 950 2124 984 Et
2148 950 2239 985 haec
2262 953 2382 985 autem

1296 993 1392 1029 inter
1425 995 1685 1030 ordinariarum
1718 995 1913 1031 constituta
1936 995 2026 1042 <est>
2047 994 2215 1039 figuram,
2249 1005 2379 1030 consu-

1296 1039 1386 1074 laria
1410 1049 1432 1074 a
1456 1040 1560 1075 nobis
1583 1040 1692 1076 facta.
1727 1040 1904 1085 Quocirca
1923 1042 2094 1085 quattuor
2106 1040 2283 1075 Armeniis
2303 1040 2379 1075 exi-

1296 1084 1472 1119 stentibus
1505 1085 1593 1121 duas
1626 1085 1767 1130 quidem
1799 1095 1879 1121 esse
1910 1085 2143 1130 spectabiles,
2176 1095 2256 1120 eam
2288 1095 2381 1130 quae

146 1144 214 1184 τήν
238 1143 278 1165 τε
300 1143 364 1165 του
388 1128 604 1166 ἀνθυπάτου
628 1127 696 1173 τήν
718 1142 758 1164 τε
780 1131 846 1163 τοῦ
869 1128 1031 1184 κρμητος,
1055 1132 1115 1185 ua}
1134 1126 1225 1163 ἄνθ·
1240 1132 1282 1164 20
1295 1129 1521 1174 proconsulis
1540 1132 1578 1165 et
1595 1140 1673 1165 eam
1693 1141 1784 1174 quae
1801 1130 1942 1166 comitis
1954 1130 2053 1177 (est),
2075 1133 2111 1166 et
2128 1130 2380 1175 proconsulem

144 1188 288 1210 υπατον
317 1177 386 1220 μὲν
416 1176 509 1210 εἶναι
539 1174 606 1209 τὸν
628 1176 690 1218 τῆς
714 1174 861 1220 πρώτης
883 1173 1080 1222 ηγούμενον
1106 1177 1226 1220 Αρμε-

145 1224 235 1263 νίας,
268 1218 406 1265 κόμητα
430 1218 470 1255 δὲ
493 1218 559 1254 τὸν
582 1221 643 1263 τῆς
666 1223 797 1267 τρίτης,
827 1218 892 1254 τὸν
916 1218 956 1254 δὲ
977 1221 1039 1263 τῆς
1062 1217 1227 1264 δευτέρας

144 1269 204 1300 καὶ
223 1263 393 1310 τετάρτης
415 1262 639 1312 ὀρδιναρίους
658 1262 893 1299 καθεστάναι.
939 1268 1013 1299 Καὶ
1033 1262 1226 1310 ἐπειδήπερ

144 1312 252 1346 τοῦτο
276 1306 360 1356 ἡμῖν
384 1308 677 1352 διεσπούδασται,
703 1307 791 1345 ὥςτε
815 1308 876 1344 τὰς
896 1307 977 1364 ἄχρι
998 1312 1076 1345 τῶν
1095 1322 1225 1344 πεντα-

1296 1174 1437 1219 quidem
1460 1184 1539 1210 esse
1562 1175 1698 1220 primae
1719 1176 1978 1220 praesidentem
1990 1176 2190 1220 Armeniae,
2215 1176 2380 1211 comitem

1295 1229 1379 1255 vero
1404 1220 1549 1262 tertiae,
1583 1221 1764 1255 secundae
1787 1224 1906 1256 autem
1939 1223 1976 1256 et
2007 1225 2155 1273 quartae
2179 1220 2380 1256 ordinarios

1296 1274 1387 1300 esse.
1434 1264 1484 1299 Et
1508 1265 1675 1309 quoniam
1699 1265 1770 1300 hoc
1793 1265 1897 1301 nobis
1923 1266 2030 1301 studi1
2051 1270 2117 1308 est,
2142 1269 2183 1301 ut
2199 1276 2313 1310 usque
2333 1266 2381 1302 ad

1296 1311 1568 1355 quingentorum
1592 1310 1788 1345 solidorum
1819 1311 2078 1356 appellationes
2108 1321 2183 1347 non
2214 1311 2260 1346 ad
2286 1312 2380 1346 hanc

144 1358 278 1390 κοσίων
301 1353 538 1409 νομισμάτων
563 1352 749 1397 ἐκκλήτους
779 1352 855 1397 οὐχὶ
886 1367 975 1402 προς
1005 1354 1142 1398 ταύτην
1167 1358 1224 1400 ‹pe-
1241 1358 1281 1390 25
1295 1355 1501 1391 referantur
1540 1355 1784 1391 felicissimam
1826 1356 2021 1399 civitatem,
2062 1356 2126 1391 sed
2161 1356 2208 1391 ad
2242 1356 2378 1392 vicinos

143 1400 277 1447 ρεσθαι
299 1414 321 1434 τ
345 1414 368 1435 ν
391 1396 587 1444 εὐδαίμονα
610 1399 728 1443 πόλιν,
763 1397 843 1434 ἀλλ’
871 1402 931 1434 ἐπὶ
955 1399 1037 1435 τούς
1060 1399 1227 1455 σύνεχχυς

71 1462 78 1469 ·
143 1449 332 1499 σπεκταβι,
346 1448 418 1479 ίους
437 1443 621 1498 ἄρχοῃντας,
645 1449 705 1479 καὶ
728 1446 836 1479 τοῦτο
858 1444 1113 1491 διατυποῦμεν,
1139 1457 1226 1479 ωςτε

1296 1400 1511 1446 spectabiles
1535 1400 1683 1444 iudices,
1709 1404 1744 1436 et
1763 1401 1834 1436 hoc
1857 1401 2088 1446 disponimus,
2113 1403 2155 1436 ut
2172 1401 2282 1437 iudici
2302 1401 2378 1446 qui-

1296 1445 1376 1481 dem
1408 1446 1544 1491 primae
1575 1446 1777 1487 Armeniae,
1810 1446 1880 1482 hoc
1909 1448 1965 1481 est
1994 1447 2216 1491 proconsuli,
2249 1457 2294 1482 ex
2323 1457 2378 1482 se-

141 1492 196 1534 τῷ
220 1493 287 1534 μὲν
310 1503 457 1537 αρχοντι
487 1502 548 1534 της
579 1488 726 1536 πρώτης
746 1488 947 1537 Ἀρμενίας,
978 1494 1144 1525 τουτέστι
1173 1492 1225 1534 τῷ
1296 1491 1413 1527 cunda
1429 1490 1602 1526 Armenia
1626 1491 1883 1536 appellationes
1909 1490 2124 1534 deferantur,
2150 1491 2220 1527 hoc
2244 1495 2299 1527 est
2323 1502 2378 1527 se-

141 1533 360 1579 ἀνθυπάτῳ,
392 1534 455 1570 τὰς
486 1537 525 1569 ἐκ
556 1536 617 1578 τῆς
648 1533 813 1582 δευτέρας
833 1533 1018 1582 Ἀρμενίας
1041 1535 1227 1579 ἐκκλήτους
1296 1536 1451 1571 cundum
1482 1535 1701 1580 Sebastiam,
1738 1536 1868 1572 tertiae
1902 1546 1986 1572 vero
2018 1537 2210 1572 Armeniae
2247 1537 2378 1579 comiti,

142 1580 333 1627 φέρεσθαι,
365 1583 530 1615 τουτέστι
553 1579 616 1615 τὰς
639 1579 731 1615 κατά
755 1581 993 1625 Σεβάστειαν,
1024 1582 1078 1625 τῷ
1102 1579 1142 1615 δὲ
1165 1582 1227 1625 τῆς
1240 1584 1281 1616 30
1295 1581 1491 1617 secundum
1522 1581 1728 1617 Melitenem
1762 1581 1932 1624 dicimus,
1969 1592 2013 1617 ex
2049 1583 2177 1626 quarta
2209 1582 2380 1617 Armenia

141 1629 263 1680 τρίτης
283 1626 467 1678 Ἀρμενίας
487 1625 630 1670 κόμητι,
666 1627 720 1669 τῷ
745 1625 838 1661 κατὰ
861 1625 1070 1670 Μελιτηνήν
1094 1640 1225 1672 φαμεν,
1294 1626 1553 1671 appellationes
1577 1636 1691 1672 usque
1715 1626 1762 1662 ad
1786 1629 2016 1663 memoratam
2041 1630 2246 1673 competant
2265 1638 2379 1673 quan-

140 1682 204 1705 τας
234 1673 273 1705 ἐκ
305 1682 365 1714 της
395 1668 567 1718 τετάρτης
594 1668 779 1717 Ἀρμενίας
810 1668 997 1715 ἐκκλήτους
1026 1675 1129 1720 μέχρι
1160 1672 1224 1706 τοῦ
1294 1672 1443 1708 titatem.

141 1716 318 1763 ῥηθέντος
341 1713 486 1759 ἀνήκειν
509 1717 635 1752 ποσοῦ.

139 1852 224 1889 inde
247 1852 399 1888 servatis
422 1861 467 1887 ac
489 1851 574 1887 dum
597 1851 780 1897 officiales
802 1855 911 1887 erant
928 1852 1124 1888 constituti.
1177 1851 1289 1888 Urbes
1312 1855 1431 1888 autem
1455 1852 1490 1888 ei
1511 1852 1728 1889 subiecimus
1752 1855 1825 1888 tam
1836 1852 1971 1888 Arcam
1990 1855 2028 1888 et
2039 1852 2249 1888 Arabissum
2270 1864 2378 1899 quam

140 1896 392 1934 Ariarathiam
416 1901 452 1933 et
477 1897 636 1933 Comana
660 1896 813 1932 alteram
837 1899 984 1941 (vocant
1006 1900 1125 1933 autem
1149 1897 1298 1933 eandem
1322 1898 1431 1934 etiam
1458 1897 1630 1944 Chrysen)
1660 1901 1697 1933 et
1722 1896 1915 1940 Cucuwm,
1947 1908 2040 1944 quas
2059 1898 2167 1933 etiam
2182 1899 2294 1945 prius
2313 1898 2377 1934 ba-

138 1942 165 1979 3
210 1942 315 1979 bebat
335 1953 404 1978 sex
427 1942 575 1979 urbibus
598 1945 780 1978 constans.
876 1941 1136 1978 Constituimus
1157 1954 1243 1979 vero
1275 1944 1384 1979 etiam
1407 1947 1576 1989 quartam
1600 1944 1820 1986 Armeniam,
1852 1953 1947 1989 quae
1967 1943 2074 1989 prius
2105 1944 2143 1977 in
2164 1944 2378 1989 provinciae

138 1988 302 2034 formam
326 1986 476 2024 redacta
499 1998 574 2023 non
597 1991 688 2030 erat,
720 1986 786 2023 sed
806 1988 967 2034 qentium
990 1991 1073 2024 erat
1094 1990 1131 2024 et
1151 1998 1202 2024 esc
1224 1987 1377 2024 diversis
1400 1987 1606 2024 nominibus
1629 1988 1797 2024 barbaris
1820 1987 1984 2030 collecta,
2016 1991 2053 2023 et
2077 1987 2320 2034 Tzoplzanene
2343 1992 2379 2024 et

139 2034 321 2070 Anzetene
343 2032 400 2069 vel
424 2032 617 2079 Tzopbene
639 2037 676 2068 et
697 2032 920 2069 Asthianene
948 2032 1004 2069 vel
1026 2033 1135 2069 etiam
1158 2032 1375 2069 Balabitene
1400 2037 1543 2076 vocata,
1573 2037 1610 2069 et
1637 2034 1703 2070 sub
1725 2033 1889 2080 satrapis
1912 2033 2131 2068 constituta:
2165 2032 2235 2068 Ιιοσ
2258 2038 2377 2069 autem

139 2078 377 2125 magistratus
410 2088 540 2113 nomen
574 2088 691 2124 neque
723 2077 926 2113 Romanum
960 2082 1042 2114 erat
1073 2089 1190 2125 neque
1224 2079 1404 2114 maiorum
1439 2082 1665 2122 nostrorum,
1700 2078 1765 2114 sed
1798 2089 1849 2114 ex
1884 2077 2006 2113 aliena
2039 2077 2227 2124 republica
2261 2079 2377 2114 intro-

139 2123 296 2160 ductum.
343 2121 477 2169 Itaque
499 2123 600 2158 illam
622 2133 767 2174 quoque
791 2123 906 2159 civilis
930 2122 1257 2158 administrationis
1285 2124 1413 2169 forma
1437 2124 1656 2166 ornavimus,
1687 2134 1767 2159 cum
1796 2127 1832 2159 et
1854 2122 1992 2159 civilem
2015 2123 2267 2169 maqistratum
2291 2134 2376 2159 con-

139 2169 370 2205 stitueremus
392 2172 429 2204 et
447 2167 571 2204 urbem
594 2178 627 2204 ei
647 2167 1068 2214 Martyropolitanorum
1091 2172 1128 2203 et
1150 2173 1310 2203 castrum
1329 2167 1543 2210 Citharizon
1563 2168 1753 2209 daremus;
1776 2171 1887 2213 atque
1905 2168 1944 2202 in
1965 2167 2237 2203 ordinariorum
2261 2169 2375 2215 maqz’-

138 2216 318 2249 stratuum
339 2213 500 2259 formam
523 2213 606 2259 ipsa
655 2224 773 2258 uoque
796 2213 946 2248 redacta
970 2216 1025 2248 est
1047 2213 1254 2248 consularis
1276 2224 1299 2248 a
1323 2213 1427 2248 nobis
1447 2213 1572 2258 facta:
1606 2213 1659 2248 ita
1683 2217 1734 2255 ut,
1765 2223 1844 2247 cum
1868 2216 2045 2258 quattuor
2075 2212 2150 2248 sint
2171 2214 2375 2255 Armeniae,

139 2258 234 2295 duae
250 2257 394 2304 quidem
415 2257 490 2293 sint
511 2261 636 2304 specta
661 2258 727 2293 iles
749 2260 785 2292 et
800 2268 894 2303 quae
910 2257 1148 2303 proconsulis
1171 2262 1207 2292 et
1230 2268 1324 2303 quae
1346 2257 1488 2292 comitis
1509 2261 1573 2299 est,
1597 2262 1634 2293 et
1649 2257 1857 2303 proconsul
1878 2257 1928 2292 sit
1947 2256 2010 2308 qui
2026 2257 2170 2303 primae
2182 2259 2376 2294 Armeniae

132 2306 298 2351 praeest,
322 2313 441 2338 comes
463 2302 526 2348 qui
551 2302 691 2344 tertiae,
715 2301 895 2337 secundae
913 2312 999 2337 vero
1023 2307 1060 2337 et
1079 2305 1234 2347 quartae
1251 2301 1441 2348 praesides
1461 2301 1643 2337 ordinarii
1665 2302 1748 2337 sint.
1786 2300 1837 2337 Et
1852 2311 2027 2347 quoniam
2046 2301 2117 2336 hoc
2137 2302 2236 2337 omni
2253 2304 2374 2339 studio

140 2347 269 2383 sectati
293 2357 427 2389 sumus,
451 2350 493 2382 ut
515 2346 783 2393 appellationes
806 2356 920 2392 usque
943 2346 993 2381 ad
1015 2346 1234 2392 quinqentos
1256 2346 1396 2382 solidos
1418 2357 1493 2382 non
1517 2346 1567 2381 ad
1589 2345 1684 2382 banc
1704 2346 1851 2391 felicem
1875 2346 2009 2388 urbem,
2031 2346 2097 2381 sed
2115 2346 2166 2381 ad
2176 2348 2376 2393 proximos

139 2391 354 2439 spectabiles
376 2391 615 2438 maqistratus
637 2391 866 2436 deferantur,
899 2392 1007 2426 etiam
1037 2390 1105 2425 lzoc
1129 2391 1391 2433 constituimus,
1422 2394 1464 2426 ut
1486 2391 1536 2426 ad
1557 2391 1810 2437 maqistratum
1830 2391 1972 2437 primae
1994 2390 2198 2434 Armeniae,
2229 2391 2299 2428 lzoc
2322 2399 2377 2429 est

135 2436 408 2485 proconsulem,
433 2436 699 2483 appellationes
718 2447 768 2471 ex
789 2435 949 2471 secunda
965 2435 1137 2471 Armenia
1161 2436 1389 2481 deferantur,
1414 2435 1483 2471 hoc
1502 2439 1557 2471 est
1579 2446 1674 2481 quae
1696 2435 1735 2470 in
1753 2434 1920 2471 Sebastia
1936 2436 2043 2480 fiunt,
2068 2435 2118 2470 ad
2142 2437 2270 2472 tertiae
2290 2448 2374 2474 vero

139 2482 332 2518 Armeniae
360 2483 536 2524 comitem,
567 2492 647 2517 eum
672 2480 823 2516 dicimus
854 2481 917 2527 qui
940 2484 995 2517 est
1016 2480 1055 2516 in
1076 2480 1256 2523 Melitene,
1286 2491 1336 2517 ex
1367 2486 1501 2527 quarta
1524 2481 1696 2517 Armenia
1726 2480 1992 2528 appellationes
2021 2490 2135 2526 usque
2165 2481 2215 2516 ad
2240 2481 2374 2519 dictam

140 2526 379 2573 quantitatem
394 2527 613 2573 pertineant.

185 2665 205 2698 2
229 2660 536 2706 καθειστήκεισαν
556 2663 593 2696 Β
609 2662 622 2707 11
639 2658 892 2705 ὑπεκλίναμεν]
914 2661 1127 2695 succumbere
1146 2662 1220 2704 qui-

139 2710 213 2743 dem
237 2709 310 2750 (τῖε.
332 2704 522 2742 ὖποκλῖναι
544 2708 623 2751 μὲν)
649 2720 668 2744 ς
693 2708 705 2750 11
729 2709 749 2742 3
773 2705 796 2741 ἆ
819 2720 889 2741 καν
900 2708 947 2741 Μ
952 2708 1085 2748 ἸἸιεοᾱ.]
1110 2703 1222 2753 ἀρκὰν

139 2755 210 2788 LB
228 2752 241 2799 11
267 2749 445 2798 ἆραβισὸν
470 2753 591 2787 Tbeod.
618 2752 631 2797 11
661 2720 904 2798 ἄριαράὸειαν
927 2752 1018 2794 ΜΒ]
1054 2749 1221 2797 ἀριάρσά-

139 2799 251 2833 θειαν
261 2799 291 2832 L
309 2795 561 2844 ἆριαρωθείαν
576 2799 696 2832 Theod.
713 2797 725 2841 11
744 2800 766 2832 4
778 2795 919 2841 κόμανα
932 2798 1024 2840 Ζι(ς)]
1046 2795 1223 2841 Κόμαναν

139 2845 176 2878 Β
199 2841 377 2886 κώμαναν
395 2844 443 2877 M
445 2844 566 2877 Tkeod.
588 2841 757 2887 (Κόμανα
772 2844 916 2877 Hierocl.
930 2844 1060 2887 synecd.
1077 2844 1153 2884 703,
1171 2845 1222 2876 11.

139 2890 244 2924 Notit.
255 2890 429 2932 metrop.9,
439 2890 516 2930 208,
531 2887 698 2931 Κώμανα
706 2888 809 2922 Notit.
821 2890 854 2930 8,
864 2889 928 2922 299
939 2888 1061 2921 Par-the
1085 2891 1096 2930 )
1113 2887 1125 2931 11
1141 2899 1221 2933 χρυ-

139 2945 208 2976 σην
222 2935 269 2968 Μ
285 2931 433 2981 Χρυσὴν
451 2934 488 2967 Β
516 2935 643 2979 χρυσὶν
664 2934 784 2968 ΤΙιεοᾰ.
808 2931 963 2978 χρούσην
981 2933 1013 2966 L
1067 2933 1150 2966 risin
1170 2944 1189 2968 ς
1211 2930 1223 2977 11

141 2982 160 3014 5
182 2975 403 3012 κουακουσόν
417 2979 537 3012 ΤΙιεοᾱ.
566 2975 762 3012 κουκονσόν
774 2978 826 3011 B⁶
852 2977 1021 3011 Guousson
1036 2990 1055 3015 ς
1073 2977 1085 3022 11
1102 2980 1121 3012 6
1139 2987 1221 3011 συν-

139 3023 308 3057 εστῶσαν
320 3024 371 3056 B⁶
385 3022 398 3066 11
417 3025 436 3056 7
450 3018 472 3064 ἢ
485 3023 566 3064 LB]
582 3021 604 3065 ἢ
618 3024 658 3056 Μ
674 3022 686 3066 11
705 3025 724 3057 8
735 3036 783 3066 sq.
798 3024 857 3056 καὶ
876 3023 914 3055 ἐκ
935 3020 1124 3070 διαφόρων
1139 3032 1221 3055 συν-

140 3066 276 3101 είλεκτο
289 3086 334 3091 -
346 3064 537 3111 ὀνομάτων
574 3070 607 3101 et
627 3068 832 3100 diversorum
853 3067 1043 3110 complicita
1058 3087 1101 3092 —
1114 3067 1221 3100 nomi-

139 3124 222 3146 num
237 3124 256 3149 ς
274 3113 286 3155 11
302 3114 322 3146 9
343 3113 553 3157 τζοφανηνη
565 3124 607 3146 τε
620 3113 667 3146 Μ
667 3113 724 3155 (ς)]
745 3110 932 3156 τζοφανὴν
947 3110 1008 3154 ἤτε
1020 3113 1073 3146 B⁶
1090 3110 1220 3157 τζοφά-

140 3169 208 3199 νην
226 3153 248 3199 ἢ
268 3157 308 3189 τὲ
327 3157 358 3190 L
378 3156 434 3196 (τὸ
453 3160 617 3201 φαινίνιν
624 3170 688 3200 pro
703 3155 912 3201 ζοφανηνήν
926 3158 1089 3191 Theodori
1105 3159 1189 3199 cod.)
1209 3155 1222 3202 11

140 3199 322 3244 ἆνζητηνὴ
332 3202 416 3242 ML]
435 3203 596 3235 Anzitene
610 3214 630 3239 ς
642 3200 653 3213 '
682 3199 832 3244 νζητινὴ
841 3203 876 3235 Β
890 3197 1089 3244 (ἁνζητίνιν
1098 3203 1219 3236 Theod-

141 3250 229 3285 cod.;
253 3244 361 3289 κλίμα
374 3241 572 3289 Ἀνζιτινῆς
592 3260 631 3280 no
670 3255 721 3280 tur
733 3247 835 3281 Notit.
849 3249 944 3290 episc.
957 3259 994 3290 p.
1007 3249 1049 3280 90
1060 3247 1190 3290 Parth.)
1207 3244 1220 3293 11

144 3294 184 3326 10
209 3288 231 3333 ἢ
257 3291 432 3333 Τζοφηνὴ]
458 3286 479 3333 ἢ
498 3289 662 3336 τζοφανὴ
683 3292 758 3324 ΜΒ
790 3294 850 3324 καὶ
870 3288 985 3336 ὄφὴνη
998 3292 1030 3325 L
1044 3292 1222 3335 (Zopenee

142 3335 296 3382 ζοφάνιν
311 3337 433 3370 Theod.
447 3338 533 3376 θοάς
557 3335 666 3380 κλίμα
679 3337 844 3380 Σοφηνῆς
855 3337 958 3370 Νοιὶι.
970 3337 989 3370 l.
999 3338 1040 3378 c.)
1056 3335 1068 3375 11
1087 3333 1220 3371 ἀσθια-

140 3379 231 3424 νηνὴ
245 3382 287 3414 Μ
296 3383 352 3426 (cf.
364 3381 502 3425 Procop.
517 3383 557 3416 de
569 3383 640 3415 aed.
652 3383 684 3423 3,
697 3383 739 3422 3)]
751 3378 985 3423 Ἀσθειανινὴ
994 3382 1030 3414 Β
1050 3378 1222 3415 ἇσθειαν-

140 3426 216 3467 εἵνη
248 3427 280 3460 L
320 3426 503 3460 Asathenia
534 3438 554 3464 ς
589 3421 793 3468 (ἆσιανίνην
829 3427 948 3461 Tbeod.
982 3427 1069 3466 cod.;
1113 3424 1172 3460 κλί
1198 3439 1221 3459 α

137 3467 361 3513 Ἀστιανικῆς
374 3472 476 3505 Notit.
493 3473 512 3505 l.
528 3473 568 3514 e.)
594 3470 606 3515 11
630 3468 663 3513 ἢ]
688 3468 710 3514 ἡ
733 3471 770 3504 Β
783 3472 880 3515 υιιῖ9.,
902 3483 960 3505 om.
975 3471 1055 3513 Lsg')
1074 3470 1086 3515 11
1109 3474 1159 3514 βα
1183 3484 1220 3504 α-

140 3514 273 3560 βιτηνὴ
286 3516 343 3557 Μ]
361 3513 783 3560 βαλαβιτινὴΕ(ΤΙιεοᾰ.)
803 3516 978 3549 Balbitene
995 3527 1015 3552 ς
1030 3514 1220 3561 γαλβιτινὴ

141 3561 194 3594 B⁶
215 3558 448 3604 (Βελαβιτίνη
465 3563 600 3605 Procop.
615 3562 655 3595 de
673 3562 744 3594 aed.
762 3563 793 3603 3,
806 3568 836 3599 13
860 3558 968 3605 κλίμα
980 3559 1221 3605 Βιλαβιτηνῆς

142 3605 244 3640 Notit.
260 3607 278 3640 l.
290 3618 317 3640 c.
341 3606 383 3640 In
399 3607 563 3641 Theodori
578 3608 687 3641 codice
698 3608 836 3650 βιτίνιν
855 3619 917 3639 non
932 3614 979 3639 est
990 3607 1056 3639 nisi
1067 3609 1220 3640 correctio

143 3651 189 3683 ad
211 3662 321 3684 nomen
341 3653 436 3705 ²quod
458 3654 549 3695 infra
572 3653 715 3704 sequitur
738 3648 976 3694 βαλαμιτίνιν
995 3652 1175 3694 pertinens)
1210 3651 1221 3697 11

145 3696 184 3728 11
206 3695 314 3729 τοῦτο
337 3708 454 3740 ονομα
466 3698 568 3739 LBc]
593 3708 708 3740 ονομα
730 3696 837 3729 τοῦτο
851 3696 898 3729 Μ
908 3696 920 3738 11
947 3698 987 3730 12
1011 3696 1039 3730 le
1063 3722 1070 3730 .
1084 3694 1220 3731 οὕτε-

1292 2662 1431 2706 Procop.
1446 2663 1488 2696 do
1501 2664 1571 2696 aed.
1587 2665 1644 2705 3,1
1660 2669 1739 2696 extr.
1752 2669 1768 2695 2
1782 2663 1826 2695 in.
1843 2661 1855 2706 11
1883 2664 1924 2697 14
1944 2659 2110 2705 σχήματι]
2135 2664 2196 2695 καὶ
2219 2662 2373 2706 σχήματι

1292 2707 1354 2750 Lss
1384 2710 1424 2742 15
1450 2703 1543 2750 αὐτῆ
1560 2706 1628 2750 τὴν
1645 2708 1737 2748 ML]
1764 2703 1878 2749 αὐτὴν
1901 2708 1938 2740 Β
1964 2706 1976 2751 11
2002 2706 2081 2740 τῶν
2104 2707 2189 2748 LB]
2215 2721 2273 2742 om.
2289 2709 2331 2741 M
2362 2708 2375 2754 11

1293 2754 1334 2786 16
1349 2752 1664 2795 Maripolitanorum
1678 2763 1698 2789 ς
1715 2751 1728 2796 11
1751 2749 1947 2829 κιθαὲιζὸν
1966 2752 2013 2785 Μ
2018 2753 2139 2786 ΤΙιεοά.
2150 2754 2207 2794 (ς)]
2229 2753 2373 2799 κιθαρί-

1291 2797 1358 2839 ζην
1378 2798 1411 2830 L
1442 2797 1541 2831 κυθα
1566 2796 1644 2839 ιζὸν
1656 2798 1709 2830 B⁶
1737 2798 1842 2840 cytari
1867 2798 1924 2829 ion
1943 2795 2025 2831 Iul!
2050 2797 2264 2840 cythariozon
2284 2799 2373 2832 IuLw

1291 2843 1516 2885 cythariorum
1539 2810 1621 2876 lum
1645 2841 1882 2884 (Κιθαριζῶν
1906 2842 2008 2876 Notit.
2036 2843 2056 2875 l.
2075 2854 2120 2882 c.;
2154 2842 2374 2888 Κιθαρίζων

1290 2888 1397 2921 Proco
1423 2911 1431 2920 .
1454 2889 1493 2921 de
1512 2888 1584 2920 aed.
1607 2889 1638 2928 3,
1651 2895 1677 2920 2.
1692 2888 1722 2927 3)
1740 2886 1752 2926 ΙΙ
1780 2889 1818 2921 17
1847 2883 1937 2928 αὐτῆ
1957 2887 1989 2920 L
2006 2886 2019 2931 11
2041 2885 2176 2931 ἀρχῶν]
2200 2885 2322 2932 ἅρχων
2341 2889 2373 2921 L

1291 2945 1348 2966 om.
1363 2943 1383 2969 ς’
1405 2932 1411 2975 1
1438 2934 1477 2966 18
1501 2929 1741 2977 κονσουλαρία
1761 2929 1854 2974 (ἢτοι
1872 2942 2030 2974 υπατικη
2044 2933 2091 2965 Μ
2097 2946 2122 2965 s.
2133 2935 2176 2973 υ.)
2192 2933 2263 2966 ML
2283 2929 2371 2967 ὑπα-

1289 2974 1370 3019 τικὴ
1379 2978 1414 3010 Β
1433 2975 1445 3021 11
1464 2978 1504 3011 19
1517 2973 1700 3024 ἄρμενίιον
1713 2977 1745 3010 L
1762 2977 1775 3020 11
1796 2978 1893 3020 19sq.
1907 2975 2001 3009 εἶναι
2014 2996 2058 3001 -
2071 2973 2293 3011 ἀνθύπατον
2306 2979 2374 3021 μὲν

1290 3035 1348 3056 om.
1360 3022 1411 3055 B⁰
1427 3021 1438 3066 11
1458 3019 1812 3068 περιβλέπτους.ΕΒ
1837 3021 1850 3065 11
1879 3023 1921 3056 23
1946 3018 2184 3068 ὖρδιναρίους]
2210 3023 2250 3056 ἐν
2273 3021 2372 3062 τάξει

1289 3064 1497 3112 ὀρδιναρίου
1521 3067 1558 3100 Β
1573 3067 1585 3109 11
1613 3067 1656 3100 24
1678 3066 1796 3099 ταῦτα
1821 3067 1853 3099 L
1877 3065 1890 3110 11
1913 3067 1954 3099 27
1979 3064 2240 3120 περιβλέπτους
2263 3069 2332 3101 LB
2361 3066 2373 3112 11

1290 3114 1332 3146 30
1346 3109 1419 3153 τὰς]
1442 3111 1504 3154 τῆς
1516 3112 1713 3145 Haloander
1731 3110 1744 3155 11
1761 3112 1800 3145 31
1813 3123 1861 3154 sq.
1875 3107 2003 3154 κόμητι
2013 3131 2055 3136 -
2066 3113 2251 3158 Αρμενίας
2268 3125 2327 3146 om.
2340 3113 2372 3146 L

1337 3249 1352 3280 1
1381 3245 1498 3286 *dum]
1521 3244 1646 3277 dudum
1664 3245 1744 3279 libri
1763 3244 1776 3289 11
1804 3246 1824 3279 3
1845 3246 2059 3279 arisi-athana
2078 3246 2131 3279 V⁰
2146 3246 2374 3279 ariarathiana

1296 3290 1346 3326 V⁶
1363 3290 1591 3324 ariarabitiam
1603 3290 1635 3323 T
1647 3289 1660 3333 11
1677 3300 1848 3323 commane
1865 3291 2086 3325 VComanam
2098 3291 2187 3335 vuly.
2203 3290 2215 3336 11
2234 3291 2372 3325 alteram

1289 3337 1375 3380 vulq.
1406 3336 1418 3379 11
1446 3337 1467 3369 4
1493 3345 1638 3368 cucuson
1665 3335 1698 3368 T
1720 3334 1733 3379 11
1765 3337 1785 3370 6
1805 3343 1883 3379 post
1905 3336 2090 3369 Statuimus
2114 3338 2208 3369 unius
2224 3339 2303 3380 fere
2325 3350 2372 3371 vs.

1289 3383 1427 3425 spatium
1448 3393 1583 3414 vacuum
1602 3386 1648 3413 est
1667 3381 1699 3413 in
1721 3380 1775 3422 Vll
1795 3382 1815 3415 8
1840 3382 1894 3414 eat
1913 3381 1970 3423 Vn
1987 3382 2007 3414 9
2028 3380 2080 3413 vel
2101 3393 2160 3415 om.
2177 3381 2233 3425 Ῐ711
2255 3383 2294 3416 10
2317 3393 2372 3415 su-

1289 3426 1394 3468 trapis
1425 3426 1459 3459 V
1483 3425 1495 3468 11
1525 3426 1565 3459 12
1597 3424 1655 3458 sed
1678 3425 1778 3469 ναῖς]
1813 3426 1871 3459 sed
1902 3428 1935 3458 et
1967 3426 2031 3460 VT
2055 3425 2067 3468 11
2098 3427 2139 3460 14
2171 3426 2267 3459 ciuili
2299 3427 2334 3460 V
2360 3426 2373 3472 11

1293 3474 1333 3505 15
1357 3469 1735 3514 Martyropolitanorum
1747 3470 1833 3514 ναῖς.
1850 3469 1863 3516 11
1885 3472 1923 3504 17
1949 3471 2195 3504 ordinariarum
2217 3472 2262 3514 V]
2283 3472 2372 3505 ordi-

1290 3517 1461 3549 nariorum
1489 3516 1522 3548 T
1551 3514 1564 3560 11
1596 3517 1646 3548 est
1670 3528 1728 3548 om.
1749 3515 1826 3549 libri
1851 3517 1864 3558 11
1895 3515 2096 3557 consularia]
2126 3516 2372 3550 consulariuam

1290 3560 1545 3602 (consolariuam
1565 3560 1612 3602 V)
1635 3560 1712 3594 libri
1728 3558 1740 3604 11
1759 3561 1800 3594 19
1821 3560 2017 3603 spectabiles
2030 3579 2074 3585 —
2087 3562 2127 3596 21
2149 3572 2217 3596 ene
2235 3575 2294 3597 om.
2315 3563 2350 3596 V
2362 3562 2375 3608 11

1291 3608 1333 3639 20
1347 3605 1555 3648 proconsulis
1566 3624 1610 3630 —
1623 3605 1754 3638 comitis
1775 3618 1834 3639 om.
1847 3606 1880 3639 T
1891 3607 1903 3648 11
1928 3608 1976 3639 est
1997 3607 2116 3640 addidi
2127 3606 2140 3650 11
2157 3607 2373 3650 proconsules

1293 3652 1325 3685 T
1339 3651 1351 3693 11
1367 3651 1410 3684 23
1423 3652 1473 3692 ut]
1496 3652 1529 3683 et
1544 3650 1640 3684 Vom.
1651 3650 1684 3684 T
1695 3649 1707 3694 11
1727 3651 1769 3684 24
1783 3650 1985 3692 quingentos
1996 3650 2119 3684 solidos
2130 3653 2216 3696 vulq.
2233 3652 2246 3698 11
2265 3654 2307 3687 28
2321 3663 2372 3686 se-

1291 3695 1400 3729 cunda
1417 3694 1472 3740 Vn
1492 3696 1535 3729 29
1548 3695 1725 3729 sebustiam
1742 3696 1774 3728 T
1789 3695 1934 3728 sebustia
1953 3696 1987 3730 V
1998 3696 2011 3740 11
2026 3697 2157 3729 comitis
2173 3699 2205 3731 T
2215 3698 2371 3731 comitius

142 3736 523 3787 οὕτεῗ11ρωμαϊκῶν13
543 3752 698 3777 romanae
708 3743 743 3784 (i.
755 3754 780 3776 e.
790 3740 984 3785 ῥωμαϊκῆς)
999 3752 1018 3778 ς
1069 3742 1162 3785 13sq.
1177 3743 1220 3785 cf.
1299 3741 1355 3785 Vll
1374 3742 1417 3775 30
1436 3740 1591 3774 meletine
1611 3739 1716 3786 libriu
1735 3741 1774 3774 31
1797 3742 1988 3785 competant
2000 3742 2100 3787 only-1
2121 3744 2279 3786 competit
2295 3744 2372 3777 libri
