2586 3990
179 140 240 173 AB
268 140 520 175 INTESTATO
549 139 850 174 VENIENTIBUS

179 242 264 277 πῶν
287 241 548 288 προτιμῶνται.
597 241 628 275 εἰ
652 238 692 274 δὲ
723 239 849 275 πολλοὶ
880 239 944 274 τοῦ
977 236 1086 275 αὐτοῦ
1115 239 1268 285 βαθμοῦ

180 283 380 332 εὑρεθῶσι,
407 285 499 319 κατὰ
523 285 593 320 τὸν
615 286 693 320 τῶν
718 282 924 331 προςώπων
948 282 1111 331 ἀριθμὸν
1133 284 1269 330 μεταξὺ

180 328 305 366 αὐτῶν
320 328 342 376 ἡ
359 329 579 377 κληρονομία
603 328 896 377 διαιρεθήσεται,
922 326 1014 377 ὅπερ
1038 331 1075 366 in
1093 330 1212 376 capita
1235 329 1271 365 οἱ

179 373 344 423 ἡμέτεροι
367 374 506 422 λέγουσι
531 373 648 421 νόμοι.

1255 123 1335 172 571

1966 127 2075 171 Nov.
2107 125 2285 170 CXVIII
2316 128 2424 170 3—5

1337 238 1449 283 gradu
1478 238 1547 284 ipsi
1570 236 1716 283 reliquis
1738 238 2021 283 praeponantur.
2070 236 2108 273 Si
2131 238 2251 273 autem
2282 237 2426 282 plurimi

1340 284 1499 320 eiusdem
1529 283 1662 328 gradus
1693 282 1930 325 inveniantur,
1965 282 2163 319 secundum
2192 292 2426 328 personarum

1338 339 1526 365 numerum
1555 329 1650 365 inter
1680 337 1742 364 eos
1766 328 1948 363 hereditas
1971 328 2149 371 dividitur,
2183 327 2279 373 quod
2301 328 2339 363 in
2365 338 2425 364 ca·

1337 375 1414 420 pita
1437 376 1583 411 nostrae
1606 374 1702 419 leges
1725 373 1922 419 appellant.

1180 454 1340 491 CAPUT
1365 454 1427 491 IV.

237 507 419 553 Οὐδεμίαν
444 508 484 545 δὲ
507 504 600 546 εἶναι
623 511 837 556 βουλόμεθα
869 509 1048 557 διαφορὰν
1079 512 1119 545 ἐν
1146 509 1266 555 οἱᾳδή-
1305 515 1324 545 5

179 567 268 590 ποτε
303 553 452 603 διαδοχῇ
486 554 510 599 ἢ
545 555 763 602 κληρονομίᾳ
796 556 933 601 μεταξὺ
968 556 1046 591 τῶν
1077 556 1168 602 πρὸς
1201 557 1269 600 τὴν

179 599 421 646 κληρονομίαν
441 601 674 646 καλουμένων
691 601 855 647 ἀρρένων
871 599 895 645 ἢ
912 601 1086 644 θηλειῶν,
1105 598 1166 636 οὓς
1181 598 1270 645 πρὸς

179 645 248 688 τὴν
267 643 508 691 κληρονομίαν
531 649 659 682 κοινῶς
684 646 869 693 ώρίσαμεν
892 645 1096 690 καλεῖσθαι,
1121 647 1193 681 εἴτε
1217 643 1267 681 δι’

180 688 328 735 ἄρρενος
363 691 434 725 εἴτε
469 690 530 726 διὰ
564 692 695 736 θήλεος
728 691 918 737 προςώπου
954 689 1184 734 συνήπτοντο
1216 692 1268 734 τῷ

1405 509 1551 546 Nullam
1581 519 1664 545 vero
1696 518 1775 544 esse
1807 507 1968 543 volumus
2000 508 2236 544 differentiam
2270 508 2309 544 in
2339 517 2426 562 qua-

1340 565 1491 600 cumque
1516 554 1745 590 successione
1776 556 1840 588 aut
1863 553 2062 589 hereditate
2085 554 2179 588 ints-r
2202 564 2264 589 eos
2295 564 2357 599 qm
2380 552 2428 588 ad

1339 601 1573 636 hereditatem
1603 601 1777 636 vocantur
1801 598 1978 634 masculos
2003 609 2047 634 ac
2071 598 2234 640 feminas,
2267 610 2356 643 quos
2381 598 2428 634 ad

1340 646 1574 682 hereditatem
1598 643 1832 681 communiter
1857 643 2079 679 definivimus
2104 644 2241 687 vocari,
2267 645 2339 680 sive
2362 653 2428 688 per

1341 691 1490 727 masculi
1520 700 1585 726 seu
1615 699 1681 743 per
1703 688 1859 724 feminae
1889 698 2078 733 personam
2110 689 2279 725 defuncto
2303 689 2426 733 iunge-

179 734 452 779 τελευτήσαντι·
489 734 572 772 ἀλλ’
609 740 669 773 ἐπὶ
705 738 837 773 πασῶν
871 737 950 771 τῶν
985 734 1166 779 διαδοχῶν
1202 737 1327 780 τὴνῙΟ
1342 737 1484 778 bantur,
1522 735 1585 771 sed
1618 745 1656 770 1n
1689 734 1853 770 omnibus
1891 734 2180 769 successionibus
2216 737 2428 777 agnatorum

180 782 258 814 τῶν
281 781 470 825 adgnatwv
500 796 541 817 τε
570 787 630 817 καὶ
654 787 838 827 cognatam
864 780 1045 829 διαφορὰν
1069 779 1191 828 ἀργεῖν
1215 795 1269 815 κε-

180 824 342 870 λεύομεν,
367 827 439 861 εἴτε
463 825 523 861 διὰ
548 827 646 872 θῆλυ
671 828 867 874 πρόςωπον
891 827 962 861 εἴτε
995 823 1047 862 δι’
1073 829 1270 873 ἐμαγκιπα·

179 874 286 905 τιόνα
325 869 348 914 ἢ
383 874 507 920 ἕτερον
545 871 759 917 οἱονδὴποτε
797 870 935 918 τρόπον
973 874 1047 907 τοῖς
1085 875 1271 917 προτέροις

181 915 435 962 ἐτρακταΐζετο
459 917 593 973 νόμοις,
625 921 686 953 καὶ
708 916 851 953 πάντας
875 915 957 960 δίχα
979 917 1079 952 τινὸς
1102 918 1271 958 τοιαύτης

1342 784 1643 826 cognatorumque
1668 779 1900 815 differentiam
1924 788 2053 814 vacare
2076 779 2324 824 praecipimus,
2355 779 2428 814 sive

1341 837 1406 872 per
1426 826 1614 861 femineam
1634 835 1825 870 personam
1850 824 1924 859 sive
1944 834 2009 868 per
2029 824 2349 869 emancipationem
2372 823 2427 858 vel

1341 882 1405 916 per
1420 871 1528 907 alium
1553 871 1747 917 quemlibet
1769 869 1913 905 modum
1937 869 2117 914 prioribus
2142 870 2278 913 legibus
2295 872 2427 904 tracta-

1342 918 1458 958 batur,
1490 919 1526 952 et
1551 926 1672 952 omnes
1702 915 1780 952 sine
1807 914 1965 959 qualibet
1996 914 2200 950 huiusmodi
2230 914 2429 949 differentia

182 959 357 1007 διαφορᾶς
388 976 482 997 κατα
514 976 582 998 τον
613 965 689 1007 τῆς,
705 962 797 998 ἰδίας
821 966 1024 1018 συγγενείας
1047 961 1200 1006 βαθμὸν
1223 962 1271 996 εἰς
1286 965 1326 998 15
1341 962 1536 998 secundum
1561 961 1745 1015 proprium
1770 959 1993 1005 cognationis
2017 960 2167 1005 gradum
2191 960 2236 995 ad
2260 962 2427 1013 cognato-

181 1006 250 1085 Ξην
275 1008 313 1048 ἐξ
337 1005 537 1043 ἀδιαθέτου
561 1010 639 1044 τῶν
663 1009 846 1055 συγγενῶν
870 1006 1042 1051 διαδοχὴν
1066 1006 1191 1042 ἐλθεῖν
1215 1021 1269 1041 κε-

203 1064 341 1097 ευομεν.

1340 1018 1421 1043 rum
1444 1017 1708 1043 successionem
1732 1006 1778 1041 ab
1797 1005 1968 1041 intestato
1993 1006 2112 1042 venire
2130 1005 2382 1051 praecipimus.

1190 1097 1347 1134 CAPUT
1373 1097 1416 1134 V.

237 1152 295 1195 Ἐξ
318 1145 372 1190 ὦν
396 1153 436 1190 δὲ
463 1158 546 1201 περὶ
577 1156 640 1198 τῆς
663 1155 898 1201 κληρονομίας
928 1154 1119 1200 εἰρήκαμέν
1146 1167 1187 1189 τε
1211 1158 1271 1188 καὶ

183 1198 470 1245 διετυπώσαμεν,
494 1203 553 1234 καὶ
577 1199 623 1235 τοὶ
650 1205 732 1246 περὶ
756 1201 819 1243 τῆς
843 1200 1038 1254 ἐπιτροπῆς
1062 1197 1155 1243 δῆλα
1178 1199 1270 1234 καθ·

1386 1154 1444 1188 Ex
1460 1153 1517 1190 his
1533 1155 1666 1196 autem,
1691 1163 1783 1199 quae
1800 1153 1843 1189 de
1859 1152 2057 1189 hereditate
2080 1152 2235 1188 diximus
2260 1153 2296 1187 et
2312 1150 2430 1196 dispo-

1341 1199 1488 1242 suimus
1516 1202 1552 1234 et
1576 1208 1667 1243 quae
1691 1200 1735 1234 de
1759 1199 1872 1234 tutela
1896 1201 1981 1234 sunt
2004 1198 2195 1234 manifesta
2218 1196 2429 1233 consistunt.

182 1248 315 1288 ἕστηκε.
363 1246 687 1300 θεσπίζομενῃγὰρ
717 1247 872 1280 ἕκαστον
903 1258 996 1279 κατα
1029 1245 1096 1280 τὸν
1118 1244 1272 1289 βαθμὸν
1286 1247 1328 1280 20
1342 1244 1529 1280 sancimus
1562 1244 1654 1279 enim
1679 1253 1967 1288 unumquemque
1995 1244 2192 1280 Secundum
2220 1241 2371 1287 gradum
2395 1243 2432 1277 et

182 1293 242 1324 καὶ
258 1290 327 1334 τὴν
342 1291 459 1333 τάξιν,
479 1288 572 1325 καθ’
592 1305 638 1335 ην
656 1290 746 1337 πρὸς
765 1290 834 1334 τὴν
851 1288 1091 1335 κληρονομίαν
1110 1290 1272 1325 καλεῖται

182 1333 206 1379 ἢ
226 1334 338 1380 μόνος
360 1334 382 1379 ἢ
403 1334 496 1381 μεθ’
524 1336 668 1382 ἑτέρων,
699 1339 759 1370 καὶ
782 1335 825 1370 τὸ
850 1334 1087 1382 λειτούργημα
1110 1336 1173 1379 τῆς
1197 1338 1271 1371 ἐπι-

182 1382 318 1427 τροπῆς
348 1379 536 1424 ὑπελθεῖν,
572 1378 740 1426 οὐδεμιᾶς
770 1377 855 1415 οὐδὲ
885 1383 925 1414 ἐν
954 1379 1074 1425 τούτῳ
1099 1382 1153 1424 τῷ
1174 1384 1273 1427 μέρει

184 1424 360 1480 διαφορᾶς
391 1428 614 1473 εἰςαγομένης
630 1430 683 1482 ’ἐκ
712 1427 791 1461 τῶν
815 1427 1040 1470 adgnatma'iv
1065 1422 1086 1469 ἢ
1113 1430 1272 1471 cognata-

1342 1289 1513 1331 ordinem,
1540 1300 1611 1334 quo
1641 1289 1687 1325 ad
1710 1289 1943 1324 hereditatem
1971 1292 2120 1325 vocatur
2150 1291 2215 1323 aut
2238 1287 2336 1324 solus
2368 1287 2432 1322 aut

1343 1346 1424 1371 cum
1448 1334 1540 1378 aliis,
1570 1337 1606 1369 et
1629 1334 1850 1370 functionem
1874 1333 2007 1369 tutelae
2031 1333 2224 1378 suscipere,
2249 1332 2348 1368 nulla
2370 1342 2431 1368 ne-

1343 1390 1410 1425 que
1441 1379 1478 1415 iu
1503 1380 1572 1415 hac
1595 1382 1699 1424 parte
1730 1379 1929 1414 differentia
1958 1378 2221 1415 introducenda
2251 1378 2296 1414 de
2320 1387 2430 1421 agna-

1343 1428 1461 1461 torum
1492 1435 1557 1460 seu
1589 1428 1821 1469 cognatorum
1852 1424 1947 1467 iure,
1985 1424 2050 1461 sed
2073 1424 2237 1460 omnibus
2269 1423 2432 1459 similiter

183 1485 259 1505 κων
283 1470 447 1514 δικαίων,
472 1469 563 1506 ἀλλὰ
589 1485 743 1508 παντων
768 1469 901 1517 ὁμοίως
925 1472 973 1506 εἰς
987 1471 1056 1515 τὴν
1072 1471 1274 1516 ἐπιτροπὴν
1287 1474 1328 1507 25
1343 1471 1389 1506 ad
1413 1471 1560 1506 tutelam
1591 1470 1761 1506 vocandis
1793 1470 1924 1515 quique
1955 1479 2000 1505 ex
2030 1470 2270 1505 masculorum
2301 1468 2432 1513 quique

183 1516 416 1562 καλουμένων
439 1519 517 1552 τῶν
540 1530 580 1552 τε
603 1515 657 1552 δι’
684 1515 937 1564 ἅρρενογονίας
959 1518 1036 1552 τῶν
1060 1530 1100 1551 τε
1123 1515 1184 1551 διὰ
1204 1517 1273 1560 θη-

184 1561 347 1609 λυγονίας
366 1564 421 1606 τῷ
440 1561 569 1607 ἀνήβῳ
591 1566 889 1607 συναπτομένων.
927 1564 1044 1596 ταῦτα
1061 1560 1101 1596 δὲ
1117 1561 1274 1609 λέγομεν,

184 1609 215 1642 εἰ
247 1607 391 1653 ἄρσενες
421 1611 482 1641 καὶ
515 1607 643 1643 τέλειοι
675 1606 744 1652 τὴν
775 1607 918 1652 ἡλικίαν
952 1607 1078 1651 εἴησαν
1106 1612 1166 1642 καὶ
1200 1604 1272 1642 ύπό

182 1638 335 1698 μηδι-νος
369 1650 480 1696 νόμου
515 1652 719 1706 κωλύονται
753 1653 1061 1708 τηνῖἑπιτροπὴν
1095 1650 1275 1687 ὑπελθεῖν

1343 1527 1388 1552 ex
1423 1516 1635 1551 feminarum
1677 1515 1777 1560 prole
1814 1515 2034 1551 descendunt
2071 1515 2202 1551 minori
2237 1513 2430 1550 coniuncti.

1344 1562 1443 1597 Haec
1467 1566 1587 1596 autem
1611 1561 1778 1604 dicimus,
1810 1560 1841 1596 si
1864 1561 2016 1596 masculi
2038 1563 2075 1596 et
2097 1560 2278 1606 perfectae
2302 1559 2432 1594 aetatis

1344 1607 1416 1643 sint
1439 1609 1475 1642 et
1495 1607 1595 1642 nulla
1617 1606 1695 1651 lege
1711 1605 1970 1651 prohibeantur
1993 1605 2141 1642 tutelam
2165 1605 2348 1650 suscipere
2372 1613 2432 1639 ne-

1345 1663 1413 1697 que
1430 1652 1661 1688 excusatione
1678 1651 1894 1696 competenti
1910 1651 2051 1687 sibimet
2068 1653 2230 1686 utuntur.
2271 1649 2431 1685 Mulieri-

182 1697 273 1754 μηδὲ
296 1698 543 1752 ἐξκουσατίονι
567 1695 774 1754 αρμςζούσῃ
807 1701 929 1753 αυτοῖς
951 1702 1150 1750 κέχρηνται.
1197 1701 1275 1733 ταῖς
1289 1701 1330 1734 30
1344 1698 1412 1734 bus
1437 1698 1531 1733 enim
1554 1697 1662 1733 etiam
1686 1707 1752 1732 nos
1776 1696 2023 1732 interdicimus
2048 1697 2183 1732 tutelae
2207 1695 2328 1731 subire
2352 1694 2432 1730 offi-

182 1757 252 1790 γαρ
291 1743 409 1784 υναιξὶ
433 1747 494 1777 καὶ
510 1747 607 1788 ημεῖς
631 1757 907 1790 απαγορεύομεν
930 1757 976 1778 τα
997 1745 1061 1787 τῆς
1077 1745 1276 1790 ἐπιτροπῆς

184 1757 360 1824 ineis-9211)
384 1788 689 1835 λειτουργήματα,
720 1790 752 1823 εἰ
774 1789 824 1834 μὴ
846 1788 967 1835 μήτηρ
990 1787 1012 1832 ἢ
1041 1790 1169 1834 μάμμη
1202 1789 1273 1832 εἴη·

183 1835 332 1869 ταύταις
360 1834 431 1881 γὰρ
453 1834 583 1878 μόναις
613 1834 706 1868 κατὰ
731 1834 800 1878 τὴν
823 1835 887 1878 τῆς
909 1833 1144 1880 κληρονομίας
1168 1833 1275 1876 τάξιν

184 1882 244 1914 καὶ
267 1879 336 1923 τὴν
360 1879 562 1934 ἐπιτροπὴν
585 1877 762 1915 ὑπελθεῖν
786 1881 941 1925 ἐφίεμεν,
967 1880 1033 1913 ἐὰν
1053 1882 1092 1913 ἐν
1114 1877 1275 1923 ὑπομνή-

1344 1743 1457 1786 cium,
1494 1742 1563 1778 nisi
1597 1746 1714 1778 mater
1748 1744 1813 1777 aut
1848 1742 1929 1777 avia
1964 1741 2089 1777 fuerit:
2128 1741 2185 1777 his
2213 1740 2313 1776 >enim
2347 1739 2433 1776 solis

1344 1788 1542 1824 secundum
1564 1787 1773 1823 hereditatis
1799 1787 1959 1823 ordinem
1983 1790 2019 1822 et
2039 1787 2188 1823 tutelam
2211 1786 2332 1822 subire
2353 1795 2432 1831 per-

1343 1833 1534 1877 mittimus,
1570 1834 1601 1869 si
1630 1833 1724 1868 inter
1755 1836 1857 1876 gesta
1890 1835 1927 1868 et
1958 1833 2092 1878 nuptiis
2124 1831 2203 1867 aliis
2235 1834 2271 1867 et
2299 1830 2433 1866 auxilio

1345 1879 1520 1916 Velleiani
1544 1877 1849 1915 senatusconsulti
1873 1879 2093 1914 renuntiant.
2131 1877 2228 1912 Haec
2249 1876 2343 1912 enim
2359 1885 2432 1912 ser-

183 1936 273 1970 μασι
296 1928 356 1959 καὶ
377 1937 502 1971 γαμοις
520 1926 655 1981 ’ἑτέροις
678 1928 738 1960 καὶ
766 1938 806 1973 τῃ
830 1926 989 1978 βοηκθεία
1019 1926 1084 1959 τοῦ
1110 1924 1274 1959 Βελλεια-
1289 1927 1331 1961 35
1344 1926 1469 1962 vantes
1494 1924 1659 1960 omnibus
1683 1934 1706 1959 a
1729 1924 1841 1959 latere
1866 1923 2026 1968 cognatis
2051 1924 2097 1959 ad
2114 1922 2261 1959 tutelam
2281 1931 2433 1966 praepo-

185 1973 281 2005 νείου
306 1968 485 2016 δόγματος
509 1971 797 2017 απαγορεύσωσι.
841 1983 959 2005 ταυτα
981 1970 1051 2016 γὰρ
1073 1969 1269 2017 φυλάττου-

187 2027 248 2050 σαι
271 2016 425 2051 πάντων
456 2017 533 2050 τῶν
558 2018 596 2049 ἐκ
626 2015 778 2062 πλαγίου
811 2017 997 2061 συγγενῶν
1027 2017 1076 2050 εἰς
1106 2015 1175 2060 τὴν
1199 2017 1275 2052 ἐπι-

187 2062 327 2107 τροπὴν
347 2060 704 2106 προτιμηθὴσονται,
729 2061 807 2095 τῶν
827 2060 1129 2096 testamentariam
1147 2061 1278 2105 μόνων

188 2105 403 2150 ἐπιτρόπων
426 2104 769 2151 προλαμβανόντων
794 2103 921 2140 αὐτάς·
947 2106 1015 2149 τὴν
1039 2106 1109 2152 γὰρ
1133 2107 1197 2140 τοῦ
1222 2118 1279 2140 τε-

187 2150 423 2195 λευτήσαντος
450 2149 625 2195 βούλησίν
658 2163 698 2185 τε
728 2154 788 2185 καὶ
812 2149 984 2197 ἐπιλογὴν
1015 2151 1272 2196 προτιμᾶσθαι
1286 2153 1328 2186 40

1344 1973 1490 2013 nuntur‚
1517 1969 1792 2005 testamentariis
1818 1969 1903 2005 solis
1928 1968 2109 2004 tutoribus
2133 1967 2433 2013 praecedentibus

1344 2026 1424 2052 eas:
1451 2015 1613 2052 defuncti
1637 2025 1790 2060 namque
1808 2014 2026 2051 voluntatem
2051 2020 2086 2049 tt
2103 2013 2311 2050 electionem
2330 2021 2433 2058 prae-

255 2233 285 2253 v.
300 2221 475 2262 30-572,
489 2227 522 2253 10
547 2232 669 2253 summa
693 2220 770 2253 Ath.
797 2222 954 2262 repetitur·
977 2221 1010 2253 in
1033 2220 1202 2262 paratitlis
1225 2219 1301 2251 Aeh.
1322 2219 1360 2252 13
1381 2223 1396 2257 ς’
1414 2225 1441 2252 9.

188 2298 201 2332 ι’
227 2298 261 2332 si
282 2297 410 2333 ceteris
434 2300 726 2344 praeponantur.

774 2295 912 2340 Quodsi
935 2296 1039 2332 multi
1069 2295 1227 2332 eiusdem
1256 2295 1397 2341 qraaus
1428 2294 1671 2338 inveniantur,
1694 2305 1770 2342 pro
1801 2304 1952 2330 numero
1982 2303 2227 2340 personarum
2256 2293 2353 2329 inter
2374 2303 2437 2329 eos

214 2342 372 2378 ereditas
395 2341 586 2384 dividetur,
610 2342 650 2377 id
673 2341 771 2387 quod
794 2342 839 2377 in
863 2341 1026 2388 capita
1049 2341 1147 2387 leqes
1171 2344 1320 2376 nostrae
1343 2339 1541 2386 appellant.

326 2387 386 2423 IV.
436 2387 584 2422 Nullam
615 2392 734 2423 autem
767 2386 1010 2433 differentiam
1041 2397 1118 2422 esse
1147 2386 1311 2422 volumus
1341 2385 1380 2419 in
1405 2384 1480 2420 ulla
1509 2384 1735 2420 successione
1766 2386 1831 2420 aut
1853 2382 2052 2420 hereditate
2083 2383 2179 2419 inter
2207 2393 2271 2419 eos
2302 2382 2366 2429 qui
2388 2383 2438 2418 acl

190 2432 422 2470 hereditatem
452 2436 629 2468 vocantur
658 2432 839 2468 masculos
862 2435 898 2468 et
918 2431 1088 2477 feminas,
1119 2441 1211 2476 quos
1233 2430 1469 2467 communiter
1499 2429 1549 2465 ad
1571 2429 1805 2466 hereditatem
1831 2429 1955 2465 vocari
1977 2429 2238 2470 constituimus,
2271 2429 2346 2464 sive
2363 2439 2436 2475 per

189 2478 387 2515 masculum
411 2477 484 2513 sive
505 2489 574 2524 per
586 2477 762 2522 feminam
788 2477 962 2522 defuncto
984 2476 1312 2522 coniunqebantur:
1335 2475 1401 2510 sed
1423 2475 1461 2510 in
1486 2474 1651 2510 omnibus
1673 2473 1959 2511 successionibus
1978 2473 2222 2520 adqnatorum
2242 2476 2277 2509 et
2301 2483 2434 2519 coqna-

192 2530 310 2561 torum
343 2523 586 2568 differentiam
617 2533 760 2558 cessare
791 2522 960 2564 iubemus,
991 2522 1065 2558 sive
1090 2525 1249 2568 propter
1277 2520 1493 2566 femininam
1515 2530 1716 2567 personam
1745 2520 1822 2567 „sive
1848 2523 2007 2566 propter
2030 2518 2351 2565 emancipationem
2382 2518 2439 2554 vel

190 2570 302 2606 alium
326 2568 518 2620 quemlibet
540 2567 685 2603 modum
706 2567 894 2614 prioribus
918 2567 1056 2613 teqibus
1081 2565 1317 2608 tractabatur,
1342 2569 1450 2611 atque
1468 2576 1591 2601 omnes
1614 2565 1693 2600 sine
1713 2564 1790 2600 ulla
1812 2563 1987 2600 eiusmodi
2011 2563 2218 2610 differentia
2241 2563 2435 2599 secundum

191 2614 420 2662 coquatzonis
443 2624 532 2649 suae
554 2612 710 2659 pradum
735 2612 785 2648 ad
808 2616 1046 2658 coqnatorum
1071 2611 1115 2647 ab
1139 2611 1311 2646 intestato
1335 2610 1598 2645 successionem
1623 2610 1744 2646 venire
1767 2609 1939 2646 iubemus.

327 2659 368 2695 V.
418 2658 481 2694 Eoc
511 2658 556 2693 iis
585 2661 704 2693 autem
741 2668 835 2703 quae
866 2657 910 2693 de
941 2656 1140 2694 hereditate
1175 2655 1337 2692 diximus
1371 2660 1407 2692 et
1437 2655 1686 2690 constituimus
1720 2655 1829 2691 etiam
1864 2665 1957 2700 quae
1991 2652 2041 2689 ad
2072 2653 2220 2689 tutelam
2247 2653 2437 2700 pertinent

191 2704 388 2750 manifesta
411 2706 506 2739 sunt.
555 2702 748 2738 Sancimus
771 2703 884 2745 enim,
917 2705 958 2738 ut
979 2713 1051 2748 quo
1076 2701 1229 2748 quisque
1258 2700 1378 2746 qradu
1409 2703 1446 2736 et
1470 2699 1597 2736 ordine
1626 2699 1676 2735 ad
1697 2699 1932 2735 hereditatem
1964 2698 2020 2735 vel
2042 2699 2143 2734 solus
2172 2698 2228 2735 vet
2251 2709 2331 2734 cum
2354 2699 2438 2734 aliis

193 2754 355 2792 vocatur,
387 2749 493 2784 etiam
517 2759 647 2784 munus
671 2747 804 2784 tutelae
827 2748 923 2783 susci
951 2748 1020 2792 iat,
1052 2757 1138 2783 neve
1163 2745 1238 2781 utta
1261 2745 1469 2790 differentia
1502 2756 1546 2781 ne
1575 2745 1646 2780 nac
1669 2744 1813 2791 quidem
1844 2744 1882 2779 in
1911 2747 2020 2797 parte
2044 2754 2118 2790 per
2141 2744 2350 2788 donationis
2372 2748 2438 2780 aut

192 2794 425 2841 eoqnationis
455 2794 538 2829 iura
569 2792 839 2835 introducatur,
866 2803 903 2829 se
954 2803 1077 2828 omnes
1105 2790 1270 2826 similiter
1300 2789 1349 2825 ad
1372 2790 1518 2825 tutelam
1548 2795 1720 2826 vocentur
1752 2794 1824 2826 tam
1855 2800 1918 2836 qut
1950 2800 2001 2825 ea:
2031 2789 2233 2825 masculina
2261 2790 2438 2835 proqenie

193 2851 301 2887 quam
353 2839 390 2874 ui
420 2850 470 2875 ex
492 2838 671 2884 feminina
702 2838 880 2884 impuberi
902 2838 1183 2883 coniunquntur.
1230 2835 1334 2871 Haec
1357 2839 1476 2870 autem
1500 2834 1663 2879 dicimus,
1691 2835 1724 2870 si
1747 2835 1898 2870 masculi
1931 2839 1965 2869 et
1989 2834 2186 2881 perfectae
2212 2835 2342 2870 aetatis
2364 2836 2437 2870 sint

193 2896 258 2921 nec
283 2885 321 2920 ut
336 2896 359 2919 a
389 2884 468 2931 leqe
498 2884 645 2919 tutelam
675 2884 860 2930 suscipere
883 2882 1151 2929 prohibeantur
1180 2891 1296 2927 neque
1327 2880 1564 2916 excusatione
1592 2879 1661 2916 sibi
1692 2883 1914 2927 competente
1938 2882 2100 2916 utantur.
2147 2878 2321 2916 Mulieres
2344 2880 2437 2916 enim

194 2941 260 2966 nos
284 2940 429 2975 quoque
454 2928 585 2964 tutelae
609 2939 759 2964 munera
782 2928 903 2964 subire
927 2931 1097 2969 vetamus,
1121 2926 1191 2961 nisi
1214 2931 1330 2960 mater
1354 2925 1410 2961 vet
1431 2924 1514 2961 avia
1537 2925 1603 2960 sit:
1634 2924 1691 2960 bis
1708 2926 1801 2961 enim
1819 2924 1910 2961 solis
1932 2924 2127 2960 secundum
2151 2924 2315 2960 ordinem
2337 2924 2436 2961 here-

195 2976 320 3010 ditatis
344 2974 451 3009 etiam
478 2973 625 3008 tutelam
648 2973 832 3020 suscipere
853 2972 1106 3019 permittimus,
1138 2971 1173 3007 si
1202 2970 1296 3007 actis
1327 2970 1643 3006 intervenientibus
1674 2973 1709 3006 et
1731 2970 1868 3016 nuptiis
1891 2969 1975 3005 aliis
1998 2973 2034 3005 et
2057 2969 2228 3015 beneficio
2261 2969 2296 3006 V
2294 2970 2438 3005 elteiani

195 3019 281 3055 SCti
305 3018 601 3054 renuntiaverint.
652 3017 753 3053 Haec
776 3018 869 3053 enim
893 3018 926 3053 si
944 3016 1141 3058 observent,
1165 3015 1328 3051 omnibus
1352 3025 1401 3051 ex
1427 3014 1538 3050 latere
1561 3015 1728 3062 coqnatis
1751 3014 1801 3050 ad
1824 3014 1971 3050 tutelam
1991 3019 2281 3061 praeponentur,
2305 3018 2346 3049 ut
2366 3014 2438 3050 soti

197 3063 454 3101 testamentarii
480 3066 616 3098 tutores
639 3073 702 3098 eas
720 3062 964 3108 praecedant:
998 3072 1081 3096 nam
1105 3061 1269 3104 defuncti
1300 3060 1518 3096 voluntatem
1549 3063 1585 3094 et
1613 3060 1822 3095 electionem
1851 3059 2041 3104 praeferri
2063 3059 2238 3094 volumus.
2286 3058 2328 3094 Si
2352 3070 2436 3095 vero

194 3111 2438 3125 -.—.-—---—.—-—--—-—---——-—————-——-——-

1400 3140 1419 3173 3
1440 3138 1606 3172 diuiditur
1627 3140 1702 3179 VT]
1727 3138 1900 3171 diuidatur
1923 3138 1957 3171 R
1970 3139 2054 3181 vuly.
2074 3137 2087 3182 ΙΙ
2103 3138 2139 3170 in
2163 3139 2344 3181 capiteuita
2365 3140 2438 3181 (sic)

1354 3186 1487 3217 nostrae
1502 3183 1586 3226 legis
1607 3184 1658 3217 V¹
1675 3183 1687 3227 ss
1705 3185 1726 3217 4
1742 3183 1957 3226 appellantur
1975 3183 2026 3217 T²
2044 3182 2057 3227 ΙΙ
2074 3185 2093 3216 5
2115 3193 2193 3216 vero
2216 3196 2274 3216 om.
2292 3184 2326 3217 Τ
2337 3183 2350 3226 ΙΙ
2368 3194 2438 3217 esse

1353 3229 1509 3263 uolumus
1531 3230 1574 3270 V]
1600 3239 1668 3262 esse
1684 3228 1840 3262 uolumus
1856 3239 1924 3262 esse
1940 3228 1974 3261 R
2006 3227 2162 3261 uolumus
2179 3238 2248 3261 esse
2274 3228 2401 3273 Tvuly.
2427 3228 2439 3273 Η

1354 3276 1374 3309 6
1398 3274 1584 3308 hereditate
1608 3274 1696 3307 inter
1720 3276 1791 3315 cet]
1823 3276 1856 3306 te
1880 3273 1969 3306 inter
1993 3291 2036 3298 —
2061 3275 2081 3307 9
2105 3283 2278 3315 personam
2301 3286 2363 3307 scr.
2390 3274 2439 3307 R²

1354 3321 1387 3354 in
1412 3333 1477 3353 ras.
1504 3321 1523 3353 2
1545 3332 1687 3353 versuum
1714 3319 1727 3362 ΙΙ
1757 3321 1777 3353 9
1801 3317 1979 3352 masculini
2002 3318 2071 3351 ΕΤ
2092 3317 2104 3360 ΙΙ
2137 3319 2178 3352 12
2202 3318 2325 3351 femine
2351 3319 2403 3352 Τι
2426 3318 2439 3363 ΙΙ

1357 3367 1396 3400 13
1422 3364 1556 3397 modum
1580 3363 1762 3406 quemlibet
1787 3364 1819 3397 T
1841 3363 1853 3406 ΙΙ
1876 3362 2041 3396 tractabat
2069 3362 2119 3396 Τι
2142 3362 2154 3407 ΙΙ
2185 3365 2224 3398 16
2249 3363 2290 3396 ab
2315 3364 2438 3397 intesto

1354 3411 1425 3452 (sic)
1445 3409 1668 3452 praecipimus
1692 3409 1808 3442 uenire
1827 3409 1858 3441 T
1875 3408 1887 3453 ΙΙ
1921 3410 1961 3442 18
1976 3410 2063 3441 rubr.
2088 3408 2138 3441 De
2161 3408 2312 3449 legitima
2332 3409 2439 3443 tutela

1354 3458 1386 3488 et
1410 3455 1449 3487 de
1472 3457 1578 3487 matre
1608 3456 1641 3487 et
1662 3455 1740 3487 auia
1769 3453 1908 3487 tutelam
1938 3453 2119 3487 liberorum
2148 3453 2439 3488 aministrantibus

1353 3499 1688 3541 (amministrantibus
1711 3499 1896 3532 liberorum
1921 3499 1967 3539 T)
1990 3498 2059 3531 ΕΤ
2080 3500 2112 3532 in
2137 3511 2238 3542 mary.
2264 3502 2316 3539 (ex
2327 3500 2405 3542 Iul.)
2427 3499 2439 3542 ΙΙ

241 3145 260 3177 3
282 3144 318 3175 in
338 3142 448 3184 capita
462 3142 518 3182 M]
543 3141 717 3175 ἰνκαπίτα
730 3142 761 3174 L
785 3139 877 3174 κατὰ
894 3139 1054 3186 κεφαλὴν
1077 3138 1158 3182 ἤτοι
1174 3150 1285 3186 προσ-

197 3188 343 3222 ωπικῶς
367 3185 621 3231 (προσωπικὴν
646 3187 690 3227 L)
715 3187 890 3228 Ls.v.‚B
916 3187 928 3230 ΙΙ
960 3189 979 3220 5
1004 3183 1217 3228 βουλόμεθα
1240 3184 1286 3219 εῖ-

196 3246 257 3268 ναι
272 3234 301 3266 L
318 3231 331 3276 ΙΙ
350 3234 370 3266 6
391 3229 584 3276 διακατοχῇ
611 3232 657 3264 [3⁸
682 3230 695 3275 ΙΙ
723 3234 742 3265 7
766 3228 799 3274 ἢ]
821 3241 859 3264 ac
880 3243 900 3267 ς
922 3230 934 3274 ΙΙ
961 3232 981 3266 9
1002 3229 1145 3273 θήλεως
1165 3230 1250 3264 LBt
1275 3229 1287 3275 ΙΙ

201 3281 239 3313 11
265 3278 343 3311 τῶν
359 3277 540 3319 adgnatmn
564 3277 604 3309 τὲ
622 3278 682 3308 καὶ
702 3278 883 3318 uognatcon
901 3276 943 3309 M
962 3276 1040 3309 τῶν
1056 3272 1231 3310 ἀδνοίτων
1246 3287 1286 3310 τε

197 3326 257 3357 καὶ
279 3320 470 3366 κογνοὶτων
495 3322 526 3354 L
562 3320 601 3360 ἐξ
624 3321 714 3363 (τῶν
737 3321 775 3362 ἐξ
802 3320 868 3361 Bs)
894 3317 1146 3366 ἆρρενογονίας
1168 3333 1207 3355 τε
1232 3323 1287 3360 (τε

198 3382 256 3402 om.
272 3367 340 3408 Bt)
360 3369 419 3400 καὶ
436 3364 656 3411 θηλυγονίας
671 3367 704 3398 Β
721 3373 733 3409 ΙΙ
756 3368 795 3400 12
812 3363 872 3399 διὰ
887 3368 1158 3411 μαγκιπατίονα
1173 3367 1204 3400 L
1230 3362 1283 3399 δι’

199 3408 506 3453 αὐτεξουσιότητα
533 3412 567 3444 Β
584 3411 597 3448 ΙΙ
617 3413 657 3445 13
682 3408 705 3453 ἢ
729 3412 864 3456 ἕτερον]
890 3411 942 3444 vel
965 3421 1026 3454 per
1047 3411 1152 3445 alium
1176 3423 1195 3448 ς
1213 3410 1226 3456 ΙΙ
1245 3413 1287 3446 14

199 3457 452 3502 ἐτρακταῖζετο
478 3457 574 3497 ML]
614 3452 837 3490 διεσκοπεῖτο
861 3457 897 3490 Β
926 3456 938 3499 ΙΙ
968 3453 1141 3501 διαφορᾶς
1164 3454 1285 3491 τοιαύ-

150 3518 152 3520 ·
198 3513 258 3545 της
283 3504 314 3535 L
338 3503 350 3545 ss
380 3505 419 3536 15
445 3498 548 3542 ἰδίας]
581 3501 710 3538 οἰκείας
733 3502 783 3535 ΒῙ
807 3501 819 3545 ΙΙ
846 3503 889 3536 24
913 3501 1136 3547 adgnaztua'iv
1153 3503 1198 3535 M
1224 3498 1284 3534 οἷδ-

198 3547 382 3594 γνατικῶν
405 3548 436 3580 L
454 3548 466 3590 Η
484 3546 710 3592 κογνατικῶν
732 3547 803 3579 ML
820 3546 831 3589 ΙΙ
859 3548 900 3581 28
926 3548 1019 3589 ἦσαν
1043 3547 1075 3579 L
1104 3546 1116 3591 ΙΙ
1151 3549 1193 3581 32
1218 3544 1285 3580 λει-

200 3592 441 3637 τουργήματα]
467 3591 614 3624 officium
639 3603 658 3627 ς
682 3591 694 3635 ΙΙ
720 3592 763 3625 35
787 3589 1009 3634 βελλιανείου
1023 3592 1067 3625 M
1085 3589 1286 3634 βελιανείου

202 3638 232 3670 L
250 3637 262 3680 ΙΙ
281 3639 322 3671 36
347 3632 633 3683 ἄπαγορεύσουσι
657 3637 688 3670 L
716 3638 913 3670 renuntiant
938 3648 957 3673 ς
973 3636 986 3680 ΙΙ
1010 3637 1052 3671 38
1074 3639 1284 3670 testamenta-

202 3682 289 3715 riwn
306 3682 351 3716 M
368 3694 408 3716 τε
431 3681 451 3715 c*
471 3684 505 3726 (i.
520 3695 545 3717 e.
563 3694 604 3716 τε
620 3683 693 3725 καὶ)
709 3682 944 3715 tamentariwn
962 3682 993 3716 L

1356 3591 1406 3624 Τι
1425 3590 1438 3634 ΙΙ
1456 3591 1497 3623 27
1523 3591 1556 3623 et
1579 3602 1636 3623 om.
1652 3590 1683 3622 R
1701 3589 1713 3633 ΙΙ
1739 3592 1781 3624 29
1806 3589 1870 3623 sibi
1894 3591 2091 3623 metuuntur
2117 3589 2149 3622 T
2164 3589 2176 3632 ΙΙ
2199 3590 2243 3623 30
2268 3589 2381 3630 etiam]
2407 3591 2440 3622 et

1356 3637 1388 3669 T
1408 3635 1420 3679 ΙΙ
1444 3635 1547 3668 tutele
1569 3635 1679 3668 subite
1703 3636 1753 3668 Τι
1777 3634 1888 3668 subire
1912 3634 2017 3668 tutele
2044 3635 2074 3667 R
2105 3635 2117 3673 ΙΙ
2145 3635 2184 3668 31
2211 3634 2315 3668 suerit
2338 3635 2438 3678 vulo]

1354 3681 1481 3714 fuerint
1505 3680 1610 3714 RVT
1623 3680 1635 3723 ΙΙ
1653 3682 1694 3714 33
1720 3680 1759 3721 si]
1784 3681 1833 3713 ita
1856 3680 1884 3712 si
1906 3679 2024 3724 V1134
2041 3679 2208 3714 Velleiani
2232 3692 2291 3714 om.
2305 3678 2358 3724 ΤΙΙ
2375 3681 2439 3713 hoc

1357 3727 1387 3760 T
1401 3726 1414 3769 ΙΙ
1432 3727 1473 3759 35
1486 3727 1722 3768 proponuntur
1744 3724 1776 3758 V
2148 3769 2167 3790 *

1355 3548 1397 3580 20
1419 3545 1506 3578 enim
1523 3558 1582 3578 om.
1605 3544 1659 3589 Vn
1679 3546 1717 3578 21
1739 3547 1816 3587 quo]
1842 3544 1932 3586 quod.
1954 3543 2008 3587 Vl]
2026 3545 2191 3578 uocantur
2206 3543 2330 3578 RVT*
2347 3544 2359 3588 ΙΙ
2376 3543 2439 3577 soli
2494 3543 2498 3544 ⁷
