2618 4010
136 151 197 183 DE
225 149 434 183 'rns'rmus
1205 135 1289 183 445
2070 139 2179 183 Nov.
2202 138 2278 182 XC
2298 151 2360 194 pr.

137 240 193 286 ὧν
226 247 367 286 ἅπασιν
390 249 410 285 o‘
436 249 545 294 νόμος
574 253 677 286 ἔσται
709 251 841 298 σαφής,
869 248 1087 299 γινώσκουσι
1118 247 1212 286 καθ’
1285 251 1449 287 omnibus
1472 251 1530 287 lex
1554 250 1623 287 erit
1645 253 1779 296 aperta,
1804 250 2100 294 cognoscentibus
2126 250 2302 296 quomodo
2323 251 2361 286 in

137 293 180 331 ὃν
203 299 284 344 περὶ
308 298 384 331 τῶν
407 296 584 331 τοιούτων
600 295 878 332 πολιτεύσονται
892 297 1042 343 τρόπον,
1066 299 1126 331 καὶ
1149 297 1218 340 τὴν
1285 296 1417 332 talibus
1434 299 1698 339 conversentur,
1720 298 1756 331 et
1772 299 1931 331 nostram
1949 297 2256 333 considerantibus
2277 307 2359 342 pro-

136 339 311 396 ἡμετέραν
335 342 499 377 ἐννοοῦσι
519 355 548 377 π
571 340 706 385 όνοιαν,
732 339 791 376 ὅτι
815 340 931 386 πάσης
956 341 1120 386 ἀσχολίας
1144 343 1216 376 ἑτέ·
1285 342 1491 384 videntium,
1524 342 1584 388 qui
1608 342 1704 378 omni
1727 341 1820 376 aliae
1844 341 2073 387 occupationi
2104 352 2225 378 eorum
2255 352 2358 388 prae·

137 398 200 432 ρας
222 400 292 431 την
316 383 440 421 αὐτῶν
466 386 546 433 ὠφέ
565 401 644 422 ειαν
668 388 903 433 προτίθεμεν.
1281 388 1444 432 ponimus
1467 387 1663 423 utilitatem.

191 431 274 468 Dat.
307 433 342 468 k.
376 432 472 477 Sept.
505 432 574 469 GP.
607 433 689 478 imp.
721 433 779 469 dn.
813 433 1001 470 Iustiniani
1031 445 1091 479 pp.
1122 434 1211 477 Aug.
1251 435 1269 467 5
1338 433 1421 468 Dat.
1446 433 1519 468 kal.
1545 433 1641 478 Sept.
1668 431 1737 467 GP.
1770 431 1853 476 imp.
1880 431 1937 466 dn.
1963 432 2151 469 Iustiniani
2180 443 2241 479 pp.
2265 433 2356 477 Aug.

135 486 227 514 anno
251 477 348 513 XIII.
374 477 513 523 Apione
536 490 568 514 v.
595 489 626 515 c.
652 489 749 514 cons.
1178 482 1222 521 [a.
1239 480 1316 520 539]
1378 489 1472 514 anno
1493 478 1592 514 XIII.
1613 478 1753 523 Apione
1776 489 1808 513 v.
1832 487 1862 513 c.
1887 478 2042 513 consule.

658 663 691 715 ξ
1779 669 1854 705 XC.
2091 669 2256 706 Coll.VII
2272 669 2324 704 tit.
2337 670 2356 702 2

356 738 535 791 ΠΕΡΙ
564 737 979 791 ΜΑΡΤΥΡῼΝ.
1499 741 1551 789 R
1582 741 1676 789 DE
1712 738 2053 789 TESTIBUS
2084 738 2138 788 R

130 813 218 867 Imp.
244 815 465 853 Iustinianus
490 819 534 853 A.
557 814 708 865 Ἰωάννῃ
732 818 785 861 τῷ
811 815 1037 860 ἐνδοξοτάτῳ
1063 815 1208 862 ἐπάρχῳ
1481 818 1581 854 Idem
1611 818 1703 862 Aug.
1727 816 1878 853 Iohanni
1907 827 1967 862 pp.
1990 815 2158 853 secundo.

130 872 206 893 των
223 857 450 897 ἀνατολικῶν
468 867 704 909 πραιτωρίων
721 863 762 897 τὸ
780 862 826 907 β’,
849 859 921 897 ἀπὸ
940 860 1096 896 ὑπάτων
1114 858 1208 906 ὂρὸι·
1225 864 1265 895 10

455 913 594 954 ναρίων
617 912 676 942 καὶ
696 911 885 954 πατρικίῳ.

188 975 489 1020 <Προοίμιον >
535 974 582 1010 ‘H
600 978 676 1010 τῶν
699 975 895 1022 μαρτύρων
919 974 1007 1019 πρὸς
1030 973 1095 1008 τοὶς
1119 971 1208 1008 άπο-
1334 973 1624 1019 (Praefatio.)
1670 974 1831 1010 Testium
1862 976 2008 1020 propter
2031 974 2262 1020 probationes
2287 974 2355 1009 uti-

131 1015 255 1060 δείξεις
275 1024 375 1064 χρεία
396 1020 581 1066 έξεύρηται
603 1024 669 1064 μὲν
701 1019 814 1056 πάλαι
838 1019 899 1055 διὰ
926 1020 969 1054 τὸ
993 1019 1042 1064 μὴ
1067 1017 1208 1054 λανθά-
1276 1018 1360 1054 litas
1396 1019 1586 1055 adinventa
1610 1019 1752 1065 quidem
1789 1023 1843 1056 est
1866 1020 2017 1062 dudum,
2054 1031 2099 1056 ne
2128 1020 2213 1066 quid
2245 1020 2357 1055 lateat

131 1077 208 1099 νειν
231 1079 268 1099 τι
293 1064 427 1112 ῥᾳδίως
449 1069 525 1101 τῶν
549 1070 828 1112 πραττομένων,
863 1069 1037 1110 πονηρίας
1060 1063 1099 1098 δὲ
1122 1063 1208 1099 πολ·
1276 1064 1382 1099 facile
1406 1067 1586 1107 actorum,
1619 1069 1655 1101 et
1687 1065 1879 1101 ealliditate
1910 1065 2063 1110 plurima
2087 1066 2269 1101 hominum
2293 1065 2355 1100 ad-

130 1109 191 1153 λῆς
214 1113 290 1144 ταῖς
313 1111 567 1157 ἀνθρωπίναις
591 1114 840 1158 ἐπιγενομένης
863 1114 991 1157 ψυχαῖς
1014 1109 1207 1145 κινδυνεύει
1223 1114 1262 1145 15
1276 1110 1438 1145 veniente
1469 1111 1605 1145 animas
1641 1111 1863 1155 periclitetur
1893 1111 2046 1155 migrare
2073 1111 2110 1147 in
2136 1110 2355 1147 contrarium

129 1154 321 1200 μετελθεῖν
342 1158 389 1191 εἰς
412 1155 664 1200 τούναντίονὴ
690 1158 754 1191 τοῦ
780 1156 987 1203 πράγματος
1010 1154 1120 1196 τάξις.
1165 1152 1206 1189 οὐ
1276 1155 1363 1190 ordo
1390 1165 1531 1190 causae.
1575 1155 1657 1191 Non
1682 1156 1774 1191 enim
1795 1161 1836 1191 ut
1854 1156 2026 1201 patefiant
2047 1167 2137 1202 quae
2155 1160 2256 1201 gesta
2273 1160 2356 1192 sunt

129 1201 175 1247 γα
223 1198 325 1236 ὅπως
347 1200 392 1236 ἢν
417 1206 545 1248 φανείη
569 1202 615 1236 τὰ
642 1215 716 1236 πεπ
741 1205 877 1249 αγμένα
905 1202 1150 1247 μαρτυροῦσιν
1173 1200 1209 1234 οἱ
1275 1202 1454 1236 testantur
1478 1200 1640 1245 plurimi,
1673 1202 1734 1237 sed
1766 1206 1941 1246 quatenus
1970 1202 2088 1238 adhuc
2117 1202 2270 1248 amplius
2294 1212 2354 1237 00-

130 1215 266 1289 mitat,
292 1244 374 1281 ἀλλ’
394 1244 493 1282 ὅπως
509 1244 554 1281 ἂν
570 1250 624 1282 ἔτι
668 1246 713 1281 ἆλ
737 1261 779 1282 ον
799 1250 1046 1292 κατακρυβείη.
1085 1246 1120 1280 οἱ
1136 1245 1206 1294 γὰρ
1277 1246 1467 1281 cultentur.
1515 1245 1608 1280 Nam
1632 1246 1704 1281 alia
1725 1246 1865 1291 quidem
1896 1247 2046 1283 scientes
2070 1248 2141 1283 alia
2164 1259 2246 1283 vero
2271 1258 2354 1293 pro-

129 1294 234 1337 ἕτερα
255 1294 322 1336 μὲν
346 1290 480 1327 εἰδότες
503 1294 606 1338 ἕτερα
650 1294 666 1326 ὲ
681 1290 967 1346 ἀπαγγέλλοντες
990 1291 1012 1335 ἢ
1031 1288 1123 1337 ἅπερ
1144 1289 1206 1326 οὐκ
1275 1291 1482 1326 nuntiantes
1507 1294 1571 1326 aut
1596 1301 1687 1337 quae
1705 1303 1777 1327 non
1803 1295 1886 1327 sunt
1903 1292 2060 1328 dicentes
2077 1293 2146 1328 hoc
2169 1294 2247 1338 ipso
2269 1303 2354 1328 con-

128 1337 228 1371 ἴσασι
250 1336 411 1384 λέγοντες
431 1336 596 1372 αὐτόθεν
612 1335 859 1384 ὁμολογουσιν,
884 1336 931 1372 ὠς
953 1337 1001 1372 τὰ
1024 1340 1102 1372 ταῖς
1125 1333 1205 1380 ἀλη-
1220 1339 1260 1373 20
1275 1336 1433 1381 fitentur,
1459 1336 1542 1381 quia
1565 1346 1608 1372 ea
1653 1347 1720 1372 uae
1743 1347 1824 1372 vere
1855 1337 1947 1372 fiunt
1969 1348 2084 1382 neque
2107 1338 2230 1374 volunt
2252 1340 2354 1383 pate-

129 1383 249 1417 θείαις
281 1382 459 1429 γενόμενα
500 1381 582 1417 οὐδὲ
623 1383 819 1427 βούλονται
855 1383 1029 1430 γίνεσθαι
1067 1382 1206 1428 φανεροὶ
1274 1382 1353 1417 fieri
1376 1392 1492 1427 neque
1517 1349 1713 1418 secunaum
1745 1392 1787 1417 ea
1810 1383 1964 1427 proferri
1994 1383 2144 1425 iudicia,
2177 1384 2239 1419 sed
2264 1393 2355 1428 quae

76 1425 80 1430 '
129 1424 210 1461 οὐδὲ
232 1425 315 1462 κατ>
342 1425 432 1462 αὐτὰ
456 1432 620 1474 προϊέναι
649 1428 713 1463 τὰς
737 1433 884 1474 κρίσεις,
914 1426 1005 1462 ἀλλὰ
1029 1428 1075 1462 τὰ
1095 1427 1206 1472 μηδα-
1275 1438 1468 1472 numquam
1492 1427 1590 1462 facta
1621 1430 1706 1463 sunt
1728 1427 1819 1462 haec
1842 1431 1878 1463 et
1907 1429 2142 1473 pronuntiant
2172 1432 2208 1464 et
2230 1428 2277 1464 ad
2299 1429 2354 1464 iu-

127 1474 196 1516 μοῦ
220 1472 396 1519 γενόμενα
419 1475 536 1508 ταῦτα
560 1477 619 1507 καὶ
650 1471 912 1520 ἀπαγγέλλουσι
935 1477 995 1508 καὶ
1019 1474 1066 1508 εἰς
1090 1477 1208 1520 κρίσιν
1276 1473 1407 1508 dicium
1440 1472 1570 1508 deduci
1605 1477 1790 1518 quaerunt.
1840 1473 1991 1508 Omnino
2026 1474 2147 1518 itaque
2183 1474 2355 1519 perimere

128 1514 290 1561 ἀχθῆναι
315 1520 470 1562 ζητοῦσι.
524 1519 569 1553 Τὸ
593 1521 660 1563 μὲν
683 1514 748 1553 οὖν
780 1518 959 1560 καθάπαξ
983 1517 1121 1553 άνελεῖν
1145 1519 1208 1553 τὰς
1276 1518 1479 1554 testimonia
1491 1518 1573 1553 usui
1590 1529 1710 1554 rerum
1730 1519 1913 1553 incautum
1932 1523 1997 1560 est,
2018 1519 2178 1563 plurimis
2198 1519 2354 1554 existen-

126 1567 321 1610 μαρτυρίας
344 1565 387 1610 τῇ
414 1566 489 1599 τῶν
513 1564 740 1611 πραγμάτων
762 1563 883 1609 χρήσει
907 1563 1098 1611 σφαλερόν,
1123 1563 1204 1599 πολ-
1222 1566 1262 1599 25
1275 1564 1371 1599 tibus
1397 1574 1487 1608 quae
1510 1574 1582 1599 non
1605 1564 1709 1600 aliter
1732 1564 1908 1609 patefiunt
1932 1564 2001 1599 nisi
2021 1564 2171 1600 testibus
2195 1575 2353 1609 pronun-

127 1607 203 1643 λῶν
227 1607 350 1643 ὄντων
380 1605 472 1655 ἅπερ
505 1607 569 1643 οὐκ
609 1607 655 1644 ἂν
688 1608 804 1644 ἄλλως
838 1611 1029 1656 καταφανῆ
1066 1612 1207 1654 γένοιτο
1275 1609 1460 1651 tiantibus,
1485 1609 1593 1644 licere
1612 1613 1732 1645 autem
1746 1609 1910 1645 omnibus
1924 1610 2031 1645 etiam
2052 1610 2153 1645 valde
2177 1610 2354 1645 vilissimis

126 1654 174 1697 μὴ
207 1653 403 1700 μαρτύρων
434 1656 550 1689 ταῦτα
582 1653 887 1702 διαγγελλόντων,
924 1654 966 1690 τὸ
999 1654 1037 1689 δὲ
1069 1657 1208 1701 ἐφεῖναι
1275 1654 1514 1690 testimonium
1537 1655 1726 1699 perhibere
1742 1658 1777 1690 et
1795 1658 1877 1690 ante
1896 1666 1961 1691 nos
1977 1655 2239 1700 prohibuerunt
2250 1656 2354 1700 legis-

127 1700 218 1734 πᾶσι
241 1702 302 1733 καὶ
325 1702 397 1733 τοῖς
421 1698 564 1746 σφόδρα
588 1698 853 1735 εὐτελεστάτοις
871 1703 1065 1746 μαρτυρεῖν
1090 1704 1149 1734 καὶ
1174 1700 1210 1734 οἱ
1274 1700 1426 1736 latores:
1452 1700 1588 1735 scilicet
1611 1701 1742 1735 multas
1763 1701 1992 1745 exceptiones
2016 1700 2189 1736 facientes
2214 1702 2251 1736 et
2273 1701 2353 1746 plu-

127 1744 197 1790 πρὸ
224 1741 328 1789 ἡμῶν
346 1744 527 1779 ἐκώλυσαν
544 1746 761 1788 νομοθέται·
786 1748 979 1792 τοιγαροῦν
995 1749 1055 1779 καὶ
1072 1745 1204 1780 πολλὰς
1272 1745 1381 1781 rimos
1418 1746 1648 1782 excludentes
1687 1746 1793 1781 etiam
1824 1746 1902 1790 ipso
1942 1746 2086 1781 testium
2123 1746 2264 1781 nomine
2298 1746 2354 1781 vel

127 1790 315 1836 ἐξαιρέσεις
331 1793 531 1832 ποιοῦνται,
558 1790 709 1825 πολλοὺς
724 1788 991 1826 ἀπελαύνοντες
1007 1794 1065 1825 καὶ
1091 1790 1203 1825 αὐτοῦ
1218 1794 1259 1826 30
1273 1792 1466 1826 schemate.
1517 1791 1607 1835 Quia
1638 1801 1720 1827 vero
1740 1801 1855 1836 neque
1883 1793 1967 1836 post
1998 1792 2063 1827 has
2095 1791 2353 1836 prohibitiones

126 1837 190 1870 τοῦ
214 1836 291 1869 τῶν
311 1836 507 1883 μαρτύρων
531 1833 709 1879 ὀνόματός
724 1850 764 1871 τε
780 1838 1039 1880 καῑσχήματος.
1081 1835 1204 1880 ἐπειδὴ
1274 1837 1393 1872 adhuc
1418 1847 1548 1882 purum
1570 1839 1624 1873 est
1648 1837 1792 1872 testium
1817 1847 1926 1882 opus,
1958 1836 2225 1873 aestimavimus
2250 1848 2353 1883 opor-

127 1879 166 1914 δὲ
192 1878 276 1915 οὐδὲ
305 1881 395 1925 μετὰ
428 1881 561 1916 ταύτας
592 1882 654 1916 τὰς
682 1878 852 1916 κωλύσεις
882 1884 935 1916 ἔτι
965 1882 1134 1928 καθαρὸν
1165 1882 1206 1917 τὸ

126 1927 202 1960 τῶν
237 1925 432 1972 μαρτύρων
471 1928 589 1970 ἐστίν,
631 1925 807 1971 ᾠήθημεν
845 1928 975 1973 χρῆναι
1012 1931 1071 1962 καὶ
1109 1925 1207 1972 ἡμεῖς

194 2018 365 2052 Nov.XG
384 2018 441 2059 (Ξ
458 2019 536 2052 Coll.
560 2019 633 2052 VII
653 2020 697 2052 tit.
713 2020 750 2053 2:
774 2019 886 2063 yloss.)
914 2019 1039 2054 Graece
1064 2026 1150 2052 extat
1174 2021 1206 2053 in
1231 2019 1319 2060 ML,
1346 2031 1417 2062 cap.
1434 2021 1520 2053 1—9
1546 2020 1579 2053 in
1603 2019 1639 2052 B
1659 2021 1713 2060 21,
1728 2027 1801 2061 1,46
1815 2032 1840 2053 c.
1855 2019 1953 2053 schol.
1979 2037 2023 2043 —
2046 2018 2137 2061 Epit.
2164 2020 2287 2053 Tlteod.
2309 2021 2353 2054 90

127 2064 213 2105 (inde
240 2060 313 2102 B2;
348 2063 527 2097 Prochiron
553 2065 607 2105 27,
628 2071 709 2098 2-6.
731 2071 775 2098 16.
797 2072 910 2098 19-21.
930 2072 979 2106 28,
1012 2065 1217 2108 Epanayoqe
1246 2066 1295 2105 12,
1318 2072 1416 2099 13.14.
1432 2072 1475 2098 21.
1490 2072 1536 2098 25.
1551 2072 1598 2098 26.
1614 2072 1660 2099 30.
1677 2066 1741 2107 35),
1774 2066 1894 2098 Athan.
1919 2066 1950 2106 5,
1970 2071 2001 2103 53
2035 2072 2184 2108 excerpta
2204 2072 2355 2108 praestat

126 2109 232 2142 Anon.
257 2108 464 2142 Bodleianus
483 2122 519 2152 p.
535 2110 601 2143 214
613 2122 660 2152 sq.
686 2110 789 2143 Zach.
837 2110 958 2143 Iulian.
985 2117 1081 2143 const.
1108 2110 1322 2142 LXXXIII.

128 2198 290 2233 omnibus
314 2197 490 2249 patefiat,
523 2201 563 2232 ut
596 2201 826 2248 coqnospant·
841 2208 945 2243 quem
970 2197 1020 2232 ad
1042 2197 1184 2249 modum
1213 2198 1251 2232 in
1274 2198 1448 2233 eiusmodi
1473 2198 1615 2233 casibus
1639 2200 1820 2234 versaturi
1840 2199 1933 2242 sint,
1959 2210 2002 2234 ac
2033 2203 2197 2235 nostram
2223 2200 2350 2247 provi-

127 2244 285 2279 dentiam
311 2242 532 2288 tntelteqant,
557 2243 622 2288 qui
642 2253 736 2278 omni
761 2242 824 2278 αίιι
850 2243 1080 2289 occupationi
1106 2244 1295 2278 utilitatem
1320 2254 1443 2278 eorum
1461 2254 1747 2290 praeponamus.

997 2465 1098 2515 DE
1128 2398 1335 2516 Tigil
1331 2465 1380 2515 B
1386 2464 1474 2515 IJS.

166 2546 257 2593 Imp.
279 2545 506 2581 Iustinianus
523 2545 709 2590 Auqustus
726 2543 885 2580 Iohanni
907 2544 1391 2625 aloriOSiJQOJWatefthtO,
1401 2544 1594 2596 praetorio
1616 2556 1685 2591 per
1708 2544 1887 2582 Orientem
1912 2546 2060 2589 iterum,
2084 2557 2133 2583 ex
2157 2547 2306 2584 consule

1022 2601 1065 2625 or
1091 2601 1208 2625 mario
1232 2601 1250 2624 e
1288 2601 1338 2635 pa
1356 2599 1456 2625 rzczo.

262 2658 380 2693 Prae
387 2657 523 2703 fatio.
574 2656 729 2692 Testium
751 2656 800 2692 ad
815 2657 1054 2703 probationes
1078 2669 1164 2693 usus
1189 2657 1273 2692 olim
1298 2656 1440 2703 quidem
1463 2657 1628 2693 inventus
1651 2661 1723 2702 est,
1754 2670 1799 2694 ne
1823 2658 1912 2704 quid
1935 2658 2050 2703 facile
2073 2660 2203 2697 lateret
2225 2672 2349 2697 eorum

126 2716 220 2751 quae
243 2708 327 2739 acta
350 2707 436 2738 sunt
443 2715 458 2744 ;
487 2713 566 2738 cum
590 2706 708 2738 autem
734 2713 867 2747 maqna
892 2702 1107 2749 improbitas
1130 2702 1313 2738 bominum
1336 2702 1476 2737 animos
1501 2703 1747 2750 occupaverit,
1765 2704 1969 2750 periculum
2000 2709 2055 2740 est
2076 2716 2122 2741 ne
2142 2707 2180 2741 in
2203 2712 2349 2743 contra-

125 2749 220 2786 rium
243 2749 360 2786 vertat
379 2748 433 2783 rei
456 2748 630 2782 condicio.
679 2747 804 2792 Neque
827 2747 921 2782 enim
947 2751 985 2783 ut
1004 2748 1185 2794 patefiant
1208 2759 1251 2783 ea
1273 2758 1366 2793 quae
1390 2751 1474 2782 acta
1497 2752 1598 2795 sunt¹
1633 2748 1770 2794 torique
1795 2749 2033 2785 testimonium
2050 2750 2265 2797 perhibent,
2285 2752 2350 2788 sed

127 2800 168 2832 ut
189 2795 296 2831 etiam
320 2793 436 2839 maqis
460 2792 694 2828 occultentur.
743 2792 837 2827 Nam
861 2793 924 2838 qui
948 2792 1023 2828 alia
1046 2795 1165 2828 sciunt
1188 2793 1263 2828 alia
1281 2792 1529 2839 pronuntiant
1548 2804 1588 2829 ve
1626 2804 1719 2839 quae
1742 2795 1907 2830 nesciunt
1924 2794 2049 2830 dicunt
2071 2794 2140 2832 Ιιοε
2163 2798 2244 2843 ipso
2264 2807 2348 2833 con-

123 2841 273 2886 fitentur
305 2850 349 2874 ne
373 2838 461 2874 velle
484 2838 627 2884 quidem
658 2849 696 2873 se
719 2849 762 2873 ea
787 2849 880 2883 quae
903 2849 1030 2874 revera
1052 2839 1158 2883 facta
1181 2842 1266 2874 sunt
1289 2837 1484 2882 manifesta
1505 2838 1591 2882 fieri
1612 2842 1677 2873 aut
1699 2839 1894 2875 secundum
1914 2851 1958 2876 ea
1980 2840 2115 2876 iudicia
2130 2843 2348 2888 procedere,

125 2885 189 2921 sed
212 2896 306 2931 quae
330 2895 523 2929 numquam
551 2883 657 2928 facta
688 2886 773 2918 sunt
797 2882 886 2918 staec
908 2888 944 2919 et
961 2884 1206 2929 pronuntiant
1232 2886 1268 2919 et
1295 2883 1334 2917 in
1365 2882 1536 2917 iudicium
1567 2882 1696 2919 deduci
1727 2886 1860 2920 volunt.
1915 2883 1996 2920 Iam
2027 2896 2111 2921 vero
2145 2888 2348 2924 testimonia

124 2931 234 2978 plane
258 2929 383 2965 tollere
406 2939 527 2964 rerum
551 2929 632 2963 usui
651 2928 894 2974 periculosum
918 2934 982 2969 est,
1015 2939 1094 2964 cum
1118 2929 1231 2964 multa
1261 2928 1335 2963 sint
1365 2938 1458 2972 quae
1487 2939 1562 2963 non
1586 2928 1693 2964 aliter
1712 2930 1907 2975 manifesta
1928 2930 2024 2974 fiant
2046 2931 2116 2966 nisi
2134 2933 2282 2968 testibus
2305 2944 2348 2968 ea

126 2974 418 3014 enuntiantibus‚·
448 2973 551 3019 atqui
573 2984 618 3008 ne
643 2973 806 3008 omnibus
828 2973 935 3008 etiam
960 2973 1138 3009 vilissimis
1162 2974 1280 3009 dicere
1306 2972 1541 3008 testimonium
1558 2973 1831 3025 permitteretur
1847 2975 2050 3011 anteriores
2073 2987 2218 3022 quoque
2242 2978 2348 3024 Zeqis-

127 3021 261 3057 latores
282 3018 566 3066 prohibuerunt:
598 3018 721 3063 itaque
744 3017 875 3053 multas
898 3029 988 3054 exce
1016 3019 1130 3054 tiones
1151 3019 1298 3064 faciunt
1320 3017 1520 3063 multosque
1551 3029 1632 3064 zpso
1667 3020 1806 3054 testium
1836 3020 1980 3055 nomine
2009 3025 2046 3056 et
2067 3025 2165 3057 statu
2183 3024 2345 3068 privant.

127 3065 304 3108 Quoniam
328 3074 411 3099 vero
435 3074 480 3099 ne
497 3067 586 3109 post
611 3062 678 3099 kas
701 3063 843 3109 quidem
862 3063 976 3109 prolti
999 3064 1129 3099 itiones
1152 3064 1295 3110 inteqra
1320 3068 1372 3098 est
1398 3062 1538 3098 testium
1561 3064 1671 3106 ratio,
1702 3064 1985 3100 existimavimus
2008 3066 2112 3102 nobis
2132 3078 2275 3113 quoque
2299 3067 2348 3103 ad

172 3154 404 3188 4ἑαυτῶνΜ
419 3153 431 3196 ΙΙ
450 3155 603 3187 5subscr.
618 3166 675 3186 om.
690 3154 737 3187 M
738 3154 801 3186 Iul.
818 3154 830 3196 ΙΙ
849 3154 915 3186 dat.
929 3164 1075 3186 —cons
1090 3155 1145 3197 (cf.
1160 3155 1203 3196 ς)]
1273 3155 1326 3187 lex
1350 3156 1463 3196 aperta
1487 3154 1551 3186 erit
1575 3154 1727 3187 omnibus
1753 3156 1786 3188 T
1810 3155 1822 3198 ΙΙ
1851 3156 1870 3188 2
1895 3156 2176 3190 considerauimus
2199 3158 2231 3190 R
2266 3169 2345 3192 con—

128 3196 264 3246 ἐγράφη
289 3196 482 3232 καλάνδων
506 3200 769 3243 Σεπτεμβρίων
795 3197 979 3241 βασιλείας
1000 3196 1203 3232 Ἰουστινια-
1271 3200 1449 3232 sideranti*
1484 3199 1534 3232 V¹
1562 3199 1573 3241 ΙΙ
1604 3200 1623 3233 3
1645 3200 1859 3242 proponimus
1882 3201 1916 3232 R
1946 3200 1958 3243 ss
1986 3203 2005 3234 5
2029 3204 2150 3235 subscr.
2181 3204 2268 3236 Data
2296 3204 2344 3237 kl.

127 3246 191 3279 νοῦ
215 3244 257 3278 τὸ
285 3242 328 3289 ιγ’
345 3245 420 3277 ΑιΙι.
446 3241 663 3288 ἑξεφωνήθη
686 3246 773 3286 μηνὶ
794 3246 1022 3289 σεπτεμβρίῳ
1048 3245 1119 3277 ἔτει
1141 3245 1204 3287 τῆς
1272 3246 1360 3288 Sept.
1379 3244 1631 3287 constantipolis
1651 3244 1834 3287 imperante
1858 3245 1969 3278 donno
1989 3246 2172 3280 iustiniano
2194 3258 2248 3290 pp.
2268 3259 2343 3291 aug.

128 3288 310 3334 βασιλείας
333 3285 382 3334 ιγ’
408 3284 565 3330 ὑπατείᾳ
585 3284 747 3322 Ἀπίονος
773 3290 892 3322 Theoti.
917 3290 928 3330 ΙΙ
959 3292 978 3322 9
1003 3289 1082 3331 imp.
1107 3289 1202 3322 iusti-
1272 3301 1358 3323 anno
1383 3290 1453 3322 XII
1478 3290 1605 3331 apicem
1628 3290 1763 3323 consule
1785 3291 1822 3332 V,
1847 3290 1914 3323 dat.
1938 3290 1985 3323 kl.
2010 3294 2091 3334 sept.
2116 3294 2344 3327 constantino-

154 3336 160 3342 '
1270 3335 1364 3378 polin
1389 3336 1507 3368 Bamb.
1522 3335 1578 3374 II,
1604 3347 1661 3368 om.
1683 3336 1752 3368 rell.
1782 3334 1794 3378 ΙΙ
1826 3337 1869 3369 14
1892 3338 1935 3376 et]
1960 3338 1995 3368 at
2017 3338 2103 3379 vuly.
2132 3338 2143 3380 ΙΙ
2173 3337 2344 3372 caliditate

127 3346 248 3368 manus
272 3346 290 3367 a
315 3335 355 3368 M
391 3330 623 3378 αὐτοκράτωρ
647 3332 887 3367 ἰουστινιανὸε
912 3330 1107 3380 αὕγουστος
1130 3336 1161 3368 L

1274 3381 1324 3414 T¹
1341 3380 1353 3424 ΙΙ
1371 3379 1517 3413 omnium
1531 3379 1581 3412 R²
1599 3379 1610 3422 ΙΙ
1626 3379 1861 3413 adinueniente
1874 3381 2137 3421 (adinuenientes
2153 3383 2184 3415 T
2189 3385 2218 3424 a)
2230 3384 2262 3416 R
2274 3384 2342 3425 VT,

127 3377 306 3424 *ὑπάρχω
333 3379 404 3412 ML
429 3379 441 3422 ss
469 3381 510 3413 10
534 3375 730 3422 ἇρὸιναρίω
756 3380 844 3419 ML,
870 3392 952 3412 corr.
979 3380 1173 3412 Haloander

131 3428 169 3460 11
195 3428 399 3469 πατρικίων
422 3425 452 3458 L
469 3423 480 3467 ΙΙ
510 3426 549 3458 13
575 3421 802 3457 λανθάννειν
826 3425 872 3457 M
882 3423 894 3467 ΙΙ
919 3425 960 3457 15
984 3421 1203 3459 κινδυνεύειν
1271 3439 1353 3459 corr.
1374 3426 1461 3468 ναῖς).
1491 3424 1502 3468 ΙΙ
1534 3426 1573 3459 15
1597 3425 1806 3467 periclitatur
1829 3426 1917 3469 vuly.
1947 3426 1958 3467 ΙΙ
1989 3427 2029 3460 16
2053 3429 2091 3459 ut
2113 3427 2269 3469 petefiant
2291 3429 2324 3462 T
2332 3430 2343 3450 ¹

129 3471 218 3504 ML¹
236 3471 248 3514 ΙΙ
265 3472 306 3504 20
331 3469 429 3503 ἴσασι
443 3470 500 3510 Μ]
523 3468 599 3501 ἴασι
623 3470 654 3502 L
688 3472 766 3501 sunt
791 3481 810 3505 ς
825 3469 836 3507 ΙΙ
857 3470 896 3503 21
922 3465 1096 3514 γινόμενα
1118 3471 1169 3503 La
1193 3471 1204 3514 Η
1270 3472 1384 3513 utpote
1404 3470 1529 3502 faciant
1546 3469 1594 3502 R¹
1618 3472 1657 3502 ut
1679 3470 1879 3512 patefaciant
1901 3470 1980 3514 13²1}
2000 3472 2040 3505 18
2064 3471 2162 3504 aliam
2186 3483 2266 3506 uero
2286 3473 2344 3519 RH

129 3516 172 3549 23
195 3515 367 3560 γινόμενα
392 3516 422 3547 L
453 3515 464 3557 ΙΙ
496 3515 539 3548 24
564 3514 720 3556 ζήτῶσιν
744 3515 776 3548 L
805 3513 817 3558 ΙΙ
852 3516 893 3548 26
917 3516 1083 3559 γε’νονται
1107 3516 1157 3548 La
1192 3517 1202 3559 Η
1274 3518 1312 3550 19
1327 3517 1434 3558 ipsum
1456 3514 1509 3559 Vn
1529 3515 1722 3548 confitentes
1735 3515 1786 3547 Ra
1801 3517 1813 3558 ss
1832 3517 1874 3549 20
1894 3515 1991 3556 fiunt]
2015 3519 2094 3549 sunt
2108 3517 2142 3549 R
2159 3516 2171 3560 ΙΙ
2189 3519 2228 3551 21
2247 3529 2341 3561 prae-

130 3561 172 3593 23
190 3556 438 3593 «ἀτελεστάτοις
461 3561 506 3599 (in
529 3561 640 3600 litura)
665 3559 696 3592 L
713 3559 725 3602 ΙΙ
751 3561 793 3594 30
818 3557 1013 3605 ἐξευρήσεις
1037 3561 1067 3593 L
1085 3559 1096 3603 ΙΙ
1122 3572 1201 3594 ποι-
1270 3561 1350 3593 ferri
1371 3561 1404 3594 V
1420 3559 1614 3602 profiteriR
1630 3561 1642 3603 ΙΙ
1659 3560 1781 3593 iuditia
1805 3561 1861 3593 sed
1887 3571 1950 3602 que
1972 3560 2023 3594 R2
2036 3563 2068 3595 in
2081 3575 2147 3595 ras.
2167 3562 2179 3606 ΙΙ
2196 3564 2237 3597 22
2263 3564 2343 3597 haec

129 3605 266 3645 οὖνται]
291 3606 449 3638 facientes
471 3616 490 3641 ς
515 3605 528 3648 ΙΙ
558 3604 596 3638 31
625 3616 664 3637 τε
687 3606 758 3646 καὶ]
792 3605 845 3637 vel
869 3616 887 3641 ς
916 3605 927 3648 ΙΙ
958 3605 999 3638 32
1023 3601 1105 3638 οὐδὲ
1129 3607 1200 3648 Δίς]
1270 3609 1313 3647 et]
1345 3608 1377 3639 et
1401 3618 1457 3639 om.
1486 3606 1516 3638 R
1543 3605 1555 3647 ΙΙ
1586 3606 1628 3639 24
1652 3607 1731 3638 usui
1758 3606 1899 3646 Gentius]
1931 3606 1991 3638 ubi
2013 3607 2084 3647 (om.
2111 3607 2172 3650 V1)
2195 3608 2301 3641 RVT
2330 3609 2343 3653 ΙΙ

129 3646 171 3682 οὗ
196 3650 228 3682 L
1271 3653 1312 3685 25
1330 3650 1510 3693 patefuerit
1525 3650 1574 3682 R¹
1589 3649 1602 3694 ss
1621 3651 1664 3685 26
1680 3650 1871 3683 hominibus
1893 3651 1943 3684 V³
1959 3651 1971 3695 ΙΙ
1989 3652 2089 3684 etiam
2101 3653 2201 3695 vul-q]
2227 3655 2259 3685 et
2274 3655 2341 3686 tam

130 3714 1189 3721 —-——-—-—————-————-—-———
1268 3697 1373 3730 RVT
1388 3696 1400 3739 ΙΙ
1415 3695 1601 3728 utilissimis
1614 3695 1716 3729 311*ι
1733 3696 1746 3739 Ι]
1762 3697 1802 3730 31
1819 3695 1938 3738 adhuc]
1964 3698 1997 3730 et
2020 3697 2128 3731 adhuc
2152 3698 2186 3732 V
2198 3699 2210 3742 Η
2224 3708 2341 3740 parurn

181 3741 197 3774 1
215 3739 366 3774 omnibus
384 3740 437 3774 lex
452 3741 516 3774 erit
534 3740 645 3781 aperte
664 3739 699 3774 V
714 3739 767 3773 lex
783 3738 847 3773 erit
866 3739 980 3782 aperta
999 3738 1151 3773 omnibus
1167 3740 1201 3774 R
1269 3741 1319 3774 R²
1334 3740 1347 3785 ΙΙ
1365 3743 1413 3774 est
1436 3753 1495 3775 om.
1517 3740 1566 3775 V²
