2618 4010
232 107 339 150 Nov.
370 108 466 150 LIII
497 109 533 149 3.
566 110 589 147 4

230 217 300 251 ὑπὸ
325 214 477 261 δικαστῇ
500 217 672 262 γίνεσθαι
703 215 788 249 ἴσως
810 213 976 258 ὑπόπτῳ,
1008 215 1093 249 ἴσως
1121 213 1306 252 auara&-

228 264 312 305 μίῳ,
337 259 505 294 πολλάκις
524 258 567 294 δέ
583 274 619 295 τι
641 262 700 293 καὶ
719 260 850 294 οἰκεῖον
870 261 930 294 ἐπὶ
953 260 1006 303 τῷ
1028 258 1197 306 φεύγοντι
1221 258 1306 296 διοι-

229 307 402 348 κουμένῳ,
426 307 486 338 καὶ
509 306 573 339 τοῦ
596 305 664 348 τὴν
687 302 793 347 δίκην
815 301 1056 348 ὑπομένοντος
1078 302 1209 339 οὐδένα
1232 319 1306 340 και-

252 348 295 383 ὀν
318 350 460 391 ἔχοντος
483 348 573 396 πρὸς
595 348 638 384 τὸ
657 349 797 394 μαθεῖν
812 345 874 396 ἐφ’
892 349 942 384 οἷς
959 351 1022 383 ἕνα
1046 346 1171 393 όμενος
1190 346 1306 385 ἄπαν-

228 363 253 429 ξ
303 392 414 437 τὴσει.
469 391 672 451 Δεχόμενον
707 391 747 428 δὲ
781 391 895 430 αὐτὸν
929 393 972 429 τὸ
1033 392 1161 438 ιβλίον,
1196 393 1307 438 μόνης

229 440 453 484 προςωπικῆς
488 441 612 486 ἐγγυης
648 435 739 483 παρ’
774 437 884 474 αὐτοῦ
919 437 1104 483 διδομένης
1136 442 1197 474 καὶ
1228 440 1307 474 τῶν

229 482 466 529 σπορτούλων
489 484 581 519 κατὰ
605 484 672 527 τὴν
691 485 802 519 θείαν
826 483 929 528 ἡμῶν
953 486 1210 529 παρεχομένων
1233 482 1306 518 διά-

228 528 345 570 ταξιν,
361 525 585 576 ὑπογράφειν
602 531 655 563 τῶ
671 528 878 573 καλουμένῳ
895 526 1111 572 ἄντιβιβλίῳ
1128 526 1307 573 δηλοῦντα

227 575 286 626 καὶ
310 571 377 607 τὸν
399 573 531 618 χρόνον
553 563 645 609 καθ’
668 571 712 609 ὃν
737 572 835 617 αὐτῷ
861 572 902 607 τὸ
924 572 1068 617 βιβλίον
1092 572 1307 616 έπιδίδοται,

1288 103 1374 152 302

2090 121 2149 152 DE
2179 121 2286 151 EXHl
2290 120 2448 152 BENDIS

1375 216 1499 251 forsan
1533 218 1715 260 suspecto,
1748 217 1872 254 forsan
1900 220 2051 264 ingrato,
2088 219 2296 264 plerumque
2326 221 2447 254 autem

1374 261 1509 306 aliquid
1531 260 1640 312 etiam
1663 261 1845 307 proprium
1868 269 1994 300 contra
2022 275 2122 300 reum
2146 264 2387 310 dispensante,
2411 266 2447 299 et

1375 316 1418 341 eo
1454 305 1515 350 qui
1549 306 1646 340 litem
1680 306 1833 359 sustinet
1866 309 2002 345 nullum
2035 309 2191 345 habente
2226 314 2367 361 tempus
2401 307 2449 343 ad

1342 349 1734 438 53033‘1’1222fflffier13
1752 351 1885 439 fitzffiff
1909 357 2449 435 23f50¹²330321⁰1¹¹3532³ussi0122

1376 439 1421 474 ab
1446 449 1498 491 eo·
1513 438 1598 491 data
1626 442 1663 474 et
1679 439 1860 491 ‚sportulis
1891 451 2001 478 secun
2027 454 2086 479 um
2118 454 2258 479 sacram
2289 447 2449 478 nostram

1375 483 1547 528 praebitis
1572 484 1875 527 constitutionem,
1908 483 2132 524 subscribere
2155 488 2274 524 libello
2299 488 2360 532 qui
2383 497 2447 532 ap-

1374 528 1530 573 pellatur
1553 538 1610 563 res
1637 528 1795 564 onsionis
1823 534 1860 564 et
1883 529 2062 568 declarare
2085 533 2191 568 etiam
2214 537 2354 578 tempus
2378 542 2447 576 quo

1377 573 1409 608 ei
1432 573 1573 609 libellus
1621 577 1702 609 atus
1727 576 1792 617 est,
1816 584 1862 610 ne
1885 575 1991 610 etiam
2015 576 2059 612 ob
2079 577 2147 614 hoc
2170 588 2229 613 ars
2251 578 2317 613 fiat
2340 587 2447 622 quae-

229 619 288 651 ἱνα
319 617 370 663 μὴ
397 621 458 653 καὶ
490 622 572 665 περὶ
602 619 709 654 τοῦτο
739 622 845 674 τ’ἐχνη
876 630 929 652 τις
950 621 1108 672 γένῃται.
1159 616 1308 653 ἐπειδὰν
1323 621 1363 653 10
1377 617 1476 661 dam,
1510 628 1660 662 cumque
1691 619 1813 653 sutura
1844 623 1899 654 est
1931 620 2103 656 celebrari
2134 623 2346 658 contestatio
2374 622 2448 657 litis

229 660 269 696 δὲ
298 661 420 707 μέλλοι
449 665 623 711 γίνεσθαι
654 664 890 711 προκαταρξις
925 676 1023 708 παρα
1055 665 1109 706 τῷ
1143 662 1307 710 δικαστῇ,

229 708 440 755 ἐρωτᾶσθαι
471 708 537 744 τὸν
567 707 762 756 φεύγοντα,
792 709 824 742 εἰ
847 707 887 742 αἱ
908 708 1019 742 εἴκοσι
1047 706 1307 751 διεληλύθασιν

229 750 356 798 ἡμέραι
373 753 413 788 αἱ
428 755 490 797 τῆἳ
508 752 740 800 διασκέψεως,
756 751 919 788 κάκεῖνον
936 751 1050 799 λέγειν
1065 755 1133 797 μὲν
1148 750 1304 796 τάληθῆ,

229 797 443 833 δείκνυσθαι
475 797 515 833 δὲ
543 801 651 834 τοῦτο
683 801 743 833 καὶ
773 800 811 831 ἐκ
833 799 895 840 τῆς
917 796 1047 842 ἡμέρας
1077 799 1141 832 τοῦ
1164 796 1305 843 βιβλίου

1376 663 1472 708 apud
1494 663 1662 705 iudicem,
1695 663 1907 708 interrogari
1934 664 2141 709 fugientem,
2173 667 2205 702 si
2226 667 2350 712 viginti
2374 666 2448 701 dies

1376 708 1596 743 transierunt
1613 708 1890 751 deliberationis,
1907 711 1944 744 et
1958 709 2057 744 illum
2072 710 2187 747 dicere
2202 712 2343 756 quidem
2358 711 2447 746 veri-

1373 757 1500 796 tatem,
1537 753 1676 789 ostendi
1709 764 1850 798 quoque
1881 754 1970 789 illud
2001 755 2107 790 etiam
2138 766 2182 791 ex
2212 756 2269 792 die
2299 759 2336 792 et
2367 756 2447 791 sub-

1374 798 1567 843 scriptione
1589 798 1718 834 libelli:
1756 802 1793 834 et
1816 799 1846 834 si
1871 798 2000 834 dixerit
2029 800 2200 836 transisse
2230 801 2351 845 viginti
2375 801 2448 837 die-

227 845 287 877 καὶ
310 844 372 887 τῆς
394 841 602 891 ὑπογραφῆς
631 845 691 897 τῆς·
722 843 812 877 κατὰ
835 842 878 896 τὸ
900 841 1055 897 βιβλίον.
1103 847 1162 877 καὶ
1187 844 1218 877 εἰ
1241 842 1304 889 φὴ·
1321 847 1359 878 15
1372 853 1452 877 rum
1485 854 1689 885 numerum,
1728 847 1814 879 tunc
1849 843 1927 879 fieri
1957 843 2029 879 litis
2061 846 2366 882 contestationem.
2408 846 2449 880 In

228 900 301 922 σειε
323 888 615 935 παρεληλυθέναι
639 902 705 923 τον
728 889 807 922 τῶν
830 889 941 921 εἰκοσι
965 889 1109 934 ημερῶν
1132 885 1305 936 ἀριθμόν,

227 934 427 974 τηνικαῦτα
455 934 628 980 γίνεσθαι
663 932 731 976 τὴν
764 931 1018 980 προκάταρξιν.
1064 934 1104 968 ἐν
1134 936 1234 978 μέσῳ
1267 931 1306 967 δὲ

227 976 354 1013 ἄδειαν
376 978 469 1012 εἶναι
492 982 553 1012 καὶ
576 977 840 1025 παραιτεῖσθαι
864 976 930 1012 τὸν
954 976 1129 1022 δικαστὴν
1151 981 1210 1012 καὶ
1232 980 1304 1012 Ste-

227 1035 292 1065 ρον
327 1023 442 1058 αἰτεῖν
477 1022 499 1066 ἢ
532 1021 775 1064 συνδικαστὴν
810 1019 910 1066 αὐτῷ
944 1021 1154 1067 λαμβάνειν,
1189 1020 1211 1067 ἢ
1247 1026 1306 1057 καὶ

1373 887 1487 923 medio
1512 890 1632 924 autem
1655 888 1835 924 licentiam
1865 899 1944 924 esse
1967 889 2000 924 ei
2023 889 2210 934 repudiare
2233 890 2385 925 iudicem
2413 894 2450 924 et

1373 932 1481 967 alium
1512 937 1635 978 petere
1663 935 1727 969 aut
1757 934 1863 969 etiam
1898 945 1977 969 cum
2009 944 2051 969 eo
2083 934 2235 970 iudicem
2265 935 2449 986 percipere

1373 980 1437 1012 aut
1461 983 1557 1013 certe
1581 978 1718 1014 absolvi
1741 978 1985 1021 amicabiliter,
2018 979 2107 1014 nihil
2130 979 2167 1014 in
2188 978 2301 1014 medlo
2334 989 2450 1024 neque

1375 1022 1635 1059 damnificando
1672 1034 1786 1069 neque
1822 1025 1868 1060 ab
1904 1024 2152 1059 executoribus
2189 1024 2449 1065 conturbando,

226 1065 529 1103 ἀπαλλάττεσθαι
553 1067 712 1121 φιλικῶς,
743 1064 850 1122 οὐδ’ἐν
874 1069 914 1102 έν
936 1071 1036 1112 μέσῳ
1060 1066 1142 1123 951⁶-
1165 1066 1306 1113 ζημιού-
1320 1069 1362 1102 20
1376 1067 1442 1103 sed*
1462 1067 1684 1104 iudiciariam
1709 1069 1911 1105 cautionem
1936 1071 2181 1113 exponentem,
2206 1069 2300 1104 sicut
2322 1068 2384 1113 qui
2407 1069 2451 1103 de

225 1124 337 1155 μενον
360 1111 443 1148 οὔτε
461 1112 560 1159 παρὰ
579 1127 658 1148 των
678 1125 897 1159 πρακτορων
915 1126 1194 1158 ταραττομένον,
1218 1110 1307 1147 ἀλλὰ

226 1155 293 1199 τήν
321 1170 362 1192 τε
391 1156 602 1201 δικαστικὴν
625 1155 826 1204 ἀσφάλειαν
856 1158 1103 1202 ἐκτιθέμενον,
1134 1157 1306 1204 καθάπερ

226 1198 272 1235 ἂν
295 1202 331 1236 οἱ
352 1203 470 1237 ταῦτα
492 1207 673 1250 κρίνοντες
701 1200 892 1245 συνίδοιεν,
923 1200 991 1246 τήν
1022 1217 1062 1238 τε
1091 1205 1171 1238 τῶν
1195 1203 1307 1237 εἴκοσι

226 1243 371 1294 ἡμερῶν
402 1249 532 1290 ἔχοντα
568 1247 770 1294 διάσκεψιν.
818 1249 865 1281 Ei
896 1245 936 1281 δὲ
965 1249 1082 1283 ταῦτα
1111 1247 1161 1292 μὴ
1191 1261 1307 1294 παρα-

1375 1113 1430 1148 his
1449 1112 1608 1149 iudicant
1626 1115 1883 1159 perspexerint,
1910 1117 1945 1149 et
1963 1114 2086 1158 viginti
2106 1114 2243 1149 dierum
2262 1113 2451 1148 habentem

1376 1157 1677 1194 deliberationem.
1726 1159 1763 1195 Si
1792 1170 1875 1194 vero
1907 1159 1997 1195 haec
2029 1170 2101 1195 non
2134 1162 2330 1200 serventur,
2367 1158 2452 1192 licet

1376 1203 1537 1238 videatur
1568 1203 1742 1249 quaedam
1772 1203 1850 1239 fieri
1880 1204 2092 1240 contestatio
2124 1204 2214 1247 litis,
2245 1214 2311 1248 pro
2341 1202 2450 1237 nihilo

1376 1258 1455 1282 eam
1479 1258 1568 1292 esse,
1594 1249 1657 1284 sed
1677 1249 1857 1284 licentiam
1881 1259 1959 1285 esse
1981 1254 2018 1285 et
2033 1251 2114 1294 post
2137 1247 2341 1284 huiusmodi
2366 1257 2451 1282 con·

227 1291 442 1348 ⁹>¹¹2ax1925⁷13
464 1290 532 1328 κᾶν
552 1291 669 1334 δόξειέ
685 1304 739 1327 τις
760 1293 934 1340 γίνεσθαι
952 1293 1202 1340 προκάταρξις,
1226 1291 1308 1328 ἀντὶ
1322 1295 1363 1327 25
1378 1293 1603 1328 testationem
1627 1293 1700 1329 litis
1718 1294 1813 1329 intra
1832 1293 1996 1329 definitos
2017 1294 2141 1339 viginti
2165 1294 2239 1329 dies
2264 1293 2315 1328 sic
2334 1292 2451 1328 omnia

225 1335 376 1380 μηδενος
399 1337 512 1382 αυτὴν
535 1338 638 1380 εἶναι,
665 1335 745 1372 ἀλλ’
773 1336 900 1372 α”δειαν
924 1338 1016 1372 εἶναι
1040 1341 1099 1372 καὶ
1123 1337 1212 1383 μετὰ
1236 1337 1303 1381 τὴν

226 1381 401 1426 τοιαύτην
428 1383 673 1430 προκάταρξιν
703 1383 789 1417 εἴσω
821 1384 899 1417 τῶν
929 1386 1163 1430 τεταγμένων
1193 1383 1305 1417 εἴκοσι

227 1424 370 1482 ἡμερῶν
392 1425 507 1463 οὕτως
529 1426 679 1464 ἅπαντα
701 1426 887 1475 πράττειν,
914 1426 962 1463 ὥς
986 1425 1033 1463 ἂν
1064 1429 1095 1462 εἰ
1116 1426 1208 1473 μηδὲ
1237 1427 1305 1471 τὴν

226 1485 338 1516 αρχην
362 1474 517 1521 ἐγεγόνει
540 1484 594 1509 τις
617 1472 867 1521 προκάταρξις.

1372 1347 1486 1382 agere,
1515 1342 1696 1382 tamquam
1717 1339 1746 1374 si
1767 1349 1882 1384 neque
1901 1339 1947 1375 ab
1969 1339 2071 1375 initio
2093 1339 2192 1375 facta
2215 1339 2262 1374 sit
2277 1337 2452 1382 quaedam

1376 1383 1588 1419 contestatio
1613 1383 1696 1419 litis.

1216 1562 1373 1600 CAPUT
1404 1562 1468 1599 IV.

280 1631 326 1665 Εἰ
349 1629 390 1665 δὲ
417 1628 517 1672 ἅπαξ
540 1629 854 1685 παραιτησᾴμενος
883 1631 949 1685 τρν
978 1630 1152 1687 δικαστὴν
1182 1634 1306 1678 ἕτερον
1319 1634 1361 1666 30
1426 1630 1464 1666 Si
1487 1640 1569 1665 vero
1595 1630 1704 1665 semel
1727 1630 1922 1675 repudians
1946 1630 2099 1665 iudicem
2124 1630 2234 1665 alium
2263 1629 2451 1674 acceperit,

227 1674 347 1720 λάβοι,
383 1674 423 1710 οὗ
460 1674 608 1720 δίδομεν
645 1675 743 1720 αὗτῳ
785 1680 845 1710 καὶ
879 1690 946 1711 τον
980 1681 1159 1733 ιἾτημεένον
1199 1671 1306 1712 αὖθις

226 1734 279 1755 πα
305 1721 500 1755 αιτεῒσθαι.
546 1717 662 1767 ὥςπερ
685 1721 753 1769 γὰρ
779 1720 887 1755 αὐτοῦ
912 1719 1111 1767 κηδομεθα,
1136 1718 1230 1756 οὕτω
1247 1725 1306 1755 καὶ

226 1765 268 1800 τὸ
281 1735 341 1800 ΞΒ
362 1762 547 1810 ἀναβολὴν
571 1765 806 1811 πράττεσθαί
827 1779 863 1800 τι
884 1767 975 1800 κατὰ
999 1769 1078 1802 τῶν
1098 1765 1306 1814 ἐναγόντων

226 1809 414 1846 παντελῶς
444 1810 652 1864 ἇποστρεφό
681 1812 764 1845 εθα.
812 1812 858 1845 Εἰ
893 1810 932 1845 δὲ
963 1815 1027 1846 καί
1059 1823 1153 1846 τινες
1188 1810 1305 1856 διομό·

1374 1686 1447 1711 non
1471 1675 1618 1711 sinimus
1643 1675 1675 1710 ei
1702 1680 1738 1710 et
1761 1685 1841 1710 eum
1872 1676 1932 1720 qui
1955 1676 2089 1720 petitus
2114 1678 2169 1710 est
2198 1685 2322 1711 rursus
2346 1685 2451 1728 repu-

1375 1721 1484 1756 diare.
1534 1720 1634 1755 Sicut
1663 1720 1756 1756 enim
1789 1721 1865 1756 cius
1898 1731 2021 1756 curam
2051 1721 2233 1763 habemus,
2265 1720 2318 1755 sic
2345 1723 2453 1754 etiam

1374 1776 1440 1811 per
1471 1765 1676 1801 dilationem
1706 1765 1764 1809 agi
1795 1765 1927 1810 aliquid
1959 1767 2129 1802 adversus
2165 1769 2307 1801 actores
2338 1764 2452 1800 modis

1376 1811 1540 1846 omnibus
1571 1820 1786 1846 aversamur.
1836 1811 1874 1846 Si
1904 1820 1987 1846 vero
2018 1811 2125 1846 etiam
2163 1810 2307 1856 quidam
2335 1810 2454 1844 iurent

226 1868 353 1891 σαιντο
375 1858 457 1909 μὲν.
468 1867 515 1890 ως
538 1867 644 1902 προςε
659 1855 819 1910 pacavero,
842 1859 939 1911 ’neira
962 1854 1002 1891 δὲ
1023 1854 1046 1899 ἡ
1068 1856 1307 1911 προκάταρξις
1320 1859 1362 1892 35
1377 1855 1517 1909 quidem
1541 1855 1626 1901 quia
1645 1855 1843 1899 observent,
1870 1858 1908 1891 et
1926 1860 2118 1901 antequam
2143 1855 2356 1891 contestatio
2380 1854 2452 1889 litis

225 1904 382 1948 γένοιτο,
413 1912 474 1943 της
503 1900 656 1947 μεγάλης
678 1911 809 1945 ταυτης
832 1905 979 1947 αφανεῖς
1000 1905 1220 1936 κατασταῖεν
1243 1915 1307 1937 πο·

226 1945 332 1989 λεως,
363 1944 491 1980 ἄδειαν
514 1945 608 1980 εἶναι
639 1949 699 1980 καὶ
729 1945 779 1990 μὴ
809 1949 1001 1992 γενομένης
1031 1947 1306 2000 προκατάρξεως

227 1993 408 2037 προςιέναι
434 1989 500 2025 τὸν
523 1990 587 2025 ἐνά
611 2004 701 2025 οντα
730 1993 783 2034 τῷ
809 1988 1050 2038 ἀφορισθέντι
1072 1990 1223 2039 δικαστῃ
1246 1994 1307 2025 καὶ

225 2036 343 2071 ταῦτα
374 2034 571 2083 προςαγγέλ
595 2049 657 2078 ειν,
688 2038 825 2070 ἐκεῖνον
855 2034 910 2078 δέ,
942 2037 973 2070 εἰ
995 2039 1063 2081 μὲν
1094 2035 1218 2084 ἄρχων
1242 2037 1305 2079 εἴη,

1374 1901 1458 1944 hat,
1490 1901 1536 1936 ab
1569 1900 1638 1936 hac
1667 1900 1823 1935 maxima
1852 1900 2057 1946 dispareant
2088 1901 2240 1944 civitate,
2272 1899 2454 1936 licentiam

1374 1956 1454 1982 esse
1477 1946 1583 1981 etiam
1613 1956 1686 1981 non
1716 1946 1814 1981 facta
1842 1945 1913 1981 litis
1939 1946 2200 1981 contestatione
2231 1945 2331 1980 adire
2353 1948 2452 1980 acto-

1376 2002 1451 2027 rem
1471 1993 1645 2026 statutum
1664 1990 1815 2026 iudicem
1836 1994 1871 2026 et
1889 1991 1980 2026 haec
1999 1990 2219 2034 denuntiare,
2237 1990 2338 2026 illum
2355 1999 2452 2032 vero,

1375 2037 1406 2072 si
1435 2035 1575 2082 quidem
1607 2035 1874 2071 administrator
1903 2036 1968 2078 sit,
2003 2036 2128 2071 iubere
2159 2034 2359 2071 omnimodo
2389 2045 2452 2071 ex-

283 2117 356 2148 cap.
377 2105 501 2146 IV(34
528 2104 574 2137 Εἰ
597 2101 638 2138 δὲ
659 2107 722 2138 καί
741 2114 836 2138 τινες
859 2124 899 2128 -
927 2106 1004 2146 303,
1023 2111 1052 2138 19
1077 2101 1271 2147 ὑπόθεσιν)
1297 2112 1383 2138 extat
1405 2105 1442 2138 B
1466 2107 1555 2146 7,14,
1569 2112 1604 2138 22

2374 2167 2454 2174 4--ι

225 2193 339 2230 iudici
360 2192 542 2229 obnoxius
562 2193 632 2237 fiat
651 2194 816 2238 fortasse
838 2197 1019 2238 suspecto,
1050 2193 1215 2237 sortasse
1238 2194 1357 2227 minus
1379 2193 1448 2228 sibi
1471 2199 1620 2239 accepto
1653 2192 1710 2228 vel
1739 2193 1802 2238 qui
1834 2192 1925 2227 adeo
1945 2192 2130 2238 privatam
2158 2192 2330 2228 adversus
2352 2204 2453 2228 reum

225 2239 487 2274 contentionem
511 2242 701 2274 exerceat.-
717 2243 979 2284 praeterquam
1004 2248 1083 2272 cum
1107 2238 1170 2282 qui
1195 2237 1291 2273 litem
1314 2238 1493 2273 sustineat
1514 2237 1652 2273 nullum
1676 2236 1807 2273 habeat
1827 2242 1894 2273 tem
1923 2247 1966 2272 us
1988 2236 2038 2271 ad
2062 2237 2350 2290 coynoscendum
2379 2249 2452 2284 quo

225 2284 249 2319 2
295 2283 438 2318 nomine
461 2286 657 2318 conventus
681 2287 901 2329 compareat.
996 2281 1081 2317 Cum
1104 2292 1189 2317 vero
1214 2282 1371 2319 libellum
1395 2283 1587 2329 acceperit,
1619 2281 1700 2317 sola
1729 2282 1919 2328 personui
1946 2281 2180 2327 fideiussione
2209 2282 2254 2318 ab
2279 2293 2321 2318 eo
2345 2294 2453 2329 prae-

226 2329 314 2364 stita
337 2332 374 2364 et
394 2327 571 2374 sportulis
593 2327 788 2362 secundum
810 2338 954 2362 sacram
977 2331 1142 2363 nostram
1166 2327 1459 2363 constitutionem
1489 2327 1586 2363 datis
1618 2327 1737 2363 libello
1763 2326 2060 2363 contradictionis
2118 2339 2196 2364 uem
2219 2334 2351 2364 vocant
2371 2329 2453 2363 sub-

225 2373 371 2413 scribat,
402 2372 581 2418 simulque
612 2376 680 2408 tem
708 2383 752 2408 us
775 2383 919 2418 quoque
943 2382 1015 2424 quo
1036 2371 1178 2408 libellus
1205 2372 1274 2408 sibi
1298 2372 1453 2408 traditus
1476 2373 1525 2408 sit
1553 2372 1732 2414 declaret,
1763 2383 1808 2407 ne
1835 2383 1909 2418 qua
1935 2371 1991 2408 vel
2013 2371 2059 2407 de
2105 2382 2149 2407 ac
2172 2383 2213 2409 rc
2235 2371 2454 2408 machinatio

222 2420 299 2464 fiat.
346 2417 500 2461 Quando
526 2421 644 2452 autem
683 2418 743 2452 itis
767 2421 982 2453 contestatio
1000 2417 1088 2468 fieri
1110 2416 1214 2452 debet
1236 2417 1338 2464 apud
1358 2417 1530 2459 iudicem,
1561 2418 1807 2462 interrogetur
1830 2427 1925 2460 reus,
1954 2427 2039 2452 num
2063 2417 2193 2463 viqinti
2215 2417 2271 2452 illi
2294 2417 2372 2453 dies
2394 2417 2453 2452 de-

227 2464 450 2500 liberationis
473 2462 757 2509 praeterierint,-
790 2466 827 2498 et
848 2462 912 2497 ille
968 2462 1086 2497 uidem
1110 2472 1231 2498 verum
1256 2462 1366 2505 dicat,
1396 2462 1461 2498 sed
1482 2462 1575 2498 idem
1608 2462 1715 2498 etiam
1739 2461 2004 2497 demonstretur
2026 2473 2077 2498 ex
2099 2462 2158 2498 die
2182 2461 2293 2498 libelli
2314 2466 2351 2498 et
2372 2462 2454 2498 sub-

224 2508 423 2556 scriptione
447 2518 555 2554 quam
581 2507 699 2543 libello
724 2507 884 2543 inseruit.
981 2511 995 2541 t
1016 2507 1050 2542 si
1072 2518 1258 2543 numerum
1282 2508 1317 2543 vi
1344 2507 1412 2543 inti
1439 2506 1577 2543 dierum
1632 2507 1824 2542 raeterisse
1847 2507 2001 2549 dixerit,
2035 2510 2108 2542 tum
2132 2507 2208 2543 litis
2238 2508 2454 2543 contestatio

224 2555 300 2597 fiat.
347 2550 500 2589 Interim
529 2563 615 2588 vero
640 2552 747 2588 liceat
777 2556 813 2588 et
842 2563 1012 2588 recusare
1035 2551 1188 2587 iudicem
1218 2556 1255 2588 et
1283 2564 1306 2587 a
1321 2554 1393 2588 ium
1444 2557 1538 2588 etere
1562 2563 1603 2588 ve
1639 2551 1816 2598 colleqam
1848 2552 1914 2597 qui
1933 2551 2043 2587 simul
2070 2562 2149 2587 cum
2172 2563 2215 2588 eo
2238 2551 2374 2588 iudicet
2395 2562 2455 2587 ac·

225 2599 357 2646 cipere,
388 2597 444 2634 vel
466 2597 575 2633 etiam
606 2597 719 2632 amice
750 2597 847 2633 litem
876 2607 1102 2643 componere,
1133 2607 1220 2633 neve
1242 2597 1318 2633 ullo
1342 2607 1400 2633 mo
1429 2608 1450 2632 o
1481 2597 1624 2632 interim
1655 2601 1721 2631 aut
1753 2596 1921 2631 damnum
1980 2597 2121 2632 atiatur
2150 2601 2216 2632 aut
2245 2596 2291 2631 ab
2323 2606 2453 2632 execu-

227 2643 367 2680 toribus
386 2646 550 2684 veoeetur,
574 2641 640 2678 sed
661 2648 698 2678 et
717 2641 920 2677 iudicialem
945 2642 1147 2678 cautionem
1197 2646 1344 2684 raestet,
1369 2641 1666 2688 quemadmodum
1689 2641 1763 2676 illis
1786 2641 1850 2686 qui
1869 2640 1912 2676 de
1962 2641 1993 2675 is
2013 2640 2177 2676 iudicant
2198 2641 2310 2676 visum
2334 2642 2394 2683 sit,
2418 2645 2456 2676 et

225 2689 357 2734 viqinti
377 2687 515 2724 dierum
544 2686 839 2723 deliberationem
863 2686 1003 2722 habeat.
1059 2653 1198 2729 Quadi}
1226 2687 1315 2723 liaec
1346 2698 1420 2722 non
1450 2686 1694 2728 observentur,
1729 2685 1871 2722 etiamsi
1893 2695 1967 2730 qua
1998 2685 2073 2720 litis
2100 2686 2315 2721 contestatio
2344 2685 2453 2731 sacta

226 2733 404 2777 videatur,
434 2744 478 2768 ea
493 2743 571 2785 pro
596 2731 698 2767 iiulla
722 2731 909 2774 habeatur,
940 2731 1006 2767 sed
1029 2732 1139 2767 liceat
1168 2732 1277 2768 etiam
1329 2736 1386 2768 ost
1407 2729 1582 2767 eiusmodi
1612 2731 1685 2766 litis
1705 2731 2002 2766 contestationem
2025 2730 2124 2766 intra
2147 2734 2306 2766 statutos
2328 2730 2456 2777 viqinti

226 2778 303 2814 dIes
325 2778 379 2814 ita
402 2788 523 2813 omnia
546 2788 667 2824 aqere,
692 2776 798 2823 quasi
821 2787 866 2812 ne
889 2776 934 2812 ab
958 2776 1062 2812 initio
1087 2776 1230 2823 quidem
1253 2777 1294 2812 ul
1307 2789 1330 2812 a
1354 2777 1428 2812 litis
1451 2775 1666 2812 contestatio
1687 2776 1794 2820 facta
1818 2779 1918 2811 esset.

361 2822 423 2859 IV.
471 2822 512 2858 Si
535 2822 618 2868 quis
640 2827 758 2858 autem
781 2821 891 2857 semel
912 2825 1078 2858 recusato
1101 2821 1219 2858 iudice
1242 2822 1354 2857 alium
1377 2820 1570 2868 acceperit,
1602 2831 1674 2855 non
1698 2819 1923 2856 concedimus
1946 2820 1996 2863 ei,
2027 2823 2067 2855 ut
2086 2820 2195 2856 etiam
2218 2831 2324 2866 quem
2341 2820 2454 2867 petiit

225 2878 355 2904 rursus
373 2871 522 2904 recuset.
570 2865 877 2910 Quemadmodum
893 2866 985 2902 enim
1003 2866 1077 2913 ipsi
1088 2867 1345 2913 prospicimus,
1369 2866 1422 2902 ita
1437 2866 1544 2902 etiam
1562 2877 1634 2912 per
1649 2865 1859 2901 dilationem
1875 2865 2067 2917 quicquam
2084 2865 2148 2912 aqi
2166 2871 2296 2900 contra
2311 2869 2455 2901 actores

221 2913 338 2960 plane
361 2912 560 2948 abnuimus.
614 2910 656 2947 Si
679 2911 743 2958 qui
773 2922 857 2947 vero
881 2911 1083 2948 iuraverint
1111 2922 1150 2948 se
1179 2912 1388 2958 adfuturos,
1424 2909 1531 2947 iidem
1563 2914 1680 2946 autem
1713 2914 1905 2956 antequam
1937 2909 2010 2945 litis
2041 2909 2254 2946 contestatio
2277 2910 2384 2956 facta
2407 2910 2455 2945 sit

226 2969 360 3005 maqna
385 2957 453 2993 hac
476 2957 564 2994 urbe
587 2956 827 3000 discesserint,
852 2955 958 2992 liceat
981 2956 1099 2993 actori
1121 2968 1166 2992 ne
1187 2957 1293 3002 sacta
1314 2955 1457 3002 quidem
1481 2955 1557 2991 litis
1581 2955 1843 2991 contestatione
1870 2953 2021 2991 iudicem
2045 2954 2272 3008 desiqnatum
2294 2954 2397 2991 adire
2419 2958 2455 2991 et

228 3003 316 3039 haec
339 3002 564 3044 denuntiare,
596 3001 657 3037 ille
680 3012 775 3045 vero,
808 3001 986 3048 siquidem
1016 3002 1253 3048 maqistratus
1281 3001 1340 3043 sit,
1377 3000 1540 3036 omnibus
1567 3000 1684 3035 modis
1713 2999 1836 3036 iubeat
1862 3009 1962 3035 reum
1994 2999 2127 3035 adduci
2158 3003 2341 3045 tamquam
2367 3009 2454 3046 per-

1422 3095 1437 3126 1
1464 3092 1637 3135 subspecto
1657 3091 1691 3123 R
1717 3091 1730 3134 11
1760 3092 1780 3124 2
1804 3101 1897 3124 reum
1920 3090 1965 3131 R]
1991 3101 2066 3123 eum
2099 3090 2256 3132 VTvulq.
2284 3089 2297 3133 11
2323 3089 2453 3132 dispen-

1372 3139 1499 3170 santem
1520 3136 1576 3180 711
1594 3137 1613 3170 3
1634 3135 1694 3178 qui
1713 3147 1771 3169 om.
1789 3134 1868 3179 1⁷¹1}
1886 3136 1908 3170 4
1923 3134 2187 3177 cognoscendum
2208 3135 2253 3176 7]
2273 3143 2451 3176 agnoscen—

1372 3182 1450 3214 dum
1469 3182 1537 3215 ΒΤ
1556 3181 1568 3225 11
1593 3182 1613 3215 6
1638 3179 1795 3224 spurt-lis
1815 3180 1865 3213 7ι
1884 3179 1896 3220 11
1921 3182 1939 3213 Ἰ
1965 3180 2035 3222 qui]
2060 3180 2149 3222 quod
2165 3178 2280 3223 R¹Vu
2297 3180 2318 3213 8
2338 3178 2436 3212 etiam

1372 3229 1405 3259 et
1423 3226 1472 3259 R¹
1490 3225 1503 3270 11
1521 3228 1561 3260 10
1582 3225 1730 3259 celebra·
1755 3224 1802 3258 7ι
1819 3224 1832 3268 11
1852 3226 1893 3259 16
1915 3224 1957 3266 ei]
1980 3226 2039 3268 leq.
2055 3225 2112 3258 et?
2128 3225 2141 3268 11
2161 3225 2202 3259 18
2222 3222 2370 3267 persolni
2383 3222 2419 3256 R

1373 3273 1491 3312 neque]
1523 3273 1583 3304 aut
1616 3270 1682 3314 711
1711 3270 1753 3304 20
1778 3272 1826 3302 set
1847 3269 1936 3311 RV]
1964 3270 2020 3303 sed
2044 3271 2077 3303 et
2097 3269 2184 3313 ναῖς.
2214 3268 2227 3312 fl
2253 3266 2449 3301 iudicarim

1372 3316 1449 3349 RV
1467 3314 1479 3359 11
1507 3315 1566 3357 qui
1589 3315 1629 3348 de
1652 3315 1706 3348 hia
1728 3315 1809 3356 ΒΤ]
1841 3313 1881 3348 de
1901 3315 1953 3347 his
1977 3314 2036 3356 qui
2068 3314 2139 3392 VE
2164 3314 2201 3347 21
2229 3311 2379 3345 iudicant
2403 3311 2448 3353 R]

1372 3359 1524 3392 iudicans
1556 3359 1649 3404 VT!
1679 3359 1906 3403 *perspexerit
1931 3360 2008 3393 libri
2031 3359 2044 3403 11
2074 3359 2117 3392 ha
2142 3360 2215 3391 ente
2237 3375 2282 3381 —
2304 3356 2343 3389 31
2371 3365 2447 3388 eum

1373 3405 1431 3446 qui
1454 3417 1516 3438 scr.
1532 3404 1580 3438 R²
1601 3406 1633 3438 in
1655 3417 1722 3438 ras.
1736 3405 1755 3437 3
1769 3416 1913 3438 versuum
1930 3403 1943 3447 11
1967 3403 2108 3437 habento
2125 3401 2202 3436 RV
2215 3400 2230 3444 Ι
2254 3400 2297 3434 25
2321 3399 2446 3432 difflui-

1372 3452 1423 3482 tos
1445 3449 1522 3483 ΒΤ
1545 3449 1557 3493 11
1589 3450 1630 3484 33
1655 3447 1783 3491 aliquid
1806 3449 1862 3491 agi
1885 3449 1919 3482 R
1945 3448 1959 3492 11
1983 3449 2028 3482 34
2050 3454 2236 3481 aversamur
2258 3444 2357 3488 cula]
2388 3444 2444 3477 ad-

1372 3504 1542 3527 uersamur
1561 3493 1666 3538 RV!
1691 3493 1824 3535 quidem
1847 3493 1980 3527 aiurent
2003 3491 2134 3535 quidem
2156 3489 2207 3522 12⁸
2229 3487 2242 3533 11
2267 3489 2310 3522 35
2334 3488 2444 3521 obser-

1371 3540 1454 3571 uant
1479 3539 1521 3572 al.
1546 3538 1559 3583 11
1589 3539 1632 3573 36
1655 3538 1796 3571 maxime
1820 3538 1898 3572 libri
1917 3537 1930 3582 11
1958 3534 2162 3579 dispari-eant
2182 3532 2232 3567 7·
2256 3532 2443 3576 disparatur

1373 3584 1405 3617 R
1430 3582 1443 3627 11
1469 3585 1510 3617 37
1536 3583 1808 3617 contestationem
1824 3582 1874 3616 Β*
1906 3579 2099 3615 contestati·
2125 3577 2174 3612 V·

276 3098 290 3129 1
313 3091 396 3136 ὑπὸ]
422 3095 481 3129 ἐπὶ
498 3095 528 3127 L
548 3093 560 3138 11
583 3093 755 3140 γίνεσθαι
776 3090 846 3128 ὑπὸ
867 3091 1017 3140 δικαστῇ
1036 3093 1085 3126 Β*
1103 3091 1116 3137 11
1139 3093 1159 3126 2
1174 3091 1304 3125 οἰκεῖον

231 3142 317 3182 libri]
335 3137 385 3183 μὴ
397 3140 534 3172 οἰκείως
547 3152 585 3172 ex
593 3151 704 3182 prava
715 3139 912 3172 Leunclavii
922 3140 1104 3172 coniectura
1116 3136 1169 3171 B!
1187 3137 1199 3180 11
1218 3133 1304 3170 διοι-

229 3186 390 3228 κουμένῳ
411 3184 520 3226 ΜΒς]
546 3180 757 3227 διακειμένω
781 3183 813 3216 L
837 3183 850 3227 11
878 3184 899 3217 4
922 3178 983 3228 ἐφ’
1010 3180 1072 3224 οἷς]
1097 3178 1206 3215 εὐθὺς
1230 3181 1279 3215 Β·
1302 3181 1305 3225 1

231 3234 251 3265 5
275 3231 328 3274 §2
342 3225 544 3285 Δεχόμενον
567 3248 609 3253 -—
636 3230 679 3263 24
694 3225 886 3307 διάσκεὲιν
911 3241 968 3282 orn.
982 3228 1032 3261 B⁸
1057 3226 1070 3271 11
1091 3224 1199 3271 μόνος
1222 3225 1269 3259 L¹
1302 3228 1306 3267 1

232 3269 1175 3363 4ffezzztzzwm‘zzzrezsclareiam·
1186 3272 1281 3350 31-12’5
1290 3269 1306 3360 ,1

235 3367 274 3397 10
296 3367 439 3417 γίνηται
464 3362 542 3408 L⁰fl
570 3364 611 3397 12
636 3359 912 3405 διεληλύθεισαν
938 3363 973 3396 Β
993 3361 1006 3406 11
1035 3364 1074 3396 15
1099 3363 1158 3394 καὶ
1183 3361 1222 3394 ἐκ
1245 3360 1306 3402 τῆς

233 3408 322 3441 κατὰ
338 3422 379 3442 το
395 3406 539 3452 βιβλίον
557 3403 764 3462 ὑπογραφῆς
780 3408 811 3440 L
825 3409 880 3450 (cſs
896 3409 988 3442 etiam
1003 3407 1034 3448 ς)
1057 3406 1069 3450 11
1093 3403 1239 3450 βιβλίον
1249 3406 1303 3448 (cs.

234 3454 354 3492 :⁵01,1c
375 3462 404 3486 et
422 3454 550 3487 Cuiacii
563 3455 696 3497 expos-ss
720 3450 948 3495 αντιβιβλίον
971 3452 1062 3485 malit
1085 3451 1272 3485 Zachariae
1295 3449 1307 3493 11

238 3498 277 3528 m
293 3494 358 3529 τόν
373 3510 431 3532 οηι.
446 3498 511 3542 Mn
532 3499 572 3532 18
589 3499 649 3531 καὶ
661 3497 786 3542 ἕτερον
816 3493 972 3542 ἢέτερον
986 3496 1021 3530 Β
1039 3494 1052 3540 11
1069 3498 1111 3530 19
1126 3491 1148 3538 ἢ
1161 3497 1232 3537 καὶ]
1247 3495 1307 3527 aut

235 3540 382 3584 certet„
407 3543 505 3585 20sq.
530 3538 639 3575 *οὐδὲ
661 3561 706 3567 ——
729 3537 769 3575 οὗ
795 3541 811 3574 ἑ
835 3542 911 3574 libri
935 3541 948 3585 11
986 3542 1024 3575 21
1051 3540 1130 3574 τῶν
1153 3540 1276 3574 om.L·

236 3587 278 3618 25
301 3584 469 3635 γίνεσθαι
494 3587 627 3628 ΔΙΕΒ’]
674 3585 825 3621 ενέσθαι
840 3586 974 3629 Bvuly.
997 3585 1010 3625 ΙΙ
1035 3586 1076 3619 28
1101 3586 1132 3618 εἰ
1157 3597 1214 3619 om.
1230 3583 1272 3618 M

236 3632 279 3661 30
306 3624 415 3668 ἅπαξ]
448 3641 500 3662 τις
525 3632 600 3664 add.
627 3599 677 3664 A
702 3630 715 3675 11
737 3630 915 3678 ἕτεροςΜ
931 3629 944 3674 11
969 3630 1012 3664 33
1038 3626 1090 3663 δι’
1112 3625 1305 3672 ἀναβολὴν]

234 3670 318 3707 τινὰ
339 3674 415 3705 add.
432 3673 478 3705 B·
495 3673 509 3716 11
530 3676 578 3715 τι]
601 3687 684 3708 τινα
705 3676 736 3708 L
752 3676 764 3719 11
789 3676 831 3710 35
848 3671 1103 3719 παρεδρείιουσι
1126 3674 1174 3707 B!
