2618 4010
258 119 365 164 Nov.
398 119 495 163 VlIl
526 121 686 164 Notitia
1344 118 1399 169 84
1870 137 1931 167 m*
1961 136 2137 170 umens
2166 137 2264 169 snm
2296 137 2478 177 QUOQUO

305 232 359 275 τῷ
373 235 593 279 πριμικηρίῳ
603 231 682 265 τῶν
694 228 961 278 λαμπροτάτων
977 230 1113 279 τριβού-

350 288 429 310 νων
451 279 633 322 νοταρίων
1155 289 1234 320 νομ.
1259 274 1312 311 κδ’

304 322 359 364 τῷ
382 318 491 355 αὐτοῦ
514 320 647 364 βοηθῷ
1154 333 1232 365 νομ.
1257 319 1290 368 γ’

304 367 350 414 τῇ
363 364 461 406 τάξει
475 366 552 399 τῶν
567 363 818 406 ἐνδοξοτάτων
837 364 1004 412 ἐπάρχων
1023 364 1113 412 ὑπὲρ

351 409 618 457 προςτάγματος
1157 423 1234 455 νομ.
1255 408 1292 455 μ’
1370 415 1390 447 5

259 454 304 490 21
346 453 435 489 Ἀπὸ
466 456 531 490 τοῦ
561 453 731 503 ἄρχοντος
757 457 858 492 Νέα
871 467 886 491 ς
917 454 1247 499 Ἰουστινιανῆς
1277 451 1335 490 οὕ-

260 511 331 534 τως
342 511 349 519 ·

304 547 378 580 τοῖς
394 543 646 591 περιβλέπτοις
656 545 925 593 χαρτουλαρίοις
937 547 1034 591 τρισὶ
1046 546 1111 580 τοῦ

350 590 456 625 θείου
475 589 722 637 κουβουκλείου
1154 602 1232 635 νομ.
1258 588 1298 624 θ’

304 635 359 680 τῷ
372 640 591 685 πριμικηρίῳ
602 637 681 671 τῶν
692 632 958 684 λαμπροτάτων
970 632 1110 682 τριβοὺ-
1352 637 1392 672 10

349 693 429 716 νων
448 685 632 727 νοταρίων
1157 694 1236 725 νομ.
1261 678 1314 715 κδ’

306 726 360 769 τῷ
385 723 494 761 αὐτοῦ
515 727 648 771 βοηθῶ
1158 739 1237 770 νομ.
1262 724 1292 773 γ’

305 771 351 819 τῇ
371 770 469 813 τάξει
485 772 563 806 τῶν
575 759 823 812 ἐνδοξοτάτων
836 769 1006 816 ἐπάρχων
1026 766 1116 817 ὑπὲρ

352 816 619 863 προςτάγματος
1159 829 1237 860 νομ.
1257 816 1293 861 μ’

260 860 328 901 22,
353 858 441 896 Ἀπὸ
468 862 536 897 τοῦ
558 859 728 908 ἄρχοντος
748 857 857 905 Ἀρμ
869 873 921 895 εν
934 863 983 894 ία
995 871 1011 894 ς
1042 858 1251 908 δευτέρας
1284 857 1340 896 oii—
1358 864 1396 897 15

261 917 334 940 ‘rme
344 916 352 924 ·

305 954 379 986 τοῖς
392 949 643 998 περιβλέπτοις
661 948 931 997 χαρτουλαρίοις
944 953 1039 996 τρισὶ
1052 951 1116 985 τοῦ

350 996 456 1031 θείου
479 994 728 1040 κουβουκλείου
1162 1009 1241 1041 νομ.
1267 995 1307 1031 θ’

304 1042 358 1086 τῷ
372 1044 590 1089 πριμικηρίῳ
602 1042 681 1075 τῶν
693 1038 961 1087 λαμπροτάτων
975 1036 1114 1087 τριβού-

349 1099 427 1120 νων
450 1089 631 1133 νοταρίων
1159 1100 1239 1132 νομ.
1263 1086 1316 1122 κδ’
1352 1089 1395 1122 20

305 1132 359 1175 τῷ
385 1129 495 1165 αὗτοῦ
519 1130 651 1175 βοηθῷ
1057 1158 1061 1163 ff
1160 1146 1238 1177 νομ.
1263 1131 1295 1180 γ’

303 1177 349 1224 τῇ
365 1175 462 1217 τάξει
469 1176 553 1230 ,τῶν
572 1172 822 1217 ἐνδοξοτάτων
842 1173 1011 1222 ἐπάρχων
1023 1172 1114 1222 ὑπὲρ

348 1232 614 1276 zreoevamavee
767 1263 777 1276 ‚
1155 1236 1236 1276 ,νομ-
1258 1221 1323 1277 μ’,

259 1265 308 1303 23
350 1269 438 1301 Απο
469 1280 534 1301 του
569 1277 740 1313 αρχοντος
768 1268 806 1300 Α
818 1280 839 1311 ρ
850 1281 877 1311 μ
888 1279 905 1300 ε
917 1280 939 1300 ν
952 1270 968 1300 ι’
979 1279 1001 1299 α
1014 1277 1030 1300 ς
1055 1280 1165 1314 μεγα
1176 1267 1249 1311 λης
1280 1282 1335 1302 ου·
1351 1315 1393 1348 25
1406 1270 1452 1306 12
1498 1272 1528 1306 A
1553 1272 1669 1309 iudice
1691 1274 1927 1312 A'rmeniae
1949 1288 1982 1312 m
1993 1277 2128 1314 aioris
2156 1278 2208 1314 ita
2230 1281 2271 1314 ut
2293 1289 2411 1324 supra.

258 1323 330 1346 τως
341 1323 348 1330 ·

303 1359 378 1392 τοῖς
396 1354 648 1404 περιβλέπτοις
658 1355 927 1407 χαρτουλαρίοις
939 1359 1035 1403 τρισὶ
1048 1358 1112 1390 τοῦ

349 1402 454 1436 θείου
477 1400 727 1446 κουβουκλείου
1157 1415 1236 1447 νομ.
1260 1401 1299 1437 θ’

303 1448 357 1491 τῷ
371 1450 587 1494 πριμικηρίῳ
601 1448 679 1481 τῶν
692 1444 959 1493 λαμπροτάτων
971 1445 1112 1493 τριβού-

347 1506 425 1527 νων
446 1496 630 1538 νοταρίων
1159 1505 1238 1536 νομ.
1262 1491 1315 1526 κδ’

304 1539 356 1581 τῷ
381 1534 489 1572 αὐτοῦ
513 1535 644 1582 βοηθῷ
1157 1551 1234 1582 νομ.
1260 1537 1292 1585 y‘
1350 1541 1393 1572 30

302 1583 347 1630 τῇ
366 1581 555 1636 τάξειΙτιῖἱν
572 1581 822 1623 ἐνδοξοτάτων
835 1579 1003 1627 ἐπάρχων
1021 1578 1110 1629 ὑπὲρ

347 1639 613 1681 προςταγματος
1154 1641 1234 1671 νομ.
1249 1627 1287 1671 μ’

256 1672 305 1725 ἳέ
348 1670 436 1708 Ἀπο
463 1686 527 1707 του
558 1671 728 1719 ἄρχοντος
753 1670 1130 1707 Καππαδοκίας
1161 1673 1333 1718 πρώτης
1402 1677 1448 1713 13
1494 1678 1525 1713 Α
1551 1678 1668 1715 iudice
1686 1678 2000 1724 Cappadociae
2023 1681 2199 1726 primae
2221 1682 2273 1718 ita
2295 1685 2336 1718 ut
2358 1693 2478 1728 supra,

256 1730 384 1752 ουτως·

301 1766 374 1798 τοῖς
386 1761 636 1809 περιβλέπτοις
651 1760 919 1810 χαρτουλαρίοις
932 1765 1027 1809 τρισὶ
1044 1764 1108 1797 τοῦ
1348 1767 1390 1799 35

345 1808 450 1842 θείου
469 1806 716 1853 κουβουκλείου
1154 1822 1232 1854 νομ.
1257 1807 1298 1844 θ’

300 1855 354 1898 τῷ
369 1857 586 1900 πριμικηρίῳ
599 1854 677 1888 τῶν
689 1851 958 1899 λαμπροτάτων
969 1850 1111 1901 τριβού-

343 1911 421 1933 νων
444 1902 629 1945 νοταρίων
1153 1912 1231 1944 νομ.
1257 1896 1311 1933 κδ’

298 1944 352 1988 τῷ
373 1941 483 1978 αὐτοῦ
504 1943 638 1988 βοηθῷ
1153 1957 1232 1988 νομ.
1255 1942 1287 1990 γ’

299 1990 344 2037 τῇ
357 1987 455 2030 τάξει
469 1989 548 2023 τῶν
560 1986 810 2029 ἐνδοξοτάτων
830 1985 999 2034 ἐπάρχων
1019 1984 1108 2035 ὑπὲρ
1346 1991 1389 2024 40

345 2031 611 2089 προςτάγμαῖος
1151 2046 1230 2078 νομ.
1254 2031 1291 2078 μ’

253 2079 302 2133 253
345 2083 434 2114 Λπο
462 2091 526 2114 του
558 2089 728 2123 αρχοντος
759 2075 1092 2113 Καππαδοκίας
1124 2076 1331 2125 δευτέρας
1400 2081 1445 2117 14
1490 2082 1522 2117 A
1534 2082 1650 2118 iudice
1663 2082 1980 2128 Cappadociae
1996 2084 2218 2121 secundae
2237 2086 2290 2122 ita
2303 2089 2475 2132 utsupra.

253 2135 372 2204 ουζὲζιξε
383 2167 633 2215 περιβλέπτοις
649 2166 916 2215 χαρτουλαρίοις
933 2171 1029 2215 τρισὶ
1041 2170 1105 2203 τοῦ

342 2215 447 2249 θείου
470 2211 718 2258 κουβουκλείου
1153 2227 1231 2258 νομ.
1257 2213 1296 2248 θ’
1344 2217 1385 2249 45

297 2261 351 2304 τῷ
365 2263 581 2307 πριμικηρίῳ
592 2259 671 2293 τῶν
683 2256 951 2305 λαμπροτάτων
964 2257 1106 2305 τριβού-

341 2318 420 2339 νων
438 2308 622 2350 νοταρίων
1152 2316 1231 2348 νομ.
1252 2301 1304 2337 κδ’

296 2351 350 2393 τῷ
376 2347 484 2384 αὐτοῦ
507 2348 641 2393 βοηθῷ
1151 2361 1230 2393 νομ.
1251 2347 1284 2396 γ’

296 2396 341 2443 τῇ
351 2393 450 2435 τάξει
464 2394 543 2429 τῶν
563 2392 813 2434 ἐνδοξοτάτων
828 2391 998 2441 ἐπάρχων
1013 2391 1103 2440 ὑπὲρ

341 2438 608 2486 προςτάγματος
1150 2451 1228 2483 νομ.
1250 2438 1286 2483 μ’
1343 2443 1384 2474 50

253 2485 302 2522 26
345 2483 432 2520 Ἀπὸ
456 2486 520 2519 τοῦ
544 2482 714 2531 ἄρχοντος
736 2481 1065 2519 Ἑλενοπόντου
1085 2479 1216 2518 οὕτως·
1398 2485 1443 2521 15
1488 2484 1522 2519 A
1545 2485 1661 2521 iudice
1685 2485 1994 2532 Helenoponti
2017 2487 2068 2523 ita
2090 2490 2132 2524 ut
2154 2498 2274 2534 supra.

298 2534 371 2565 τοῖς
383 2528 634 2577 περιβλέπτοις
652 2527 919 2576 χαρτουλαρίοις
935 2531 1031 2575 τρισὶ
1043 2530 1107 2563 τοῦ

343 2575 446 2610 θείου
465 2572 710 2619 κουβουκλείου
1152 2586 1231 2618 νομ.
1258 2571 1297 2608 θ’

297 2622 351 2665 τῷ
365 2624 583 2667 πριμικηρίῳ
595 2620 674 2654 τῶν
687 2617 954 2665 λαμπροτάτων
966 2616 1105 2665 τριβού-

342 2679 421 2700 νων
442 2669 625 2711 νοταρίων
1152 2676 1232 2708 νομ.
1256 2662 1311 2698 κδ’
1346 2667 1388 2700 55

298 2712 352 2755 τῷ
372 2709 483 2745 αὐτοῦ
505 2710 640 2754 βοηθῷ
1154 2722 1235 2753 νομ.
1255 2707 1288 2756 y'

297 2757 342 2804 τῇ
357 2754 455 2796 τάξει
472 2756 550 2789 τῶν
569 2751 818 2795 ἐνδοξοτάτων
835 2752 1003 2799 ἐπάρχων
1015 2749 1106 2799 ὑπὲρ

342 2800 608 2847 προςτάγματος
1149 2811 1230 2844 νομ.
1254 2797 1291 2844 μ’

251 2913 486 2951 chartulariis
509 2911 623 2948 tribus
644 2911 742 2946 sacri
764 2910 916 2947 cubiculi
939 2911 1005 2946 sol.
1027 2913 1060 2954 9,
1089 2912 1302 2959 primicerio
1324 2911 1608 2948 clarissimorum
1632 2912 1856 2949 tribunorum
1878 2912 2107 2948 notariorum
2127 2913 2194 2949 sol.
2214 2916 2270 2957 24,
2306 2915 2384 2951 eius
2405 2915 2469 2951 ad-

250 2960 298 3000 21
341 2958 454 2994 iutori
475 2956 543 2993 sol.
560 2959 592 2998 3,
617 2956 743 3007 officio
768 2956 1112 3002 qloriosissimorum
1161 2958 1405 3003 raesectorum
1420 2967 1495 3008 pro
1519 2957 1678 2994 iussione
1700 2958 1767 2994 sol.
1782 2961 1835 2993 40.
1915 2957 1948 2992 A
1997 2957 2138 2993 raeside
2161 2957 2311 2997 Novae
2326 2957 2353 2995 Ι
2356 2960 2471 2996 usti-

251 3005 299 3041 ni
306 3014 420 3040 anae
449 3003 521 3038 sic:
550 3013 569 3037 s
595 3001 804 3037 ectabtlibus
827 3001 1061 3037 chartulariis
1085 3006 1130 3038 trz
1157 3013 1200 3037 us
1229 3002 1327 3038 sacri
1354 3001 1508 3037 cubiculi
1541 3002 1608 3038 sol.
1633 3006 1665 3045 9,
1695 3002 1905 3050 primicerio
1937 3013 1958 3037 c
1972 3002 2220 3038 arissimorum
2245 3004 2468 3042 tribunorum

250 3049 479 3086 notariorum
508 3058 575 3083 so.
601 3049 663 3089 24,
706 3046 783 3082 eius
817 3046 975 3082 adiutori
1008 3047 1075 3082 sol.
1101 3050 1141 3090 3,
1180 3047 1308 3093 officio
1369 3046 1686 3083 lor-iosissimorum
1714 3047 1991 3128 praefectorum
2023 3058 2095 3094 pro
2130 3047 2289 3085 iussione
2321 3049 2388 3085 sol.
2413 3053 2467 3086 40.

248 3094 297 3134 22
341 3094 373 3130 A
431 3092 573 3129 raeside
595 3091 839 3128 Armeniae
857 3091 1089 3128 secundae
1107 3092 1178 3127 sic:
1207 3096 1310 3139 spect
1357 3090 1464 3127 ilibus
1485 3090 1722 3128 chartulariis
1751 3092 1799 3128 tri
1821 3102 1863 3128 us
1889 3092 1987 3127 sacri
2008 3091 2163 3128 cubiculi
2188 3093 2255 3129 sol.
2280 3097 2314 3137 9,
2338 3094 2469 3142 primi-

253 3140 351 3176 cerio
376 3149 395 3174 c
409 3138 656 3173 arissimorum
687 3136 912 3172 tribunorum
941 3137 1169 3173 notariorum
1195 3136 1262 3173 sol.
1283 3139 1339 3179 24,
1373 3136 1451 3172 eius
1482 3136 1644 3172 adiutori
1677 3137 1743 3173 sol.
1765 3141 1797 3180 3,
1830 3136 1957 3189 officio
1987 3136 2333 3183 gloriosissimorum
2389 3150 2469 3176 rac-

249 3185 298 3224 ‘23
340 3185 522 3230 sectorum
576 3192 619 3217 ro
643 3181 802 3217 iussione
830 3181 896 3217 sol.
922 3184 976 3217 40.
1111 3182 1144 3218 A
1162 3180 1339 3229 praeside
1357 3181 1602 3218 Armeniae
1631 3193 1816 3229 maquae
1841 3192 1914 3218 stc:
1955 3180 2212 3228 spectabilibus
2233 3182 2339 3220 chart
2377 3183 2468 3221 ariis

253 3229 366 3265 tribus
387 3229 485 3264 sacri
504 3238 548 3263 cu
573 3226 661 3261 iculi
687 3226 751 3262 sol.
774 3229 806 3269 9,
830 3226 1040 3273 primicerio
1060 3226 1343 3262 clarissimorum
1367 3225 1591 3262 tribunorum
1618 3227 1846 3263 notariorum
1874 3226 1939 3262 sol.
1966 3229 2021 3269 24,
2053 3227 2130 3262 eius
2152 3226 2313 3264 adiutori
2344 3227 2411 3264 sol.
2434 3231 2466 3270 3,

250 3275 298 3312 24
342 3273 469 3320 officio
493 3271 836 3325 qloriosissimorum
863 3273 1141 3318 praefectorum
1162 3282 1237 3319 pro
1270 3270 1431 3307 iussione
1452 3270 1518 3307 sol.
1538 3274 1592 3307 40.
1684 3276 1716 3307 A
1745 3271 1914 3319 praeside
1938 3270 1995 3307 Ca
1996 3283 2027 3318 p
2069 3271 2264 3308 adociae
2284 3271 2466 3320 primae

250 3319 321 3354 sic:
346 3317 600 3365 spectabilibus
623 3315 858 3352 chartulariis
881 3316 995 3352 tribus
1015 3316 1114 3352 sacri
1137 3315 1290 3352 cubiculi
1308 3315 1375 3351 sol.
1397 3318 1430 3359 9,
1452 3315 1665 3364 primicerio
1689 3317 1969 3352 clarissimorum
1991 3321 2036 3351 tri
2063 3327 2216 3352 unorum
2239 3316 2465 3353 notariorum

250 3362 298 3400 25
341 3363 407 3398 sol.
432 3366 488 3405 24,
523 3362 601 3399 eius
620 3361 781 3397 adiutori
802 3361 868 3396 sol.
892 3365 924 3403 3,
960 3361 1088 3407 officio
1111 3360 1456 3408 qloriosissimorum
1468 3361 1747 3412 praefectorum
1763 3373 1839 3409 pro
1860 3361 2021 3397 iussione
2047 3360 2113 3397 sol.
2137 3364 2191 3396 40.
2303 3361 2336 3396 A
2351 3371 2464 3412 prae-

250 3406 327 3442 side
353 3406 674 3454 Cappadociae
706 3405 937 3441 secundae
966 3407 1037 3442 sic:
1075 3404 1331 3453 spectabilibus
1365 3404 1599 3441 chartulariis
1634 3405 1748 3442 tribus
1780 3405 1878 3442 sacri
1912 3405 2068 3441 cubiculi
2098 3403 2165 3440 sol.
2187 3406 2221 3447 9,
2253 3404 2463 3451 primicerio

251 3450 532 3487 clarissimorum
557 3451 781 3487 tribunorum
804 3451 1032 3487 notariorum
1054 3451 1121 3487 sol.
1146 3454 1207 3494 24,
1237 3449 1315 3486 eius
1338 3449 1500 3486 adiutori
1520 3449 1587 3485 sol.
1611 3453 1642 3492 3,
1671 3451 1722 3530 of
1743 3451 1799 3487 cio
1852 3450 2170 3501 loriosissimorum
2185 3449 2463 3500 praefectorum

250 3495 297 3533 26
340 3506 411 3541 pro
431 3497 588 3532 iussione
608 3496 675 3532 sol.
699 3499 752 3532 40.
844 3496 877 3531 A
892 3495 1066 3542 praeside
1086 3495 1123 3532 H
1131 3495 1259 3532 eleno
1261 3494 1399 3542 ponti
1417 3494 1488 3530 sic:
1520 3495 1711 3540 spectabit·
1734 3507 1778 3532 us
1800 3506 1820 3532 c
1891 3494 2036 3531 tulariis
2058 3492 2171 3544 tribus
2191 3503 2288 3544 sacri
2309 3492 2460 3544 cubiculi

251 3539 317 3575 sol.
341 3543 374 3582 9,
398 3541 607 3586 primicerio
629 3540 910 3576 clarissimorum
935 3540 1161 3577 tribunorum
1182 3539 1409 3576 notariorum
1431 3537 1497 3574 sol.
1517 3541 1572 3582 24,
1600 3540 1679 3575 eius
1699 3540 1860 3577 adiutori
1877 3539 1943 3576 sol.
1968 3542 2002 3583 3,
2032 3537 2160 3585 officio
2181 3537 2460 3584 qlonomsemo-

295 3654 316 3687 6
340 3650 538 3695 ἰουστιανῆς
559 3653 608 3685 L‘·
625 3652 638 3699 ΙΙ
654 3655 695 3688 33
709 3667 757 3699 eq.
784 3655 865 3698 §24
890 3666 949 3688 om.
968 3654 1000 3688 L
1018 3652 1084 3698 151
1110 3652 1319 3689 ἑλενοσπόν·
1432 3654 1476 3687 24
1495 3665 1543 3696 eq.
1581 3654 1602 3696 ᾖ
1631 3655 1669 3688 12
1694 3660 1725 3688 ot
1749 3655 1788 3687 13
1814 3665 1872 3687 om.
1896 3653 1931 3687 R
1963 3653 1976 3697 Ι
2010 3650 2133 3685 miore
2165 3649 2205 3683 Vt
2233 3648 2247 3693 ΙΙ
2275 3651 2313 3682 51
2348 3648 2455 3683 eleno-

251 3707 313 3730 του
336 3697 368 3731 L
1233 3697 1237 3704 '
1384 3697 1479 3740 ponti
1503 3698 1547 3739 R]
1569 3697 1731 3741 elesponti
1755 3705 1767 3731 t
1789 3696 1963 3740 ellesponti
1993 3693 2106 3748 Vol-fl
2124 3696 2163 3728 ut
2182 3706 2239 3727 om.
2265 3693 2299 3727 R
