2618 4010
170 128 519 161 PAPI-ILAGONIAE
1256 111 1334 158 219
2059 113 2097 154 N
2100 127 2164 155 ov.
2197 113 2343 155 XXIX
2382 118 2395 154 1

164 228 232 263 λεις
254 227 442 273 ἀποβαλόν
464 239 566 262 τινας
589 230 648 261 καὶ
673 226 757 261 κατ’
785 225 956 272 οὐδεμίαν
978 224 1132 274 χρειώδη
1155 225 1239 272 πρό·
1312 228 1382 261 tem
1407 226 1545 271 aliquas
1578 226 1614 260 et
1641 234 1706 270 per
1736 224 1870 259 nullam
1902 224 2024 260 utilem
2057 224 2282 260 occasionem
2311 225 2398 261 divi-

164 285 277 320 φασιν
300 270 429 320 ῧφεσίν
451 286 534 307 τινα
559 270 754 316 δεξάμενον
780 266 887 307 αὖθις
918 271 1092 318 ᾠήθημεν
1115 273 1242 319 χρῆναι
1313 272 1448 307 sionem
1478 270 1656 316 quandam
1690 270 1941 314 suscipientem
1976 280 2101 305 rursus
2134 270 2396 306 aestimavimus

164 317 253 366 πρὸς
276 317 318 353 τὸ
342 317 521 366 πρότερον
551 320 795 364 ἐπαναγαγεῖν
820 319 947 363 σχῆμα,
980 321 1038 351 καὶ
1062 321 1151 362 μίαν
1176 315 1242 351 πά·
1313 321 1477 361 oportere
1513 317 1560 353 ad
1590 315 1776 360 pristinam
1813 325 1981 350 revocare
2012 316 2180 360 figuram,
2221 319 2256 351 et
2289 326 2397 351 unam

164 363 222 398 λιν
244 363 312 407 τὴν
335 362 598 410 Παφλαγονίαν
622 361 848 405 ἀποτελέσαι,
880 367 938 397 καὶ
966 360 1057 409 ἅπερ
1082 364 1140 396 ἐπὶ
1165 363 1243 396 τῶν
1314 362 1428 397 denuo
1465 360 1748 406 Paphlagoniam
1785 360 1938 403 efficere,
1977 364 2013 395 et
2048 371 2139 405 quae
2175 371 2219 395 ex
2255 361 2396 397 duobus

164 406 227 444 δύο
260 408 494 461 πεπράχαμεν
518 408 684 450 Πόντων,
715 410 831 443 ταῦτα
865 412 923 442 καὶ
956 405 1017 443 ἐπ’
1047 406 1136 455 αὐτῇ
1168 405 1242 441 δια·
1280 411 1298 441 5
1314 408 1447 451 egimus
1473 407 1647 449 omnibus,
1672 406 1762 440 haec
1788 406 1894 440 etiam
1920 416 2027 450 super
2052 416 2092 441 ea
2118 407 2325 451 disponere3
2361 411 2398 442 et

163 453 365 495 τάξασθαι·
404 451 491 488 ὡςτε
515 456 574 487 καὶ
598 452 664 487 τὸν
696 455 774 488 τῶν
799 455 926 488 ἐθνῶν
948 452 1091 488 τούτων
1115 457 1244 495 ἔχοντα
1313 453 1469 496 gentium
1494 453 1620 487 harum
1644 451 1835 486 habentem
1862 451 2040 495 cingulum
2065 452 2203 486 unitum
2228 455 2263 485 et
2287 463 2396 487 unum

162 499 229 542 τὴν
252 497 364 546 ἀρχὴν
387 497 577 542 ἡνωμένην
609 511 648 532 τε
673 496 717 541 δὴ
741 503 799 532 καὶ
822 503 911 543 μίαν
937 497 1018 533 ἀντὶ
1043 497 1142 532 δυοῖν
1167 499 1244 532 τῶν
1314 508 1378 541 pro
1405 497 1544 533 duobus
1577 496 1757 542 prioribus
1792 495 1954 538 (dicimus
1987 499 2104 531 autem
2130 497 2396 541 Paphlagoniae

163 545 376 589 ἑμπροσθεν
397 546 530 589 (φαμὲν
550 542 589 577 δὲ
610 543 867 590 Παφλαγονίας
885 558 925 578 τε
945 546 1003 578 καὶ
1018 540 1243 590 Ὁνωριάδος)
1314 546 1349 577 et
1372 542 1601 583 Honoriadis)
1634 541 1755 576 vocari
1779 543 1981 585 praetorem
2012 541 2226 582 (Romanum
2255 553 2396 587 quoque

163 588 357 623 καλεῖσθαι
386 591 454 633 μὲν
485 593 677 635 πραίτωρα
714 587 930 633 (Ῥωμαικὸν
967 586 1005 622 δὲ
1039 592 1098 622 καὶ
1136 589 1243 622 τοῦτο
1315 589 1420 622 etiam
1444 588 1512 623 hoc
1539 597 1666 623 nomen
1692 591 1727 621 et
1750 586 1953 631 provincias
1976 587 2215 630 gubernantes
2238 588 2394 630 decens),

163 632 278 679 ὄνομα
301 637 362 668 καὶ
385 637 458 668 τοῖς
481 633 543 668 τὰς
567 636 737 679 ἐπαρχίας
761 632 930 668 ἰθύνουσι
954 636 1120 679 πρέπον),
1144 632 1243 673 τάξει
1262 636 1299 667 10
1314 633 1431 668 officio
1464 643 1547 668 vero
1581 633 1634 667 uti
1665 642 1746 674 uno,
1781 634 1949 676 coaptato
1981 641 2026 666 ex
2051 632 2229 676 prioribus
2255 632 2395 668 duobus

163 678 204 713 δὲ
221 679 383 726 χρῆσθαι
406 681 470 723 μιᾷ
493 681 789 726 συναρμοσθείσῃ
815 678 912 726 παρὰ
935 680 1013 712 τῶν
1030 679 1244 724 ἔμπροσθεν
1313 678 1440 713 officiis
1474 682 1509 713 et
1541 678 1624 713 viris
1656 681 1798 712 centum
1831 687 1976 711 numero
2011 677 2231 720 complendo.
2286 678 2394 712 Prae-

163 721 226 758 δύο
262 723 401 765 τάξεων
437 729 495 757 καὶ
531 722 679 770 ἀνδρῶν
719 724 848 768 ἑκατὸν
887 721 1051 769 ἀριθμὸν
1086 722 1242 768 συμπλη-
1313 724 1450 767 eritque
1482 723 1589 758 etiam
1618 723 1686 758 iste
1717 726 1751 757 et
1782 721 1965 756 fiscalibus
2002 722 2167 757 omnibus
2204 732 2394 767 quaecum-

162 767 282 813 ρούση.
331 768 564 812 ἐπιστήσεται
597 770 636 804 δὲ
667 773 726 804 καὶ
760 770 860 803 οὗτος
891 772 963 803 τοῖς
994 782 1033 802 τε
1063 766 1244 812 δημοσίοις
1313 778 1380 812 que
1405 769 1653 812 Paphlagones
1683 772 1718 802 et
1744 777 1986 811 quaecumque
2018 767 2154 811 pridem
2180 767 2396 803 Honoriadis

161 806 301 849 ἅπασιν
332 812 401 848 ὅσα
432 828 472 849 τε
502 814 739 861 Παφλαγόνες
774 811 841 848 ὅσα
879 827 919 848 τε
950 813 986 848 οἱ
1018 814 1147 859 πρώην
1183 814 1244 855 τῆς
1312 813 1531 848 habitatores
1566 814 1769 855 solvebant,
1807 816 1842 847 et
1875 816 1984 857 ponet
2019 813 2278 856 providentiam
2312 813 2395 847 civi-

161 856 373 906 Ὁνωριάδος
397 859 572 905 οἰκήτορες
597 859 756 902 ἐτέλουν·
797 863 855 892 καὶ
880 858 1034 901 θήσεται
1066 857 1244 904 πρόνοιαν
1260 861 1298 892 15
1312 862 1427 892 tatum
1453 859 1609 894 omnium
1635 869 1724 903 quas
1749 860 1902 902 utraque
1926 858 2024 902 prius
2050 858 2175 892 habuit
2201 858 2395 902 provincia,

163 906 240 938 τῶν
262 903 406 939 πόλεων
430 902 585 939 ἁπασῶν
610 904 663 939 ὢν
688 906 838 948 ἑκατέρα
863 904 1042 950 πρότερον
1066 904 1158 946 εἶχεν
1183 905 1243 938 ἐπ·
1313 904 1383 938 hoc
1419 906 1474 938 est
1510 904 1545 937 in
1579 903 1786 938 Honoriade
1823 906 1859 938 et
1894 903 2079 938 Prusiadis
2116 907 2151 938 et
2184 903 2326 938 Gratiae
2361 907 2396 937 et

163 954 279 996 αρχία,
300 953 486 984 τουτέστιν
507 952 546 984 ἐν
562 948 751 996 Ὁνωριάδι
768 948 990 994 Προυσιάδος
1010 963 1050 982 τε
1071 952 1130 982 καὶ
1147 952 1242 994 Κρα-
1312 949 1599 992 Adrianopoleos
1641 950 1695 994 <et
1732 949 1788 983 Tii
1827 952 1862 983 et
1900 948 2175 993 Claudiopoleos
2213 952 2249 983 et
2282 948 2395 982 Hera-

162 999 258 1029 τείας
282 999 340 1028 καὶ
363 994 689 1041 Ἀδριανουπύλεως
718 998 778 1028 καὶ
807 998 888 1028 Τίου
913 997 971 1028 καὶ
998 991 1242 1028 Κλαυδιουπό-
1314 994 1422 1037 cliae3
1462 994 1491 1028 si
1524 994 1616 1028 enim
1649 994 1754 1028 etiam
1789 994 1962 1038 quaedam
1996 1004 2117 1028 earum
2154 1004 2198 1028 ex
2229 994 2398 1038 Bithynia

162 1039 249 1074 λεως
284 1044 343 1074 καὶ
378 1038 599 1086 Ἡρακλείας·
644 1042 675 1074 εἰ
709 1039 776 1087 γὰρ
814 1043 876 1072 καί
910 1051 1006 1074 τινες
1046 1037 1170 1073 αὐτῶν
1206 1041 1244 1072 ἐκ
1313 1042 1521 1083 assumptae
1555 1043 1638 1073 sunt
1670 1039 1788 1083 prius,
1826 1043 1866 1074 ut
1898 1039 2061 1083 Prusias>
2097 1043 2131 1074 et
2164 1038 2331 1074 Heraclia
2363 1044 2398 1073 ct

163 1085 342 1119 Βιθυνίας
373 1085 587 1130 ἐλήφθησαν
619 1085 806 1131 πρότερον,
839 1082 966 1119 ὁποῖον
997 1083 1039 1127 δὴ
1068 1082 1244 1129 Προυσιάς
1259 1087 1300 1119 20
1313 1084 1392 1128 ipsa
1416 1084 1621 1128 metropolis
1655 1084 1858 1128 provinciae
1891 1084 2054 1125 (dicimus
2086 1088 2204 1119 autem
2230 1084 2396 1119 Claudio-

161 1144 200 1164 τε
225 1134 284 1164 καὶ
308 1128 493 1176 Ἡράκλεια
525 1134 585 1164 καὶ
612 1128 701 1173 αὐτή
731 1143 772 1175 γε
805 1127 825 1172 ἡ
847 1127 1067 1176 μητρόπολις
1098 1131 1159 1171 τῆς
1184 1131 1243 1163 ἐπ·
1314 1129 1447 1174 polim),
1473 1129 1535 1164 sed
1557 1134 1675 1163 tamen
1697 1130 1863 1173 quoniam
1883 1130 1991 1164 semel
2011 1130 2182 1174 migratae
2199 1134 2293 1171 sunt,
2317 1140 2396 1164 rur-

163 1180 303 1218 αρχίας,
329 1178 447 1222 φαμὲν
468 1174 507 1209 δὲ
525 1175 591 1219 τὴν
608 1174 908 1220 Κλαυδιρῦπολιν,
932 1172 1013 1208 ἀλλ’
1033 1173 1130 1219 ὅμως
1151 1177 1243 1209 ἐπει-
1314 1186 1375 1210 sus
1402 1174 1577 1209 deducere
1602 1185 1663 1209 eas
1687 1175 1724 1208 in
1748 1175 1922 1220 Bithynos
1950 1178 1986 1209 et
2011 1176 2228 1210 conturbare
2254 1175 2398 1210 schema

162 1219 275 1266 δήπερ
304 1217 403 1260 ἅπαξ
437 1224 679 1264 μετέστησαν,
717 1220 826 1254 αὐθις
858 1223 1101 1267 ἐπαναγαγεῖν
1138 1218 1245 1253 αὐτας
1314 1220 1487 1265 plurimae
1507 1219 1739 1254 iudicavimus
1763 1230 1839 1254 esse
1861 1221 1925 1264 [et]
1948 1220 2258 1264 tergiversationis.
2300 1220 2395 1263 Quo-

162 1267 209 1299 a’s
234 1264 415 1300 Βιθυνοὺς
438 1269 498 1299 καὶ
523 1264 784 1312 συνταράττειν
811 1265 852 1299 τὸ
878 1267 996 1309 σχῆμα
1021 1263 1151 1308 πολλῆς
1175 1264 1243 1308 ῴή-
1315 1266 1413 1300 circa
1446 1267 1481 1299 et
1510 1265 1610 1309 ipsae
1640 1275 1730 1308 quae
1763 1265 1879 1299 dictae
1912 1270 1995 1300 sunt
2021 1266 2182 1300 civitates
2211 1276 2272 1300 sex
2297 1265 2396 1309 prius

162 1312 281 1355 θημεν
305 1310 396 1344 εἶναι
420 1312 481 1353 τῆς
505 1308 861 1358 φιλοπραγμοσύνης·
899 1308 987 1344 ὧςτε
1013 1310 1122 1355 αὑνταί
1142 1324 1182 1357 γε
1208 1310 1244 1343 αἱ
1258 1313 1299 1345 25
1314 1310 1530 1346 Honoriadis
1564 1310 1756 1344 existentes
1790 1321 1887 1344 nunc
1920 1321 2003 1354 pars
2033 1315 2069 1345 et
2091 1312 2171 1355 ipsa
2195 1311 2396 1354 Paphlago-

162 1356 332 1400 ῥηθεῖσαι
357 1354 476 1390 πόλεις
500 1357 553 1397 ἕξ,
587 1356 764 1402 πρότερον
788 1352 1001 1400 Ὁνωριάδος
1024 1357 1146 1397 οὖσαι,
1178 1357 1245 1389 νῦν
1314 1356 1392 1391 niae
1415 1356 1491 1390 erit.
1541 1356 1583 1389 In
1604 1355 1858 1399 Paphlagoniis
1880 1358 1996 1390 autem
2020 1356 2106 1400 ipsis
2127 1356 2274 1391 habebit
2291 1356 2395 1390 iuris-

160 1404 263 1446 μέρος
287 1404 346 1434 καὶ
372 1400 477 1435 αὐταὶ
498 1401 756 1448 Παφλαγονίας
779 1405 936 1435 ἔσονται.
976 1403 1015 1434 ὲν
1037 1399 1077 1434 δὲ
1094 1400 1243 1446 Παφλα-
1313 1402 1501 1437 dictionem
1538 1400 1721 1435 civitatum
1757 1401 1907 1435 aliarum
1945 1411 2006 1435 sex
2043 1401 2125 1436 Olim
2165 1401 2218 1435 illi
2255 1410 2396 1444 compe-

160 1444 265 1493 γόσιν
286 1444 406 1480 αὐτοῖς
429 1447 499 1487 ἕξει
521 1445 768 1481 δικαιοδοσίαν
790 1445 935 1481 πόλεων
957 1447 1091 1492 ἑτέρων
1112 1447 1149 1486 ἒξ
1165 1448 1243 1480 τῶν
1311 1447 1461 1482 tentium
1487 1446 1702 1491 provinciae,
1739 1446 1888 1480 dicimus
1913 1449 2032 1480 autem
2058 1446 2397 1491 Germanicopoleos

161 1492 311 1525 ἄνωθεν
336 1494 452 1539 ἐκείνῃ
474 1493 729 1538 προςηκουσῶν
753 1493 797 1539 τῇ
820 1491 932 1538 χώρᾳ,
958 1494 1075 1537 φαμὲν
1097 1490 1136 1525 δὲ
1158 1495 1242 1538 Γερ-
1314 1493 1481 1537 circaque
1500 1492 1679 1534 Gangram
1705 1495 1740 1526 et
1765 1491 2059 1536 Pompeiopoleos
2085 1495 2121 1526 et
2145 1492 2398 1536 Dadybrorum

161 1535 431 1580 μανικοπόλεώς
461 1551 500 1571 τε
531 1539 592 1580 τῆς
623 1537 710 1584 πρὸς
744 1537 913 1584 Γάγγραν
945 1540 1003 1571 καὶ
1036 1541 1242 1592 Πομπηΐου·
1257 1540 1298 1572 30
1312 1542 1348 1572 et
1373 1538 1542 1572 Sororum
1568 1541 1602 1571 et
1627 1536 1852 1578 Amastridis,
1883 1537 2031 1581 insuper
2055 1537 2395 1581 Ionopolitanorum.

162 1580 299 1616 πόλεως
330 1585 389 1616 καὶ
419 1581 624 1629 Δαδύβρων
656 1586 716 1616 καὶ
747 1585 891 1628 Σωρῶν
922 1586 982 1616 καὶ
1011 1581 1243 1628 Ἀμαστριδος
1312 1583 1510 1618 Duodecim
1531 1582 1623 1617 enim
1645 1587 1750 1616 erunt
1770 1582 1930 1617 civitates
1951 1593 2072 1617 omnes
2091 1582 2296 1626 provinciae
2319 1581 2396 1616 uni-

161 1630 220 1660 καὶ
250 1626 337 1673 πρός
367 1642 407 1674 γε
438 1630 498 1670 τῆς
527 1626 802 1662 Ἰωνοπολιτῶν.
851 1627 991 1662 δώδεκά
1025 1642 1064 1662 τε
1096 1630 1243 1662 ἔσονται
1312 1639 1446 1663 versae.
1494 1628 1544 1663 Et
1564 1628 1622 1662 hic
1647 1638 1786 1672 quoque
1811 1628 1907 1662 circa
1928 1628 2130 1662 sacerdotia
2149 1628 2290 1672 quidem
2310 1627 2398 1661 nihil

162 1671 281 1706 πόλεις
311 1669 449 1707 ἅπασαι
482 1675 542 1716 τῆς
571 1676 743 1718 ἐπαρχίας
777 1671 926 1717 ἁπάσης.
972 1671 1179 1707 Κάνταῦθα
1205 1671 1244 1706 δὲ
1312 1685 1494 1717 novamus,
1532 1673 1595 1708 sed
1628 1673 1876 1717 metropolitae
1907 1674 2070 1718 primitus
2106 1673 2307 1708 sacerdotia
2339 1673 2398 1706 hic

162 1721 243 1762 περὶ
268 1720 334 1761 μὲν
359 1718 420 1752 τὰς
445 1719 641 1765 ἱερωσύνας
665 1717 771 1753 οὐδὲν
795 1721 1012 1763 καινίζομεν,
1037 1716 1118 1752 ἀλλ’
1147 1719 1184 1752 οἵ
1205 1732 1244 1752 τε
1313 1719 1550 1764 suscipientes
1576 1721 1721 1752 manent
1743 1718 1780 1752 in
1804 1718 1882 1763 ipso
1908 1719 2042 1761 ordine,
2074 1729 2181 1763 super
2206 1718 2256 1753 eis
2286 1728 2397 1761 quan-

159 1762 422 1809 μητροπολῖται
448 1764 482 1797 οἱ
503 1762 632 1811 πρώην
657 1763 719 1798 τὰς
741 1763 936 1810 ἱερωσύνας
960 1765 1125 1798 ἐνταῦθα
1147 1762 1242 1806 δεχό-
1258 1768 1298 1800 35
1313 1768 1389 1799 tum
1426 1765 1471 1799 ad
1506 1764 1626 1799 locum
1658 1763 1884 1798 ordinatione
1919 1775 1990 1799 non
2022 1768 2244 1808 permutata,
2282 1763 2344 1798 sed
2377 1773 2399 1797 a

160 1821 260 1852 μενοι
284 1811 454 1851 μενοῦσιν
479 1811 539 1843 ἐπὶ
563 1811 624 1852 τῆς
649 1807 755 1852 αὐτῆς
778 1807 922 1850 τάξεως,
949 1811 1011 1852 τῆς
1035 1807 1096 1843 ἐπ’
1126 1806 1244 1843 αὐτοῖς
1313 1810 1519 1845 beatissimo
1540 1809 1747 1854 patriarcha
1767 1808 1882 1843 felicis
1902 1809 2008 1844 huius
2027 1809 2215 1844 ordinandi
2232 1808 2396 1850 civitatis,

161 1850 203 1905 τό
224 1866 263 1899 γε
288 1856 347 1888 ἐπὶ
368 1855 421 1897 τῷ
443 1855 546 1898 τόπῳ
566 1858 785 1901 χειροτονίας
809 1853 872 1888 οὐκ
893 1851 1138 1898 ἀμειβομένης,
1163 1851 1240 1888 ἀλλ’
1313 1856 1383 1900 ipsi
1407 1865 1490 1891 vero
1513 1855 1573 1900 qui
1597 1855 1663 1889 sub
1689 1854 1739 1890 eis
1764 1856 1850 1890 sunt
1870 1855 2087 1897 ordinantes,
2113 1865 2201 1900 quos
2222 1855 2397 1890 hactenus

161 1898 231 1932 υπὸ
268 1901 332 1932 τοῦ
366 1899 642 1945 μακαριωτάτου
678 1899 900 1946 πατριάρχου
935 1901 996 1942 τῆς
1034 1896 1245 1943 εὐδαίμονος

162 1941 291 1987 ταύτης
322 1944 630 1991 χειροτονούμενοι
663 1944 817 1984 πόλεως,
856 1945 960 1978 αὐτοί
993 1959 1031 1979 τε
1063 1944 1144 1978 τοὺς
1175 1944 1239 1989 ὑφ’

162 1988 306 2023 ἑαυτοὺς
339 1993 626 2034 χειροτονοῦντες
660 1988 720 2024 οὓς
754 1994 856 2036 μέχρι
888 1991 955 2024 νῦν
987 1990 1242 2036 ἐχειροτόνουν,
1257 1993 1299 2025 40

206 2095 223 2112 v
250 2083 291 2114 33
304 2095 351 2124 sq.
378 2084 420 2125 cf.
435 2083 564 2115 Nomoc.
582 2082 735 2115 XIVtit.
753 2084 781 2122 1,
796 2090 831 2114 20
857 2083 915 2114 καὶ
941 2077 962 2123 ἡ
986 2080 1224 2127 Παφλαγονία
1249 2079 1440 2126 διαφόρους
1464 2083 1520 2122 (sc.
1546 2084 1616 2123 ἔχει
1640 2079 1930 2126 μητροπολίτας),
1956 2078 2004 2114 ὠς
2027 2078 2048 2123 ἡ
2073 2081 2133 2115 κθ·’
2158 2079 2277 2127 νεαρά.

161 2192 270 2227 nullis
287 2193 474 2239 privatam
506 2200 541 2227 et
565 2193 642 2228 sine
666 2193 742 2227 nlla
766 2204 879 2228 causa
903 2193 1036 2228 idonea
1060 2193 1339 2228 deminutionem
1363 2193 1547 2238 quandam
1564 2204 1718 2239 passam
1749 2203 1879 2228 rursus
1902 2193 2187 2228 existimavimus
2213 2194 2249 2227 in
2267 2194 2396 2238 pristi-

160 2248 244 2272 num
267 2242 402 2272 statum
432 2237 689 2272 restituendam
718 2242 754 2273 et
776 2249 885 2272 unam
917 2238 1035 2272 denuo
1056 2237 1112 2272 Pa
1124 2237 1351 2282 Jhtaqom'am
1383 2237 1631 2282 efficiendam,
1664 2249 1830 2284 quaeque
1860 2238 1898 2272 in
1930 2237 2071 2272 duobus
2095 2237 2225 2272 Pontis
2249 2239 2397 2283 eqimus,

161 2282 251 2318 llaec
274 2283 381 2317 etiam
413 2283 450 2316 in
482 2282 546 2316 illa
579 2282 785 2317 ordinanda
814 2294 907 2317 esse:
942 2283 1067 2327 utqui
1111 2293 1227 2316 aarum
1259 2282 1420 2327 qentium
1452 2282 1800 2318 administrationem
1833 2282 1940 2317 babet
1970 2282 2108 2317 unitam
2133 2283 2205 2317 iam
2230 2289 2266 2317 et
2287 2294 2398 2317 unam

162 2328 242 2362 loco
267 2327 421 2362 duarum
445 2338 538 2372 quae
570 2331 677 2361 antea
701 2331 807 2361 erant
830 2327 1125 2373 (l'apblaqoniae
1149 2326 1299 2361 dicimus
1323 2331 1357 2361 et
1381 2326 1622 2369 Honoriadis)
1653 2333 1809 2373 praetor
1833 2327 1977 2373 quidem
2010 2331 2155 2362 vocetur
2179 2327 2397 2369 (Romanum

163 2378 282 2407 autem
306 2372 404 2407 istud
427 2382 570 2417 quoque
594 2382 722 2406 nomen
746 2376 800 2406 est
825 2377 1021 2417 aptumque
1045 2371 1090 2405 iis
1114 2371 1176 2416 qui
1193 2371 1407 2417 provincias
1427 2376 1588 2417 requici),
1622 2373 1748 2417 officio
1780 2378 1897 2407 autem
1929 2376 2055 2407 utatur
2078 2383 2152 2407 uno
2183 2383 2232 2407 ex
2256 2372 2397 2408 duobus

187 2428 256 2452 uae
280 2422 363 2451 ante
387 2421 493 2451 erant
523 2415 714 2451 coniuncto
740 2422 775 2451 et
798 2416 898 2451 cuod
921 2421 1061 2451 centum
1094 2417 1253 2451 virorum
1284 2427 1470 2451 nnmerum
1502 2417 1660 2462 expleat.
1722 2417 1891 2452 Praeerit
1920 2421 2039 2452 autem
2070 2416 2128 2452 liic
2158 2428 2301 2463 quoque
2335 2419 2396 2452 tri-

162 2428 257 2497 gatis
281 2461 443 2497 omnibus
473 2471 719 2507 quaecumque
742 2465 778 2496 et
799 2429 1062 2507 ssapltlayones
1082 2467 1115 2496 et
1144 2460 1370 2496 Honoriadis
1402 2461 1486 2496 olim
1517 2462 1660 2497 incolae
1703 2462 1914 2504 mndebant,
1948 2466 1983 2497 et
2013 2463 2217 2508 prospiciet
2249 2463 2397 2498 urbibus

163 2507 326 2543 omnibus
375 2517 443 2541 uas
466 2511 622 2551 utraque
638 2506 835 2552 provincia
857 2507 962 2552 prius
986 2506 1158 2547 babebat,
1192 2505 1260 2540 lioc
1283 2510 1336 2541 est
1366 2506 1404 2540 in
1432 2506 1646 2542 Honoriade
1703 2507 1862 2542 rusiadis
1886 2510 1921 2542 et
1946 2506 2095 2542 Crateae
2124 2512 2160 2543 et
2186 2507 2395 2543 Hadriano-

156 2553 258 2599 polis
289 2556 325 2587 et
377 2553 404 2586 ii
428 2556 462 2586 et
487 2550 737 2597 Claudiopolis
768 2556 803 2586 et
830 2552 1047 2587 Heracleae:
1086 2562 1305 2596 quamquam
1337 2552 1429 2586 enim
1462 2552 1658 2588 nonnullae
1682 2564 1807 2588 earum
1839 2563 1888 2588 ex
1914 2552 2091 2598 Bithynia
2121 2553 2229 2598 prius
2260 2554 2396 2588 ascitae

160 2602 263 2639 sunt,
297 2597 406 2632 veluti
438 2596 591 2630 Prusias
621 2601 656 2631 et
686 2596 866 2632 Heraclea
898 2601 934 2632 et
962 2597 975 2630 i
1002 2608 1044 2631 sa
1073 2596 1283 2642 metropolis
1307 2597 1539 2642 provinciae,
1573 2597 1839 2643 Claudiopolim
1870 2597 2038 2639 dicimus,
2073 2601 2190 2633 tamen
2222 2598 2395 2643 quoniam

160 2643 270 2678 semel
293 2642 492 2678 translatae
515 2646 615 2683 sunt,
649 2653 711 2676 eas
733 2653 861 2676 rursus
885 2642 935 2677 ad
996 2641 1142 2687 itlegsnos
1166 2640 1336 2676 reducere
1367 2645 1402 2676 et
1431 2641 1577 2676 turbare
1601 2647 1734 2677 statum
1765 2643 1866 2678 nimii
1898 2653 1974 2678 esse
1992 2643 2200 2689 putavimus
2223 2643 2396 2679 novitatis

160 2688 280 2723 studii.
328 2686 460 2733 Itaque
482 2697 551 2722 sea·
574 2686 659 2722 illae
682 2687 799 2729 urbes,
819 2698 918 2766 lquae
943 2687 1027 2722 olim
1050 2686 1277 2721 Honoriadis
1301 2690 1417 2728 erant,
1441 2687 1514 2721 iam
1566 2699 1629 2722 ars
1650 2686 1931 2733 Paplilaqoniae
1954 2692 1990 2722 et
2008 2688 2111 2734 ipsae
2132 2692 2246 2723 erunt.
2293 2687 2396 2724 Inter

161 2734 262 2779 ipsos
286 2737 404 2768 autem
430 2731 689 2778 Paphlaqones
715 2733 1000 2767 iuriscictionem
1036 2732 1176 2767 habebit
1209 2732 1365 2766 aliarum
1395 2743 1464 2767 sex
1493 2743 1538 2766 nr
1562 2733 1634 2766 ium
1666 2744 1759 2778 quae
1782 2733 1958 2779 primitus
1989 2733 2038 2767 ad
2068 2744 2146 2768 eam
2163 2734 2395 2779 provinciam

159 2777 408 2825 pertinebant,
440 2777 479 2812 id
509 2782 563 2812 est
589 2775 900 2824 Germanicopolis
932 2789 1024 2823 quae
1054 2782 1108 2812 est
1138 2777 1186 2811 ad
1211 2775 1397 2822 Ganqram
1429 2781 1466 2811 et
1490 2776 1763 2823 Pompeiopolis
1794 2782 1828 2812 et
1859 2778 2117 2823 Dadybrorum
2149 2783 2184 2814 et
2217 2778 2395 2814 Sororum

162 2829 197 2859 et
221 2822 435 2858 Amastridis
459 2827 494 2858 et
543 2826 707 2857 raeterea
732 2821 933 2869 Ionopolis.
995 2822 1186 2867 Eruntque
1211 2821 1398 2856 duodecim
1431 2821 1537 2856 urbes
1563 2834 1685 2857 omnes
1718 2823 1828 2857 totius
1846 2823 2073 2869 provinciae.
2133 2824 2245 2869 Atqui
2270 2836 2314 2859 ne
2338 2823 2395 2859 liic

161 2869 304 2915 quidem
326 2869 365 2903 in
388 2879 492 2903 sacer
518 2868 602 2902 otiis
633 2868 827 2913 quicquam
850 2879 1036 2910 novamus,
1069 2879 1190 2903 verum
1221 2871 1257 2901 et
1288 2868 1353 2912 qui
1376 2867 1460 2901 olim
1486 2867 1691 2902 sacerdotia
1722 2868 1773 2903 ibi
1795 2868 2043 2914 suscipiebant
2073 2869 2326 2915 metropolitae
2357 2870 2395 2904 in

161 2913 285 2949 eodem
315 2913 441 2949 ordine
472 2919 643 2948 maneant
675 2913 906 2948 ordinatione
934 2924 1058 2947 eorum
1090 2916 1264 2958 quantum
1295 2912 1344 2946 ad
1368 2912 1486 2946 locum
1518 2923 1592 2947 non
1624 2917 1781 2955 mutata,
1813 2914 1878 2948 sed
1900 2924 1923 2948 a
1947 2913 2152 2949 beatissimo
2175 2914 2395 2960 patriarcha

159 2959 281 3004 felicis
311 2958 419 2993 liuius
445 2958 546 2992 urbis
570 2957 774 2998 ordinandi,
807 2962 841 2992 et
865 2958 936 3002 ipsi
960 2969 1022 2992 eos
1045 2959 1111 3003 qui
1132 2957 1195 2992 snb
1221 2957 1310 3003 ipsis
1332 2960 1418 2992 sunt
1442 2956 1664 2999 ordinantes,
1699 2969 1791 3004 quos
1813 2969 1927 3004 usque
1955 2959 2075 2994 adbuc
2097 2959 2326 3001 ordinabant,
2357 2965 2396 2994 nt

207 3063 225 3093 3
252 3055 362 3093 πάλιν
386 3061 615 3102 Οεεηὸι·ι’ὶ99εη
630 3072 667 3091 ex
681 3061 710 3099 ς]
737 3057 844 3091 πόλιν
860 3059 969 3091 MLB
988 3058 1001 3102 ΙΙ
1025 3062 1043 3092 5
1070 3056 1239 3099 Πάντων]
1312 3055 1349 3090 δὲ
1366 3059 1393 3090 L
1411 3057 1422 3101 Η
1443 3059 1485 3091 34
1509 3059 1560 3098 τε]
1588 3059 1725 3103 haye?
1745 3059 1756 3101 ΙΙ
1774 3061 1814 3093 35
1840 3058 1875 3092 οἱ
1890 3058 2021 3104 πρώην
2033 3062 2241 3101 Haloander]
2266 3058 2395 3106 πρώην

161 3104 314 3137 omnibus
337 3105 373 3143 (i.
387 3117 411 3136 e.
428 3100 593 3155 πάντων)
617 3115 636 3139 ς
655 3104 666 3147 ΙΙ
691 3106 708 3136 ’7
735 3115 774 3135 τε
797 3100 840 3144 δὴ
865 3116 921 3136 om.
937 3103 1043 3157 L(5)'ss
1067 3107 1101 3137 11
1131 3102 1241 3157 παρὰ]
1274 3070 1276 3143 Λ
1310 3101 1437 3154 ‹at-libri
1453 3101 1464 3146 Ι]
1483 3105 1523 3136 36
1535 3104 1707 3157 μένουσιν
1721 3105 1810 3140 ΕΒς
1829 3103 1840 3148 ΙΙ
1857 3104 1916 3146 τῆς
1930 3102 2004 3145 ἐπἼ
2024 3103 2215 3159 τρῒςὶἐπζβ
2235 3105 2246 3150 ΙΙ
2264 3107 2305 3139 38
2323 3102 2393 3138 ὑπὸ

161 3148 1242 3238 {Silili¹133353th'‘tlflss'ssssffss‘issatlij'2322‘ssssssssOE
1274 3151 1277 3222 l
1310 3160 1702 3237 ἶῖἔωμῖιῖἶῖἶῖᾆῖξωέ
1720 3151 2022 3237 ιῖτῖἔρῗιῖἵχῖἑῖοἶ
2039 3163 2112 3184 ww
2135 3164 2188 3192 w
2213 3162 2394 3194 “m‘'‘w‘

162 3241 239 3273 libri
257 3241 408 3277 (numero
422 3238 616 3281 complendo
630 3241 662 3278 ς)
682 3237 693 3282 ΙΙ
715 3241 752 3271 14
767 3236 1024 3283 Παφλαγόνων
1038 3240 1072 3272 Β
1090 3238 1102 3283 ΙΙ
1126 3243 1162 3273 15
1187 3240 1242 3271 ἐν·
1275 3260 1277 3291 3

162 3282 313 3329 Φθιάδος
328 3284 393 3337 ΜΗ
416 3285 452 3315 17
476 3283 515 3314 ἐν
534 3283 633 3335 ⁰⁷¹3·L
653 3281 664 3326 ΙΙ
680 3285 844 3327 κθατείαὲ
858 3284 1071 3337 ΜΠἸὶῗθᾶδ]
1097 3287 1242 3342 κρατίθξς
1275 3295 1277 3351 ἶ
1358 3297 1376 3328 3
1402 3296 1556 3335 fuguram
1590 3296 1622 3327 V
1640 3294 1653 3339 ΙΙ
1679 3298 1699 3329 4
1723 3296 1902 3338 pafloniam
1939 3297 1969 3329 V
1987 3297 1999 3339 ΙΙ
2024 3300 2057 3348 et
2082 3310 2138 3331 οηι,
2166 3297 2214 3348 V¹
2241 3296 2252 3340 ΙΙ
2280 3299 2330 3338 ex]
2358 3298 2393 3329 in

161 3331 230 3363 ΕΒ
247 3329 258 3373 ΙΙ
280 3331 320 3363 18
342 3325 718 3373 ΑὸριανθυπθλεωςΒ
736 3327 748 3371 ΙΙ
767 3330 808 3360 20
833 3339 1002 3373 προυσιας
1018 3330 1062 3369 L]
1087 3342 1242 3374 ⁷²9⁰v‘n0‘
1276 3363 1277 3372 η
1311 3341 1395 3383 vulg).
1415 3339 1426 3384 ΙΙ
1458 3341 1497 3372 12
1524 3342 1555 3372 et
1581 3353 1638 3373 om.
1662 3340 1713 3373 V1
1740 3340 1752 3384 ss
1783 3343 1822 3374 14
1846 3341 2060 3383 prouidentia
2082 3342 2117 3374 V
2153 3344 2325 3374 civitatum
2350 3361 2393 3366 ——

162 3374 270 3425 ME]
287 3375 329 3407 22
354 3370 609 3406 κλαυδιὸπθλιν
623 3374 652 3405 L
673 3371 684 3416 fl
701 3375 742 3426 23
765 3369 891 3405 αὐτοὺς
905 3374 938 3406 Β
955 3375 966 3415 ΙΙ
987 3376 1027 3407 25
1046 3373 1240 3432 ‘P‘JOfffi’aY’
1310 3385 1484 3428 provincia
1509 3398 1567 3418 om.
1582 3386 1664 3418 idem
1683 3385 1695 3430 l}
1712 3387 1859 3418 omnium
1882 3387 2057 3418 ciuitatum
2079 3367 2134 3429 ΤἸΙ
2157 3389 2196 3420 16
2219 3388 2393 3420 honoriate

159 3420 403 3497 μςσυνηεᾸῑέΙ]
430 3416 1159 3506 ἔζίξῖτξζγῖῗὲνῇς2ξῖἑξ)α1ὲτ;ὶατῗέι
1183 3423 1242 3498 32
1277 3436 1278 3475 j
1310 3430 1474 3481 prusiada
1495 3429 1553 3472 Vn
1568 3431 1727 3483 gratie-V
1746 3432 1848 3463 tracte
1864 3431 1918 3473 Τιι
1939 3434 1971 3463 et
1995 3444 2052 3463 om.
2077 3431 2133 3482 Vn
2155 3434 2192 3464 17
2219 3437 2251 3465 et
2275 3433 2329 3465 rii
2350 3452 2392 3456 --

162 3476 270 3561 Ξῖἶῗιὲ
291 3477 379 3561 {2¹3ss
395 3507 407 3552 ΙΙ
436 3510 478 3562 29
505 3508 624 3552 φαμὲν
648 3504 691 3548 δὴ
716 3504 1078 3565 Γερμανικουπίξλεαρε
1101 3512 1200 3562 τεΜΒ
1233 3510 1243 3553 t
1312 3475 2156 3565 3313quefigggggsslisgpffhyedffiz.21½ipeggssgiza
2171 3477 2213 3555 11’7
2217 3476 2235 3566 ἦ,
2246 3479 2391 3556 331]ῗῇἓέ

162 3555 204 3588 30
219 3563 289 3618 ,της
302 3564 400 3617 ’προς
421 3565 582 3599 7‘17790‘2‘
606 3554 651 3585 M
669 3554 897 3618 (Cf-'illes’dss
931 3565 991 3585 καί
1013 3565 1074 3595 ’ΠΙς
1105 3558 1171 3621 (ἴω
1197 3557 1240 3594 L)
1313 3566 1389 3620 libri
1417 3564 1428 3608 ΙΙ
1457 3566 1499 3598 23
1526 3567 1557 3597 et
1582 3578 1639 3598 om.
1654 3568 1740 3618 vit-ly:
1768 3565 1780 3610 ΙΙ
1797 3568 1854 3618 *25-
1881 3565 2113 3624 eaistententes
2137 3567 2184 3600 V¹
2208 3567 2220 3611 ΙΙ
2251 3569 2339 3619 ipsae
2364 3576 2393 3601 et

161 3620 252 3660 προς>
269 3621 434 3661 γαγγραν
449 3609 513 3642 BL
530 3610 541 3650 ΙΙ
560 3620 774 3661 πομπηιουπ
787 3610 859 3651 (szc)
878 3610 909 3642 L
925 3610 936 3650 ΙΙ
957 3612 995 3643 31
1017 3607 1241 3662 Δαδουβρων
1311 3612 1353 3643 20
1375 3613 1474 3642 erunt
1490 3611 1579 3661 puly.
1597 3611 1608 3653 ΙΙ
1628 3613 1668 3645 27
1690 3612 1761 3643 11110
1779 3613 1851 3644 ἰιὸνι
1871 3610 1883 3654 ΙΙ
1901 3612 1942 3644 29
1960 3621 2133 3653 circaquae
2155 3612 2188 3645 V
2203 3623 2287 3654 quae
2305 3624 2392 3645 circa

162 3654 198 3686 B
217 3653 229 3698 ss
242 3651 498 3706 Apta51⁶c9ta309
512 3655 547 3687 Β
563 3654 574 3697 ΙΙ
596 3656 635 3686 32
662 3652 878 3691 (ἰουνοπολις
898 3655 1032 3706 Τὴεοιί.)
1049 3660 1058 3695 ΙΙ
1078 3657 1129 3696 τε]
1154 3666 1237 3687 emm
1311 3656 1354 3706 al.
1374 3653 1385 3698 ΙΙ
1401 3655 1614 3697 popeiopolos
1628 3658 1660 3688 et
1673 3656 1903 3706 eladybrorum
1918 3658 1950 3688 et
1962 3657 2123 3689 sororium
2144 3658 2198 3701 Vn
2219 3660 2260 3691 30
2274 3657 2391 3700 *iopo-

163 3710 182 3734 ς
198 3697 210 3742 ΙΙ
229 3700 270 3732 33
295 3697 414 3733 notate
438 3700 527 3740 ΜΒ]
553 3697 592 3732 αἱ
614 3696 733 3732 πόλεις
764 3701 785 3731 l.
814 3698 825 3745 ΙΙ
852 3695 1044 3732 κάνταυθα
1067 3701 1134 3746 μὲν
1158 3703 1239 3746 περὶ
1275 3719 1276 3723 =
1309 3700 1490 3734 litanorum
1514 3701 1590 3735 libri
1604 3701 1615 3744 [l
1636 3702 1677 3735 33
1702 3700 1918 3733 sacerdotalia
1943 3701 1997 3734 hic
2014 3702 2069 3743 ΤΙΙ
2090 3704 2129 3735 37
2158 3703 2215 3743 eis]
2242 3703 2271 3736 ei
2298 3703 2332 3736 V

2052 3760 2123 3792 23*
