2586 3990
250 136 359 181 Nov.
385 133 562 179 CXXIII
592 135 755 177 39—41
1322 127 1408 179 522
1455 197 1458 199 v
2041 172 2045 175 .
2089 143 2150 174 nn
2177 141 2476 176 smorrssmrs

1181 238 1339 280 CAPUT
1362 240 1531 277 XXXIX.

317 301 522 339 Μνηστείας
551 293 593 330 δὲ
618 292 755 340 μεταξύ
785 308 902 331 τινων
931 295 1024 331 κατὰ
1052 293 1167 341 νόμον
1190 298 1331 343 ruvoni-
1467 293 1703 341 Sponsalibus
1733 304 1876 341 qnoque
1901 296 2102 334 seeundum
2132 297 2227 342 leges
2253 295 2361 335 factis
2381 295 2480 333 *inter

250 354 328 385 νηε,
361 341 433 375 εἴτε
464 337 483 374 ὁ
515 341 680 394 μνηστὴρ
710 342 758 394 sis
786 339 1031 395 μοναστήριον
1059 341 1212 395 εἰςέλθῃ,
1244 337 1332 375 ἀνα-
1400 340 1557 394 aliquos,
1593 340 1667 376 sive
1700 349 1854 385 sponsus
1886 340 1928 377 in
1960 342 2216 378 monasterium
2250 341 2478 387 ingrediatur,

250 387 467 431 λαμβανέτω
497 385 544 419 τὰ
568 387 660 431 υπὲρ
687 397 750 429 της
772 389 966 430 μνηστείας
997 389 1226 431 αρραβωνων
1249 382 1332 420 ὅνό-
1401 386 1553 431 recipiat
1581 393 1675 430 quae
1697 395 1763 430 pro
1787 386 2014 431 sponsalibus
2037 396 2199 423 arrarum
2229 386 2372 423 nomine
2394 386 2479 423 data

248 444 336 476 ματι
367 428 559 474 δεδομένα,
593 430 666 464 εἴτε
694 428 718 473 ἡ
748 430 890 474 μνηστὴ
922 430 991 465 τὸν
1020 430 1220 475 μοναχικὸν
1251 434 1333 475 βίον
1402 433 1504 473 sunt,
1539 429 1614 466 sive
1644 439 1778 475 sponsa
1807 430 2053 468 monachicam
2082 432 2191 468 vitam
2221 431 2383 477 elegerit,
2415 431 2479 467 illa

250 475 472 518 ἐπιλέξηται,
507 476 627 510 ἐκεῖνα
657 473 774 519 μόνον
806 472 1020 510 ἀποδιδότω
1055 472 1166 510 ἅτινα
1199 473 1334 519 ὁμοίως
1369 477 1389 510 5
1402 475 1622 511 solummodo
1658 474 1786 512 reddat
1822 485 1914 520 quae
1947 476 2106 513 similiter
2142 486 2304 514 arrarum
2337 475 2479 513 nomine

250 518 478 565 ἀρραβώνων
501 514 657 564 ὀνόματι
682 518 805 564 ἔλαβε,
829 520 891 563 τῆς
908 521 1036 564 ποινῆς
1055 521 1212 566 ἑκατέρῳ
1235 522 1335 565 με’ρει
1401 520 1553 566 accepit,
1577 529 1695 566 poena
1717 519 1859 565 utrique
1878 520 1976 566 parti
1999 521 2235 558 concedenda.

249 567 547 611 συγχωρουμένηε.

1234 619 1390 657 CAPUT
1413 619 1492 656 XL.

316 676 362 710 Εἰ
385 673 426 710 δὲ
448 676 672 711 συνεστῶτος
701 677 757 710 ἔτι
787 675 852 711 τοῦ
876 674 993 723 γάμου
1017 674 1037 711 ὁ
1064 673 1155 722 ἀνὴρ
1177 674 1287 721 μόνος
1309 675 1333 731 ἢ
1459 675 1497 712 Si
1518 684 1601 713 vero
1625 678 1814 718 constante
1836 676 1954 714 adhuc
1976 677 2200 719 matrimonio
2223 682 2287 719 aut
2308 679 2362 716 vir
2379 680 2479 716 solus

249 719 271 764 η·
305 720 395 767 γυνὴ
418 719 514 765 μόνη
545 719 685 767 εἰςέλθῃ
717 720 764 754 εἰς
787 722 1045 767 μοναστήριον,
1077 719 1287 756 διαλυέσθω
1311 734 1330 755 ο
1401 721 1466 757 aut
1496 731 1589 758 uxor
1619 721 1697 757 sola
1726 721 1911 758 intraverit
1944 722 1982 758 in
2014 724 2285 767 monasterium,
2321 725 2480 762 solvatur

248 766 359 812 γάμος
383 768 444 800 καὶ
460 764 541 808 δίχα
560 763 762 811 ῥεπουδίου,
785 762 878 810 μεθ’>
898 763 922 799 ὃ
935 769 1059 810 μέντοι
1075 766 1117 801 τὸ
1136 766 1333 812 πρόςωπον
1349 769 1388 802 10
1401 766 1665 803 matrimonium
1700 769 1736 802 et
1767 767 1857 804 citra
1891 767 2098 813 repudium,
2164 771 2327 815 ostquam
2359 773 2479 805 tamen

249 811 293 846 τὸ
317 809 558 855 εἰςερχόμενον
578 811 626 845 εἰς
646 808 891 855 μοναστήριον
914 811 958 845 τὸ
975 812 1095 856 σχῆμα
1119 810 1225 860 λάβῃ.
1273 815 1333 846 καὶ
1426 821 1554 847 ersona
1577 821 1725 864 pergens
1749 811 1796 848 ad
1818 812 2072 848 monasterium
2101 823 2141 849 sc
2167 823 2245 850 ema
2267 814 2477 860 perceperit.

250 856 281 890 εἰ
311 858 379 900 μὲν
409 853 429 889 ὁ
455 852 547 901 ἀνὴρ
574 855 643 890 τὸν
664 856 864 900 μοναχικὸν
888 855 1094 900 ἐπιλέξηται
1116 860 1210 901 βίον,
1243 853 1332 892 ἀπο·
1436 859 1453 892 t
1474 856 1507 892 si
1530 857 1670 901 qu1dem
1701 856 1754 892 vir
1777 857 1924 903 elegerit
1951 858 2196 894 monachicam
2218 859 2344 901 vitam,
2374 860 2478 895 resti-

249 901 466 935 καθιστάτω
490 902 535 947 τῇ
558 904 699 946 γυναικὶ
722 903 783 934 καὶ
805 900 873 944 τὴν
898 904 1030 946 προῖκα
1053 905 1112 936 καὶ
1136 902 1172 935 εἴ
1190 914 1227 936 τι
1244 900 1332 936 ἄλλο
1400 904 1480 937 tuat
1509 901 1648 937 mulieri
1680 905 1762 947 post
1792 901 1910 938 dotem
1934 902 2040 938 etiam
2070 903 2101 939 si
2124 903 2209 948 quid
2238 903 2338 940 aliud
2366 905 2414 940 ab
2436 914 2480 940 ea

250 942 320 981 ἀπ’
340 945 450 988 αὐτῆς
466 945 586 990 ἔλαβε,
609 945 775 990 καὶπρὸς
789 944 929 980 τούτοις
953 948 991 980 ἐκ
1011 947 1074 989 τῆς
1088 948 1239 993 γαμικῆς
1262 944 1332 981 ὃω-
1401 947 1612 992 perceperit,
1644 949 1680 982 et
1702 956 1810 992 super
1833 947 1922 983 haec
1946 957 1990 983 ex
2011 948 2164 995 nuptiali
2187 948 2378 986 donatione
2398 951 2479 985 tan-

272 992 330 1025 εᾶς
359 991 535 1025 τοσοῦτον
565 993 687 1037 μέρος,
722 987 812 1025 ὅσον
835 992 875 1025 ἐκ
904 993 967 1035 τῆς
989 991 1151 1035 τελευτῆς
1181 993 1246 1026 τοῦ
1271 989 1332 1026 ἀν-
1349 995 1389 1027 15
1402 997 1476 1027 tam
1500 995 1653 1037 partem,
1689 995 1823 1037 quanta
1853 1003 1897 1029 ex
1921 995 2034 1029 morte
2063 993 2130 1029 viri
2153 993 2379 1039 competebat
2401 1004 2479 1029 mu-

272 1035 331 1083 ρὸς
359 1032 490 1080 ἥρμοζε
519 1036 563 1082 τῇ
587 1038 728 1081 γυναικὶ
757 1036 851 1070 κατὰ
882 1036 925 1070 τὸ
956 1035 1156 1082 σύμφωνον
1186 1037 1231 1072 τὸ
1260 1040 1334 1072 τοῖς
1401 1037 1478 1072 lieri
1501 1037 1697 1073 secundum
1725 1040 1869 1082 pactum
1893 1037 2071 1078 dotalibus
2100 1038 2345 1075 instrumentis
2367 1039 2479 1076 inser-

248 1081 440 1127 προικῴοις
471 1079 701 1125 συμβολαίοις
725 1080 979 1126 ἐμφερόμενον.
1021 1083 1052 1116 εἰ
1069 1080 1109 1116 δὲ
1127 1080 1217 1128 γυνὴ
1238 1082 1292 1126 εἴη
1311 1079 1332 1126 ἦ
1401 1086 1485 1118 tum.
1534 1082 1572 1118 Si
1594 1092 1678 1118 vero
1710 1083 1835 1118 mulier
1865 1083 1974 1119 fuerit
2001 1083 2040 1119 in
2062 1084 2280 1120 monasterio
2308 1084 2480 1128 ingressa,

248 1127 298 1161 ets
327 1126 371 1160 τὸ
402 1125 647 1171 μοναστήριον
679 1125 904 1169 εἰςελθοῦσα,
940 1127 1009 1162 τὸν
1038 1124 1165 1172 ὅμοιον
1195 1126 1333 1173 ’τρόπον
1402 1127 1507 1163 simili
1541 1126 1648 1163 modo
1681 1128 1834 1164 retineat
1866 1129 1919 1164 vir
1953 1128 2147 1174 nuptialem
2183 1129 2411 1166 donationem
2445 1132 2482 1165 et

249 1174 527 1217 παρακρατείτω
551 1168 571 1204 ὁ
597 1168 688 1217 ἀνὴρ
718 1171 788 1215 ’τὴν
814 1171 973 1218 γαμικὴν
1003 1171 1146 1220 δωρεὰν
1175 1176 1235 1207 καὶ
1265 1172 1334 1207 τὸν
1404 1182 1525 1208 casum
1556 1172 1649 1208 dotis
1681 1182 1725 1208 ex
1755 1177 1867 1209 morte
1897 1174 2055 1210 mulieris
2084 1174 2273 1227 placitum,
2306 1174 2481 1220 reliquum

249 1215 386 1251 κάσσον
407 1217 471 1260 τῆς
494 1214 641 1261 προικὸς
671 1215 739 1251 τὸν
763 1214 837 1252 ἀπὸ
861 1218 925 1260 τῆς
948 1216 1110 1261 τελευτῆς
1132 1219 1195 1261 τῆς
1212 1231 1331 1262 γυναι·
1347 1220 1388 1253 20
1402 1228 1484 1254 vero
1514 1218 1606 1254 dotis
1635 1217 1774 1253 mulieri
1803 1218 1946 1255 restitui
1978 1220 2233 1264 praec1pimus‚
2269 1221 2306 1255 et
2335 1220 2366 1256 si
2394 1219 2481 1299 Ἐζᾶ

249 1262 307 1297 κὸς
330 1261 637 1307 συμφωνηθέντα,
660 1264 720 1295 καὶ
743 1261 786 1296 ’τὸ
802 1260 933 1297 λοιπὸν
955 1264 1017 1306 τῆς
1036 1262 1184 1308 προικὸς
1205 1263 1250 1310 τῇ
1298 1277 1333 1296 v-
1401 1263 1501 1298 aliud
1524 1272 1571 1299 ex
1593 1263 1701 1299 rebus
1724 1263 1881 1299 mulieris
1913 1264 2010 1309 apud
2032 1274 2113 1300 eum
2135 1264 2347 1300 inveniatur.
2465 1283 2480 1292 ·

249 1310 347 1341 ναικὶ
377 1303 639 1341 ἀποκαθιστᾶν
670 1306 1006 1352 παρακελευόμεθα,
1040 1311 1100 1342 καὶ
1124 1308 1160 1342 εἴ
1185 1321 1222 1342 τι
1246 1276 1333 1342 ἄλλο

249 1354 287 1387 ἐκ
305 1353 383 1387 τῶν
398 1351 627 1399 πραγμάτων
650 1353 713 1395 τῆς
735 1351 904 1398 γυναικὸς
927 1350 1016 1399 παρ’
1037 1351 1138 1397 αὐτῷ
1155 1350 1331 1400 εὑρεθείη.
1401 1353 1612 1389 vacantibus
1635 1354 1812 1390 dotalibus
1835 1354 1975 1399 placitis
2006 1354 2119 1390 virum
2142 1354 2296 1390 retinere
2316 1354 2480 1390 donatio-

248 1395 464 1454 ἀμφοτέρων
494 1395 534 1431 δὲ
563 1395 632 1432 τὸν
654 1397 853 1441 μοναχικὸν
883 1401 966 1442 βίον
989 1397 1256 1445 ἐπιλεγομένων
1278 1411 1333 1432 κε·
1401 1408 1482 1434 nem
1505 1399 1701 1444 nuptialem
1718 1401 1754 1434 et
1768 1400 1951 1435 mulierem
1974 1401 2157 1445 propriam
2179 1400 2342 1445 accipere
2362 1399 2481 1436 dotem

247 1442 408 1488 Zet-oneo,
433 1439 646 1489 ἀργούντων
669 1443 747 1477 τῶν
767 1447 1010 1488 προικιμαίων
1033 1445 1243 1490 συμφώνων
1266 1443 1334 1478 τὸν
1347 1446 1389 1479 25
1402 1448 1438 1479 et
1468 1444 1637 1489 quioquid
1671 1444 1769 1480 aliud
1799 1444 1875 1481 viro
1909 1444 2050 1480 dedisse
2082 1445 2266 1490 probetur,
2300 1448 2341 1481 ut
2370 1455 2481 1481 unus-

247 1487 365 1535 ἄνδρα
388 1490 635 1534 παρακρατεῖν
665 1487 735 1530 τὴν
757 1487 916 1534 γαμικὴν
940 1487 1093 1534 δωρεάν,
1116 1492 1176 1523 καὶ
1193 1489 1260 1531 ’τὴν
1275 1502 1332 1536 γυ·
1402 1489 1552 1534 quisque
1575 1489 1665 1525 citra
1689 1490 1855 1526 damnum
1878 1489 1953 1526 suis
1976 1490 2118 1526 fruatur
2138 1490 2266 1535 rehum
2298 1490 2367 1527 nisi
2387 1490 2482 1526 forte

246 1537 354 1568 ναῖκα
377 1533 444 1577 τὴν
467 1530 566 1568 ἰδίαν
589 1532 791 1577 λαμβάνειν
815 1536 946 1579 προῖκα
968 1538 1029 1568 καὶ
1047 1535 1083 1568 εἴ
1102 1547 1138 1569 τι
1167 1532 1255 1568 ἄλλο
1278 1534 1331 1577 τῷ
1401 1544 1555 1580 sponsus
1591 1544 1746 1580 sponsae
1787 1537 1851 1571 aut
1885 1545 2020 1580 sponsa
2054 1545 2187 1581 sponso
2229 1538 2295 1572 aut
2332 1535 2481 1573 maritus

249 1576 354 1624 ἀνδρὶ
379 1577 576 1613 δεδωκέναι
599 1576 773 1620 δειχθείη,
799 1578 859 1612 ἵνα
877 1578 924 1614 εἷς
939 1580 1086 1614 ἕκαστος
1110 1577 1191 1622 δίχα
1208 1581 1334 1623 ζημίας
1401 1580 1507 1615 uxori
1539 1581 1603 1615 aut
1638 1590 1731 1616 uxor
1763 1581 1893 1616 marito
1928 1580 2061 1616 donare
2096 1580 2229 1626 aliquid
2262 1582 2327 1617 aut
2357 1580 2482 1617 cedere

247 1626 325 1659 τῶν
350 1622 456 1659 ἰδίων
468 1620 676 1677 ..ἀπολαύσῃ
696 1624 955 1679 λπρςαγμάτων·
990 1626 1021 1659 εἰ
1043 1625 1093 1669 μὴ
1124 1623 1288 1679 ais-einos
1312 1622 1331 1679 ἐξ
1403 1626 1565 1662 voluerit.

247 1670 411 1714 μνηστὴρ
441 1683 485 1716 τῃ
516 1680 658 1716 μνηστῃ
689 1682 712 1712 η
743 1682 766 1712 η
796 1681 938 1722 μνιζστη
970 1671 1024 1714 τῷ
1054 1682 1235 1714 μνηστηρι
1265 1683 1287 1712 η
1312 1671 1389 1704 030

249 1711 343 1759 ἀνὴρ
366 1716 410 1762 τῇ
433 1716 575 1761 γυναικὶ
605 1711 628 1756 ἢ
650 1711 672 1756 ἡ
697 1713 787 1760 γυνὴ
820 1727 873 1758 τῳ
899 1711 1006 1763 ἀνδρὶ
1029 1713 1275 1761 δωρήσασθαί
1298 1727 1336 1749 τι

249 1757 273 1803 ἢ
296 1761 527 1807 συγχωρῆσαι
549 1756 759 1803 βουληθείη.

1402 1308 1517 1344 bobus
1541 1311 1659 1344 autem
1682 1309 1927 1345 monachicam
1956 1309 2064 1345 vitam
2087 1309 2295 1354 eligentibus
2319 1309 2480 1346 iubemus

1234 1815 1392 1852 CAPUT
1415 1815 1513 1852 XLI.

312 1867 493 1915 Οὐδεμίαν
517 1868 558 1905 δὲ
587 1868 715 1905 ἄδειαν
743 1867 893 1915 δίδομεν
924 1867 947 1915 ἢ
974 1873 1047 1905 τοῖς
1076 1872 1222 1917 γονεῦσι
1252 1871 1335 1906 τοὺς
1458 1871 1603 1908 Nullam
1627 1881 1709 1908 vero
1726 1871 1908 1908 licentiam
1926 1871 2052 1909 damus
2075 1875 2138 1909 aut
2159 1873 2369 1918 parentibus
2389 1874 2481 1910 filios

250 1914 382 1952 παῖδας
405 1913 426 1959 ἢ
449 1919 522 1950 τοῖς
540 1918 644 1951 παισὶ
667 1916 749 1951 τοὺς
771 1919 897 1962 γονέας
918 1915 989 1960 τὴν
1005 1916 1178 1962 κοσμικὴν
1202 1914 1334 1964 διαγω-
1403 1918 1468 1953 aut
1500 1917 1585 1953 filiis
1615 1919 1781 1963 parentes
1815 1918 2035 1954 saecularem
2069 1918 2177 1954 vitam
2212 1921 2403 1961 [sectantes
2433 1923 2480 1962 et]

317 1998 344 2019 c.
369 1985 604 2019 XL—XLII
622 1997 760 2019 summas
784 1987 910 2019 exhibet
932 1986 1037 2019 Anon.
1063 1986 1271 2020 Bodleianas
1295 1999 1320 2020 c.
1341 1987 1521 2021 482—486
1546 1987 1636 2028 apud
1659 1986 1848 2020 Zachariae
1868 1982 2000 2020 Ἀνέκδ.
2026 1988 2103 2021 210.

318 2043 344 2064 c.
371 2031 465 2063 XLI
485 2043 524 2063 ex
547 2031 575 2064 S
597 2032 712 2073 repetit
733 2030 868 2064 Nomoc.
885 2031 918 2064 L
943 2032 989 2064 tit.
1006 2032 1049 2064 32
1070 2043 1105 2074 p.
1119 2032 1185 2064 638
1206 2031 1319 2072 Voell.‚
1345 2044 1384 2064 ez·
1408 2032 1444 2064 B
1468 2030 1647 2064 Nemeam
1663 2031 1727 2063 XI
1736 2032 1818 2064 Vtit.
1834 2033 1923 2070 9‚32.

383 2107 552 2144 XXXIX.
598 2106 840 2154 Sponsalibus
862 2110 982 2143 autem
1012 2108 1107 2143 inter
1130 2107 1307 2153 quosdam
1335 2107 1530 2144 secundum
1561 2107 1676 2153 leqem
1699 2108 1908 2151 contractis,
1936 2108 2011 2144 sive
2038 2119 2196 2155 sponsus
2224 2111 2479 2146 monasterium

249 2155 451 2196 intraverit,
474 2152 630 2200 recipiat
652 2163 747 2199 quae
762 2163 839 2199 pro
862 2151 1094 2198 sponsalibus
1116 2151 1312 2189 arrharum
1335 2154 1478 2189 nomine
1501 2152 1591 2189 data
1612 2157 1715 2195 sunt,
1746 2153 1822 2189 sive
1843 2163 1981 2200 sponsa
2003 2153 2250 2190 monachicam
2281 2155 2389 2191 vitam
2412 2156 2479 2192 ele-

250 2200 357 2247 qerit‚
381 2198 446 2235 illa
469 2198 587 2234 solum
609 2197 739 2234 reddat
762 2208 857 2243 quae
879 2197 1046 2234 similiter
1068 2197 1263 2234 arrharum
1286 2199 1430 2234 nomine
1453 2198 1604 2244 accepit,
1623 2208 1748 2244 poena
1772 2198 1917 2244 utrique
1932 2199 2039 2245 parti
2061 2200 2223 2235 remissa.

384 2244 463 2280 XL.
509 2242 554 2279 Si
582 2247 700 2278 autem
730 2246 919 2279 constante
948 2243 1178 2279 matrimonio
1207 2243 1263 2279 vir
1290 2243 1389 2279 solus
1423 2243 1481 2280 vel
1513 2243 1643 2279 mulier
1675 2243 1757 2279 sola
1791 2244 2045 2279 monasteriam
2080 2244 2286 2287 intraverit,
2319 2244 2482 2281 solvatur

250 2291 358 2327 etiam
380 2290 457 2326 sine
475 2287 630 2336 repudio
649 2288 926 2335 matrimonium,
948 2292 1145 2334 postquam
1168 2287 1304 2324 scilicet
1323 2299 1486 2334 persona
1508 2288 1763 2324 monasterium
1786 2290 1824 2324 in
1851 2299 1951 2325 ressa
1975 2288 2134 2324 habitum
2158 2290 2348 2336 acceperit.
2387 2289 2434 2326 Et
2448 2291 2481 2327 si

250 2335 393 2382 quidem
416 2334 472 2371 vir
494 2333 742 2369 monachicam
765 2333 875 2370 vitam
898 2333 1058 2379 eleqerit,
1082 2334 1251 2369 restituat
1274 2334 1416 2370 mulieri
1439 2337 1475 2369 et
1497 2333 1615 2369 dotem
1639 2337 1674 2369 et
1696 2334 1731 2369 si
1752 2334 1815 2379 qui
1863 2333 1965 2369 aliud
1986 2334 2031 2370 ab
2054 2334 2119 2370 illa
2134 2335 2286 2381 accepit,
2309 2345 2353 2370 ac
2370 2345 2481 2382 prae-

251 2386 349 2417 terea
372 2390 422 2416 ex
444 2378 605 2426 nuptiali
625 2378 821 2414 donatione
854 2382 991 2415 tantam
1008 2382 1176 2424 partem,
1209 2383 1347 2431 quanta
1370 2389 1420 2414 ex
1442 2383 1559 2415 morte
1588 2378 1711 2414 mariti
1739 2378 1934 2414 secundum
1960 2383 2110 2426 pactum
2139 2380 2388 2416 instrumentis
2417 2380 2481 2417 do-

251 2426 382 2462 talibus
404 2425 578 2461 insertum
600 2423 742 2460 mulieri
766 2423 998 2470 competebat.
1046 2422 1113 2459 Sin
1136 2423 1265 2460 multer
1287 2424 1335 2459 sit
1357 2435 1451 2470 quae
1472 2425 1730 2460 monasterium
1753 2424 1961 2467 intraverit,
1991 2424 2098 2460 simili
2120 2424 2228 2460 modo
2253 2426 2406 2461 maritus
2426 2436 2482 2462 rc-

252 2472 363 2507 tineat
386 2469 617 2506 donationem
641 2468 840 2515 nuptialem
863 2473 899 2505 ct
921 2479 971 2505 ea:
993 2468 1075 2505 dote
1097 2468 1197 2515 quod
1218 2469 1257 2505 in
1280 2479 1403 2505 casum
1426 2469 1554 2505 mortis
1576 2468 1737 2505 mulieris
1759 2474 1874 2516 pacto
1898 2474 2114 2505 convenerat
2121 2482 2136 2511 ,·
2173 2473 2282 2515 atque
2304 2469 2482 2516 reliquam

245 2520 391 2564 partem
414 2515 511 2551 dotis
534 2514 677 2550 mulieri
699 2525 778 2550 eum
801 2514 990 2550 restituere
1011 2513 1184 2557 iubemus,
1207 2515 1293 2551 etsi
1313 2514 1402 2560 quid
1423 2513 1525 2551 aliud
1546 2525 1596 2551 ea:
1614 2514 1721 2551 rebus
1742 2514 1904 2550 mulieris
1926 2514 2028 2561 apud
2049 2525 2128 2551 eum
2149 2514 2267 2560 fuerit
2288 2515 2480 2552 inventum.

250 2561 386 2605 Quodsi
419 2566 569 2606 uterque
606 2560 716 2595 vitam
751 2558 999 2596 monachicam
1034 2559 1164 2605 eliam,
1205 2558 1367 2595 iubemus
1404 2560 1627 2596 cessantibus
1691 2559 1782 2595 actis
1822 2559 2005 2596 dotalibus
2043 2559 2213 2597 maritum
2251 2559 2482 2596 donationem

250 2605 448 2653 nuptialem
470 2605 624 2641 retinere
646 2609 683 2641 et
705 2604 888 2640 mulierem
911 2603 1029 2640 dotem
1051 2614 1155 2641 suam
1177 2605 1254 2641 reci
1278 2615 1339 2640 ere
1360 2605 1449 2641 etsi
1465 2604 1554 2651 quid
1573 2604 1649 2640 aliu
1697 2604 1774 2641 viro
1793 2603 1933 2640 dedisse
1948 2603 2138 2651 probetur,
2167 2608 2211 2640 ut
2234 2615 2329 2640 unus
2355 2606 2482 2652 uisque

250 2652 327 2688 sine
351 2651 562 2687 detrimento
585 2649 692 2686 rebus
713 2649 790 2685 suis
810 2649 965 2695 fruatur
973 2662 988 2691 ‚·
1021 2650 1092 2685 nisi
1115 2648 1205 2695 quid
1248 2653 1326 2686 orte
1347 2660 1504 2696 sponsus
1526 2660 1684 2697 sponsae
1705 2649 1762 2686 vel
1781 2660 1919 2697 sponsa
1941 2660 2078 2696 sponso
2101 2649 2160 2686 vel
2179 2650 2236 2686 vir
2257 2661 2317 2685 mu
2332 2651 2399 2686 ieri
2428 2650 2483 2687 vel

250 2696 378 2733 mulier
401 2696 479 2731 viro
504 2695 643 2731 donare
666 2694 724 2731 vel
744 2694 940 2731 concedere
962 2694 1125 2731 voluerit.
1552 2739 1555 2741 ,

384 2740 479 2776 XLI.
528 2739 675 2775 Nullam
699 2743 818 2776 autem
839 2743 1056 2786 potestatem
1079 2739 1208 2775 damus
1233 2739 1291 2776 vel
1310 2739 1526 2787 parentibus
1548 2739 1680 2775 liberos
1706 2749 1793 2775 suos
1822 2739 1880 2775 vel
1909 2739 2031 2775 liberis
2051 2743 2228 2786 parentes
2258 2740 2480 2777 saecularem

321 2823 337 2855 1
363 2819 479 2864 νόμον
497 2818 619 2860 MLBJ
642 2817 711 2852 τὸν
734 2818 851 2863 νόμον
876 2819 913 2859 S,
940 2831 1010 2853 cum
1025 2819 1211 2863 Scrimyero
1231 2821 1332 2860 vulo„
1400 2817 1469 2862 τὴν
1488 2818 1540 2857 Bf
1560 2817 1574 2862 11
1590 2813 1862 2861 ἀναλαμβάνειν
1878 2818 1907 2852 S
1922 2817 1935 2860 11
1951 2819 2013 2850 καὶ
2037 2827 2093 2851 om.
2109 2817 2158 2850 13⁶
2174 2817 2187 2860 11
2206 2818 2248 2853 28
2266 2818 2399 2861 ζημίαν
2415 2819 2481 2861 ΜΗ

250 2866 341 2908 leges
355 2877 375 2902 ς
391 2865 404 2909 ΙΙ
444 2865 611 2907 ενομένηε
623 2863 705 2898 SBr
719 2863 732 2907 11
748 2865 768 2898 2
783 2861 944 2897 εἰσέλθοι
955 2865 984 2898 S
990 2876 1022 2897 v.
1034 2864 1066 2906 1.,
1079 2864 1164 2898 LB⁶
1184 2859 1331 2910 ἀπέλθῃ
1402 2865 1444 2898 29
1468 2863 1610 2897 οἰκείων
1632 2862 1810 2898 Nomai-‚⁶²²¹
1827 2864 1840 2906 1
1862 2858 2058 2896 ἀπολαύσει
2079 2862 2152 2895 Ect.
2187 2857 2352 2914 ἇπολαύη
2367 2863 2398 2897 L
2414 2863 2428 2907 11
2444 2860 2480 2905 ὁ]

251 2912 324 2945 Ecl.
343 2877 581 2955 114δζδόμενα
605 2909 672 2943 Sv.
688 2910 721 2950 l.,
737 2909 810 2943 Ecl.
829 2906 880 2952 11ή
906 2920 963 2943 om.
977 2909 1030 2943 Bt
1050 2907 1064 2954 11
1091 2911 1111 2943 5
1131 2907 1333 2949 ἐπιλέξεται
1407 2905 1423 2917 “
1446 2906 1466 2942 ὁ
1493 2909 1548 2954 811
1575 2910 1618 2943 30
1641 2907 1711 2951 τὴν
1731 2907 1896 2952 μνηστὴν
1920 2908 1962 2942 Μ
1984 2907 1998 2951 Ι
2020 2908 2064 2941 32
2087 2904 2252 2953 βουληθῃ
2277 2907 2346 2942 Sv.
2360 2908 2381 2941 1.
2399 2907 2414 2952 11
2437 2910 2480 2943 33

251 2957 325 2990 Ecl.
360 2953 555 2997 ἐξελέξεται
579 2954 732 2988 Nomocfl
755 2954 767 2998 11
791 2953 889 2998 μόνα
913 2954 964 2988 B!
984 2954 998 2993 ΙΙ
1026 2950 1226 2988 ἐπιδιδότω
1251 2953 1304 2988 B!
1320 2952 1334 2997 11
1399 2922 1547 2998 δίδομεν
1570 2967 1629 2988 om.
1643 2954 1695 2988 Βο
1707 2953 1898 2995 Νοηιοοβΰῑ,
1918 2959 1994 2997 post
2015 2954 2140 2998 γονέας
2164 2954 2208 2987 34
2231 2953 2304 2986 coll.
2317 2952 2369 2986 ΒῙ

251 2998 277 3034 ἃ
296 3001 370 3035 Ecl.
396 3001 414 3055 11
432 2996 542 3033 ἅτινα
565 2995 795 3044 ἀρραβώνων
816 2995 973 3043 ὀνόματι
993 2994 1127 3040 ὁμοίως
1143 3000 1194 3033 B⁶
1224 2995 1333 3045 ἀρρα·

251 3046 379 3089 βάνων
394 3043 550 3089 ονόματι
566 3039 676 3078 ἅτινα
690 3041 825 3088 ὁμοίως
839 3046 890 3079 ΒΓ
903 3045 916 3088 11
941 3046 961 3079 8
985 3044 1051 3079 τοῦ
1090 3044 1182 3088 άμου
1198 3045 1253 3078 ἔτι
1272 3043 1334 3087 Bt,

251 3090 306 3125 ἔτι
331 3104 389 3126 om.
403 3090 460 3131 811
486 3087 506 3122 ὁ
533 3085 625 3134 ἀνὴρ
647 3090 759 3123 MLB
774 3090 1034 3131 (Nomai-Lae.)
1073 3091 1130 3131 ιιι]
1155 3086 1178 3132 ἢ
1197 3086 1217 3123 ὁ
1243 3085 1334 3134 ἀνὴρ
1458 3090 1479 3123 3
1502 3098 1564 3131 pro
1587 3098 1644 3123 om.
1665 3086 1726 3132 ῐῙ11
1751 3088 1928 3139 archarum
1951 3086 1999 3120 T¹
2034 3086 2209 3120 arrharum
2225 3087 2284 3128 (id.
2302 3087 2336 3128 5)
2359 3086 2447 3131 vulq-
2467 3086 2483 3153 fl

252 3139 310 3173 Se
333 3137 345 3179 11
369 3138 389 3171 9
413 3134 507 3180 μόνη
532 3147 591 3168 om.
608 3133 661 3168 B!
685 3135 698 3179 11
726 3133 866 3178 sicel-19⁷7
891 3132 1058 3176 (εἰςέλθοι
1077 3136 1129 3177 L,
1152 3135 1286 3169 Nomoc.
1302 3135 1334 3168 L
1401 3135 1423 3168 4
1447 3143 1599 3175 sponsam
1621 3133 1831 3166 monachiam
1857 3131 1937 3177 T¹ll
1956 3133 1975 3165 5
2000 3141 2085 3174 quae
2103 3150 2144 3156 —
2160 3133 2182 3166 6
2199 3131 2408 3183 concedenda
2431 3132 2463 3165 V

252 3184 313 3224 tit.)
345 3180 393 3215 εἰς
414 3180 458 3215 τὸ
483 3178 538 3221 (τὸ
561 3193 619 3213 om.
641 3180 710 3213 Sv.
723 3182 759 3223 1.)
788 3171 1032 3224 μοναστήριον
1051 3180 1080 3214 S
1086 3181 1118 3214 L
1154 3179 1201 3214 eis
1221 3191 1334 3224 μονα·
1402 3180 1434 3212 in
1449 3191 1515 3212 ras.
1534 3177 1717 3222 ”similiter
1740 3189 1797 3211 om.
1816 3177 1888 3229 V(²)
1906 3176 1919 3220 11
1935 3187 2087 3230 arcarum
2096 3176 2158 3230 ‚1²²
2172 3176 2184 3220 11
2203 3178 2224 3210 6
2238 3179 2363 3228 recepit
2383 3175 2459 3228 1⁷5²)
2469 3175 2482 3221 11

252 3223 401 3270 στήριον
416 3224 557 3268 εἰςέλθη
570 3222 735 3267 (εἱςέλθοι
748 3225 817 3267 Bt)
835 3226 870 3259 Β
882 3226 1045 3259 Nomoc.m
1068 3224 1081 3269 11
1101 3227 1140 3261 10
1158 3222 1241 3267 δίχα
1258 3222 1335 3258 δια·
1402 3225 1422 3258 9
1445 3223 1515 3258 sola
1538 3234 1623 3256 uxor
1643 3223 1676 3257 V
1692 3222 1705 3266 11
1724 3224 1770 3258 ,11
1797 3224 1975 3266 percipeat
2000 3221 2053 3255 T*
2075 3222 2133 3264 (td.
2145 3223 2199 3262 14)
2214 3221 2227 3266 11
2256 3223 2297 3256 12
2320 3223 2384 3273 vir]
2407 3231 2481 3255 iure

254 3272 371 3317 ζυγίου
387 3271 458 3305 LB
475 3270 489 3315 11
513 3260 552 3305 11
573 3270 622 3304 εἰς
638 3268 680 3304 τὸ
694 3267 940 3315 μοναστήριον
955 3269 1008 3304 B!
1020 3271 1182 3305 Nomocn·
1216 3270 1257 3304 iv
1279 3269 1334 3312 τῷ
1401 3269 1435 3302 R
1447 3268 1464 3312 11
1483 3270 1524 3303 13
1537 3270 1623 3312 post]
1647 3267 1752 3310 ipsius
1766 3267 1844 3310 ¹1³²„
1862 3267 1956 3309 quid]
1980 3266 2113 3309 quidem
2128 3267 2161 3300 T
2169 3268 2178 3288 ¹
2195 3266 2208 3310 Ι
2228 3268 2270 3302 14
2282 3266 2416 3300 datione
2429 3264 2481 3309 Τ11

251 3319 482 3360 μοναστηρίῳ
500 3316 528 3349 S
542 3315 556 3359 11
573 3313 616 3349 τὸ
638 3327 698 3350 om.
716 3316 745 3349 S
784 3317 904 3359 len-ique
921 3315 934 3358 11
951 3315 1069 3359 σχῆμα
1085 3315 1162 3349 ΜΒ
1170 3317 1200 3356 ς]
1224 3326 1335 3358 μονα·
1402 3315 1497 3347 tanta
1518 3314 1550 3348 V
1562 3313 1575 3358 11
1592 3315 1632 3348 15
1651 3315 1810 3354 quantam
1825 3313 1894 3346 ΒΤ
1906 3312 1919 3355 11
1940 3314 1977 3346 17
1998 3313 2235 3345 monasterium
2255 3311 2382 3355 Touly.
2398 3310 2413 3354 Ι
2438 3311 2478 3344 18

253 3360 354 3402 χικὸν
377 3361 496 3405 σχῆμα
519 3361 579 3394 SL
592 3360 680 3405 vulq.
709 3360 723 3404 11
749 3328 844 3407 ἷάβῃ
865 3361 983 3401 MSB]
1015 3358 1122 3403 λάβοι
1143 3361 1186 3401 L,
1200 3360 1333 3395 Nomoc.
1401 3360 1513 3393 teneat
1538 3358 1591 3393 Τι
1608 3358 1622 3402 11
1638 3358 1690 3392 vir
1713 3369 1769 3392 om.
1785 3356 1866 3401 ΤῑΙΙ
1890 3358 1932 3391 20
1956 3356 2106 3408 mulieris
2132 3356 2180 3390 Τι
2215 3366 2256 3408 εξ
2271 3357 2383 3408 ’morte
2406 3364 2478 3387 mu-

255 3407 285 3438 L
300 3408 345 3439 tit.
360 3405 374 3447 11
394 3408 435 3440 12
458 3403 660 3444 waldeman
676 3405 723 3447 Β,
748 3406 864 3439 ἐκεῖνα
880 3404 996 3447 μόνον
1019 3401 1231 3439 ἀποδιδότω
1256 3405 1334 3439 add.
1401 3403 1477 3438 lieri
1495 3404 1527 3437 R.
1543 3403 1556 3447 11
1574 3405 1607 3436 et
1631 3414 1687 3437 om.
1705 3403 1762 3445 Τ11
1778 3403 1820 3437 23
1845 3401 2056 3454 uocantibus·
2068 3402 2101 3436 T
2110 3401 2120 3422 ²
2136 3401 2149 3444 11
2167 3401 2297 3444 placitu
2319 3411 2378 3434 om.
2393 3399 2445 3432 Τι
2467 3400 2478 3441 11

257 3451 305 3482 L⁰
317 3451 369 3491 (ex
383 3463 414 3484 υ.
429 3452 462 3493 5)
486 3451 499 3494 11
517 3446 845 3485 ἇποκαθιστάσθω
869 3451 900 3484 L
923 3449 936 3495 11
965 3452 1005 3484 13
1030 3452 1090 3484 καὶ
1111 3449 1180 3493 τὴν
1204 3451 1335 3496 προῖκα
1402 3459 1518 3482 uerum
1542 3449 1575 3482 Τ
1582 3448 1593 3470 ¹
1610 3448 1623 3492 11
1647 3449 1690 3482 28
1713 3447 1834 3481 marito
1858 3458 1914 3481 om.
1937 3447 1999 3489 1⁷¹,
2022 3457 2098 3480 mro
2118 3445 2169 3481 V⁸
2186 3444 2338 3496 {loedere}
2361 3453 2477 3476 conce-

255 3495 298 3539 τῇ
322 3497 464 3540 γυναικὶ
487 3498 546 3528 καὶ
562 3496 591 3529 S
613 3494 749 3529 mulieri
768 3497 845 3539 post
862 3495 971 3529 dotem
989 3496 1087 3529 etiam
1108 3506 1128 3532 ς’
1144 3495 1150 3539 1
1177 3496 1219 3530 14
1241 3489 1333 3539 παρ’
1401 3493 1478 3527 dere
1492 3492 1772 3535 R²T²(e.rlul.?)
1791 3492 2011 3534 neo-liquid
2024 3491 2071 3526 R¹
2089 3491 2102 3536 11
2119 3492 2161 3526 29
2174 3489 2328 3530 voluerit]
2344 3488 2478 3540 quando

256 3537 364 3580 αὐτῆς
388 3541 415 3572 S
430 3541 443 3583 11
460 3540 569 3574 τοῦτο
594 3539 644 3574 B!
664 3540 677 3579 ll
698 3542 738 3575 16
761 3539 854 3575 κατὰ
879 3541 981 3575 om.S
987 3541 1136 3584 plerique
1185 3542 1224 3575 17
1250 3550 1335 3582 συμ-
1400 3539 1474 3582 (pro
1499 3537 1767 3581 quandoquidem
1792 3538 1825 3572 T
1842 3538 1940 3572 schol.
1966 3539 1999 3571 in
2023 3538 2139 3588 marq.)
2167 3543 2274 3587 imin
2302 3543 2342 3567 ex
2371 3536 2477 3585 pactis

257 3583 456 3626 φερόμενον
472 3585 500 3617 S
511 3598 539 3618 v.
550 3588 568 3619 l.
587 3584 600 3628 fl
616 3581 639 3627 ἦ
655 3598 714 3619 om.
728 3586 798 3620 Sv.
809 3589 841 3628 1.,
856 3586 885 3620 L
904 3585 918 3630 11
935 3587 977 3620 18
999 3583 1044 3619 τὸ
1065 3598 1122 3619 om.
1136 3585 1299 3619 Nomoon·
1402 3583 1611 3626 nuptialibus
1634 3583 1710 3617 uiro
1740 3584 1800 3616 aut
1822 3582 1958 3618 mulieri
1979 3581 2104 3616 lucrm
2132 3578 2261 3621 ahquid
2283 3579 2477 3612 conceditur

257 3625 417 3661 ἐλθοῦσα
440 3629 592 3663 Νοιιιοεέῑι
608 3630 621 3674 11
638 3631 680 3664 20
704 3629 816 3665 κε’ωον
836 3632 865 3665 S
876 3631 948 3664 Ecl.
965 3629 978 3674 11
996 3627 1076 3672 τὸν]
1100 3631 1161 3663 καὶ
1179 3628 1249 3664 τὸν
1268 3630 1301 3664 L
1402 3630 1479 3663 add.
1495 3629 1581 3670 libri,
1597 3629 1699 3672 vulq.;
1716 3628 1877 3672 ylossoma
1892 3634 1993 3661 ortum
2009 3639 2048 3660 εκ
2061 3625 2192 3660 rubrica
2208 3625 2325 3666 capitis
2342 3625 2374 3657 in
2391 3636 2477 3657 mar-

259 3672 297 3705 21
317 3674 376 3704 καὶ
391 3672 434 3706 τὸ
452 3671 592 3714 λοιπὸν]
616 3675 782 3718 reliquum
799 3687 877 3709 vero
896 3688 915 3712 ς
931 3675 944 3719 u
962 3676 1005 3709 22
1025 3673 1213 3719 κελεύομεν
1225 3676 1298 3709 Εεί.
1400 3676 1475 3719 qino
1499 3673 1684 3716 adnotatau
1703 3675 1747 3708 34
1769 3672 1952 3707 saeculares
1972 3670 2051 3714 1¹⁸1
2068 3669 2095 3704 ἶ
2105 3670 2141 3712 (ι’.
2151 3681 2177 3702 e.
2191 3669 2385 3710 secundum)
2401 3670 2477 3702 tan-

258 3714 295 3749 δῗ
311 3718 360 3757 τί]
383 3716 418 3749 ⁸²¹
435 3729 472 3751 τὸ
495 3714 543 3752 ἂν
566 3719 598 3752 L
614 3719 627 3762 11
646 3721 687 3754 23
711 3717 846 3767 εὑρεθῇ
871 3722 899 3755 S
909 3719 1085 3766 pleriquefl
1104 3721 1145 3755 27
1171 3718 1250 3763 τὴν]
1274 3721 1334 3754 καὶ
1400 3721 1449 3753 tes
1471 3718 1534 3761 3¹,
1556 3720 1720 3754 sectantes
1742 3719 1776 3751 et
1797 3717 1916 3751 seclusi
