2618 4010
134 148 485 182 ECCLESIASTICIS
515 147 656 179 REBUS

133 249 358 293 Ἀναστασίῳ
384 247 423 283 δὲ
439 250 492 292 τῷ
512 249 571 291 τῆς
597 245 763 291 εὐσεβοῦς
789 242 919 288 λήξεως
941 249 1144 292 γέγραπταί
1166 256 1220 280 τις

135 298 218 343 περὶ
241 296 319 329 τῶν
343 293 520 329 τοιούτων
551 291 675 337 νόμος,
708 289 789 325 οὔτε
821 289 939 335 ὅμοιος
969 293 1023 335 τῷ
1053 293 1218 336 προτέρῳ

136 344 317 376 παντοίως
340 353 380 374 τε
402 337 553 383 ἐλλιπής.
602 337 760 380 ἐκχεθείς
782 336 850 384 γὰρ
875 340 934 370 καὶ
960 338 1019 371 ἐπὶ
1043 336 1124 371 τοὺς
1148 337 1218 378 ἔξω

135 384 266 420 τόπους
287 383 392 419 οὐδὲν
415 383 524 429 ἧττον
549 385 688 427 ἔμεινεν
714 381 854 426 ἀτελής,
888 382 975 430 πρὸς
1005 381 1122 427 μόνην
1152 381 1219 426 τὴν

134 429 402 481 ἀρχιερωσύνην
433 433 492 464 καὶ
524 429 590 473 τὴν
624 427 800 471 διοίκησιν
831 426 930 476 ὁρῶν
960 427 1027 471 τὴν
1051 441 1137 462 τετα
1160 430 1218 473 με’-

134 490 201 519 νην
223 476 295 511 ὑπὸ
320 475 387 510 τὸν
410 473 692 522 μακαριώτατον
711 471 936 521 πατριάρχην
956 475 1016 517 τῆς
1035 478 1122 518 βασι
1147 472 1220 508 ι’δος

134 519 265 565 ταύτης
288 525 347 554 καὶ
372 519 580 565 εὐδαίμονος
604 519 758 560 πόλεως,
786 519 867 554 τοὺς
891 518 931 553 δὲ
959 518 1082 553 ἄλλους
1106 516 1219 553 ἅπαν-

134 578 198 600 τας
219 566 268 612 μὴ
288 565 604 614 περιεργαζόμενος
626 564 798 612 θρόνους·
818 569 975 611 καίτοιγε
999 565 1099 613 εἴπερ
1119 564 1221 605 ἄξιον

135 611 426 657 ἐπανορθώσεως
458 611 551 645 εἶναι
581 610 623 645 τὸ
657 612 804 657 πρᾶγμα
836 609 947 654 ᾤετο,
983 609 1075 643 κατὰ
1110 614 1222 645 ποιάν

1230 129 1285 177 49
2063 133 2172 176 Nov.
2206 133 2284 175 VII
2314 146 2371 188 pr.

1289 255 1428 288 quoquc
1458 243 1539 289 piae
1572 243 1761 278 memoriae
1797 244 1932 289 scripta
1961 243 2135 289 quaedam
2167 244 2210 278 de
2242 243 2374 279 talibus

1287 290 1344 325 lex
1365 292 1436 332 est,
1456 298 1570 333 neque
1591 288 1715 323 similis
1737 289 1847 333 priori
1869 293 1904 324 et
1923 290 2065 325 omnino
2086 290 2201 325 minus
2226 289 2373 325 habens.

1288 335 1415 370 Effusa
1439 344 1590 379 namque
1615 338 1650 368 et
1681 344 1744 378 per
1768 335 1848 369 loca
1878 335 1962 370 foris
1995 336 2114 380 posita
2145 335 2374 370 nihilominus

1288 380 1419 415 mansit
1443 379 1661 425 imperfecta,
1688 390 1728 414 eo
1755 380 1849 424 quod
1873 381 1918 414 ad
1938 381 2054 415 solum
2076 380 2314 416 sacerdotium
2340 384 2375 416 et

1256 426 1446 462 5diocesin
1479 425 1649 470 respiciat
1675 425 1904 460 constitutam
1930 426 1995 460 sub
2025 427 2229 462 beatissimo
2262 427 2374 471 patri-

1292 472 1400 506 archa
1435 472 1540 506 huius
1577 471 1692 515 regiae
1729 474 1764 505 et
1807 471 2033 506 felicissimae
2070 472 2240 515 civitatis,
2284 472 2373 507 alias

1290 521 1410 552 autem
1434 527 1555 551 omnes
1579 527 1652 551 non
1672 520 1899 561 perscrutata
1922 517 2044 552 sedes:
2073 528 2151 552 cum
2178 518 2299 562 utique
2324 517 2375 551 di-

1289 573 1395 607 gnam
1421 562 1642 597 correctione
1667 572 1745 597 esse
1771 572 1916 596 causam
1941 562 2196 605 arbitrabatur,
2230 567 2376 607 propter

1291 619 1397 653 quam
1429 607 1654 643 occasionem
1682 607 1753 642 alia
1778 607 1919 652 quidem
1945 607 2163 652 corrigebat,
2198 608 2269 643 alia
2292 619 2374 643 vero

135 656 320 704 πρόφασιν
344 657 394 710 τὰ]
418 659 486 701 μὲν
514 655 751 710 ἐπηνώρθου,
782 654 828 690 τά
860 653 899 689 δὲ
922 652 1107 699 ἀκόσμητα
1138 668 1220 689 κατ-
1238 654 1527 699 lOincomposita
1558 653 1806 698 relinquebat?
1854 653 2091 697 Quamobrem
2123 663 2200 687 eam
2237 664 2375 698 quoqu(¹

134 702 346 748 ελίμπανενς
377 701 480 736 (Ωςτε
514 716 623 736 αυτον
656 705 715 735 καὶ
749 701 965 736 πεπαῦσθαι
998 702 1063 734 τοῦ
1095 699 1220 735 λοιποῦ

135 748 376 793 θεσπίζομεν,
418 746 525 790 ἀτελῆ
559 762 598 782 τε
635 747 856 781 καθεστῶτα
893 749 952 779 καὶ
989 744 1093 789 τόπῳ
1124 759 1220 793 περι-

129 791 352 839 ·κ-λειόμενον,
388 789 466 827 ἀλλ’
498 791 537 827 οὐ
566 792 709 840 γενικὸν
738 794 777 826 ἐν
805 789 1040 835 νόμοιςνὸντα
1069 789 1154 824 οὐδέ
1186 804 1221 824 τι

134 840 198 888 (Α)
220 838 420 874 σπουδαῖον
441 837 684 885 εἰςαγαγόντα.
767 838 886 870 Ταῦτα
904 836 967 870 οὐν
992 832 1088 880 ἡμεῖς
1112 838 1220 871 ἑπαν·

361 883 377 893 21

1293 709 1424 734 vacare
1448 699 1491 734 de
1526 702 1643 734 cetero
1675 699 1875 740 sancimus,
1912 702 2037 743 utpote
2067 698 2310 743 imperfectam
2343 706 2377 733 et

1290 745 1370 780 loco
1409 744 1705 780 circumclausam
1741 748 1777 779 et
1815 755 1886 779 non
1923 743 2122 787 generalem
2156 744 2248 778 inter
2283 745 2376 787 leges

1293 790 1502 825 existentem
1535 800 1649 835 neque
1682 790 1815 834 aliquid
1849 790 2048 825 studiosum
2079 789 2375 824 introducentem.

1291 836 1390 871 Haec
1416 846 1499 879 ergo
1524 847 1590 871 nos
1615 835 1842 871 emendantes
1876 836 1994 870 omnia
2026 845 2133 869 unam
2165 834 2377 869 existimavi-

134 886 330 934 ορθοῦντες
356 897 504 920 απαντα
527 888 615 929 μίαν
640 881 823 936 ῴήᾷημενι
840 883 968 929 χρῆναι
994 882 1221 926 νομοθεσίαν
1237 883 1276 915 15
1291 892 1369 915 mus
1396 885 1561 925 oportere
1593 882 1851 933 legislationem
1874 881 2056 926 imponere
2081 880 2247 916 omnibus
2272 890 2374 914 sanc-

136 931 322 967 ἐπιθεῖναι
356 932 445 965 πᾶσι
478 934 551 964 τοῖς
582 931 660 964 τῶν
690 940 905 975 αγιωτατων
937 925 1137 970 ἐκκλησιῶν
1161 929 1220 960 καὶ

135 976 309 1018 ξενώνων
339 979 398 1009 καὶ
430 978 675 1019 νοσοκομείων
705 975 765 1006 καὶ
799 976 992 1015 πτωχείων
1020 975 1080 1006 καὶ
1111 985 1221 1016 μονα-

135 1025 295 1069 στηρίων
323 1024 382 1055 καὶ
417 1022 711 1068 βρεφοτροφείων
735 1021 793 1052 καὶ
820 1021 1129 1065 γεροντοκομείων
1160 1020 1220 1051 καὶ

135 1067 269 1103 παντὸς
301 1066 479 1113 ἱερατικοῦ
510 1062 733 1109 συστήματος
765 1062 971 1118 πράγμασι,
1000 1066 1060 1097 καὶ
1089 1065 1220 1097 τοῦτον

1291 927 1509 962 tissimarum
1535 927 1766 962 ecclesiarum
1794 927 1862 973 <et>
1885 926 2189 962 xenodochiorum
2214 929 2249 960 et
2272 936 2379 960 noso-

1292 972 1487 1006 comiorum
1515 976 1549 1007 et
1574 973 1872 1008 monasteriorum
1897 977 1932 1007 et
1955 971 2320 1017 brephotrophiorum
2345 975 2380 1006 et

1291 1018 1638 1060 gerontocomiorum
1665 1022 1699 1052 et
1727 1019 1838 1053 totius
1865 1019 1998 1053 sacrati
2023 1017 2161 1062 collegii
2184 1018 2310 1059 rebus,
2346 1020 2381 1051 et

1290 1064 1384 1097 hanc
1408 1063 1520 1106 legem
1545 1063 1677 1098 Leonis
1709 1064 1790 1108 piae
1814 1064 2005 1099 memoriae
2031 1063 2280 1099 constitutioni
2304 1062 2379 1099 adi.-

133 1113 198 1147 τὸν
223 1111 335 1157 νόμον
359 1113 403 1158 τῇ
426 1113 583 1144 Λέοντος
613 1111 676 1144 τοῦ
706 1111 767 1152 τῆς
791 1111 957 1153 ευσεβοῦς
981 1108 1112 1152 λήξεως
1145 1107 1276 1142 δια-20
1293 1119 1389 1150 cere,
1432 1108 1532 1152 prius
1570 1108 1645 1143 eius
1682 1109 1836 1144 breviter
1870 1109 2128 1153 legislationem
2163 1111 2379 1154 exponentes

133 1159 233 1199 τάξει
255 1157 476 1205 προςθεῖναι,
500 1154 674 1204 πρότερον
696 1153 802 1198 αὐτῆς
822 1156 862 1187 ἐν
880 1158 1009 1200 βραχεῖ
1025 1154 1092 1198 τὴν
1116 1167 1219 1199 νομο-

137 1206 268 1237 θεσίαν
292 1202 519 1245 ἐκτιθεζιιενοι
551 1197 645 1234 οὕτω
678 1214 717 1234 τε
748 1197 850 1234 ἅπαν
880 1200 923 1234 τὸ
956 1199 1085 1234 λοιπὸν
1118 1212 1219 1248 προς-

135 1252 356 1295 υφαίνοντες.
405 1245 580 1280 Βούλεται
604 1245 671 1293 γὰρ
696 1247 811 1288 ἐκείνη
841 1245 930 1290 μήτε
962 1246 1028 1279 τὸν
1054 1245 1219 1291 θεοφιλέ-

133 1306 268 1328 στατον
288 1290 569 1339 ἄρχιεπίσκοπον
591 1295 652 1345 καὶς
676 1289 903 1337 πατριάρχην
926 1292 987 1334 τῆς
1010 1289 1221 1334 εὐδαίμονος

1291 1154 1414 1198 sicque
1444 1164 1564 1195 omne,
1598 1154 1692 1198 quod
1724 1155 1899 1199 reliquum
1932 1158 2002 1198 est,
2033 1155 2244 1190 intexentes.
2293 1154 2381 1189 Vult

1291 1199 1384 1234 enim
1420 1198 1481 1233 illa
1517 1209 1632 1242 neque
1669 1199 1734 1234 deo
1772 1200 1960 1235 amabilem
1996 1200 2308 1245 archiepiscopum
2344 1201 2381 1234 et

1291 1245 1535 1290 patriarcham
1569 1244 1674 1279 huius
1699 1245 1927 1280 felicissimae
1953 1246 2106 1280 civitatis
2140 1256 2203 1281 seu
2228 1245 2379 1280 sanctis-

1291 1291 1401 1325 simae
1434 1290 1577 1325 maioris
1610 1290 1783 1325 ecclesiae
1816 1301 1931 1336 neque
1964 1301 2196 1326 oeconomum
2228 1291 2381 1326 vendere

132 1338 263 1381 ταύτης
285 1336 423 1372 πόλεως
446 1337 525 1380 ἢτοι
547 1338 609 1380 τῆς
633 1339 833 1383 αγιωτάτης
855 1336 1008 1383 μεγάλης
1037 1336 1221 1380 ἐκκλησίας
1234 1339 1275 1370 25
1291 1340 1354 1371 aut
1379 1336 1512 1371 donare
1538 1339 1601 1370 aut
1626 1336 1730 1370 aliter
1754 1336 1910 1371 alienare
1943 1347 2016 1371 rem
2051 1337 2283 1378 immobilem,
2318 1337 2380 1370 do-

130 1383 219 1428 μήτε
247 1381 436 1427 οἰκονόμον
460 1381 680 1430 πιπράσκειν
703 1380 725 1426 ἢ
750 1381 955 1428 δωρεῖσθαι
978 1380 1000 1425 ἢ
1029 1381 1143 1416 ἄλλως
1168 1384 1219 1416 ἐκ-
1290 1393 1386 1416 mum
1410 1382 1534 1416 forsan
1566 1383 1630 1415 aut
1662 1392 1786 1426 agrum
1819 1385 1882 1416 aut
1913 1383 2077 1417 colonum
2110 1386 2172 1417 aut
2203 1382 2382 1426 mancipia

132 1431 249 1464 ποιεῖν
283 1430 431 1475 πρᾶγμα
466 1427 647 1471 ἀκίνητον,
684 1429 803 1462 οἰκίαν
840 1427 948 1470 τυχὸν
983 1425 1005 1471 ἣ
1040 1426 1162 1475 ἀγρόν,
1197 1427 1220 1471 ἢ
1289 1428 1427 1463 rustica
1452 1431 1515 1461 aut
1540 1427 1659 1462 civiles
1684 1438 1846 1462 annonas
1880 1430 1976 1469 (nam
2008 1432 2043 1462 et
2075 1428 2164 1462 haec
2198 1428 2292 1462 inter
2316 1429 2380 1461 im-

129 1474 290 1522 γεωργὸν
314 1474 336 1517 ἢ
359 1471 572 1518 ἀνδράποδα
602 1472 785 1521 ἀγροικικὰ
814 1471 835 1517 ἢ
859 1472 1044 1508 πολιτικὰς
1065 1471 1220 1516 σιτήσεις
1290 1474 1435 1508 mobilia
1460 1473 1680 1508 numeranda
1705 1476 1819 1516 sunt),
1853 1484 1943 1518 quae
1968 1477 2176 1518 competunt
2203 1473 2378 1508 Constan-

131 1523 203 1563 (καὶ
235 1519 302 1566 γὰρ
334 1523 393 1553 καὶ
426 1517 559 1554 ταύτας
595 1521 634 1552 ἐν
665 1522 737 1553 τοῖς
773 1516 951 1563 ἀκινήτοις
983 1516 1219 1565 ἀριθμητεόν,
1290 1519 1547 1563 tinopolitanae
1579 1518 1828 1553 sanctissimae
1852 1519 1978 1554 maiori
2011 1519 2201 1561 ecclesiae,
2233 1518 2295 1554 sed
2319 1529 2380 1553 ne-

132 1564 371 1608 ποοςηκούσας
382 1565 428 1612 τῇ
446 1565 538 1599 κατὰ
549 1563 941 1599 Κωνσταντινούπολιν
959 1561 1143 1611 ἁγιωτάτῃ
1160 1578 1219 1609 με·
1234 1567 1276 1599 30
1290 1575 1358 1609 que
1378 1575 1443 1609 pro
1465 1564 1540 1599 nlla
1561 1565 1851 1609 compensatione
1872 1568 1937 1600 aut
1959 1564 2030 1599 alia
2049 1565 2208 1609 qualibet
2231 1565 2381 1599 circum-

130 1599 220 1658 γάλῃ
246 1609 437 1654 ἐκκλησίᾳ),
462 1608 550 1644 ἀλλὰ
573 1608 661 1655 μηδ’
687 1608 746 1644 ἐπ’
770 1607 964 1656 ἀντιδώρῳ
985 1607 1005 1653 ἢ
1029 1609 1126 1653 ἄλλῳ
1148 1613 1222 1644 τινὶ
1291 1611 1457 1645 ventione
1492 1610 1565 1645 tale
1596 1610 1730 1654 aliquid
1762 1610 1830 1655 agi.
1879 1611 1928 1644 Et
1957 1611 2207 1645 interminatur
2231 1610 2383 1654 emptori

132 1657 300 1702 σοφισμῷ
332 1655 476 1690 τοιοῦτό
508 1668 544 1690 τι
568 1654 753 1703 πράττειν.
808 1658 868 1689 καὶ
901 1655 1042 1689 ἀπειλεῖ
1071 1657 1124 1699 τῷ
1155 1657 1222 1700 μὲν
1291 1656 1433 1700 quidem
1469 1656 1522 1690 rei
1558 1655 1837 1696 restitutionem,
1876 1658 1918 1690 ut
1953 1656 2081 1691 reddat
2121 1667 2185 1700 per
2222 1659 2383 1699 tempora

132 1704 324 1746 ἐωνημένῳ
356 1701 424 1744 τὴν
447 1702 510 1735 τοῦ
535 1701 742 1749 πράγματος
772 1697 956 1742 ἀνάδοσιν,
990 1698 1078 1735 dim
1109 1698 1222 1735 αὐτὸν
1291 1712 1486 1736 oeconomo
1519 1711 1638 1736 rerum
1675 1702 1924 1736 sanctissimae
1963 1702 2136 1737 ecclesiae
2172 1712 2245 1736 rem
2277 1711 2383 1746 quam

129 1745 344 1781 ἀναδιδόναι
365 1748 418 1791 τῷ
437 1745 528 1781 κατὰ
549 1746 677 1794 καιρὸν
696 1747 943 1791 οἰκονομοῦντι
963 1746 1008 1780 τὰ
1025 1745 1221 1793 πράγματα
1290 1747 1367 1791 ipse
1400 1747 1560 1792 percepit
1600 1758 1679 1782 cum
1712 1747 1806 1782 omni
1843 1747 1950 1783 medii
1986 1747 2156 1792 temporis
2193 1748 2315 1782 fructu
2347 1750 2383 1781 et

130 1794 191 1836 τῆς
214 1789 413 1839 ἁγιωτάτης
438 1791 591 1839 μεγάλης
621 1791 807 1835 ἐκκλησίας
838 1791 879 1826 τὸ
910 1789 999 1837 παρ’
1028 1792 1138 1826 αὐτοῦ
1163 1791 1219 1834 λη·
1234 1795 1275 1826 35
1291 1793 1370 1827 aliis
1396 1793 1522 1835 lucris,
1557 1802 1645 1827 casu
1676 1793 1882 1827 imminente
1911 1793 2108 1838 pretiorum
2139 1793 2189 1834 ei,
2221 1793 2282 1837 qui
2311 1793 2383 1827 tale

132 1838 232 1884 φθὲν
250 1838 399 1884 πρᾶγμα
416 1837 506 1882 μετὰ
524 1837 661 1872 παντὸς
681 1839 744 1871 τοῦ
767 1837 859 1872 κατὰ
877 1839 942 1872 τὸν
959 1840 1071 1882 μέσον
1090 1836 1222 1884 χρόνον
1291 1838 1425 1883 aliquid
1451 1839 1616 1882 accipere
1641 1842 1704 1873 aut
1733 1849 1943 1883 comparare
1965 1839 2264 1884 praesumpserit,
2302 1849 2383 1873 cum

130 1884 270 1932 καρποῦ
294 1887 353 1917 καὶ
376 1885 454 1917 τῶν
474 1881 596 1917 ἄλλων
616 1881 767 1930 κερδῶν,
800 1882 1015 1918 ἐκπτώσεως
1043 1885 1218 1928 ἐπικειμέ-
1291 1884 1397 1919 etiam
1433 1884 1503 1919 hoc
1537 1883 1633 1928 quod
1666 1886 1793 1919 contra
1824 1884 1920 1928 leges
1951 1889 2071 1920 actum
2109 1887 2164 1919 est
2193 1884 2245 1919 ita
2274 1887 2383 1929 ponat

132 1941 194 1972 νης
217 1930 295 1963 τῶν
317 1927 530 1973 τιμημάτων
555 1930 610 1972 τῷ
628 1928 771 1963 τοιοῦτό
792 1942 828 1964 τι
853 1926 1054 1974 λαμβάνειν
1074 1926 1095 1972 ἢ
1118 1926 1217 1963 ὠνεῖ·
1289 1940 1332 1964 ac
1370 1929 1401 1964 si
1438 1940 1553 1974 neque
1590 1940 1612 1963 a
1648 1930 1825 1974 principio
1861 1933 1999 1974 gestum
2037 1931 2092 1965 sit.
2143 1930 2382 1965 Oeconomum

132 1975 225 2009 σθαι
249 1974 462 2020 θαροοῦντι,
488 1971 583 2008 διότι
606 1973 648 2008 τὸ
671 1973 770 2020 παρὰ
793 1973 875 2009 τοὺς
894 1973 1024 2018 νόμους
1047 1975 1219 2023 πραχθὲν
1288 1986 1371 2010 vero
1397 1976 1486 2010 haec
1510 1975 1818 2020 praevaricantem
1840 1976 1926 2011 (lare
1951 1976 2092 2022 quidem
2117 1975 2161 2010 de
2186 1986 2250 2011 SUO
2277 1985 2381 2010 sanc-

132 2022 172 2053 ἐν
194 2020 262 2063 ἴσῳ
286 2006 416 2062 τίθησι
439 2020 492 2064 τῷ
513 2018 605 2065 μηδὲ
626 2018 694 2063 τὴν
717 2019 828 2066 ἀρχὴν
848 2023 1043 2067 γενομένῳ.
1091 2019 1156 2054 τὸν
1181 2019 1220 2054 δὲ
1232 2024 1274 2056 40
1289 2021 1448 2056 tissimae
1473 2021 1647 2056 ecclesiae
1670 2021 1771 2056 iubet
1802 2032 1906 2057 omne
1937 2022 2105 2068 quicquid
2139 2031 2182 2056 ex
2207 2031 2249 2055 ea
2274 2031 2383 2056 causa

132 2065 322 2110 οἰκονόμον
343 2065 410 2100 τὸν
435 2067 551 2100 ταῦτα
575 2062 789 2111 ὑπερβάντα
813 2064 958 2100 διδόναι
982 2067 1049 2110 μὲν
1074 2065 1223 2099 οἴκοθεν

131 2111 176 2157 τῇ
202 2107 386 2158 ἁγιωτάτῃ
416 2109 549 2158 μεγάλῃ
580 2111 749 2155 ἐκκλησίᾳ
782 2109 915 2146 κελεύει
948 2112 1025 2146 πᾶν
1055 2108 1145 2157 ὅπερ
1177 2110 1223 2145 ἄν

125 2203 215 2282 piae
237 2203 349 2237 sortis
372 2203 485 2249 leqem
508 2203 670 2248 aliquam
693 2203 738 2238 de
766 2204 942 2238 eiusmodi
966 2204 1074 2238 rebus
1101 2205 1251 2250 scripsit
1274 2216 1391 2250 neque
1419 2206 1544 2251 priori
1566 2206 1718 2241 similem
1740 2212 1775 2241 et
1799 2206 1946 2240 omnino
1969 2206 2233 2251 imperfectam.
2281 2204 2382 2247 Quae

146 2248 215 2283 icet
248 2247 356 2283 etiam
380 2247 429 2283 ad
452 2248 534 2283 loca
556 2248 657 2294 foris
679 2249 751 2283 sita
774 2248 970 2291 redundet,
992 2248 1229 2283 nihilominus
1254 2253 1373 2284 tamen
1396 2250 1615 2296 imperfecta
1634 2251 1785 2293 mansit,
1819 2261 1899 2285 cum
1919 2250 1969 2285 ad
1995 2250 2114 2285 solum
2136 2249 2381 2285 sacerdotium

134 2304 309 2328 summum
338 2297 374 2328 et
396 2293 578 2328 dioecesin
601 2293 665 2328 sub
691 2292 896 2328 beatissimo
917 2294 1140 2340 patriarcha
1162 2293 1270 2329 huius
1291 2295 1416 2340 reqiae
1440 2300 1476 2330 et
1493 2296 1617 2341 felicis
1638 2296 1739 2330 urbis
1759 2297 1921 2342 positam
1946 2296 2139 2342 respiciat,
2164 2296 2208 2331 de
2231 2296 2381 2341 reliquis

132 2343 252 2374 autem
271 2338 416 2373 sedibus
438 2338 602 2373 omnibus
624 2349 698 2373 non
720 2338 869 2373 laboret.
919 2337 1145 2385 Quamquam
1164 2339 1198 2373 si
1222 2339 1366 2384 quidem
1390 2339 1485 2375 hanc
1506 2352 1583 2376 rem
1601 2342 1826 2376 correctione
1852 2341 2001 2386 diqnam
2018 2341 2188 2387 putabat,
2210 2342 2312 2386 quali
2336 2342 2381 2377 de

133 2393 245 2418 causa
265 2383 340 2417 alia
361 2383 583 2424 emendabat,
608 2383 683 2417 alia
702 2383 944 2429 incomposita
964 2383 1219 2429 relinquebat?
1260 2383 1392 2430 Itaque
1408 2389 1449 2420 ut
1467 2385 1533 2420 illa
1553 2386 1592 2420 in
1613 2391 1798 2432 posterum
1811 2390 1925 2421 cesset
1935 2388 2130 2428 sancimus,
2180 2398 2248 2421 uae
2263 2391 2299 2422 et
2318 2387 2380 2421 im-

132 2428 302 2474 perfecta
320 2431 356 2462 et
376 2428 456 2462 loco
480 2428 765 2473 circumscripta,
788 2439 853 2462 nec
873 2439 958 2463 vero
983 2429 1167 2475 penetralis
1188 2429 1251 2465 lea·
1274 2430 1324 2464 sit
1346 2441 1462 2475 neque
1485 2431 1680 2476 quicquam
1698 2432 1850 2477 qravius
1871 2431 2091 2467 introducat.
2180 2442 2243 2466 aec
2266 2432 2380 2478 iqitur

135 2473 255 2507 omnia
269 2473 492 2519 corriqentes
504 2483 614 2507 unam
627 2473 890 2519 leqislationem
907 2473 1072 2508 omnibus
1087 2474 1195 2509 rebus
1212 2475 1524 2510 sanctissimarum
1541 2476 1775 2511 ecclesiarum
1788 2481 1823 2511 et
1842 2476 2157 2512 xenodochiorum
2175 2481 2211 2512 et
2226 2486 2378 2512 nosoco-

134 2518 285 2552 miorum
317 2522 352 2553 et
376 2517 613 2564 ptochiorum
643 2523 679 2553 et
701 2519 1005 2553 monasteriorum
1028 2523 1064 2554 et
1087 2519 1457 2566 brephotrophiorum
1478 2525 1514 2557 et
1532 2522 1908 2567 qerontocomiorum,
1937 2525 1975 2557 et
1998 2522 2114 2557 omnis
2136 2522 2236 2557 sacri
2256 2526 2379 2558 coetus

134 2562 373 2598 adhibendam
403 2563 612 2609 putavimus
643 2567 683 2598 at
709 2574 753 2599 ue
784 2563 879 2598 hanc
905 2564 1019 2610 leqem
1047 2565 1301 2600 constitutioni
1324 2565 1459 2600 Leonis
1482 2567 1571 2612 piae
1602 2568 1713 2602 sortis
1734 2567 1960 2602 adiciendam
1967 2580 1982 2609 ;
2013 2568 2066 2602 ita
2090 2571 2131 2602 ut
2147 2568 2257 2613 prius
2280 2568 2379 2603 illius

135 2608 406 2643 constitutionis
436 2612 650 2654 arqumento
698 2609 830 2644 reviter
854 2610 1026 2656 exposito
1062 2621 1166 2645 omne
1195 2610 1253 2653 id,
1286 2611 1387 2656 quod
1417 2611 1596 2657 reliquum
1627 2616 1699 2655 est,
1731 2616 1949 2648 attexamus.
2007 2612 2092 2648 Vult
2114 2614 2207 2648 enim
2230 2613 2296 2648 illa
2319 2625 2378 2649 ne-

133 2665 203 2700 que
234 2653 300 2688 deo
332 2653 557 2688 carissimum
590 2653 905 2735 archiepiscplpum
934 2659 970 2690 et
990 2655 1249 2702 patriarcham
1273 2656 1381 2691 huius
1401 2657 1525 2702 felicis
1547 2658 1648 2693 urbis
1670 2658 1728 2694 vel
1755 2658 2005 2694 sanctissimae
2025 2669 2180 2704 maqnae
2208 2658 2379 2694 ecclesiae

133 2710 177 2734 ne
203 2710 247 2734 ue
277 2709 511 2734 oeconomum
534 2699 688 2735 vendere
711 2703 775 2735 aut
824 2711 938 2736 onare
961 2704 1028 2735 aut
1054 2701 1129 2736 alio
1161 2701 1267 2736 modo
1291 2702 1455 2738 alienare
1483 2714 1559 2739 rem
1591 2703 1826 2746 immobilem,
1859 2703 2004 2739 domum
2032 2704 2136 2749 forte
2166 2704 2223 2739 vel
2249 2716 2378 2751 aqrum

133 2755 174 2779 ve
218 2744 386 2779 colonum
414 2744 472 2780 vel
503 2745 687 2791 mancipia
715 2746 854 2782 rustica
885 2746 941 2782 vel
972 2757 1140 2782 annonas
1171 2747 1292 2782 civiles
1324 2748 1466 2790 (etenim
1494 2748 1562 2784 hae
1598 2760 1742 2795 quoque
1776 2749 1815 2784 in
1850 2749 1957 2784 rebus
1988 2749 2228 2785 immobilibus
2258 2761 2377 2785 nume-

134 2789 273 2825 randae
294 2794 397 2832 sunt,
420 2790 452 2824 si
457 2791 657 2870 lpertinent
678 2791 729 2825 ad
753 2790 992 2827 Constantino
1023 2792 1200 2827 olitanam
1221 2793 1486 2828 sanctissimam
1512 2806 1682 2841 maqnam
1706 2794 1919 2837 ecclesiam),
1945 2806 2010 2830 nec
2033 2796 2151 2842 maqis
2170 2807 2376 2831 remunera-

135 2835 244 2870 tionis
260 2835 402 2887 nomine
415 2846 455 2871 ve
485 2846 534 2871 ex
551 2836 625 2871 alio
643 2847 714 2882 quo
735 2841 934 2872 commento
951 2842 987 2872 ta
1003 2849 1022 2873 e
1039 2837 1129 2890 quid
1144 2839 1282 2883 facere.
1318 2840 1437 2885 Atque
1455 2840 1611 2886 emptori
1628 2840 1771 2892 quidem
1790 2841 1844 2876 rei
1862 2841 2126 2876 restitutionem
2145 2841 2316 2883 minatur,
2338 2847 2378 2876 ut

133 2892 242 2926 quam
265 2885 406 2933 accepit
424 2892 499 2917 rem
521 2892 601 2916 cum
625 2882 721 2917 omni
740 2883 869 2934 fructu
895 2887 1068 2935 temporis
1083 2884 1332 2919 interiacentis
1353 2890 1389 2919 et
1407 2896 1487 2920 cum
1510 2886 1662 2931 reliquis
1682 2886 1795 2921 lucris
1808 2886 1978 2921 restituat
1991 2887 2036 2929 ci,
2061 2886 2126 2932 qui
2148 2898 2190 2921 eo
2218 2891 2377 2933 tempore

134 2937 192 2961 res
204 2930 453 2962 sanctissimae
468 2937 624 2973 maqnae
643 2927 816 2963 ecclesiae
837 2927 1078 2971 administrat,
1101 2929 1297 2965 amissione
1346 2930 1429 2965 retii
1448 2931 1654 2967 imminente
1670 2932 1714 2974 ei,
1736 2932 1799 2977 qui
1819 2932 1891 2967 tale
1907 2932 1996 2978 quid
2011 2932 2092 2966 acci
2119 2943 2178 2967 ere
2195 2933 2250 2968 vel
2261 2943 2377 2967 emere

134 2982 245 3006 ausus
258 2971 317 3015 sit,
332 2972 504 3023 quoniam
524 2972 624 3018 quod
639 2976 769 3008 contra
790 2973 886 3019 leqes
896 2978 1037 3025 qestum
1050 2978 1114 3017 est,
1134 2975 1288 3020 perinde
1302 2940 1409 3011 lihbet
1426 2975 1488 3012 leoe
1501 2988 1546 3012 ac
1557 2977 1590 3011 si
1601 2978 1777 3023 protinus
1790 2988 1835 3012 ne
1849 2978 1992 3022 factum
2005 2977 2068 3022 qui
2094 2989 2147 3013 em
2167 2978 2224 3013 sit.
2265 2976 2374 3013 Oeco-

135 3027 279 3051 nomum
296 3027 394 3058 vera,
443 3028 478 3052 ui
501 3016 590 3052 haec
610 3022 861 3069 transqressus
876 3023 935 3061 stt,
953 3019 997 3054 de
1016 3020 1093 3055 suis
1112 3020 1216 3055 bonis
1236 3021 1486 3057 sanctissimae
1501 3034 1656 3068 maqnae
1673 3022 1844 3057 ecclesiae
1864 3034 1967 3058 omne
1988 3023 2037 3065 id,
2058 3023 2308 3069 quodcumque
2327 3035 2376 3058 ex

134 3062 257 3097 eadem
277 3072 388 3097 causa
427 3066 575 3097 ucratus
596 3067 646 3098 stt
668 3066 722 3098 vet
746 3074 819 3109 quo
840 3064 1090 3100 sanctissimae
1113 3066 1286 3101 ecclesiae
1314 3066 1483 3102 damnum
1507 3067 1683 3110 intulerit,
1707 3067 1858 3103 reddere
1887 3067 2007 3110 iubet;
2038 3073 2232 3114 praeterea
2256 3072 2374 3103 autem

180 3155 199 3186 2
225 3149 344 3196 νόμος]
373 3155 449 3187 Cod.
467 3157 495 3194 1,
511 3162 538 3193 2,
552 3162 583 3188 17
600 3153 612 3198 ΙΙ
631 3153 726 3196 οὔτε]
751 3152 856 3197 οὗχΑ
880 3156 892 3198 ΙΙ
918 3158 936 3189 3
962 3160 1145 3190 παντοίως
1166 3161 1218 3199 τε]

135 3194 223 3231 ἀλλὰ
237 3201 419 3231 παντοίως
433 3195 524 3231 ὦνΑ
544 3198 556 3243 ΙΙ
573 3202 589 3232 5
605 3201 664 3231 καὶ
676 3200 744 3242 τὴν
757 3198 996 3243 διοίκησινοιη.
1006 3203 1036 3235 Α
1050 3201 1062 3245 ΙΙ
1075 3205 1094 3235 9
1108 3206 1219 3236 ποίαν

135 3245 199 3284 Ag]
219 3246 309 3286 μίαν
327 3243 374 3276 Μ
382 3244 394 3286 ΙΙ
414 3247 450 3277 11
474 3243 667 3278 πεπᾶσθαι
682 3247 729 3279 M
740 3245 751 3290 ΙΙ
771 3247 811 3280 13
825 3244 926 3287 ὄντα]
943 3243 1151 3290 ὑπάρχοντα
1164 3250 1195 3281 A

141 3292 179 3323 14
200 3281 266 3322 οὖν
284 3302 341 3322 om.
355 3290 386 3321 A
402 3289 414 3332 ss
436 3291 473 3322 17
490 3291 549 3321 καὶ
562 3293 754 3331 πτωχείων
768 3305 825 3323 om.
841 3303 860 3327 ς
877 3291 889 3335 1}
910 3294 948 3325 19
972 3291 1197 3338 πράγματιΑ

136 3336 174 3367 21
204 3335 244 3366 ἐν
255 3336 383 3380 βραχεῖ
394 3347 452 3368 om.
466 3335 496 3367 A
516 3335 527 3377 Η
544 3336 586 3387 22
610 3333 706 3368 οὕτω
725 3338 776 3377 τε]
799 3338 857 3368 καὶ
870 3333 984 3371 οὕτως
997 3339 1028 3371 Α
1044 3338 1056 3382 ΙΙ
1076 3338 1218 3383 ἐξυφαί-

135 3382 301 3413 νοντεςΑ
320 3380 331 3423 ΙΙ
348 3382 389 3413 25
411 3377 502 3422 ἤτοι]
526 3381 658 3422 μητεΑ
676 3379 688 3425 ΙΙ
705 3383 747 3416 26
771 3379 861 3424 μήτε
881 3395 939 3416 om.
960 3386 990 3416 A
1006 3383 1018 3426 ΙΙ
1038 3386 1077 3417 27
1101 3381 1123 3426 ἢ
1143 3392 1220 3427 post

135 3421 245 3471 ἀγρόν
264 3426 366 3458 om.A
387 3425 398 3466 ss
425 3427 466 3459 29
491 3427 550 3458 καὶ
574 3423 641 3471 γὰρ
661 3438 690 3466 ς,
717 3427 964 3471 Spanqenberq]
991 3430 1099 3462 hiatus
1121 3432 1140 3464 8
1159 3431 1217 3463 litt.

138 3473 169 3504 in
194 3471 239 3503 M
249 3469 261 3515 ss
280 3473 340 3503 καὶ
358 3470 427 3517 γὰρ
451 3490 495 3495 -
516 3468 751 3515 ἀριθμητέον]
773 3467 957 3513 ἀκινήτους
980 3475 1010 3506 A
1027 3473 1039 3514 [1
1059 3477 1096 3508 31
1128 3472 1218 3517 μηδὲ·

137 3511 197 3549 ἐπ’
223 3512 438 3562 ἀντιαδώρω
460 3517 507 3549 M
551 3513 612 3556 ηδὲ
631 3519 744 3549 παντὶ
770 3514 877 3563 διόρω
901 3519 932 3551 Α
956 3517 968 3562 ΙΙ
999 3521 1040 3553 33
1076 3516 1216 3561 ὠνησα-

135 3563 234 3604 μένω
258 3562 290 3594 Α
319 3560 331 3605 ΙΙ
359 3564 401 3595 34
433 3557 505 3595 ἀπο
531 3558 650 3594 ιδόναι
674 3563 705 3594 Α
736 3561 747 3605 ΙΙ
776 3564 817 3596 35
843 3560 1044 3609 ἁγιωτάτης
1065 3562 1217 3611 μεγάλης

137 3619 195 3640 οηι.
220 3607 262 3643 A,
286 3603 439 3652 μεγάλης
462 3620 519 3641 om.
546 3618 565 3643 ς
590 3607 602 3649 ΙΙ
634 3609 676 3641 36
700 3607 848 3652 πρᾶγμα
872 3622 930 3641 om.
955 3609 987 3642 A
1014 3610 1026 3652 ΙΙ
1056 3612 1099 3643 40
1126 3608 1217 3653 μηδὲ

138 3649 235 3694 παρὰ
251 3650 318 3693 τὴν
330 3648 480 3698 ἀρχὴνΑ
499 3652 510 3695 ss
527 3654 624 3694 40sq.
640 3650 830 3705 οἰκονόμον
840 3649 879 3686 δὲ
895 3651 959 3686 τὸν
971 3654 1087 3687 ταῦτα
1100 3666 1214 3702 παρα-

1333 3162 1353 3192 4
1379 3160 1485 3191 solum
1510 3159 1551 3191 ad
1571 3159 1604 3191 V
1621 3159 1632 3201 ΙΙ
1649 3161 1668 3192 6
1694 3160 1785 3200 regia
1799 3160 1836 3192 V
1846 3160 1855 3179 ¹
1872 3159 1883 3203 ΙΙ
1903 3161 2001 3193 aliter
2015 3162 2063 3193 13¹
2080 3163 2091 3203 Ιξ
2113 3165 2129 3194 7
2153 3164 2373 3203 perscrutatas

1287 3205 1378 3237 R¹V
1399 3203 1656 3247 perscruta'tans
1681 3204 1718 3237 V
1736 3210 1947 3246 perscrutans
1971 3206 2022 3239 R³
2051 3207 2061 3248 ΙΙ
2090 3208 2110 3239 8
2136 3207 2373 3238 correctionem

1288 3250 1336 3282 R¹
1355 3250 1366 3291 ΙΙ
1383 3250 1566 3282 arbitratur
1585 3249 1665 3291 1321!
1692 3251 1727 3282 11
1756 3260 1876 3282 uocare
1899 3251 1950 3283 Β*
1974 3261 2095 3283 nazcare
2121 3250 2158 3283 V
2164 3251 2175 3271 ¹
2199 3250 2211 3294 Η
2234 3252 2373 3284 facimus

1286 3295 1366 3338 12²ss
1387 3297 1425 3328 14
1451 3296 1541 3335 ergo]
1570 3294 1676 3335 igitur
1699 3294 1736 3327 V
1745 3294 1756 3338 ΙΙ
1781 3298 1819 3328 16
1846 3298 1878 3327 et
1903 3309 1961 3328 om.
1987 3295 2060 3328 RV
2058 3297 2090 3328 T
2109 3294 2122 3337 ΙΙ
2146 3298 2371 3330 nesochomio-

1287 3351 1360 3372 rum
1374 3340 1411 3373 V
1424 3339 1436 3382 ΙΙ
1455 3342 1492 3372 17
1522 3339 1861 3381 betrofotrophiorum
1885 3341 1920 3374 R
1944 3342 2262 3383 bephotrophiorum
2278 3342 2347 3376 VT
2361 3342 2373 3388 Η

1290 3387 1329 3419 18
1361 3384 1682 3426 gerontocomiorum
1703 3386 1737 3418 R
1765 3384 1778 3429 Η
1810 3387 1848 3419 19
1880 3386 2008 3418 adicere
2039 3387 2133 3428 prius
2162 3387 2233 3419 eius
2255 3387 2306 3420 13²
2337 3389 2370 3421 in

1286 3444 1351 3464 ras.
1378 3431 1463 3464 6—‘1
1491 3431 1549 3462 litt.
1579 3428 1591 3474 ΙΙ
1622 3432 1664 3464 20
1690 3430 1933 3471 legislationem
1956 3431 2180 3474 (legislatione
2203 3433 2241 3465 V
2247 3433 2271 3474 ¹)
2296 3433 2369 3466 bre-

1285 3476 1374 3508 uiter
1399 3475 1433 3508 V
1448 3473 1460 3518 ΙΙ
1477 3477 1518 3509 25
1540 3488 1588 3518 sq.
1615 3477 1679 3508 Pro
1703 3478 1762 3507 aut
1787 3476 1824 3509 V
1839 3478 1954 3518 ubique
1975 3480 1991 3507 5
2024 3478 2090 3517 (vel
2108 3480 2164 3518 an)
2187 3476 2201 3522 Π
2220 3480 2261 3511 27
2282 3479 2370 3512 inter

1286 3523 1335 3554 bis
1357 3534 1417 3554 scr.
1445 3520 1495 3552 R¹
1514 3521 1525 3561 ΙΙ
1543 3521 1584 3554 29
1617 3521 1752 3553 maioris
1775 3521 1824 3553 R¹
1844 3521 1855 3564 Η
1872 3524 1914 3554 30
1940 3523 2196 3564 conpensatione
2220 3526 2279 3556 aut
2302 3524 2369 3557 alia

1286 3568 1334 3598 bis
1357 3579 1420 3599 scr.
1445 3565 1494 3598 R¹
1516 3563 1531 3642 {l
1556 3568 1615 3597 aut
1637 3579 1694 3599 om.
1717 3566 1770 3598 V¹
1797 3566 1808 3609 ΙΙ
1825 3568 1864 3599 31
1893 3566 1952 3598 tali
1975 3567 2023 3599 V¹
2049 3567 2061 3610 ΙΙ
2087 3570 2129 3601 32
2154 3569 2368 3602 restitutione

1285 3610 1322 3643 V
1343 3612 1355 3654 11
1382 3613 1422 3644 33
1460 3620 1514 3642 ecc
1531 3611 1626 3652 esiae]
1657 3611 1792 3643 maioris
1823 3610 1977 3644 ecclesiae
2005 3613 2038 3645 T
2062 3613 2153 3655 (Gr.)
2184 3614 2196 3657 ΙΙ
2225 3616 2267 3648 34
2298 3615 2368 3657 ipse

1283 3667 1342 3688 om.
1367 3656 1416 3688 R¹
1440 3655 1452 3697 11
1478 3657 1519 3689 36
1555 3658 1625 3697 aut]
1650 3667 1692 3688 an
1718 3656 1775 3689 V¹
1804 3655 1815 3699 [1
1845 3658 2064 3700 praesumpsit
2083 3659 2175 3692 RV2
2197 3658 2210 3703 ΙΙ
2237 3661 2278 3694 37
2304 3661 2367 3692 hoc

137 3699 314 3746 βαίνοντα
340 3694 482 3730 διδόναι
503 3697 651 3730 οἴκοθεν
673 3710 715 3730 το
741 3694 892 3741 ἀζήμιον
913 3699 958 3741 τῆ
985 3695 1051 3744 ἁγ.,,
1077 3713 1134 3734 om.
1160 3713 1213 3733 κε·
1284 3713 1342 3733 om.
1366 3700 1403 3732 V
1430 3699 1441 3744 ΙΙ
1472 3700 1531 3741 ita]
1563 3714 1601 3731 u
1630 3702 1666 3734 V
1673 3702 1683 3721 ¹
1711 3701 1723 3745 ΙΙ
1749 3705 1876 3743 ponant
1900 3702 1938 3736 V
1958 3702 1970 3748 ΙΙ
2001 3705 2043 3737 38
2078 3714 2098 3735 a
2122 3712 2151 3738 et
2173 3708 2302 3746 gestum
2323 3706 2368 3738 sit

138 3739 228 3774 λευει
252 3742 325 3775 πᾶν
350 3762 391 3766 -
411 3738 499 3776 ἀλλὰ
524 3746 575 3785 50,
601 3752 616 3777 5
641 3744 671 3776 Α
695 3747 705 3784 Η
726 3746 766 3777 42
791 3742 924 3792 μεγάλῃ
952 3756 1008 3776 om.
1031 3746 1082 3782 Ας
1285 3759 1341 3778 om.
1364 3746 1412 3778 [ἐι
