2618 4010
126 167 319 199 Plsmmn
1210 148 1286 195 193
1952 150 2058 190 Nov.
2091 149 2234 193 XXIV
2266 149 2309 190 3:
2335 152 2357 188 4

125 265 299 301 τεύουσαν
322 264 426 307 τάξιν
457 264 755 299 κεκαλλωπίσθαι
789 265 843 307 τῷ
876 263 986 307 νόμῳ.
1036 263 1119 298 οὐδὲ
1141 265 1209 311 γαρ
1279 264 1382 299 fortis
1408 263 1455 298 sit
1479 266 1514 297 et
1538 265 1696 296 armatus
1723 261 1809 295 ordo
1836 262 1910 304 lege
1932 261 2129 310 decoretur.
2169 260 2249 294 Non
2267 261 2359 294 enim

126 314 181 346 ἔτι
205 308 329 345 στάσις
359 313 460 345 ἔσται
492 308 583 343 κατὰ
615 309 678 343 τὰς
702 307 822 343 πόλεις
855 307 983 355 ἀνδρὸς
1006 311 1208 355 ἐφεστῶτος
1280 309 1429 344 ulterius
1462 305 1736 351 indisciplinatio
1775 306 1842 339 erit
1878 316 1941 349 per
1978 306 2157 347 civitates,
2196 316 2274 339 cum
2308 305 2361 338 vir

126 354 290 392 τοιούτου
312 355 354 390 τὸ
381 354 518 396 λοιπόν,
546 352 582 388 ὃς
606 352 702 394 ἄξιος
726 352 811 397 ἡμῖν
837 355 1002 401 ἑκατέρας
1025 353 1130 399 ἀρχῆς
1154 368 1206 388 νε·
1276 354 1488 398 praesedeat
1513 352 1593 386 talis
1619 351 1662 385 de
1688 354 1818 392 cetero,
1845 351 1904 395 qui
1930 351 2055 394 dignus
2082 351 2183 386 nobis
2210 354 2360 394 utroque

126 399 306 445 νόμισται.
1281 399 1419 443 cingulo
1446 398 1616 433 videatur.

1131 512 1286 547 CAPUT
1312 512 1372 547 IV.

174 579 303 615 Πάντα
328 585 465 621 τοίνυν,
489 575 606 614 ὁπόσα
632 581 673 613 τὸ
701 578 874 623 δημόσιον
899 581 1067 627 ἐχορήγει,
1094 582 1209 613 ταῦτα
1235 584 1253 614 5
1326 579 1463 613 Cuncta
1495 578 1611 622 igitur,
1646 587 1737 622 quae
1769 576 1877 612 fiscus
1910 575 2147 618 ministrabat,
2186 577 2273 611 haec
2306 586 2360 610 se-

127 626 218 660 κατά
242 625 309 668 τὴν
333 623 628 669 ὑποτεταγμένην
652 623 867 671 ἀπογραφὴν
901 625 996 668 τῷδε
1028 627 1080 668 τῷ
1118 626 1209 667 θείῳ
1282 624 1435 658 cundum
1458 623 1657 658 subiectam
1677 621 1950 666 descriptionem
1971 621 2055 655 huic
2073 632 2198 656 sacrae
2219 624 2362 657 nostrae

129 671 231 716 ἡμῶν
253 669 354 714 νόμῳ
378 668 553 704 δίδοσθαι
573 671 627 713 τῷ
648 669 879 717 περιβλέπτῳ
900 670 1086 713 κελεύομεν
1106 674 1210 715 πραί-
1280 670 1348 712 legi
1380 669 1457 703 (lari
1490 667 1678 713 spectabili
1709 668 1872 702 iubemus
1906 667 2065 711 praetori
2100 669 2136 701 et
2171 668 2230 711 qui
2267 667 2363 701 circa

129 730 219 760 τωρι
250 719 308 749 καὶ
340 719 413 750 τοῖς
446 712 539 760 ἀμφ’
577 714 696 749 αὐτόν.
750 714 850 760 ᾡπερ
885 716 1119 759 προςκεῖσθαι
1152 717 1211 748 καὶ
1282 725 1361 748 eum
1394 718 1487 748 sunt.
1538 713 1601 748 Cui
1626 713 1849 758 praefulgere
1881 712 1974 746 sacri
2006 712 2118 746 nostri
2144 712 2362 755 cognominis

129 762 170 795 τὸ
200 763 261 804 τῆς
292 761 397 794 θείας
430 757 532 804 ἡμων
569 765 801 807 προςηγορίας
836 759 1047 803 βουλόμεθα
1080 758 1210 803 σι’·μβο-
1281 760 1442 794 volumus
1468 759 1616 802 signum,
1652 758 1767 802 sitque
1792 761 1937 801 praetor
1961 756 2180 791 Iustinianus
2211 757 2248 791 in
2273 756 2362 791 Pisi-

132 807 204 847 λον,
230 809 288 839 καὶ
313 808 410 840 ἔστω
442 809 609 851 πραίτωρ
639 803 889 838 Ἰουστινιανὸς
920 802 938 838 ὁ
963 803 1130 838 Πισιδίας
1161 818 1210 850 γι-
1229 808 1267 838 10
1282 804 1341 838 dia
1360 804 1478 838 factus
1500 804 1617 838 iudex.
1653 803 1898 847 Oboediatque
1918 803 2186 846 praetorianum
2208 802 2363 836 officium

130 849 278 896 νόμενος
301 850 433 897 ἅρχων.
476 852 704 884 Ὺπακουέτω
731 848 769 883 δὲ
792 846 812 891 ἦ
838 848 1089 895 πραιτωριανη
1112 849 1212 889 τάξις
1282 850 1325 891 ei,
1348 849 1483 883 factum
1504 850 1643 892 quidem
1665 858 1708 883 ex
1725 848 1952 892 probatoriis,
1975 848 2068 882 sicut
2086 848 2242 882 dicentes
2261 857 2363 892 prae-

131 895 241 939 αὐτῷ,
266 899 435 942 γινομένη
456 899 524 939 μὲν
544 899 583 929 ἐκ
605 896 871 941 προβατοριιῦν,
896 896 1067 940 καθάπερ
1092 894 1211 928 εἰπόν·
1283 894 1452 935 venimus,
1486 894 1647 928 similiter
1679 899 1797 928 autem
1831 897 1866 928 et
1898 893 2060 928 civilibus
2094 897 2129 926 et
2151 893 2364 927 militaribus

130 953 186 976 τες
209 943 387 987 ἔφθημεν,
419 939 550 984 ὁμοίως
575 939 614 974 δὲ
644 944 702 974 καὶ
726 943 799 974 τοῖς
831 938 1027 974 πολιτικοῖς
1057 943 1116 973 καὶ
1140 942 1212 973 τοῖς
1282 939 1484 973 hominibus
1515 943 1622 982 atque
1653 940 1759 974 rebus
1790 949 1930 973 vacans.
1979 939 2036 972 Ad
2061 939 2149 972 haec
2173 940 2280 972 etiam
2304 937 2364 971 fis-

130 990 404 1032 στρατιωτικοῖς
429 984 642 1033 ἀνθρώποις
672 999 711 1019 τε
743 988 802 1018 καὶ
833 983 1043 1030 πράγμασιν
1069 987 1211 1026 ἐνησχο-
1284 984 1411 1018 calium
1438 984 1576 1018 exactio
1608 984 1762 1018 iudicem
1794 985 1889 1018 hunc
1915 983 2143 1028 officiumque
2169 984 2366 1028 respiciunt

132 1030 273 1075 λημένη.
322 1035 394 1064 Καὶ
420 1030 508 1075 πρός
531 1045 570 1078 γε
594 1029 615 1074 η
639 1032 716 1065 τῶν
738 1028 923 1073 δημοσίων
946 1030 1123 1076 εἴςπραξις
1147 1029 1212 1062 τὸν
1231 1032 1267 1063 15
1283 1029 1370 1070 eius,
1392 1033 1428 1063 et
1447 1029 1566 1063 omnia
1592 1029 1740 1063 habebit
1758 1029 2075 1064 administrationis
2099 1029 2249 1073 insignia
2273 1039 2365 1073 quae

130 1077 286 1124 ἄρχοντα
311 1078 442 1110 τοῦτον
475 1075 540 1119 τήν
565 1090 603 1109 τε
628 1076 730 1115 τάξιν
755 1074 885 1119 ὄψεται
915 1075 982 1118 τὴν
1008 1076 1128 1115 αὐτοῦ,
1154 1077 1212 1107 καὶ
1283 1074 1456 1108 hactenus
1481 1075 1599 1115 habet,
1633 1075 1834 1108 vehiculum
1863 1085 1906 1109 ex
1931 1077 2078 1118 argento
2108 1078 2144 1108 et
2167 1074 2365 1118 proximam

132 1122 254 1158 πάντα
286 1122 356 1162 ἕξει
389 1121 433 1156 τὰ
465 1123 524 1164 τῆς
556 1119 661 1166 ἀρχῆς
691 1121 887 1166 παράσημα
912 1118 1032 1155 ὁπόσα
1064 1123 1122 1153 καὶ
1147 1122 1213 1153 νῦν
1283 1121 1319 1153 et
1342 1119 1478 1162 fasces;
1512 1119 1660 1153 habebit
1691 1130 1830 1163 quoque
1863 1130 1970 1164 super
2003 1119 2172 1154 militibus
2202 1122 2237 1154 et
2262 1119 2364 1154 adre-

131 1170 213 1210 ἔχει,
239 1165 370 1213 δίφρον
392 1180 431 1201 τε
457 1167 496 1207 ἐξ
519 1163 673 1213 ἀργύρου
698 1169 756 1198 καὶ
781 1164 932 1200 πέλεκυν
956 1169 1016 1198 καὶ
1042 1163 1210 1211 ῥάβδους·
1284 1175 1471 1208 sponsum:
1507 1174 1586 1198 cum
1611 1164 1734 1207 utique
1760 1176 1804 1198 ex
1828 1165 1897 1199 hoc
1920 1165 1999 1209 ipso
2033 1166 2065 1199 ei
2090 1165 2211 1199 demus
2236 1166 2273 1199 in
2298 1165 2367 1199 hac

133 1214 203 1253 ἕξει
227 1225 268 1247 τε
288 1214 347 1246 ἐπὶ
372 1215 444 1245 τοῖς
464 1212 705 1257 στρατιώταις
728 1214 787 1244 καὶ
812 1210 856 1245 ad
876 1220 1097 1254 responsum.
1141 1213 1213 1242 καί-
1283 1209 1467 1253 provincia
1491 1209 1641 1243 militum
1666 1210 1925 1253 praesulatum,
1960 1214 1999 1244 ut
2024 1220 2084 1244 eos
2118 1214 2153 1244 et
2177 1214 2368 1254 componat

132 1271 229 1304 τοιγε
266 1261 325 1291 καὶ
361 1256 522 1290 αὐτόθεν
558 1254 658 1299 αὐτῷ
697 1254 845 1300 δίδομεν
879 1255 947 1298 τὴν
983 1256 1060 1289 τῶν
1095 1257 1134 1288 ἐν
1168 1255 1212 1301 τῇ
1228 1258 1268 1289 20
1284 1259 1319 1289 et
1345 1254 1484 1289 ordinet
1518 1258 1554 1288 et
1578 1257 1748 1298 procuret
1771 1255 2076 1299 insequirquidem
2098 1255 2366 1297 latrocinantes,

132 1302 233 1348 χώρᾳ
256 1301 371 1348 ταύτῃ
396 1302 634 1348 στρατιωτῶν
652 1298 856 1347 ἡγεμονίαν,
882 1297 971 1335 ὥςτε
1004 1299 1130 1334 αὐτοὺς
1154 1304 1213 1333 και
1284 1303 1490 1334 mansuetos
1516 1303 1636 1334 autem
1659 1303 1695 1334 et
1715 1303 1833 1334 castos
1853 1300 2041 1334 collatores
2064 1301 2155 1334 inter
2176 1301 2367 1335 alterutros

133 1351 278 1392 κοσμεῖν
299 1351 357 1381 καὶ
381 1344 537 1388 τάττειν,
561 1349 621 1379 καὶ
641 1344 926 1393 παρασκευάζειν
947 1346 1127 1386 ἐπεξιέναι
1146 1347 1214 1389 μὲν
1283 1345 1377 1388 fieri,
1409 1347 1444 1379 et
1467 1354 1581 1388 neque
1615 1345 1775 1379 civitates
1806 1346 2019 1379 tumultuari
2049 1346 2231 1389 permittat
2254 1355 2368 1390 neque

132 1396 206 1427 τοῖς
226 1389 468 1438 λῃστεύουσιν,
493 1388 639 1437 ἡμέρους
664 1390 703 1425 δὲ
724 1394 783 1425 καὶ
807 1391 998 1437 σώφρονας
1021 1390 1102 1425 τοὺς
1126 1388 1213 1433 υπη-
1284 1390 1450 1425 vicaneos
1470 1390 1646 1425 resultare
1665 1392 1790 1424 contra
1807 1390 1944 1433 fiscum,
1967 1390 2099 1424 habeat
2121 1395 2241 1425 autem
2260 1400 2369 1435 super

133 1437 232 1472 κόους
263 1436 352 1483 πρὸς
381 1434 548 1480 ἀλλήλους
572 1434 777 1472 ἀποτελεῖν·
814 1441 874 1470 καὶ
898 1435 986 1481 μήτε
1009 1435 1072 1470 τὰς
1096 1434 1215 1470 πόλεις
1286 1445 1407 1470 omnes
1420 1437 1634 1479 potestatem
1650 1439 1799 1479 excepto
1815 1435 1958 1479 penitus
1973 1436 2081 1470 nullo.
2125 1436 2248 1480 Sitque
2261 1437 2369 1470 etiam

134 1482 400 1524 στασιάζεσθαι
424 1485 618 1528 συγχωρεῖν
642 1479 731 1527 μήτε
754 1481 836 1516 τοὺς
859 1481 1025 1526 κωμήτας
1044 1479 1214 1516 ἀπαυθα-
1229 1484 1269 1515 25
1286 1481 1373 1515 haec
1398 1481 1658 1515 administratio
1684 1480 1777 1515 inter
1797 1480 1931 1515 medias
1954 1481 2149 1515 constituta
2174 1485 2209 1515 et
2229 1481 2267 1515 in
2287 1491 2367 1525 spe-

134 1526 328 1570 διάζεσθαι
353 1526 441 1572 πρὸς
464 1525 506 1561 τὸ
533 1525 717 1572 δημόσιον,
742 1530 836 1570 ἔχειν
860 1541 899 1561 τε
924 1524 981 1573 ἐφ’
1010 1524 1124 1561 ἅπασι
1149 1526 1215 1569 τὴν
1288 1526 1469 1562 ctabilium
1487 1526 1642 1560 iudicum
1663 1536 1848 1560 numerum
1870 1526 2090 1570 conscripta:
2118 1530 2157 1560 ut
2179 1537 2367 1570 quaecum-

135 1574 300 1614 ἐξουσίαν
321 1573 535 1619 ἐξῃρημένον
560 1572 747 1608 παντελῶς
772 1570 926 1606 οὐδενός.
968 1573 1075 1606 Εἶναι
1098 1570 1137 1605 δὲ
1156 1574 1217 1605 καὶ
1311 1582 1355 1606 ue
1379 1571 1461 1606 olim
1486 1572 1626 1615 quidem
1650 1571 1688 1605 in
1714 1571 1873 1611 vicariis,
1908 1583 2002 1606 nunc
2033 1576 2150 1605 autem
2182 1572 2369 1606 comitibus

135 1616 272 1660 ταύτην
296 1617 362 1661 τὴν
386 1616 497 1663 ἀρχὴν
529 1620 568 1651 έν
591 1621 669 1652 ταῖς
699 1620 822 1662 μέσαις
847 1620 1070 1664 τεταγμένην
1093 1620 1152 1651 καὶ
1178 1619 1217 1650 ἐν
1307 1616 1496 1652 ustinianis
1529 1619 1565 1651 et
1588 1616 1806 1651 Pacatianae
1831 1617 2005 1661 Phrygiae
2042 1619 2078 1651 et
2100 1617 2236 1661 primae
2261 1617 2369 1651 Gala-

135 1665 187 1707 τῴ
209 1665 288 1697 τῶν
305 1663 561 1708 περιβλέπτων
580 1659 769 1708 ἀρχόντων
788 1661 938 1710 ἀριθμῷ
958 1666 1217 1710 γεγραμμένην,
1286 1662 1359 1697 tiae
1385 1666 1467 1697 sunt
1492 1665 1528 1696 et
1552 1662 1740 1706 spectabili
1764 1661 1893 1696 comite
1918 1662 2073 1697 Orientis
2105 1666 2141 1697 et
2165 1662 2368 1706 spectabili-

135 1706 223 1743 ὥςτε
254 1706 324 1742 ὅσα
353 1711 413 1742 ἐπὶ
444 1710 522 1742 τῶν
555 1709 665 1743 πάλαι
694 1710 761 1752 μὲν
786 1712 974 1754 βικαρίων,
1007 1710 1074 1742 νῦν
1099 1706 1139 1741 δὲ
1163 1720 1217 1740 κο·
1232 1710 1272 1742 30
1288 1708 1355 1742 bus
1390 1707 1685 1752 proconsulibus,
1724 1707 1813 1742 haec
1850 1707 1955 1741 etiam
1986 1707 2025 1741 in
2057 1707 2126 1742 isto
2161 1708 2369 1747 consistant,

135 1752 262 1798 μήτων
284 1749 553 1787 Ἰουστινιανιῦν
577 1755 637 1797 τῆς
661 1767 699 1787 τε
724 1756 954 1795 ΙΙακατιανῆς
980 1756 1135 1799 Φρυγίας
1160 1754 1219 1795 τῆς
1288 1757 1323 1787 et
1341 1753 1387 1788 sit
1409 1752 1613 1796 spectabilis
1634 1753 1751 1793 iudex,
1781 1754 1816 1787 et
1837 1753 2094 1796 appellationes
2123 1754 2167 1787 ab
2190 1763 2230 1788 eo
2252 1752 2370 1787 factae

135 1812 174 1832 τε
198 1797 344 1844 πρώτης
367 1798 547 1833 Γαλατίας
571 1801 648 1832 ἐστὶ
675 1802 735 1832 καὶ
761 1800 821 1833 τοῦ
847 1797 1087 1844 περιβλέπτου
1112 1796 1217 1842 κόμη·
1288 1798 1347 1833 hic
1371 1797 1595 1832 destinentur
1621 1802 1655 1831 et
1676 1798 1933 1839 examinentur,
1962 1798 2056 1832 sicut
2071 1798 2108 1831 in
2130 1798 2208 1833 aliis
2228 1802 2368 1842 specta-

135 1855 193 1878 τος
213 1840 360 1887 τῆςἜω
385 1847 444 1876 καὶ
466 1846 543 1878 τῶν
561 1843 816 1890 περιβλέπτων
835 1841 1077 1885 ἀνθυπάτων,
1101 1846 1218 1877 ταῦτα
1288 1843 1418 1878 bilibus
1444 1843 1631 1885 iudicibus,
1658 1847 1765 1886 atque
1785 1843 2062 1878 introducantur
2080 1843 2118 1877 in
2141 1843 2219 1878 foro
2240 1844 2369 1887 glorio-

137 1893 196 1922 καὶ
233 1886 294 1923 ἐπὶ
335 1886 433 1932 αὐτῷ
471 1889 709 1930 καθεστάναι,
746 1893 804 1922 καὶ
842 1890 935 1922 εἶναι
971 1887 1084 1922 αὐτὸν
1120 1892 1210 1934 περί
1289 1889 1510 1923 sissimorum
1535 1888 1808 1932 praefectorum,
1841 1888 1975 1932 pariter
2000 1888 2166 1923 audiente
2190 1889 2370 1932 negotium

137 1933 297 1978 βλεπτον
328 1934 502 1981 ἄρχοντα,
534 1938 593 1968 καὶ
624 1934 687 1968 τὰς
719 1937 853 1979 ἐφέσεις
884 1934 947 1968 τὰς
978 1931 1071 1979 παρ’
1107 1932 1218 1967 αὐτοῦ
1234 1937 1274 1968 35
1288 1938 1325 1969 et
1359 1933 1615 1978 gloriosissimo
1653 1937 1842 1978 quaestore
1877 1934 1972 1968 sacri
2002 1934 2117 1968 nostri
2147 1934 2291 1978 palatii:
2329 1944 2370 1967 eo

137 1982 326 2026 γινομένας
358 1980 525 2013 ἐνταῦθα
557 1978 776 2013 στέλλεσθαί
807 1993 846 2013 τε
877 1983 936 2013 καὶ
970 1978 1216 2021 ἐξετάζεσθαι,
1289 1980 1384 2024 quod
1417 1979 1612 2022 cingulum,
1645 1979 1731 2013 lieet
1754 1979 1887 2023 aliquid
1921 1978 2072 2013 militare
2096 1979 2277 2020 habuerit,
2310 1980 2371 2014 sed

139 2022 308 2071 καθάπερ
338 2026 397 2058 καὶ
422 2026 481 2059 ἐπὶ
509 2025 586 2059 τῶν
611 2023 730 2058 ἄλλων
762 2027 839 2058 τῶν
865 2023 1136 2069 σπεκταβιλίων
1159 2022 1218 2070 ἀρ·
1288 2028 1409 2059 tamen
1434 2026 1549 2058 totum
1574 2023 1619 2058 ad
1640 2023 1842 2068 legaliorem
1864 2026 2039 2059 mutatum
2059 2023 2209 2068 figuram
2230 2026 2372 2069 oportet

137 2067 291 2113 χόντων,
326 2068 535 2116 εἶςάγεσθαί
565 2083 605 2104 τε
639 2071 679 2103 ἐν
713 2071 767 2113 τῷ
799 2068 1018 2115 δικαστηρίῳ
1055 2071 1133 2103 τῶν
1165 2072 1217 2102 ἐν-

139 2114 346 2155 δοξοτάτων
379 2113 557 2161 ἐπάρχων,
588 2119 886 2162 συνακροωμένου
919 2117 979 2157 τῆς
1007 2114 1220 2149 ’ὑποθέσεως

138 2163 196 2193 καὶ
220 2160 283 2194 τοῦ
303 2157 537 2200 ἐνδοξοτάτου
561 2164 794 2205 κοιαίστωρος
818 2162 881 2194 τοῦ
901 2161 1006 2194 θείου
1026 2158 1129 2204 ἡμῶν
1151 2173 1218 2194 πα·
1232 2162 1274 2194 40

140 2204 278 2239 λατίου·
305 2203 399 2239 διότι
418 2205 485 2248 τὴν
502 2202 625 2252 ἀρχήν,
648 2206 679 2238 εἰ
697 2210 759 2238 καί
777 2218 813 2238 τι
831 2204 1097 2252 στρατιωτικὸν
1117 2205 1219 2247 εἶχεν,

124 2248 219 2284 ·οἰλλ’
253 2243 318 2284 οὖν
349 2247 436 2292 ὅλην
469 2249 557 2297 πρὸς
587 2250 629 2284 τὸ
661 2249 912 2297 νομιμώτερον
941 2248 1219 2294 μεταβαλοῦσαν

140 2344 282 2374 armata
306 2338 436 2373 cohors
459 2339 536 2383 leqe
560 2338 757 2373 decoretur.
809 2338 934 2383 Neque
957 2339 1050 2373 enim
1075 2339 1145 2373 iam
1170 2338 1298 2373 seditio
1320 2339 1383 2383 fiet
1406 2339 1444 2372 in
1468 2338 1628 2380 urbibus,
1658 2349 1736 2373 cum
1763 2339 1846 2374 talis
1871 2339 1926 2374 vir
1949 2340 1988 2374 in
2009 2343 2196 2385 posterum
2220 2341 2370 2386 praesit,

141 2385 203 2430 qui
227 2388 311 2419 utra
339 2395 383 2418 ue
416 2388 583 2418 mcestate
608 2383 711 2417 uobis
734 2383 866 2429 [liqnus
890 2382 1034 2418 liabitas
1057 2384 1115 2418 sit.

277 2395 337 2462 Rq.
397 2395 523 2464 (bmnia
547 2428 670 2473 iqitur,
704 2439 950 2473 quaecumque
976 2429 1088 2472 fiscus
1113 2428 1300 2473 eroqabat,
1333 2439 1375 2462 ea
1400 2428 1595 2463 secundum
1626 2427 1820 2464 subiectam
1853 2440 1981 2465 sacrae
2012 2429 2095 2464 kuic
2127 2429 2200 2476 leyi
2222 2434 2372 2466 nostrae

142 2474 417 2520 descriptionem
442 2473 629 2519 spectabili
650 2474 819 2518 praetori
840 2478 875 2508 et
898 2473 942 2507 iis
966 2474 1029 2518 qui
1053 2474 1149 2508 eirca
1173 2485 1252 2508 eum
1276 2478 1360 2507 Semi
1383 2473 1466 2507 clari
1487 2473 1657 2509 iubemus.
1721 2473 1786 2509 Cui
1817 2474 1960 2520 quidem
1991 2474 2099 2509 etiam
2133 2475 2233 2509 sacri
2257 2476 2373 2510 nostri

142 2520 297 2554 nominis
320 2524 443 2553 notam
468 2518 607 2564 apponi
632 2518 811 2559 volumus,
846 2525 953 2564 atque
977 2523 1050 2553 esto
1069 2523 1227 2564 praetor
1253 2516 1478 2552 Iustinianus
1502 2519 1568 2564 qui
1591 2518 1753 2553 Pisidiae
1778 2519 2014 2565 maqistratus
2033 2520 2087 2564 sit.
2147 2519 2373 2565 Obsequatur

142 2569 260 2599 autem
285 2564 318 2599 ei
341 2563 472 2598 cohors
487 2563 748 2614 praetoriana,
773 2575 866 2608 quae
891 2563 1032 2609 quidem
1057 2575 1106 2598 ex
1124 2563 1363 2609 probatoriis‚
1397 2568 1436 2597 ut
1460 2568 1569 2598 antea
1594 2563 1772 2606 diaconus,
1806 2565 2056 2607 constituetur,
2086 2565 2231 2610 pariter
2255 2571 2371 2599 autem

141 2614 178 2644 et
200 2609 364 2644 civilibus
387 2612 423 2643 et
445 2607 662 2643 militaribus
686 2607 888 2643 bominibus
911 2608 1088 2653 rebusque
1114 2608 1263 2643 vacabit.
1318 2609 1370 2643 Ac
1393 2612 1585 2654 praeterea
1617 2608 1832 2643 tributorum
1872 2610 2018 2645 exactio
2052 2610 2102 2644 acl
2132 2609 2227 2644 hunc
2258 2612 2372 2656 maqi-

142 2659 295 2689 stratum
317 2654 464 2699 eiusque
495 2652 679 2688 cohortem
711 2654 904 2699 spectabit,
937 2653 1102 2698 idemque
1126 2653 1269 2687 babebit
1292 2653 1413 2688 omnia
1445 2654 1586 2699 imperii
1617 2654 1776 2700 insiynia
1809 2665 1902 2700 quae
1927 2654 2034 2690 etiam
2066 2665 2162 2690 nunc
2186 2654 2304 2697 babet,
2336 2654 2375 2689 icl

142 2704 197 2734 est
218 2699 344 2734 sellam
368 2703 578 2744 argenteam
609 2703 645 2733 et
666 2698 819 2733 securim
844 2704 877 2733 et
899 2699 1043 2744 fasces;
1081 2698 1234 2743 denique
1258 2697 1401 2733 babebit
1431 2698 1526 2733 inter
1557 2699 1688 2734 milites
1719 2699 1827 2734 etiam
1851 2699 2123 2746 adresponsum.
2181 2700 2372 2735 Enimvero

143 2746 250 2779 etiam
274 2744 371 2779 ultro
396 2745 428 2778 ei
445 2744 725 2789 praefecturam
748 2744 899 2778 militum
924 2744 961 2778 in
986 2743 1051 2777 illa
1076 2744 1223 2789 reqione
1248 2743 1392 2777 damus:
1416 2747 1456 2778 ut
1475 2746 1508 2778 et
1531 2744 1691 2779 instruat
1714 2755 1775 2779 eos
1798 2748 1834 2779 et
1853 2744 1996 2780 ordinet
2020 2750 2053 2780 et
2072 2745 2222 2780 idoneos
2244 2745 2375 2780 reddat

144 2790 207 2835 qui
233 2793 306 2824 tum
330 2788 493 2824 latrones
510 2792 784 2834 persequantur
809 2793 882 2823 tum
905 2788 1067 2823 subditos
1091 2788 1309 2833 tranquillos
1341 2788 1435 2822 inter
1458 2798 1496 2822 se
1520 2792 1555 2823 et
1579 2789 1786 2823 comnioclos
1808 2793 2021 2835 praestent;
2057 2800 2101 2824 ac
2124 2801 2239 2836 neque
2270 2789 2376 2825 urbes

143 2834 338 2869 seditiones
361 2834 504 2879 aqitare
535 2844 650 2879 neque
680 2834 827 2868 vicanos
858 2834 1055 2868 insolenter
1087 2838 1215 2868 contra
1244 2834 1371 2878 liscum
1403 2844 1512 2879 aqere
1538 2834 1716 2879 patiatur,
1749 2839 1945 2880 utaturque
1969 2838 2155 2880 potestate
2184 2835 2222 2869 in
2254 2846 2376 2870 omnes

143 2879 243 2914 nullo
268 2880 413 2914 omnino
445 2883 610 2924 excepto.
681 2877 739 2913 Sit
768 2883 885 2914 autem
920 2878 978 2914 hio
1009 2890 1153 2924 quoque
1182 2878 1420 2923 maqistratus
1452 2879 1546 2912 inter
1578 2878 1715 2913 medios
1743 2879 1959 2914 constitutus
1990 2884 2024 2915 et
2055 2879 2094 2914 in
2124 2879 2373 2926 spectabilium

144 2924 423 2970 maqistratuum
452 2934 637 2958 numerum
670 2923 897 2970 adscriptus:
932 2924 984 2959 ita
1009 2928 1050 2958 ut
1073 2934 1317 2969 quaecumque
1347 2923 1391 2957 αἰ»
1422 2923 1568 2958 vicariis
1603 2924 1667 2968 qui
1700 2923 1785 2958 olim
1819 2928 1924 2959 erant
1954 2935 2050 2959 nunc
2080 2935 2163 2960 vero
2188 2925 2375 2960 comitibus

148 2969 360 3005 Iustinianis
384 2973 420 3003 et
444 2969 669 3003 Pacatianae
692 2967 880 3014 parociae
903 2973 939 3003 et
960 2969 1102 3014 primae
1127 2967 1294 3003 Galatiae
1318 2972 1427 3012 atque
1451 2967 1495 3002 de
1518 2968 1707 3013 spectabili
1732 2969 1861 3004 comite
1880 2968 2039 3004 Orientis
2063 2973 2099 3004 et
2120 2969 2375 3015 spectabilibus

143 3013 422 3060 proconsulibus
445 3013 574 3054 valent,
600 3012 689 3047 llaec
712 3012 755 3047 cle
779 3024 820 3047 eo
846 3024 991 3059 quoque
1015 3017 1189 3054 constent,
1220 3018 1254 3048 et
1277 3013 1325 3047 sit
1347 3012 1554 3058 spectabilis
1579 3014 1828 3058 maffl'stratus,
1862 3018 1898 3048 et
1919 3014 2188 3060 appellationes
2212 3026 2306 3060 quae
2330 3015 2374 3048 ab

145 3070 187 3094 eo
232 3058 404 3093 rocedent
423 3057 492 3092 buc
513 3058 705 3092 mittantur
725 3061 834 3103 atque
855 3059 1120 3100 eoeaminentur,
1147 3059 1255 3093 sicuti
1275 3058 1312 3091 in
1333 3058 1460 3092 ceteris
1504 3068 1622 3102 uoque
1640 3058 1896 3103 spectabilibus
1918 3059 2192 3104 maqistratibus
2210 3060 2264 3104 sit,
2287 3059 2376 3094 etin

145 3105 182 3138 ia
209 3103 317 3137 icium
339 3103 687 3149 qloriosissimorum
709 3104 982 3149 praefectorum
1013 3103 1295 3138 introducantur
1325 3103 1377 3137 ila
1402 3103 1479 3147 quic
1491 3113 1544 3136 em
1567 3106 1609 3136 ut
1632 3113 1778 3137 causam
1810 3103 1918 3138 simul
1940 3104 2069 3138 audiat
2091 3104 2377 3149 gloriosissimus

146 3151 320 3193 quaestor
346 3148 444 3182 sacri
470 3147 588 3182 nostri
614 3147 766 3192 palatii:
801 3149 973 3193 quoniam
1001 3148 1237 3193 maqistratus
1269 3148 1337 3183 etsi
1367 3146 1455 3193 quid
1485 3146 1641 3181 militare
1672 3146 1834 3190 habebat,
1871 3151 1988 3182 tamen
2024 3159 2103 3183 cum
2128 3152 2226 3183 totus
2250 3149 2377 3195 potius

195 3241 206 3271 1
238 3234 277 3270 οὗ
296 3237 363 3283 γὰρ
379 3238 408 3270 L
425 3239 435 3279 11
456 3239 474 3270 2
501 3236 562 3279 τὰρ
582 3251 637 3270 om.
655 3239 685 3270 L
703 3238 715 3280 11
734 3240 752 3270 3
779 3233 826 3276 ὃς]
849 3233 936 3269 ὅσον
953 3237 998 3269 L¹
1022 3233 1057 3270 ὃς
1077 3234 1123 3269 ἂν
1145 3238 1192 3270 L²
1215 3237 1227 3282 11

148 3286 167 3318 8
192 3280 258 3327 ἀφ’
289 3279 400 3315 αὐτὸν
426 3284 467 3315 M
483 3282 495 3326 11
521 3281 621 3327 ᾧπερ
647 3284 717 3323 Mg]
744 3277 866 3326 ὥσπερ
893 3283 961 3314 LB
979 3282 989 3325 11
1009 3282 1226 3327 προκεῖσθαι

149 3329 182 3361 Β
213 3327 421 3370 praefulgere
447 3339 465 3363 ς
490 3328 501 3371 11
535 3331 573 3379 lq
596 3325 782 3379 γινόμενος
806 3341 863 3359 om.
892 3328 926 3359 B
951 3327 963 3370 11
995 3329 1031 3360 11
1060 3325 1100 3360 δὲ
1123 3324 1155 3369 ἡ]
1188 3328 1227 3360 τὲ
1259 3333 1261 3368 ξ

1295 3235 1590 3279 σπεκαταβιλίων
1606 3237 1646 3269 Μ
1668 3235 1923 3282 περιβλέπτων
1944 3238 2073 3278 Ms.v.‚
2092 3239 2127 3271 B
2143 3237 2155 3282 11
2175 3240 2218 3272 39
2241 3234 2376 3284 *ὑπάρ-

1295 3295 1371 3323 χων
1397 3284 1472 3315 libri
1487 3283 1497 3324 11
1517 3283 1560 3314 42
1585 3280 1639 3321 τὸ]
1665 3279 1730 3314 τὸν
1756 3283 1802 3314 M
1821 3283 1831 3323 11
1847 3280 2145 3325 μεταβάλλουσαν
2169 3283 2205 3316 Β

147 3372 182 3406 οἱ
194 3374 225 3406 L
241 3372 253 3417 11
275 3374 314 3405 12
340 3375 597 3417 προβατοριων
617 3378 707 3413 (ητοι
729 3369 953 3413 δοκιμασιῶν
965 3385 990 3405 s.
1006 3375 1047 3414 v.)
1062 3374 1118 3413 M]
1142 3385 1225 3416 προ·
1259 3377 1261 3420 1
1342 3377 1359 3405 :5
1381 3373 1549 3414 perscdcat
1568 3373 1629 3404 VT
1644 3373 1828 3413 praesideat
1844 3374 1929 3415 vuly.
1949 3372 1962 3416 11
1979 3379 1998 3406 δ
2021 3383 2098 3414 prae
2117 3374 2247 3415 fulgore
2271 3375 2346 3408 Vae.

147 3418 336 3462 βατηριῶν
361 3419 391 3450 L
418 3415 640 3460 δοκιμασιῶν
666 3418 701 3450 Β
720 3417 732 3460 11
756 3419 796 3451 13
820 3419 893 3449 τοῖς
918 3418 1050 3450 alterum
1075 3430 1135 3451 om.
1157 3419 1192 3451 Β
1217 3416 1227 3460 11
1259 3423 1261 3455 ἒ
1296 3420 1315 3451 9
1340 3418 1425 3459 pisia
1447 3416 1561 3458 (pfiia‘.>
1584 3417 1649 3457 Va)
1676 3416 1730 3460 Vn
1759 3419 1799 3450 14
1825 3416 1970 3449 officium
1996 3417 2244 3461 respiciuntque
2269 3420 2346 3453 libri
2372 3421 2377 3465 1

151 3466 190 3496 15
212 3461 289 3503 τὸν]
321 3465 380 3495 καὶ
403 3462 469 3495 τὸν
495 3463 528 3495 Β
557 3462 570 3505 11
605 3465 639 3495 17
667 3460 712 3494 τὰ
742 3475 799 3495 om.
825 3463 856 3494 L
886 3462 896 3505 ΙΙ
932 3464 970 3496 18
994 3460 1144 3495 πέλεκυν
1168 3465 1226 3494 καί
1260 3470 1262 3510 1
1302 3465 1337 3496 17
1363 3462 1461 3493 falces
1484 3462 1535 3503 Vl}
1559 3463 1598 3494 19
1617 3462 1744 3493 militus
1762 3462 1983 3504 praesulatum
2006 3462 2084 3495 Val.
2105 3461 2177 3507 1120
2199 3467 2231 3496 et
2245 3465 2378 3498 ordinet

150 3521 208 3540 om.
223 3509 254 3540 L
270 3507 282 3552 11
304 3510 344 3542 19
363 3506 432 3547 ἕξει
457 3504 496 3540 δὲ
518 3508 572 3539 ἔτι
596 3506 677 3539 τοὺς
701 3504 927 3552 στρατιώτας
952 3508 982 3539 Β
1002 3506 1014 3551 11
1030 3508 1069 3539 ad
1096 3518 1225 3549 respon>
1260 3522 1262 3550 1
1296 3510 1452 3550 procuret
1466 3506 1670 3547 insequidem
1694 3506 1750 3549 Vll
1768 3508 1806 3540 21
1829 3509 1861 3538 et
1873 3509 1988 3546 castos]
2004 3510 2035 3538 et
2051 3519 2108 3539 om.
2128 3508 2207 3541 Val.
2227 3508 2239 3552 11
2257 3511 2299 3543 24
2319 3521 2376 3552 po-

149 3563 221 3584 sum
245 3555 463 3597 (αποκρίσεις
480 3566 504 3585 s.
520 3555 562 3590 v.)
586 3553 641 3592 M]
666 3551 714 3584 εἰς
740 3549 939 3594 απόκρησιν
959 3553 989 3584 L
1017 3552 1063 3584 eis
1084 3549 1213 3596 ἁποκρί
1297 3555 1428 3585 testatos
1447 3551 1479 3584 V
1493 3555 1503 3591 11
1520 3553 1561 3584 25
1583 3552 1779 3583 constitutas
1798 3553 1870 3584 Val.
1884 3551 2064 3584 constituto
2081 3552 2113 3585 T
2127 3552 2139 3595 11
2156 3555 2198 3588 26
2220 3555 2378 3587 iuditium

150 3607 220 3630 aeas
243 3597 274 3630 B
290 3596 302 3642 11
322 3601 362 3631 23
388 3600 461 3630 τοῖς
480 3595 756 3639 στηλητεύουσιν
779 3598 821 3629 L'
841 3600 851 3639 11
872 3600 911 3629 25
939 3595 1105 3639 κωμήτας
1129 3598 1228 3631 Oseu—
1306 3597 1361 3640 Vl}
1391 3598 1432 3630 28
1457 3597 1659 3628 iustinianus
1684 3600 1716 3628 et
1739 3597 1912 3638 pacatione
1935 3597 2035 3637 frigie
2058 3597 2134 3630 libri
2158 3600 2169 3641 11
2198 3600 2239 3633 29
2264 3601 2379 3632 comiti

152 3645 294 3686 brilyyen
308 3654 346 3675 ex
359 3644 389 3682 ς]
408 3639 563 3686 κόμητας
575 3642 646 3674 ML
655 3643 696 3682 B,
710 3644 751 3684 ef.
763 3654 832 3674 nov.
845 3642 991 3675 XXV5
1008 3648 1022 3681 ς·
1037 3650 1052 3674 2
1072 3641 1083 3685 11
1102 3644 1142 3676 28
1162 3639 1230 3683 τὴν
1300 3644 1374 3675 libri
1394 3643 1403 3682 ΙΙ
1422 3644 1460 3674 31
1484 3642 1586 3672 factas
1608 3642 1637 3674 V
1654 3640 1666 3685 11
1683 3643 1724 3674 32
1747 3642 1822 3673 aliis
1839 3652 1858 3672 a
1878 3641 2112 3683 spectabilibus
2133 3644 2187 3687 ῐ711
2207 3646 2247 3678 37
2270 3648 2380 3677 tamen

153 3699 211 3719 om.
226 3687 256 3719 L
272 3685 284 3730 11
304 3689 346 3721 30
368 3688 436 3731 μὲν
456 3701 514 3721 om.
528 3689 561 3720 B
580 3686 592 3731 11
610 3690 645 3719 :51
673 3681 868 3727 πακτιᾶνῆς
889 3686 934 3719 L¹
954 3688 1049 3727 (idem
1067 3689 1196 3729 194,12)
1219 3686 1230 3729 11
1300 3687 1418 3726 totum]
1454 3688 1565 3718 tamen
1589 3688 1700 3718 tutum
1727 3687 1824 3724 Tat,
1858 3689 1988 3718 tantum
2018 3686 2052 3720 V
2074 3685 2086 3730 11
2114 3688 2155 3721 ad
2187 3689 2381 3731 legaliorem

154 3732 196 3765 32
222 3731 310 3772 ἐστὶ]
342 3733 396 3764 ἔτι
421 3733 456 3765 Β
485 3734 496 3775 11
523 3735 563 3766 33
592 3728 678 3772 ‘'Eco]
704 3727 795 3764 έῶας
819 3731 850 3764 L
882 3730 896 3775 11
924 3734 962 3765 3ἵ
999 3734 1057 3764 καὶ
1082 3745 1138 3765 om.
1164 3744 1182 3769 ς
1219 3731 1231 3776 11
1303 3732 1406 3771 Beck]
1433 3731 1666 3795 allegotiffum
1689 3731 1783 3773 Vat,
1808 3731 2005 3773 alleg-ionem
2037 3733 2067 3765 T

221 3787 270 3812 111.
2067 3790 2108 3822 25
