2618 4010
186 113 249 144 DE
277 112 452 145 NUP'rns
1266 98 1347 146 147
2000 103 2106 148 Nov.
2138 105 2262 146 ΧΧΠ
2292 118 2353 159 pr.
2389 108 2407 145 1

190 210 352 247 διδόντες
371 209 457 247 ὁδὸν
476 214 536 246 καὶ
554 208 794 260 ὑφηγούμενοι
813 215 887 248 τοῖς
909 210 1076 257 ὑπηκόοις
1097 211 1141 249 ὃν
1162 227 1265 260 προς-
1335 214 1427 249 viam
1450 216 1487 249 et
1510 216 1728 259 exponentes
1753 214 1939 259 subiectis,
1976 227 2046 261 quo
2081 226 2158 252 com
2186 218 2260 252 etat
2283 216 2410 261 degere

188 258 262 310 ηκει
294 255 422 301 διαζῆν
452 256 599 304 τρόπον.
654 258 699 291 Τὸ
730 256 770 292 δὲ
795 257 839 302 δὴ
869 261 937 293 νῦν
963 261 1071 294 τοῦτο
1098 261 1140 294 τὸ
1171 258 1262 308 παρ’
1334 260 1449 295 modo.
1496 259 1574 296 Hoc
1596 261 1716 294 autem
1741 261 1835 304 quod
1858 272 1955 296 nunc
1979 273 2002 296 a
2024 262 2127 297 nobis
2165 263 2202 305 't‚
2226 263 2283 297 lex
2300 273 2407 307 quae—

188 304 292 348 ημῶν
320 301 511 350 γινόμενον
542 301 650 347 νόμος
671 307 724 337 τίς
757 306 834 338 ἐστι
858 303 991 347 κοινός,
1026 306 1079 349 τῷ
1112 304 1266 340 πάντων
1334 305 1415 340 dam
1439 307 1494 340 est
1517 305 1732 348 communis,
1761 305 1925 340 omnibus
1954 307 2100 351 propria
2129 308 2238 343 rebus
2264 318 2406 353 compe-

188 347 416 394 καιριωτάτῳ
445 349 524 382 τῶν
547 346 774 395 πραγμάτων
802 349 870 392 τὴν
893 349 1138 397 προςήκουσαν
1160 350 1265 392 τάξιν
1332 354 1464 386 tentem
1497 350 1656 386 ordinem
1687 359 1836 395 ponens.
1885 351 1921 386 Si
1954 352 2046 386 enim
2071 353 2332 388 matrimonium
2356 353 2408 388 sic

188 394 377 428 ἐπιτιθείς.
425 394 471 427 Εἰ
497 392 565 440 γὰρ
596 390 616 428 ὁ
647 392 759 440 γάμος
790 391 904 429 οὕτως
933 397 1010 430 ἐστὶ
1039 395 1184 441 σεμνόν,
1217 394 1264 431 ὠς
1299 401 1318 432 5
1333 400 1388 431 est
1411 396 1619 438 honestum,
1649 397 1691 430 ut
1713 395 1867 431 humano
1897 398 2019 440 generi
2042 397 2203 433 videatur
2225 398 2406 434 immorta-

187 440 242 482 τῷ
265 436 496 484 ἀνθρωπίνῳ
519 441 614 485 γένει
645 438 764 473 δοκεῖν
789 438 1004 474 ἀθανασίαν
1027 440 1264 486 ἐπιτεχνητὴν
1332 441 1469 476 litatem
1488 440 1660 476 artificem
1678 440 1914 483 introducere,
1940 445 1975 475 et
1998 452 2042 476 cx
2065 442 2217 478 filiorum
2241 454 2406 488 procrea-

188 485 424 530 είςηγεῖσθαι,
456 487 516 517 καὶ
540 486 579 517 ἐκ
601 486 662 527 τῆς
688 483 920 520 παιδοποιΐας
947 483 1194 532 ἀνανεούμενοι
1217 485 1264 521 τὰ
1330 486 1426 521 tione
1450 489 1620 521 renovata
1642 495 1774 530 genera
1796 490 1941 521 manent
1964 486 2102 530 iugiter,
2126 488 2183 522 dei
2207 488 2404 530 clementia,

186 532 271 583 γένη
290 531 390 574 μένει
406 527 561 572 διηνεκῆ,
585 531 647 572 τῆς
666 531 729 563 τοῦ
750 531 840 564 θεοῦ
859 530 1143 578 φιλανθρωπίας
1164 529 1259 566 καθ’
1332 534 1502 576 quantum
1534 535 1588 566 est
1618 531 1805 576 possibile,
1841 534 1986 567 nostrae
2014 533 2313 568 immortalitatem
2342 534 2405 569 do-

186 571 277 608 ο’σον
299 575 377 608 ἐστὶ
401 572 558 609 δυνατὸν
580 576 625 622 τῇ
649 572 742 609 καθ’
769 573 857 620 ἡμᾶς
886 575 928 610 τὸ
952 574 1143 611 ἀθάνατον
1165 590 1262 624 χαρι-
1331 582 1441 612 nante
1473 579 1641 620 naturae,
1673 578 1772 612 recte
1800 576 1905 612 nobis
1936 577 2092 612 studium
2117 578 2160 612 de
2184 579 2316 622 nuptiis
2340 582 2405 614 est.

187 622 336 663 ζομένης
358 617 479 665 φύσει,
514 618 660 654 εἰκότως
681 617 767 664 ἡμῖν
788 618 1086 669 περισπούδαστα
1115 622 1161 656 τὰ
1181 625 1263 667 περὶ
1278 626 1318 658 10
1330 622 1412 657 Alia
1442 632 1595 667 namque
1619 621 1757 664 omnia,
1787 631 1878 667 quae
1902 622 2041 657 sancita
2064 627 2165 664 sunt,
2198 634 2269 658 non
2294 625 2405 659 omni-

185 666 263 698 τῶν
285 663 413 712 γάμων
437 667 524 699 ἐστί.
578 666 626 699 Τὰ
655 668 723 710 μὲν
750 665 818 713 γὰρ
850 664 939 700 ἄλλα
962 668 1040 700 τῶν
1063 668 1262 711 νομοθετη-
1330 668 1399 702 bus
1424 669 1632 712 competunt
1653 677 1720 703 nec
1740 667 1942 702 hominibus
1964 677 2029 702 nec
2051 668 2158 703 rebus
2183 679 2296 713 neque
2317 674 2406 704 tem-

186 710 334 744 θέντων
355 707 395 743 οὐ
416 711 505 745 πᾶσι
524 710 686 758 προςήκει
709 709 792 745 οὔτε
812 709 1027 758 ἀνθρώποις
1047 712 1129 746 οὔτε
1150 709 1261 758 πράγ-
1330 712 1497 757 poribus,
1530 713 1686 748 studium
1714 722 1796 748 vero
1819 712 2025 757 nuptiarum
2048 713 2161 748 totius
2187 717 2260 756 est,
2293 718 2333 748 ut
2355 715 2407 749 ita

125 767 132 774 ’
183 765 297 798 μασιν
313 753 397 789 οὔτε
412 759 556 800 καιροῖς,
575 755 618 790 τὸ
638 755 678 790 δὲ
698 759 779 803 περὶ
798 757 876 790 τῶν
895 754 1023 802 γάμων
1043 754 1261 801 σπούδασμα
1330 758 1488 799 dicatur,
1521 758 1699 792 humanae
1731 757 1885 801 sobolis,
1918 768 1963 793 ex
1994 768 2064 803 quo
2089 759 2193 793 etiam
2217 762 2408 794 renovatur

184 799 299 843 argium·
322 802 440 843 ἐστὶν,
477 799 524 835 ως
554 802 685 843 εἰπεῖν,
719 803 780 844 τῆς
804 799 1043 847 ἀνθρωπίνης
1063 803 1184 848 γονῆς,
1222 802 1261 842 ἐξ
1329 802 1416 843 solo,
1443 807 1478 837 et
1502 803 1665 848 ampliori
1690 813 1798 848 quam
1818 803 1890 838 alia
1915 803 2156 838 sollicitudine
2180 803 2323 848 dignum
2339 807 2405 839 est.

184 844 224 879 οὗ
256 848 316 879 καὶ
347 843 563 880 ἀνανεοῦται
593 846 723 891 μόνου,
754 849 814 880 καὶ
841 845 1003 881 πλείονος
1030 848 1108 880 τῶν
1139 845 1259 880 ἄλλων
1276 850 1314 883 15
1328 848 1535 892 Antiquitas
1569 848 1731 893 equidem
1759 859 1832 884 non
1864 848 1952 883 satis
1984 848 2118 893 aliquid
2150 848 2195 884 de
2226 849 2406 894 prioribus

184 889 374 936 φροντίδος
404 892 630 935 καθέστηκεν
656 891 769 932 ἄξιον.
815 887 865 926 Ἡ·
883 893 950 934 μὲν
979 884 1043 925 οὖν
1062 890 1260 935 παλαιότης
1329 896 1392 926 aut
1423 893 1591 928 secundis
1621 894 1918 938 perscrutabatur
1945 893 2097 939 nuptiis,
2130 894 2194 930 sed
2215 894 2348 929 licebat
2371 897 2408 929 et

182 934 222 969 οὐ
257 934 398 982 σφόδρα
427 936 473 971 τὰ
503 940 584 983 περὶ
615 939 692 971 τῶν
714 949 743 972 π
766 935 949 981 οτε’ρων.ἢ
977 938 1055 970 τῶν
1079 935 1259 983 δευτέρων
1328 938 1492 981 patribus
1516 941 1553 973 et
1575 939 1750 974 matribus
1776 941 1812 974 et
1834 939 1881 974 ad
1904 939 2026 984 plures
2049 938 2169 975 venire
2200 939 2347 984 nuptias
2370 944 2407 974 et

183 983 447 1028 περιειργάζετο
465 980 602 1029 γάμων,
627 979 704 1016 ἀλλ’
732 983 750 1014 ε’
771 982 814 1025 ἧν
835 984 894 1015 καὶ
916 984 990 1015 τοῖς
1013 983 1174 1028 πατράσι
1198 984 1259 1016 καὶ
1327 984 1429 1018 lucro
1446 983 1543 1018 nullo
1562 984 1707 1028 privari,
1733 988 1769 1018 et
1789 994 1900 1019 causa
1920 988 1996 1019 erat
2013 984 2051 1019 in
2072 984 2298 1029 simplicitate
2320 995 2405 1020 con-

182 1030 260 1060 ταῖς
282 1026 438 1073 μητράσι
460 1031 520 1060 καὶ
543 1029 590 1061 εἰς
617 1026 757 1062 πλείους
788 1023 1024 1072 ἀφικνεῖσθαι
1044 1026 1175 1073 γάμους
1199 1030 1259 1061 καὶ
1326 1028 1421 1062 fusa.
1469 1029 1617 1064 Maioris
1643 1035 1762 1064 autem
1787 1030 1981 1065 Theodosii
2011 1031 2231 1075 temporibus
2255 1031 2406 1076 amplior

182 1070 324 1118 κέρδους
354 1071 498 1106 οὐδενὸς
522 1071 775 1117 ἀφαιρεῖσθαι,
807 1074 867 1104 καὶ
899 1071 941 1105 τὸ
975 1074 1124 1118 πρᾶγμα
1146 1074 1191 1116 ἠν
1218 1075 1259 1107 ἐν
1271 1075 1313 1108 20
1326 1073 1528 1108 sollicitudo
1553 1074 1652 1108 facta
1676 1079 1730 1109 est
1748 1075 1844 1110 circa
1863 1075 1969 1110 huius
1992 1074 2046 1110 rei
2062 1077 2267 1117 tractatum,
2292 1076 2406 1111 donec

181 1114 360 1159 ἁπλότητι
395 1120 662 1163 συγκεχυμένον.
718 1113 777 1150 Ἐκ
815 1115 855 1150 δὲ
889 1118 968 1151 τῶν
1002 1119 1066 1151 τοῦ
1096 1120 1258 1162 μείζονος
1326 1118 1504 1153 circuiens
1541 1129 1606 1164 per
1638 1121 1775 1155 ceteros
1803 1120 2037 1164 imperatores
2068 1121 2105 1155 in
2136 1120 2292 1155 Leonem
2324 1122 2406 1165 piae

184 1160 376 1196 Θεοδοσίου
405 1175 427 1204 χ
450 1159 548 1195 όνων
579 1160 716 1196 πλείων
748 1164 895 1208 φροντὶς
926 1164 972 1208 γε’
991 1176 1053 1197 ονε
1083 1166 1144 1207 τῆς
1175 1167 1258 1207 περὶ
1326 1163 1517 1198 memoriae
1534 1164 1705 1208 pervenit,
1727 1165 1841 1199 virum
1855 1166 1998 1200 fortiter
2015 1170 2121 1210 atque
2135 1165 2283 1201 viriliter
2298 1166 2406 1202 etiam

182 1209 298 1241 ταῦτα
321 1175 561 1253 τεχνοΞογίας,
592 1209 658 1241 ἕως
682 1207 927 1254 περιελθοῦσα
975 1208 1011 1241 ιὰ
1032 1209 1111 1242 τῶν
1134 1209 1258 1255 ἐφεξῆς
1326 1209 1369 1244 de
1392 1209 1470 1244 istis
1493 1209 1702 1254 plerumque
1726 1210 1956 1245 sancientem.
2004 1210 2080 1246 Nos
2110 1215 2228 1246 autem
2257 1211 2295 1246 in
2319 1222 2405 1247 con-

181 1250 362 1295 βασιλέων
392 1252 440 1286 εἰς
470 1254 617 1286 Λέοντα
645 1251 711 1286 τὸν
744 1254 805 1296 τῆς
833 1249 998 1297 εὐσεβοῦς
1024 1253 1163 1298 μνήμης
1191 1252 1255 1299 ἀφ·
1325 1254 1549 1289 stitutionum
1582 1255 1840 1299 compositione
1875 1255 1986 1290 multa
2018 1255 2159 1300 quidem
2190 1260 2227 1291 et
2259 1257 2330 1291 alia
2360 1257 2405 1291 de

182 1301 293 1338 ίκετο,
325 1294 439 1343 ἄνδρα
461 1301 637 1343 γενναίως
659 1311 699 1331 τε
723 1301 783 1332 καὶ
813 1296 990 1353 ἀνδρικῶς
1021 1302 1080 1332 καὶ
1103 1298 1149 1333 τὰ
1172 1311 1218 1333 πε
1243 1302 1311 1334 ὶ25
1324 1299 1403 1335 istis
1428 1300 1662 1343 decrevimus,
1686 1299 1948 1336 aestimavimus
1974 1306 2094 1335 autem
2112 1305 2278 1345 oportere
2297 1312 2403 1343 nunc,

180 1340 322 1375 τούτων
344 1341 436 1376 κατὰ
458 1342 500 1376 τὸ
524 1341 695 1377 πλεῖστον
718 1343 1033 1387 νομοθετησαντα.
1081 1341 1196 1389 Ἡμεῖς
1216 1345 1259 1379 ὸέ
1325 1345 1483 1380 consiliis
1508 1345 1785 1390 perfectioribus
1811 1355 1956 1380 causam
1980 1345 2268 1389 considerantes,
2298 1348 2404 1382 etiam

178 1400 218 1433 γε
252 1388 293 1420 ἐν
327 1388 373 1434 τῇ
407 1388 485 1421 τῶν
517 1386 717 1428 διατάξεων
748 1387 914 1432 συνθήκη
949 1388 1064 1424 πολλὰ
1098 1392 1166 1434 μὲν
1196 1392 1256 1424 καὶ
1325 1391 1498 1435 quaedam
1520 1391 1698 1435 corrigere
1720 1401 1792 1426 non
1811 1391 1962 1426 afiorum
1983 1391 2214 1432 solummodo,
2251 1392 2313 1426 sed
2334 1393 2405 1426 iam

178 1430 268 1465 ἄλλα
297 1436 379 1479 περὶ
407 1430 551 1467 τούτων
582 1431 822 1480 διωρίσαμεν,
853 1425 1030 1478 ᾠήθημεν
1060 1433 1100 1468 δὲ
1128 1437 1256 1482 χρῆναι
1325 1436 1430 1471 etiam
1463 1446 1554 1481 quae
1584 1446 1607 1470 a
1636 1436 1739 1471 nobis
1768 1435 1857 1481 ipsis
1888 1435 2028 1470 sancita
2057 1439 2151 1471 sunt.
2198 1436 2280 1471 Non
2312 1437 2403 1471 enim

178 1479 262 1519 νῦν,
294 1476 438 1522 βουλαῖς
468 1477 702 1525 τελειοτέραις
729 1478 772 1513 τὸ
796 1481 943 1526 πρᾶγμα
967 1481 1254 1525 κατασκεπτόμε-
1324 1482 1585 1524 erubescimus,
1620 1481 1650 1516 si
1682 1481 1766 1526 quid
1790 1481 1916 1516 melius
1940 1481 2046 1516 etiam
2070 1481 2197 1516 horum
2220 1491 2312 1526 quae
2335 1482 2405 1526 ipsi

178 1535 252 1564 νοι,
285 1526 347 1556 καί
380 1536 464 1557 τινα
499 1525 763 1571 ἐπανορθῶσαι
795 1523 836 1558 οὐ
868 1526 946 1559 τῶν
981 1524 1100 1560 ἄλλοις
1129 1525 1254 1570 μόνον,
1268 1529 1310 1561 30
1323 1527 1423 1572 prius
1447 1527 1599 1562 diximus
1624 1526 1911 1569 adinveniemus,
1945 1526 2015 1561 hoc
2039 1526 2179 1561 sancire
2202 1532 2238 1562 et
2262 1537 2403 1571 compe-

177 1565 257 1601 ἀλλ’
291 1566 358 1611 ἤδη
389 1571 449 1602 καὶ
481 1570 558 1603 τῶν
582 1567 673 1616 παρ>
706 1567 810 1613 ἡμῶν
834 1568 958 1604 αὐτῶν
981 1571 1254 1615 νομοθζετηθέν-
1328 1576 1461 1607 tentem
1483 1571 1664 1617 prioribus
1688 1572 1871 1617 imponere
1895 1572 2151 1607 correctionem
2175 1582 2242 1608 nec
2261 1572 2306 1607 ab
2324 1572 2403 1608 aliis

177 1625 266 1647 των.
304 1610 344 1647 οὗ
361 1612 429 1661 γὰρ
447 1614 684 1661 ἐρυθριῶμεν,
709 1615 745 1649 εἴ
762 1628 798 1649 τι
821 1612 967 1649 κάλλιον
990 1619 1050 1649 καὶ
1074 1615 1128 1651 ὠν
1152 1614 1255 1651 αὐτοὶ
1324 1621 1515 1662 expectare
1541 1617 1671 1662 corrigi
1694 1617 1818 1662 legem.

178 1655 356 1714 πρότερον
385 1660 534 1713 εἴπομεν
560 1659 868 1707 προςεξεύροιμεν,
898 1661 1006 1695 τοῦτο
1038 1662 1255 1706 νομοθετεῖν

178 1706 238 1736 καὶ
266 1717 335 1747 την
364 1716 393 1738 π
415 1716 608 1747 οςηκουσαν
638 1709 711 1740 τοῖς
742 1704 919 1751 πρότερον
949 1704 1120 1754 δευτέραν
1143 1710 1253 1743 ἐπιτι-

178 1749 288 1782 θέναι
308 1746 385 1796 ὃιόρ
420 1762 510 1783 ωσιν
533 1750 692 1792 οἴκοθεν,
716 1748 804 1785 ἀλλὰ
827 1754 878 1796 μὴ
899 1751 990 1799 παρ’
1018 1753 1152 1800 ἐτέρων
1169 1750 1253 1787 ἆνα-
1267 1755 1308 1789 35

177 1796 298 1839 μένειν
322 1795 639 1842 ἐπανορθωθῆναι
661 1795 726 1831 τὸν
748 1796 872 1843 νόμον.
1273 1795 1282 1801 ’

1182 1912 1340 1949 CAPUT
1370 1912 1399 1948 1.

223 1975 297 2012 Δύο
327 1982 451 2012 τοίνυν
481 1979 598 2013 ταῦτα
629 1976 863 2025 προειρήσθω
895 1976 1001 2013 τοῦδε
1033 1981 1098 2014 τοῦ
1132 1977 1253 2025 νόμου.
1369 1980 1451 2015 Duo
1475 1980 1583 2024 igitur
1606 1980 1695 2016 haec
1717 1981 1996 2034 praemittantur
2024 1982 2107 2017 huic
2130 1982 2209 2026 legi.
2257 1982 2307 2017 Et
2329 1982 2402 2027 pri-

179 2027 251 2057 Καὶ
282 2025 431 2071 πρῶτον
461 2025 590 2065 ἐκεῖνο,
628 2024 671 2058 τὸ
706 2024 829 2059 πάντα
857 2026 926 2068 μὲν
960 2022 1079 2059 ὁπόσα
1107 2027 1148 2059 ἐν
1181 2028 1255 2061 τοῖς
1323 2036 1419 2061 mum
1442 2026 1543 2068 illud,
1568 2028 1609 2060 ut
1632 2037 1751 2062 omma
1771 2028 1925 2072 quidem,
1951 2038 2193 2072 quaecumque
2216 2027 2254 2062 in
2273 2028 2404 2073 priori-

176 2069 389 2116 ἔμπροσθεν
411 2070 698 2114 νενομοθέτηται
721 2069 793 2103 εἴτε
815 2067 905 2116 παρ’
932 2066 1037 2114 ἡμῶν
1060 2070 1131 2105 εἴτε
1155 2071 1254 2115 παρὰ
1323 2072 1390 2106 bus
1410 2072 1550 2107 sancita
1570 2075 1655 2106 sunt
1673 2072 1747 2107 sive
1766 2083 1789 2107 a
1806 2072 1910 2108 nobis
1929 2073 2002 2108 sive
2022 2084 2045 2108 a
2061 2073 2241 2118 prioribus
2260 2073 2403 2116 nostris,

176 2116 255 2148 τῶν
283 2114 354 2162 πρὸ
387 2111 506 2158 ἡμῶν,
541 2116 656 2149 ταῦτα
687 2117 833 2161 κρατεῖν
863 2117 1017 2149 ἕκαστον
1046 2114 1139 2150 κατὰ
1170 2116 1252 2151 τοὺς
1264 2120 1306 2151 40
1321 2117 1411 2152 haec
1431 2116 1575 2151 valeant
1595 2117 1735 2161 singula
1754 2118 1950 2153 secundum
1968 2118 2116 2163 propria
2133 2122 2306 2163 tempora,
2330 2129 2403 2154 non

175 2161 321 2194 οἰκείους
339 2157 502 2206 χρόνους,
529 2158 593 2194 οὐκ
616 2162 747 2202 ἔχοντα
766 2157 896 2194 οὐδένα
921 2162 959 2194 ἐκ
983 2161 1047 2195 τοῦ
1072 2159 1252 2207 παρόντος
1320 2161 1491 2196 habentia
1510 2162 1619 2196 ullam
1640 2171 1685 2196 ex
1702 2163 1884 2207 praesenti
1903 2163 1981 2207 lege
1993 2164 2198 2205 novitatem,
2219 2163 2284 2199 sed
2296 2164 2403 2199 etiam

176 2250 327 2285 meliora
345 2250 517 2295 facerent
537 2253 573 2284 et
594 2249 745 2284 subditis
760 2249 1038 2295 praeciperent,
1063 2261 1135 2295 quo
1160 2249 1268 2284 modo
1293 2250 1410 2285 vivere
1430 2250 1583 2285 deceret.
1631 2250 1715 2286 Hoc
1738 2262 1823 2286 vero
1848 2251 1948 2298 quod
1969 2262 2067 2287 nunc
2089 2263 2113 2287 a
2136 2252 2241 2288 nobis
2258 2254 2316 2299 fit,
2340 2254 2404 2291 lex

176 2294 353 2341 quaedam
370 2298 426 2328 est
440 2294 649 2335 eommunis,
670 2304 764 2339 quae
778 2293 832 2328 rei
852 2294 1008 2328 omnium
1026 2294 1261 2340 qravissimae
1282 2294 1444 2329 ordinem
1461 2295 1727 2330 convenientem
1747 2297 1922 2342 imponat.
1965 2296 2060 2331 Nam
2081 2296 2258 2343 siquidem
2277 2300 2402 2335 matri-

176 2340 333 2374 monium
361 2349 420 2373 res
453 2341 507 2373 est
538 2338 630 2373 adeo
659 2341 806 2380 sancta,
840 2342 881 2372 ut
903 2338 1068 2374 videatur
1092 2338 1249 2373 humano
1276 2339 1402 2385 qeneri
1425 2339 1653 2419 artgficialem
1675 2341 1981 2376 immortalitatem
2005 2341 2190 2387 conferre,
2222 2347 2330 2390 atque
2353 2355 2403 2380 ex

177 2383 371 2418 liberorum
391 2383 648 2428 procreatione
668 2386 843 2418 renovata
866 2394 1002 2428 qenera
1024 2388 1174 2419 manent
1193 2388 1392 2430 perpetua,
1417 2387 1459 2419 ut
1503 2383 1537 2419 ei
1559 2384 1764 2427 clementia,
1789 2385 1914 2431 quoad
1931 2386 2019 2431 sieri
2027 2390 2172 2432 potest,
2191 2387 2401 2424 immortali·

178 2432 286 2463 tatem
308 2431 463 2465 naturae
486 2432 633 2463 nostrae
668 2427 861 2473 larqiatur,
894 2428 1020 2463 merito
1044 2428 1149 2464 nobis
1171 2439 1229 2463 ma
1255 2439 1341 2464 num
1364 2432 1419 2464 est
1441 2428 1486 2464 de
1504 2429 1641 2475 nuptiis
1661 2429 1830 2465 studium.
1892 2429 2017 2467 Cetera
2047 2432 2157 2474 enim,
2188 2443 2282 2478 quae
2314 2433 2402 2481 leqi-

176 2474 242 2508 bus
263 2473 405 2508 sancita
431 2477 532 2515 sunt,
564 2483 639 2508 non
659 2473 822 2508 omnibus
844 2473 1063 2508 conveniunt
1083 2484 1199 2520 neque
1247 2473 1421 2509 ominibus
1447 2484 1563 2520 neque
1582 2473 1690 2509 rebus
1712 2485 1829 2521 neque
1853 2475 2072 2522 temporibus
2078 2489 2094 2518 ;
2128 2478 2228 2522 quod
2249 2489 2333 2514 vero
2357 2478 2403 2515 de

176 2518 313 2564 nuptiis
335 2522 389 2553 est
410 2518 568 2553 studium
592 2517 642 2552 ad
665 2520 797 2560 totum,
829 2521 872 2553 ut
893 2518 945 2553 ita
965 2518 1144 2561 dicamus,
1174 2529 1289 2565 qenus
1308 2518 1503 2554 humanum
1525 2522 1683 2565 spectat,
1717 2531 1737 2555 e
1787 2531 1834 2555 uo
1855 2521 1963 2556 etiam
1986 2521 2068 2556 solo
2091 2519 2162 2557 hoc
2189 2527 2400 2567 renovatur,

176 2575 220 2599 ac
242 2564 381 2599 maiore
403 2574 512 2609 quam
535 2567 655 2598 cetera
678 2573 768 2598 cura
790 2562 939 2609 diqnum
962 2567 1025 2599 est.
1080 2565 1199 2610 Atque
1221 2565 1423 2616 antiquitas
1447 2564 1589 2610 quidem
1612 2575 1707 2610 quae
1729 2531 1784 2600 ati
1797 2566 1943 2612 priores
1966 2570 2032 2601 aut
2052 2566 2231 2603 secundas
2253 2569 2402 2615 nuptias

168 2609 358 2656 pertinent
391 2619 466 2643 non
504 2608 610 2643 nimis
638 2608 778 2643 curiose
808 2612 1046 2655 perscrutata
1078 2614 1151 2645 est:
1189 2609 1254 2645 sed
1284 2608 1415 2645 licebat
1451 2613 1524 2644 tam
1554 2609 1727 2656 patribus
1763 2621 1871 2656 quam
1908 2611 2086 2647 matribus
2120 2616 2156 2647 et
2191 2612 2242 2648 ad
2275 2614 2402 2660 plures

175 2654 324 2700 nuptias
346 2653 467 2689 venire
490 2664 604 2699 neque
624 2653 699 2688 ullo
721 2652 824 2688 lucro
837 2654 995 2699 privari,
1018 2654 1070 2689 ita
1091 2657 1132 2690 ut
1151 2665 1211 2690 res
1232 2655 1272 2689 in
1295 2655 1376 2701 ipsa
1395 2654 1628 2701 simplicitate
1652 2655 1811 2701 confusa
1834 2660 1935 2692 esset.
1977 2657 2010 2692 Α
2037 2657 2259 2709 temporibus
2282 2663 2401 2695 autem

178 2698 369 2734 Theodosii
391 2699 542 2734 maioris
564 2698 722 2745 amplior
736 2698 820 2750 fuit
842 2709 931 2734 cura
955 2698 1049 2735 banc
1068 2710 1143 2734 rem
1167 2710 1246 2734 eum
1267 2703 1347 2735 arte
1367 2699 1566 2742 tractandi,
1599 2699 1714 2748 donec
1743 2711 1812 2747 per
1839 2706 2029 2747 sequentes
2051 2702 2223 2750 deinceps
2245 2704 2401 2751 impera-

177 2748 273 2780 tores
296 2744 437 2790 aqitata
461 2743 511 2779 ad
524 2742 681 2779 Leonem
697 2754 788 2790 piae
806 2744 999 2779 memoriae
1018 2745 1195 2791 pervenit,
1228 2745 1290 2796 qui
1313 2744 1370 2780 vir
1392 2745 1539 2791 eqreqie
1561 2748 1598 2781 et
1618 2745 1773 2781 viriliter
1796 2747 1904 2782 etiam
1928 2758 2022 2798 quae
2054 2747 2104 2794 ad
2125 2747 2216 2784 haec
2234 2753 2404 2796 spectant

175 2800 309 2836 maqna
332 2800 382 2825 ex
398 2793 511 2836 parte
534 2789 612 2835 leqe
636 2789 830 2836 constituit.
879 2788 958 2824 Nos
980 2794 1099 2825 autem
1122 2800 1201 2825 cum
1224 2801 1263 2824 in
1287 2789 1582 2825 constitutionum
1608 2791 1870 2837 compositione
1893 2791 1968 2827 alia
1991 2792 2105 2827 multa
2131 2792 2175 2829 de
2198 2792 2255 2829 Itis
2275 2793 2402 2840 defini-

174 2835 298 2877 vimus,
323 2838 396 2870 tum
420 2845 516 2869 nunc
538 2845 579 2869 re
599 2833 760 2869 consiliis
780 2834 1063 2880 perfectioribus
1082 2834 1314 2870 considerata
1337 2834 1514 2881 quaedam
1534 2835 1757 2871 emendanda
1780 2846 1856 2872 esse
1879 2837 2165 2873 existimavimus
2185 2849 2260 2874 non
2284 2839 2401 2875 solum

175 2890 299 2916 eorum
320 2891 415 2925 quae
438 2879 482 2914 ab
508 2879 601 2921 aliis,
624 2878 690 2926 sed
711 2879 784 2913 iam
807 2890 932 2914 eorum
954 2890 1099 2932 quoque
1116 2891 1210 2926 quae
1230 2892 1253 2915 a
1272 2879 1377 2915 nobis
1399 2880 1491 2925 ipsis
1512 2881 1654 2915 sancita
1699 2886 1839 2917 uerunt.
1885 2881 2013 2928 Neque
2032 2883 2126 2918 enim
2148 2883 2401 2927 erubescimus,

174 2925 207 2960 si
230 2924 319 2970 quid
338 2924 530 2971 pulchrius
558 2923 614 2960 vel
642 2924 732 2966 illis,
766 2934 860 2969 quae
888 2925 959 2970 ipsi
987 2929 1095 2960 antea
1126 2926 1305 2967 diximus,
1335 2925 1576 2972 reperiamus,
1607 2925 1648 2960 id
1683 2937 1748 2972 eqe
1769 2927 1914 2963 sancire
1941 2932 1978 2963 et
1990 2927 2185 2975 prioribus
2207 2929 2402 2964 secundam

175 2981 269 3016 quae
288 2969 477 3005 conveniat
499 2969 758 3004 correctionem
780 2973 909 3015 sponte
932 2969 1093 3014 adferre,
1118 2981 1184 3006 nec
1207 2969 1291 3006 v'ero
1315 2974 1358 3005 ut
1384 2969 1429 3005 ab
1455 2969 1539 3005 aliis
1562 2969 1626 3006 lex
1648 2970 1856 3007 emendetur
1878 2977 2084 3019 expectare.

307 3014 336 3049 1.
386 3013 470 3050 Duo
496 3014 638 3061 quidem
662 3013 750 3050 llaec
765 3014 1054 3060 praemittantur
1073 3015 1157 3051 huic
1180 3015 1261 3062 leqi.
1308 3017 1427 3061 Atque
1442 3015 1605 3061 primum
1624 3015 1735 3058 illud,
1759 3020 1801 3052 ut
1821 3018 1941 3052 omnia
1965 3017 2121 3064 quidem,
2156 3029 2403 3065 quaecumque

172 3059 358 3106 prioribus
382 3059 602 3106 temporibus
624 3058 698 3095 sive
721 3071 744 3094 α
767 3058 871 3094 nobis
893 3059 967 3094 sive
990 3059 1035 3094 ab
1055 3060 1102 3094 iis
1125 3062 1191 3106 qui
1211 3071 1280 3096 nos
1300 3064 1585 3107 praecesserunt
1613 3061 1757 3096 sancita
1779 3066 1885 3104 sunt,
1917 3062 2114 3098 secundum
2136 3074 2206 3098 sua
2232 3063 2403 3110 quodque

177 3110 340 3151 tempora
363 3104 526 3147 valeant,
550 3108 676 3150 utpote
699 3115 794 3150 quae
813 3103 952 3138 nullam
978 3103 1135 3140 habeant
1157 3116 1207 3141 ex
1222 3106 1418 3152 praesenti
1439 3105 1518 3150 leqe
1540 3104 1826 3149 innovationem,
1849 3106 1914 3142 sed
1935 3108 1975 3142 in
1996 3108 2074 3143 suis
2092 3107 2234 3143 casibus
2257 3108 2403 3144 valeant

222 3199 237 3230 1
270 3192 356 3229 ὁδὸν
383 3197 444 3228 καὶ
468 3196 540 3236 Μς]
571 3192 697 3240 ὀρθῶς
721 3197 753 3228 L
780 3195 792 3239 11
822 3191 1017 3242 προσήκειν
1041 3197 1073 3230 L
1100 3197 1113 3239 11
1143 3199 1163 3231 2
1196 3195 1251 3239 δὴ]
1322 3197 1383 3229 bus
1402 3196 1606 3236 (hominibus
1618 3210 1643 3229 s.
1658 3210 1686 3229 v.
1710 3197 1770 3238 17³)
1796 3202 1829 3229 et
1848 3201 1984 3241 propria
2006 3198 2100 3243 7114
2122 3199 2273 3232 ordinem
2294 3200 2400 3242 suppl.

175 3239 273 3276 ML
291 3240 304 3286 11
319 3244 340 3275 4
363 3238 594 3285 καιριωτάτω
608 3241 709 3282 ML2]
730 3238 955 3285 κοιριωτάτω
968 3241 1017 3274 L¹
1041 3240 1252 3287 κυριωτάτῳ
1330 3242 1383 3275 72
1399 3244 1431 3275 in
1451 3249 1538 3284 spat.
1551 3254 1621 3275 vac.
1637 3242 1649 3282 11
1669 3244 1689 3275 6
1713 3242 1873 3276 artificem
1891 3244 1939 3284 T]
1964 3244 2091 3277 artifice
2103 3244 2200 3277 RV¹
2223 3244 2401 3278 artificioso

176 3288 370 3340 Ηριίοαηάεν
383 3287 535 3340 (propria.r
543 3291 574 3324 ς)
594 3285 642 3328 118
665 3287 786 3329 μένειν
811 3287 893 3340 σοφιῐῖ
907 3286 1096 3320 Zachariae
1112 3285 1124 3331 11
1143 3288 1163 3320 9
1191 3289 1250 3341 τῇ]
1322 3286 1382 3339 ’73
1404 3300 1429 3319 s.
1444 3287 1593 3338 v.,.vulq.
1610 3286 1623 3330 11
1649 3288 1668 3319 ’7
1693 3288 1839 3330 manent]
1863 3299 1985 3341 genera
2010 3291 2087 3341 add.
2110 3289 2164 3322 Rss
2186 3288 2199 3332 ΙΙ
2225 3291 2245 3323 8
2268 3293 2401 3323 nostrae

174 3331 318 3418 τωνιῗῖι
335 3330 666 3410 ’Ῑιῗαὲἰῖἶὲενωὲιέι
676 3330 750 3417 11]ιὶῗῖ
766 3332 1108 3420 ἴεητόῖἔέοέῗιῖιῗῖ).
1118 3344 1251 3410 ’ἓῖἷιρζ
1286 3318 1289 3381 Ι
1321 3332 1860 3420 {ffiss‘ssrtiffltaiinri’lfffflmffoeiff
1865 3333 2401 3423 11¹i¹¹g¹2¹33¹1123221312¹⁷ff2¹'0¹3235‡

151 3451 153 3454 .
175 3388 292 3465 isim.
311 3420 324 3466 ιι
340 3419 464 3456 πλεῖον
478 3388 614 3464 [ἐρήμῃ
639 3417 812 3464 ὑφεξῆιι
831 3419 844 3464 ιι
860 3422 904 3454 24
926 3420 1086 3462 Λέοντα]
1112 3424 1153 3466 cf.
1172 3403 1251 3456 c'oef
1286 3383 1289 3455 Ι
1322 3424 1370 3454 est
1391 3428 1466 3465 pose
1486 3422 1535 3455 rei
1559 3422 1631 3455 ιοιι.
1657 3422 1691 3455 R
1707 3423 1719 3465 ιι
1738 3425 1780 3457 22
1805 3424 1900 3456 uenit
1929 3424 1982 3466 Vn
2013 3426 2055 3457 23
2077 3424 2315 3470 constitutione
2333 3426 2368 3458 R
2386 3426 2399 3470 ιι

176 3470 207 3506 5,
220 3475 237 3501 9
264 3465 309 3507 611
328 3468 370 3501 26
395 3466 526 3500 τοῦτον
550 3467 582 3499 L
600 3462 612 3509 11
627 3461 742 3507 Ἡμεῖς
762 3462 851 3506 min]
877 3466 920 3509 qs:
937 3466 1013 3499 C'cd.
1028 3469 1060 3507 5,
1074 3474 1102 3506 9,
1117 3474 1216 3510 seqq.
1239 3466 1251 3507 Ι]
1286 3464 1288 3472 “
1321 3468 1364 3500 24
1389 3467 1660 3509 compositionem
1683 3468 1761 3501 RV
1777 3467 1789 3511 ΙΙ
1818 3470 1861 3502 ’26
1886 3468 2018 3501 consilii
2043 3469 2095 3502 7ι
2116 3468 2128 3513 11
2157 3469 2400 3512 perfectoribus

175 3514 217 3547 28
240 3493 309 3545 ’νῦν
330 3511 460 3557 χρῆναι
483 3513 515 3545 L
531 3511 543 3554 11
570 3513 609 3544 31
637 3507 727 3544 ἄλλα
751 3507 795 3552 δῆ
815 3511 848 3543 L
863 3510 875 3552 ΙΙ
900 3512 944 3544 34
967 3507 1046 3552 τὴν]
1071 3513 1144 3545 τοῖς
1166 3512 1214 3546 L¹
1285 3482 1288 3543 Ι
1319 3511 1369 3544 R¹
1399 3512 1635 3554 perfectioibus
1663 3513 1713 3545 7ι
1741 3512 1753 3556 11
1784 3523 1881 3546 causa
1903 3513 1954 3546 R¹
1981 3513 1993 3557 11
2030 3516 2069 3548 27
2096 3514 2163 3547 iam
2184 3514 2231 3555 V]
2262 3516 2330 3547 tam
2352 3515 2399 3557 R,

141 3575 143 3578 ⁴
174 3554 344 3603 δευτέραν
356 3557 417 3599 L²]
442 3554 616 3602 δευτέροις
630 3556 728 3596 ML¹‚
746 3568 804 3588 om.
819 3554 926 3599 ς1135
952 3554 1100 3589 οἴκοθεν
1123 3568 1216 3594 σοις
1239 3513 1244 3602 Ι
1285 3560 1287 3597 ι’
1320 3570 1377 3589 om.
1403 3558 1488 3601 vulq.
1520 3557 1532 3599 11
1560 3558 1602 3591 29
1627 3557 1851 3590 erubescimur
1885 3559 1918 3591 V
1942 3557 1954 3602 11
1982 3560 2114 3600 horum]
2139 3560 2302 3592 bonorum
2336 3560 2398 3603 711

175 3603 218 3636 39
245 3600 346 3648 παρὰ
367 3602 446 3637 τῶν
469 3603 533 3643 Ες]
558 3598 657 3649 παρὰ
678 3613 737 3636 om.
1319 3603 1361 3634 30
1381 3602 1462 3634 haec
1474 3602 1508 3635 R
1526 3600 1539 3646 11
1556 3603 1598 3636 32
1617 3605 1772 3645 expecta*
1796 3603 1845 3636 7ι
1864 3602 1876 3647 11
1893 3605 1933 3637 3Ί
1955 3603 2034 3647 Cap.
2050 3607 2064 3640 1
2082 3605 2206 3639 Vrubr.
2223 3605 2236 3649 11
2255 3607 2296 3639 37
2310 3606 2397 3647 Duo]

1318 3647 1392 3683 Quo
1427 3648 1552 3681 Vrubr.
1569 3647 1581 3690 11
1599 3648 1838 3691 permittantur
1860 3648 1954 3683 R¹V

219 3693 239 3726 2
264 3692 365 3737 quod]
390 3704 454 3736 que
486 3693 536 3727 7ι
560 3703 644 3735 quae
672 3690 752 3736 17311
769 3694 787 3725 3
813 3694 862 3725 est
883 3694 916 3725 et
939 3693 1122 3726 communis
1141 3694 1246 3726 omni-

2061 3753 2127 3785 19*
