2618 4010
235 116 343 162 Nov.
374 118 494 161 XXV
523 121 561 160 2.
587 120 612 160 3
1319 112 1396 163 198
2138 134 2196 164 nn
2226 104 2458 165 PRAn‘roRn

234 227 474 271 στελλόμενοι.
522 230 618 263 ἔστω
665 227 710 274 ἂρ
736 226 757 263 ὁ
779 228 939 263 τοιοῦτος
969 225 1074 263 αὐτὸς
1106 227 1233 262 ἑαυτοῦ
1255 240 1314 272 με·
1383 238 1523 275 semper
1545 230 1583 264 et
1604 228 1699 266 unde
1729 229 1762 266 ei
1786 231 1963 277 cingulum
1991 235 2047 269 est
2070 232 2255 274 collatum,
2287 240 2457 268 veneran-

234 276 413 318 μνημένος
435 270 490 308 ἀεὶ
514 276 575 307 καὶ
597 270 618 308 ὅ
650 286 691 307 εν
715 270 815 317 αὐτῷ·
839 274 885 308 τὰ
906 274 967 316 τῆς
985 269 1090 319 ἀρχῆς
1109 275 1313 317 συνέστηκε,
1383 274 1451 310 dus
1476 273 1658 316 subiectis,
1688 273 1858 312 tenibilis
1872 277 2184 313 >latrocinantibus
2218 279 2255 311 et
2283 275 2457 317 violentis,

235 315 363 362 σεμνός
391 330 432 351 τε
463 320 537 352 τοῖς
565 315 734 361 ὑπηκόοις
765 316 917 364 φοβερός
946 331 987 353 τε
1009 321 1083 352 τοῖς
1106 315 1315 364 λῃστεύουσι
1382 322 1421 354 et
1441 328 1522 354 cum
1544 318 1707 371 ampliori
1728 317 1861 356 fiducia
1877 327 2012 358 cuncta
2030 332 2167 366 gerens.
2216 320 2339 356 Palam
2357 331 2458 356 nam·

235 365 295 396 καὶ
321 359 487 397 ἀδικοῦσι
518 365 580 397 καὶ
614 362 704 407 μετὰ
739 362 903 399 πλείονος
937 365 1138 409 παρρησίας
1166 359 1314 397 ἅπαντα
1385 372 1455 407 que
1477 365 1534 398 est
1556 372 1640 408 qula
1662 363 1763 415 puris
1807 364 1924 401 uidem
1943 367 2056 402 utitur
2073 367 2255 409 manilium
2282 375 2364 401 nam
2382 365 2460 401 sine

236 404 422 451 πράττων.
469 404 652 453 πρόδηλον
674 405 754 455 γάρ,
787 405 835 443 οὖς
856 407 1037 452 καθαραῖς
1059 409 1127 451 μὲν
1148 406 1316 454 χρήσεται
1352 411 1371 442 5
1386 407 1559 452 suffragio
1593 407 1726 452 accipit
1757 373 2115 455 nimiunn-ationem,
2147 417 2183 446 et
2207 412 2276 446 alio
2309 410 2413 445 modo
2438 419 2460 445 a

235 454 314 486 ταῖς
335 455 467 498 χερσίν,
491 455 570 488 ἐπεὶ
593 455 653 487 καὶ
676 453 840 497 ἄμισθον
864 451 1142 497 παραλαμβάνει
1165 450 1232 494 τὴν
1254 449 1315 498 ἀρ·
1387 452 1490 488 nobis
1520 452 1638 497 posita
1666 462 1782 497 nuper
1811 452 1869 489 lex
1899 456 2063 491 omnibus
2095 455 2460 492 administrationibus

235 495 303 538 χὴν
338 499 399 531 καὶ
431 495 547 532 ἄλλως
576 493 596 532 ὁ
630 494 720 542 παρ’
751 495 856 542 ἡμῶν
886 497 1006 532 τεθεὶς
1034 499 1181 543 ἔναγχος
1209 496 1317 540 νόμος
1387 506 1479 541 quae
1502 497 1696 542 inscriptae
1721 498 1863 532 suntin
1887 508 1931 534 ea
1952 505 2075 545 aperte
2098 501 2272 547 praecipit
2296 499 2460 535 manibus

236 539 392 576 ἁπάσαις
414 545 493 577 ταῖς
515 538 637 587 ἀρχαῖς
659 545 738 577 ταῖς
758 544 1055 590 ἐγγεγραμμένοις
1075 540 1175 585 αὐτῷ
1193 542 1318 587 σαφῶς
1386 541 1567 577 abstinere
1596 546 1674 587 (pro
1707 552 1776 586 quo
1809 542 1917 578 etiam
1944 544 2188 581 iusiurandum
2220 545 2388 585 subeunt)
2425 548 2463 579 et

238 584 422 621 ἐπιτάττει
443 588 575 633 χειρῶν
598 600 638 622 τε
658 591 802 641 κρατεῖν
825 584 899 631 (ἐφ’
923 578 955 630 ᾦ
971 584 1016 629 δὴ
1035 588 1095 620 καὶ
1115 586 1182 620 τὸν
1210 582 1318 633 ὅρκον
1388 586 1582 629 secundum
1618 589 1761 622 nostras
1797 587 1891 631 leges
1926 587 2084 626 iudicare
2119 594 2155 626 et
2187 590 2345 625 tribuere
2378 589 2462 624 sub-

236 628 420 674 ὑπέχουσι)
444 635 503 666 καὶ
526 630 618 667 κατὰ
639 643 722 667 τους
741 631 926 676 ἡμετέρους
950 628 1078 673 νόμους
1101 629 1259 673 δικάζειν
1280 645 1318 665 τε
1333 631 1488 667 10iectis
1521 632 1735 676 aequitatem
1768 636 1876 676 atque
1907 632 2092 669 iustitiam.
2138 635 2198 670 Sic
2222 639 2259 670 et
2281 635 2365 670 olim
2390 634 2461 669 Ro·

237 678 298 709 καὶ
319 679 443 720 νέμειν
465 679 538 712 τοῖς
560 674 729 721 ὑπηκόοις
752 674 901 719 ἰσότητά
928 689 968 709 τε
992 679 1051 709 καὶ
1075 673 1317 719 δικαιοσύνην.
1387 676 1484 711 mani
1504 676 1762 722 rempublicam
1787 676 1998 712 decorantes
2029 688 2150 715 omnes
2174 680 2263 715 alias
2286 679 2462 733 respubli-

238 717 336 755 οὕτω
359 725 419 755 καὶ
443 720 480 756 οἱ
501 720 614 757 πάλαι
630 724 789 766 Ρωμαῖοι
809 720 852 755 τὸ
875 719 1074 764 πολίτευμα
1094 718 1316 765 κατακοσμὴ-
1389 731 1451 757 cas
1486 721 1707 757 obtinebant.
1768 721 1854 765 Quis
1890 722 1982 757 enim
2018 733 2089 759 non
2123 724 2463 760 administrationem

238 776 367 801 σαντες
390 764 506 809 πάσης
529 767 649 821 ἑτέρας
672 765 853 801 πολιτείας
870 763 1052 812 ἐκράτουν.
1094 769 1150 800 τίς
1166 764 1211 813 y&
1253 763 1318 800 οὐκ
1387 766 1482 801 hanc
1506 771 1710 801 revereatur
1738 767 1843 801 simul
1874 771 1910 802 et
1942 769 2202 813 contremiscat,
2233 769 2354 805 videns
2385 778 2463 804 eam

238 808 285 844 ἂν
307 810 376 855 τὴν
398 808 510 857 ἀρχὴν
532 825 670 854 ταυτην
695 809 882 854 αἰδεσθείη
905 824 945 844 τε
969 806 1042 855 ἅμα
1066 813 1125 844 καὶ
1149 779 1318 857 φρίὲειεν,
1387 811 1523 855 duplici
1553 811 1667 856 figura
1698 812 1870 846 munitam
1902 815 1940 846 et
1959 810 2066 847 facile
2093 813 2231 858 quidem
2263 823 2355 859 quae
2379 815 2464 848 sunt

237 852 338 901 ὁρῶν
362 854 476 899 αὐτὴν
505 854 577 891 ὑπὸ
607 854 736 891 διπλοῦ
771 855 946 898 σχήματος
969 859 1236 901 φρουρουμένην
1259 859 1318 889 καὶ
1336 859 1373 891 15
1387 866 1432 892 ex
1449 856 1527 901 lege
1543 855 1833 900 praecipientem,
1860 856 2026 892 velociter
2051 864 2180 899 autem.
2208 858 2240 894 si
2260 859 2343 904 quid
2365 861 2463 893 trau·

250 899 375 944 ’ᾳδίως
406 903 474 945 μὲν
503 900 550 936 τὰ
581 903 619 935 ἐκ
650 902 712 935 τοῦ
746 899 857 944 νόμου
889 898 1165 942 διατάττουσαν,
1202 901 1318 955 ῥᾷστα
1387 902 1580 937 scendatur
1602 901 1701 945 legis,
1730 901 1798 937 hoc
1823 901 1929 936 armis
1955 902 2212 947 corrigentem?

240 913 296 988 5⁶¹,
327 946 364 980 εἴ
382 959 418 980 τι
442 946 680 1000 παραβαθείη
710 947 774 980 τοῦ
797 943 924 990 νόμου,
955 946 1064 979 τοῦτο
1093 949 1167 980 τοῖς
1195 944 1319 981 ὅπλοις

239 993 260 1027 1
313 992 613 1036 επανορθουσιινς
649 988 756 1036 Ἅπερ
780 988 820 1024 δὲ
842 991 896 1033 τῷ
920 990 1013 1024 κατὰ
1037 989 1211 1025 Πισιδίαν
1233 1004 1317 1035 προ·
1388 992 1406 1025 1
1463 990 1562 1034 Quae
1586 1000 1669 1026 vero
1693 990 1849 1025 Pisidiae
1880 995 1964 1026 sunt
1988 991 2197 1030 denuntiata
2228 993 2385 1038 praetori
2409 1003 2464 1029 se-

238 1032 428 1082 ηγόρευται
459 1039 642 1082 πραίτωρι
673 1034 764 1069 κατὰ
795 1033 862 1069 τὸν
892 1038 974 1082 περὶ
1004 1037 1139 1069 ἐκείνου
1168 1049 1317 1083 γεγραμ·
1388 1035 1543 1070 cundum
1575 1035 1688 1080 legem
1720 1035 1764 1071 de
1795 1034 1856 1070 illo
1891 1036 2148 1081 conscriptam,
2187 1037 2275 1073 haec
2305 1038 2395 1073 bene
2427 1047 2466 1073 80

238 1082 350 1124 μόνον
379 1080 508 1124 νόμον,
539 1081 657 1115 ταῦτα
684 1079 801 1115 καλῶς
831 1082 926 1135 ἔχειν
958 1077 1134 1125 ᾠήθημεν
1165 1093 1317 1127 προαγο·
1332 1083 1374 1115 20
1387 1080 1520 1115 habere
1555 1080 1767 1116 credidimus
1804 1080 2015 1116 denuntiare
2050 1082 2159 1117 etiam
2189 1082 2260 1117 isti.
2315 1082 2467 1127 Oportet

282 1126 365 1159 ὗσαι
394 1128 452 1159 καὶ
475 1124 604 1168 τούτῳ.
653 1123 707 1159 δεῖ
732 1124 800 1172 γὰρ
827 1123 940 1159 αυτὸν
970 1125 1037 1169 τὴν
1060 1123 1172 1171 ἀρχὴν
1204 1139 1318 1171 παρα-
1387 1125 1480 1160 enim
1510 1135 1591 1160 eum
1623 1125 1692 1160 hoc
1723 1125 1901 1170 cingulum
1931 1126 2175 1162 adsumentem
2206 1127 2362 1171 undique
2390 1127 2468 1162 sine

240 1138 476 1214 λαμβάνοντα
505 1169 643 1213 ταύτην
667 1168 905 1212 πανταχόθεν
936 1169 1100 1214 ἄμισθον
1123 1164 1236 1206 οὖσαν
1259 1174 1317 1204 καὶ
1389 1169 1560 1214 suffragio
1585 1171 1830 1212 constitutum,
1854 1175 1890 1205 et
1913 1171 2029 1215 ipsum
2058 1172 2135 1207 sine
2157 1172 2364 1208 muneribus
2389 1181 2469 1206 esse

240 1212 353 1249 αὐτὸν
376 1212 611 1260 ἀδωρότατον
634 1215 727 1249 εἶναι
755 1218 815 1248 καὶ
839 1210 1030 1260 ἀρκεῖσθαι
1057 1214 1181 1259 μόνοις
1203 1215 1254 1250 οἷς
1277 1215 1319 1249 τὸ
1387 1218 1424 1250 et
1448 1219 1656 1250 contentum
1680 1216 1765 1251 solis
1796 1225 1887 1261 quae
1910 1216 2019 1251 fiscus
2043 1217 2210 1262 praebet,
2242 1217 2337 1252 sicut
2361 1217 2468 1252 etiam

240 1259 415 1303 δημόσιον
446 1258 576 1294 δίδωσι
609 1259 723 1299 (καθὰ
754 1262 813 1294 καὶ
838 1257 857 1293 ὁ
882 1263 964 1305 περὶ
995 1262 1074 1294 τῶν
1101 1259 1224 1307 ἀρχῶν
1254 1258 1318 1304 ἢδη
1388 1259 1433 1294 de
1451 1260 1820 1296 administrationibus
1839 1261 1909 1295 iam
1926 1261 2044 1305 posita
2060 1262 2220 1306 loquitur
2237 1262 2305 1305 lex,
2326 1265 2361 1297 et
2379 1271 2469 1307 pure

240 1305 345 1341 τεθει
385 1307 393 1316 ’
413 1317 450 1341 ος
470 1303 672 1351 διαλέγεται
690 1303 820 1349 νόμος),
841 1305 1015 1351 καθαρῶς
1035 1318 1075 1339 τε
1094 1309 1154 1339 καὶ
1174 1304 1319 1340 δικαίως
1333 1307 1374 1339 25
1387 1309 1495 1349 atque
1518 1305 1611 1340 iuste
1643 1306 1695 1340 uti
1719 1306 1856 1342 causis:
1895 1309 1932 1341 et
1955 1306 2047 1341 sicut
2079 1307 2111 1342 ei
2141 1307 2252 1342 mixta
2284 1310 2369 1342 sunt
2394 1306 2468 1342 cin-

240 1317 412 1394 χοῆσθιοῗ
430 1353 504 1384 τοῖς
527 1347 724 1396 πράγμασι.
755 1352 815 1383 καί
848 1346 965 1397 ὥςπερ
998 1347 1097 1394 αὐτῷ
1120 1354 1319 1398 μεμιγμένα
1387 1351 1481 1394 gula,
1514 1350 1567 1385 sic
1594 1350 1700 1385 etiam
1725 1350 1833 1385 animi
1864 1351 2096 1395 congruentia
2119 1356 2317 1397 temperata
2341 1352 2399 1394 sit,
2432 1354 2470 1386 et

239 1384 286 1430 τὰ
308 1395 371 1438 τῆς
392 1393 499 1440 ἀρχῆς
523 1396 633 1435 ἐστιν,
668 1392 781 1429 οὕτως
805 1391 904 1438 αὐτῷ
936 1398 996 1428 καὶ
1026 1395 1095 1438 τὴν
1126 1397 1187 1438 τῆς
1210 1396 1320 1441 ψυχῆς
1388 1397 1510 1429 utatur
1542 1395 1732 1439 aliquando
1765 1395 1907 1440 quidem
1937 1396 2179 1440 asperioribus
2211 1401 2248 1432 et
2277 1397 2467 1432 vehemen-

240 1439 419 1486 ἁρμονίαν
449 1440 650 1486 κεκρᾶσθαι
682 1441 770 1474 ποτε
798 1441 865 1484 μὲν
894 1438 1070 1483 ὀξυτέρως
1098 1454 1138 1474 τε
1161 1443 1220 1474 καὶ
1244 1443 1319 1474 tm—
1388 1439 1551 1482 tioribus,
1582 1440 1773 1484 aliquando
1805 1450 1889 1475 vero
1920 1440 2121 1477 mitioribus
2154 1445 2190 1477 et
2218 1441 2370 1487 placidis
2393 1442 2467 1477 elo-

239 1487 458 1530 τεταμένοις,
483 1487 572 1521 ποτὲ
593 1482 631 1519 δὲ
651 1487 861 1530 πρᾳοτέροις
883 1498 923 1519 τε
943 1488 1003 1518 καὶ
1027 1482 1226 1529 ἀνειμένοις
1247 1488 1321 1519 τοῖς
1389 1485 1605 1520 cutionibus.

240 1531 266 1567 2
322 1529 511 1585 φθόγζοις.
562 1532 634 1563 Καὶ
663 1533 814 1574 μισείτω
847 1531 914 1571 μὲν
942 1526 1015 1573 ἅμα
1048 1533 1107 1563 καὶ
1138 1529 1319 1573 κολαζέτω
1334 1533 1375 1565 30
1389 1529 1414 1564 2
1460 1530 1509 1564 Et
1526 1529 1605 1565 odio
1627 1529 1767 1574 quidem
1788 1530 1918 1565 habeat
1937 1530 2041 1565 simul
2061 1534 2097 1566 et
2113 1531 2241 1576 puniat
2256 1530 2467 1567 adulterium

240 1578 404 1620 μοιχείαν
428 1586 586 1616 απασαν,
606 1577 666 1608 καὶ
686 1571 755 1619 πρό
776 1587 815 1621 γε
834 1576 967 1617 ἐκείνης
987 1572 1241 1621 ἀνδροφονίαν,
1261 1579 1320 1608 καὶ
1390 1575 1600 1617 universum,
1625 1577 1661 1610 et
1680 1578 1763 1610 ante
1787 1574 1875 1609 illud
1899 1575 2138 1618 homicidium,
2164 1578 2201 1612 et
2220 1576 2390 1622 quicquid
2408 1586 2467 1611 ve·

240 1622 297 1655 ἔτι
326 1618 572 1674 σφοδρότερον
600 1619 662 1653 τὰς
698 1620 777 1653 τῶν
807 1619 1011 1664 παρθένων
1041 1617 1213 1667 ἁρπαγάς.
1259 1623 1319 1653 καὶ
1390 1619 1588 1655 bementius
1610 1623 1664 1655 est
1683 1620 1855 1663 virginum
1876 1622 2013 1664 raptus.
2062 1621 2111 1655 Et
2129 1621 2314 1664 violentos,
2340 1622 2371 1656 si
2389 1621 2467 1667 qui-

241 1663 324 1700 τοὺς
342 1662 564 1705 αδικοῦντας,
588 1665 620 1698 εἰ
638 1666 705 1709 μὲν
724 1660 960 1709 ἀθεράπευτα
975 1668 1126 1706 νοσοῖεν,
1150 1667 1210 1699 καὶ
1227 1665 1319 1699 καθ·
1390 1665 1467 1700 dem
1502 1664 1797 1700 inmedicabiliter
1832 1668 2036 1708 aegrotant,
2076 1666 2183 1702 etiam
2220 1666 2362 1702 omnino
2394 1671 2468 1702 tor-

240 1708 341 1750 ἀπαξ
364 1709 556 1752 κολαζέτω,
588 1710 620 1743 εἰ
643 1707 684 1743 δὲ
705 1722 771 1753 μετ
795 1708 939 1755 ιώτερα,
971 1708 1060 1756 πρὸς
1092 1708 1132 1744 τὸ
1157 1713 1320 1757 κρεῖττον
1390 1712 1513 1754 queat3
1551 1710 1582 1744 si
1618 1720 1701 1745 vero
1738 1709 1975 1754 mediocriter,
2012 1710 2059 1746 ad
2090 1711 2238 1747 meliora
2274 1715 2468 1747 convertat.

240 1755 517 1800 μεθαρμοζέτω.
553 1751 760 1801 ἐρυθριάτω
801 1755 817 1787 ε’
835 1754 913 1788 τῶν
927 1752 1156 1789 ἀδικούντων
1171 1753 1320 1799 μηδένα,
1334 1758 1374 1789 35
1389 1754 1594 1789 Erubescat
1625 1759 1744 1790 autem
1776 1755 2010 1790 violentorum
2033 1756 2181 1800 nullum,
2215 1756 2299 1791 licet
2323 1757 2470 1792 idoneus

241 1799 309 1835 κᾶν
334 1801 366 1833 εἰ
395 1798 567 1842 πλουτοίη
599 1796 667 1833 κᾶν
698 1799 734 1833 εἴ
756 1810 853 1833 τινος
883 1796 984 1839 ἀξίας
1012 1798 1226 1843 ἐπείληπται
1248 1804 1321 1843 μεί-
1390 1799 1447 1841 sit,
1480 1799 1566 1834 licet
1590 1800 1748 1844 qualibet
1780 1800 1970 1835 decoratus
2003 1800 2174 1845 dignitate
2197 1801 2331 1837 maiori.
2380 1801 2468 1837 Pro-

243 1847 353 1887 ζονος.
397 1842 457 1878 διὰ
477 1845 586 1878 τοῦτο
607 1843 652 1891 γὰ
700 1842 744 1886 δὴ
767 1847 828 1878 καὶ
851 1845 890 1877 ἐκ
913 1845 992 1878 τῶν
1011 1848 1240 1890 σεμνοτέρων
1261 1843 1320 1878 αὐ·
1390 1849 1513 1890 pterea
1537 1845 1630 1880 enim
1662 1855 1706 1880 ex
1737 1845 1969 1880 nobilioribus
1998 1856 2078 1880 eum
2103 1846 2287 1882 ordinibus
2312 1847 2467 1882 destina-

241 1889 309 1924 τὸν
332 1887 546 1936 καταλόγων
569 1888 652 1923 στέλ
675 1902 772 1933 ομεν,
805 1886 905 1923 ὅπως
933 1889 979 1923 ἂν
1003 1889 1152 1924 οἴκοθεν
1181 1892 1256 1932 ἔχοι
1279 1888 1320 1924 τὸ
1389 1901 1479 1932 mus,
1504 1893 1545 1924 ut
1568 1900 1613 1925 ex
1636 1890 1851 1926 auctoritate
1882 1890 1939 1926 sui
1963 1891 2095 1926 habeat
2126 1892 2264 1927 nullum
2291 1892 2470 1936 respicere

241 1933 368 1979 μηδενὶ
392 1937 573 1980 προςέχειν
596 1935 708 1980 ἑτέρῳ
734 1932 828 1977 πλὴν
847 1931 931 1978 ἡμῖν
954 1947 994 1967 τε
1016 1938 1077 1968 καὶ
1096 1937 1170 1969 τοῖς
1187 1934 1320 1978 νόμοις,
1389 1935 1498 1969 alium
1516 1934 1586 1969 nisi
1607 1945 1673 1970 nos
1695 1937 1732 1970 et
1752 1935 1881 1978 legem,
1908 1937 1944 1970 et
1962 1935 2095 1972 iudicet
2114 1937 2254 1982 quidem
2275 1937 2468 1972 secundum

242 1983 303 2014 καὶ
326 1976 484 2021 δικάζειν
507 1980 574 2023 μὲν
597 1976 680 2013 κατ’
707 1980 869 2020 ἐκείνους,
900 1978 942 2013 τὸ
966 1976 1007 2012 δὲ
1027 1976 1185 2022 ὑπήκοον
1211 1977 1319 2025 ἁρμό·
1333 1980 1488 2022 4011188,
1521 1979 1701 2015 subiectos
1734 1985 1854 2015 autem
1887 1983 2031 2026 coaptet
2064 1982 2261 2018 secundum
2293 1992 2354 2018 eas
2387 1992 2467 2017 con-

243 2026 319 2067 ζειν
341 2025 389 2059 εἰς
412 2023 454 2059 τὸ
479 2021 562 2058 κατ’
591 2021 719 2058 αὐτοὺς
743 2020 1013 2060 πολιτεύεσθαι.
1390 2025 1532 2060 versari.

1233 2114 1389 2151 CAPUT
1414 2114 1477 2148 111.

288 2173 361 2204 Kal
380 2169 469 2214 μήτε
486 2170 668 2224 ρᾳῒθυμεῖν
689 2168 780 2213 μήτε
803 2166 955 2223 ἀδικεῖν·
982 2166 1070 2204 ὥςτε
1088 2169 1144 2223 μή,
1158 2181 1259 2204 τινας
1281 2171 1320 2204 ἐκ
1434 2169 1488 2222 Et
1506 2179 1621 2222 neque
1646 2170 1809 2214 neglegat
1832 2181 1946 2216 neque
1969 2171 2102 2214 laedat,
2133 2176 2174 2207 ut
2197 2182 2269 2208 non
2293 2172 2402 2218 aliqui
2427 2184 2469 2208 ex

241 2216 303 2259 τῆς
331 2218 502 2262 ἐπαρχίας
525 2226 563 2258 ης
585 2227 683 2260 αρχει
706 2213 994 2258 καταλιμπανειν
1014 2216 1082 2258 μὲν
1105 2228 1173 2257 την
1197 2213 1321 2259 χώραν
1390 2225 1572 2259 provmcla
1601 2215 1658 2250 cui
1683 2216 1864 2259 praesidet
1888 2216 2056 2251 deserant
2086 2217 2226 2262 quidem
2249 2218 2469 2262 provinciam

243 2315 378 2341 memor
407 2309 444 2340 et
473 2304 570 2340 unde
597 2304 612 2338 i
638 2303 671 2338 si
693 2303 932 2350 maqistratus
961 2302 1163 2345 obvenerit,
1195 2308 1233 2338 et
1259 2302 1415 2338 subditis
1437 2303 1665 2339 venerandus
1688 2308 1722 2339 et
1745 2303 2048 2340 latrocinantibus
2077 2309 2187 2352 atque
2217 2306 2386 2342 iniuriam
2408 2307 2470 2353 fa-

243 2349 417 2386 cientibus
439 2353 511 2385 met
607 2359 661 2390 us,
692 2353 728 2384 et
750 2358 830 2383 cum
859 2347 997 2383 maiore
1023 2347 1163 2393 fiducia
1195 2347 1318 2383 omnia
1341 2352 1514 2394 peraqat.
1579 2348 1863 2384 Consentaneum
1892 2349 1986 2384 enim
2018 2354 2074 2385 est
2088 2361 2211 2397 puras
2240 2362 2320 2386 eum
2343 2362 2471 2387 manus

242 2395 461 2436 habiturum,
485 2394 656 2440 quoniam
677 2397 713 2429 et
728 2392 846 2440 qratis
866 2393 1119 2439 maqistratum
1143 2392 1289 2439 accipit,
1314 2399 1349 2428 et
1365 2393 1509 2428 omnino
1526 2392 1597 2430 ‚lex
1617 2404 1735 2441 nuper
1755 2405 1778 2428 a
1798 2393 1902 2429 nobis
1920 2393 1997 2430 lata
2018 2395 2183 2430 omnibus
2198 2396 2472 2442 magistratibus

241 2440 281 2475 in
304 2450 348 2475 ea
370 2439 590 2487 perscriptis
621 2438 754 2474 diserte
777 2438 981 2485 praecipit,
1012 2441 1055 2473 ut
1083 2448 1213 2473 manus
1243 2437 1455 2473 contineant
1486 2437 1543 2478 (de
1566 2448 1639 2484 quo
1669 2438 1812 2485 quidem
1845 2439 1953 2474 etlam
1983 2439 2234 2476 iusiurandum
2260 2445 2470 2487 praestant)

241 2489 351 2531 atque
373 2483 567 2520 secundum
591 2483 689 2529 leqes
709 2488 858 2518 nostras
880 2487 916 2519 et
937 2482 1098 2518 iudicent
1120 2487 1156 2518 et
1177 2482 1329 2518 subditis
1353 2484 1571 2529 aequitatem
1592 2489 1628 2518 et
1649 2483 1824 2519 iustitiam
1848 2484 2070 2535 impertiant.
2121 2484 2184 2520 Sic
2205 2486 2312 2521 etiam
2336 2490 2472 2522 veteres

243 2529 400 2566 Romam·
427 2528 615 2576 republica
645 2539 714 2564 sua
747 2532 878 2564 ornata
907 2527 1069 2574 reliquas
1099 2527 1263 2563 civitates
1291 2538 1414 2563 omnes
1442 2532 1674 2574 superarunt.
1734 2527 1823 2571 Quis
1851 2539 1945 2564 enim
1980 2528 2075 2564 hunc
2110 2531 2364 2576 maqistratum
2395 2542 2470 2567 non

241 2575 350 2610 simul
366 2578 575 2610 revereatur
593 2577 630 2609 et
633 2572 833 2654 formidet,
853 2583 959 2619 quem
974 2571 1095 2608 videat
1110 2572 1248 2624 duplici
1263 2572 1382 2618 specie
1397 2574 1572 2608 munitum
1589 2583 1666 2608 esse
1685 2583 1730 2608 ac
1744 2573 1859 2618 facile
1877 2573 2019 2619 quidem
2036 2584 2080 2609 ea
2095 2585 2190 2620 quae
2208 2575 2369 2621 quitima
2385 2583 2470 2611 sunt

242 2622 263 2656 1
331 2619 522 2661 ordinare,
550 2618 632 2664 faci
647 2618 729 2654 time
754 2628 860 2660 vero,
896 2616 1013 2653 sicubi
1042 2617 1104 2653 lex
1134 2617 1297 2659 violetur,
1325 2616 1365 2652 id
1393 2618 1504 2653 armis
1534 2617 1742 2654 vindicare?
1835 2616 1936 2661 Quae
1966 2623 2085 2654 autem
2107 2619 2278 2665 praetori
2308 2619 2470 2656 Hsidiae

238 2669 440 2712 praecepta
471 2668 558 2699 sunt
588 2663 628 2699 in
655 2662 734 2710 leqe
768 2662 814 2698 de
847 2661 912 2698 illo
945 2661 1105 2709 scripta,
1141 2673 1185 2698 ea
1217 2661 1300 2697 kuic
1330 2673 1475 2708 quoque
1499 2662 1718 2709 praecipere
1742 2673 1816 2709 par
1844 2673 1921 2698 esse
1950 2662 2131 2699 duximus
2193 2663 2347 2709 Oportet
2375 2666 2470 2701 enim

243 2720 323 2746 eum
352 2709 489 2756 quippe
517 2708 737 2755 maqistratu
765 2706 834 2743 hoc
859 2707 975 2754 plane
1003 2707 1166 2753 qratuito
1196 2710 1346 2754 accepto
1381 2707 1501 2754 ipsum
1530 2717 1676 2754 quoque
1706 2707 1976 2754 inteqerrimum
2005 2718 2081 2743 esse
2111 2708 2227 2755 iisque
2254 2709 2346 2745 solis
2375 2721 2471 2756 quae

239 2755 352 2801 fiscus
380 2752 532 2801 praebet
560 2752 789 2799 acquiescere
822 2751 1134 2798 (quemadmodum
1165 2752 1274 2788 etiam
1309 2751 1373 2788 lex
1406 2751 1452 2788 de
1484 2751 1758 2798 maqistratibus
1790 2752 1862 2787 iam
1897 2751 1973 2787 lata
2000 2753 2170 2799 exponit)
2205 2758 2241 2789 et
2270 2759 2395 2791 sancte
2425 2766 2470 2791 ac

242 2800 337 2836 iuste
359 2799 398 2834 in
410 2798 525 2834 'rebus
543 2798 702 2839 versari,·
724 2802 834 2843 atque
858 2798 910 2832 uti
931 2797 965 2833 ei
987 2797 1126 2832 mixtus
1149 2801 1203 2833 est
1225 2796 1474 2843 maqistratus,
1498 2797 1551 2832 ita
1574 2798 1682 2832 etiam
1706 2797 1818 2832 animi
1841 2802 2053 2833 concentum
2076 2798 2110 2833 ei
2133 2802 2368 2845 temperatum
2393 2810 2470 2836 esse

241 2844 269 2881 2
323 2843 425 2880 sonis
446 2842 554 2879 modo
578 2841 802 2878 acutioribus
825 2846 860 2877 et
882 2842 1042 2884 intentis,
1072 2841 1179 2877 modo
1204 2841 1403 2877 lenioribus
1432 2845 1469 2877 et
1489 2841 1659 2877 remissis.
1735 2842 1855 2893 Atque
1880 2841 1964 2877 odio
1995 2842 2104 2878 simul
2124 2841 2255 2879 habeat
2281 2848 2318 2880 et
2334 2845 2471 2891 puniat

243 2899 350 2925 omne
372 2887 607 2930 adulterium,
639 2891 676 2924 et
691 2898 789 2934 prae
819 2886 883 2923 illo
910 2886 1158 2929 nomicidium,
1189 2890 1226 2923 et
1252 2888 1375 2922 acrius
1394 2886 1512 2923 *etiam
1543 2891 1676 2933 raptus
1698 2886 1886 2933 virqmum.
1947 2885 2095 2933 Eosque
2122 2888 2186 2933 qui
2215 2888 2386 2924 iniuriam
2407 2890 2469 2936 fa-

243 2934 355 2977 ciunt,
383 2932 559 2980 siquidem
583 2931 780 2968 insanabili
807 2931 933 2968 morbo
958 2931 1143 2973 laborent,
1175 2931 1232 2968 vel
1257 2931 1380 2967 statim
1410 2930 1593 2983 supplicio
1618 2931 1786 2976 afficiam
1818 2930 1852 2966 si
1883 2942 1967 2967 vero
1999 2931 2183 2975 mediocri,
2215 2932 2267 2968 ad
2287 2934 2470 2970 meliorem

244 2983 394 3015 mentem
417 2983 569 3015 revocet.
628 2977 814 3014 Neminem
837 2983 958 3013 autem
981 2981 1148 3013 vereatur
1178 2987 1303 3012 eorum
1326 2976 1391 3022 qui
1412 2975 1585 3011 incuriam
1607 2976 1765 3021 faciunt,
1795 2975 1936 3012 etiamsi
1964 2976 2062 3012 dives
2091 2978 2165 3013 sive
2195 2989 2269 3024 qua
2292 2978 2471 3031 dignitate

238 3022 434 3071 praeditus
462 3022 512 3058 sit
542 3022 689 3058 maiore.
750 3021 839 3058 Ideo
864 3022 958 3058 enim
980 3022 1088 3058 etiam
1118 3032 1170 3058 σω
1199 3020 1477 3057 honoratiorum
1509 3022 1667 3057 virorum
1689 3031 1838 3057 numero
1859 3032 1938 3057 eum
1959 3021 2142 3064 mittimus,
2173 3027 2213 3058 ut
2234 3033 2340 3069 quast
2360 3023 2468 3059 domo

242 3079 364 3105 secum
387 3067 524 3115 afferat
544 3066 702 3103 studium
725 3066 817 3103 nihil
839 3066 994 3103 curandi
1016 3066 1119 3102 aliud
1139 3066 1210 3102 nisi
1228 3075 1297 3102 nos
1318 3070 1357 3102 et
1377 3065 1485 3112 leqes,
1519 3070 1630 3111 atque
1651 3065 1847 3102 secundum
1877 3076 1940 3101 eas
1963 3065 2153 3102 iudicandi
2171 3067 2407 3114 subditosque
2430 3073 2469 3104 ut

243 3112 438 3150 secundum
460 3123 524 3148 eas
548 3112 657 3149 vitam
679 3116 796 3159 ayant
815 3110 1028 3149 instruendi.
1899 3154 1906 3161 ·
2026 3155 2032 3162 ι

379 3157 444 3194 ῙῙΙ.
500 3155 591 3192 Item
616 3167 702 3193 neve
725 3156 919 3203 neqleqens
950 3157 999 3192 sit
1029 3167 1116 3192 neve
1146 3155 1318 3190 iniuriam
1340 3155 1479 3200 faciat:
1513 3166 1558 3191 nc
1581 3156 1645 3202 qui
1667 3166 1716 3191 ex
1738 3155 1941 3201 provincia,
1974 3166 2030 3190 cm
2050 3161 2211 3202 praeest,
2237 3163 2394 3204 propter
2414 3157 2464 3192 in·

290 3253 309 3283 5
356 3246 402 3294 ὰρ
421 3260 480 3281 om.
495 3248 553 3290 [ιη
578 3250 596 3281 7
618 3245 735 3291 νόμοι]
757 3261 826 3281 nov.
846 3248 937 3281 VIII
953 3248 965 3288 ΙΙ
989 3249 1010 3280 9
1030 3248 1082 3287 τε]
1099 3244 1141 3279 τὸ
1162 3247 1208 3279 L¹
1225 3245 1239 3290 fl
1263 3243 1319 3287 δὴ]
1390 3245 1482 3283 εἴτι)
1497 3246 1722 3279 vehementius
1735 3244 1843 3290 estefl
1863 3247 1905 3280 33
1919 3247 1978 3277 καὶ
1991 3242 2167 3285 καθάπαξ
2177 3247 2279 3287 LBe]
2292 3243 2467 3285 καθάπαξ

245 3292 285 3326 δὲ
307 3260 356 3327 By
357 3295 369 3336 ΙΙ
398 3295 438 3328 10
462 3294 523 3326 καὶ
546 3290 648 3333 κατὰ]
673 3295 733 3325 καὶ
753 3305 812 3325 om.
831 3293 866 3326 B
884 3292 896 3336 fl
925 3293 962 3325 12
986 3288 1322 3334 κατακοσμήσαντες
1392 3291 1437 3323 Μ
1446 3292 1458 3333 ΙΙ
1477 3292 1520 3325 36
1543 3286 1611 3323 κᾶν
1634 3290 1666 3324 εἰ
1690 3288 1860 3333 πλουτοίη
1885 3303 1942 3323 om.
1960 3291 1994 3323 B
2013 3291 2025 3330 ΙΙ
2041 3290 2268 3343 38Ιοῖκοθεν]
2291 3299 2329 3322 ex
2352 3291 2465 3322 auoto-

247 3340 328 3379 LB]
348 3335 696 3381 κατευκοσμήσαντες
717 3338 763 3370 Μ
773 3336 787 3381 ΙΙ
811 3338 851 3371 13
873 3339 928 3371 τίς
946 3337 1014 3380 μὲν
1030 3333 1099 3382 γὰρ
1120 3336 1183 3379 Bu
1213 3338 1252 3370 16
1276 3333 1322 3369 τὰ
1390 3335 1488 3367 ritate
1512 3336 1564 3367 sui
1588 3347 1608 3372 ς
1628 3336 1640 3379 fl
1667 3338 1711 3370 40
1736 3333 1894 3376 δικάζειν
1917 3335 1996 3377 μὲν]
2021 3332 2211 3377 δικαζομὲν
2236 3335 2279 3368 L¹
2297 3333 2312 3377 fl
2330 3333 2399 3376 μὶν
2422 3352 2466 3358 --

247 3384 284 3414 ἐκ
307 3401 346 3407 -
368 3379 644 3423 διατάττουσαν]
668 3379 768 3427 παρὰ
788 3382 851 3424 13⁶,
883 3383 964 3415 idem
989 3384 1087 3414 verba
1112 3393 1181 3424 sqq.
1227 3381 1321 3423 ᾄστα
1388 3375 1559 3424 ἁρμόζειν
1584 3394 1642 3414 om.
1670 3381 1732 3423 ΒΙΙ
1752 3382 1794 3414 42
1819 3381 1905 3412 *καὶ
1927 3377 2018 3422 μηδὲ
2043 3381 2121 3414 libri

247 3445 290 3450 —
314 3423 426 3469 νόμον
446 3435 520 3470 post
541 3425 656 3470 νόμον
676 3428 747 3469 (20)
772 3427 923 3467 collocat,
952 3426 1069 3460 ταῦτα
1092 3445 1137 3450 -
1159 3437 1205 3458 κα
1242 3422 1320 3458 τού·
1391 3441 2454 3472 ——-—————-—————-—·—-

246 3483 300 3511 τῳ
325 3471 457 3514 (2039.)
482 3474 596 3506 omittit
622 3471 640 3524 ¹
668 3473 708 3506 18
739 3482 768 3505 π
797 3467 1016 3517 ’ςῆγόρευται
1042 3471 1072 3503 L
1145 3472 1188 3505 20
1219 3467 1320 3526 πρὸς·
1446 3472 1465 3503 4
1491 3470 1582 3511 quia]
1607 3481 1673 3512 qua
1707 3468 1737 3503 V
1761 3469 1774 3512 ΙΙ
1802 3472 1822 3503 5
1855 3469 1984 3520 accepit
2014 3469 2079 3503 VT
2143 3469 2161 3500 ‘1
2194 3468 2361 3508 praecepit
2393 3465 2425 3498 V
2453 3466 2466 3509 ΙΙ

246 3512 435 3559 ἀγορεῦσαι
459 3517 486 3549 Ι,
505 3515 518 3560 fl
535 3518 572 3550 21
622 3528 668 3561 αρ
692 3528 749 3550 om.
815 3516 828 3559 ΙΙ
848 3518 890 3550 23
913 3513 1042 3558 μόνοιῖ
1059 3515 1090 3548 L
1122 3515 1134 3557 ΙΙ
1155 3517 1193 3548 2¹1
1219 3514 1320 3558 αυτῷ
1390 3515 1411 3547 9
1435 3513 1598 3547 subiectos
1632 3514 1685 3556 Vn
1708 3515 1747 3549 12
1771 3514 2038 3547 aministratione
2060 3512 2093 3546 V
2142 3512 2181 3562 ¹5¹
2205 3511 2303 3551 quae]
2327 3512 2360 3543 et
2379 3520 2465 3551 quae

248 3571 305 3591 om·
321 3571 340 3595 ς
358 3558 371 3602 ΙΙ
387 3561 428 3593 28
453 3529 650 3604 κεκρᾶσιζαι
673 3560 774 3602 nori]
798 3564 864 3593 tem
908 3565 978 3593 rata.
996 3561 1050 3602 sit,
1075 3562 1108 3593 et
1124 3562 1241 3593 utatur
1259 3559 1320 3592 ali-
1398 3559 1450 3591 V‘·
1467 3558 1479 3602 ΙΙ
1499 3560 1539 3592 16
1564 3558 1648 3601 logis
1671 3559 1718 3601 V]
1741 3558 1851 3601 legum
1877 3558 1951 3603 aL}
1975 3559 2014 3592 21
2035 3554 2183 3598 cingulis
2206 3554 2254 3587 V*
2272 3553 2285 3598 Ι
2307 3555 2348 3588 27
2375 3555 2464 3587 uela-

247 3603 426 3644 quand0(i.
437 3617 462 3637 ε.
473 3605 683 3648 κεκρᾶσθαι,
695 3605 857 3652 καὶχρῆσ
890 3617 928 3638 αι
942 3605 1101 3645 ποτὲἳη
1147 3616 1185 3639 τε
1198 3605 1321 3646 affilas?
1387 3603 1607 3637 mentioribus
1640 3603 1703 3648 V}
1734 3605 1776 3638 32
1801 3603 1972 3637 uiolentus
2003 3598 2066 3644 V!
2094 3600 2138 3633 34
2161 3600 2360 3632 conuertunt
2394 3600 2425 3631 V
2455 3613 2457 3631 ι

249 3649 291 3681 29
316 3647 404 3680 ποτὶ
427 3644 478 3689 δὲ]
503 3651 592 3682 ποτε
614 3647 654 3683 δὲ
674 3653 735 3683 καὶ
761 3652 818 3693 Lfl
844 3652 880 3683 31
911 3648 998 3701 πρός
1019 3662 1060 3695 γε
1086 3651 1114 3683 L
1154 3649 1167 3692 Ι
1193 3645 1319 3696 ἄνδρα·
1387 3648 1430 3682 35
1454 3647 1581 3681 nullam
1615 3649 1703 3682 Vat.
1726 3647 1741 3691 Ι
1766 3649 1809 3682 36
1832 3647 2028 3696 dignitttel?
2061 3643 2121 3686 V}
2151 3645 2195 3678 38
2221 3642 2364 3676 habeant
2395 3645 2421 3676 V

248 3695 374 3735 φονίας
396 3692 455 3735 Bu
480 3695 521 3726 32
544 3695 599 3726 ἔτι
624 3691 877 3742 σφοδρότερον]
902 3694 1062 3737 qumquid
1086 3696 1120 3735 (i.
1134 3707 1159 3728 ε.
1182 3690 1252 3728 ὅτι
1270 3693 1322 3727 vel
1387 3694 1430 3727 42
1455 3692 1635 3735 neglegant
1657 3692 1772 3736 ν143
1796 3692 1851 3725 oui
1865 3698 2123 3734 -provmoiam
2147 3688 2194 3729 T]
2220 3700 2278 3721 om.
2302 3688 2385 3722 ναί.
