2586 3990
226 136 334 180 Nov.
355 135 536 181 CXXIII
565 137 591 178 2

225 260 331 293 τερον
349 245 417 288 τὴν
434 242 518 279 κατ’
537 242 650 280 αὐτοῦ
669 246 916 292 προτεθεῖσαν
933 247 1056 281 αἰτίαν
1071 245 1156 289 (εἴτε
1172 246 1308 293 παρόν-

224 303 285 326 τος
317 292 383 324 τοῦ
412 289 609 337 κατηγόρου
643 293 703 324 καὶ
736 291 782 334 τῆ
814 289 905 337 παρ’
937 289 1048 325 αὐτοῦ
1084 293 1306 339 προτεθείσῃ

226 337 324 378 αἰτίᾳ
355 333 577 377 ἐπεξιόντος,
607 335 681 369 εἴτε
709 327 770 370 nai
801 334 1098 381 ἀναβαλλομένου
1128 339 1188 371 ἐπὶ
1217 341 1309 383 τρεῖς

223 383 337 425 μῆνας
367 379 435 422 τὴν
458 378 557 413 ἰδίαν
579 384 798 436 κατηγρρίηαν
821 380 1024 434 πληραῖσαι)
1055 381 1231 426 ἐπιμελῶς
1254 383 1307 423 ἐξ-

1297 133 1383 182 596

2070 145 2131 182 ΒΕ
2160 148 2456 182 SANCTISSIMIS

1376 247 1597 293 propositam
1620 256 1768 283 causam
1794 249 1884 291 (sive
1906 253 2095 294 praesente
2116 251 2328 286 accusatore
2350 250 2388 285 et
2409 250 2456 287 ab
2505 253 2507 255 '

1376 302 1419 328 eo
1434 292 1656 338 propositam
1673 302 1819 327 causam
1833 298 2040 338 exequente,
2061 296 2134 331 sive
2149 296 2257 331 etiam
2272 295 2458 330 differente

1378 347 1441 382 per
1456 342 1530 372 tres
1546 346 1685 372 menses
1701 347 1804 372 suam
1818 340 2084 384 accusationem
2099 341 2257 386 implere)
2273 340 2458 384 diligenter

1379 382 1575 417 examinari
1605 381 1652 417 ab
1674 381 1736 416 illo
1768 392 1791 417 a
1813 394 1884 428 quo
1908 383 2052 420 futurus
2084 389 2162 421 erat
2187 386 2376 430 episcopus
2399 395 2456 420 or-

225 427 381 467 εταζέτω
403 426 550 468 ἐκεῖνος,
579 422 629 471 ὑφ
662 438 704 478 ου
734 425 887 470 ημελλεν
919 439 939 459 ο
971 427 1167 461 ἐπίσκοπος
1196 440 1308 473 χειρο-
1346 430 1364 461 5
1379 427 1505 462 (linari.
1553 426 1605 461 Et
1628 426 1658 462 si
1674 427 1817 472 quidem
1840 429 2032 464 obnoxium
2055 439 2135 466 eum
2159 430 2383 467 accusationi
2405 430 2457 465 in-

223 470 425 504 τονεῖσθαι.
472 473 532 504 καὶ
551 470 581 503 εἰ
600 471 669 514 μὲν
686 469 898 505 υπεύθυνον
917 467 1031 505 αὐτὸν
1049 472 1093 518 τῇ
1114 476 1310 519 κατηγορίᾳ

224 512 339 560 εὕροι,
373 513 575 549 κωλυέσθω
606 511 628 558 ἡ
651 520 870 561 χειροτονία,
908 516 937 549 εἰ
962 514 1001 552 δὲ
1025 514 1231 551 ὑπεύθυνος
1259 518 1309 562 μὴ

224 563 364 605 φανείη,
388 557 410 603 ἡ
426 562 494 605 μὲν
511 564 714 605 χειροτονία
734 559 783 605 μὴ
807 559 1077 605 ἐμποδιζέσθω,
1102 560 1121 595 ὁ
1145 560 1185 596 δὲ
1202 563 1309 606 κατη-

221 617 334 652 γορος,
359 605 430 639 εἴτε
453 605 512 660 μὴἱ
527 603 718 660 ἀπέδειξεν
749 606 820 640 εἴτε
844 610 904 640 καὶ
927 603 1112 653 ἀπέφυγεν
1135 607 1204 651 τὴν
1225 620 1310 652 προ·

1378 472 1524 513 venerit‚
1550 471 1784 516 prohibeatur
1806 473 2002 518 ordinatim
2025 475 2058 510 si
2080 485 2163 511 vero
2185 477 2362 512 obnoxius
2386 485 2458 511 non

1379 516 1600 560 ostendatur,
1632 517 1809 553 ordinatio
1835 518 1975 562 quidem
1998 529 2070 554 non
2093 520 2316 565 impediatur,
2349 531 2457 556 accu-

1378 563 1477 597 sator
1500 564 1637 605 autem,
1663 562 1736 598 sive
1759 573 1831 598 non
1847 563 2012 608 probavit
2035 564 2109 599 sive
2132 566 2239 601 etiam
2261 567 2353 612 fugit
2377 576 2457 612 pro-

1377 608 1532 652 positam
1556 617 1578 642 a
1602 617 1641 643 se
1665 607 1947 651 accusationem,
1971 609 2154 653 provincia
2177 611 2214 646 in
2233 622 2303 656 qua
2317 612 2459 647 habitat

223 651 398 694 τεθεῖσαν
421 662 497 695 παρ
540 652 652 685 αυτοῦ
677 655 905 698 κατηγορίαν,
929 653 967 685 ἐκ
991 663 1051 695 της
1072 654 1244 697 ἐπαρχίας
1268 654 1309 687 ἐν
1324 655 1365 687 10
1379 652 1566 688 abiciatur.
1615 652 1653 688 Si
1677 654 1754 697 quis
1779 655 1899 688 autem
1925 659 2008 689 ante
2032 655 2325 692 examinationem
2348 667 2457 692 accu-

223 695 245 742 ᾑ
276 697 365 730 οἰκεῖ
393 695 642 740 ἐκβαλλέσθω.
700 697 746 730 Εἰ
778 694 821 730 δέ
840 708 895 731 τις
926 696 997 742 πρὸ
1023 697 1219 738 ἐξετάσεως
1241 698 1309 733 τὸν

223 741 523 788 κατηγορηθέντα
546 742 806 786 χειροτονήσει,
830 739 850 776 ὁ
874 743 942 786 μὲν
959 743 1226 787 χειροτονηθεὶς
1248 745 1310 786 τῆς

226 787 419 832 ἱερωσύνης
450 786 689 829 ἐξωθείσθω,
721 784 741 821 ὁ
767 785 808 821 δὲ
834 786 902 822 τὸν
932 789 1100 823 τοιοῦτον
1130 787 1311 833 τολμήσας

223 834 473 878 χειροτονῆσαι
495 834 540 879 τῇ
565 829 739 877 ἀνωτέρω
763 833 929 879 εἰρημένῃ
951 830 1165 868 ὑποκείσθω
1187 834 1309 878 ποινῆ,

1379 700 1496 733 satum
1528 697 1762 741 ordinaverit,
1796 699 1982 734 ordinatus
2011 699 2152 744 quidem
2179 702 2378 738 sacerdotio
2401 712 2457 737 re-

1378 743 1544 788 pellatur,
1568 743 1630 788 qui
1645 753 1726 779 vero
1744 743 1850 779 talem
1868 744 2033 779 ordinare
2050 744 2278 789 festinaverit,
2295 747 2458 792 superius

1379 788 1497 823 dictae
1521 789 1706 824 subiaceat
1736 798 1875 834 poenae
1905 793 1979 824 tam
2010 790 2047 824 in
2071 790 2192 826 annali
2221 792 2460 835 prohibitione

1379 834 1473 869 sacri
1505 834 1688 869 ministerii
1724 844 1828 878 quam
1857 834 1964 870 etiam
1999 840 2041 869 ut
2063 844 2186 870 omnes
2216 836 2293 872 eius
2316 846 2374 872 res
2399 847 2458 872 ec-

224 879 333 912 τοῦτο
356 879 423 922 μὲν
452 879 514 911 ἐπὶ
538 879 582 924 τῇ
607 880 812 921 ένιαυσιαίᾳ
835 877 988 912 κωλύσει
1019 880 1082 933 τῆς
1112 879 1218 913 θείας
1241 870 1309 913 λειι-
1325 881 1365 914 15
1380 878 1509 915 clesiae
1531 879 1766 916 vindicentur.

223 928 389 970 τουργίας
411 924 519 957 τοῦτο
539 921 579 957 δὲ
601 924 661 956 καὶ
685 924 746 958 ἐπὶ
768 925 824 965 τῷ
847 922 973 958 πάντα
997 925 1107 958 αυτοῦ
1132 924 1178 958 τὰ
1196 922 1311 971 πράγ-

224 971 247 1005 1
293 982 392 1013 ματα
416 969 459 1014 τῇ
476 967 644 1011 ἐκκλησίᾳ
667 966 918 1012 ἐκδικηθῆναι.
988 969 1066 1014 Πρὸ
1093 967 1134 1003 δὲ
1156 970 1311 1005 πάντων

225 1015 340 1048 ἐκεῖνο
357 1012 593 1059 φυλαχθῆναι
610 1013 846 1058 θεσπίζομεν,
871 1013 932 1048 ἵνα
946 1012 1070 1058 μηδεὶς
1093 1013 1154 1049 διὰ
1175 1012 1311 1049 δόσεως

224 1063 368 1105 χρυσίου
392 1057 416 1102 ἢ
439 1057 562 1112 ἄλλων
585 1058 812 1113 πραγμάτων
836 1060 1030 1114 ἐπίσκοπος
1051 1061 1310 1105 χειροτονῆται.

1379 971 1402 1006 1
1447 969 1540 1005 Prae
1572 968 1735 1004 omnibus
1766 968 1854 1004 illud
1885 968 2020 1004 servari
2050 967 2249 1013 sancimus,
2275 969 2319 1004 ut
2340 968 2460 1013 nullus

1379 1024 1444 1059 per
1479 1014 1685 1059 suffragium
1721 1013 1800 1066 auri
1832 1015 1897 1048 aut
1931 1013 2081 1049 aliarum
2115 1023 2234 1048 rerum
2268 1013 2460 1066 episcopus

1380 1060 1576 1095 ordinetur.
1638 1059 1676 1094 Si
1710 1059 1796 1103 qmd
1831 1062 1950 1094 autem
1985 1059 2056 1093 tale
2093 1059 2352 1102 committatur,
2389 1059 2460 1104 ipsi

225 1106 255 1138 εἰ
280 1102 321 1139 δέ
340 1117 377 1138 τι
400 1105 796 1157 τοιουτοιαμαρτηθῇ,
828 1107 931 1138 αυτοὶ
953 1105 1100 1139 ἑαυτοὺς
1131 1105 1167 1140 οἱ
1189 1103 1310 1140 διδόν-
1324 1107 1365 1141 20
1381 1107 1493 1141 semet
1522 1106 1619 1150 ipsos
1649 1106 1687 1139 et
1718 1104 1845 1139 dantes
1877 1108 1912 1139 et
1940 1105 2156 1149 accipientes
2188 1107 2224 1139 et
2246 1104 2461 1140 mediatores

224 1162 281 1185 τες
304 1152 364 1183 καὶ
387 1148 423 1183 οἱ
444 1147 690 1194 λαμβανοντες
720 1152 781 1183 καὶ
804 1148 841 1184 οἱ
861 1152 964 1194 μέσοι
988 1147 1111 1185 αὐτῶν
1135 1150 1227 1185 κατὰ
1247 1150 1312 1185 τὰς

224 1197 330 1230 θείας
345 1194 485 1242 γραφὰς
507 1198 567 1229 καὶ
583 1194 665 1229 τοὺς
681 1193 795 1240 ἱεροὺς
817 1195 972 1229 κανόνας
995 1209 1110 1230 κατακ
1135 1200 1203 1230 ίσει
1222 1194 1308 1231 ὑπο-

224 1239 410 1286 βάλλουσι,
434 1242 493 1274 καὶ
510 1238 570 1274 διὰ
585 1241 694 1275 τοῦτο
717 1243 777 1274 καὶ
801 1237 820 1275 ὁ
842 1238 961 1275 διδοὺς
984 1244 1045 1275 καὶ
1068 1238 1087 1275 ὁ
1131 1241 1311 1286 αμβάνων

225 1289 285 1320 καὶ
308 1284 328 1320 ὁ
351 1289 456 1330 μέσος
479 1283 667 1332 γινόμενος
696 1287 760 1330 τῆς
784 1283 980 1339 ἱερωσύνης
1008 1284 1032 1329 ἢ
1054 1287 1118 1330 τῆς
1140 1289 1205 1322 τοῦ
1229 1284 1311 1330 κλή-

1380 1160 1502 1186 eorum
1530 1149 1724 1185 secundum
1755 1150 1898 1185 sanctas
1924 1150 2120 1194 scripturas
2149 1150 2186 1185 et
2208 1158 2331 1185 sacras
2355 1159 2460 1194 regu-

1380 1196 1434 1230 las
1458 1195 1677 1231 damnationi
1701 1195 1892 1238 subiciunt,
1925 1198 1960 1230 et
1983 1199 2175 1240 propterea
2198 1197 2234 1229 et
2257 1195 2317 1239 qui
2339 1194 2403 1230 dat
2425 1197 2462 1230 et

1382 1242 1443 1285 qui
1471 1241 1603 1285 accipit
1636 1243 1673 1275 et
1706 1240 1880 1275 mediator
1914 1240 1989 1275 eius
2023 1240 2142 1275 factus
2172 1240 2365 1275 sacerdotii
2398 1241 2463 1276 aut

1383 1286 1469 1321 cleri
1491 1286 1626 1321 honore
1650 1289 1889 1329 removeatur3
1915 1285 2008 1329 quod
2032 1288 2150 1320 autem
2174 1295 2239 1330 pro
2259 1285 2328 1321 hac
2351 1295 2463 1321 causa

225 1345 288 1412 §ov
304 1332 409 1377 τιμῆς
425 1327 699 1366 ἀποκινείσθω·
723 1330 767 1365 τὸ
786 1329 826 1366 δὲ
845 1332 935 1376 νπὲρ
956 1332 1090 1377 ταύτης
1108 1333 1173 1375 τῆς
1196 1333 1312 1366 αἰτίας
1326 1333 1366 1367 25
1382 1332 1503 1367 datum
1526 1336 1600 1375 est,
1635 1330 1809 1366 ecclesiae
1831 1330 1884 1365 illi
1906 1330 2104 1366 vindicetur
2135 1331 2236 1366 cuius
2267 1330 2380 1366 voluit
2403 1341 2461 1366 sa-

248 1378 341 1412 οθὲν
371 1377 416 1424 τῇ
448 1375 617 1420 ἐκκλησίᾳ
648 1378 765 1423 ἐκείνῃ
795 1374 1031 1420 ἐκδικείσθω,
1065 1378 1106 1421 ἡς
1120 1374 1311 1421 ἢβουλήθη

224 1424 292 1466 τὴν
316 1422 515 1468 ἱερωσύνην
539 1419 772 1465 ὠνήσασθαι,
821 1422 852 1456 εἰ
868 1420 908 1456 δὲ
923 1421 1093 1467 κοσμικὰς
1112 1424 1165 1465 εἴη
1182 1421 1202 1457 ὁ
1221 1421 1312 1468 ὑπὲρ

224 1467 357 1511 ταύτης
376 1468 438 1511 τῆς
454 1468 571 1501 αἰτίας
594 1480 630 1501 τι
654 1466 857 1512 λαμβάνων
879 1465 903 1511 ἢ
924 1470 1031 1512 μέσος
1053 1469 1109 1511 τῷ
1125 1467 1312 1516 πράγματι

223 1513 430 1560 γινόμενος,
466 1511 514 1547 τὰ
546 1510 709 1547 δοθέντα
743 1512 938 1560 πράγματα
974 1514 1014 1547 ἐν
1044 1510 1162 1557 διπλῷ
1201 1511 1313 1548 αὐτὸν

1383 1377 1578 1413 cerdotium
1610 1385 1830 1421 comparare.
1879 1375 1915 1410 Si
1938 1386 2019 1411 vero
2042 1376 2156 1411 laicus
2179 1376 2273 1412 forte
2300 1386 2367 1421 pro
2391 1376 2462 1411 hac

1383 1433 1493 1458 causa
1527 1422 1661 1468 aliquid
1692 1421 1847 1466 accipiat
1880 1424 1944 1455 aut
1976 1421 2148 1457 mediator
2182 1431 2301 1456 rerum
2331 1421 2462 1464 factus,

1382 1467 1485 1503 datas
1514 1478 1571 1503 res
1604 1467 1641 1502 in
1673 1467 1818 1512 duplum
1853 1475 1934 1501 eum
1965 1466 2056 1511 exigi
2090 1467 2254 1502 iubemus
2288 1467 2462 1503 ecclesiae

1381 1513 1623 1548 vindicandas.
1671 1512 1754 1547 Non
1770 1513 1885 1547 solum
1905 1514 2024 1547 autem
2041 1522 2132 1564 quae
2149 1511 2344 1547 secundum
2367 1513 2462 1547 hunc

224 1557 466 1595 ἀπαιτεῖσθαι
496 1557 684 1613 κελεύομεν
717 1557 957 1612 τῇηέκκλησίᾳ
986 1556 1310 1613 ἐκδικηᾷησόμενα.
1326 1560 1368 1594 30
1382 1558 1524 1594 modum
1548 1558 1679 1592 dantur
1701 1557 1874 1593 vindicari
1897 1557 2147 1602 praecipimus,
2169 1557 2236 1592 sed
2259 1557 2366 1592 etiam
2389 1568 2462 1592 om-

224 1602 266 1640 οὗ
298 1604 416 1649 μόνον
449 1601 490 1637 δὲ
518 1603 565 1637 τὰ
594 1616 688 1637 κατα
717 1616 851 1638 τουτον
882 1601 1057 1648 δεδομένα
1080 1617 1149 1638 τον
1172 1617 1313 1650 τροπον

225 1648 452 1685 ἐκδικεῖσθαι
476 1646 758 1694 προςτάττομεν,
782 1646 874 1683 ἀλλὰ
891 1652 951 1683 καὶ
967 1650 1092 1685 πᾶσαν
1109 1647 1311 1696 ἀσφάλειαν

224 1693 316 1741 ὑπὲρ
340 1695 469 1730 τούτου
491 1691 585 1728 καθ’
612 1692 827 1737 οἱονδήποτε
850 1693 991 1739 τρόπον
1014 1695 1229 1729 ἐκτεθεῖσαν
1252 1698 1313 1729 καὶ

224 1741 293 1785 τὴν
324 1741 402 1775 τῶν
433 1737 613 1795 ἐνεχύρων
643 1737 669 1783 ἢ
698 1739 780 1797 τὴν,
799 1740 1059 1795 τοῦἱέγγυητοῦ
1094 1739 1223 1784 ἐνοχὴν
1252 1742 1313 1774 καὶ

1381 1614 1462 1639 nem
1497 1605 1699 1639 cautionem
1734 1613 1799 1656 pro
1835 1602 1904 1638 hoc
1935 1603 2094 1647 quolibet
2128 1602 2234 1637 modo
2265 1602 2463 1647 expositam

1382 1653 1419 1685 et
1436 1649 1624 1694 pignorum
1647 1649 1703 1683 vel
1722 1647 1969 1683 fideiussorum
1992 1648 2243 1692 obligationem
2266 1651 2303 1683 et
2325 1657 2464 1684 omnem

1382 1694 1489 1729 aliam
1518 1693 1711 1739 quamlibet
1741 1693 1918 1728 actionem
1948 1703 2075 1728 vacare
2104 1692 2304 1737 sancimus3
2341 1696 2378 1728 et
2403 1703 2462 1728 su-

1409 1749 1447 1775 er
1477 1740 1547 1775 hoc
1579 1739 1638 1784 qui
1669 1738 1940 1783 promissionem
1969 1738 2110 1783 accepit
2140 1749 2214 1773 non
2241 1738 2357 1773 solum
2380 1748 2462 1783 pro-

225 1788 353 1822 πᾶσαν
384 1783 497 1840 ἄλλην
518 1782 905 1840 οιανδήποτεμγωγην
925 1798 948 1818 α
972 1785 1311 1840 γεῖνιθεσπίζομεν·
1326 1787 1368 1820 35
1399 1784 1574 1820 essionem
1602 1784 1749 1826 reddat,
1779 1783 1843 1820 Sed
1866 1783 1972 1819 etiam
2001 1783 2099 1818 aliud
2129 1785 2269 1818 tantum
2292 1787 2464 1828 quantum

225 1835 285 1866 καὶ
309 1829 399 1885 πρὸς
421 1841 562 1865 τούτοις
592 1843 612 1864 ο
639 1843 706 1873 την
729 1831 925 1873 υπόσχεσιν
971 1834 1150 1875 αμβανων
1173 1830 1222 1875 μὴ
1246 1830 1312 1874 μό-

225 1891 292 1912 νον
313 1890 384 1920 την
406 1874 604 1931 ὁμὶολργίαν
628 1871 852 1919 ἀποδιδότω,
877 1872 970 1910 ἀλλὰ
991 1879 1052 1910 καὶ
1076 1874 1164 1911 ἄλλο
1187 1876 1313 1910 τοσοῦ-

1381 1829 1559 1911 groiessio
1601 1828 1760 1866 continet
1793 1827 1975 1874 exigatur,
2013 1827 2110 1876 quod
2143 1828 2249 1865 debet
2290 1828 2464 1865 ecclesiae

1405 1885 1469 1911 ari.

224 1935 291 1957 τον
322 1918 411 1956 ὅσον
441 1934 464 1964 η
494 1919 667 1967 ομολογία
701 1923 855 1967 περιέχει
891 1917 1127 1956 ἄπαιτείσθω
1166 1917 1313 1967 όφεῖλον

224 1969 269 2016 τῇ
294 1966 464 2011 ἐκκλησίᾳ
487 1964 658 2010 δοθῆναι.

282 2072 309 2093 ο.
321 2059 367 2092 ΙΙ
386 2057 407 2102 ξ
424 2059 438 2091 1
456 2057 513 2099 (-
525 2057 569 2091 30
588 2052 831 2093 ἀπαιτεῖσθαι
854 2053 969 2092 αὐτὸν
993 2054 1193 2100 κελεύομεν)
1219 2059 1311 2091 initio
1336 2058 1370 2091 in
1396 2058 1523 2091 brevius
1548 2063 1711 2090 contracto
1736 2057 1832 2090 habet
1848 2057 2053 2101 Εραηαρορε
2070 2058 2159 2099 8,15.
2181 2076 2224 2082 —
2250 2057 2464 2093 Summarium

383 2104 435 2148 §1
462 2104 507 2136 in.
532 2115 571 2136 ea·
590 2102 666 2135 Am.
692 2103 809 2146 repetit
830 2102 964 2136 Nomoc.
979 2103 1010 2136 L
1032 2105 1077 2136 tit.
1094 2105 1133 2137 11
1156 2116 1191 2146 p.
1207 2104 1274 2136 615
1298 2103 1410 2144 Voell.‚
1433 2115 1464 2135 υ.
1480 2103 1612 2137 25—27
1637 2102 1712 2135 Atlz.
1736 2114 1858 2136 samma
1882 2109 1970 2135 extat
1995 2104 2028 2136 in
2043 2103 2217 2146 paratitlis
2235 2103 2313 2137 Ath.
2327 2104 2347 2137 2
2363 2108 2419 2144 §2

225 2219 353 2252 contra
371 2224 459 2256 ,eum
480 2213 708 2261 propositam
739 2213 825 2257 (sive
841 2224 1022 2260 praesens
1044 2213 1092 2250 sit
1115 2217 1308 2250 accusator
1330 2216 1366 2250 et
1389 2223 1536 2250 causam
1559 2224 1583 2249 a
1605 2224 1644 2249 se
1663 2214 1894 2261 propositam
1944 2218 2171 2260 ersequatur,
2202 2215 2277 2251 sive
2294 2226 2369 2261 per
2393 2219 2465 2252 tres

224 2271 362 2297 menses
382 2259 650 2296 accusationem
673 2269 775 2295 suam
799 2259 934 2305 exequi
957 2259 1120 2312 differat)
1151 2259 1212 2295 ille
1235 2271 1259 2295 a
1282 2270 1355 2306 quo
1380 2259 1574 2306 episcopus
1597 2259 1776 2295 creandus
1799 2266 1881 2296 erat
1903 2225 2096 2306 ‹iiiiqenter
2118 2260 2312 2297 examinet.
2359 2260 2410 2298 Et
2432 2263 2467 2298 si

225 2306 368 2354 quidem
399 2316 479 2341 eum
510 2305 709 2341 obnoxium
741 2304 966 2340 accusationi
993 2305 1190 2348 invenerit,
1220 2304 1465 2352 prohibeatur
1488 2305 1625 2340 creatio
1632 2317 1648 2347 ;
1682 2305 1739 2340 sin
1771 2316 1845 2341 non
1877 2308 2059 2353 appareat
2091 2305 2291 2349 obnoxius,
2326 2308 2463 2346 creatio

224 2363 298 2388 non
320 2350 552 2398 impediatur,
576 2353 771 2386 accusator
795 2360 892 2392 vero,
924 2350 999 2386 sive
1022 2361 1096 2385 non
1114 2349 1331 2397 probaverit
1359 2350 1433 2386 sive
1456 2351 1565 2386 etiam
1589 2349 1791 2386 destituerit
1814 2351 2046 2398 propositam
2078 2362 2102 2386 a
2124 2361 2163 2387 se
2186 2352 2463 2395 accusationem,

224 2409 274 2434 ex
294 2396 485 2444 provincia
515 2396 555 2431 in
586 2406 660 2442 qua
690 2394 831 2431 habitat
860 2395 1080 2441 expellatur.
1129 2394 1172 2431 Si
1194 2397 1277 2442 quis
1297 2399 1416 2431 autem
1446 2400 1531 2431 ante
1554 2396 1860 2432 examinationem
1884 2407 1985 2432 reum
2009 2397 2203 2441 creaverit,
2235 2397 2299 2443 qui
2320 2402 2465 2433 creatus

225 2447 278 2478 est
309 2454 332 2478 a
361 2441 566 2478 sacerdotio
598 2440 819 2487 expellatur,
851 2443 918 2486 qui
938 2445 1057 2476 autem
1094 2441 1200 2477 talem
1231 2440 1410 2476 hominem
1442 2451 1567 2480 creare
1598 2451 1709 2476 ausus
1732 2444 1787 2477 est
1806 2452 1954 2493 poenae
1978 2441 2232 2488 supradictae
2253 2441 2463 2486 subiciatur,

226 2493 299 2524 tam
322 2490 363 2522 ut
382 2497 450 2535 per
472 2497 583 2522 unum
608 2497 743 2533 annum
766 2497 790 2521 a
813 2496 920 2521 sacro
944 2486 1144 2522 ministerio
1160 2486 1407 2534 prohibeatur
1430 2496 1539 2532 quam
1569 2490 1610 2522 ut
1634 2497 1756 2522 omnes
1778 2497 1857 2522 eius
1878 2497 1938 2522 res
1960 2487 2134 2534 ecclesiae
2157 2486 2393 2524 vindicentur.

226 2536 249 2570 1
295 2533 389 2569 Ante
413 2533 535 2568 omnia
559 2537 679 2567 autem
702 2530 796 2566 illud
819 2531 1007 2567 observari
1027 2531 1220 2575 sancimus,
1251 2543 1296 2567 ne
1319 2531 1402 2579 quis
1422 2542 1492 2578 per
1516 2531 1745 2578 larqitionem
1768 2532 1851 2567 auri
1875 2532 1930 2568 vel
1952 2531 2109 2567 aliarum
2131 2542 2253 2567 rerum
2275 2533 2465 2581 episcopus

226 2583 378 2615 creetur.
425 2576 567 2621 Quodsi
588 2576 678 2622 quid
699 2576 875 2612 eiusmodi
899 2577 1125 2612 commissum
1147 2577 1212 2620 sit,
1243 2580 1352 2612 semet
1375 2577 1447 2623 ipsi
1478 2580 1514 2612 et
1536 2577 1599 2623 qui
1622 2577 1713 2613 dant
1742 2580 1777 2612 et
1805 2577 1871 2623 ραι·
1891 2577 2076 2624 accipiunt
2106 2581 2143 2614 et
2165 2577 2382 2617 mediatores
2404 2590 2463 2614 eo-

225 2635 307 2660 rum
329 2622 525 2659 secundum
556 2622 699 2658 divinas
729 2622 934 2668 scripturas
964 2626 1001 2658 et
1023 2632 1151 2658 sacros
1174 2633 1333 2658 canones
1355 2621 1645 2658 condemnationi
1667 2621 1858 2664 subiciunt,
1895 2632 1939 2657 ac
1997 2626 2169 2669 ropterea
2200 2626 2235 2658 et
2257 2624 2324 2670 ραι·
2344 2623 2407 2660 dat
2430 2627 2465 2661 et

226 2669 290 2716 ραι·
313 2668 448 2715 accipit
476 2671 513 2704 et
535 2668 601 2714 qui
621 2667 800 2703 mediator
826 2667 872 2712 fit
903 2678 926 2702 a
955 2667 1159 2703 sacerdotio
1191 2667 1247 2704 vel
1268 2667 1358 2703 cleri
1381 2667 1560 2714 diqnitate
1583 2671 1829 2709 removeatur;
1893 2678 1940 2702 αο
1990 2673 2108 2703 autem
2140 2667 2184 2703 ob
2215 2679 2294 2704 eam
2317 2679 2464 2706 causam

227 2715 351 2750 datum
381 2718 437 2750 est
464 2713 522 2749 illi
552 2712 723 2749 ecclesiae
750 2712 953 2748 vindicetur
983 2713 1087 2748 cuius
1116 2712 1362 2749 sacerdotium
1394 2723 1510 2748 emere
1539 2712 1662 2748 voluit.
1709 2711 1849 2756 Quodsi
1883 2712 1986 2748 aicus
2016 2712 2065 2748 sit
2095 2713 2160 2759 ραι·
2182 2713 2273 2759 quid
2298 2725 2371 2761 pro
2396 2714 2465 2750 hac

227 2770 339 2796 causa
362 2759 522 2806 accipiat
549 2758 605 2794 vel
633 2757 812 2793 mediator
839 2757 894 2793 rei
915 2757 999 2803 fiat,
1030 2769 1090 2794 res
1120 2769 1215 2805 quae
1244 2758 1353 2794 datae
1382 2761 1469 2793 sunt
1500 2757 1539 2793 in
1562 2757 1712 2804 duplum
1742 2757 1787 2794 ab
1811 2768 1854 2793 eo
1879 2757 1982 2804 exiqi
2011 2756 2171 2793 iubemus
2193 2758 2364 2795 ecclesiae
2387 2760 2463 2796 vin-

227 2804 413 2841 dicandas.
461 2804 548 2839 Non
568 2803 687 2839 solum
710 2806 829 2839 autem
859 2813 953 2849 quae
985 2802 1054 2839 lzoc
1076 2803 1183 2839 modo
1214 2802 1303 2839 data
1326 2807 1413 2839 sunt
1441 2802 1626 2839 vindicare
1652 2803 1915 2856 praecipimus,
1947 2802 2013 2838 sed
2033 2803 2141 2838 etiam
2163 2812 2303 2838 omnem
2325 2804 2463 2840 cautio-

227 2861 309 2887 nem
340 2860 412 2897 pro
443 2848 500 2885 his
531 2848 784 2895 qualicumque
813 2848 922 2884 modo
953 2850 1160 2900 expositam
1193 2853 1230 2885 et
1257 2849 1455 2897 piqnorum
1489 2852 1555 2884 aut
1579 2847 1804 2894 fideiussoris
1833 2847 2087 2894 obliqationem
2118 2851 2153 2883 et
2183 2848 2294 2884 aliam
2325 2859 2464 2885 omnem

228 2895 451 2944 qualemcum
478 2906 523 2930 ue
546 2894 724 2930 actionem
747 2904 889 2929 cessare
910 2905 1115 2937 sanczmus;
1139 2905 1183 2930 ac
1199 2899 1397 2941 praeterea
1419 2894 1452 2929 is
1475 2894 1541 2940 qui
1558 2894 1838 2940 promissionem
1861 2894 2005 2940 accipit,
2029 2903 2102 2928 non
2123 2892 2239 2928 solum
2262 2894 2465 2931 cautionem

227 2940 369 2984 reddat,
392 2950 431 2976 se
479 2939 587 2975 etiam
611 2939 767 2975 alterum
790 2942 929 2975 tantum
954 2943 1129 2985 quantum
1152 2939 1274 2976 cautio
1297 2939 1472 2982 continet,
1498 2938 1542 2974 ab
1567 2949 1610 2975 eo
1634 2939 1809 2986 eoeiqatur
1831 2939 2003 2975 ecclesiae
2026 2937 2196 2974 dandum.

299 3056 339 3091 13
364 3053 384 3088 ὁ
401 3074 446 3078 -
462 3051 652 3107 τολμήσας]
677 3053 738 3108 qui
753 3072 802 3108 -ε
812 3053 1024 3086 festinaverit
1042 3064 1062 3090 ς
1085 3054 1144 3096 qui
1160 3072 1204 3077 —
1219 3063 1315 3096 prae-

229 3101 389 3144 cipitatus
412 3101 461 3133 est
484 3100 549 3133 Iul.
576 3101 611 3141 (1.
624 3112 650 3132 e.
675 3111 695 3132 ο
719 3118 762 3123 -
783 3098 944 3143 ορμήσας
952 3099 982 3139 ’1)
1001 3098 1014 3143 11
1041 3100 1081 3134 19
1104 3100 1313 3143 χειροτονεῖ-

229 3159 291 3180 ται
307 3147 339 3180 L
356 3147 369 3190 11
387 3148 429 3180 20
445 3141 676 3199 ἆμαρτηθείη
693 3143 780 3178 LBr
800 3145 814 3188 11
837 3143 874 3178 οἱ
888 3141 1062 3200 διδόντες]
1084 3148 1116 3177 et
1132 3144 1248 3178 dantes
1263 3154 1284 3181 ς
1303 3142 1316 3233 u

230 3193 274 3226 28
297 3204 334 3226 τι
358 3204 416 3226 om.
441 3191 474 3225 L
501 3190 515 3233 11
543 3187 669 3233 λαβων
694 3198 725 3224 et
747 3191 791 3224 29
813 3200 1005 3236 γενομενος
1035 3190 1148 3233 Epan.
1179 3190 1272 3231 (Iul.)

230 3230 623 3362 §figurat—2253&
642 3234 801 3323 aaz!
821 3234 1317 3327 assiduitates]

322 3341 335 3360 ι
360 3339 436 3362 ova)

301 3418 317 3450 1
333 3429 381 3460 sq.
406 3415 476 3450 sive
494 3434 539 3440 —
558 3425 691 3449 causam
715 3427 774 3450 om.
790 3415 843 3449 51³¹
860 3415 873 3459 11
896 3418 916 3449 5
940 3418 1027 3456 eum]
1055 3428 1095 3446 n
1120 3415 1173 3449 Τι
1187 3414 1201 3459 11
1218 3425 1315 3448 accu-

234 3461 355 3494 sationi
372 3462 615 3506 Osenbrilqyen]
636 3460 806 3494 accusatio
817 3461 851 3494 R
862 3460 942 3494 VT¹
961 3463 1132 3494 accusator
1146 3460 1292 3505 T'vulq.
1304 3458 1317 3506 11

234 3507 255 3539 6
279 3516 346 3538 non
370 3506 566 3539 ostendatur
586 3525 628 3531 —
649 3509 667 3540 7
685 3505 878 3549 inpediatur
901 3506 1070 3549 (pediatur
1086 3507 1120 3540 in
1136 3507 1216 3545 ras.)
1236 3507 1315 3540 aad.

240 3550 301 3591 1¹²,
326 3563 384 3584 om.
407 3551 457 3584 1⁷¹
480 3550 493 3595 11
524 3553 543 3585 8
567 3550 763 3593 probauerit
790 3551 918 3595 Vvuly.
945 3552 959 3596 11
985 3553 1006 3586 9
1030 3552 1239 3585 accusatione
1264 3550 1317 3585 T¹

236 3596 329 3626 actus
345 3595 507 3627 actionem
523 3596 556 3629 R
573 3596 586 3639 11
602 3596 639 3629 in
655 3598 732 3638 qua]
753 3606 852 3638 quam
869 3597 903 3630 Τ
909 3598 920 3617 ¹
936 3596 948 3640 11
969 3598 1010 3632 10
1030 3597 1215 3630 habitiatur
1233 3596 1266 3630 T
1271 3595 1284 3618 ¹
1312 3597 1318 3640 Ι

237 3641 325 3679 ante]
350 3640 411 3671 ean
434 3640 487 3672 Ta
516 3640 529 3681 11
559 3642 600 3674 12
624 3641 836 3674 festinauerit
858 3641 997 3685 Vama]
1021 3641 1195 3676 festinauit
1217 3641 1287 3675 RT

241 3684 281 3717 13
305 3683 341 3714 iu
364 3684 509 3727 Rvuly]
534 3697 591 3717 om.
615 3685 677 3718 VT
702 3685 715 3729 11
745 3687 786 3720 14
809 3685 951 3719 misterii
970 3687 1055 3730 VT„
1081 3696 1133 3719 res
1157 3686 1229 3720 eius
1254 3686 1317 3731 Τ11

241 3729 282 3762 15
295 3726 485 3760 iudicentur
497 3727 531 3760 R
546 3728 559 3771 11
578 3731 618 3762 17
628 3731 717 3762 rubr.
729 3730 776 3762 Ut
786 3730 882 3763 nulla
897 3732 1041 3772 pecunia
1053 3730 1130 3764 data
1143 3731 1317 3775 episcopus

1383 3055 1598 3086 consecratur
1609 3054 1680 3096 (sic)
1693 3054 1765 3087 Tin
1778 3066 1880 3098 mary.
1892 3054 1943 3095 (ex
1951 3054 2028 3096 Iul.)
2045 3053 2058 3097 11
2075 3052 2241 3093 omnibus]
2258 3054 2368 3086 autem
2385 3055 2462 3088 add.

1382 3099 1478 3132 Beck
1495 3098 1509 3143 11
1525 3098 1696 3132 obseruari
1715 3099 1846 3141 T(Iul.)
1864 3099 1877 3142 11
1903 3100 1943 3134 18
1966 3109 2026 3143 per
2050 3111 2108 3132 om.
2129 3098 2184 3142 Vl}
2205 3099 2246 3132 19
2267 3098 2464 3133 ordinentur

1384 3144 1432 3177 R²
1450 3144 1462 3187 11
1480 3144 1569 3186 quod
1593 3145 1672 3188 T¹n
1689 3146 1749 3177 aut
1771 3145 1821 3177 12¹
1837 3144 1850 3189 11
1876 3145 1948 3188 ipse
1973 3143 2026 3178 Τι
2047 3143 2061 3187 11
2088 3144 2131 3178 20
2154 3145 2257 3177 semet
2279 3144 2369 3187 ipsos
2393 3147 2463 3186 σοι]

1386 3187 1498 3233 {tipsos
1514 3209 1556 3214 -
1574 3191 1618 3224 24
1633 3200 1694 3233 pro
1709 3190 1773 3222 hac
1788 3200 1889 3222 causa
1904 3188 1954 3232 dal
1977 3202 2039 3223 scr.
2055 3189 2109 3222 Τ2
2127 3190 2160 3223 in
2179 3202 2244 3222 ras.
2258 3190 2277 3222 3
2291 3202 2438 3224 versuum
2451 3190 2464 3233 11

1384 3236 1424 3268 21
1451 3236 1582 3268 sanctas
1606 3236 1688 3276 ΕΤ]
1713 3245 1822 3268 sacras
1843 3235 1900 3279 Vn
1918 3236 1960 3270 22
1985 3233 2195 3268 donationem
2219 3234 2388 3268 subitiunt
2414 3234 2463 3268 V¹

1383 3280 1463 3321 (av.
1481 3291 1519 3313 ·s·
1536 3280 1751 3314 subiciuntur
1772 3279 1834 3323 17³)
1871 3280 2044 3314 subiciunt
2066 3279 2272 3313 damnationi
2300 3278 2402 3323 T(²)ss
2421 3279 2462 3313 23

1383 3327 1453 3366 aut]
1479 3327 1512 3359 et
1536 3327 1569 3359 R
1591 3325 1605 3370 11
1632 3327 1676 3360 24
1701 3324 1782 3358 oleri
1803 3327 1906 3371 vulq.]
1933 3325 2046 3359 clerici
2068 3325 2143 3358 RV
2169 3324 2328 3358 clericatu
2352 3323 2429 3366 T(²)
2450 3323 2463 3368 11

1384 3373 1620 3404 remoueantur
1635 3371 1669 3405 R
1691 3373 1906 3404 remouentur
1925 3371 2000 3413 T(²)
2016 3370 2030 3415 11
2056 3371 2098 3404 25
2118 3369 2212 3403 illius
2226 3369 2327 3412 RV!
2348 3370 2389 3403 27
2410 3377 2461 3401 re·

1383 3425 1459 3448 rum
1483 3417 1546 3449 del.
1561 3415 1612 3450 Τ2
1628 3416 1641 3460 11
1665 3416 1772 3449 factus
1788 3416 1926 3457 RVT²1
1949 3417 2057 3449 factus
2072 3417 2120 3449 est
2139 3416 2172 3448 T
2177 3415 2188 3436 ¹
2200 3415 2287 3457 υιιίρ.
2304 3413 2318 3457 11
2342 3414 2385 3447 28
2404 3413 2461 3445 da-

1383 3463 1453 3493 tam
1476 3471 1527 3493 res
1550 3461 1601 3494 R¹
1633 3462 1744 3495 datam
1766 3472 1836 3495 rem
1859 3461 1953 3495 R²T
1961 3462 1971 3481 ¹
1989 3461 2002 3505 11
2025 3462 2067 3495 29
2091 3458 2329 3493 uendieandam
2352 3455 2402 3491 13⁶
2412 3458 2462 3491 T¹

1385 3506 1612 3540 nendicandus
1635 3507 1687 3540 R⁰
1710 3507 1723 3550 11
1749 3508 1791 3541 30
1814 3507 1882 3548 sed]
1906 3516 1940 3540 se
1959 3506 2016 3550 Vn
2041 3515 2138 3539 omne
2160 3502 2237 3547 13¹1
2263 3503 2306 3538 32
2329 3502 2461 3536 fideius-

1383 3551 1515 3584 sionum
1542 3552 1593 3585 Τι
1622 3551 1635 3597 11
1663 3552 1903 3594 obligationem
1924 3553 2022 3585 schol.
2041 3551 2088 3592 R]
2125 3547 2383 3581 dominationem
2411 3549 2461 3581 T²

1385 3596 1598 3630 donationem
1618 3598 1653 3631 V
1669 3597 1836 3631 dationem
1852 3597 1902 3631 Β*
1913 3595 1966 3630 T·
1983 3596 1995 3638 11
2011 3596 2054 3630 33
2077 3593 2239 3626 notionem
2252 3593 2358 3634 Beck]
2385 3604 2460 3627 cau-

1383 3642 1510 3675 tionem
1533 3643 1610 3676 libri
1635 3642 1648 3686 11
1676 3653 1776 3685 super
1800 3643 1863 3675 hoc
1885 3641 1945 3684 qui
1959 3641 2010 3681 V]
2042 3638 2101 3680 qui
2123 3646 2222 3681 super
2245 3637 2307 3671 hoc
2328 3638 2461 3683 Rvuly.

1384 3686 1443 3765 {ui
1451 3696 1566 3764 ἕρει-
1578 3688 1670 3766 ἕως
1693 3687 1753 3730 qui
1776 3687 1848 3729 (qui
1871 3687 1933 3720 dcl.
1951 3683 2017 3726 Τ.)
2037 3682 2158 3726 T134
2179 3683 2382 3726 professione
2406 3683 2462 3731 1711

1408 3734 1427 3765 5
1487 3731 1556 3765 'um

2560 3920 2586 3990 ῧὲὶἳῖὶ)
2563 3830 2586 3907 ;..>.·”;””
