2580 4022
1285 154 1369 201 706

222 160 327 204 Nov.
350 160 499 203 CXLII
529 162 554 200 2
1703 170 1764 200 DE
1791 170 1848 201 ns
1877 171 1955 209 QUI
1983 169 2219 201 EUNUCHOS
2246 170 2442 201 nomm*

1220 286 1376 323 CAPUT
1400 287 1446 322 11.

351 353 495 390 Αύτοὺς
526 354 566 389 δὲ
595 355 678 390 τοὺς
708 353 1007 399 εὗνουχισθέντας
1040 356 1146 399 ἐχρῆν
1174 357 1241 399 μὲν
1264 352 1339 390 άπὸ
1363 353 1615 399 παλαιοτέρων
1638 354 1790 399 χρόνων,
1825 353 1920 397 πλὴν
1942 355 2128 401 κελεύομεν
2151 353 2238 391 ῶςτε
2261 355 2342 391 τοὺς
2364 354 2438 391 ἅπό

218 402 281 443 τῆς
312 400 541 436 duodecimae
569 401 773 436 indictionis
801 402 866 434 τοῦ
897 402 965 435 νῦν
988 397 1239 445 παρελθόντος
1261 398 1388 433 κύκλου
1413 396 1712 441 εὖνουχισθέντας
1731 396 1814 443 παρ’
1839 399 2044 435 οὑτινοςοῦν
2066 404 2106 436 ἐν
2128 401 2254 436 τόποις
2277 403 2340 444 τῆς
2361 399 2440 445 ἡμε-

218 449 319 490 τέρας
349 444 530 480 πολιτείας
560 444 765 491 ἐλευθέρους
796 445 907 487 εἶναι,
941 447 1000 478 καὶ
1032 445 1125 478 κατὰ
1155 443 1293 488 μηδένα
1324 444 1463 489 τρόπον
1495 441 1518 486 ἢ
1542 440 1756 485 οἱονδήποτε
1780 442 1872 478 εἶδος
1895 444 2185 492 συναλλάγματος
2208 447 2255 480 εἰς
2279 444 2442 479 δουλείαν

217 489 481 532 καθέλκεσθαι,
513 488 602 534 μηδὲ
631 488 854 534 συμβόλαιον
880 486 934 523 ἐπ’
961 486 1081 523 αὐτοῖς
1113 487 1282 534 ἀγοραῖον
1313 487 1335 531 ἢ
1364 486 1553 532 ἰδιόχειρον
1584 485 1677 522 καθ’
1704 487 1917 531 οἱανδήποτε
1935 489 2072 534 τρόπον
2092 490 2115 531 ἢ
2138 490 2230 525 κατὰ
2255 494 2441 535 περίνοιαν

217 534 410 579 γινόμενον
442 532 464 577 ἢ
496 538 555 569 καὶ
588 534 827 580 γενησόμενον
854 537 1008 578 κρατεῖν,
1033 531 1124 567 ἀλλὰ
1143 531 1234 578 μηδὲ
1255 533 1319 567 τὰς
1342 532 1529 579 λεγομένας
1553 529 1755 579 ἀνακρίσεις
1774 535 1832 568 ἐπὶ
1857 537 1930 568 τοῖς
1952 534 2124 569 τοιούτοις
2145 536 2316 581 γίνεσθαι
2339 546 2440 580 προς-

219 578 331 613 ώποις
355 578 378 621 ἢ
400 583 587 625 γινομένας
610 583 770 624 κρατεῖν·
811 575 900 612 ἀλλὰ
923 582 981 612 καὶ
1003 576 1143 613 πάντας
1165 577 1247 612 τοὺς
1268 576 1440 612 τοιούτοις
1463 574 1731 622 συναλλάγμασι
1754 578 1796 612 τὸ
1821 578 1951 613 λοιπὸν
1973 577 2239 626 ὑπουργοῦντας
2261 580 2325 614 τὰς
2348 577 2438 613 ἀνω-

216 626 310 666 τέρω
341 624 524 668 εἰρημένας
554 622 742 668 κελεύομεν
773 622 976 666 ’ὑποστῆναι
1008 620 1142 658 ποινάς.
1191 624 1221 656 εἰ
1252 625 1376 667 μέντοι
1409 620 1469 655 διὰ
1501 622 1623 656 πάθος
1652 624 1769 669 συμβῇ
1795 622 1924 657 δοῦλον
1948 620 2243 668 εὖνουχισθῆναι,
2276 623 2441 658 κάκεῖνον

216 665 404 711 κελεύομεν
435 669 498 712 τῆς
522 667 726 713 ἐλευθερίας
749 666 955 715 τυγχάνειν·
996 667 1031 701 οἱ
1052 668 1121 714 γὰρ
1142 668 1180 708 ἐξ
1203 664 1310 712 ἀρχῆς
1329 665 1429 701 ὄντες
1453 665 1636 712 ἐλεύθεροι
1660 667 1777 701 πάθει
1803 666 1850 701 ῶς
1872 666 1962 702 εἰκὸς
1984 667 2138 712 τοιούτῳ
2163 673 2441 714 περιπίπτοντες

217 712 357 747 ἑαυτῶν
384 714 524 755 ἔχουσιν
555 713 732 756 ἐξουσίαν,
765 710 811 756 ἣν
842 709 889 747 ἂν
913 711 1051 746 θέλωσι
1075 713 1279 756 θεραπείαν
1302 712 1438 745 ἑαυτοῖς
1461 711 1659 758 προςάγειν.
1706 712 1788 746 τοὺς
1812 709 2112 755 εὖνουχισθέντας
2135 718 2257 748 τοίνυν
2277 711 2352 749 άπὸ
2376 714 2440 748 τοῦ

215 759 527 801 μνημονευθέντος
550 757 677 803 χρόνον
701 760 741 791 ἐν
764 759 808 804 τῇ
832 756 987 802 ἡμετέρᾳ
1007 756 1172 800 πολιτεία
1196 754 1279 802 παρ’
1305 754 1508 799 οἱῳδήποτε
1533 756 1712 800 προςιύπῳ
1738 755 1847 791 ὄντας
1870 757 2058 801 κελεύομεν
2081 755 2359 801 ἀναζητηθῆναι
2383 761 2441 791 καὶ

216 801 423 847 ἐλευθέρους
453 802 545 836 εἶναι
577 806 637 836 καὶ
660 801 839 847 μηδέποτε
862 803 909 836 εἰς
933 800 1096 836 δουλείαν
1119 799 1263 835 τούτους
1285 801 1543 835 καθέλκεσθαι.
1592 802 1622 834 εἰ
1645 804 1768 845 μέντοι
1792 801 2018 847 θαρρήσουσί
2038 814 2132 837 τινες
2153 804 2191 843 ἐξ
2215 801 2340 837 αὐτῶν
2363 804 2441 836 τῶν

216 844 532 888 εύνουχισθέντων
554 847 654 881 τινὰς
676 847 767 891 μετὰ
791 847 858 881 τὸν
883 846 1050 892 παρόντα
1074 845 1178 890 ἡμῶν
1201 848 1360 888 ἐπισχεῖν
1382 844 1505 890 νόμον,
1530 843 1677 889 δίδομεν
1701 844 1828 879 ἄδειαν
1850 850 1910 880 καὶ
1935 844 2054 881 αὐτοῖς
2068 851 2140 881 τοῖς
2157 845 2441 890 εύνουχισθεῖσιν

217 889 266 925 ῶς
290 889 390 932 ἅπαξ
413 891 618 937 ἐλευθερίας
641 894 679 925 ἐκ
703 893 766 925 τοῦ
791 891 969 935 παρόντος
992 889 1097 935 ἡμῶν
1121 892 1263 933 τυχοῦσι
1287 888 1410 934 νόμου,
1437 891 1602 924 ἐνταῦθα
1624 892 1692 934 μὲν
1715 892 1760 937 τῇ
1784 904 1823 925 τε
1846 890 2014 935 βασιλείᾳ
2029 895 2209 935 προςιέναι
2224 893 2277 935 τῷ
2295 905 2333 925 τε
2349 890 2442 926 κατὰ

215 935 343 979 καιρὸν
363 933 556 980 ἁγιωτάτῳ
581 934 784 983 πατριάρχῃ
810 939 869 969 καὶ
889 938 962 970 τοῖς
983 934 1230 976 ἐνδοξοτάτοις
1253 931 1357 979 ἡμῶν
1381 935 1527 980 ἄρχουσι
1551 934 1830 981 προςαγγέλλειν,
1850 938 1890 969 ἐν
1910 934 1949 969 δὲ
1965 939 2041 970 ταῖς
2058 937 2242 981 ἐπαρχίαις
2262 939 2333 970 τοῖς
2349 935 2441 970 κατὰ

216 978 332 1014 τόπον
360 978 570 1015 ὁσιωτάτοις
603 979 810 1015 ἐπισκόποις
834 984 893 1014 καὶ
918 983 990 1014 τοῖς
1013 980 1156 1014 τούτων
1181 980 1362 1025 ἄρχουσιν,
1386 978 1439 1025 ἐφ’
1468 973 1497 1023 ᾧ
1516 984 1670 1024 προνοίᾳ
1692 980 1846 1015 πάντων
1869 981 1947 1014 τῶν
1966 980 2150 1026 ἡμετέρων
2174 980 2362 1026 ἀρχόντων
2384 983 2442 1015 καὶ

215 1023 373 1068 κινδύνῳ
405 1026 483 1060 τῶν
513 1025 746 1070 πειθομένων
778 1023 898 1059 αὐτοῖς
928 1023 1070 1065 τάξεων
1104 1025 1175 1059 εἴτε
1206 1027 1246 1059 έν
1278 1024 1667 1059 Κωνσταντινουπόλει
1698 1025 1770 1058 εἴτε
1801 1027 1841 1058 ἐν
1873 1026 1984 1070 ἑτέρῳ
2020 1024 2224 1069 οἱῳδήποτε
2253 1026 2358 1068 τόπῳ
2381 1026 2443 1068 τῆς

215 1068 387 1115 ἡμετέρας
418 1068 598 1104 πολιτείας
628 1070 773 1104 τούτους
797 1068 1020 1103 ἐκδικεῖσθαι
1044 1073 1103 1103 καὶ
1128 1069 1379 1115 φυλάττεσθαι
1402 1069 1471 1112 τὴν
1495 1071 1532 1102 ἐκ
1555 1071 1620 1103 τοῦ
1646 1070 1825 1115 παρόντος
1848 1068 1953 1113 ἡμῶν
1976 1069 2087 1113 νόμου
2111 1068 2302 1115 διδομένην
2325 1069 2444 1103 αὐτοῖς

215 1113 435 1159 ἐλευθερίαν.
483 1113 649 1159 παριδεῖν
678 1113 748 1161 γὰρ
780 1115 909 1170 φόνους
936 1114 1126 1149 τοσούτους
1157 1117 1361 1161 γινομένους
1392 1113 1484 1148 κατὰ
1515 1112 1698 1159 πρόφασιν
1730 1115 1806 1148 τῶν
1837 1115 1883 1148 τοὶ
1916 1116 2069 1149 τοιαῦτα
2092 1115 2314 1159 τολμώντων
2337 1116 2377 1149 ἐν
2399 1115 2443 1160 τῇ

215 1155 369 1204 ἡμετέρᾳ
400 1157 563 1202 πολιτείᾳ
586 1157 753 1203 οὐδαμῶς
775 1159 992 1203 ανεχόμεθα.
1041 1160 1071 1192 εἰ
1094 1159 1163 1206 γὰρ
1186 1160 1365 1205 βάρβαροι
1391 1157 1607 1192 ἀκούσαντες
1629 1160 1706 1193 τῶν
1728 1156 1912 1205 ἡμετέρων
1935 1163 2017 1207 περὶ
2040 1158 2168 1194 τούτου
2193 1159 2446 1206 παραγγελιῶν

214 1202 347 1237 ταύτας
377 1202 570 1249 ἐφύλαξαν,
600 1205 679 1238 πῶς
710 1202 757 1238 ἄν
786 1201 884 1248 ἡμεῖς
913 1203 1205 1250 συγχωρήσαιμεν
1236 1205 1326 1248 μετὰ
1358 1201 1536 1237 τοσαύτας
1566 1205 1644 1237 τῶν
1667 1204 1739 1250 πρὸ
1764 1203 1868 1248 ἡμῶν
1890 1204 2202 1249 βεβασιλευκότων
2226 1205 2445 1249 νομοθεσίας

215 1248 383 1282 τοιοῦτόν
407 1261 443 1282 τι
467 1245 748 1294 ἁμαρτάνεσθαι
771 1247 794 1291 ἢ
818 1246 1052 1291 ἀνεκδίκητον
1076 1251 1116 1283 ἐν
1139 1251 1183 1296 τῇ
1207 1247 1358 1294 ἡμετέρᾳ
1378 1247 1540 1291 πολιτείᾳ
1562 1247 1924 1292 καταλιμπάνεσθαι;

349 1301 633 1358 (Ἐπίλογος)
686 1305 735 1338 Τὰ
765 1309 890 1339 τοίνυν
921 1304 1163 1350 παραστάντα
1193 1301 1279 1349 ἡμῖν
1309 1307 1368 1338 καὶ
1400 1302 1460 1338 διὰ
1482 1302 1589 1338 τοῦδε
1611 1305 1676 1339 τοῦ
1700 1304 1805 1338 θείου
1827 1306 1966 1351 γενικοῦ
1994 1303 2194 1348 δηλούμενα
2217 1303 2330 1350 νόμου
2351 1302 2372 1349 ἦ
2398 1304 2443 1349 σὴ

215 1346 405 1392 ἐνδοξότης
437 1349 604 1383 ἐνταυθά
635 1362 676 1384 τε
707 1353 767 1383 καὶ
794 1351 887 1383 κατὰ
919 1348 1043 1396 χώραν
1073 1350 1203 1395 πράξει
1234 1353 1294 1383 καὶ
1324 1346 1582 1395 παραφυλάξει.
1634 1349 1716 1385 Dat.
1748 1349 1826 1386 XV.
1858 1351 1894 1384 k.
1927 1350 2014 1386 Dec.
2040 1351 2195 1395 Septimo
2226 1350 2351 1395 (imp.)
2384 1351 2442 1386 (ln.

216 1393 406 1429 Iustiniani
430 1404 491 1439 pp.
514 1396 605 1438 Aug.
631 1403 724 1430 anno
748 1394 900 1430 XXXII.
925 1397 1008 1439 post
1032 1405 1129 1431 cons.
1152 1394 1275 1431 Basilii
1297 1405 1349 1430 vc.
1376 1404 1467 1429 anno
1492 1394 1604 1429 XVII.
2293 1399 2339 1437 [a.
2365 1398 2443 1438 558]

349 1497 375 1518 ο.
391 1484 435 1517 ΙΙ
445 1497 475 1518 υ.
491 1486 579 1519 4-7
600 1496 751 1518 summam
776 1497 815 1519 ex
830 1485 907 1518 Am.
926 1486 1044 1519 habent
1062 1485 1224 1529 paratitla
1240 1485 1316 1518 Ath.
1335 1486 1376 1519 14
1391 1484 1476 1528 §103
1502 1497 1531 1517 υ.
1551 1486 1650 1527 14sq.
1675 1491 1892 1528 arqumentum
1914 1492 2057 1528 repetunt
2074 1486 2240 1528 paratitla
2254 1485 2331 1519 Ath.
2347 1488 2362 1520 1
2384 1490 2400 1526 ἒ
2416 1493 2443 1521 8.

348 1638 395 1672 11.
443 1636 552 1690 Ipsos
581 1643 700 1673 autem
732 1642 911 1674 castratos
943 1639 1085 1673 tametsi
1112 1638 1302 1684 oportebat
1332 1639 1404 1673 iam
1426 1637 1470 1673 ab
1495 1638 1573 1685 anti
1599 1638 1760 1673 uioribus
1785 1640 2013 1684 temporibus,
2037 1645 2075 1674 at
2098 1641 2220 1684 utique
2241 1640 2400 1675 iubemus
2422 1651 2446 1675 a

215 1681 426 1718 duodecima
457 1682 651 1717 indictione
679 1683 771 1728 cycli
802 1693 897 1717 nunc
923 1683 1117 1728 praeteriti
1137 1693 1206 1728 per
1229 1693 1483 1728 quemcumque
1503 1683 1540 1717 in
1566 1648 1654 1718 limis
1676 1683 1731 1718 rei
1747 1683 1920 1729 publicae
1942 1688 2088 1719 nostrae
2112 1688 2292 1720 castratos
2315 1684 2446 1720 liberos

216 1737 303 1768 esse,
334 1736 400 1762 nec
431 1727 505 1762 ullo
537 1726 643 1761 modo
676 1727 794 1762 ullove
817 1738 948 1772 qenere
971 1730 1181 1762 contractus
1203 1727 1241 1760 in
1264 1727 1466 1762 servitutem
1490 1726 1639 1769 retrahi,
1671 1737 1736 1762 nec
1758 1728 2030 1763 instrumentum
2053 1728 2098 1763 de
2120 1728 2166 1763 iis
2182 1729 2368 1774 publicum
2391 1729 2448 1765 vel

211 1771 360 1819 privata
383 1781 492 1805 manu
524 1771 696 1816 scriptum
728 1773 823 1816 quod
852 1771 928 1806 ullo
961 1771 1068 1805 modo
1100 1770 1155 1806 vel
1175 1771 1313 1815 fraude
1341 1771 1483 1815 sactum
1513 1772 1561 1806 sit
1590 1772 1802 1816 futurumve
1829 1772 1880 1806 sit
1909 1772 2038 1815 valere,
2068 1772 2131 1807 sed
2153 1783 2198 1808 ne
2221 1773 2445 1819 coqnitiones

217 1812 442 1860 (ἀνακρίσεις)
467 1815 607 1860 quidem
632 1826 726 1860 quae
749 1815 982 1862 appellantur
997 1815 1035 1849 in
1055 1815 1230 1850 eiusmodi
1245 1816 1417 1860 personis
1437 1815 1520 1859 fieri
1543 1820 1606 1850 aut
1627 1816 1753 1860 factas
1776 1815 1919 1851 valere:
1948 1826 2069 1851 verum
2097 1817 2204 1852 etiam
2236 1828 2357 1853 omnes
2381 1819 2447 1863 qui

216 1859 391 1895 eiusmodi
418 1858 661 1895 contractibus
688 1860 726 1894 in
755 1864 939 1906 posterum
971 1859 1203 1894 ministerium
1230 1860 1431 1904 praebeant
1459 1870 1573 1905 supra
1603 1859 1718 1894 dictas
1734 1870 1879 1911 poenas
1901 1860 2021 1896 subire
2044 1861 2212 1896 iubemus.
2261 1862 2303 1897 Si
2327 1867 2445 1898 tamen

208 1908 368 1950 propter
397 1904 555 1940 morbum
586 1904 772 1950 continqat
801 1908 841 1938 ut
868 1914 993 1940 servus
1024 1906 1212 1945 castretur,
1241 1903 1342 1938 illum
1367 1914 1510 1949 quoque
1533 1903 1693 1939 iubemus
1717 1903 1881 1939 abertate
1897 1905 2035 1950 potiri:
2071 1905 2134 1950 qui
2156 1906 2248 1941 enim
2272 1908 2316 1942 ab
2340 1908 2443 1943 initio

218 1950 320 1984 liberi
349 1952 433 1984 sunt
463 1948 524 1983 ubi
553 1949 591 1982 in
624 1948 728 1984 talem
757 1949 859 1995 forte
889 1948 1050 1983 morbum
1081 1948 1303 1990 inciderunt,
1339 1948 1396 1983 sui
1425 1951 1639 1994 potestatem
1667 1948 1814 1990 habent,
1846 1952 1889 1984 ut
1910 1949 2008 1994 quod
2029 1951 2139 1985 velint
2160 1951 2229 1986 sibi
2251 1952 2444 1987 remedium

216 1992 418 2028 adhibeant.
468 1993 652 2028 Castratos
681 1994 793 2038 iqitur
823 1992 906 2028 inde
935 2004 958 2027 a
990 1996 1186 2027 memorato
1215 1995 1374 2037 tempore
1398 1993 1462 2037 qui
1485 1993 1523 2027 in
1547 2003 1586 2027 re
1605 1992 1754 2038 publica
1777 1996 1903 2028 nostra
1925 1993 2025 2039 apud
2046 1994 2339 2042 qualemcumque
2361 2007 2443 2041 per-

214 2048 341 2072 sonam
372 2041 475 2080 sunt,
505 2037 646 2082 requiri
667 2037 828 2072 iubemus
850 2041 886 2073 et
908 2037 1039 2071 liberos
1055 2046 1131 2071 esse
1153 2047 1268 2081 neque
1292 2047 1460 2081 umquam
1484 2047 1546 2072 eos
1569 2038 1607 2071 in
1629 2038 1833 2072 servitutem
1855 2037 2003 2073 retrahi.
2059 2039 2188 2074 Verum
2210 2041 2243 2075 si
2266 2042 2329 2086 qui
2353 2052 2444 2086 quos

214 2093 264 2117 ex
285 2081 373 2127 ipsis
397 2081 565 2116 castratis
585 2085 671 2127 post
686 2085 917 2127 praesentem
941 2081 1054 2126 leqem
1077 2084 1238 2115 nostram
1255 2080 1414 2115 detinere
1428 2081 1510 2115 ausi
1523 2081 1607 2123 sint,
1631 2081 1720 2126 ipsis
1736 2091 1877 2126 quoque
1893 2084 2062 2118 castratis
2075 2083 2289 2128 facultatem
2306 2085 2444 2130 damus,

215 2126 350 2175 quippe
372 2126 435 2171 qui
458 2125 566 2161 semel
589 2125 753 2161 libertate
775 2136 825 2161 eae
847 2125 1031 2171 praesenti
1056 2124 1133 2171 leqe
1144 2125 1258 2170 potiti
1280 2125 1365 2167 sint,
1390 2124 1448 2159 hic
1471 2125 1613 2171 quidem
1638 2132 1708 2160 tam
1726 2127 1981 2172 imperatorem
1996 2127 2156 2163 adeundi
2169 2139 2276 2174 quam
2292 2131 2444 2166 sanctis—

213 2171 302 2206 simo
330 2181 404 2216 pro
438 2174 595 2216 tempore
621 2169 858 2216 patriarchae
891 2174 926 2205 et
953 2169 1224 2215 qloriosissimis
1252 2169 1524 2215 maqistratibus
1554 2170 1690 2205 nostris
1718 2181 1793 2205 rem
1823 2170 2022 2217 deferendi,
2051 2172 2090 2206 in
2109 2174 2307 2218 provinciis
2327 2179 2444 2211 autem

213 2215 448 2251 sanctissimis
477 2215 638 2250 locorum
669 2215 849 2261 episcopis
879 2219 914 2250 et
944 2225 1069 2250 earum
1094 2213 1345 2260 praesidibus.-
1383 2218 1423 2249 ut
1444 2214 1679 2260 providentia
1703 2215 1860 2250 omnium
1884 2216 2162 2261 maqistratuum
2184 2223 2387 2254 nostrorum
2410 2227 2446 2254 ec

209 2260 375 2306 periculo
401 2259 609 2305 officiorum
634 2269 727 2304 quae
750 2260 795 2294 iis
818 2259 1075 2305 obtemperant,
1099 2259 1173 2294 sive
1191 2259 1502 2311 Constantinopoli
1523 2260 1597 2295 sive
1621 2260 1659 2294 in
1683 2259 1756 2294 alio
1780 2259 1939 2305 quolibet
1954 2261 2034 2296 loco
2051 2261 2283 2308 reipublicae
2298 2268 2446 2299 nostrae

213 2305 268 2340 illi
298 2304 522 2340 vindicentur
552 2307 661 2349 atque
690 2304 836 2340 libertas
869 2315 919 2340 ex
939 2303 1125 2350 praesenti
1150 2303 1228 2349 leqe
1250 2306 1377 2338 nostra
1401 2304 1447 2338 iis
1469 2304 1555 2339 data
1579 2308 1819 2340 conservetur.
1866 2304 1961 2340 Nam
1986 2310 2041 2341 tot
2062 2306 2189 2342 caedes
2205 2318 2278 2354 per
2301 2318 2445 2343 causam

213 2360 336 2384 eorum
367 2350 432 2395 qui
457 2349 528 2383 ista
552 2348 684 2384 audent
707 2350 745 2383 in
769 2360 810 2384 re
831 2349 978 2395 publica
1002 2352 1129 2383 nostra
1152 2348 1358 2383 commissas
1382 2348 1572 2395 neqleqere
1595 2348 1694 2384 nullo
1718 2349 1826 2384 modo
1850 2350 2074 2386 sustinemus.
2122 2351 2166 2386 Si
2185 2352 2279 2387 enim
2300 2353 2446 2388 barbari

213 2395 347 2429 auditis
370 2394 504 2429 nostris
526 2392 570 2428 de
593 2392 662 2428 Izac
684 2404 724 2429 re
741 2394 954 2446 praeceptis
976 2403 1020 2429 ea
1043 2393 1303 2437 custodierunt,
1327 2393 1506 2438 quomodo
1529 2404 1598 2429 nos
1617 2393 1804 2439 patiamur
1822 2398 1908 2440 post
1932 2398 1986 2430 tot
2005 2395 2172 2440 priorum
2189 2398 2445 2443 imperatorum

212 2439 417 2474 sanctiones
440 2438 613 2473 eiusmodi
636 2437 777 2484 aliquid
798 2438 972 2474 committi
992 2437 1047 2473 vel
1069 2437 1221 2473 inultum
1243 2438 1282 2472 in
1304 2448 1345 2473 re
1362 2437 1513 2483 publica
1535 2444 1663 2474 nostra
1685 2439 1867 2484 relinqui?

347 2494 434 2540 Epi
443 2494 457 2528 l
465 2503 585 2540 oyus.
632 2492 733 2536 Quae
764 2494 877 2540 iqitur
906 2495 1009 2530 nobis
1033 2493 1255 2540 placuerunt
1285 2497 1322 2528 et
1347 2504 1418 2539 per
1448 2493 1543 2530 hanc
1571 2504 1715 2530 sacram
1745 2494 1949 2541 generalem
1980 2495 2093 2542 leyem
2122 2495 2356 2533 declarantur
2384 2502 2446 2534 tua

211 2539 331 2586 qloria
355 2545 391 2575 et
412 2539 470 2574 nio
493 2542 529 2574 et
549 2538 588 2573 in
609 2539 799 2585 provincia
822 2543 1023 2585 exequetur
1045 2542 1155 2583 atque
1178 2537 1389 2574 observabit.

261 2699 273 2730 1
301 2693 470 2737 Χρόνων]
504 2695 652 2728 liberiore
682 2701 845 2727 structura
875 2694 1066 2737 iunyendum
1091 2690 1297 2737 ἐλευθέρους

211 2740 304 2774 εἶναι
334 2742 376 2782 (υ.
403 2741 453 2782 3):
495 2740 582 2782 quod
611 2740 737 2772 verbum
769 2740 832 2778 (vel
866 2736 1165 2782 ἐλευθεροῦσθαι)
1202 2740 1297 2771 inter-

212 2787 328 2819 cidisse
358 2797 421 2818 non
452 2791 537 2817 recte
564 2791 683 2827 putant
706 2783 800 2816 Beck
827 2790 856 2816 et
880 2784 1067 2816 Zachariae
1095 2782 1108 2825 ΙΙ
1134 2779 1216 2815 τους
1239 2795 1297 2815 om.

211 2831 372 2864 Νοηιοο.7η
388 2829 400 2872 ΙΙ
427 2830 447 2862 2
471 2829 533 2870 τῆς
557 2841 615 2861 om.
641 2829 671 2861 L
690 2827 703 2871 ΙΙ
726 2827 936 2860 duodecimae
960 2827 1155 2860 indictionis
1179 2827 1298 2860 Serim-

210 2876 279 2918 9er]
312 2873 632 2906 duodecimaenduae
664 2871 904 2915 ἐπινεμήσεως
934 2873 981 2904 Μ
1008 2871 1151 2912 ᾱεζίιηίε
1181 2872 1297 2905 ἐπινε-

210 2915 351 2962 μήσεως
373 2919 406 2951 L
442 2915 588 2958 δεκάτης
612 2915 853 2959 ἐπινεμήσεως
878 2917 927 2949 M
949 2929 975 2948 ε.
995 2929 1039 2958 υ.,
1065 2918 1100 2949 Β
1128 2916 1140 2958 Π
1169 2913 1297 2960 παρελ-

1365 2690 1519 2736 δομένην
1542 2694 1611 2727 LB
1640 2693 1652 2737 ΙΙ
1682 2696 1723 2729 19
1753 2692 1946 2739 βάρβαροι]
1977 2701 1998 2729 ι’.
2017 2708 2043 2729 e.
2067 2696 2159 2729 Abas
2182 2698 2216 2737 i,·
2239 2699 2281 2737 cf]
2307 2698 2444 2742 Procop.

1366 2740 1405 2771 de
1430 2740 1509 2771 bello
1534 2739 1628 2772 Goth.
1645 2740 1676 2780 4,
1691 2746 1717 2780 3,
1739 2740 1865 2782 Euayr.
1886 2741 1957 2773 hist.
1975 2742 2048 2773 eccl.
2066 2742 2097 2782 4,
2112 2710 2180 2784 ἳῖῇ
2194 2741 2447 2785 παραγγελιῶν

1365 2780 1497 2815 ταύτας
1520 2783 1593 2816 ML
1617 2783 1788 2823 Nomoc.⁷⁷¹]
1820 2782 2131 2828 παραγγελμάτων
2157 2785 2274 2818 ταῦτα
2299 2787 2334 2819 Β
2362 2787 2374 2830 ΙΙ
2404 2790 2445 2822 20

1365 2825 1657 2906 ’ἷῖἷέἕξῗῗῖαἱῗῖν
1662 2828 2140 2915 fflffiyffiiffgfgzssffl
2155 2831 2245 2917 J’Bulfi'
2260 2830 2326 2908 {1¹³
2327 2834 2369 2886 ‘3¹⁹
2371 2843 2446 2910 ‘352

1366 2896 1536 2957 ῂοωοο.Μ]
1561 2912 1583 2959 ἢ
1606 2918 1666 2950 καὶ
1677 2918 1730 2969 ..l-{—
1730 2917 1741 2960 ΙΙ
1759 2896 2046 2968 καταλιμπάνειν
2059 2919 2218 2952 Nemean
2235 2919 2247 2963 ΙΙ
2267 2921 2308 2954 23
2325 2888 2355 2952 g
2369 2920 2445 2955 XV.

211 2962 344 2996 θόντος
370 2963 424 3003 Μ]
461 2960 684 2996 ἐπελθόντος
710 2962 776 2994 LB
812 2957 1076 3000 ὑπεξελθόντος
1112 2962 1272 2994 Νονηοε.’”
1286 2959 1297 3005 Η

212 3011 230 3040 3
266 3003 288 3050 ἢ
321 3008 369 3048 Β]
406 3020 463 3039 om.
496 3008 568 3040 ML
598 3007 609 3045 ΙΙ
636 3003 848 3048 οἱονδήποτε
883 3005 973 3039 εἶδος
1007 3003 1298 3051 συναλλάγματος

212 3053 258 3085 M
259 3054 300 3092 Β]
320 3047 532 3093 οἷουδήποτε
556 3049 666 3084 εἴδους
690 3049 960 3096 συναλλάγματι
974 3051 1104 3094 Lvulq.
1122 3051 1134 3093 11
1153 3054 1174 3084 4
1197 3046 1295 3083 αἰτῶ

212 3098 372 3131 Numnam
390 3095 402 3140 ss
419 3099 438 3130 5
461 3094 656 3141 γενόμενον
679 3096 840 3129 N0m00.m
852 3097 938 3138 vulq.
957 3095 968 3138 ΙΙ
986 3096 1045 3126 καὶ
1071 3096 1129 3135 M]
1154 3107 1213 3128 om.
1226 3095 1295 3128 LB

211 3140 258 3185 116
281 3140 476 3186 γενομένας
499 3141 659 3174 Νοιηοο.7”
682 3140 769 3183 vuly.
795 3140 807 3179 ΙΙ
832 3138 916 3173 τοὺς
938 3141 1011 3172 τοῖς
1033 3139 1207 3172 τοιούτοις
1225 3140 1293 3173 Νο-

212 3191 315 3218 mocffl
334 3186 381 3225 119
406 3182 451 3219 ἂν
476 3185 547 3218 ML
572 3185 744 3226 Nomocfl‘]
769 3198 827 3218 om.
852 3185 888 3217 B
905 3184 917 3227 ss
943 3181 1109 3216 ἐθέλουσι
1133 3185 1295 3217 Nomoc.m

211 3228 223 3274 ΙΙ
242 3231 281 3263 12
307 3227 508 3271 δίδομεν-
523 3230 563 3263 13
588 3227 702 3272 νόμου
725 3242 782 3262 om.
808 3230 969 3263 Nomocffl
985 3230 996 3271 ΙΙ
1018 3230 1059 3262 14
1082 3230 1153 3269 καὶ]
1178 3227 1200 3270 ἢ
1225 3229 1292 3262 Νο-

212 3275 343 3317 moc.mfl
362 3277 402 3308 17
429 3271 669 3319 φυλάττοντες
692 3274 722 3306 L
739 3273 750 3317 ss
770 3270 960 3317 διδομένην
984 3273 1027 3306 Μ
1040 3273 1212 3315 Νοιηοο.”’]
1238 3270 1289 3306 δε·

1365 2972 1396 3003 k.
1422 2972 1490 3006 dec.
1518 2973 1563 3005 M
1586 2972 1652 3005 dat.
1676 2975 1739 3016 Χβ
1768 2974 1803 3014 (i.
1823 2986 1848 3006 e.
1874 2965 1946 3015 X-u)
1982 2970 2117 3019 ἐγράφη
2148 2971 2294 3007 καλανδ.
2327 2972 2445 3019 δεκεμ-

1364 3019 1481 3061 βρι-’ων
1496 3017 1571 3050 Ath.
1588 3019 1657 3050 cod.
1673 3018 1742 3059 (ubi
1763 3019 1930 3051 delendum
1954 3018 2104 3063 ἐγράφη)
2128 3017 2345 3062 ἐξεφωνὴθη
2360 3023 2446 3064 μηνὶ

1366 3058 1563 3106 δεκεμβρίῳ
1596 3063 1715 3095 Theod.
1750 3061 1762 3105 ΙΙ
1795 3063 1941 3106 Septimo
1973 3065 2028 3106 (of.
2050 3076 2090 3106 -p.
2116 3065 2191 3105 572,
2214 3065 2281 3106 36)]
2317 3065 2357 3097 ἐν
2391 3066 2443 3107 τῷ

1364 3107 1516 3148 σέπτιμο
1540 3107 1614 3140 ΑιΙι.
1639 3106 1704 3139 ΟΡ.
1730 3107 1779 3140 M
1795 3111 1880 3151 vuly.
1905 3109 1975 3149 (om.
2003 3108 2136 3149 Themi.)
2161 3108 2173 3151 ΙΙ
2199 3109 2270 3141 ἔτει
2301 3107 2356 3152 λβ’
2384 3110 2446 3152 τῆς

1363 3149 1545 3192 βασιλείας
1566 3147 1820 3184 ’Ῑουστινιανοῦ
1848 3150 1939 3195 μετὰ
1972 3148 2152 3186 ὑπατείαν
2182 3151 2372 3186 Βασιλείου
2400 3153 2443 3187 τὸ

1363 3194 1408 3235 ιζ’
1435 3196 1555 3228 Theod.
1581 3196 1636 3228 dn.
1659 3196 1737 3228 iust.
1763 3207 1818 3239 pp.
1843 3207 1918 3238 aug.
1942 3195 2082 3229 basilla»
2109 3207 2159 3230 uo.
2184 3208 2289 3233 conss,
2315 3199 2361 3231 M
2379 3201 2445 3242 βα-

1363 3237 1494 3273 σιλείας
1508 3235 1763 3273 Ἰουστινιανοῦ
1785 3241 1877 3283 μετὰ
1900 3239 1969 3284 τὴν
1992 3237 2170 3275 ὑπατείαν
2185 3240 2375 3275 Βασιλείου
2396 3243 2440 3276 τὸ

1362 3281 1407 3316 ιδ’
1433 3286 1507 3318 Atk.
1532 3286 1645 3319 omisso
1670 3287 1798 3328 imperu‘
1820 3298 1915 3319 anno.

2468 761 2507 793 10

2469 984 2508 1016 15

2469 1208 2509 1240 20
