2618 4010
253 119 359 164 Nov.
392 120 507 163 LXX
539 124 558 162 1

254 232 284 265 εἰ
307 232 373 272 μὲν
398 226 485 264 diets
520 231 579 262 καὶ
602 225 804 270 ἀπαλλάξαι
831 231 892 274 τῆς
915 230 1035 274 τύχης,
1067 228 1206 264 διδόναι
1230 228 1328 275 αὐτῷ

255 272 416 319 σι’·μβολα
442 274 503 316 τῆς
519 270 625 318 ἀρχῆς
646 276 707 307 καὶ
728 273 1010 321 παρασκευάζειν
1034 272 1146 309 αὐτὸν
1169 276 1227 310 ἐπὶ
1252 277 1330 310 τῶν

255 315 434 354 τοιούτων
456 317 647 365 γινόμενον
663 318 827 365 θρόνων,
850 317 872 363 ἢ
893 321 954 363 τῆς
978 319 1185 367 πολιαρχίας
1206 321 1268 363 τῆς
1291 322 1330 355 ἐν

256 365 299 411 τῇ
324 366 550 410 πρεσβυτέρᾳ
571 359 685 411 Ῥώμῃ
719 367 777 398 καὶ
797 365 842 412 τῇ
865 368 930 407 νέᾳ
954 363 996 408 δὴ
1021 363 1134 412 ταύτῃ
1160 366 1204 413 τῇ
1233 361 1326 400 καθ>

256 407 360 453 ἡμᾶς,
392 408 461 442 εἴτε
486 409 547 443 ἐπὶ
577 409 654 446 τῶν
676 410 960 456 πραιτωριανῶν
989 407 1164 454 βημάτων
1190 411 1267 445 τῶν
1290 423 1329 445 τε

256 455 316 497 τῆς
337 451 448 497 ‘Educ
477 453 555 487 τῶν
584 466 623 487 τε
652 455 713 497 τῆς
735 451 905 501 Ἑσπέρας
935 455 1013 490 τῶν
1036 468 1076 489 τε
1099 452 1239 500 Λιβύης
1269 459 1328 489 καὶ

255 499 326 543 μὴν
345 501 404 532 καὶ
428 499 505 532 τῶν
529 499 588 532 ἐπὶ
611 499 672 542 τῆς
693 497 891 546 Ἰλλυρίδος,
923 497 1049 546 οῧςπερ
1072 496 1235 535 ἅπαντας
1257 497 1324 545 ὑφ’

256 542 344 588 ἡμᾶς
362 547 558 597 πεπρίηκεν
578 540 597 577 ὁ
618 542 716 588 θεός,
739 548 799 579 καὶ
821 541 916 579 οὕτω
939 546 1000 588 τῆς
1020 543 1225 592 ἐλευθερίας
1239 543 1326 579 ἀπο-

1308 117 1394 165 356

1365 415 1384 446 5
1397 410 1634 447 tribunalibus
1659 414 1696 447 et
1718 412 1871 449 Orientis
1901 418 1936 450 et
1957 415 2151 462 Hesperiae
2175 419 2210 452 et

1721 137 1781 169 υτ
1809 136 2082 169 mmmmm
2111 124 2458 169 PRAnnnc'rusAn

1399 231 1505 285 etiam
1527 231 1655 267 liberet
1676 232 1837 277 fortuna,
1869 234 1955 272 dare
1977 236 2010 272 ei
2035 236 2215 272 codicillos
2240 235 2464 271 administra-

1398 278 1505 312 tioms
1526 276 1602 329 (et)
1617 286 1830 322 praeparare
1859 289 1940 316 eum
1961 281 1999 318 in
2022 281 2152 317 talibus
2178 281 2348 317 constitui
2371 281 2462 317 sedi-

1398 321 1466 357 bus
1486 324 1549 356 aut
1571 332 1627 373 cm
1654 322 1702 357 uli
1726 323 1884 359 urbanae
1900 325 2146 370 praefecturae
2165 326 2314 363 senioris
2327 325 2463 362 Romae

1398 370 1434 401 et
1456 376 1569 401 novae
1592 377 1625 401 vi
1650 367 1753 403 ehcet
1775 367 1880 404 huius
1903 373 2056 414 nostrae,
2083 376 2146 407 aut
2167 371 2205 407 in
2253 371 2464 407 raetorianis

2264 416 2299 451 ib
2324 426 2367 452 ae
2396 426 2465 452 nec

1396 466 1468 508 non
1500 455 1711 509 ‹et-Illyrici,
1745 468 1833 502 quos
1863 468 1984 496 omnes
2015 461 2082 497 sub
2113 461 2214 498 nobis
2246 427 2333 498 fecit
2364 461 2463 505 deus,

1397 504 1432 536 et
1453 505 1504 536 ita
1526 501 1692 553 libertate
1714 501 1804 546 frui,
1835 506 2009 548 quatenus
2040 516 2167 551 magno
2194 507 2377 552 promeriti
2398 507 2461 542 ho-

1397 556 1493 589 nore,
1525 550 1561 581 et
1590 557 1627 582 m
1660 547 1840 592 carpentis
1870 549 1963 584 vecti
1993 553 2028 585 et
2055 551 2224 588 clamores
2248 562 2463 598 praeconum

255 588 395 631 λαῦσαι,
423 599 509 624 ωςτε
525 587 676 636 μεγάλης
697 587 820 644 αὐτοὺς
841 588 1056 634 ἠξιωμένους
1070 592 1183 646 τιμῆς,
1207 589 1327 637 ἀπήνῃ
1396 591 1590 634 audientes,
1606 591 1751 637 insuper
1767 592 1949 629 iudiciales
1971 596 2245 633 conscendentes
2261 597 2374 642 sedes,
2395 597 2462 632 hu-

256 647 295 669 τε
331 635 585 679 ἐποχουμένους
623 638 683 668 καὶ
716 639 895 679 βοωντων
932 634 1096 682 κηρύκων
1134 636 1328 670 ακούονταε
1343 639 1383 672 10
1396 636 1547 672 iusmodi
1577 636 1723 672 fortuna
1756 637 1858 673 liberi
1890 639 2162 677 constituantur.
2209 641 2245 677 Si
2274 652 2357 678 vero
2387 642 2463 679 solo

255 682 315 714 καὶ
345 678 434 725 πρός
463 692 503 726 γε
531 680 609 714 τῶν
639 677 859 715 δικαστικῶν
883 682 1138 725 ἐπιβαίνοντας
1165 680 1327 727 θρόνων,

255 726 317 768 τῆς
351 723 516 768 τοιαύτης
550 723 654 768 τύχης
689 724 894 769 ἐλευθέρους
928 725 1165 761 καθεστάναι.
1212 727 1259 760 Εἰ
1290 723 1329 760 δὲ

255 768 366 813 μόνης
389 767 509 805 αὐτοῖς
530 769 748 815 μεταδοῦναι
770 769 949 815 βουληθεί
991 772 1110 816 τιμῆς,
1142 771 1329 806 ποιεῖσθαι

1397 692 1457 718 eos
1486 681 1702 727 participare
1733 683 1884 719 voluerit
1915 684 2068 728 honore,
2098 686 2175 722 fieri
2203 687 2342 732 quidem
2366 687 2461 723 codi-

1398 727 1497 763 cillos
1529 731 1566 763 et
1599 727 1665 763 hos
1701 728 1800 770 dari,
1835 731 1974 764 tantum
2004 739 2087 766 vero
2118 731 2234 767 valere
2264 733 2465 769 huiusmodi

1396 772 1614 817 imperialem
1636 773 1855 825 largItatem‚
1887 778 1927 809 ut
1949 774 2008 810 ille
2035 775 2230 812 honoratus
2254 778 2395 822 quidem
2419 778 2466 814 sit

256 817 324 859 μὲν
346 813 574 850 κωὸικίλλους
597 818 660 858 καὶΥ
679 813 824 851 τούτους
847 814 944 851 em&
969 814 1068 858 όναι,
1092 818 1266 851 τοσοῦτον
1290 814 1330 851 δὲ
1398 821 1433 853 et
1463 818 1635 854 maximae
1667 828 1787 854 curiae
1817 829 1902 863 pars
1932 829 2010 856 esse
2040 820 2208 863 videatur,
2242 832 2313 858 non
2343 826 2463 859 tamen

256 858 391 903 ἰσχύειν
422 862 489 903 τὴν
519 858 690 904 τοιαύτην
722 861 783 895 τοῦ
809 860 984 905 βασιλέως
1016 859 1128 905 δόσιν,
1157 859 1245 897 ὥςτε
1269 859 1328 896 αὖ·
1343 866 1382 898 15
1397 873 1441 899 ne
1468 873 1511 899 ue
1539 862 1747 908 provinciali
1779 864 1879 899 curia
1913 874 2027 909 neque
2059 865 2135 901 eius
2169 866 2250 902 albo
2285 867 2464 909 liberetur,

255 906 322 940 τὸν
350 909 586 950 τετιμημένον
615 908 683 951 μὲν
713 909 772 940 καὶ
801 907 863 949 τῆς
890 905 1040 954 μεγάλης
1069 905 1196 951 βουλῆς
1226 910 1328 962 μέρος
1397 919 1434 944 se
1482 913 1624 944 maneat
1647 908 1713 944 sub
1738 909 1884 954 antiqua
1906 909 2053 946 fortuna
2081 910 2196 946 solum
2219 911 2376 948 lucratus
2399 915 2464 949 ho-

257 949 349 985 εἶναι
372 949 499 993 δοκεῖν,
531 952 573 986 οὗ
597 950 668 995 μὴν
692 950 773 985 οὔτε
795 952 856 994 τῆς
879 953 1070 999 ἐπιχωρίου
1098 951 1224 997 βουλῆς
1246 965 1327 987 ουτε
1396 964 1517 989 norem
1541 957 1577 989 et
1599 954 1650 988 ita
1672 953 1805 996 gratias
1829 965 1935 1000 agens
1960 956 2025 991 deo
2050 957 2087 991 et
2108 955 2267 1001 imperi0‚
2295 957 2378 1002 quia
2400 959 2464 993 mi-

255 997 320 1030 τοῦ
341 993 424 1031 κατ’
444 992 556 1040 αὐτὴν
576 993 802 1041 λευκώματος
825 994 1134 1040 ἀπαλλάττεσθαι,
1158 995 1247 1032 ἀλλὰ
1268 1000 1327 1043 μέ·
1419 999 1509 1035 ravit
1530 1009 1608 1034 eum
1632 998 1677 1034 ad
1693 999 1837 1035 meliora
1860 1000 1987 1053 prioris
2011 1001 2277 1046 tranquillitatis
2298 1002 2462 1039 educens.

256 1055 333 1076 νειν
357 1043 417 1076 ἐπὶ
439 1043 499 1084 τῆς
519 1039 665 1088 ἀρχαίας
687 1041 791 1085 τύχης
813 1040 930 1087 μόνην
950 1041 1172 1090 κερδάναντα
1195 1042 1262 1086 τὴν
1277 1057 1327 1077 τι·
1423 1045 1520 1089 itque
1551 1044 1657 1080 etiam
1688 1044 1756 1080 hoc
1787 1045 2063 1081 additamentum
2094 1046 2328 1091 imperialium
2361 1057 2464 1092 prae-

255 1086 327 1131 μὴν
351 1090 409 1121 καὶ
432 1083 527 1121 οὕτω
551 1085 656 1133 χάριν
679 1085 802 1122 εἰδότα
825 1088 906 1132 θεῷ
929 1101 969 1123 τε
992 1091 1051 1122 καὶ
1075 1087 1250 1133 βασιλείᾳ,
1273 1084 1329 1122 ὅτι
1342 1091 1383 1124 20
1397 1090 1560 1132 miorum,
1586 1089 1680 1133 quod
1704 1099 1817 1134 neque
1834 1091 2014 1135 publicum
2029 1091 2167 1134 minuit,
2190 1101 2306 1136 neque
2320 1091 2467 1128 fortuna

255 1134 471 1175 μετέστησεν
492 1131 602 1167 αὐτὸν
623 1134 683 1167 ἐπὶ
702 1131 747 1167 τὰ
766 1131 899 1167 καλλίω
923 1136 983 1176 τῆς
1003 1134 1214 1179 ἔμπροσθεν
1237 1134 1328 1176 χθα-
1397 1145 1511 1179 neque
1536 1134 1713 1171 consuetis
1737 1135 1770 1171 ei
1792 1135 2034 1172 functionibus
2062 1137 2203 1182 privans
2229 1137 2407 1180 curialem,
2432 1140 2467 1173 et

255 1175 455 1221 μαλότητος
486 1175 734 1218 ἀπαλλάξασα.
781 1181 840 1212 καὶ
871 1179 965 1213 ἔστω
997 1182 1056 1213 καὶ
1086 1181 1193 1214 τοῦτο
1226 1190 1328 1224 προς·
1399 1180 1432 1215 ei
1455 1180 1516 1225 qui
1537 1181 1605 1216 hoc
1629 1180 1823 1225 promeruit
1856 1181 1962 1217 etiam
1985 1184 2208 1227 praesentem
2236 1182 2369 1219 addens
2391 1182 2466 1218 for-

256 1221 353 1266 θήκη
382 1224 459 1257 τῶν
483 1221 682 1267 βασιλικῶν
704 1224 822 1270 γερῶν
856 1224 939 1258 οὔτε
968 1222 1010 1259 τὸ
1035 1222 1208 1268 δημόσιον
1229 1223 1329 1258 έλατ-
1398 1227 1522 1261 tunam
1545 1228 1580 1261 et
1604 1225 1793 1262 ostendens
1817 1226 2080 1263 honoratiorem
2111 1230 2147 1264 et
2168 1227 2247 1264 aliis
2272 1228 2467 1265 curialibus

256 1269 369 1301 τοῦσα
391 1266 474 1302 οὔτε
491 1266 597 1312 τύχης
619 1265 702 1303 οὐδὲ
724 1270 803 1303 τῶν
821 1267 996 1312 συνήθων
1020 1267 1111 1317 αὐτῇ
1132 1268 1329 1326 λειτουργη·
1399 1270 1568 1315 dignitate
1591 1271 1810 1308 solummodo
1834 1272 2112 1317 praecedentem.

255 1313 382 1357 μάτων
406 1311 683 1348 ἀπαλλάττουσα
701 1312 768 1349 τὸν
791 1312 995 1358 βουλευτήν,
1026 1318 1085 1348 καὶ
1116 1316 1169 1358 τῷ
1201 1325 1331 1358 ταυτης
1344 1317 1385 1350 25

255 1355 443 1403 ἠξιωμένα)
464 1357 532 1402 τὴν
551 1355 635 1394 τότε
651 1360 840 1405 παροῦσαν
861 1358 1017 1400 αὔξουσα
1036 1358 1143 1404 τιμὴν
1166 1363 1226 1394 καὶ
1244 1357 1330 1394 ἀπο-

257 1407 436 1450 φαίνουσα
455 1401 671 1451 σεμνότερον
695 1408 754 1439 καὶ
778 1405 854 1439 τῶν
874 1403 994 1439 ἄλλων
1011 1403 1217 1449 βουλευτῶν
1240 1404 1332 1440 κατὰ

255 1448 323 1493 τὴν
346 1447 453 1490 ἀξίαν
475 1448 680 1496 προῦχοντα
703 1448 828 1495 μόνην.

300 1491 571 1542 (warnowe.)
622 1494 671 1529 Τὰ
701 1499 826 1530 τοίνυν
855 1494 1094 1542 παραστάντα
1123 1493 1207 1541 ἡμῖν
1236 1494 1257 1539 ἡ
1286 1495 1331 1540 σὴ
1449 1496 1713 1542 (Epilogus.)
1758 1497 1857 1542 Quae
1886 1498 1995 1542 igitur
2028 1499 2238 1544 placuerunt
2268 1499 2370 1535 nobis
2403 1502 2467 1535 tna

255 1535 410 1584 ὑπεροχὴ
444 1537 638 1585 φυλάττειν
673 1540 879 1584 σπευσάτω,
916 1540 1028 1576 εἰδυῖα
1058 1540 1106 1576 ὥς
1137 1540 1219 1575 οὔτε
1249 1540 1330 1576 τοὺς
1343 1545 1384 1578 30
1398 1541 1570 1578 celsitudo
1594 1552 1734 1579 servare
1757 1542 1913 1587 festinet,
1937 1544 2052 1580 sciens
2076 1544 2160 1588 quia
2183 1554 2296 1588 neque
2314 1545 2465 1580 curiales

256 1583 446 1629 βουλευτὰς
468 1582 731 1631 ἠλαττώσαμεν
760 1589 820 1620 καὶ
849 1589 1079 1631 σεμνοτέρους
1109 1585 1235 1621 αὐτοὺς
1258 1589 1330 1621 τοῖς
1397 1587 1585 1623 minuimus
1618 1591 1654 1623 et
1684 1588 1930 1625 honoratiores
1959 1599 2020 1624 eos
2052 1589 2215 1625 omnibus
2246 1589 2464 1626 demonstra-

256 1626 351 1664 ὅλοις
373 1627 627 1676 ἇπεφήναμεν·
661 1628 750 1667 ὥςτε
768 1632 926 1667 εἴσονται
945 1633 1062 1666 ταῦτα
1078 1631 1119 1665 αἱ
1132 1630 1251 1667 πόλεις
1271 1630 1330 1666 διὰ
1397 1632 1526 1677 vimus,
1559 1636 1600 1668 ut
1630 1633 1745 1669 sciant
1775 1633 1864 1670 haec
1893 1634 2051 1671 civitates
2080 1645 2145 1680 per
2175 1636 2239 1670 tua
2262 1639 2465 1680 praecepta,

256 1675 492 1729 κηρυγμάτων
514 1676 592 1710 τῶν
612 1673 814 1730 obaudisse
835 1676 916 1711 τοὺς
939 1679 978 1711 ἐν
1001 1674 1123 1711 αὐταῖς
1140 1675 1330 1722 βουλευτὰς
1398 1682 1574 1723 quatenus
1600 1692 1730 1711 toou-
1754 1679 1914 1724 imperio.

255 1734 371 1755 ταυτα
401 1720 646 1768 γινώσκοντας
677 1735 745 1765 την
774 1726 950 1770 ημετέραν
986 1722 1129 1757 εἰκότως
1160 1720 1329 1768 εὐφημεῖν

256 1765 454 1810 βασιλείαν.
545 1766 629 1803 Dat.
646 1766 719 1802 kal.
737 1767 814 1804 Iun.
833 1767 902 1803 GP.
920 1768 1038 1814 (imp.)
1058 1767 1117 1803 dn.
1139 1767 1329 1803 Iustiniani
1341 1771 1384 1804 35
1442 1769 1525 1805 Dat.
1539 1769 1629 1814 prid.
1649 1779 1729 1805 non.
1745 1769 1824 1805 Iun.
1840 1769 1906 1804 ΟΡ.
1920 1769 2004 1815 imp.
2022 1768 2080 1805 dn.
2095 1769 2279 1805 Iustiniani
2298 1781 2358 1815 pp.
2372 1770 2460 1814 Aug.

256 1822 316 1863 pp.
341 1812 432 1857 Aug.
458 1822 540 1848 ann.
554 1811 636 1848 XII.
661 1812 821 1848 Iohanne
845 1825 876 1849 v.
898 1823 928 1848 c.
955 1823 1052 1848 cons.
1281 1816 1327 1856 [a.
1343 1816 1420 1856 538]
1489 1824 1582 1851 anno
1594 1814 1675 1850 XII.
1702 1815 1860 1850 Iohanne
1882 1826 1914 1850 v.
1936 1825 1967 1851 c.
1992 1814 2146 1850 consule.

256 1901 363 1948 idque
385 1902 438 1938 ita
460 1906 502 1938 ut
524 1913 604 1939 eum
627 1903 734 1939 etiam
758 1902 803 1938 ab
826 1903 892 1939 illa
915 1902 1127 1939 condicione
1152 1903 1286 1946 liberet,
1319 1904 1477 1950 insiqnia
1499 1904 1735 1951 magistratus
1757 1904 1790 1940 ei
1813 1903 1871 1939 det
1895 1907 2003 1949 atque
2026 1903 2166 1949 efficiat
2188 1908 2228 1939 ut
2251 1905 2466 1940 constitutus

256 1946 294 1982 in
316 1947 490 1983 eiusmodi
511 1947 667 1991 sedibus,
699 1948 771 1984 sive
793 1948 954 1984 urbanae
969 1948 1230 2000 praefecturae
1286 1959 1354 1984 uae
1383 1952 1438 1985 est
1466 1949 1505 1983 in
1534 1953 1651 1985 vetere
1673 1948 1789 1984 Roma
1818 1953 1853 1984 et
1883 1950 1921 1984 in
1943 1959 2037 1984 nova
2068 1948 2136 1984 hac
2159 1948 2302 1995 quidem
2325 1952 2464 1991 nostra,

255 1992 329 2028 sive
350 1993 387 2028 in
409 1993 659 2040 praetorianis
683 1992 921 2029 tribunalibus
948 1998 984 2030 et
1009 1993 1164 2030 Orientis
1192 1997 1229 2030 et
1283 1993 1452 2030 ccidentis
1481 1998 1517 2029 et
1538 1994 1676 2041 Libyae
1706 2004 1771 2030 nec
1793 2004 1867 2029 non
1891 1993 2049 2040 Illyrici,
2082 2004 2174 2039 quas
2202 1993 2343 2046 quidem
2365 1993 2466 2030 sedes

257 2048 377 2074 omnes
398 2038 502 2074 nobis
525 2038 613 2074 deus
633 2038 792 2081 subiecit,
816 2039 868 2074 sic
891 2038 1029 2075 demum
1055 2038 1217 2075 libertate
1238 2039 1409 2084 fruatur:
1441 2042 1480 2074 ut
1502 2049 1561 2074 ma
1587 2050 1634 2075 no
1659 2038 1795 2075 honore
1818 2038 1969 2085 diqnati,
1993 2039 2079 2085 quip
2108 2050 2127 2075 e
2149 2050 2211 2085 qui
2235 2044 2270 2075 et
2293 2044 2464 2086 carpento

256 2082 431 2120 vehantur
460 2087 498 2119 et
524 2094 627 2120 voces
643 2094 869 2131 praeconum
893 2083 1045 2119 audiant
1065 2087 1101 2119 et
1122 2084 1271 2130 insuper
1292 2083 1479 2120 iudiciales
1500 2095 1539 2120 se
1564 2095 1602 2121 es
1625 2083 1833 2126 ascendant,
1865 2083 1909 2119 ab
1934 2050 2108 2119 eiusmodi
2129 2084 2339 2120 condicione
2362 2084 2466 2120 liberi

255 2128 336 2164 sint.
383 2126 450 2164 Sin
474 2133 593 2165 autem
615 2128 731 2164 solum
754 2128 926 2165 honorem
950 2129 996 2164 iis
1018 2129 1201 2176 impertire
1224 2129 1394 2171 voluerit,
1420 2129 1543 2209 saciat
1573 2129 1716 2175 quidem
1739 2128 1923 2164 codicillos
1953 2139 2085 2174 eosque
2108 2129 2293 2174 conferat,
2328 2133 2465 2165 tantum

255 2183 338 2210 vero
362 2174 538 2210 eiusmodi
558 2185 687 2210 munus
709 2174 753 2209 ab
777 2175 994 2220 imperatore
1017 2173 1140 2209 datum
1168 2173 1304 2216 valeat,
1336 2177 1378 2209 ut
1406 2174 1421 2209 i
1434 2173 1466 2209 le
1489 2173 1690 2210 honoratus
1720 2173 1861 2219 quidem
1891 2178 1927 2209 et
1949 2184 2101 2220 maqnae
2131 2174 2255 2210 curiae
2273 2185 2368 2220 pars
2390 2186 2466 2210 esse

256 2218 431 2262 videatur,
455 2230 520 2254 nec
545 2223 662 2255 tamen
685 2230 735 2255 ea:
757 2220 859 2254 curia
879 2218 1098 2265 provinciali
1120 2229 1236 2265 neque
1259 2229 1308 2254 ex
1329 2218 1412 2254 albo
1436 2218 1513 2254 eius
1535 2218 1730 2261 eximatur,
1758 2218 1823 2254 sed
1843 2222 1988 2255 maneat
2017 2218 2056 2252 in
2071 2218 2234 2265 pristina
2258 2218 2465 2255 condicione
2489 2236 2491 2238 ·

255 2264 372 2300 solum
395 2264 558 2300 lucratus
581 2263 751 2300 honorem
781 2265 904 2310 itaque
927 2263 993 2300 deo
1024 2268 1059 2300 et
1081 2263 1294 2311 imperatori
1313 2264 1471 2310 qratiam
1495 2263 1637 2307 habeat,
1668 2263 1766 2316 quod
1787 2264 1904 2310 ipsum
1928 2275 1951 2299 a
1972 2263 2098 2310 pm‘ore
2121 2263 2319 2299 humilitate
2339 2264 2465 2301 libera-

256 2313 329 2345 tum
358 2309 409 2345 ad
437 2309 588 2346 meliora
612 2309 852 2346 traduxerint.
899 2310 1017 2355 Atque
1039 2313 1114 2345 esto
1139 2309 1207 2345 hoc
1230 2319 1373 2355 quoque
1395 2308 1677 2345 additamentum
1701 2309 1938 2356 imperialium
1959 2309 2213 2355 praemiorum,
2237 2309 2336 2355 quod
2352 2321 2397 2345 ne
2422 2321 2466 2346 ue

252 2355 379 2400 fiscum
402 2355 592 2391 imminuat
622 2366 738 2402 neque
761 2354 972 2391 condicione
1002 2358 1068 2390 aut
1097 2355 1279 2390 consuetis
1306 2354 1419 2390 eidem
1440 2354 1691 2401 functionibus
1721 2354 1892 2390 curialem
1915 2353 2057 2396 liberet,
2088 2354 2191 2400 eique
2214 2353 2277 2406 qui
2298 2353 2362 2406 illo
2393 2355 2464 2406 'iq-

255 2404 365 2436 natus
387 2405 441 2437 est
470 2400 643 2437 honorem
666 2412 739 2447 quo
769 2404 843 2436 tum
860 2399 1055 2447 praeditus
1078 2404 1157 2437 erat
1179 2403 1314 2446 auqeat
1335 2403 1444 2446 atque
1467 2399 1738 2436 honoratiorem
1761 2410 1840 2436 eum
1857 2402 2023 2446 praestet
2044 2403 2080 2435 et
2101 2399 2252 2445 reliquis
2270 2399 2466 2436 curialibus

255 2445 432 2494 diqm'tate
452 2445 535 2482 sola
550 2445 869 2493 praestantiorem.

390 2490 429 2527 E
431 2491 501 2539 pil
508 2502 529 2528 o
536 2502 628 2543 qus.
679 2490 780 2535 Quae
803 2491 917 2538 iqitur
948 2489 1052 2527 nobis
1078 2490 1297 2537 placuerunt
1325 2495 1387 2527 tua
1415 2490 1616 2543 sublimitas
1637 2489 1820 2543 custodire
1848 2489 2011 2542 studeat,
2041 2490 2158 2527 sciens
2180 2500 2247 2543 nos
2268 2501 2382 2537 neque
2404 2501 2464 2526 cu-

255 2537 366 2573 riales
389 2537 603 2573 deminuisse
633 2541 668 2589 et
698 2536 854 2589 eosdem,
867 2537 1067 2589 inus-amma
1097 2547 1138 2588 re
1160 2535 1416 2589 honoratiores
1436 2540 1689 2590 praesum-se.-
1723 2540 1847 2582 2taque
1870 2537 2040 2588 ciuitates·
2055 2547 2126 2583 per
2149 2536 2266 2572 edecta
2290 2539 2352 2571 tua
2376 2534 2465 2572 haec

257 2586 486 2629 cognoscent,
509 2586 551 2618 ut
574 2582 730 2618 curiales
753 2593 814 2628 qui
838 2592 877 2616 m
900 2593 946 2617 ns
968 2585 1053 2616 sunt
1075 2580 1132 2617 hzs
1154 2581 1340 2617 intellectis
1362 2585 1489 2618 merito
1510 2582 1596 2618 bene
1618 2580 1741 2617 ducant
1764 2586 1887 2616 nostro
1911 2591 2071 2628 imperto.

303 2678 318 2710 1
346 2675 377 2709 εἰ
396 2675 463 2719 μὲν
486 2688 544 2709 om.
560 2686 580 2711 ς
597 2674 645 2717 113
664 2672 878 2720 πολυαρχίας
892 2673 963 2706 ML
980 2672 993 2717 11
1010 2675 1031 2707 4
1052 2670 1168 2720 Ῥώμῃ
1193 2686 1251 2708 om.
1265 2674 1297 2706 L
1319 2673 1331 2715 11

258 2724 278 2755 5
302 2720 383 2762 εἴτε]
409 2718 470 2763 ἥτε
485 2720 534 2754 L2
548 2719 561 2764 ΙΙ
579 2718 865 2766 πραιτωριανῶιι
887 2718 933 2751 Μ
942 2718 955 2762 11
972 2719 992 2753 6
1010 2714 1150 2762 Λιβύης
1163 2719 1246 2761 ML]
1270 2718 1331 2760 τῆς

256 2765 396 2810 Λιβύης
408 2778 476 2800 cum
492 2766 687 2799 Haloandro
701 2766 786 2808 vuly.
806 2763 819 2808 11
836 2766 854 2797 ’7
869 2760 1019 2809 ἰλυρίδος
1033 2764 1063 2797 L
1080 2763 1093 2807 11
1117 2764 1137 2798 8
1150 2766 1209 2797 καὶ
1221 2761 1329 2804 οὕτω]

258 2813 318 2857 leq.
342 2808 438 2845 οὕτω
458 2810 544 2844 nai?
562 2813 568 2854 1
591 2812 611 2845 9
634 2822 678 2854 με
701 2807 802 2843 ἁλους
821 2809 870 2842 L¹
885 2809 897 2852 11
919 2810 959 2843 13
983 2806 1181 2852 βουληθείη
1200 2810 1330 2843 Zacha—

257 2859 328 2891 riae
342 2870 381 2891 ex
393 2858 423 2898 ς]
444 2854 554 2900 βουλη
588 2857 659 2889 εἶεν
671 2822 743 2889 {IL
759 2854 771 2899 11
800 2855 841 2888 14
857 2851 1087 2887 κωδικέλλους
1107 2854 1139 2887 L
1164 2853 1177 2899 11
1202 2857 1243 2889 15
1266 2853 1331 2888 τοῦ

258 2916 317 2938 om.
339 2903 371 2936 L
395 2901 409 2946 11
433 2897 545 2935 αὐτὸν
569 2901 888 2947 περιτετιμημένον
907 2900 939 2932 L
975 2896 1167 2945 (αὖτόνπερ
1189 2910 1330 2943 τετιμη-

255 2949 366 2992 μένον
384 2947 590 2988 Haloander)
605 2948 618 2989 11
646 2948 686 2980 17
703 2942 810 2978 *οὐδὲ
826 2964 865 2968 -
877 2941 1044 2978 οὖδὲΜὶι
1060 2945 1072 2988 11
1098 2945 1139 2979 18
1163 2945 1240 2987 τοῦ]
1265 2943 1332 2986 τὴν

257 2993 307 3027 L¹
324 2993 336 3036 11
360 2994 401 3027 19
417 2989 658 3038 κερδαίναντα
676 2991 723 3024 L¹
740 2990 752 3035 11
776 2992 818 3024 20
839 2987 982 3032 βασιλεῖ
1001 2990 1032 3022 L
1052 2989 1063 3031 11
1086 2991 1128 3024 22
1141 2992 1200 3022 καὶ
1211 2989 1330 3030 τοῦτο]

257 3040 317 3072 καὶ
341 3051 399 3071 om.
416 3038 446 3071 L
474 3036 487 3081 11
517 3038 560 3072 23
582 3036 724 3082 γερρῶν
747 3036 779 3069 L
806 3035 818 3079 ΙΙ
851 3030 960 3068 *οὐδὲ
984 3053 1026 3059 ——
1051 3035 1095 3069 24
1117 3031 1199 3068 οὐδὲ
1222 3035 1294 3068 ML
1319 3033 1331 3077 11

259 3085 302 3118 26
318 3082 384 3125 τὴν
404 3080 487 3116 τότε
509 3082 708 3128 παροῦσαν]
734 3080 834 3114 etiam
849 3082 1054 3124 praesentem
1071 3091 1090 3116 ς
1105 3079 1117 3124 11
1136 3078 1330 3119 αὖξασθαῗ

259 3130 309 3162 La
326 3129 338 3172 11
363 3125 471 3172 τιμὴν
493 3128 691 3167 Zachariae]
716 3124 827 3168 τύχην
851 3127 928 3159 libri
957 3125 969 3168 11
1001 3126 1043 3159 29
1068 3121 1152 3169 ἡμῖν
1175 3124 1247 3166 Me]
1272 3126 1330 3157 καὶ

259 3171 319 3207 διὰ
339 3170 444 3207 τοῦδε
466 3173 530 3206 τοῦ
554 3172 658 3206 θείου
683 3168 882 3214 δηλούμενα
905 3166 1016 3213 νόμου
1041 3171 1119 3204 add.
1133 3170 1165 3203 L
1183 3170 1195 3213 11
1219 3171 1260 3205 30
1285 3168 1329 3201 εἰ-

259 3216 327 3253 δῦα
343 3219 374 3252 L
395 3218 408 3263 11
435 3219 474 3252 31
498 3226 575 3261 post
595 3214 857 3260 ἠλαττώσαμεν
881 3216 1037 3249 nonnulla
1061 3216 1216 3249 excidisse
1234 3221 1331 3258 putat

259 3265 446 3299 Zachariae
464 3262 477 3307 11
493 3264 534 3296 33
551 3263 629 3296 τῶν
646 3270 675 3296 et
694 3263 738 3297 34
753 3259 897 3294 εἰκότως
918 3273 976 3294 om.
990 3260 1022 3293 L
1037 3259 1049 3305 11
1070 3262 1111 3295 35
1127 3263 1250 3295 subscr.
1262 3259 1327 3292 dat.

259 3320 346 3342 cons.
372 3309 532 3342 Iohannis
554 3306 647 3349 lum,
667 3320 724 3340 om.
740 3308 814 3340 Aeli.
835 3305 847 3350 11
864 3305 929 3338 kal.
953 3305 1029 3338 Iun.
1056 3306 1115 3347 M]
1139 3305 1224 3348 prid.
1250 3315 1327 3337 non.

260 3356 334 3387 Iun.
349 3366 368 3391 ς
390 3355 475 3397 μηνὶ
489 3347 613 3395 ’ἴουνίῳ
634 3353 753 3385 Theod.
771 3351 783 3395 11
809 3351 875 3383 ΟΡ.
898 3350 953 3384 dn.
969 3351 1159 3383 Iustiniano
1178 3361 1232 3394 pp.
1252 3359 1328 3391 aug.

260 3400 431 3432 ann.XII.
456 3399 608 3430 Iohanne
631 3407 681 3430 uc.
708 3407 809 3429 conss.
835 3396 882 3429 M
891 3396 946 3439 (εί
960 3397 1011 3439 ς),
1043 3395 1141 3431 ἔτους
1162 3394 1247 3442 (ιβ’)
1270 3394 1330 3436 τῆς

259 3443 440 3487 βασιλείας
462 3440 617 3485 ὑπατείᾳ
638 3438 804 3475 Ἰωάννου
829 3441 949 3477 Theod.

1444 2674 1464 2706 2
1489 2675 1521 2706 et
1543 2674 1620 2706 add.
1634 2673 1720 2716 vuly.
1738 2671 1750 2715 11
1775 2673 1795 2706 3
1819 2672 1948 2713 cinguli
1966 2671 2072 2713 R²VJ
2097 2671 2240 2714 cingulis
2262 2672 2336 2705 1321
2352 2676 2365 2716 11
2387 2674 2409 2706 4
2432 2674 2466 2705 et

1398 2728 1502 2751 novae
1522 2730 1581 2752 om.
1603 2717 1638 2751 V
1659 2717 1671 2758 11
1685 2717 1907 2760 praeturianis
1925 2716 2028 2749 ciuita
2043 2717 2090 2758 (et
2106 2730 2169 2760 pro
2184 2717 2288 2750 oiuita
2307 2729 2388 2750 corr.
2401 2716 2464 2759 ΒΞ)

1397 2762 1622 2796 tribunalibus
1644 2762 1678 2796 R
1745 2763 1765 2796 5
1786 2762 1948 2795 horientis
1976 2762 2010 2795 V
2031 2762 2044 2805 11
2071 2761 2178 2805 lybiae
2201 2770 2213 2796 t
2245 2761 2326 2795 libie
2349 2761 2424 2795 RV
2453 2762 2465 2806 11

1398 2810 1418 2843 6
1442 2807 1560 2841 illirici
1584 2808 1662 2842 libri
1674 2806 1687 2852 11
1728 2817 1785 2840 eus
1809 2809 1842 2841 in
1865 2820 1931 2841 ras.
1952 2806 2009 2850 Vll
2028 2808 2066 2841 11
2085 2807 2282 2850 participare
2300 2807 2345 2848 V]
2360 2807 2464 2849 parti—

1398 2852 1598 2931 miei!
1614 2853 1787 2931 1¹32?ssss
1801 2851 1858 2931 §.¹1¹
1878 2851 2186 2940 39111ῗὲᾪέἶαῖ
2189 2851 2466 2939 ’11ῗέεὲξὲᾱῖἫῖ

1397 2943 1532 2976 fortuna
1549 2943 1647 2976 liberi
1666 2923 1744 2976 ’aaa
1757 2941 1838 2987 Rau
1866 2944 1906 2977 13
1925 2942 2105 2984 inperalem
2126 2949 2138 2976 ι
2160 2941 2173 2986 ιι
2198 2943 2240 2977 14
2256 2944 2386 2974 tantum
2407 2942 2434 2975 ιι
2453 2941 2465 2987 ΙΙ

1400 2990 1440 3023 15
1461 2987 1638 3031 prouintili
1658 2998 1738 3021 cura
1759 2996 1771 3022 t
1786 2987 1799 3032 11
1816 2988 1862 3021 eis
1886 2989 1911 3021 t¹
1937 2987 1943 3031 1
1961 2988 2001 3022 16
2017 2988 2172 3029 antiquae
2187 2987 2236 3020 Β*
2254 2986 2267 3029 11
2285 2989 2323 3021 17
2341 2986 2462 3029 migra-

1397 3034 1486 3066 uerit
1506 3042 1517 3067 t
1535 3033 1547 3076 11
1566 3035 1606 3068 19
1622 3033 1866 3077 prouintiorum
1884 3033 1911 3066 ε*
1965 3033 2006 3066 20
2030 3032 2120 3074 quod
2143 3045 2200 3066 om.
2222 3031 2273 3066 V¹
2298 3031 2311 3076 11
2336 3033 2376 3066 21
2394 3032 2465 3074 pri-

1397 3079 1487 3111 uaris
1503 3078 1551 3113 V¹
1567 3078 1580 3122 ss
1599 3080 1641 3112 23
1654 3078 1851 3111 hostendens
1866 3076 1919 3123 1711
1954 3078 2181 3110 onorationem
2198 3077 2260 3111 VR
2271 3077 2283 3120 11
2299 3078 2343 3112 24
2355 3076 2463 3119 digni-

1397 3126 1495 3156 tatem
1517 3124 1550 3157 V
1567 3122 1580 3167 11
1602 3125 1644 3158 30
1661 3133 1767 3166 neque
1785 3123 1865 3166 quia
1881 3122 1935 3167 1¹ss
1959 3123 2003 3157 31>
2014 3123 2230 3156 honoratione
2243 3122 2293 3155 R*
2308 3122 2321 3166 11
2345 3123 2387 3156 32
2406 3131 2464 3164 per

1397 3170 1466 3209 tua]
1480 3171 1637 3211 perpetua
1649 3169 1683 3202 R
1701 3169 1713 3213 11
1729 3169 1772 3203 33
1784 3168 1923 3212 imperio
1943 3168 2099 3211 Vtvu19.]
2118 3167 2294 3210 imperium
2306 3167 2350 3200 R.
2377 3168 2461 3200 Hia-

1398 3221 1459 3247 tum
1480 3226 1541 3247 non
1566 3221 1677 3247 notant
1698 3214 1789 3248 libri:
1814 3214 1918 3257 suppl.
1934 3215 2011 3256 fere
2034 3215 2198 3255 quatenus
2220 3212 2274 3257 <in
2293 3211 2336 3245 iis
2353 3211 2460 3244 curia-

1396 3258 1443 3291 les
1466 3259 1545 3291 haec
1565 3261 1798 3301 cognoscentes
1820 3258 1937 3291 merito
1959 3260 2071 3291 nostro
2090 3255 2302 3300 benedicant>
2323 3254 2460 3297 imperio

1397 3305 1478 3346 (sim.
1493 3304 1599 3346 Beck)
1617 3303 1630 3355 Ι
1654 3305 1696 3339 35
1708 3307 1829 3338 subscr.
1843 3305 1987 3337 dedimus
1999 3314 2037 3337 ex
2057 3303 2109 3337 Vt
2125 3303 2138 3346 11
2159 3303 2222 3346 pri.
2243 3311 2320 3334 non.
2340 3300 2415 3332 Iun.
2435 3301 2458 3340 t]

1395 3349 1523 3391 pridem
1539 3349 1631 3381 Iunii
1647 3359 1733 3382 nono
1754 3349 1809 3393 1711
1827 3348 1892 3382 ΟΡ.
1905 3349 1984 3392 imp.
2005 3350 2029 3389 t]
2053 3347 2134 3392 Gap.
2153 3348 2217 3390 ipr.
2236 3345 2290 3389 V.
2314 3344 2401 3378 dono
2422 3344 2459 3384 V,

1398 3400 1456 3426 om.
1471 3401 1483 3426 t
1499 3394 1510 3435 11
1533 3394 1608 3426 iust.
1635 3394 1687 3428 Vt
1711 3393 1724 3438 11
1747 3404 1823 3436 aug.
1844 3404 1932 3429 anno
1948 3393 2018 3429 XII
2040 3393 2178 3428 iohanni
2199 3401 2250 3425 uc.
2268 3387 2401 3424 consule
2422 3388 2459 3430 V,

1397 3448 1425 3471 a.
1447 3448 1523 3473 ann.
1544 3438 1616 3473 XII
1639 3439 1705 3472 ioh.
1731 3438 1795 3473 uie.
1820 3447 1834 3474 t
