2618 4010
199 134 471 166 IMMOBILIUM
501 135 654 165 RERUM
1285 119 1359 166 281
2012 123 2117 166 Nov.
2149 122 2284 166 XLVI
2306 138 2363 178 pr.
2400 128 2416 166 1

198 231 450 278 ὀπισυμβάντα
482 234 529 268 εἰς
553 232 768 277 έκποιήσεως
797 230 954 280 ἀνάγκην
977 234 1058 269 τοὺς
1081 232 1193 281 ἱεροὺς
1216 231 1274 268 ἀν·
1345 234 1391 269 ad
1415 233 1639 269 alienationis
1663 233 1911 269 necessitatem
1943 244 2064 270 sacras
2089 235 2334 279 perduxerunt
2357 235 2419 270 do-

199 282 345 325 αγαγεῖν
368 279 490 312 οἴκους.
538 281 679 321 κινητῆς
709 278 778 325 γὰρ
802 276 865 320 οὐχ
888 275 1042 322 ὑπούσης
1072 283 1275 325 περιουσίας
1343 290 1432 315 mos.
1478 278 1602 315 Mobili
1623 278 1716 313 enim
1742 290 1812 314 non
1837 282 1980 316 extante
2004 280 2206 316 substantia
2229 279 2420 316 sufficienti

199 322 392 371 αὐτάρκους
412 320 637 357 ἐκινδύνευον
658 324 705 357 εἰς
729 322 882 366 ἐσχάτην
906 323 1030 358 ἐλθεῖν
1053 321 1210 371 ἀνάγκην
1238 324 1273 358 οἱ
1365 324 1636 360 ericlitabantur
1679 323 1716 358 in
1752 324 1979 360 novissimam
2013 325 2134 360 venire
2171 326 2420 362 necessitatem

199 368 339 403 τούτων
363 370 600 413 προεστῶτες,
625 366 706 403 οὔτε
729 365 941 403 ἀποδόσθαι
972 366 1163 413 δυνάμενοι
1192 368 1273 403 οὔτε
1369 380 1469 404 arum
1486 369 1679 415 praesules,
1704 378 1818 413 neque
1838 369 1990 405 vendere
2010 372 2173 415 potentes
2194 381 2308 417 neque
2326 370 2419 406 unde

197 412 291 448 ὅθεν
313 411 358 447 τὰ
380 410 571 458 ὀφλήματα
604 411 749 447 λύσαιεν
780 411 970 456 ἰσχύοντες.
1017 411 1106 448 ἀλλὰ
1135 413 1176 449 τὸ
1206 416 1273 459 μὲν
1309 415 1462 450 5debita
1492 414 1669 450 solverent
1698 413 1866 450 valentes.
1914 415 1985 450 Sed
2016 426 2080 460 pro
2114 416 2245 452 talibus
2277 416 2419 461 quidem

197 455 279 493 ἀντὶ
308 458 385 492 τῶν
414 455 633 502 ὀφλημάτων
658 456 844 493 δύνασθαι
874 457 957 493 ἀντὶ
981 458 1179 514 καταβολῆς
1201 462 1274 494 τοῖς
1343 460 1470 495 debitis
1494 469 1600 504 posse
1624 469 1688 504 pro
1711 459 1885 494 solutione
1910 459 2144 496 creditoribus
2169 461 2255 497 dare
2276 471 2418 506 posses-

198 501 399 537 δανεισταῖς
421 501 562 537 διδόναι
587 503 723 546 κτήσεις
748 503 1047 548 ἐκκλησιαστικάς,
1077 518 1168 549 μετα
1190 507 1272 549 μέν·
1342 505 1461 540 siones
1486 503 1757 546 ecclesiasticas,
1790 506 1909 539 tamen
1934 515 2014 540 cum
2039 506 2255 550 competenti
2279 507 2417 542 subtili-

197 560 253 581 τοι
270 549 331 591 τῆς
345 547 582 593 προςηκούσης
602 547 781 596 ἀκριβείας
799 553 859 582 καὶ
880 548 1159 596 παρατηρήσεως
1178 562 1272 597 γινο-
1342 552 1416 585 tate
1447 554 1483 585 et
1514 549 1761 586 observatione
1791 548 1956 585 facienda
1989 550 2182 594 solutione,
2218 551 2289 586 iam
2313 561 2420 596 saepe

195 595 302 636 μένης
323 593 383 635 τῆς
406 592 621 637 καταβολῆς,
658 593 725 637 ήδη
750 592 918 628 πολλάκις
942 596 1201 640 ἐπετρέψαμεν,
1227 592 1274 629 αἷς
1341 594 1582 640 permisimus,
1623 595 1717 630 sicut
1751 604 1866 639 neque
1901 594 2019 640 palam
2058 595 2127 631 hoc
2163 599 2285 631 nostra
2320 596 2419 641 prius

196 635 278 671 οὐδὲ
308 639 433 682 σαφῶς
463 639 569 672 τοῦτο
601 640 654 682 τῷ
690 637 848 686 ιζ’,ιιετέρῳ
880 636 1058 686 πρότερον
1088 637 1327 675 &velamant-10
1341 640 1546 685 perimimus
1577 640 1664 685 lege.
1713 639 1751 674 Si
1786 649 1869 675 vero
1904 650 1976 676 non
2012 640 2172 685 privatus
2204 641 2332 685 aliquis
2365 646 2420 676 est

195 682 306 726 νόμῳ.
354 683 385 716 εἰ
409 681 449 716 δὲ
478 680 540 717 οὔκ
570 681 748 719 ἰδιωτικός
780 688 833 718 τίς
856 686 932 718 ἐστι
958 682 1158 727 δανειστής,
1189 682 1269 718 ἀλλ’
1343 685 1507 727 creditor,
1545 685 1608 720 sed
1642 684 1801 719 imminet
1836 684 1943 720 fiscus
1980 687 2016 720 et
2051 685 2166 730 exiget
2199 686 2328 728 debita,
2365 689 2420 722 est

196 728 372 761 ἐπίκειται
407 726 449 762 τὸ
486 727 658 773 δημόσιον
693 732 751 762 καὶ
784 727 935 763 ἀπαιτοί
990 729 1035 762 τὰ
1069 728 1270 774 ὀφλήματα,
1340 733 1459 765 autem
1482 730 1603 775 inopia
1626 730 1878 774 pecuniarum,
1912 729 2076 775 accipere
2100 740 2181 766 vero
2206 731 2419 766 immobilem

194 774 272 805 ἔστι
303 770 342 805 δὲ
372 769 508 827 ἀπορία
539 772 742 821 χρημάτων,
775 773 900 817 λαβεῖν
932 742 971 807 δὲ
1001 771 1171 817 ἀκίνητον
1191 775 1269 817 κτῆ-
1339 775 1601 819 possessionem
1625 775 1833 820 inpossibile
1857 778 1912 811 est
1930 775 2067 819 fiscum,
2093 775 2152 811 hic
2168 776 2329 811 relaxare
2353 776 2417 811 ali-

195 828 254 850 σιν
278 814 318 850 οὐ
336 815 492 852 δυνατον
516 818 558 852 τὸ
582 817 765 864 δημόσιον,
790 819 955 853 ἐνταῦθα
975 817 1127 860 χαλάσαι
1151 832 1187 853 τι
1211 820 1272 861 τῆς
1341 820 1425 864 quid
1457 820 1663 856 subtilitatis
1695 820 1783 864 legis
1814 822 2015 866 competere
2046 820 2290 864 iudicavimus,
2323 824 2360 856 et
2389 821 2420 856 si

194 858 374 907 ἀκριβείας
412 864 474 896 τοῦ
508 861 617 908 νόμου
654 863 839 910 προςήκειν
874 861 1104 910 ἡγησάμεθα,
1148 867 1206 897 καὶ
1242 864 1412 908 e’t15qua
1445 866 1639 901 necessitas
1676 865 1878 902 huiusmodi
1912 865 1994 911 fiat,
2032 866 2138 902 etiam
2169 866 2419 902 alienationem

194 917 246 940 τις
278 903 413 986 ἆέάγκη
449 907 595 952 τοιαύτη
625 912 776 956 γένοιτο,
812 911 870 942 καὶ
907 910 1095 952 ἐκποίησιν
1132 910 1272 954 ἐφεῖναι
1341 910 1457 946 sinere
1478 911 1732 956 perspeximus.

195 956 296 986 συνεί
317 965 413 996 ομεν.

1202 1066 1357 1102 CAPUT
1386 1067 1413 1102 Ι.

242 1136 466 1179 Θεσπίζομεν
489 1137 622 1176 τοίνυν,
652 1134 751 1179 εἴπερ
785 1135 862 1168 τῶν
892 1131 1108 1181 ἁγιωτάτων
1135 1146 1189 1168 τις
1219 1137 1270 1168 ἐκ·
1387 1134 1571 1169 Sancimus
1596 1134 1714 1178 igitur,
1745 1135 1775 1170 si
1800 1139 2004 1183 sanctarum
2035 1136 2161 1182 aliquis
2187 1136 2419 1173 ecclesiarum

193 1178 350 1223 κλησιῶν
374 1177 394 1222 ἢ
420 1181 497 1214 τῶν
527 1178 668 1212 λοιπῶν
699 1183 910 1223 σεβασμίων
942 1181 1053 1214 οἴκων
1086 1178 1271 1224 δημοσίους
1341 1182 1404 1214 aut
1427 1179 1643 1223 reliquarum
1668 1180 1898 1216 colendarum
1929 1181 2096 1217 domuum
2128 1182 2268 1217 fiscales
2292 1181 2420 1217 debeat

193 1222 328 1270 ὀφείλοι
361 1223 487 1271 φόρους
510 1227 569 1257 καὶ
593 1220 686 1258 ὅθεν
709 1223 897 1267 ποιήσοιτο
926 1225 993 1268 τὴν
1016 1223 1158 1260 τούτων
1182 1222 1270 1259 ἀπό·
1285 1228 1326 1259 20
1339 1225 1540 1260 functiones
1577 1226 1613 1259 et
1648 1224 1741 1259 unde
1775 1224 1885 1260 faciat
1920 1226 2047 1262 horum
2079 1227 2313 1263 redditionem
2347 1237 2420 1262 non

193 1268 296 1304 δοσιν
319 1269 382 1303 οὐκ
405 1271 493 1312 ἔχοι,
526 1271 685 1303 συνιέναι
717 1268 856 1303 πάντας
887 1270 934 1304 εἰς
963 1267 1098 1304 ταύτὸν
1127 1268 1208 1305 τούς
1231 1283 1270 1304 τε
1339 1270 1490 1311 habeat,
1523 1269 1711 1304 convenire
1744 1279 1865 1305 omnes
1894 1270 1932 1305 in
1961 1282 2072 1307 unum
2103 1276 2139 1307 et
2171 1273 2231 1317 qui
2255 1283 2299 1307 ex
2324 1273 2420 1308 clero

193 1317 230 1349 ἐκ
254 1315 317 1348 τοῦ
340 1312 466 1361 κλήρου
497 1312 563 1348 τόν
594 1327 634 1348 τε
664 1313 952 1360 θεοφιλέστατον
982 1317 1180 1350 ἐπίσκοπον
1211 1314 1270 1348 αύ-
1340 1318 1432 1350 sunt⁴
1458 1318 1494 1350 et
1524 1314 1590 1350 deo
1623 1314 1811 1349 amabilem
1842 1315 2048 1361 episcopum
2083 1321 2119 1351 et
2155 1318 2230 1352 eius
2265 1317 2420 1352 civitatis

191 1361 252 1402 τῆς
274 1372 314 1394 τε
336 1361 396 1403 τῆς
420 1358 557 1394 πόλεως
581 1362 641 1393 καὶ
663 1358 751 1407 πρός
773 1373 813 1406 γε
836 1359 901 1394 τὸν
924 1362 985 1404 τῆς
1007 1357 1269 1404 μητροπόλεως,
1339 1360 1486 1405 insuper
1511 1361 1548 1394 et
1570 1360 1819 1412 metropoleos,
1852 1364 1887 1395 et
1911 1361 2023 1396 sacris
2053 1363 2247 1406 propositis
2271 1362 2419 1407 eloquiis

191 1407 251 1438 καὶ
280 1405 358 1438 τῶν
381 1404 500 1438 θείων
522 1408 767 1451 προκειμένων
797 1403 929 1452 λογίων
959 1405 1000 1440 τὸ
1026 1407 1173 1453 πρᾶγμα
1198 1406 1269 1446 ἐξε-
1340 1415 1486 1441 causam
1511 1405 1714 1447 examinari,
1748 1406 1785 1439 et
1808 1405 1839 1440 si
1862 1415 1934 1440 non
1957 1407 2164 1451 apparuerit
2190 1408 2286 1442 ullus
2312 1417 2418 1450 quae-

190 1448 380 1491 τάζεσθαι,
404 1453 464 1483 καὶ
485 1450 515 1483 εἰ
533 1449 577 1494 μ“
599 1454 728 1495 φανείη
748 1465 773 1494 μ
799 1448 839 1484 δὲ
858 1450 906 1485 εἷς
923 1448 1031 1497 πόρος
1053 1448 1270 1494 έκποιήσεως
1283 1453 1324 1485 25
1339 1454 1415 1486 stus
1443 1451 1532 1486 citra
1556 1449 1804 1485 alienationem
1834 1450 2022 1486 immobilis
2055 1452 2107 1486 rei
2138 1452 2259 1487 valens
2284 1453 2420 1487 solvere

190 1497 296 1538 χωρὶς
331 1492 524 1539 δυνάμενος
581 1496 664 1529 ὗσαι
699 1494 740 1529 τὸ
776 1464 949 1540 δημόσιον
983 1495 1136 1541 ὄφλημα,
1173 1509 1270 1538 τηνι-
1339 1496 1461 1532 fiscale
1494 1495 1670 1537 debitum,
1706 1497 1793 1530 tunc
1825 1495 2004 1530 licentiam
2037 1496 2086 1532 eis
2119 1507 2206 1540 esse,
2243 1497 2420 1532 sententia

191 1541 305 1574 καῦτα
329 1537 453 1574 ἄδειαν
480 1538 597 1574 αὐτοῖς
620 1540 723 1583 εἶναι,
749 1540 871 1586 ψήφου
891 1540 1058 1584 τοιαύτης
1080 1540 1271 1586 προϊούσης
1338 1542 1401 1576 tali
1425 1540 1639 1586 procedente
1663 1543 1698 1575 et
1719 1540 1862 1576 decreto
1890 1541 2069 1577 celebrato
2094 1542 2192 1587 apud
2215 1542 2420 1587 provinciae

191 1587 249 1618 καὶ
281 1583 444 1631 δεκρέτου
474 1587 662 1632 γινομένου
698 1585 797 1633 παρὰ
827 1587 880 1629 τῷ
914 1587 975 1629 τῆς
1007 1588 1178 1632 ἐπαρχίας
1211 1584 1269 1632 ἅρ-
1338 1586 1499 1628 iudicem,
1533 1586 1638 1621 etiam
1664 1586 1906 1630 possessiones
1932 1587 2127 1622 immobiles
2155 1587 2359 1631 contingere
2385 1591 2420 1622 et

191 1643 301 1672 χοντι,
334 1633 392 1664 καὶ
423 1630 585 1673 κτήσεων
617 1628 798 1673 ἀκινήτων
829 1627 1014 1666 ἅπτεσθαι
1046 1634 1105 1664 καὶ
1137 1630 1271 1665 ταύτας
1340 1642 1401 1667 eas
1426 1632 1584 1666 alienare
1607 1631 1654 1666 ad
1673 1630 1885 1666 solutionem
1910 1631 2030 1674 debiti,
2057 1632 2253 1667 ementibus
2279 1632 2419 1677 quidem

191 1677 346 1709 έκποιεῖν
377 1676 425 1710 εἰς
454 1673 556 1709 λύσιν
580 1677 643 1709 τοῦ
668 1673 886 1721 ὀφλήματος·
925 1678 1002 1710 τῶν
1024 1679 1091 1720 μὲν
1117 1674 1270 1720 ώνουμέ-
1285 1679 1326 1711 30
1340 1677 1376 1712 in
1400 1677 1526 1712 fiscum
1550 1676 1767 1712 solventibus
1792 1680 1828 1711 et
1848 1677 2064 1721 desuscepta
2086 1677 2170 1712 inde
2191 1677 2419 1722 percipienti-

190 1733 268 1754 νων
299 1722 358 1755 ἐπὶ
390 1721 432 1754 τὸ
465 1719 635 1764 δημόσιον
667 1717 975 1765 καταβαλλόντων
1007 1725 1067 1755 καὶ
1098 1721 1159 1756 τὰς
1183 1719 1271 1756 ἀπο·
1339 1723 1406 1757 bus
1430 1726 1466 1757 et
1491 1721 1726 1757 subeuntibus
1750 1721 1872 1756 fiscale
1896 1722 2054 1757 debitum
2079 1724 2114 1757 et
2138 1723 2315 1758 cautelam
2339 1722 2420 1756 inde

191 1764 315 1805 δείξεις
339 1766 481 1800 ἐκεῖθεν
506 1764 773 1811 λαμβανόντων
801 1769 859 1799 καὶ
883 1763 1121 1801 ύπειςιόντων
1144 1765 1186 1800 τὸ
1212 1765 1270 1810 δη-
1338 1767 1555 1803 habentibus
1601 1770 1636 1801 et
1672 1766 1759 1801 nihil
1795 1767 2032 1802 metuentibus
2067 1768 2230 1812 primitus
2266 1767 2420 1812 positam

190 1809 317 1854 μόσιον
348 1809 492 1856 ὄφλημα
523 1814 583 1844 καὶ
613 1810 680 1853 τὴν
710 1809 909 1856 ἀσφάλειαν
940 1812 1082 1846 ἐκεῖθεν
1109 1809 1270 1854 ἐχόντων
1338 1812 1450 1857 legem
1468 1827 1598 1844 *nm*
1617 1811 1832 1855 constitutis,
1858 1815 1893 1847 et
1915 1811 2095 1848 fiscalibus
2120 1812 2341 1857 desusceptis
2365 1812 2417 1846 in-

191 1859 250 1889 καὶ
281 1853 386 1890 οὐδὲν
418 1854 594 1890 δεδιότων
627 1855 693 1890 τὸν
724 1857 937 1903 ε’·ζιιπροσθεν
967 1857 1126 1891 τεθέντα
1158 1855 1270 1901 νόμον
1338 1858 1488 1893 sinuatis
1509 1858 1601 1892 inter
1620 1859 1849 1892 monumenta
1868 1860 2059 1902 gestorum,
2085 1858 2344 1902 deponentibus
2363 1857 2418 1892 his

193 1899 280 1947 παρ’
308 1899 420 1945 ἡμῶν,
452 1902 528 1935 τῶν
552 1899 591 1934 δὲ
614 1900 681 1944 τὴν
705 1902 838 1947 πρᾶσιν
868 1905 1095 1946 ποιουμένων
1118 1899 1325 1937 &vautra-35
1339 1904 1400 1948 qui
1423 1903 1586 1939 fecerunt
1619 1912 1677 1944 ea,
1709 1906 1749 1937 ut
1780 1904 1817 1937 et
1847 1902 1944 1947 apud
1975 1903 2218 1939 sanctissimas
2249 1902 2419 1938 ecclesias

193 1959 268 1980 νων
292 1946 333 1980 τό
356 1960 396 1993 γε
420 1946 508 1992 πρὸς
530 1945 596 1980 τὸν
618 1945 732 1991 νόμον
756 1947 1018 1989 καθεστώτων,
1044 1948 1121 1981 τῶν
1144 1961 1184 1982 τε
1208 1945 1266 1990 ὃη-
1337 1949 1517 1984 salventur
1542 1948 1639 1984 clara
1664 1948 1885 1992 desuscepta,
1912 1958 1953 1983 eo
1975 1948 2069 1993 quod
2087 1952 2122 1983 et
2142 1948 2279 1984 fiscalia
2300 1947 2419 1983 soluta

190 1995 330 2035 μοσίων
361 1990 582 2032 ἀποδείξεων
607 1993 780 2037 ἐμφανῶν
810 1993 848 2026 ἐν
872 1990 1105 2037 ὑπομνήμασι
1129 1995 1267 2037 γινομέ·
1338 1994 1410 2030 sint
1433 1994 1570 2030 tributa
1602 1995 1638 2028 et
1671 1993 1788 2028 omnia
1819 1993 2012 2029 secundum
2036 1997 2196 2030 nostram
2224 1996 2324 2039 gesta
2348 1992 2420 2028 sint

190 2051 267 2071 νων
291 2041 350 2071 καὶ
370 2037 670 2081 κατατιθεμένων
691 2038 768 2071 τῶν
789 2035 1043 2081 πεποιηκότων
1062 2035 1182 2080 αὐτάς,
1209 2038 1270 2072 ἵνα

190 2086 251 2115 καὶ
267 2081 365 2127 παρὰ
387 2085 464 2116 ταῖς
484 2079 700 2129 ἁγιωτάταις
724 2081 921 2126 ἐκκλησίαις
945 2082 1101 2126 σώζοιτο
1119 2096 1268 2131 περιφα-

191 2126 250 2170 νὴς
274 2123 453 2168 ἀπόδειξις
475 2128 538 2161 τοῦ
566 2131 626 2160 καὶ
649 2125 730 2161 τοὺς
753 2126 943 2181 δημοσίους
967 2127 1269 2172 καταβεβλῆσθαι
1283 2130 1325 2162 40

192 2170 319 2219 φόρους
343 2176 401 2206 καὶ
425 2174 488 2206 τοῦ
511 2170 633 2207 πάντα
656 2171 748 2205 κατὰ
771 2186 837 2206 τον
861 2170 1033 2219 ἡμέτερον
1057 2172 1270 2216 πεπρᾶχθαι

192 2283 480 2330 supervenientia
505 2282 554 2317 ad
573 2282 804 2318 alienationis
828 2283 1071 2317 necessitatem
1089 2291 1216 2315 sacras
1236 2281 1363 2315 domos
1382 2280 1625 2315 adduxerunt.
1675 2279 1770 2314 Nam
1795 2280 1855 2314 ubi
1879 2280 2022 2315 mobilis
2044 2281 2246 2315 substantia
2263 2287 2417 2332 praesto

194 2340 267 2363 non
298 2331 378 2363 erat
407 2327 612 2372 sufficiens,
636 2326 843 2372 periculum
873 2330 952 2361 erat
982 2337 1026 2361 ne
1053 2325 1242 2371 praesules
1273 2336 1397 2360 eorum
1426 2325 1465 2358 in
1494 2328 1696 2359 extremam
1727 2325 1889 2359 venirent
1920 2325 2184 2367 necessitatem,
2243 2337 2279 2360 ui
2304 2338 2419 2372 neque

196 2373 344 2409 vendere
369 2375 523 2418 possent
551 2382 665 2422 neque
696 2371 868 2407 baberent
895 2370 990 2406 unde
1021 2370 1139 2405 debita
1164 2370 1349 2405 solverent.
1414 2368 1544 2404 Verum
1568 2373 1610 2403 ut
1658 2380 1700 2403 ro
1734 2368 1861 2404 debitis
1877 2370 2130 2415 possessiones
2154 2380 2214 2404 ecc
2229 2370 2418 2407 esiasticae

193 2420 230 2453 in
254 2418 411 2453 solutum
435 2416 674 2452 creditoribus
698 2416 779 2451 dari
800 2420 959 2462 possent,
984 2419 1025 2450 ut
1046 2419 1162 2450 tamen
1187 2425 1265 2449 cum
1287 2425 1330 2449 ea
1351 2425 1424 2460 qua
1442 2425 1515 2459 par
1534 2418 1588 2448 est
1631 2414 1797 2458 iliqentia
1821 2417 1855 2448 et
1876 2413 2128 2450 observatione
2147 2415 2253 2459 fieret
2271 2415 2416 2458 solutio,

193 2465 264 2498 iam
294 2473 403 2508 saepe
434 2461 683 2503 concessimus,
715 2472 830 2507 neque
863 2460 901 2495 id
931 2460 1062 2495 diserte
1093 2464 1221 2494 nostra
1245 2459 1323 2505 leqe
1346 2462 1453 2494 antea
1477 2458 1694 2493 sustulimus.
1758 2457 1895 2501 Quodsi
1918 2469 1991 2493 non
2008 2459 2179 2505 privatus
2209 2459 2342 2505 aliquis
2365 2466 2418 2496 est

194 2508 363 2549 creditor,
395 2507 459 2542 sed
483 2507 594 2551 fiscus
616 2507 725 2541 instat
754 2510 789 2541 et
812 2506 928 2551 exiqit
952 2505 1088 2546 debita,
1117 2504 1273 2550 penuria
1298 2507 1416 2539 autem
1445 2507 1499 2539 est
1520 2503 1700 2549 pecuniae
1731 2514 1846 2548 neque
1874 2504 1958 2548 fieri
1984 2508 2109 2549 potest
2139 2508 2179 2539 ut
2202 2505 2417 2541 immobilem

192 2553 455 2599 possessionem
475 2552 587 2596 fiscus
611 2552 779 2597 accipiat,
804 2551 862 2586 bic
877 2550 1020 2601 quidem
1043 2549 1087 2584 de
1103 2549 1291 2584 severitate
1315 2548 1405 2594 leqis
1428 2548 1570 2594 aliquid
1591 2548 1772 2583 remittere
1796 2548 1912 2583 satius
1936 2548 2118 2591 duximus,
2144 2553 2253 2594 atque
2273 2550 2305 2584 si
2324 2561 2418 2595 quae

194 2597 365 2634 eiusmodi
389 2597 582 2632 necessitas
602 2596 682 2641 fiat,
706 2596 813 2631 etiam
838 2595 1092 2631 alienationem
1111 2594 1321 2640 permittere
1337 2593 1491 2639 placuit.

328 2642 356 2677 Ι.
405 2641 595 2677 Sancimus
617 2642 742 2686 iqitur,
776 2641 809 2675 si
838 2651 912 2686 qua
943 2651 992 2675 ex
1020 2638 1259 2674 sanctissimis
1290 2638 1448 2674 ecclesiis
1479 2638 1534 2674 vel
1563 2638 1713 2684 reliquis
1742 2639 1898 2673 sacratis
1928 2638 2091 2674 domibus
2116 2639 2259 2684 fiscalia
2292 2639 2419 2676 debeat

194 2688 328 2723 tributa
353 2698 466 2732 neque
489 2685 583 2721 unde
605 2686 726 2731 faciat
748 2696 871 2721 eorum
894 2685 1109 2720 solutionem
1134 2683 1279 2725 babeat,
1310 2687 1350 2718 ut
1374 2694 1496 2718 omnes
1527 2684 1564 2718 in
1589 2694 1697 2718 unum
1722 2683 1937 2718 conveniant
1969 2689 2039 2719 tam
2065 2683 2185 2719 clerici
2218 2696 2326 2730 quam
2349 2685 2415 2721 deo

194 2734 402 2768 carissimus
431 2735 467 2766 et
497 2731 612 2777 ipsius
644 2731 797 2766 civitatis
832 2734 867 2766 et
891 2734 1087 2776 praeterea
1118 2728 1356 2773 metropoleos
1388 2729 1588 2774 episcopus,
1625 2732 1661 2763 et
1694 2728 1809 2763 sacris
1844 2728 2037 2774 scripturis
2067 2730 2270 2775 propositis
2306 2740 2417 2765 causa

193 2778 433 2819 examinetur,
467 2782 575 2822 atque
598 2776 630 2810 si
654 2776 775 2810 nullus
798 2786 950 2821 usquam
975 2778 1153 2820 appareat
1177 2773 1315 2808 reditus
1364 2784 1410 2808 uo
1428 2777 1580 2818 praeter
1605 2773 1859 2808 alienationem
1887 2773 2013 2818 fiscale
2038 2773 2194 2809 debitum
2218 2774 2312 2810 solvi
2331 2786 2417 2821 pos-

193 2825 251 2865 sit,
285 2826 357 2858 tum
382 2821 526 2856 licentia
558 2821 602 2855 iis
625 2821 683 2862 sit,
714 2821 892 2855 sententia
926 2820 990 2855 tali
1021 2819 1236 2865 procedente
1268 2822 1304 2853 et
1326 2784 1468 2853 ‹Zeereto
1494 2818 1594 2864 apud
1614 2818 1825 2864 provinciae
1840 2818 2049 2863 praesidem
2071 2819 2187 2863 facto,
2219 2823 2255 2854 et
2271 2830 2416 2872 posses-

193 2869 313 2903 siones
342 2866 538 2902 immobiles
569 2865 773 2911 attinqendi
802 2869 836 2900 et
860 2876 921 2900 eas
945 2864 994 2900 ad
1014 2864 1168 2899 debitum
1192 2862 1397 2898 solvendum
1428 2862 1630 2897 alienandi:
1666 2864 1719 2898 ita
1742 2867 1781 2898 ut
1812 2867 1992 2909 emptores
2020 2863 2162 2908 quidem
2183 2869 2305 2910 pretia
2325 2865 2417 2909 fisco

193 2913 335 2949 solvant
358 2916 394 2947 et
416 2910 579 2957 apochas
601 2910 684 2945 inde
708 2910 892 2962 accipiant
922 2914 957 2945 et
976 2909 1104 2954 fiscale
1134 2907 1288 2943 debitum
1311 2908 1464 2942 subeant
1486 2911 1522 2942 et
1543 2908 1770 2943 securitatem
1802 2907 1884 2943 inde
1910 2908 2066 2944 babeant
2099 2919 2186 2944 neve
2212 2909 2287 2944 ullo
2311 2909 2417 2945 modo

195 2959 306 3003 leqem
330 2969 353 2992 a
377 2956 480 2991 nobis
502 2960 610 2991 antea
634 2955 744 2990 latam
771 2959 934 2996 timeant,
966 2955 994 2989 ii
1017 2958 1135 2989 autem
1161 2953 1223 2998 qui
1247 2952 1484 2988 venditionem
1513 2952 1684 2997 fecerunt
1715 2952 1823 2998 culpa
1848 2956 2023 2998 quantum
2048 2952 2097 2987 ad
2119 2953 2233 2999 leqem
2257 2958 2417 2997 careant,

194 3014 272 3037 cum
298 3006 332 3036 et
349 3001 521 3047 publicae
545 3000 706 3047 apochae
729 3000 766 3033 in
791 2999 882 3034 actis
905 2999 1134 3034 insinuentur
1164 3002 1200 3033 et
1230 2997 1293 3043 qui
1323 2998 1491 3043 fecerunt
1521 3008 1583 3031 eas
1612 2996 1805 3043 deponant,
1839 3002 1878 3032 ut
1901 2998 2008 3032 etiam
2041 2997 2142 3044 apud
2169 2999 2418 3034 sanctissimas

194 3047 362 3082 ecclesias
392 3050 554 3081 servetur
585 3045 782 3090 manifesta
811 3044 995 3090 probatio,
1026 3047 1060 3079 et
1081 3043 1228 3089 publica
1254 3042 1388 3078 tributa
1418 3041 1538 3076 soluta
1569 3046 1604 3077 et
1635 3042 1756 3077 omnia
1790 3042 1983 3077 secundum
2010 3046 2173 3078 nostram
2198 3043 2310 3089 leqem
2335 3047 2418 3078 aeta

241 3162 259 3192 5
285 3156 327 3190 τὸ
351 3158 417 3200 μὲν
441 3156 521 3190 ἀντὶ
545 3158 622 3190 τῶν
645 3155 877 3200 ὀφλημάτων]
907 3167 966 3198 pro
991 3155 1113 3188 talibus
1138 3155 1269 3197 quidem
1384 3156 1402 3186 2
1429 3153 1600 3185 mobilium
1615 3154 1647 3186 R
1671 3154 1683 3196 11
1710 3156 1842 3186 extante
1864 3155 1910 3194 V]
1942 3154 2101 3186 existente
2114 3155 2183 3187 ΒΤ
2204 3154 2217 3195 11
2239 3155 2418 3188 sufficienti

196 3203 315 3236 debitis
327 3214 346 3238 ς
362 3203 373 3244 11
401 3204 441 3235 14
456 3200 521 3234 τὸν
545 3199 717 3244 δημόσιον
731 3202 775 3234 Μ
787 3202 798 3244 11
823 3203 862 3235 18
876 3201 975 3246 εἴπερ
993 3211 1046 3233 τις
1066 3200 1145 3233 τῶν
1165 3196 1269 3246 ἁγιω-
1348 3200 1392 3239 V]
1417 3198 1601 3231 sufficiente
1615 3199 1684 3231 ΒΤ
1698 3197 1710 3242 11
1735 3200 1754 3232 6
1769 3198 1845 3231 dare
1868 3199 1914 3238 V]
1939 3199 2011 3231 dari
2024 3199 2093 3232 ΕΤ
2101 3200 2185 3242 vuly.
2204 3198 2217 3242 11
2234 3201 2253 3233 8
2268 3199 2418 3233 facienda.

195 3247 318 3281 τάτων
343 3244 540 3288 ἐκκλησιῶν
570 3248 647 3280 Coll.
664 3248 704 3280 87
720 3260 791 3289 cap.
807 3248 875 3279 cod.
901 3246 984 3283 Vat..
1011 3258 1087 3289 app.
1103 3246 1234 3279 Nomoc.
1260 3244 1271 3288 11
1339 3244 1502 3276 solutione
1528 3257 1585 3276 om.
1601 3244 1648 3276 R¹
1679 3242 1691 3287 11
1716 3245 1735 3276 9
1759 3243 1835 3285 pala
1861 3243 1908 3276 Β1
1937 3242 1949 3287 11
1980 3246 2019 3277 10
2043 3244 2235 3285 perimimus
2256 3244 2318 3285 V¹]
2343 3256 2416 3287 per-

197 3295 239 3327 20
264 3289 400 3336 όφείλοι
426 3292 471 3324 M
473 3294 503 3331 ς]
542 3288 674 3335 ὀφείλει
704 3293 782 3325 Goll.
808 3292 848 3325 87
875 3303 945 3333 cap.
983 3290 995 3333 11
1032 3292 1069 3323 21
1098 3291 1168 3331 ἔχει
1194 3303 1268 3334 app.
1339 3289 1486 3321 misimus
1510 3289 1639 3321 RV³T
1658 3288 1854 3329 peremimus
1883 3289 2113 3332 Osenbrt‘iqyen
2138 3289 2150 3330 11
2181 3291 2218 3322 11
2241 3290 2350 3330 exiget
2370 3291 2416 3331 V]

196 3339 328 3371 Nomoc.
354 3336 366 3381 11
394 3338 435 3369 22
449 3349 494 3379 sq.
520 3333 625 3378 αὐτῆς
648 3348 687 3368 τε
707 3335 778 3377 τῆς]
802 3336 863 3377 τῆς
887 3334 992 3376 αὐτῆς
1017 3336 1093 3369 Coll.
1110 3337 1149 3369 87
1166 3348 1237 3378 cap.
1262 3334 1273 3379 11
1340 3334 1448 3375 exegit
1472 3334 1504 3365 R
1528 3333 1631 3374 exigit
1658 3334 1691 3365 T
1698 3334 1753 3366 vul
1777 3358 1783 3365 .
1808 3332 1820 3375 11
1850 3334 1888 3366 18
1916 3334 1975 3376 leq.
2002 3333 2308 3366 sanctissimarum?
2324 3334 2336 3380 11
2354 3335 2416 3368 ali-

198 3385 240 3416 23
264 3384 324 3415 καὶ
347 3401 390 3406 —
413 3379 665 3423 μητροπόλεως
694 3394 752 3414 om.
778 3393 853 3423 app.
878 3381 1010 3413 Nomoc.
1041 3379 1052 3424 11
1089 3382 1131 3414 24
1156 3380 1271 3424 ἐξετα-
1340 3379 1420 3420 quid
1441 3378 1496 3420 Vll
1525 3379 1563 3411 19
1589 3377 1686 3410 debat
1707 3378 1740 3411 V
1788 3379 1830 3411 20
1855 3379 1972 3410 harum
1996 3379 2081 3421 vulq.
2101 3378 2113 3421 11
2137 3378 2334 3412 reditionem
2356 3380 2390 3413 V
2406 3380 2418 3423 11

197 3427 321 3469 ζέσθω
347 3439 422 3470 app.
439 3427 568 3459 Nomoc.
597 3426 608 3469 11
638 3428 679 3459 25
704 3424 918 3466 ἐκποιήσεως
941 3427 1058 3470 χωρὶς]
1084 3425 1167 3457 citra
1191 3425 1270 3457 alie-
1340 3425 1381 3456 22
1407 3425 1439 3456 et
1463 3423 1532 3454 eius
1555 3424 1597 3463 V]
1631 3425 1663 3455 et
1686 3435 1744 3455 om.
1770 3423 1837 3455 ΕΤ
1855 3424 1940 3466 vuly.
1968 3422 1980 3466 11
2011 3425 2052 3456 23
2077 3424 2272 3465 praepositis
2294 3425 2323 3458 V
2342 3436 2417 3467 pro-

196 3473 365 3504 nationem
389 3471 567 3503 immobilis
588 3472 640 3503 re'r
659 3470 763 3514 ς1127
791 3465 997 3514 προςιούσης
1017 3469 1143 3514 Μ1134
1168 3466 1272 3502 οὐδὲν
1339 3468 1458 3510 positis
1480 3480 1536 3500 om.
1556 3467 1605 3500 Β*
1633 3467 1644 3511 11
1683 3469 1725 3500 24
1749 3468 1904 3510 apparuit
1928 3468 1961 3499 R
1988 3467 2000 3511 11
2033 3469 2075 3501 26
2100 3468 2296 3501 sententiam
2320 3470 2370 3503 Β*
2406 3469 2418 3514 11

197 3514 373 3550 δεδιότων
387 3517 458 3557 Μς]
484 3514 525 3548 οὗ
538 3513 713 3549 δεδιότων
732 3516 811 3548 Coll.
828 3517 867 3549 87
885 3527 956 3557 cap.
976 3511 1093 3556 (οὐδὲν
1112 3511 1272 3548 δεόντων
1342 3515 1382 3547 32
1407 3511 1618 3553 habentibus]
1643 3512 1902 3555 percipientibus
1928 3513 1974 3545 Β*
1992 3514 2003 3555 11
2032 3514 2073 3546 33
2101 3513 2248 3547 lacunam
2273 3527 2336 3548 non
2362 3528 2416 3548 no-

199 3575 273 3605 app.
293 3562 437 3603 Nomoc.)
475 3560 480 3605 1
508 3563 550 3595 36
574 3559 616 3594 τό
663 3573 678 3592 ε
704 3579 746 3584 -
769 3557 883 3602 νόμον
908 3572 965 3592 om.
994 3560 1072 3593 Coll.
1087 3561 1127 3593 87
1151 3573 1224 3603 cap.
1261 3560 1272 3625 11
1305 3561 1307 3576 ¹
1340 3566 1408 3591 tant
1428 3559 1505 3590 libri
1519 3557 1749 3599 (vendentibus
1763 3568 1839 3590 vero
1853 3557 1923 3589 sine
1943 3557 2040 3599 culpa
2061 3558 2170 3600 quoad
2188 3558 2294 3600 legem
2306 3562 2414 3604 suppl.

198 3607 274 3640 τῶν
289 3608 340 3647 τε]
359 3606 436 3639 τῶν
477 3607 493 3639 ὲ
515 3619 591 3650 app.
606 3573 736 3640 Niimoc.
756 3604 768 3648 11
787 3606 827 3638 37
842 3604 1010 3648 ἐμφανῶς
1023 3617 1099 3648 app.
1114 3605 1246 3639 Nomoc.
1262 3604 1272 3646 1Ι
1343 3603 1445 3644 Beck)
1463 3602 1475 3645 11
1493 3604 1525 3634 et
1545 3602 1710 3635 fiscalibus
1731 3615 1788 3636 om.
1804 3603 1852 3634 R¹
1871 3602 1883 3645 11
1899 3602 2110 3645 desusceptis]
2132 3604 2164 3636 te
2184 3605 2342 3647 susceptis
2365 3606 2417 3650 Vss

200 3652 241 3684 38
264 3654 324 3684 καὶ
348 3664 406 3684 om.
421 3663 440 3688 ς
469 3652 481 3696 11
512 3653 555 3685 40
569 3665 616 3695 sq.
643 3647 770 3695 φόρους
794 3646 1094 3692 καταβεβλῆσθαι
1124 3650 1201 3683 Coll.
1228 3651 1268 3684 87
1341 3650 1382 3681 34
1402 3650 1569 3689 gestarum
1583 3647 1630 3680 ΕΙ
1650 3647 1662 3690 11
1684 3649 1724 3682 35
1750 3649 1788 3680 ut
1808 3649 1851 3688 et]
1875 3650 1907 3680 et
1931 3660 1988 3681 om.
2003 3648 2036 3681 R
2052 3648 2064 3692 11
2091 3650 2133 3682 36
2158 3648 2331 3684 soluentur
2345 3651 2417 3692 R¹n

199 3708 270 3738 cap.
294 3695 306 3740 11
336 3698 376 3729 41
391 3709 439 3740 sq.
463 3697 527 3730 τοῦ
552 3717 595 3721 -
618 3694 731 3739 νόμον
755 3708 813 3728 om.
834 3695 914 3729 Coll.
930 3696 970 3728 87
986 3707 1058 3738 cap.
1340 3692 1447 3725 soluta
1464 3695 1542 3725 sunt
1562 3693 1629 3724 sint
1651 3693 1682 3725 R
1709 3691 1721 3736 11
1744 3694 1784 3726 37
1802 3692 1981 3725 secundum
2002 3704 2066 3725 nn
2092 3696 2182 3735 gesta
2206 3695 2249 3727 sit
2273 3695 2345 3737 lege
2367 3695 2415 3727 R*

267 3751 316 3777 111.
2105 3752 2147 3784 36
