2618 4010
110 184 113 186 v
160 143 537 178 consrrru'monns
1238 127 1314 177 341
2062 131 2171 176 Nov.
2203 130 2340 175 LXVI
2373 132 2393 174 1

161 244 359 294 ἅνθρωποι
381 245 548 281 τιθέντες
578 245 638 278 καὶ
661 241 934 288 πολιτευόμενοι
958 241 1104 285 δόξαιεν
1127 256 1242 290 παρα·
1311 243 1473 280 homines
1495 242 1670 279 facientes
1700 241 1888 278 videantur
1911 243 2153 287 praevaricari
2176 243 2300 288 legem.
2349 241 2399 278 Ut

159 295 303 337 βαίνειν
330 291 397 326 τὸν
419 288 543 334 νόμον,
585 285 708 324 Ὅπως
738 286 772 322 δ)
799 287 846 324 ἂν
869 293 1092 336 σαφέστερον
1122 291 1177 323 ε’τι
1198 287 1241 323 τὸ
1312 292 1432 325 autem
1461 288 1622 335 apertius
1655 287 1776 323 adhuc
1809 297 1921 323 causa
1952 288 2165 333 declaretur,
2204 288 2396 331 sancimus,

162 338 311 384 πρᾶγμα
335 334 536 379 δηλωθείη,
568 334 805 379 θεσπίζομεν,
835 335 866 369 εἰ
896 339 1049 382 γραφείη
1081 335 1244 368 τοιοῦτος
1313 335 1343 371 si
1366 334 1502 380 scripta
1520 333 1630 370 fuerit
1653 332 1858 368 huiusmodi
1876 334 1945 378 lex,
1970 334 2065 369 hanc
2084 338 2167 380 post
2187 334 2277 370 duos
2299 343 2397 369 men-

161 381 279 427 νόμος,
299 383 430 416 τοῦτον
446 378 537 424 μετὰ
552 381 666 424 μῆνας
682 378 746 414 δύο
765 380 829 414 τοῦ
850 378 1027 415 δοθέντος
1044 376 1143 424 αὐτῷ
1164 378 1242 426 χρό-
1313 390 1371 417 ses
1405 379 1479 416 dati
1502 379 1536 416 ei
1558 377 1730 432 temporis
1762 378 1880 414 valere
1910 381 1946 414 et
1977 379 2015 414 in
2039 379 2224 425 republica
2248 379 2398 414 tractari

161 440 226 462 νου
245 429 390 474 κρατεῖν
408 428 468 460 καὶ
488 423 748 460 πολιτεύεσθαι
773 425 845 460 εἴτε
869 427 930 460 ἐπὶ
950 425 1082 468 ταύτης
1103 426 1166 468 τῆς
1189 423 1242 459 εὖ·
1281 428 1300 461 5
1314 425 1387 462 sive
1418 425 1456 460 in
1489 425 1559 460 hac
1589 423 1796 460 fehcissima
1833 423 1977 460 civitate
2017 425 2090 460 sive
2124 425 2163 460 in
2193 424 2399 470 provinciis,

162 471 329 517 δαίμονος
360 468 497 506 πόλεως
528 471 599 505 εἴτε
632 472 672 505 ἐν
705 473 782 505 ταῖς
816 473 1021 518 ἐπαρχίαις,
1055 469 1146 515 μετὰ
1177 469 1244 513 τὴν
1314 472 1398 517 post
1420 469 1695 506 insinuationem
1721 467 1917 504 sufficienti
1947 470 2017 505 hoc
2040 474 2202 514 tempore
2233 469 2399 506 omnibus

162 517 356 563 ἐμφάνισιν
377 513 570 561 ἀρκοῦντος
593 513 721 550 τούτου
743 517 804 551 τοῦ
821 516 951 564 χρόνου
975 517 1065 552 πᾶσι
1085 514 1245 563 φανερὸν
1314 515 1541 552 manifestam
1575 524 1654 551 eam
1690 514 1926 558 constituere,
1965 518 2001 550 et
2031 515 2285 550 tabellionibus
2319 515 2398 551 eius

163 561 275 597 αὐτὸν
294 562 532 605 καταστῆσαι,
556 563 634 596 τῶν
652 574 692 596 τε
712 560 1062 609 συμβολαιογράφων
1095 560 1160 604 τὴν
1185 559 1244 594 αὖ·
1316 561 1614 607 cognoscentibus
1645 560 1812 596 virtutem
1851 561 1887 595 et
1917 560 2088 595 subiectis
2121 560 2399 605 agnoscentibus

161 607 224 642 τοῦ
255 606 533 652 μανθανόντων
566 604 723 651 δύναμιν
757 608 836 641 τῶν
871 620 912 642 τε
942 603 1116 650 ὑπηκόων
1138 618 1245 654 γινω-
1314 607 1497 652 legemque
1521 605 1758 643 servantibus.
1808 604 1868 640 Sic
1899 605 1989 640 nulli
2020 605 2163 641 omnino
2197 605 2265 641 erit
2288 605 2396 641 decli-

162 650 328 687 σκόντων
351 655 412 686 καὶ
435 650 502 686 τὸν
526 649 639 697 νόμον
655 651 878 699 τηρούντων.
916 648 1012 686 οὕτω
1036 651 1103 699 γὰρ
1125 649 1246 686 οὐδενὶ
1262 655 1302 688 10
1315 653 1425 695 natio,
1459 653 1500 688 ut
1522 654 1686 688 nostram
1709 650 1916 686 custodiant
1938 650 2062 695 legem.
2111 651 2194 687 Non
2219 650 2314 686 enim
2337 661 2398 686 vo-

162 696 351 733 παντελῶς
374 700 477 732 ἔσται
500 701 716 744 παραίτησις
739 698 801 731 τοῦ
828 696 878 742 μὴ
900 696 966 732 τὸν
991 694 1164 744 ἡμέτερον
1187 693 1244 731 νό-
1314 699 1432 734 lumus
1465 697 1705 733 deficientium
1736 695 1885 740 infringi
1908 696 2129 740 voluntates,
2163 696 2327 732 omnibus
2351 696 2399 731 si-

161 756 232 789 μον
256 742 463 789 φυλάττειν.
512 741 562 778 Οὐ
592 742 661 790 γὰρ
689 741 902 787 βουλόμεθα
932 741 995 777 τὰς
1023 743 1101 776 τῶν
1130 740 1244 776 τελευ-
1315 743 1460 788 quidem
1484 742 1670 779 studemus
1694 741 1810 778 modis
1833 744 1931 777 ratas
1959 751 2019 777 eas
2045 742 2276 777 constituere.
2327 741 2401 777 Cur

162 788 319 823 τώντων
340 785 618 835 ἀνατρέπεσθαι
642 787 835 833 βουλήσεις,
860 789 949 822 πᾶσι
968 789 1036 832 μὲν
1055 780 1119 821 οὖν
1139 786 1244 821 σπεύ-
1316 789 1410 823 enim
1436 788 1661 833 culpabimus
1695 796 1758 823 eos
1791 786 1852 832 qui
1879 787 2016 831 positas
2048 790 2190 823 nostras
2216 786 2399 830 ignorave-

164 832 273 878 δομεν
290 832 437 879 τρόποις
453 837 573 880 κυρίας
589 832 698 868 αὐτὰς
715 833 952 867 καθεστάναι.
988 836 1027 867 τί
1040 832 1107 879 γὰρ
1125 830 1170 865 ἂν
1186 834 1246 865 καὶ
1315 837 1400 869 runt
1425 833 1708 876 constitutiones,
1733 832 1788 868 vel
1807 832 1837 868 si
1857 831 1951 868 forte
1974 834 2059 877 post
2081 831 2268 877 paululum
2294 842 2401 876 quam

163 877 373 926 εγκαλοῖμεν
404 881 478 913 τοῖς
506 879 574 922 τὴν
598 879 708 913 θέσιν
739 879 817 912 τῶν
840 875 1024 925 ἡμετέρων
1048 874 1246 924 ἀγνοησασι
1261 879 1452 924 15scr1pta
1470 879 1528 914 lex
1546 881 1600 914 est
1625 881 1660 914 et
1680 877 1799 913 adhuc
1822 877 1999 922 ignorata,
2024 877 2267 923 processerint
2287 879 2399 912 testa-

164 923 376 967 διατάξεων,
408 922 475 959 κᾶν
507 925 539 958 εἰ
567 923 675 966 τυχὸν
705 922 795 968 μετὰ
824 922 939 969 βραχὺ
969 924 1033 957 τοῦ
1063 923 1246 969 γραφῆναι
1314 928 1412 960 tores
1436 927 1472 959 et
1487 925 1683 969 propterea
1706 923 1744 958 in
1765 923 1990 959 testamentis
2015 926 2079 959 aut
2097 933 2171 958 non
2191 922 2400 967 scripserint

163 969 230 1005 τὸν
265 968 379 1014 νόμον
413 967 480 1004 τόν
513 982 554 1016 γε
589 966 831 1016 ἀγνοούμενον
866 970 921 1002 ἔτι
952 967 1172 1014 προέλθοιεν
1209 966 1247 1000 αἱ
1315 969 1462 1015 propria
1482 980 1592 1005 manu
1612 968 1782 1005 heredum
1803 968 1949 1005 nomina
1973 972 2036 1004 aut
2057 968 2164 1004 etiam
2184 969 2258 1003 tres
2274 967 2401 1002 uncias

164 1014 354 1058 διαθῆκαι,
375 1016 435 1049 καὶ
452 1012 513 1048 διὰ
534 1015 641 1049 τοῦτο
665 1014 706 1048 ἐν
729 1016 806 1048 ταῖς
830 1011 1024 1056 διαθήκαις
1047 1010 1069 1056 ἢ
1091 1012 1139 1057 μὴ
1161 1025 1246 1064 γρα;
1316 1015 1432 1050 solum
1451 1014 1660 1060 reliquerint
1682 1013 1757 1050 filio
1778 1016 1815 1050 et
1838 1024 1910 1050 non
1932 1018 2112 1059 quattuor,
2137 1014 2175 1049 in
2195 1023 2266 1059 quo
2286 1013 2402 1057 legem

163 1059 319 1106 ψάντων
349 1060 463 1103 οἰκεία
493 1063 583 1106 χειρὶ
620 1059 662 1093 τὸ
694 1060 772 1093 τῶν
804 1057 1038 1105 κληρονόμων
1071 1057 1135 1092 ὂνο
1165 1071 1187 1091 α
1226 1071 1248 1101 η
1317 1063 1380 1095 aut
1409 1070 1482 1096 non
1511 1060 1667 1105 positam
1697 1059 1849 1104 contigit
1882 1063 1946 1095 aut
1976 1059 2132 1105 positam
2162 1061 2200 1095 et
2230 1068 2272 1095 eo
2306 1057 2402 1104 quod

163 1102 367 1153 τριούγκιον
399 1102 514 1149 μόνον
529 1102 825 1146 ,καταλιπόντων
855 1105 909 1147 τῷ
943 1101 1048 1139 παιδὶ
1078 1072 1167 1137 ἀλλ’ἰὶ
1196 1101 1247 1147 μὴ
1261 1107 1303 1139 20
1316 1105 1476 1142 nondum
1498 1105 1686 1151 proposita
1708 1105 1818 1141 fuerit
1840 1104 1936 1142 iuste
1959 1105 2171 1150 ignoratam.

163 1150 430 1198 τετραούγκιον,
454 1151 495 1184 ἐν
515 1147 545 1193 ᾧ
571 1148 636 1184 τὸν
659 1147 773 1193 νόμον
796 1146 818 1192 ἢ
842 1147 883 1183 οὗ
908 1149 1055 1183 κεῖσθαι
1081 1150 1246 1192 συνέβαι-

163 1210 227 1231 νεν
255 1193 276 1238 ἢ
309 1198 369 1229 καὶ
398 1198 563 1239 κείμενον
594 1192 654 1229 διὰ
682 1192 725 1229 τὸ
756 1193 868 1238 μήπω
901 1194 1172 1241 προτεθεῖσθαι
1195 1191 1247 1227 δι-

164 1244 186 1278 1
231 1244 340 1275 καίως
359 1237 599 1287 ἄγνοεῖσθαι,·
650 1240 848 1286 Τοιγαροῦν
871 1242 1051 1286 καὶμέχρι
1069 1240 1148 1281 νῦν,
1171 1241 1245 1273 καί·
1314 1243 1337 1278 1
1382 1240 1495 1285 Igitur
1524 1240 1633 1276 etiam
1668 1240 1861 1283 hactenus,
1897 1241 1982 1276 licet
2012 1240 2160 1285 antiqua
2189 1239 2401 1276 constitutio

163 1299 221 1321 τοι
256 1284 411 1322 παλαιᾶς
448 1283 514 1329 ἤδη
550 1286 612 1328 τῆς
647 1282 843 1326 διατάξεως
877 1283 982 1328 οὔσης
1021 1288 1082 1318 καὶ
1118 1285 1158 1317 έν
1191 1284 1246 1327 τῷ
1316 1287 1363 1322 sit
1386 1286 1483 1322 etin
1505 1285 1724 1330 cognominis
1742 1286 1857 1321 nostri
1875 1286 1995 1331 posita
2017 1285 2313 1321 constitutionum
2333 1285 2400 1321 Co-

164 1331 346 1376 ἐπωνύμῳ
370 1327 474 1375 ἡμῶν
494 1332 653 1374 κειμένης
675 1330 754 1365 τῶν
773 1327 978 1371 διατάξεων
1000 1328 1146 1374 βιβλίῳ,
1170 1325 1247 1373 ἥτις
1260 1334 1301 1366 25
1316 1332 1406 1373 dice,
1439 1340 1531 1376 quae
1555 1331 1666 1367 scribi
1697 1331 1845 1384 propria
1877 1341 1986 1366 manu
2010 1331 2151 1366 heredis
2176 1340 2306 1366 nomen
2329 1330 2401 1365 dis-

163 1376 316 1425 γράφειν
335 1376 446 1418 οἰκείᾳ
465 1378 555 1422 χειρὶ
575 1373 617 1410 τὸ
636 1376 700 1409 τοῦ
719 1374 1023 1422 κληρονομοῦντος
1042 1374 1158 1420 ὄνομα
1179 1373 1246 1409 διε·
1314 1376 1447 1423 posuit,
1471 1380 1593 1412 tamen
1616 1376 1761 1422 plurimi
1793 1380 1937 1421 praeter
1968 1376 2045 1411 eius
2069 1376 2193 1411 testati
2222 1377 2307 1411 sunt
2331 1376 2401 1411 vir-

163 1419 344 1464 τύπωσεν,
369 1418 465 1466 ὅμως
488 1419 615 1456 πολλοὶ
639 1419 740 1467 παρὰ
771 1420 839 1464 τὴν
863 1418 970 1464 αὐτῆς
994 1418 1164 1455 διέθεντο
1187 1418 1246 1454 δύ·
1315 1426 1428 1458 tutem
1443 1422 1649 1467 ignorantes
1674 1421 1751 1457 eius
1772 1421 2041 1466 legislationem,
2065 1422 2102 1457 et
2124 1421 2300 1457 hactenus
2316 1420 2404 1456 talia

163 1480 275 1512 ναμιν
299 1463 540 1514 ἀγνοήσαντες
564 1463 670 1509 αὐτῆς
693 1465 760 1510 τὴν
784 1466 1030 1511 νομοθεσίαν·
1062 1469 1122 1500 καὶ
1145 1468 1247 1511 μέχρι
1315 1468 1571 1514 praetermissa
1586 1467 1845 1502 denuntiantur
1860 1470 2005 1503 nostrae
2021 1466 2210 1512 potestati3
2235 1470 2272 1501 et
2288 1466 2401 1502 omni-

163 1514 231 1547 νῦν
253 1511 300 1547 τὰ
321 1513 473 1546 τοιαῦτα
496 1511 741 1558 παροφθέντα
765 1510 1063 1566 προςαγγέλλεται
1087 1512 1140 1555 τῷ
1166 1509 1247 1555 ἡμε-
1316 1517 1384 1551 bus
1409 1523 1550 1558 semper
1572 1512 1661 1548 talia
1685 1512 1919 1558 poscentibus
1944 1511 2083 1548 veniam
2109 1511 2283 1555 dedimus,
2313 1521 2402 1556 quo-

163 1560 257 1605 τέρῳ
281 1555 419 1603 κράτει,
443 1559 503 1591 καὶ
528 1558 642 1591 πᾶσιν
665 1554 719 1590 ἀεὶ
743 1561 816 1591 τοῖς
840 1570 886 1591 τα
908 1558 1061 1591 τοιαῦτα
1082 1555 1248 1600 δεηθεῖσι
1262 1561 1305 1594 30
1317 1559 1413 1595 niam
1434 1559 1593 1594 nondum
1611 1558 1691 1593 fieri
1711 1558 1778 1594 has
1797 1557 2008 1593 manifestas
2030 1560 2207 1599 evenerat,
2229 1560 2265 1592 et
2281 1566 2402 1592 sacras

163 1605 404 1650 συνέγνωμεν,
439 1603 517 1638 ἐπεὶ
539 1599 650 1646 μήπω
673 1602 849 1648 γενέσθαι
873 1600 1007 1637 ταύτας
1030 1615 1123 1637 κατα
1155 1604 1249 1636 ανεῖς
1318 1615 1429 1650 super
1444 1605 1499 1639 his
1517 1604 1667 1639 fecimus
1684 1603 1818 1639 formas
1835 1603 1967 1639 iustam
1984 1603 2036 1639 eis
2048 1602 2239 1648 largientes
2252 1602 2401 1638 veniam.

164 1651 372 1693 συνέβαινε,
403 1650 463 1681 καὶ
487 1648 610 1682 θείους
632 1643 723 1694 ὑπὲρ
746 1646 888 1683 τούτων
911 1647 1108 1692 ἐποιησάμε
1143 1661 1166 1681 α
1190 1646 1247 1682 τύ·
1317 1650 1373 1686 Ne
1396 1650 1505 1694 igitur
1528 1649 1564 1684 in
1593 1649 1825 1685 ortunitatem
1849 1649 2028 1694 patiamur
2050 1648 2094 1684 de
2118 1648 2174 1684 his
2199 1657 2264 1693 per
2281 1647 2402 1692 singu-

163 1705 251 1729 πονε
283 1691 428 1728 δικαίαν
461 1691 580 1728 αὐτοῖς
604 1691 899 1739 φιλοτιμούμενοι
928 1693 995 1737 τὴν
1020 1690 1247 1741 συγγνώμην.
1316 1697 1371 1732 los
1397 1696 1471 1731 dies
1493 1697 1531 1731 et
1570 1705 1688 1730 ormas
1712 1694 1871 1730 scribere
1895 1704 2075 1738 cogamur,
2104 1698 2297 1739 propterea
2320 1703 2402 1728 san-

164 1740 224 1773 ἵνα
255 1741 380 1773 τοίνυν
410 1737 460 1783 μὴ
492 1737 731 1783 ἐνοχλώμεθα
765 1742 848 1784 περὶ
875 1737 1018 1773 τούτων
1049 1737 1143 1773 καθ’
1173 1735 1248 1773 ἑκά·
1318 1742 1450 1785 cimus,
1484 1740 1590 1776 sicuti
1614 1740 1748 1775 dictum
1772 1743 1838 1784 est,
1871 1740 2048 1775 seniorem
2071 1739 2214 1784 quidem
2237 1738 2274 1774 in
2296 1738 2402 1774 Iusti-

164 1796 254 1828 στην
278 1786 339 1818 καὶ
358 1784 490 1818 τύπους
505 1783 658 1831 γράφειν
680 1782 884 1829 αἰτώμεθα,
909 1782 968 1818 διὰ
988 1785 1095 1818 τοῦτο
1115 1784 1248 1820 θεσπί-
1262 1788 1304 1821 35
1317 1786 1425 1823 niano
1461 1786 1615 1831 positam
1656 1785 1787 1821 Codice
1821 1785 1940 1821 valere
1981 1785 2041 1820 hic
2073 1785 2215 1830 quidem
2256 1793 2300 1819 ex
2333 1794 2403 1829 quo

164 1831 283 1875 ζομεν,
313 1826 362 1864 αἱς
385 1829 539 1877 εἴρηται,
571 1828 639 1873 τὴν
661 1831 730 1874 μὲν
753 1832 1004 1877 πρεσβυτέραν
1035 1829 1103 1873 τὴν
1130 1831 1170 1864 ἐν
1193 1830 1247 1873 τῷ
1317 1832 1499 1868 insinuata
1522 1834 1587 1875 est,
1619 1831 1657 1866 in
1681 1830 1872 1876 provinciis
1896 1833 2017 1867 autem
2041 1840 2086 1866 ex
2110 1840 2181 1875 quo
2207 1829 2344 1865 directa
2367 1832 2404 1864 et

159 1873 404 1921 Ἰουστινιανῷ
438 1877 605 1918 κειμένην
635 1872 763 1909 udam
802 1878 949 1923 κρατεῖν
985 1876 1249 1920 ἐνταῦθαυμὲν
1316 1878 1438 1924 palam
1473 1876 1574 1913 facta
1606 1879 1661 1912 est
1692 1876 1731 1912 in
1762 1886 1978 1921 unaquaque
2009 1875 2200 1921 metropoli
2235 1878 2299 1910 aut
2331 1874 2403 1910 alia

164 1920 203 1961 ἐξ
225 1918 267 1954 οὗ
282 1922 429 1967 γέγονεν
452 1919 626 1965 ἐμφανής,
644 1921 691 1975 ,ἐν
714 1922 792 1955 ταῖς
808 1921 996 1966 ἐπαρχίαις
1019 1918 1060 1954 δὲ
1080 1921 1118 1961 ἐξ
1137 1918 1248 1967 οὗπερ
1319 1923 1479 1959 civitate:
1525 1926 1686 1967 tempore
1729 1931 1884 1967 namque
1926 1921 2082 1967 plurimo
2118 1923 2327 1957 transeunte
2367 1924 2404 1955 et

163 1965 406 2019 κατεπέμφθη
437 1968 503 2019 καί
521 1978 659 2020 φανερά
686 1968 835 2022 γέγονεν
860 1965 991 2014 ἑκάστῃ
1016 1967 1095 2020 ταξν
1117 1979 1247 2020 μητρο;
1317 1972 1441 2005 nostro
1466 1967 1597 2005 Codice
1623 1967 1755 2013 ubique
1779 1967 1916 2003 directo
1947 1978 2020 2003 non
2044 1967 2143 2003 recte
2166 1965 2402 2011 ignorabitur.

164 2009 308 2046 πόλεων
330 2025 352 2054 η
371 2014 432 2044 καὶ
450 2023 528 2045 των
548 2010 670 2046 αλλων
690 2010 843 2047 πολεων.
881 2009 1009 2058 χρόνου
1029 2025 1098 2058 γαρ
1120 2022 1248 2054 συχνου
1261 2015 1305 2049 40

164 2055 376 2091 διελθόντος
402 2056 546 2091 ἐκεῖθεν
569 2060 629 2090 καὶ
652 2057 717 2090 τοῦ
740 2053 910 2103 ἡμετέρου
933 2055 1085 2091 κώδικος
1108 2068 1249 2092 παντα-

163 2100 247 2145 χόσε
271 2101 505 2146 πεμφθέντος
529 2098 592 2136 οὐκ
617 2098 663 2136 ἂν
687 2101 832 2136 εἰκότως
864 2100 1041 2149 ἀγνοοῖτο.

163 2147 188 2183 2
240 2146 310 2190 Τὴν
325 2144 366 2180 δὲ
385 2147 511 2193 ἑτέραν
531 2146 598 2190 τὴν
614 2145 811 2190 νεωτάτην,
830 2142 906 2189 ἥτις
926 2149 966 2181 ἐν
981 2150 1060 2182 ταῖς
1072 2148 1164 2191 μετὰ
1183 2147 1250 2183 τὸν
1319 2148 1344 2185 2
1390 2148 1551 2185 Alteram
1575 2158 1658 2185 vero
1683 2148 1871 2192 novellam,
1921 2158 1990 2184 uae
2012 2148 2106 2184 inter
2130 2147 2404 2184 constitutiones

164 2190 303 2227 κώδικα
327 2189 512 2232 διατάξεσι
536 2194 662 2235 κεῖται,
684 2190 752 2234 τὴν
776 2188 969 2238 όρίζουσαν
992 2191 1035 2227 τὸ
1051 2194 1125 2227 τοῖς
1145 2196 1251 2228 παισὶ
1318 2197 1403 2240 post
1438 2193 1606 2230 codicem
1641 2194 1760 2241 posita
1796 2197 1867 2238 est,
1929 2196 2153 2230 coementem
2188 2193 2284 2239 quod
2318 2192 2404 2227 filiis

223 2296 295 2327 cap.
320 2283 345 2316 Ι
348 2295 402 2326 pr.
428 2283 470 2323 (v.
485 2283 505 2317 3
518 2283 603 2326 sqq.)
626 2289 847 2326 arqumentum
868 2290 998 2317 notatur
1020 2280 1114 2317 Ῥοπ.
1130 2284 1182 2326 14,
1195 2291 1228 2318 18
1254 2291 1289 2318 ut
1309 2283 1421 2329 νεαρὰ
1442 2281 1514 2324 ξδ’·

165 2376 286 2408 menta
309 2372 488 2418 facientes
515 2375 552 2408 et
573 2371 801 2406 instituentes
834 2371 947 2415 leqem
977 2371 1114 2407 violare
1146 2372 1346 2407 videantur.
1395 2371 1470 2407 Sed
1500 2376 1541 2407 ut
1571 2383 1630 2408 res
1661 2373 1767 2407 eclam
1798 2374 1931 2408 certius
1962 2374 2178 2416 declaretur,
2209 2374 2404 2416 sancimus,

165 2420 197 2454 si
220 2417 402 2454 scribatur
426 2416 510 2452 talis
533 2415 607 2458 lex,
631 2419 673 2451 ut
694 2415 758 2451 illa
779 2420 865 2462 post
887 2426 1025 2451 menses
1049 2416 1140 2452 duos
1165 2416 1336 2463 temporis
1359 2417 1392 2452 ei
1416 2417 1494 2452 dati
1517 2417 1639 2453 valeat
1661 2420 1696 2453 et
1717 2417 1756 2452 in
1780 2428 1850 2453 usu
1873 2417 1921 2452 sit
1942 2417 2017 2452 sive
2040 2418 2077 2452 in
2102 2417 2172 2453 hac
2189 2418 2293 2464 felici
2315 2418 2404 2454 urbe

167 2464 241 2499 sive
271 2463 311 2497 in
331 2461 551 2509 provinciis,
591 2470 672 2497 cum
695 2465 788 2507 post
815 2460 1098 2497 insinuationem
1130 2460 1199 2497 boc
1234 2465 1373 2508 tempus
1403 2462 1570 2507 sufficiat
1604 2461 1655 2497 ad
1684 2473 1762 2498 eam
1796 2461 1960 2498 omnibus
1990 2463 2222 2509 manifestam
2253 2462 2404 2499 redden-

167 2509 262 2551 dam,
286 2510 328 2543 ut
349 2510 386 2543 et
410 2506 618 2542 tabelliones
642 2506 711 2541 vim
734 2506 811 2541 eius
835 2510 1059 2552 coqnoscant
1080 2509 1114 2542 et
1136 2506 1271 2543 subditi
1295 2506 1444 2542 eandem
1466 2507 1681 2553 intelleqant
1704 2507 1889 2553 leqemque
1909 2512 2060 2544 servent.
2109 2507 2171 2544 Ita
2192 2509 2287 2544 enim
2311 2508 2404 2543 nulli

168 2554 314 2589 omnino
338 2552 529 2589 excusatio
554 2552 623 2588 erit
654 2551 848 2598 quominus
878 2555 1041 2587 nostram
1073 2551 1186 2598 leqem
1216 2551 1406 2587 custodial.
1455 2551 1511 2587 Ne
1538 2563 1581 2588 ue
1605 2553 1698 2588 enim
1729 2553 1986 2599 defunctorum
2018 2553 2223 2589 voluntates
2245 2553 2407 2590 subverti

166 2599 347 2641 volumus,
383 2598 489 2633 immo
520 2596 684 2633 omnibus
708 2596 824 2632 modis
849 2607 999 2643 operam
1023 2596 1151 2632 damus
1173 2600 1214 2632 ut
1235 2601 1340 2632 ratae
1362 2597 1442 2632 sint.
1530 2608 1588 2632 am
1613 2597 1703 2643 quid
1730 2608 1938 2633 accusemus
1961 2608 2025 2634 eos
2055 2599 2121 2644 qui
2168 2599 2404 2645 romulqatio-

167 2656 247 2680 nem
279 2647 489 2679 nostrarum
519 2642 815 2678 constitutionum
845 2642 1079 2688 iqnorarunt,
1111 2642 1178 2678 elsi
1199 2642 1301 2688 forte
1330 2642 1445 2688 paulo
1468 2645 1554 2689 post
1574 2643 1747 2689 scriptam
1774 2643 1907 2689 leqem,
1938 2654 2033 2689 quae
2053 2644 2117 2689 qui
2143 2655 2196 2679 em
2220 2645 2404 2680 etiamtum

166 2691 413 2737 iqnoraretur,
439 2691 650 2723 testamenta
670 2687 841 2733 confecta
861 2687 944 2729 sint,
968 2697 1012 2723 ac
1023 2692 1229 2734 propterea
1252 2687 1325 2733 ipsi
1347 2688 1384 2722 in
1406 2688 1626 2723 testamentis
1650 2692 1715 2724 aut
1733 2688 1881 2723 nomina
1902 2687 2072 2724 heredum
2095 2700 2170 2724 non
2191 2689 2406 2736 scripserint

162 2745 237 2782 pro
265 2735 323 2770 ria
346 2744 455 2769 manu
478 2736 544 2768 aul
566 2732 807 2778 quadrantem
832 2735 971 2768 tantum
1003 2742 1069 2768 nec
1091 2743 1175 2768 vero
1203 2732 1365 2768 trientem
1385 2732 1466 2778 filio
1489 2733 1718 2779 reliquerint,
1750 2732 1834 2769 dum
1859 2734 2087 2780 continqeret
2110 2735 2223 2781 leqem
2253 2735 2310 2771 vel
2332 2746 2405 2770 non

167 2783 187 2817 1
249 2783 347 2816 atam
371 2789 448 2814 esse
471 2777 527 2814 vel
550 2777 714 2823 quamvis
739 2777 849 2813 latam
875 2778 962 2823 quia
986 2777 1144 2813 nondum
1161 2778 1361 2824 proposita
1382 2782 1484 2820 esset,
1510 2779 1588 2813 iure
1615 2778 1793 2825 iqnorari.
1865 2777 2010 2815 Idcirco
2034 2779 2143 2815 etiam
2163 2790 2278 2827 usque
2300 2779 2404 2822 adeo,

169 2835 388 2877 quamquam
410 2824 484 2859 iam
505 2823 657 2868 antiqua
680 2826 735 2859 est
753 2823 962 2858 constitutio
987 2826 1023 2858 et
1044 2823 1083 2858 in
1104 2823 1196 2858 libro
1217 2822 1515 2858 constitutionum
1540 2823 1603 2869 qai
1626 2835 1650 2858 a
1672 2823 1776 2859 nobis
1799 2834 2000 2870 coqnomen
2023 2824 2131 2861 babet
2151 2825 2286 2871 posita,
2311 2835 2406 2871 quae

165 2880 322 2919 propria
345 2879 455 2904 manu
479 2879 607 2904 nomen
632 2867 774 2903 heredis
796 2868 905 2904 scribi
927 2868 1049 2911 iussit,
1082 2871 1200 2904 tamen
1224 2867 1328 2908 multi
1351 2871 1480 2903 contra
1504 2868 1574 2903 vim
1598 2869 1675 2904 eius
1700 2870 1820 2905 testati
1842 2873 1944 2912 sunt,
1982 2879 2062 2905 cum
2085 2870 2302 2917 iqnorarent
2325 2881 2405 2906 eam

170 2916 281 2951 latam
313 2925 389 2950 esse
397 2926 412 2956 ;
440 2917 476 2949 et
505 2924 620 2959 usque
651 2912 770 2948 adhuc
796 2912 885 2948 talia
915 2913 1093 2959 quaedam
1124 2913 1289 2959 neqlecta
1320 2913 1536 2948 nuntiantur
1564 2916 1710 2949 nostrae
1735 2914 1931 2960 potestati,
1966 2925 2105 2961 nosque
2132 2915 2308 2958 omnibus,
2341 2916 2408 2961 qui

169 2961 258 3007 quid
281 2960 358 2995 eius
387 2958 531 3006 qeneris
555 2958 763 3005 petierunt,
796 2958 935 2993 veniam
965 2958 1091 3004 utique
1122 2958 1301 3001 dedimus,
1333 2958 1506 3003 quoniam
1537 2958 1696 2993 nondum
1727 2959 1944 3005 manifestas
1973 2970 2050 2995 esse
2064 2960 2204 3040 fiactas
2234 2971 2298 2996 eas
2321 2971 2405 2996 con-

169 3005 374 3041 stitutiones
398 3003 618 3049 contiqisset,
650 3013 847 3048 sacrasque
871 3003 915 3038 de
939 3003 995 3038 his
1017 3003 1174 3049 fecimus
1196 3003 1402 3050 sanctiones
1424 3002 1557 3038 iustam
1580 3003 1625 3038 iis
1648 3004 1786 3039 veniam
1811 3004 2015 3050 larqientes.
2101 3017 2120 3040 e
2144 3006 2258 3051 iqitur
2281 3005 2326 3041 de
2349 3005 2406 3040 liis

171 3050 301 3086 cotidie
324 3048 488 3084 molestia
512 3048 724 3094 afficiamur
753 3052 790 3083 et
820 3048 1024 3084 sanctiones
1054 3048 1212 3085 scribere
1242 3048 1512 3095 compellamur,
1537 3052 1740 3094 propterea
1763 3049 1963 3092 sancimus,
1993 3050 2089 3086 sicut
2112 3050 2245 3086 dictum
2266 3054 2330 3093 est,
2366 3054 2406 3086 ut

172 3095 360 3140 antiquior
388 3093 453 3128 illa
485 3093 548 3129 lex
577 3093 616 3128 in
647 3091 854 3128 Iustiniano
881 3092 1009 3129 Codice
1036 3094 1163 3140 posita
1195 3093 1315 3130 valeat
1346 3093 1403 3128 liic
1435 3092 1578 3138 quidem
1608 3104 1658 3128 ex
1685 3104 1728 3129 eo
1762 3097 1923 3140 tempore
1953 3105 2026 3140 quo
2054 3094 2242 3141 publicata
2274 3099 2340 3137 est,
2366 3095 2406 3129 in

167 3138 368 3187 provinciis
399 3146 483 3174 vero·
517 3148 567 3174 ex
603 3149 673 3184 quo
712 3138 926 3173 transmissa
960 3141 997 3174 et
1027 3139 1225 3184 manifesta
1258 3139 1366 3185 facta
1401 3144 1455 3174 esc
1488 3138 1681 3183 unicuique
1715 3149 1765 3174 ex
1801 3139 2060 3185 metropolibus
2093 3140 2287 3186 reliquisve
2321 3140 2405 3176 eivi-

174 3184 316 3221 tatibus.
365 3182 459 3218 Nam
483 3186 642 3229 tempore
667 3182 778 3228 lonqo
801 3182 887 3218 inde
909 3186 1042 3218 eaeacto
1068 3194 1112 3218 ac
1136 3187 1261 3219 nostro
1289 3183 1418 3220 Codice
1440 3183 1478 3217 in
1503 3193 1625 3218 omnes
1652 3188 1782 3229 partes
1809 3184 1919 3219 misso
1944 3195 2019 3220 non
2042 3189 2138 3220 recte
2161 3184 2403 3231 iqnorabitur.

172 3230 197 3266 2
242 3229 370 3264 Altera
393 3237 478 3264 vero
502 3227 717 3271 novissima,
749 3238 843 3273 quae
872 3228 968 3263 inter
992 3228 1266 3264 constitutiones
1291 3231 1381 3276 post
1407 3227 1570 3264 Codicem
1594 3226 1710 3263 editas
1726 3228 1854 3275 posita
1877 3232 1942 3271 est,
1975 3240 2069 3275 quae
2092 3229 2218 3275 desinit
2245 3229 2286 3265 id
2307 3230 2407 3276 quod

221 3324 237 3355 1
263 3318 429 3353 τιθέντες
448 3321 508 3352 καὶ
533 3331 591 3351 om.
606 3319 703 3353 LBe
719 3318 731 3362 ΙΙ
759 3320 778 3351 2
800 3319 854 3351 ἔτι
876 3332 934 3351 om.
948 3319 1018 3351 LB
1035 3320 1047 3362 ΙΙ
1073 3318 1255 3361 cnei-ecus]
1375 3322 1391 3354 1
1413 3320 1589 3362 priuariR
1616 3319 1629 3363 ΙΙ
1660 3321 1680 3352 2
1706 3320 1930 3352 declararetur
1954 3320 1986 3352 R
2010 3320 2021 3363 ΙΙ
2051 3322 2073 3354 4
2098 3321 2144 3353 εἰει
2170 3322 2203 3354 V
2217 3322 2230 3364 ss
2259 3323 2406 3363 tempore

173 3363 305 3407 ταύτης
339 3366 415 3398 add.
441 3364 492 3397 B⁰
519 3363 532 3408 ΙΙ
563 3365 581 3397 7
615 3362 678 3396 τοῦ
706 3359 835 3407 χρόνου
867 3359 997 3396 τούτου
1021 3364 1053 3397 L
1081 3363 1094 3408 ΙΙ
1124 3367 1144 3399 9
1167 3378 1256 3407 μαν-
1335 3364 1386 3398 V¹
1402 3364 1414 3408 1}
1442 3365 1462 3398 6
1486 3363 1711 3397 insinuatione
1733 3365 1787 3408 Vn
1815 3367 1832 3398 7
1858 3364 2030 3397 manifeste
2049 3364 2147 3409 RVH
2176 3367 2217 3400 10
2241 3365 2406 3398 custodiat

173 3408 398 3445 θαννόντων
424 3408 467 3442 Μ
496 3407 502 3452 Ι
538 3409 576 3443 11
603 3406 716 3451 νόμον
740 3405 933 3452 φυλάττειν
958 3408 1047 3453 ΜΒ]
1085 3407 1256 3453 φυλάσσε-
1326 3411 1411 3453 vulq.
1428 3408 1440 3449 ΙΙ
1463 3410 1502 3442 15
1524 3409 1787 3450 *praecesserint
1806 3410 1884 3444 RV
1900 3410 2098 3442 decesserint
2113 3409 2222 3454 vulq}
2257 3412 2299 3445 16
2323 3412 2405 3444 scri-

175 3455 269 3490 σθαι
292 3453 404 3499 νόμον
427 3454 460 3487 L
494 3453 499 3498 Ι
534 3454 574 3487 19
597 3447 631 3495 ἢ]
655 3455 714 3485 aut
739 3453 837 3485 etiam
863 3465 882 3489 ς
909 3453 921 3497 ΙΙ
953 3455 997 3486 24
1019 3450 1085 3496 ἤδη
1110 3467 1167 3489 om.
1194 3467 1213 3491 ς
1324 3456 1463 3497 pserunt
1488 3454 1537 3487 ed.
1545 3465 1600 3497 pr.
1619 3453 1631 3497 ΙΙ
1656 3457 1695 3488 17
1715 3455 1815 3487 etiam
1839 3455 1961 3488 0711.Ιίι
1980 3456 1992 3498 ΙΙ
2016 3455 2124 3487 unciis
2147 3455 2196 3487 R¹
2229 3455 2234 3498 Ι
2261 3457 2302 3490 18
2327 3455 2405 3489 reli-

176 3502 218 3535 35
233 3499 427 3543 αἰτώμεθα
437 3499 635 3538 Zachariae]
649 3496 853 3540 αἰτούμεθα
865 3499 906 3531 M
912 3497 1121 3543 (αἰτοίμεθα
1134 3501 1247 3545 ναῖς.)
1326 3499 1461 3540 querint
1473 3500 1571 3542 vulq]
1589 3498 1799 3540 reliquerunt
1812 3500 2059 3541 (relinquerunt
2077 3500 2122 3542 V)
2135 3500 2213 3534 libri
2225 3500 2238 3544 ΙΙ
2255 3500 2335 3534 filiis
2347 3501 2380 3534 R
2393 3501 2406 3543 ΙΙ

176 3547 218 3580 37
243 3543 377 3579 nasama
403 3545 468 3578 Ma
492 3543 505 3587 ΙΙ
531 3545 570 3577 41
600 3542 742 3576 ἐκεῖθεν
764 3556 824 3577 om.
851 3555 870 3580 ς
1328 3546 1368 3578 19
1393 3543 1560 3585 contingit
1583 3544 1765 3587 (contingit
1788 3547 1847 3578 aut
1870 3546 2011 3587 positam
2037 3546 2085 3578 bis
2107 3546 2183 3587 scr.)
2206 3545 2254 3578 R¹
2282 3545 2295 3591 ΙΙ
2318 3556 2356 3579 eo
2378 3546 2412 3579 V

155 3600 157 3602 ’
1323 3590 1422 3632 υιιῖ9.]
1447 3599 1487 3621 ex
1511 3599 1549 3621 eo
1572 3588 1642 3623 RT
1662 3589 1674 3633 ΙΙ
1700 3591 1743 3624 26
1758 3590 1903 3623 uirtutes
1919 3590 1968 3623 13¹
1984 3589 1996 3633 ΙΙ
2022 3591 2063 3624 27
2081 3589 2230 3634 latiolfim
2248 3591 2320 3633 (sic)
2343 3591 2378 3624 V

1323 3633 1405 3666 talia
1422 3633 1473 3666 R²
1487 3634 1521 3667 in
1539 3646 1605 3668 ras.
1631 3633 1644 3678 ΙΙ
1673 3636 1715 3669 28
1739 3635 1911 3678 potestatis
1934 3635 1983 3668 R²
2011 3634 2024 3678 ΙΙ
2055 3636 2097 3669 29
2122 3635 2277 3669 dedemus
2310 3636 2363 3669 Va

1324 3680 1367 3712 30
1383 3678 1607 3713 manifestasse
1627 3680 1785 3713 eueniant
1805 3680 1860 3724 Vll
1878 3682 1919 3714 31
1940 3680 2079 3713 sormam
2100 3679 2150 3713 R¹
2166 3680 2179 3725 ss
2195 3681 2323 3713 iuxtam
2346 3681 2404 3724 Vu

1322 3723 1500 3766 largientes
1519 3724 1691 3758 uenientes
1711 3726 1843 3758 ueniam
1868 3725 1920 3758 R⁰
1942 3724 1957 3769 ss
1985 3727 2027 3760 38
2049 3725 2187 3760 ciuitate
2212 3739 2273 3761 om.
2297 3726 2331 3760 V
