2618 4010
272 124 380 168 Nov.
409 123 510 167 XIV

273 234 409 278 ταύτην
423 233 463 269 τ’
507 229 664 280 μεγάλην
680 227 989 277 ἁμαρτανομένων
1008 230 1126 275 πόλιν,
1142 229 1185 267 τὸ
1200 232 1349 279 πρᾶγμα

272 277 313 314 οὗ
336 292 437 324 περιε
474 291 572 322 ομεν.
608 275 795 324 Ἐγνωμεν
812 275 881 324 γάρ
900 288 1000 312 τινας
1023 277 1088 321 ζῆν
1105 277 1174 321 μὶν
1193 272 1347 319 ἀτόπως,

272 326 310 358 ἐκ
335 322 375 358 δὲ
399 324 528 358 αἰτιῶν
548 320 719 365 χαλεπῶν
741 334 782 357 τε
803 323 864 356 καὶ
883 325 1137 367 μεμισημένων
1161 319 1349 368 πρόφασιν

272 369 408 403 ἑαυτοῖς
428 368 572 414 μιαρῶν
594 366 807 413 ἐξευρίσκων
836 365 990 414 κερδῶν·
1023 368 1249 412 περινοστεῖν
1279 364 1348 414 γὰρ

271 413 389 458 χώρας
418 426 458 447 τε
490 415 550 446 καὶ
579 410 714 448 τόπους
743 410 895 448 πολλοὺς
924 415 983 446 καὶ
1007 414 1089 445 νέας
1119 409 1271 446 ἐλεεινὰς
1293 409 1346 446 δε-

271 455 420 501 λεάζςιν,
463 459 758 505 προτεινομένους
790 453 1004 511 ὑποδήματά
1037 469 1077 491 τε
1112 459 1172 490 καὶ
1207 453 1346 500 ἐσθῆτά

270 516 370 544 τινα,
400 506 461 537 καὶ
491 499 631 538 τούτοις
660 502 714 556 θη
738 500 832 537 εύειν
862 501 969 536 αυτὰς
999 504 1058 535 καὶ
1088 498 1187 547 ἄγειν
1210 501 1259 536 εἰς
1280 499 1348 544 τὴν

270 545 466 592 εὐδαίμονα
495 547 633 591 ταύτην
664 561 713 583 πο
750 561 773 582 ν
801 549 860 581 καὶ
891 549 984 588 ἔχειν
1015 545 1277 593 καθειργμένας
1308 547 1347 580 ἐν

269 595 347 627 ταῖς
369 592 511 627 ἑαυτῶν
534 605 681 640 καταγω
705 596 760 646 αῖς
791 595 850 626 καὶ
881 591 1012 637 τροφῆς
1044 587 1168 625 αὖταῖς
1198 589 1348 634 ἐλεεινῆς

1355 116 1433 166 106

2159 135 2219 168 ΒΕ
2247 135 2496 171 mnomnus

1416 241 1495 268 rum
1523 231 1712 276 impiarum
1768 242 1808 268 ro
1839 233 1971 270 talibus
2002 234 2154 279 negotiis
2183 235 2221 270 in
2245 235 2315 271 hac
2337 234 2489 271 maxima

1417 275 1561 330 civitate
1586 242 1783 329 commisgs
1813 286 1958 325 causam
1987 289 2061 315 non
2090 280 2152 316 des
2177 280 2322 317 eximus.
2367 280 2489 325 Agno-

1415 332 1527 358 vimus
1553 331 1645 356 emm
1669 320 1840 400 chuosdam
1855 322 1970 359 vivere
1989 323 2130 370 quidem
2174 324 2279 369 licite,
2303 334 2348 361 ex
2371 324 2488 361 causis

1415 369 1533 402 autem
1567 364 1676 419 crude
1693 365 1771 418 ‘bus
1802 368 1839 402 et
1856 366 1986 403 odiosis
2018 369 2240 405 occasionem
2264 369 2404 406 sibimet
2423 379 2487 404 ne·

1383 414 1403 447 5
1416 410 1606 446 fundorum
1628 420 1786 446 invenire
1808 411 1988 448 lucrorum
2039 418 2075 449 et
2107 414 2256 450 circuire
2288 414 2488 460 provincias

1415 460 1451 492 et
1483 455 1562 509 loca
1591 454 1745 500 plurima
1767 458 1809 509 ‘et
1838 439 2044 494 iuvenculas
2073 458 2294 495 miserandas
2324 459 2488 504 decipere

1442 502 1664 535 romlttentes
1688 501 1919 536 calciamenta
1942 505 1978 537 et
1999 503 2207 539 vestimenta
2231 505 2420 549 quaedam,
2453 507 2488 537 et

1440 545 1470 581 is
1493 545 1615 581 venari
1637 554 1699 580 eas
1724 547 1760 581 et
1783 545 1958 581 deducere
1986 546 2033 582 ad
2061 547 2154 583 hanc
2175 549 2412 584 felicissimam
2437 548 2487 583 ci-

1414 589 1559 626 vitatem
1582 592 1620 625 et
1642 589 1776 626 habere
1800 591 2011 627 constitutas
2039 591 2077 628 in
2106 593 2181 629 suis
2204 594 2487 629 habitationibus

269 634 506 682 μεταδιδόναι
536 639 596 672 καὶ
620 639 661 671 έσ
693 648 843 690 ῃματος,
875 639 934 669 καὶ
966 635 1140 670 ἐντεῦθεν
1164 633 1347 670 ἐκδιδόναι
1363 638 1403 671 10
1416 638 1452 671 et
1476 635 1592 671 cibum
1615 635 1667 670 eis
1691 635 1929 671 miserandum
1952 635 2038 672 dare
2060 639 2097 672 et
2114 639 2246 673 vestem
2263 642 2300 673 et
2320 638 2487 683 deinceps

270 681 359 739 πρὸς
394 680 482 717 ἀσέλ
504 695 583 717 ειαν
614 679 722 717 αὐτας
754 684 825 717 τοῖς
855 680 1097 725 βουλομένοις·
1134 684 1193 715 καὶ
1225 679 1347 715 πάντα

270 740 385 774 πορον
411 726 468 762 ἅθ’
503 740 547 762 ον
570 729 610 761 ἐκ
632 728 696 762 τοῦ
727 724 893 770 σώματος
917 723 1041 760 αὐτῶν
1069 724 1347 779 προςγινόμενον

271 770 398 807 αὐτοὺς
421 771 627 818 λαμβάνειν,
659 775 719 806 καὶ
743 771 932 807 ποιεῖσθαι
955 768 1174 818 συγγραφάς,
1208 782 1255 805 ως
1285 773 1345 806 ἐπὶ

269 814 411 864 χρόνον,
425 815 487 871 ,ὃν
516 815 635 852 αὐτοῖς
665 815 797 858 δόξειε,
829 813 1122 863 προςεδρεύσουσι
1143 815 1211 859 τὴν
1234 815 1346 861 ἀσεβῆ

1415 679 1556 716 tradere
1579 680 1625 716 ad
1648 680 1824 715 luxuriam
1849 690 1909 716 eas
1926 680 2136 726 volentibus,
2160 686 2197 718 et
2218 693 2356 719 omnem
2379 693 2486 737 quae-

1414 729 1508 762 stum
1527 725 1761 761 miserabilem
1781 736 1823 760 ex
1843 735 1990 770 corpore
2008 736 2129 761 earum
2148 727 2374 764 accedentem
2387 738 2486 773 ipsos

1414 770 1578 816 accipere
1603 774 1638 807 et
1661 771 1843 806 celebrare
1867 771 2166 816 conscriptiones,
2199 773 2283 818 quia
2305 783 2418 825 usque
2442 773 2486 807 ad

1413 819 1571 861 tempus,
1605 815 1699 861 quod
1719 816 1769 850 eis
1793 815 1984 860 placuerit,
2017 816 2257 852 observabunt
2283 817 2429 863 impiam
2454 821 2489 852 et

269 875 310 897 τε
332 865 392 897 καὶ
414 867 566 897 ανοσίαν
583 860 719 905 ταύτην
743 858 860 912 αὐτοῖς
883 859 1104 914 λειτουργίαν
1121 859 1343 914 (πληροῦσαν
1365 864 1399 896 15
1414 861 1599 897 scelestam
1623 862 1714 895 hanc
1734 861 1952 896 functionem
1975 860 2178 906 implentem
2211 862 2382 906 quasdam
2403 872 2487 897 vero

208 935 211 937 —
269 906 370 942 τινὰς
392 905 433 941 δὲ
456 904 579 941 αὐτῶν
601 910 661 940 καὶ
693 908 860 959 ἐγγυηταΙς
881 909 1059 940 απαιτεῖν.
1108 918 1196 941 ωςτε
1218 904 1344 941 τοσαύ-

269 965 337 996 την
366 952 541 1000 γενέσθαι
575 950 642 994 τὴν
676 964 740 985 του
777 962 986 997 πραγματος
1020 947 1187 994 ἀτοπίαν,
1225 948 1271 986 ὠς
1306 953 1346 986 έν

270 995 367 1054 πάσζ]
397 995 596 1051 σχεδὸν,τέη”
625 993 786 1049 βασιλίδι
820 993 935 1049 ταύτῃ
971 995 1073 1031 πόλει
1108 998 1168 1030 καὶ
1201 997 1241 1031 ἐν
1275 1000 1346 1031 τοῖς

269 1054 473 1097 περαμξισιν
501 1052 623 1096 αυτης,
657 1044 716 1074 καὶ
746 1054 788 1075 το
815 1038 864 1094 δη
894 1044 1073 1088 χείριστον
1103 1044 1163 1075 καὶ
1193 1039 1347 1085 πλησίον

1413 916 1533 942 earum
1570 906 1677 941 etiam
1711 905 1936 941 fideiussores
1973 910 2148 950 expetere.
2202 906 2252 941 Et
2282 907 2318 942 iu
2350 911 2487 943 tantum

1413 951 1606 997 procedere
1629 950 1790 986 illicitam
1813 951 2004 993 actionem,
2037 954 2078 985 ut
2106 951 2202 986 omni
2224 961 2338 996 paene
2359 952 2397 987 in
2419 952 2488 986 hac

1413 996 1512 1040 regia
1537 996 1678 1031 civitate
1712 998 1748 1031 et
1777 996 1814 1031 in
1837 996 2086 1031 transmarinis
2110 995 2186 1031 eius
2209 996 2296 1032 locis
2320 1000 2356 1032 et
2379 1001 2391 1038 (
2416 998 2487 1032 uod

1415 1041 1571 1076 deterius
1596 1043 1662 1083 est)
1692 1041 1793 1076 iuxta
1824 1041 2065 1076 sacratissima
2094 1041 2175 1076 loca
2204 1043 2241 1076 et
2271 1051 2398 1077 venera
2424 1041 2488 1076 iles

269 1101 347 1122 των
382 1087 490 1142 ιερῷν
524 1099 651 1121 rconcam
682 1088 742 1119 καὶ
776 1098 856 1119 των
891 1085 1201 1140 σεβασμιωτάτων
1237 1087 1347 1121 οἴκων
1360 1089 1401 1122 20
1415 1087 1538 1122 domos
1570 1086 1659 1122 tales
1691 1086 1761 1122 sint
1784 1086 2041 1128 habitationes,
2072 1088 2109 1121 et
2131 1095 2262 1121 causae
2285 1086 2338 1122 sic
2360 1086 2488 1131 impiae

268 1133 329 1166 τὰς
351 1143 519 1166 τοιαυτας
543 1129 661 1165 αὐτοῖς
692 1130 786 1165 εἶναι
809 1142 1037 1177 καταγωγας·
1071 1134 1130 1165 καὶ
1154 1129 1347 1179 πράγματα

268 1174 383 1211 οὕτως
414 1173 526 1221 ἀσεβῆ
555 1179 615 1210 καὶ
646 1174 839 1221 παράνομα
870 1177 930 1210 ἐπὶ
953 1177 1030 1210 τῶν
1063 1173 1246 1223 ἡμετέρων
1268 1176 1346 1211 τολ-

267 1222 411 1267 μᾶσθαι
431 1219 584 1267 χρόνων,
608 1217 696 1255 ὥςτε
717 1225 780 1254 καί
800 1232 902 1255 τινας
927 1220 1112 1256 ἐλεοῦντας
1137 1221 1244 1257 αὐτὰς
1263 1218 1346 1256 ἀνα-

268 1268 399 1319 στῆσαι
421 1268 483 1310 τῆς
506 1268 673 1319 ἐρχασίας
693 1264 825 1309 ταύτης
847 1264 1014 1301 πολλάκις
1034 1265 1264 1310 βουληθῆναι
1287 1270 1346 1301 καὶ

1415 1135 1450 1167 et
1473 1131 1615 1176 iniquae
1641 1130 1708 1166 sub
1732 1131 1863 1166 nostris
1887 1131 2106 1177 temporibus
2130 1133 2415 1176 praesumantur,
2438 1132 2489 1166 ita

1415 1180 1456 1212 ut
1487 1177 1593 1211 etiam
1624 1176 1795 1221 quosdam
1818 1177 2026 1212 miserantes
2052 1186 2172 1211 earum
2205 1180 2241 1212 et
2265 1176 2443 1211 abducere
2465 1186 2488 1211 a

1415 1222 1477 1257 tali
1502 1221 1708 1266 operatione
1732 1222 1857 1256 crebro
1881 1222 2039 1257 volentes
2068 1226 2104 1256 et
2136 1221 2180 1256 ad
2210 1221 2403 1265 legitimum
2427 1221 2486 1256 de-

1415 1267 1546 1302 ducere
1568 1267 1830 1302 matrimonium
1854 1277 1927 1302 non
1953 1266 2119 1302 sinerent.
2167 1266 2347 1310 Quosdam
2370 1269 2489 1301 autem

268 1324 357 1358 προς
379 1312 533 1356 νόμιμον
555 1311 712 1368 αγεσθαι
740 1314 970 1353 συνοικέσιον,
1002 1311 1082 1346 τοὺς
1105 1310 1144 1346 δὲ
1167 1310 1231 1346 οὐκ
1254 1314 1345 1369 equs·
1360 1315 1401 1347 25
1414 1312 1467 1348 sic
1491 1312 1663 1348 scelestos
1687 1312 1849 1353 existere,
1873 1316 1913 1346 ut
1936 1312 2070 1356 puellas
2096 1321 2162 1346 nec
2187 1311 2361 1347 decimum
2381 1321 2488 1356 agen-

268 1370 340 1391 ναι.
397 1358 510 1391 ἐνίους
543 1354 583 1390 δε
620 1353 734 1390 οὕτως
773 1353 935 1390 ἀνοσίους
971 1354 1216 1399 καθεστάναι,
1259 1357 1347 1391 ω’ςτε

268 1400 374 1448 κόρας
405 1399 488 1436 οὐδὲ
523 1401 589 1436 τὸν
619 1400 768 1444 δεκαετῆ
805 1398 959 1448 ἀγούσας
989 1401 1155 1437 ἐνιαυτὸν
1186 1403 1234 1436 εἷς
1271 1404 1345 1436 ἐπι-

268 1445 436 1482 κίνδυνον
467 1445 635 1494 κατάγειν
659 1445 816 1494 φθοράν.
864 1443 952 1481 ὥςτε
981 1450 1044 1481 καί
1072 1458 1171 1481 τινας
1201 1451 1346 1492 χρυσίον

269 1490 399 1527 δόντας
419 1490 460 1526 οὗ
478 1496 627 1545 μέτριον
645 1490 746 1535 μόλις
763 1492 906 1526 ἐκεῖθεν
925 1490 1184 1535 ἐξωνήσασθαι
1205 1492 1267 1526 τὰς
1284 1506 1345 1526 τα-

1414 1360 1467 1392 tes
1492 1366 1624 1391 annum
1640 1356 1687 1392 ad
1702 1356 1939 1401 periculosam
1964 1356 2182 1402 deponerent
2206 1356 2486 1401 corruptionem;

1415 1405 1452 1437 et
1469 1402 1641 1447 quosdam
1665 1411 1790 1436 aurum
1814 1401 1938 1437 dantes
1961 1412 2035 1437 non
2056 1412 2204 1446 parvum
2219 1401 2278 1437 vix
2300 1401 2383 1437 inde
2405 1402 2486 1436 red-

1414 1447 1541 1483 emisse
1571 1446 1738 1489 miseras,
1770 1449 1807 1482 et
1834 1446 1969 1491 nuptiis
2000 1447 2188 1491 copulasse
2220 1447 2341 1482 castis.
2395 1446 2487 1482 Esse

1414 1492 1522 1527 etiam
1552 1492 1668 1527 decies
1693 1491 1804 1527 milies
1833 1491 1974 1534 modos,
2008 1502 2096 1536 quos
2126 1491 2245 1526 nullus
2269 1492 2489 1536 praevaleret

269 1535 388 1572 λαιπώ
413 1548 471 1571 ους
492 1539 552 1571 καὶ
575 1550 678 1583 γαμῳ
711 1535 933 1591 συναρμόσαι
956 1535 1130 1593 σαόφρονα
1178 1540 1238 1571 καὶ
1265 1537 1344 1583 τρό-
1359 1540 1401 1572 30
1415 1547 1575 1573 sermone
1605 1536 1920 1581 comprehendere,
1957 1547 2037 1571 cum
2067 1537 2115 1572 ad
2139 1536 2313 1571 infinitam
2337 1536 2488 1572 crudeli·-

269 1593 356 1618 πους
379 1595 395 1616 ε
411 1596 472 1616 ναι
493 1596 541 1625 μυ
565 1586 652 1623 ιὀυς,
677 1579 735 1616 οὓς
758 1594 821 1615 ουκ
844 1596 889 1615 αν
912 1594 965 1616 τις
989 1594 1143 1624 ισχυσειε
1166 1581 1260 1629 λόγῳ
1285 1595 1344 1617 πε-

268 1626 441 1673 ριλαβεῖν,
471 1628 520 1661 εἰς
543 1596 665 1670 δεινὴν
687 1624 876 1672 ἀοριστίαν
899 1627 1149 1669 ἐξενεχθέντος
1178 1629 1242 1662 τοῦ
1275 1641 1345 1662 τοι·

268 1671 375 1707 ούτου
397 1673 523 1714 κακοῦ,
557 1670 604 1706 ὠς
634 1670 811 1717 πρότερον
833 1673 899 1715 μὲν
929 1674 968 1706 ἐν
998 1671 1195 1715 ἐλαχίστοις
1224 1676 1345 1720 μέρεσι

267 1717 329 1761 τῆς
351 1716 489 1752 πόλεως
506 1717 609 1758 εἶναι,
633 1719 700 1751 νῦν
725 1715 763 1751 δὲ
783 1715 895 1760 αὐτήν
917 1730 957 1751 τε
979 1720 1038 1751 καὶ
1062 1717 1107 1751 τὰ
1131 1720 1213 1764 περὶ
1233 1717 1346 1761 αὐτὴν

1414 1586 1524 1618 tatem
1558 1581 1769 1627 perductum
1803 1582 1850 1617 sit
1884 1582 1956 1617 tale
1990 1582 2139 1616 malum:
2181 1582 2232 1616 ita
2266 1586 2307 1617 ut
2338 1581 2488 1626 primum

1414 1627 1555 1672 quidem
1589 1627 1628 1662 in
1669 1626 1801 1662 ultimis
1841 1627 2004 1672 partibus
2046 1626 2197 1662 civitatis
2233 1630 2348 1667 esset,
2393 1636 2488 1661 nunc

1414 1676 1532 1707 autem
1567 1675 1602 1707 et
1627 1672 1706 1717 ipsa
1729 1675 1765 1706 et
1788 1681 1878 1717 quae
1902 1671 1999 1707 circa
2022 1682 2099 1706 eam
2130 1674 2215 1707 sunt
2244 1671 2361 1707 omnia
2383 1672 2488 1716 plena

1413 1718 1538 1753 talium
1570 1718 1642 1753 sint
1671 1717 1856 1752 malorum.
1903 1716 2002 1752 Haec
2036 1717 2145 1761 igitur
2180 1716 2312 1751 dudum
2347 1717 2489 1762 quidem

267 1758 415 1798 ἅπαντα
430 1761 547 1807 μεστὰ
568 1763 647 1796 τῶν
664 1760 840 1796 τοιούτων
858 1762 1034 1817 γενέσθαι
1052 1764 1185 1797 κακῶν.
1227 1764 1345 1797 Ταῦτα
1359 1766 1400 1798 35
1414 1763 1541 1807 aliquis
1565 1762 1668 1798 nobis
1693 1765 1830 1797 secrete
1850 1761 2077 1804 denuntiavit,
2103 1761 2229 1797 deinde
2250 1761 2358 1797 etiam
2375 1771 2490 1806 nuper

266 1810 391 1842 τοίνυν
410 1820 440 1843 π
464 1806 541 1851 ώην
557 1810 624 1851 μέν
646 1819 700 1841 τις
714 1804 798 1851 ἡμῖν
815 1808 855 1841 ἐν
875 1806 1067 1854 απορρήτῳ
1086 1807 1344 1855 προςήγγειλεν,

267 1853 347 1887 εἶτα
357 1821 575 1906 καὶὶὲςναγχος
587 1851 622 1886 οἱ
637 1851 1016 1909 μεγαλοπρεπέστατοι
1033 1857 1235 1910 πραίτξορες
1250 1850 1338 1906 παρ’

268 1895 371 1942 ἡμῶν
393 1910 439 1932 τα
455 1910 607 1932 τοιαυτα
629 1898 821 1940 αναζητεῖν
839 1899 1096 1943 ἐπιτραπέντες
1113 1911 1204 1932 αυτα
1227 1911 1344 1932 ταυτα

267 1943 315 1977 εἰς
335 1939 423 1987 ἡμᾶς
445 1940 588 1996 ἤγαγον.
630 1938 767 1996 ἅμαιτε
790 1935 854 1976 οὖν
873 1941 1075 1998 ἠκούσαμεν
1097 1943 1250 1984 τούτων,
1275 1940 1342 1986 ᾠή-

1413 1807 1753 1852 magnificentissimi
1782 1810 1968 1852 praetores
2001 1817 2024 1842 a
2053 1807 2156 1842 nobis
2191 1807 2278 1841 talia
2310 1807 2490 1851 requirere

1410 1852 1594 1897 praecepti
1631 1853 1721 1887 haec
1758 1852 1882 1887 eadem
1913 1851 1960 1887 ad
1991 1862 2057 1887 nos
2085 1852 2301 1887 retulerunt:
2338 1861 2489 1896 moxque

1413 1898 1610 1933 audivimus
1649 1900 1685 1932 et
1719 1897 1951 1933 iudicavimus
1987 1900 2153 1941 oportere
2189 1897 2254 1932 deo
2287 1896 2488 1932 huiusmodi

1413 1943 1658 1978 commendare
1682 1952 1826 1977 causam
1851 1947 1887 1977 et
1909 1942 2077 1978 velociter
2099 1942 2252 1978 liberare
2274 1941 2339 1977 tali
2358 1942 2489 1977 scelere

267 1988 389 2032 θημεν
415 2000 544 2035 χρηναι
571 1987 652 2031 θεῷ
681 2000 748 2030 την
782 1985 955 2030 τοιαύτην
985 1987 1181 2041 αναθεῖναι
1211 1987 1343 2034 πρᾶξιν
1355 1991 1399 2023 40
1416 1989 1601 2023 civitatem.

266 2035 328 2067 καὶ
354 2033 497 2067 θ’ἆττον
533 2030 736 2072 ἀπαλλάξαι
769 2029 899 2076 μύσους
928 2031 1094 2066 τοιούτου
1123 2046 1190 2075 την
1225 2031 1343 2068 πόλιν.

268 2079 287 2112 1
335 2079 559 2121 Θεσπίζομεν
593 2080 717 2111 τοίνυν
746 2076 884 2112 πάντας
917 2079 994 2121 μὲν,
1026 2074 1117 2111 καθ’
1155 2074 1242 2111 ὅσον
1277 2078 1345 2111 εἰσὶ

1412 2080 1433 2113 1
1479 2077 1665 2112 Sancimus
1700 2077 1807 2122 igitur
1838 2087 1960 2112 omnes
1993 2077 2134 2121 quidem
2163 2077 2359 2112 secundum
2393 2077 2489 2123 quod

267 2190 349 2232 bus,
381 2201 475 2237 quac
497 2201 547 2226 ea:
570 2189 745 2225 eiusmodi
768 2190 888 2225 causis
910 2190 949 2225 in
971 2190 1040 2225 hac
1065 2201 1200 2236 maqna
1222 2190 1311 2226 urbe
1335 2191 1617 2232 committuntur,
1649 2200 1727 2225 eam
1756 2200 1832 2225 rem
1860 2199 1934 2224 non
1958 2188 2195 2239 negleximus.
2246 2189 2489 2235 Comperimus

267 2236 359 2271 enim
382 2246 475 2278 esse,
508 2235 571 2280 qui
594 2245 675 2270 cum
698 2234 860 2280 improbe
890 2235 1029 2277 vivant,
1063 2239 1136 2270 tum
1165 2246 1215 2271 ex
1243 2235 1416 2281 qravibus
1446 2239 1555 2280 atque
1584 2234 1709 2270 exosis
1739 2233 1859 2269 causis
1890 2243 2113 2269 occas-ionem
2144 2233 2285 2280 nefarii
2305 2234 2398 2268 lucri
2420 2235 2490 2268 sibi

266 2281 471 2328 reperiant:
504 2279 671 2315 nimirum
702 2279 891 2315 circumire
917 2290 979 2315 eos
1008 2280 1220 2331 provincias
1242 2286 1276 2315 et
1305 2279 1387 2315 loca
1410 2279 1541 2321 multa,
1573 2289 1618 2314 ac
1645 2279 1796 2314 miseras
1818 2278 1966 2325 puellas
1992 2278 2155 2314 inescare
2182 2278 2432 2314 calceamentis
2453 2284 2489 2315 et

266 2326 474 2362 vestimento
498 2324 711 2370 promissis,
741 2323 867 2376 lzisque
889 2335 1013 2360 venari
1045 2335 1109 2360 eas
1137 2328 1174 2360 et
1203 2324 1253 2360 ad
1282 2324 1377 2360 hanc
1401 2324 1546 2370 felicem
1577 2323 1700 2359 urbem
1731 2323 1907 2359 deducere
1935 2333 1980 2358 ac
2004 2327 2124 2359 tenere
2148 2323 2309 2359 inclusas
2327 2324 2366 2358 in
2395 2324 2403 2331 '
2428 2335 2485 2359 so-

266 2382 347 2406 rum
372 2369 586 2406 deversoriis
608 2373 645 2405 et
665 2368 781 2404 cibum
805 2369 851 2403 ais
873 2370 1041 2404 miserum
1063 2373 1101 2405 et
1127 2373 1257 2406 vestem
1278 2369 1453 2416 praebere
1482 2368 1636 2421 indeque
1660 2368 1710 2403 ad
1738 2367 1916 2403 libidinem
1939 2378 2003 2403 eas
2035 2367 2179 2403 tradere
2202 2368 2314 2404 cuivis
2337 2335 2489 2404 volgati:

266 2419 376 2462 atque
398 2425 535 2450 omnem
558 2418 746 2460 quaestum
769 2413 902 2449 malum
925 2425 975 2450 ex
997 2425 1153 2461 corpore
1174 2414 1320 2450 illarum
1342 2414 1549 2450 redeuntem
1571 2425 1583 2448 ι
1610 2424 1673 2449 sos
1701 2413 1883 2465 accipere,
1919 2416 1956 2448 et
1977 2411 2200 2464 synqrapkis
2221 2413 2337 2458 factis
2359 2424 2489 2459 coqere

266 2471 327 2496 eas
348 2461 388 2495 in
413 2464 480 2507 tem
507 2470 563 2502 us,
585 2458 685 2505 quod
706 2459 720 2493 i
745 2459 796 2494 sis
813 2459 1009 2506 placuerit,
1033 2459 1181 2495 assiduo
1205 2460 1353 2506 impium
1378 2459 1447 2495 lzoc
1469 2463 1506 2495 et
1525 2469 1584 2494 sce
1599 2457 1712 2494 esium
1734 2458 1970 2493 ministerium
1991 2457 2058 2493 sibi
2081 2462 2294 2504 praestare;
2313 2458 2488 2504 quosdam

266 2517 350 2542 vero
374 2504 419 2540 ab
441 2505 470 2539 il
483 2505 516 2539 is
537 2505 646 2540 etiam
664 2504 694 2549 fi
720 2504 899 2540 eiussores
921 2504 1079 2551 exiqere.
1134 2503 1232 2540 Unde
1264 2509 1400 2540 tantam
1425 2504 1480 2541 rei
1502 2504 1656 2540 evasisse
1678 2503 1954 2545 immanitatem,
1985 2506 2027 2538 ut
2051 2513 2121 2549 per
2145 2507 2258 2538 totam
2283 2502 2365 2548 sere
2395 2502 2489 2539 lianc

265 2562 307 2586 re
333 2551 405 2586 iam
428 2549 551 2585 urbem
574 2554 611 2585 et
638 2549 678 2584 in
701 2549 909 2585 traiectibus
930 2549 1026 2592 eim,
1055 2549 1224 2596 quodque
1246 2550 1444 2596 pessimum
1464 2553 1538 2591 est,
1571 2549 1678 2585 etiam
1700 2559 1819 2594 prope
1842 2548 1923 2583 loca
1949 2558 2058 2583 sacra
2081 2551 2118 2583 et
2138 2547 2358 2583 venerabiles
2381 2548 2489 2584 aedes

267 2601 304 2631 ta
320 2596 356 2631 ia
378 2595 425 2630 iis
450 2595 524 2630 sint
546 2594 764 2630 deversoria.
811 2594 865 2630 Ac
886 2594 1061 2638 facinora
1086 2599 1158 2630 tam
1181 2595 1294 2641 impia
1318 2598 1354 2630 et
1384 2594 1513 2629 illicita
1543 2594 1680 2629 nostris
1704 2592 1924 2640 temporibus
1949 2592 2178 2639 perpetrari,
2211 2596 2254 2628 ut
2277 2592 2384 2628 etiam
2408 2603 2487 2628 cum

266 2641 413 2687 quidam
439 2638 690 2676 misericordia
714 2639 801 2674 moti
828 2649 891 2674 eas
914 2650 937 2674 a
962 2639 1027 2674 tali
1050 2643 1203 2685 quaestu
1226 2650 1495 2685 nonnumquam
1518 2649 1701 2674 removere
1724 2642 1759 2673 et
1783 2638 1821 2672 in
1844 2637 2041 2683 leqitimum
2068 2637 2335 2672 matrimonium
2358 2637 2488 2673 ducere

265 2685 413 2728 vellent,
446 2684 503 2719 illi
530 2695 605 2720 non
631 2684 893 2731 permitterent.
941 2683 1149 2720 Nonnullos
1171 2695 1255 2720 vero
1279 2684 1370 2720 adeo
1399 2684 1596 2720 sceleratos
1627 2683 1811 2725 extitisse,
1839 2687 1881 2718 ut
1905 2681 2049 2729 puellas
2079 2693 2125 2717 ne
2146 2682 2319 2717 decimum
2345 2682 2487 2729 quidem

265 2734 413 2778 aqentes
431 2740 566 2765 annum
588 2729 627 2764 in
645 2733 774 2775 stupra
790 2729 1003 2775 periculosa
1026 2728 1246 2765 inducerent.
1292 2728 1424 2781 Itaque
1445 2728 1622 2775 quosdam
1641 2727 1799 2774 pecunia
1820 2737 1893 2762 non
1917 2726 2058 2762 modica
2076 2726 2163 2762 data
2185 2738 2295 2772 aeqre
2317 2726 2401 2763 inde
2423 2727 2486 2762 mi-

264 2786 367 2812 seras
388 2774 472 2810 illas
490 2774 681 2809 redemisse
703 2777 738 2809 et
757 2773 918 2809 honestis
938 2774 1076 2821 nuptiis
1099 2785 1219 2810 secum
1245 2775 1489 2810 coniunx-isse.
1535 2774 1654 2819 Atque
1678 2775 1860 2808 sescentos
1882 2783 1959 2808 esse
1980 2770 2118 2813 modos,
2143 2782 2237 2817 quos
2254 2771 2354 2807 haud
2371 2772 2487 2818 facile

265 2820 454 2867 quisquam
472 2818 638 2855 oratione
655 2818 844 2865 complecti
862 2819 993 2865 possit,
1017 2819 1223 2855 huiusmodi
1244 2819 1339 2855 malo
1358 2819 1398 2854 in
1421 2819 1628 2855 immensum
1649 2818 1855 2864 importune
1872 2819 1997 2852 aucto:
2019 2819 2061 2852 ut
2079 2827 2159 2851 cum
2178 2820 2287 2852 antea
2303 2827 2378 2852 non
2396 2820 2488 2853 esset

265 2865 336 2901 nisi
357 2865 396 2900 in
417 2864 564 2916 esti-quis
582 2863 758 2915 partibus
777 2863 893 2915 urbis,
921 2875 1016 2900 nunc
1035 2868 1071 2916 et
1092 2864 1175 2917 ipsa
1198 2869 1235 2901 et
1259 2876 1353 2911 quae
1379 2864 1480 2916 circa
1501 2874 1580 2916 eam
1599 2867 1686 2898 sunt
1708 2862 1788 2898 loca
1812 2862 1933 2914 omnia
1953 2862 2064 2914 plena
2086 2861 2160 2913 sint
2178 2861 2357 2914 eiusmodi
2371 2862 2486 2914 malis.

267 2909 368 2962 Haec
384 2908 527 2956 quidem
543 2919 653 2956 prius
673 2908 776 2944 nobis
790 2919 828 2943 tn
842 2913 980 2945 secreto
998 2909 1133 2989 aliquis
1149 2910 1340 2952 nuntiavit,
1365 2908 1493 2944 demde
1510 2913 1617 2944 ettam
1634 2918 1753 2960 nuper
1770 2907 2111 2952 maqmficentzsszmz
2130 2911 2324 2958 praetores
2343 2917 2382 2942 m
2399 2906 2487 2942 talia

264 2956 448 3001 inquirere
470 2964 494 2989 a
517 2953 621 2989 nobis
650 2954 740 2988 iussi
763 2953 884 2989 eadem
908 2953 997 2990 haec
1020 2966 1042 2990 a

265 3002 284 3036 1
331 3010 479 3046 operam
506 2999 787 3034 consecrandam
811 3004 847 3034 et
870 2999 1048 3035 civitatem
1072 3000 1143 3035 cito
1174 3000 1241 3035 tali
1266 2999 1366 3046 pesti
1389 2998 1613 3035 liberandam
1636 3009 1712 3033 esse
1743 2996 2036 3033 existimavimus.

310 3114 331 3147 2
363 3108 591 3159 περιείδομεν
619 3112 678 3153 M]
708 3109 914 3157 περίδωμεν
937 3112 986 3146 L¹
1017 3109 1230 3158 παρίδωμεν
1254 3113 1303 3146 L2
1332 3112 1344 3156 ΙΙ

266 3170 342 3212 ζῆν]
368 3157 420 3211 gc,
444 3169 490 3202 ιι
507 3167 520 3213 ι
537 3168 605 3212 μιν
626 3182 683 3202 om.
709 3169 740 3202 L
759 3168 771 3212 ιι
786 3166 939 3202 ἀτόπους
962 3169 1009 3201 L¹
1029 3168 1077 3213 ιι5
1103 3166 1246 3203 πολιοὺς
1271 3169 1316 3202 Μ
1332 3168 1346 3212 ιι

266 3218 286 3248 6
310 3213 440 3256 ἐσθῆτι
459 3215 509 3247 La
524 3212 536 3257 ΙΙ
556 3215 576 3245 8
599 3214 671 3255 ἔχει
692 3214 735 3246 Μ
746 3213 758 3256 ΙΙ
777 3216 797 3247 9
823 3210 946 3248 αὐτῶν
966 3214 996 3247 L
1015 3213 1028 3259 ΙΙ
1046 3216 1087 3248 14
1112 3210 1343 3260 *προςεδρεύ·

266 3270 367 3292 σουσι
383 3261 442 3300 (ς)]
457 3255 725 3304 προςεδρεύουσι
736 3259 808 3292 ML
826 3259 838 3301 ΙΙ
858 3261 896 3293 15
910 3255 1030 3292 αὐτοῖς
1041 3272 1099 3292 om.
1109 3271 1128 3296 ς
1146 3258 1158 3303 ΙΙ
1177 3260 1218 3294 18
1229 3256 1344 3304 ταύτῃ

266 3317 323 3337 om.
339 3305 368 3337 L
386 3303 399 3348 ΙΙ
415 3307 453 3338 21
477 3300 596 3337 αὐτοῖς
612 3317 670 3337 om.
684 3302 737 3381 cg
750 3305 792 3337 23
814 3300 941 3337 αὐτοὺς
955 3304 1001 3337 L¹
1017 3304 1028 3346 ΙΙ
1048 3306 1091 3338 24
1114 3301 1258 3346 ταύτης]
1283 3305 1344 3336 tali

266 3361 284 3384 ς
302 3348 316 3392 Ι
332 3351 372 3382 26
398 3344 439 3382 οῧ
459 3346 541 3382 τοὺς
555 3349 600 3382 L¹
616 3348 629 3392 ΙΙ
648 3350 688 3383 27
738 3348 863 3390 εκαετῆ
879 3349 961 3390 ML]
984 3345 1136 3382 δέκατον
1149 3350 1344 3383 Ηαὶοαηᾱεν

267 3391 340 3435 1ς)Ι
358 3395 399 3427 29
419 3391 500 3427 τοὺς
520 3393 565 3427 L·
585 3393 655 3432 '33
674 3394 714 3427 ἐν
735 3391 928 3434 ἐλαχίστοις
948 3395 1001 3434 (ἐν
1015 3391 1194 3437 ελεχίστης
1210 3393 1286 3435 L¹)]
1307 3394 1342 3426 in

268 3436 394 3469 ultimis
417 3441 451 3477 (i.
467 3451 492 3471 e.
511 3436 684 3480 ἐσχάτοις)
708 3450 728 3475 ς
746 3439 758 3482 u
775 3440 817 3472 34
839 3434 957 3471 αὐτοῖς
979 3439 1020 3472 τὶ
1043 3439 1089 3472 L¹
1109 3439 1180 3481 135
1202 3437 1344 3482 *μεστὰ

269 3482 327 3522 (ς)]
340 3479 429 3523 μετὰ
445 3483 514 3516 ML
529 3482 541 3527 ΙΙ
562 3486 603 3517 39
616 3476 692 3525 οὖν]
712 3473 766 3517 ὧν
780 3484 810 3516 L
826 3482 838 3527 ΙΙ
856 3482 998 3516 τούτων
1010 3497 1069 3517 om.
1083 3484 1116 3517 L
1131 3483 1143 3526 Ι
1163 3486 1206 3518 40
1218 3483 1344 3526 χρῆναι

271 3525 316 3558 L²
334 3527 346 3566 ΙΙ
362 3523 546 3567 ἀναθῆναι
569 3529 600 3562 L
623 3524 833 3562 ἇνευθεῒναι
855 3524 1070 3571 (ἄνευθ’ἧναι
1084 3529 1155 3570 M⁰)
1176 3529 1223 3562 M
1245 3525 1343 3562 ἀνευ-

270 3568 382 3602 &imm
407 3571 568 3615 Scrimyer
583 3574 596 3616 fl
614 3575 657 3608 42
680 3574 748 3618 μὲν
772 3585 830 3607 om,
854 3573 888 3607 L

314 3650 333 3681 4
358 3650 479 3689 autem]
504 3653 562 3682 aut
579 3632 646 3694 ‘fn
668 3653 838 3685 occasione
858 3651 894 3686 V
913 3651 928 3697 Ι
951 3651 1108 3686 sibiment
1131 3652 1180 3686 R*
1205 3651 1255 3696 {5
1279 3652 1344 3685 oir-

270 3704 342 3727 cum
368 3704 402 3726 re
416 3694 462 3727 R¹
482 3693 494 3738 ΙΙ
511 3696 527 3726 7
543 3709 589 3737 sq.
614 3699 645 3727 et
669 3699 739 3737 (om.
765 3698 822 3739 Va)
845 3697 880 3729 in
906 3697 961 3731 his
985 3697 1039 3740 Vl!
1058 3699 1076 3731 8
1103 3698 1254 3731 uenerari
1268 3697 1316 3730 13¹
1332 3695 1345 3740 ΙΙ

1091 2965 1158 2990 nos
1180 2954 1407 2991 rettulerunt.
1456 2953 1535 2989 Nos
1563 2953 1677 3000 iqitur
1699 2952 1916 3003 simulatque
1939 2952 2028 2987 llaec
2049 2951 2267 2994 audivimus,
2298 2951 2366 2988 deo
2393 2951 2486 2987 lianc

2150 2995 2342 3032 Sancimus
2361 2996 2486 3043 iqitur,

1417 3115 1455 3146 10
1480 3113 1511 3144 ei
1533 3112 1756 3144 miserandum
1778 3109 1822 3144 V*
1845 3109 2129 3143 enumerandum?
2149 3109 2222 3154 1⁷¹1!
2244 3111 2279 3143 11
2306 3112 2370 3151 eas]
2393 3110 2440 3142 eis
2461 3110 2492 3143 V

1412 3157 1577 3190 trader-eas
1600 3157 1650 3189 Ra
1677 3156 1691 3199 ΙΙ
1723 3158 1761 3190 15
1793 3155 1975 3198 quosdam?
1999 3155 2047 3188 R¹
2076 3154 2089 3198 ΙΙ
2123 3156 2160 3189 16
2195 3155 2294 3187 etiam
2318 3167 2376 3188 om.
2401 3154 2451 3188 12¹
2483 3155 2488 3196 ι’

1418 3205 1453 3236 17
1479 3203 1594 3244 paene]
1620 3201 1683 3244 pe·
1707 3201 1749 3234 V¹
1773 3200 1786 3244 ΙΙ
1808 3201 1844 3233 in
1869 3208 1943 3233 ants
1962 3200 2053 3232 omni
2074 3201 2272 3243 transposuit
2292 3199 2345 3233 1⁷⁸
2365 3199 2451 3243 cuiq.
2481 3197 2486 3241 Ι

1416 3249 1456 3282 18
1479 3247 1629 3286 ciuitate]
1654 3247 1723 3278 ciui
1738 3246 1786 3279 R¹
1814 3245 1828 3289 ΙΙ
1860 3246 1897 3279 19
1925 3244 1998 3277 loca
2022 3247 2055 3277 et
2077 3244 2278 3277 miserabiles
2299 3245 2347 3285 (et
2368 3244 2485 3276 misera

1422 3291 1473 3326 1⁷²
1495 3293 1529 3325 in
1552 3292 1634 3333 ras.)
1663 3290 1716 3335 ΙΤΙΙ
1736 3292 1775 3324 21
1799 3293 1832 3323 et
1854 3302 1913 3323 om.
1938 3289 2035 3329 Rvu
2053 3290 2188 3331 iniquae
2208 3302 2266 3323 om.
2285 3288 2335 3322 R¹
2350 3287 2365 3332 Ι
2381 3289 2422 3322 22
2447 3290 2485 3319 ut

1413 3350 1471 3372 om.
1494 3337 1534 3370 V¹
1553 3335 1623 3380 nab
1647 3336 1680 3368 R
1697 3336 1710 3379 n
1728 3338 1769 3369 23
1794 3335 1890 3369 crebo
1916 3336 1945 3367 R
1957 3335 1998 3368 V¹
2017 3334 2226 3378 “legitimam
2250 3332 2306 3376 Vl
2323 3334 2365 3367 24
2388 3342 2483 3374 quos-

1412 3382 1487 3414 dam
1509 3384 1618 3413 autem
1643 3381 1690 3413 sic
1714 3380 1864 3414 scelestos
1886 3380 1993 3423 suppl.
2016 3379 2066 3413 1⁷²
2089 3380 2121 3413 in
2143 3385 2227 3422 spat.
2251 3390 2319 3411 vac.
2367 3378 2407 3410 27
2434 3387 2483 3409 re-

1412 3426 1542 3460 dimisse
1561 3427 1592 3459 R
1608 3425 1622 3469 11
1639 3427 1681 3459 29
1706 3423 1899 3469 deciensVn
1917 3424 2008 3457 mille
2031 3424 2114 3467 ναῖς.
2162 3421 2279 3454 nullu·
2298 3422 2330 3455 V
2364 3421 2483 3467 “prue-

1412 3471 1550 3511 ualeret]
1564 3470 1655 3503 ualet
1668 3484 1751 3504 corr.
1765 3470 1814 3504 13²
1830 3469 1843 3514 ΙΙ
1860 3471 1902 3504 30
1922 3478 2102 3502 sermonem
2177 3476 2282 3499 sermo
2304 3466 2353 3499 V’
2368 3468 2452 3510 ναῖς.
2473 3466 2485 3511 ΙΙ

1412 3516 1539 3549 finitam
1567 3517 1597 3549 R
1622 3515 1635 3560 ΙΙ
1658 3515 1886 3549 credulitatem
1908 3515 1948 3548 V¹
1978 3514 1992 3558 ΙΙ
2016 3516 2057 3548 33
2081 3522 2150 3545 eam
2171 3511 2268 3555 ναῖς]
2292 3521 2330 3543 ea
2349 3510 2454 3544 RVT
2473 3514 2485 3554 ιι

1412 3560 1535 3601 omnia]
1553 3560 1628 3593 loca
1643 3574 1668 3595 s.
1681 3574 1712 3596 υ.
1725 3561 1803 3594 add.
1817 3559 1867 3593 R²
1883 3558 1897 3603 ΙΙ
1913 3561 1955 3594 34
1975 3555 2117 3600 suntV}
2133 3558 2175 3589 34
2189 3568 2237 3607 eq.
2257 3555 2378 3597 aliquis
2390 3556 2485 3588 nobis

1413 3605 1545 3648 quidem
1572 3606 1603 3639 R
1619 3604 1633 3649 fl
1651 3607 1693 3640 36
1715 3605 1877 3648 praetoris
1898 3604 1940 3638 V¹
1959 3603 1972 3647 u
1988 3599 2297 3651 svpraeoepngw
2316 3601 2328 3643 fl
2345 3602 2384 3635 37
2411 3611 2485 3633 mox

1413 3660 1496 3692 quae
1529 3650 1754 3683 audimusmus
1781 3651 1853 3690 (sic)
1876 3648 1941 3690 V}
1970 3649 2012 3681 39
2045 3644 2178 3684 scelere]
2214 3644 2292 3678 sede
2322 3647 2357 3685 (ι’.
2382 3659 2408 3681 ε.
2436 3656 2484 3679 se-

1413 3695 1532 3734 cunde)
1560 3695 1606 3726 R¹
