2586 3990
213 172 320 216 Nov.
341 168 558 215 CXXVIII
589 169 698 210 3-6

212 281 303 316 κατὰ
326 279 394 313 τὸν
416 278 603 332 εἰρημένον
626 272 767 321 τρόπον
790 275 855 310 τὰς
879 271 1016 318 ἆποχάς
1039 272 1149 321 ἤγουν
1170 271 1291 320 ἀμερι-

210 328 315 371 μνίας
333 322 382 367 μὴ
400 331 602 364 ποιησουσι,
622 319 810 364 κελεύομεν
830 317 958 355 αὐτοὺς
975 321 1036 354 καὶ
1056 318 1188 364 ποινὴν
1208 318 1293 354 δέκα

210 372 353 415 χρυσίου
377 366 512 411 λιτρῶν
536 362 777 400 ἀπαιτεῖσθαι
801 369 860 399 καὶ
881 362 1062 409 βασάνους
1085 362 1292 410 ὑπομένειν.

211 415 275 448 τοῦ
298 412 469 458 ἄρχοντος
500 408 634 455 ὁμοίως
662 411 726 454 τῆς
749 411 920 454 ἐπαρχίας
943 407 966 443 ι’
990 412 1133 455 χρυσίου
1156 409 1293 454 λιτρῶν

211 457 342 500 ποινὴν
366 457 675 502 εἰςπραττομένου,
707 455 738 489 εἰ
761 458 843 500 περὶ
871 454 1000 489 τούτου
1024 453 1294 501 προςελευσθεὶς

209 503 257 547 μὴ
275 501 451 544 ἐκδικήσει
471 503 531 534 καὶ
548 499 735 534 συνελάσει
750 499 814 534 τὰς
829 496 967 542 ἀποχὰς
986 497 1066 543 ἢτοι
1083 496 1293 546 ἀμεριμνίας

209 544 301 581 καθ’
327 544 374 590 ἣν
398 544 620 591 διωρίσαμεν
643 544 751 585 τάξιν
775 546 1033 591 συγγραφῆναι.

1280 162 1366 210 638

2014 178 2075 209 DE
2104 176 2438 210 coLLATORIBus

1359 275 1472 320 piunt.
1520 267 1560 310 Si
1580 283 1664 311 vero
1687 274 1883 311 secundum
1904 276 2125 321 praedictum
2148 275 2292 312 modum
2314 275 2439 313 desus-

1363 323 1470 365 cepta
1499 319 1573 356 sive
1596 319 1808 356 securitates
1836 330 1909 356 non
1930 321 2096 365 fecerint,
2127 321 2290 357 iubemus
2320 329 2382 357 eos
2405 323 2442 357 et
2493 323 2495 325 '

1361 374 1514 410 poenam
1530 364 1653 400 decem
1667 365 1747 400 auri
1761 364 1935 401 librarum
1949 367 2043 412 exigi
2061 369 2098 402 et
2111 365 2299 403 tormentis
2315 365 2439 410 subdi3

1362 409 1521 445 similiter
1537 408 1690 445 iudicem
1710 409 1913 455 provinciae
1930 411 2050 447 decem
2065 411 2146 448 auri
2164 412 2335 447 librarum
2354 420 2439 456 poe-

1330 458 1349 491 5
1363 464 1445 490 nam
1467 453 1578 499 exigi,
1610 455 1641 490 si
1665 455 1708 491 de
1736 455 1805 491 hoc
1828 455 2076 509 interpellatus
2106 467 2180 493 non
2210 455 2442 493 vindicaverit

1362 501 1398 535 et
1420 509 1497 535 com
1524 499 1631 535 ulerit
1658 499 1876 544 desuscepta·
1901 509 1975 536 sive
2002 502 2212 539 securitates
2243 500 2440 539 secundum

1362 554 1465 589 quem
1513 544 1711 581 efinivimus
1734 544 1893 581 ordinem
1913 546 2100 582 conscribi.

1209 644 1365 681 CAPUT
1389 644 1450 680 lV.

270 716 341 747 Καὶ
365 714 473 748 τοῦτο
497 711 537 748 δὲ
560 711 748 756 κελεύομεν
772 711 1124 759 παραφυλαχθῆναι,
1149 707 1236 747 ὦετε
1260 711 1296 745 εἴ

208 769 262 794 τις
291 755 340 793 ὠς
363 757 455 793 εἰκὸς
484 759 562 793 τῶν
587 756 834 793 συντελεστῶν
858 754 1058 811 ἆμφιβιέλοι
1094 759 1177 801 περὶ
1207 753 1291 799 κτή-

1423 712 1523 749 Haec
1546 714 1667 748 autem
1690 710 1853 748 iubemus
1876 711 2074 757 observari,
2098 715 2139 749 ut
2160 713 2191 750 si
2214 713 2294 758 quis
2316 713 2441 749 forsan

1361 757 1571 793 collatorum
1602 756 1742 792 dubitat
1772 756 1818 793 de
1847 757 2085 802 possessione,
2116 768 2182 804 pro
2212 768 2282 804 qua
2304 758 2442 794 fiscalia

209 814 314 846 σεως,
339 801 429 848 ὑπὲρ
453 794 492 847 ἧς
516 801 673 847 δημόσια
696 801 1005 857 εἰςπριξττεταιηη
1023 803 1114 846 νπὲρ
1133 802 1195 844 τῆς
1214 802 1292 836 τῶν
1307 805 1347 838 10
1361 802 1523 847 exigitur,
1548 802 1611 838 aut
1634 811 1700 846 pro
1716 801 1890 838 fiscalium
1913 802 2124 847 quantitate,
2148 803 2311 840 omnibus
2326 802 2441 838 modis

209 847 395 893 δημοσίων
411 848 622 891 ποσότητος,
646 849 737 883 πᾶσι
754 859 903 892 τροποις
919 858 1001 882 τους
1015 847 1092 881 τῶν
1108 844 1293 890 δημοσίων

210 890 435 941 ἀπογραφῶν
454 893 614 939 φύλακας
634 890 907 939 ἀναγκάζεσθαι
926 889 998 927 ὑπὸ
1018 893 1083 926 τοῦ
1102 893 1165 935 τῆς
1185 892 1292 936 ἐπαρ-

208 942 286 982 χίας
320 937 507 984 ἄρχοντος,
544 937 567 982 ἢ
591 940 726 973 ἐκείνου
749 934 964 982 ἀμελοῦντος
996 936 1095 982 παρὰ
1125 937 1191 971 τοῦ
1215 939 1293 972 τῶν

209 984 340 1019 τόπων
370 980 577 1018 όσιωτάτου
605 982 818 1026 ἐπισκόπου,
852 982 989 1037 ταύτας
1009 984 1203 1028 προφέρειν
1234 985 1293 1016 καὶ

1360 847 1537 883 fiscalium
1569 846 1849 891 descriptionum
1879 847 2046 884 custodes
2076 848 2154 893 cogi
2186 858 2208 884 a
2237 848 2441 894 provinciae

1359 892 1493 937 iudice,
1529 896 1592 929 aut
1626 892 1688 927 illo
1723 892 1930 938 neglegente
1963 903 1986 928 a
2019 892 2179 929 locorum
2217 893 2441 929 sanctissimo

1361 938 1544 983 episcopo,
1569 946 1630 973 eas
1653 937 1813 982 proferre
1837 942 1874 974 et
1891 937 2067 974 fiscalium
2090 938 2277 974 ostendere
2301 937 2440 983 quanti-

1361 984 1471 1018 tatem
1507 987 1542 1018 et
1573 982 1768 1018 secundum
1798 983 1964 1019 virtutem
1997 983 2163 1029 publicae
2194 982 2442 1028 descriptionis

208 1027 278 1071 τὴν
300 1029 379 1064 τῶν
402 1028 586 1073 δημοσίων
610 1025 872 1064 ἀποδεικνύναι
896 1039 1084 1080 ποσοῑτητα
1109 1027 1213 1082 κατὰ,
1224 1027 1293 1070 τὴν
1310 1031 1349 1063 15
1363 1028 1455 1072 exigi
1477 1037 1733 1073 possessorem.

209 1072 367 1129 δύναμιν
380 1075 443 1118 τῆς
460 1073 631 1118 δημοσίας
646 1072 869 1119 ἀπογραφῆς,
885 1076 945 1108 καὶ
961 1084 1077 1107 ουτως
1091 1073 1293 1118 εἰςπραττε-

212 1119 304 1153 σθαι
328 1132 396 1154 τον
419 1122 645 1164 κεκτημένον.

1221 1196 1378 1233 CAPUT
1402 1196 1445 1233 V.

270 1268 344 1299 Καὶ
367 1267 407 1300 ἐν
429 1264 550 1309 τούτῳ
575 1263 616 1299 δὲ
637 1268 710 1300 τοῖς
733 1263 915 1310 ἡμετέροις
938 1263 1185 1300 συντελεσταῖς
1207 1268 1293 1309 ,80⁷1-

208 1310 324 1364 θῆσαι
356 1309 577 1355 συιέίδομεν,
610 1306 698 1366 ὥςτε
727 1310 777 1356 μὴ
802 1307 965 1357 ἀνάγκην
988 1308 1193 1357 ἐπάγεσθαι
1220 1312 1294 1344 τοῖς

1417 1263 1467 1318 Et
1481 1264 1519 1300 in
1539 1264 1610 1301 hoc
1626 1274 1767 1310 quoque
1788 1267 1932 1319 nostros
1957 1264 2145 1318 collatores
2169 1264 2338 1300 adiuvare
2359 1273 2442 1319 per-

1362 1319 1553 1355 speximus,
1585 1312 1626 1346 ut
1648 1320 1720 1346 non
1743 1314 1940 1346 necessitas
1970 1310 2146 1346 inferatur
2173 1309 2442 1355 possessoribus

207 1367 401 1401 κτητορσιν
425 1353 624 1409 ὑποδέκτας
648 1353 851 1410 ovoluageiv‘
864 1356 927 1399 τῆς
951 1357 991 1390 ἐν
1012 1358 1146 1400 χρυσίῳ
1171 1366 1293 1389 συντε-
1308 1357 1350 1390 20
1364 1355 1430 1391 sub
1455 1355 1674 1409 hypothecas
1697 1355 1948 1392 decimationes
1979 1355 2162 1391 nominare
2190 1355 2228 1391 in
2256 1365 2344 1391 auro
2369 1355 2443 1390 col·

208 1400 302 1435 λείας
334 1400 424 1446 πρὸς
454 1414 497 1435 το
527 1400 578 1445 μή
609 1414 693 1435 τινα
725 1403 764 1435 ἐκ
787 1413 918 1435 τουτου
948 1399 1142 1444 ὑπομένειν
1167 1397 1295 1434 αὐτοὺς

208 1445 363 1490 βλάβην,
387 1442 478 1480 ἀλλὰ
501 1446 648 1481 τούτους
671 1445 721 1480 οἶς
745 1447 785 1480 ἐν
809 1444 940 1492 ἑκάστῃ
965 1447 1120 1490 ἐπαρχίᾳ
1144 1443 1166 1489 ἢ
1189 1444 1295 1480 πόλει

208 1489 228 1524 ὁ
254 1489 418 1526 κίνδυνος
448 1491 512 1534 τῆς
535 1491 613 1526 τῶν
626 1489 822 1545 ,δημοσίων
852 1489 1083 1535 ἀπαιτήσεως
1107 1492 1294 1532 ἐπίκειται,

1363 1399 1517 1443 lationis,
1543 1402 1585 1437 ut
1603 1410 1677 1437 non
1693 1400 1847 1445 aliquam
1871 1410 1916 1437 ex
1931 1401 2001 1437 hoc
2016 1400 2200 1446 patiantur
2223 1400 2293 1445 ipsi
2314 1400 2443 1436 laesio-

1364 1455 1461 1489 nem,
1497 1446 1559 1482 sed
1591 1456 1653 1482 eos
1687 1446 1815 1490 quibus
1849 1446 1886 1481 in
1916 1456 2129 1491 unaquaque
2163 1445 2346 1491 provincia
2379 1446 2444 1481 aut

1364 1490 1507 1527 civitate
1530 1491 1727 1536 periculum
1749 1491 1925 1526 fiscalium
1953 1491 2149 1527 exactionis
2171 1491 2339 1534 imminet,
2371 1491 2444 1526 sive

208 1536 279 1571 εἴτε
303 1535 471 1582 ἄρχοντες
497 1536 570 1571 εἶεν
598 1537 668 1571 ezra
698 1535 971 1581 πολιτευόμενοι
1002 1536 1073 1570 εἴτε
1100 1536 1296 1580 ἐξάκτωρες
1363 1536 1498 1572 iudices
1522 1536 1593 1572 sint
1616 1537 1689 1572 sive
1713 1536 1865 1572 curiales
1887 1536 1960 1572 sive
1983 1539 2168 1572 exactores
2199 1546 2264 1572 seu
2287 1535 2444 1572 vindices

208 1581 280 1616 εἴτε
303 1580 459 1627 βίνδικες
482 1581 553 1616 εἴτε
569 1580 814 1628 κανονικάριοι
838 1578 859 1625 ἢ
884 1579 987 1615 ἄλλοι
1010 1583 1113 1624 τινές,
1136 1582 1189 1624 τῷ
1212 1578 1294 1625 ἰδίῳ
1309 1583 1350 1616 25
1364 1583 1428 1616 aut
1452 1582 1669 1618 canonicarii
1691 1585 1755 1617 aut
1778 1581 1839 1617 alii
1862 1581 2024 1627 quidam,
2056 1581 2200 1627 proprio
2226 1581 2384 1627 periculo
2407 1583 2444 1617 et

209 1625 368 1671 κινδύνῳ
400 1624 645 1670 ὑποδέχεσθαι
675 1627 722 1661 τὰ
745 1626 912 1674 χρήματα
942 1629 1003 1662 καὶ
1034 1628 1241 1673 ἐκπέμπειν,
1273 1623 1297 1669 ἢ

209 1675 270 1706 καὶ
294 1670 502 1707 ἀναλίσκειν
525 1673 573 1706 εἰς
596 1669 640 1706 όίς
663 1669 935 1718 ἆφωρίσθησαν
957 1676 1083 1718 χρειάς.

1364 1626 1547 1672 suscipere
1578 1628 1748 1672 pecunias
1781 1630 1818 1662 et
1847 1627 2088 1664 transmittere
2118 1630 2154 1664 et
2176 1626 2377 1673 expendere
2406 1626 2444 1662 in

1365 1672 1493 1716 quibus
1517 1671 1710 1718 deputatae
1733 1675 1818 1709 sunt
1840 1672 2066 1709 utilitatibus.

1199 1771 1356 1809 CAPUT
1379 1772 1440 1808 VI.

266 1842 340 1874 Καὶ
363 1840 472 1874 τοῦτο
489 1837 530 1874 δὲ
545 1839 880 1886 παραφυλαχθῆναι
905 1838 1103 1883 κελεύομεν,
1129 1836 1217 1875 ὦςτε
1234 1854 1295 1874 κα·

1420 1840 1470 1875 Et
1493 1840 1562 1876 hoc
1586 1839 1759 1875 custodiri
1788 1841 1951 1877 iubemus
1983 1841 2246 1877 canonicarium
2277 1840 2383 1876 talem
2405 1841 2443 1877 in

208 1885 415 1930 νονικάριον
438 1886 604 1920 τοιοῦτον
627 1887 667 1920 ἐν
690 1887 735 1933 τῇ
761 1888 915 1930 ἐπαρχίᾳ
938 1884 1167 1929 στέλλεσθαι,
1203 1881 1295 1920 Seus-
1362 1885 1579 1930 provinciam
1604 1885 1791 1930 destinari,
1816 1886 1876 1931 qui
1891 1886 2006 1931 possit
2020 1886 2177 1932 periculo
2201 1886 2441 1922 ordinantium

210 1928 364 1965 δύναται
393 1930 447 1972 τῷ
472 1927 631 1974 κινδύνῳ
660 1931 738 1965 τῶν
768 1928 1076 1984 προβαλλομένων
1101 1927 1213 1965 αὐτὸν
1231 1931 1293 1965 εἰς·
1308 1933 1349 1966 30
1363 1940 1443 1966 eum
1467 1931 1608 1975 exigere
1630 1930 1770 1966 fiscalia
1792 1931 1943 1975 tributa,
1975 1935 2015 1967 ut
2037 1941 2103 1976 per
2125 1931 2259 1967 nullam
2282 1931 2442 1968 occasio-

210 1975 387 2021 πράττειν
405 1975 452 2009 τὰ
474 1973 630 2020 δημόσια
651 1974 745 2020 τέλη,
766 1987 856 2010 ωςτε
878 1975 972 2010 κατὰ
995 1973 1176 2020 μηδεμίαν
1206 1976 1295 2020 πρό·

210 2031 324 2066 φασιν
346 2019 585 2063 έξπελλευτὴν
613 2017 700 2065 μετ’
725 2017 838 2054 αὐτὸν
868 2021 1122 2064 ἐκπέμπεσθαι
1152 2023 1211 2054 καὶ
1236 2022 1278 2063 ζη

208 2069 299 2110 μίαν
329 2068 402 2099 τοῖς
425 2062 637 2100 ὑποτελέσιν
665 2066 830 2112 ἐπάγειν·
867 2067 932 2099 τοῦ
961 2065 1030 2111 γὰρ
1061 2064 1296 2106 ἐξπελλευτοῦ

209 2113 269 2144 καὶ
301 2106 417 2153 αὐτὴν
447 2110 517 2154 τὴν
548 2115 786 2157 προςηγορίαν
817 2110 882 2144 τοῦ
904 2109 1032 2145 λοιποῦ
1064 2109 1294 2156 ἀναιροῦμεν.

1363 1985 1444 2028 nem
1467 1976 1801 2028 impulsorem-post
1816 1986 1904 2028 ‘eum
1922 1977 2014 2012 mitti
2031 1980 2067 2012 et
2082 1977 2249 2012 damnum
2271 1976 2443 2013 subiectis

1363 2020 1503 2055 inferri:
1527 2021 1730 2065 impulsoris
1750 2021 1878 2067 (emm)
1897 2023 1934 2057 et
1953 2023 2071 2068 ipsum
2089 2022 2302 2058 vocabulum
2322 2022 2366 2057 de
2384 2032 2442 2058 ce-

209 2200 347 2245 Quodsi
368 2199 563 2236 secundum
578 2199 812 2246 praedictum
835 2199 980 2234 modum
1010 2198 1173 2250 apochas
1202 2209 1266 2235 seu
1296 2199 1508 2250 securitates
1536 2209 1611 2235 non
1636 2199 1814 2250 fecerint,
1845 2199 2004 2235 iubemus
2034 2210 2097 2236 eos
2126 2199 2246 2237 decem
2270 2200 2443 2238 librarum

210 2247 293 2282 auri
313 2256 434 2292 poena
454 2245 530 2291 peti
551 2250 587 2281 et
609 2249 788 2281 tormenta
810 2244 941 2280 subire.
990 2243 1208 2290 Paraterque
1231 2255 1254 2279 a
1275 2244 1446 2291 praeside
1470 2244 1687 2291 provinciae
1717 2243 1836 2280 decem
1862 2244 2036 2280 librarum
2059 2245 2144 2280 auri
2166 2256 2291 2292 poena
2314 2248 2442 2293 exiqu-

211 2295 282 2334 tur,
305 2291 339 2327 si
361 2302 405 2327 ea
429 2289 473 2325 de
497 2300 610 2326 causa
633 2292 829 2331 conventus
851 2289 891 2325 id
912 2299 987 2326 non
1009 2289 1248 2326 vindicaverit
1269 2300 1384 2335 neque
1406 2289 1568 2335 effecerit
1590 2293 1630 2325 ut
1647 2288 1812 2335 apochae
1834 2300 1898 2326 seu
1920 2290 2132 2326 securitates
2154 2301 2197 2326 eo
2221 2301 2293 2337 quo
2315 2293 2442 2329 statui-

209 2347 288 2372 mus
310 2335 419 2372 modo
442 2336 728 2371 conscribantur.

343 2380 406 2417 IV.
453 2379 528 2417 Sed
549 2380 619 2417 hoc
642 2391 786 2427 quoque
809 2380 996 2416 observari
1023 2379 1196 2422 iubemus,
1227 2383 1268 2415 ut
1289 2379 1322 2414 si
1345 2378 1428 2426 quis
1447 2378 1550 2424 forte
1572 2378 1814 2415 subiectorum
1843 2379 1888 2415 de
1903 2379 2146 2426 possessione,
2177 2380 2281 2417 cuius
2301 2381 2444 2418 nomine

211 2426 345 2463 tributa
368 2427 580 2473 exiyuntur,
615 2426 670 2462 vet
692 2425 737 2462 de
761 2426 976 2462 tributorum
999 2425 1202 2471 quantitate
1225 2423 1372 2468 dubitet,
1404 2423 1566 2460 omnibus
1588 2424 1705 2460 modis
1722 2424 1953 2471 publicarum
1977 2425 2256 2471 descriptionum
2278 2427 2444 2463 custodes

209 2475 389 2524 coquntur
420 2483 443 2507 a
471 2471 684 2518 provinciae
710 2471 900 2519 praeside,
935 2474 1000 2506 aut
1029 2469 1093 2505 illo
1124 2469 1335 2516 neqleqente
1366 2480 1391 2504 a
1420 2469 1647 2505 sanctissimo
1683 2469 1844 2505 locorum
1875 2471 2058 2517 episeopo,
2091 2470 2174 2506 illas
2205 2471 2380 2518 proferre
2409 2475 2444 2508 et

211 2518 427 2553 tributorum
461 2517 700 2563 quantitatem
733 2516 928 2553 secundum
963 2519 1123 2551 tenorem
1149 2514 1322 2561 publicae
1356 2513 1612 2560 descriptionis
1645 2513 1912 2558 demonstrare,
1950 2520 2060 2561 atque
2091 2515 2144 2552 ita
2178 2527 2202 2551 a
2232 2527 2445 2562 possessore

209 2563 273 2599 eoei
299 2566 420 2598 antur.

272 2573 298 2609 ⁹
345 2607 389 2643 V.
437 2606 511 2643 Sed
533 2606 571 2642 in
594 2605 664 2642 hoo
706 2616 824 2652 uoque
846 2605 1024 2642 subiectos
1046 2609 1193 2641 nostros
1215 2604 1390 2641 adiuvare
1410 2604 1562 2652 placuit,
1586 2615 1632 2641 ne
1648 2604 1924 2652 possessoribus
1944 2605 2139 2641 necessitas
2161 2606 2344 2652 afferatur
2364 2617 2443 2643 sus-

210 2657 375 2699 ceptores
397 2651 609 2688 nominandi
634 2617 849 2687 triZutorum
873 2661 968 2703 quae
991 2651 1029 2686 in
1053 2661 1145 2686 auro
1168 2651 1422 2696 conferuntur,
1446 2661 1492 2686 ne
1515 2649 1604 2696 quid
1625 2650 1697 2697 ipsi
1719 2649 1843 2701 damni
1865 2649 1949 2685 inde
1970 2649 2132 2692 subeant,
2163 2650 2228 2686 scd
2249 2654 2292 2687 ut
2312 2652 2340 2687 ii
2362 2652 2443 2699 qui-

210 2697 276 2733 bus
297 2698 336 2733 in
359 2708 504 2744 quaque
524 2697 714 2744 provincia
737 2696 795 2733 vel
816 2696 959 2733 civitate
975 2695 1182 2742 periculum
1205 2695 1411 2732 exactionis
1443 2694 1658 2731 tributorum
1681 2695 1887 2742 impositum
1910 2698 1982 2737 est,
2013 2695 2088 2731 sive
2111 2695 2248 2732 iudices
2267 2696 2343 2733 sint
2370 2697 2445 2733 sive

210 2743 368 2779 curiales
389 2743 464 2779 sive
483 2746 677 2778 exactores
699 2742 774 2778 sive
792 2741 949 2778 vindices
971 2741 1046 2778 sive
1065 2740 1289 2777 canonicarii
1310 2740 1384 2777 sive
1404 2740 1469 2776 aliz·
1488 2740 1565 2784 ulli,
1587 2751 1655 2776 suo
1666 2739 1834 2787 periculo
1850 2739 2032 2785 pecunias
2049 2740 2249 2786 suscipiant
2270 2745 2307 2778 et
2327 2745 2443 2778 trans-

209 2790 364 2830 mittant,
389 2787 445 2825 vel
467 2788 575 2824 etiam
599 2787 637 2822 in
661 2797 722 2823 eos
745 2797 832 2823 usus
855 2786 905 2822 ad
928 2797 1021 2833 quos
1044 2786 1246 2822 destinatae
1267 2788 1352 2821 sunt
1375 2790 1536 2832 eroqent.

344 2833 407 2870 VI.
455 2831 529 2869 Sed
550 2831 621 2868 hoc
644 2843 788 2878 quoquc
819 2831 1003 2868 observari
1033 2831 1211 2877 iubemus,
1242 2834 1281 2866 ut
1304 2831 1559 2867 canoniearius
1590 2830 1673 2866 tatis
1704 2830 1742 2865 in
1768 2829 1996 2877 provinciam
2027 2828 2203 2871 mittatur,
2234 2829 2299 2874 qui
2318 2829 2444 2908 ‘possit

207 2878 370 2925 periculo
401 2888 525 2914 eorum
556 2878 620 2924 qui
649 2888 729 2913 eum
757 2877 981 2913 instituerint
1011 2876 1146 2913 tributa
1175 2875 1323 2923 publiea
1353 2876 1417 2912 eati
1443 2886 1513 2918 ere,
1543 2885 1631 2912 neve
1662 2875 1738 2910 ulla
1769 2875 1814 2911 de
1837 2885 1949 2910 causa
1981 2875 2187 2921 compulsor
2209 2875 2317 2920 (expe
2333 2874 2444 2925 lenta)

205 2927 295 2970 post
322 2934 401 2959 eum
432 2923 597 2959 mittatur
631 2927 667 2958 et
697 2922 878 2958 damnum·
896 2922 1065 2958 subiectis
1095 2922 1255 2968 inferat:
1288 2931 1416 2968 compu
1431 2921 1527 2957 soris
1556 2921 1649 2958 enim
1679 2921 1798 2967 ipsum
1831 2929 1962 2956 nomen
1994 2918 2033 2954 in
2052 2923 2244 2966 posterum
2274 2918 2442 2955 tollimus.

269 3019 286 3052 1
311 3013 393 3059 ἢτοι
416 3013 502 3056 (εἴτε
519 3007 587 3049 οὗν
609 3028 638 3050 υ.
654 3017 689 3058 ί.)
714 3016 764 3053 Β*
782 3015 796 3058 l]
816 3017 837 3049 6
863 3012 1028 3057 ἐκδικὴση
1053 3014 1085 3047 L
1101 3013 1114 3057 ss
1127 3016 1160 3053 ,72
1174 3010 1294 3058 διωρί-

211 3063 337 3107 σαμεν]
361 3058 402 3094 δὲ
424 3057 609 3104 ιὸρίσαμεν
632 3061 679 3094 Μ
697 3059 710 3104 ΙΙ
733 3061 1017 3106 συγγεγραφέναι
1042 3059 1073 3092 L
1097 3058 1110 3102 ΙΙ
1136 3058 1294 3099 8-τοῦτο]

211 3110 291 3141 haec
316 3119 335 3143 ς
353 3106 366 3151 ΙΙ
381 3103 422 3140 δὲ
437 3107 481 3148 L]
507 3119 566 3141 om.
580 3107 622 3139 M
637 3106 650 3146 ΙΙ
669 3108 709 3140 15
730 3104 835 3147 κατὰ]
861 3107 894 3138 et
908 3104 1090 3138 secundum
1111 3115 1130 3140 ς
1147 3103 1160 3147 ΙΙ
1179 3101 1221 3138 16
1236 3105 1297 3136 καὶ

212 3148 326 3186 οὕτως
350 3164 409 3186 om.
423 3163 444 3188 ς·
461 3151 474 3196 ΙΙ
498 3153 541 3186 20
559 3146 769 3192 ὗποδέκτας]
801 3150 863 3184 sub
884 3150 1085 3194 hypothecas
1106 3148 1296 3202 decimatio-

212 3209 270 3231 nes
290 3210 309 3235 ς
331 3197 439 3238 (lectio
455 3198 492 3230 ni
500 3197 612 3240 fallor
627 3205 700 3230 orta
720 3209 758 3230 ex
775 3196 902 3239 duplici
921 3196 1086 3238 scriptura
1105 3189 1297 3236 υποθῆκας

213 3251 242 3277 et
266 3240 430 3283 δεκάτας)
457 3241 469 3284 ΙΙ
498 3241 562 3284 τῆς
585 3242 626 3275 ἐν
648 3244 786 3286 χρυσίῳ
815 3241 946 3285 (χρυσῷ
971 3240 1064 3282 Aila.)
1095 3237 1298 3273 συντελείας

214 3290 287 3321 Ath.
301 3291 322 3324 ξ·
342 3283 554 3330 (ὑποδέκτας
570 3287 634 3319 τοῦ
650 3289 794 3331 χρυσίου
813 3287 933 3320 Theoti.
958 3286 1164 3328 susceptores
1183 3294 1297 3317 eorum

214 3343 298 3374 quae
314 3334 349 3365 in
365 3342 441 3365 aere
451 3351 488 3356 —
499 3333 712 3375 pensitantur
723 3332 813 3373 Iul.)]
830 3330 912 3365 τοὺς
928 3330 968 3364 ἐν
982 3331 1118 3375 χρυσίω
1135 3325 1297 3364 συντελε-

214 3386 301 3422 στάς
314 3389 386 3422 ML
403 3388 416 3432 ΙΙ
433 3389 477 3422 24
501 3386 686 3433 ἐξάκτορες
699 3387 746 3421 Μ
762 3376 902 3432 ἐξάκοτιρ
919 3387 1002 3428 (sic),
1017 3399 1043 3420 ε.
1053 3399 1082 3420 υ.
1100 3381 1298 3438 ἇπαιτητὴς

216 3434 245 3465 L
259 3435 313 3476 (cf.
329 3435 374 3467 ad
389 3434 467 3475 639,
480 3433 529 3474 33)
547 3433 559 3476 ΙΙ
578 3434 619 3467 25
636 3429 806 3477 βίνδικες]
830 3446 856 3466 s.
872 3445 901 3466 υ.
919 3428 1052 3465 ἔκδικοι
1069 3431 1099 3464 L
1117 3430 1129 3473 ΙΙ
1148 3431 1189 3464 26
1210 3440 1297 3463 υπο-

216 3475 398 3519 δέχεσθαι]
423 3482 456 3511 et
475 3478 640 3521 suscipere
662 3490 682 3514 ς
696 3478 708 3520 ΙΙ
727 3475 750 3520 ἢ
767 3478 825 3519 Μ]
850 3490 908 3511 om.
923 3477 982 3513 Le
999 3477 1012 3520 u
1029 3477 1073 3510 32
1091 3473 1298 3516 έξπιλευτὴν

216 3525 259 3558 (ει
280 3525 325 3556 ita
345 3525 540 3565 constanter)
560 3524 591 3556 L
612 3520 831 3566 (έξπιλευτής
856 3524 949 3557 etiam
968 3522 1045 3555 Aeli.
1063 3523 1144 3562 cod.,
1169 3519 1297 3575 έξσπη·

217 3564 336 3608 λευτής
348 3569 417 3600 cod.
431 3568 562 3610 Tkeod„
587 3565 819 3611 ἐξπελευστής
840 3568 918 3603 cod.
933 3569 987 3608 10,
999 3574 1045 3608 19,
1059 3569 1088 3608 9)
1107 3565 1119 3609 ΙΙ
1135 3577 1202 3607 μετ
1234 3576 1297 3598 αυ-

216 3610 294 3651 τὸν]
327 3622 400 3644 cum
425 3612 470 3645 eis
502 3613 558 3654 (sc.
580 3614 808 3654 canonicor-iis,
832 3614 853 3647 i.
871 3625 897 3646 e.
921 3607 1002 3656 μετ’
1026 3606 1135 3644 αὗτοῦ
1145 3610 1175 3653 Ῡ)
1199 3610 1263 3644 lut.
1285 3609 1299 3653 ΙΙ

218 3655 470 3698 ἐκπέμπεσθαι
491 3657 550 3693 Le
573 3656 793 3700 (πεμπέσθω
814 3658 903 3698 ΑιΙι.,
928 3655 1184 3690 transmittimus
1207 3654 1297 3697 1⁸11.ss

219 3696 413 3733 διέπεσθαι
435 3701 483 3733 Μ.
521 3702 573 3734 An
599 3703 658 3744 leq.
679 3698 761 3743 μετ’
781 3698 891 3736 αὐτοῦ
917 3698 1113 3736 &tenacem
1135 3702 1171 3742 (i.
1186 3712 1211 3735 e.
1229 3711 1297 3734 eum

217 3746 321 3788 sequi)
345 3744 362 3776 ἲ
383 3744 396 3787 fl
422 3746 463 3778 33
488 3741 641 3789 ὑπάγειν
664 3747 715 3779 L‘*

1433 3015 1453 3047 2
1478 3014 1558 3053 non]
1594 3013 1627 3045 et
1649 3021 1715 3044 non
1745 3011 1781 3045 V
1803 3011 1816 3054 1]
1844 3010 1961 3044 fecerit
1987 3010 2019 3043 T
2044 3010 2056 3050 ΙΙ
2088 3010 2107 3043 3
2131 3008 2294 3043 librarum
2316 3009 2391 3042 auri
2416 3009 2449 3043 T

1363 3059 1448 3102 vulq.
1467 3058 1480 3102 ss
1498 3058 1572 3099 exig*
1593 3057 1639 3091 V·
1659 3056 1671 3100 ΙΙ
1687 3059 1709 3090 4
1724 3056 1834 3089 iudice
1854 3055 1911 3099 Vn
1927 3054 2002 3088 auri
2025 3054 2188 3088 librarum
2213 3064 2332 3097 penam
2355 3054 2445 3097 exigi

1372 3103 1418 3144 V]
1443 3103 1605 3136 libi-arum
1627 3102 1703 3135 auri
1727 3101 1816 3144 exigi
1837 3110 1978 3143 poenam
2003 3100 2130 3144 Tvulq.
2150 3098 2200 3141 115
2224 3099 2445 3133 vindicaverit

1365 3149 1584 3182 Leunclavius
1607 3147 1719 3181 Notat.
1735 3148 1765 3188 2,
1779 3148 1845 3187 244]
1871 3144 2072 3179 indicauerit
2093 3146 2173 3178 libri
2193 3144 2206 3188 ΙΙ
2229 3146 2249 3179 6
2274 3143 2442 3186 compelli-

1364 3195 1421 3226 tur
1446 3194 1479 3227 T
1498 3194 1511 3236 ΙΙ
1527 3192 1704 3226 securitate
1725 3192 1759 3226 V
1774 3191 1930 3225 securites
1957 3191 1990 3223 T
2008 3188 2021 3233 ss
2039 3189 2266 3234 s-difflnimus
2293 3189 2350 3233 Tu
2366 3199 2442 3222 con-

1364 3238 1466 3272 scribi
1491 3239 1538 3278 T]
1573 3237 1675 3271 scribi
1706 3237 1838 3280 Vvulq.
1867 3236 1880 3280 l]
1910 3237 1952 3270 10
1976 3235 2156 3280 exiguntur
2182 3235 2214 3267 T
2237 3234 2250 3279 u
2282 3236 2320 3269 11
2345 3236 2376 3275 a]
2411 3235 2444 3266 et

1365 3294 1384 3316 a
1410 3285 1441 3317 T
1459 3283 1472 3327 ss
1501 3285 1543 3317 14
1566 3281 1748 3316 secundum
1773 3301 1812 3307 -—
1840 3280 2073 3323 descriptionis
2096 3280 2129 3313 in
2146 3292 2211 3313 ras.
2230 3280 2263 3313 T
2284 3278 2297 3323 ΙΙ
2322 3279 2363 3314 18
2386 3277 2442 3311 ad-

1364 3328 1482 3362 iuuare
1514 3330 1643 3361 nosti-os
1675 3326 1850 3360 collatores
1875 3326 2001 3369 Tvulq.
2016 3324 2042 3368 Ἥ
2063 3324 2290 3367 prospeximus
2313 3324 2346 3358 T
2362 3322 2442 3374 [19

1365 3373 1619 3416 possessoribus]
1644 3371 1861 3405 collatoribus
1883 3370 1915 3404 T
1935 3369 1949 3414 ΙΙ
1972 3371 2014 3404 20
2041 3366 2211 3404 sominare
2231 3369 2281 3403 T¹
2309 3377 2444 3401 nomina

1374 3418 1427 3462 Vn
1453 3420 1491 3452 21
1518 3417 1692 3461 patiantur
1711 3417 1776 3468 ipsi
1798 3416 1843 3458 V]
1874 3415 1939 3458 ipsi
1962 3414 2135 3457 patiantur
2159 3414 2192 3447 T
2199 3413 2285 3458 vulq-
2300 3411 2314 3456 Ι
2331 3413 2381 3463 ’22
2406 3411 2442 3443 in

1366 3476 1424 3496 om.
1451 3463 1502 3496 T¹
1527 3465 1540 3505 ΙΙ
1566 3464 1609 3497 23
1634 3461 1816 3496 exactionis
1840 3461 1884 3501 V]
1917 3459 2125 3493 exactionem
2150 3457 2203 3492 Τι
2235 3458 2443 3491 exactionum

1368 3507 1514 3551 T2vu19.
1534 3508 1606 3549 1124
1630 3507 1698 3540 sive
1721 3508 1888 3540 exactores
1911 3515 1969 3538 seu
1993 3504 2141 3537 vindices
2165 3514 2222 3536 om.
2241 3500 2310 3552 Tu·
2324 3502 2364 3533 25
2389 3511 2442 3532 ca-

1365 3553 1536 3585 nonacarii
1565 3553 1597 3586 T
1621 3552 1634 3596 ΙΙ
1657 3551 1792 3594 quidem
1817 3551 1851 3585 T
1873 3550 1886 3594 ΙΙ
1911 3551 1953 3584 28
1977 3549 2079 3583 talem
2100 3547 2136 3580 in
2158 3555 2365 3589 prouinciam
2389 3555 2442 3578 ca-

1365 3597 1574 3630 nonicarium
1600 3598 1633 3631 T
1651 3597 1664 3641 ss
1688 3598 1731 3630 30
1755 3598 1794 3629 ut
1814 3594 2082 3637 Hamburqenu'e]
2102 3592 2162 3642 apt
2182 3589 2244 3623 VT
2263 3592 2296 3622 et
2322 3589 2442 3668 υιιίρᾱμ

1364 3643 1405 3676 31
1425 3644 1469 3683 et]
1494 3642 1535 3675 ad
1555 3642 1610 3686 ΤΙΙ
1627 3641 1785 3675 subiectis
1808 3653 1866 3675 om.
1882 3640 1915 3674 T
1928 3640 1940 3682 ΙΙ
1957 3640 1999 3673 32
2015 3637 2133 3687 inferri
2153 3633 2290 3678 Vvulq.]
2316 3634 2404 3686 fieri.
2431 3658 2441 3676 ,

1364 3687 1488 3720 inferre
1512 3688 1556 3720 al.
1586 3686 1600 3732 ss
1626 3685 1816 3730 impulsori·
1838 3685 1888 3727 V]
1922 3681 2129 3726 impulsionis
2153 3678 2187 3712 Τ
2193 3679 2281 3723 vutq.
2312 3679 2325 3723 ΙΙ
2353 3689 2441 3712 enim

1329 3735 1335 3773 Ι
1366 3733 1443 3766 add.
1461 3732 1555 3766 Beck
2344 3743 2346 3747 ’
