2580 4022
289 155 395 197 Nov.
417 153 609 196 CXLVII
642 155 677 193 1.
699 153 724 191 2

285 261 307 305 ἢ
339 259 575 306 σπορτούλων
603 259 740 303 μᾶλλον
762 256 837 293 ἀλλ’
863 258 904 293 οὐ
926 260 1002 292 τῶν
1027 256 1281 303 πρωτοτύπων
1303 271 1359 302 γε-

284 305 442 348 νόμενος,
469 307 529 338 καὶ
553 304 636 338 οὗτε
658 301 742 348 παρ’
769 306 918 338 ἐκείνων
941 301 1024 337 οὔτε
1043 302 1143 349 παρὰ
1166 303 1230 336 τοῦ
1255 300 1358 347 δημο·

284 354 362 384 σίου
385 349 511 393 λαβὼν
534 346 598 382 ούκ
622 350 662 381 ἐν
685 350 798 391 καιρῷ
823 348 953 382 λοιπὸν
972 350 1150 391 μέμνηται
1164 348 1242 380 τῶν
1259 349 1361 381 ἐκτα-

282 396 359 440 γῶν
392 394 412 436 ἢ
447 393 516 437 τὴν
551 394 692 427 ἐκεῖθεν
724 391 922 435 ἀπαίτησιν
957 393 1151 438 ἐπαγαγεῖν
1180 393 1359 437 πειρᾶται.

282 436 499 472 τούναντίον
511 440 579 482 μὲν
595 433 661 472 οὖν
676 438 744 472 τὸν
760 437 929 471 τοιοῦτόν
946 451 981 471 τι
998 439 1115 470 ποιεῖν
1132 437 1360 481 ἐγχειροῦντα

282 482 331 517 οἷς
361 487 437 516 ταῖς
457 481 642 527 ἡμετέραις
666 481 929 527 λυμαινόμενον
954 480 1265 526 ἀποστρεφόμεθα
1290 479 1359 515 δω-

283 531 392 572 ρεαῖς·
431 524 519 561 dim
554 529 675 562 πᾶσαν
711 528 835 572 ἐφεξῆς
865 524 1093 569 ἀπαιτήσεως
1120 526 1306 571 πρόφασιν
1336 522 1360 568 ἢ

282 576 471 617 περίνοιαν
500 570 742 617 ἀναιρεθῆναι
773 569 865 605 κατά
890 584 931 605 τε
954 573 1031 605 τῶν
1055 568 1244 605 ὑποτελῶν
1267 569 1360 604 κατά

281 631 321 651 τε
345 618 409 651 τοῦ
435 615 615 672 δημοσίου,
640 620 703 671 καὶί
719 619 866 661 μείζονα
882 616 1138 670 περιγενέσθαι
1155 614 1360 650 κάντεῦθεν

1345 147 1428 193 720

1983 163 2043 192 DE
2071 163 2276 201 RELIQUIS
2303 165 2505 197 PUBLICIS

1429 258 1621 310 commodis
1637 258 1747 302 magis
1766 261 1802 294 et
1819 269 1892 294 non
1908 260 2165 305 principalibus
2182 261 2313 306 factus,
2337 263 2373 298 et
2390 273 2504 307 neque

1428 302 1474 336 ab
1505 311 1556 336 eis
1587 312 1699 347 neque
1727 312 1750 338 a
1781 304 1924 347 publico
1954 306 2145 350 accipiens,
2176 316 2249 341 non
2275 306 2313 341 in
2346 311 2504 352 tempore

1430 346 1555 399 deinde
1578 350 1793 382 memoratur
1817 349 2086 393 deputationum
2109 354 2173 385 aut
2196 350 2325 386 exinde
2348 353 2503 387 exactio-

1430 401 1509 442 nem
1542 391 1675 427 inferre
1709 394 1874 437 temptat;
1914 403 1935 428 e
1969 395 2146 430 contrario
2177 398 2297 430 autem
2328 406 2408 431 eum
2444 397 2505 441 qui

1396 439 1414 470 5
1429 436 1630 471 huiusmodi
1653 436 1785 481 aliquid
1810 437 1926 472 facere
1949 440 2225 484 praesumpserit
2248 443 2427 485 tamquam
2443 452 2504 477 no-

1429 480 1511 516 stris
1539 481 1746 525 pestiferum
1778 482 1979 527 repellimus
2011 484 2272 527 donationibus,
2303 491 2344 520 ut
2366 491 2504 521 omnem

1430 525 1474 560 de
1500 529 1617 561 cetero
1647 526 1868 571 repetitionis
1899 528 2122 564 occasionem
2154 534 2217 564 aut
2243 530 2372 574 [Ipsum
2396 540 2503 574 quae-

1428 573 1528 605 ratur
1559 581 1651 614 quae
1681 572 1719 606 in
1751 572 2006 607 consuetudine
2029 583 2101 608 non
2124 577 2190 616 est]
2214 575 2417 619 perinoeam
2441 585 2504 610 au-

1428 615 1514 650 ferri
1537 618 1609 650 tam
1632 618 1757 651 contra
1779 617 1959 652 subiectos
1988 627 2092 661 quam
2116 621 2240 653 contra
2263 619 2445 664 publicum
2469 623 2505 654 et

282 659 567 709 ἀπραγμοσύνην
589 665 661 696 τοῖς
684 665 866 706 ημετέροις
889 659 1110 695 υποτελέσιν.
1148 658 1208 694 ὅτι
1225 659 1264 694 δὲ
1279 659 1359 694 τού·
1375 663 1415 695 10
1429 661 1595 695 maiorem
1619 661 1823 705 praevalere
1845 665 1882 697 et
1905 671 1949 696 ex
1972 661 2041 697 hoc
2064 661 2349 709 ἀπραγμοσύνην
2372 664 2504 699 nostris

281 721 359 741 των
387 705 632 742 ἀπολαύσουσι
663 709 740 740 τῶν
770 705 918 751 δωρεῶν
944 709 1004 739 καὶ
1036 701 1120 739 ὅσαι
1150 708 1223 738 τοῖς
1247 704 1361 739 θείοις

281 749 387 796 ἡμῶν
419 750 611 796 πριβάτοις
634 749 657 794 ἢ
679 753 732 794 τῷ
757 751 851 794 θείῳ
875 748 979 795 ἡμῶν
1003 754 1231 796 πατριμονίῳ
1256 760 1360 795 προς-

281 796 405 839 ήκουσι
436 796 586 839 κτήσεις,
617 799 676 830 καὶ
700 792 783 830 οὐδὲ
805 797 898 829 κατὰ
921 796 1093 842 γεωργῶν
1116 791 1361 838 ἣμισθωτῶν

282 842 305 885 ἢ
336 843 576 895 ἐμφυτευτῶνΙ
598 841 773 894 εἴςπραξιις
803 838 988 893 δημρσίων
1011 838 1102 884 ὑπὲρ
1124 841 1203 873 τῶν
1226 840 1360 884 εἰρημέ-

1429 705 1609 741 subiectis.
1657 706 1769 749 Quam
1799 716 1862 751 per
1894 706 1959 741 has
1983 706 2215 751 perfruuntur
2237 708 2446 744 donationes
2469 713 2505 743 et

1430 760 1520 794 quae
1549 751 1661 786 sacriS
1693 751 1826 786 nostris
1857 751 2002 795 privatis
2026 755 2089 786 aut
2113 752 2228 787 divino
2254 757 2376 788 nostro
2396 754 2504 797 patri-

1428 795 1546 830 monio
1572 799 1778 839 competunt
1801 796 2062 840 possessiones,
2093 800 2127 831 et
2156 806 2271 842 neque
2295 799 2420 832 contra
2443 808 2503 833 co-

1427 839 1529 874 lonos
1553 849 1666 884 neque
1690 844 1815 876 contra
1832 840 2009 876 locatores
2025 845 2088 875 aut
2103 842 2348 886 emphyteutas
2364 843 2503 877 exactio

281 899 359 920 νων
383 889 469 941 ημῖν
491 898 680 940 γενησεται
703 898 844 940 χρονων
867 899 889 928 η
915 885 1014 930 παρὰ
1033 886 1111 918 τῶν
1133 884 1180 918 τὰ
1205 881 1360 928 δημόσια
1377 888 1414 919 15
1428 884 1698 937 fiscalium-pro
1726 884 1917 929 praedictis
1942 896 1964 920 a
1986 885 2088 920 nobis
2112 886 2176 920 fiat
2198 886 2418 931 temporibus
2441 889 2506 922 aut

281 932 573 976 εἰςπραττοντων
598 945 619 973 η
650 943 749 975 παρα
779 931 856 964 τῶν
880 929 1094 964 παλατίνων
1119 927 1252 970 αὐτῶν,
1283 929 1360 962 τῶν

280 977 396 1010 πᾶσιν
431 973 718 1020 αἱμολογημένων
752 976 839 1010 ἐστί.
896 975 1014 1008 ταῦτα
1049 972 1091 1008 δέ
1124 987 1243 1019 φαμεν
1277 976 1359 1018 περὶ

279 1022 357 1054 τῶν
381 1018 627 1066 ὀφειλομένων
655 1022 709 1054 ἑτι
731 1023 791 1053 καὶ
815 1019 914 1064 παρὰ
937 1022 1010 1053 τοῖς
1033 1017 1214 1063 ἡμετέροις
1238 1016 1360 1052 ὄντων

280 1063 502 1099 ὑποτελέσιν.
549 1065 580 1098 εἰ
613 1066 680 1111 γάρ
711 1078 747 1098 τι
777 1064 990 1109 φθάσαντες
1021 1065 1146 1098 ἐκεῖνοι
1180 1061 1359 1097 δεδώκασι

1428 929 1473 964 ab
1497 930 1540 964 iis
1564 940 1625 974 qui
1648 929 1827 974 publicum
1852 930 1998 975 exigunt
2020 933 2083 965 aut
2106 941 2127 964 a
2146 930 2338 975 palatinisi
2364 931 2413 966 sis
2429 941 2503 966 ma·

1428 973 1697 1009 nifestissimum
1721 978 1786 1010 est.
1823 974 1923 1010 Haec
1938 985 2020 1010 vero
2041 975 2199 1018 dicimus,
2225 985 2316 1020 quae
2355 977 2504 1011 ebentur

1427 1019 1544 1054 adhuc
1568 1021 1604 1054 et
1627 1019 1723 1063 apud
1745 1021 1886 1055 nostros
1910 1024 1993 1055 sunt
2017 1020 2207 1055 subiectos.
2256 1021 2293 1055 Si
2322 1021 2415 1056 enim
2438 1021 2503 1055 ali-

1428 1064 1511 1108 quid
1544 1064 1692 1108 contigit
1721 1073 1783 1099 eos
1807 1064 1891 1100 dare
1915 1068 1950 1099 et
1973 1065 2041 1099 hoc
2064 1065 2160 1109 apud
2182 1065 2330 1100 curiales
2354 1065 2504 1100 forsitan

279 1113 340 1143 καὶ
361 1111 472 1145 τοῦτο
496 1110 595 1155 παρὰ
618 1109 823 1163 βουλευταῖς
846 1109 955 1151 τυχὸν
978 1107 1000 1152 ἢ
1020 1108 1217 1149 ταξεώταις
1232 1105 1254 1151 ἢ
1271 1106 1357 1143 ὑπο·
1372 1111 1413 1144 20
1427 1112 1490 1143 aut
1525 1108 1696 1144 officiales
1730 1112 1793 1143 aut
1811 1109 2044 1161 ’hypodeotas
2083 1113 2147 1144 aut
2184 1110 2403 1154 delegatores
2441 1112 2504 1145 aut

280 1153 418 1189 δέκταις
450 1152 472 1197 ἢ
497 1154 733 1201 ἐκλήπτορσιν
753 1168 774 1196 η
799 1158 859 1187 καὶ
882 1154 982 1200 παρὰ
1005 1156 1078 1187 τοῖς
1101 1153 1166 1187 τὰς
1189 1155 1360 1198 ἐπαρχίας

278 1198 534 1244 τρακτεύουσιν
557 1201 685 1243 ἔμεινε,
706 1200 814 1233 τοῦτο
834 1197 874 1232 οὗ
890 1197 1099 1243 συναναλαμ
1128 1197 1261 1242 άνομεν
1277 1195 1361 1232 οὐδὲ

277 1248 381 1292 μέρος
412 1243 621 1289 ποιούμεθα
650 1245 713 1287 τῆς
742 1243 924 1289 παρούσης
953 1242 1059 1288 ἡμῶν
1114 1244 1241 1289 ωρεᾶς,
1274 1240 1357 1277 ἀλλ’

279 1286 569 1332 ἀποσωθήσεται
591 1291 644 1331 τῷ
666 1287 845 1333 δημοσίῳ·
869 1289 947 1323 τῶν
971 1285 1224 1322 ἀτοπωτάτων
1247 1284 1359 1333 ὑπάρ-

278 1347 342 1377 χον
366 1335 408 1369 τὸ
433 1333 533 1413 παῖξὶ
653 1332 661 1343 ‘

280 1379 414 1423 λαβεῖν,
439 1376 483 1412 ἀλ
547 1377 735 1413 ἰδιωτικὸν
759 1379 893 1424 ἑτέρων
916 1376 1036 1424 κέρδος
1058 1378 1245 1424 γενέσθαι.

1427 1154 1523 1198 apud
1547 1153 1614 1189 hos
1638 1154 1699 1198 qui
1722 1155 1984 1198 provinciarum
2008 1158 2092 1189 sunt
2114 1155 2306 1189 numerarii
2323 1155 2503 1197 remansit,

1427 1199 1496 1233 hoc
1519 1208 1589 1234 non
1607 1199 1933 1243 comprehendimus
1950 1209 2064 1243 neque
2079 1203 2216 1243 partem
2232 1199 2384 1234 facimus
2401 1210 2504 1245 prae-

1428 1243 1539 1278 sentis
1562 1247 1706 1279 nostrae
1729 1243 1943 1287 donationis,
1968 1244 2030 1279 sed
2054 1244 2248 1279 salvabitur
2262 1244 2424 1289 publico:
2449 1245 2503 1279 in·

1428 1288 1653 1324 utilissimum
1677 1289 1926 1332 constitutum,
1957 1290 1999 1323 ut
2026 1289 2120 1332 quod
2143 1299 2165 1323 a
2188 1289 2357 1324 subiectis
2382 1290 2504 1325 datum

550 1335 628 1368 τῶν
643 1332 830 1370 υποτελῶν
846 1331 1040 1378 δεδομένον
1059 1332 1108 1377 μὴ
1126 1333 1167 1367 τὸ
1187 1331 1361 1377 δημόσιον
1374 1335 1415 1367 25
1429 1335 1485 1368 est
1507 1343 1579 1370 non
1602 1333 1711 1369 fiscus
1735 1333 1896 1378 accipiat,
1921 1334 1984 1369 sed
2007 1334 2189 1378 proprium
2211 1334 2349 1369 lucrum
2372 1334 2447 1370 fiat.

1266 1467 1421 1504 CAPUT
1444 1467 1491 1503 II.

351 1532 486 1578 Ταύτης
510 1533 549 1569 δὲ
571 1533 677 1579 ἡμῶν
699 1537 762 1590 τοῖς
785 1533 987 1579 φιλοτιμίας
1010 1533 1211 1579 ἐκκλείομεν
1232 1538 1292 1568 καὶ
1312 1534 1359 1568 τὰ

278 1578 551 1627 ὁμολογηθέντα
580 1581 689 1622 τυχὸν
721 1595 743 1622 η
775 1582 834 1613 καὶ
865 1577 1198 1625 ἀντιπεφωνημένα
1219 1580 1272 1622 τῷ
1297 1577 1358 1622 δη-

277 1630 393 1669 μοσίῳ
426 1625 526 1678 παρὰ
555 1625 789 1679 τρακτευτῶν
805 1621 828 1667 ἢ
849 1628 1086 1678 σκρινιαρίων
1110 1622 1132 1667 ἢ
1157 1621 1357 1670 οἷρκαρίων·

1493 1533 1571 1569 Hac
1607 1544 1691 1570 vero
1731 1537 1854 1571 nostra
1890 1535 2053 1577 largitate
2088 1534 2307 1571 excludimus
2342 1538 2378 1570 et
2413 1544 2504 1580 quae

1428 1583 1534 1614 cauta
1565 1582 1648 1615 sunt
1673 1579 1824 1615 forsitan
1849 1582 1914 1615 aut
1935 1580 2105 1616 fideiussa
2127 1579 2271 1625 publico
2295 1589 2318 1614 a
2339 1590 2503 1615 numera-

1427 1624 1490 1659 riis
1527 1627 1590 1659 aut
1623 1625 1772 1660 arcariis
1803 1628 1866 1660 aut
1896 1625 2107 1669 scriniariis3
2139 1625 2225 1660 nihil
2253 1624 2346 1660 enim
2376 1624 2430 1660 his
2460 1625 2504 1660 de

277 1667 361 1704 οὐδὲ
392 1683 471 1722 γαρε
489 1673 549 1703 καὶ
579 1680 718 1703 vaurms
749 1680 809 1711 της
838 1670 916 1711 ἰσης
945 1667 1185 1713 μεταδίδομεν
1213 1667 1359 1722 δωρεᾶς,
1372 1671 1414 1704 30
1428 1678 1542 1714 aequa
1567 1669 1779 1705 conferimus
1805 1670 2005 1714 donatione,
2030 1670 2115 1715 quia
2138 1669 2246 1705 semel
2261 1669 2407 1714 propria
2421 1669 2505 1705 fecit

277 1716 359 1748 ἐπεί
383 1727 424 1760 γε
455 1711 556 1753 α’παξ
588 1711 797 1756 ᾠκειώσατό
830 1726 870 1746 τε
902 1717 962 1746 καὶ
992 1712 1122 1756 σχεδὸν
1150 1715 1220 1756 ἔχει
1243 1727 1360 1747 ταυτα

278 1758 394 1802 λαβὸν
423 1758 465 1792 τὸ
499 1756 683 1801 δημόσιον.
731 1759 792 1801 τῆς
816 1756 855 1790 δὲ
879 1758 982 1791 θείας
1004 1758 1135 1800 ταύτης
1159 1757 1361 1803 φιλοτιμίας

279 1804 488 1848 ἐξαιροῦμεν
511 1803 573 1848 τάς
595 1816 635 1836 τε
659 1803 920 1848 στρατιωτικὰς
939 1805 996 1835 καὶ
1018 1800 1269 1847 φοιδερατικάς
1287 1803 1357 1837 dis-

279 1849 484 1883 cussionas·
524 1849 633 1881 αὑται
655 1846 722 1892 γὰρ
747 1845 788 1880 ού
814 1845 1078 1891 προςάπτονται
1101 1849 1168 1891 μὲν
1184 1848 1263 1881 τῶν
1278 1844 1358 1890 ἡμε-

1428 1718 1464 1748 et
1485 1723 1601 1758 paene
1624 1714 1733 1750 habet
1755 1715 1845 1750 haec
1869 1715 2049 1759 accipiens
2073 1714 2193 1750 fiscus.
2232 1714 2287 1749 De
2299 1723 2402 1749 sacra
2421 1724 2503 1750 vero

1427 1758 1496 1792 hac
1520 1758 1685 1802 largitate
1707 1759 1902 1804 excipimus
1926 1763 1999 1794 tam
2021 1759 2192 1794 militares
2215 1769 2319 1802 quam
2343 1758 2503 1794 foedera-

1427 1803 1517 1837 ticas
1542 1803 1797 1848 discussionem
1821 1804 1920 1847 ipsae
1944 1804 2036 1839 enim
2051 1814 2123 1839 non
2139 1804 2347 1847 contingunt
2362 1803 2503 1847 quidem

1428 1848 1570 1881 nostros
1608 1847 1805 1890 subiectos,
1842 1847 1973 1883 iustam
2007 1858 2088 1883 vero
2124 1848 2343 1883 exactionem
2379 1851 2504 1883 contra

277 1895 393 1938 τέρων
417 1891 616 1933 ὑποτελῶν,
649 1893 792 1946 δικαίαν
816 1889 856 1924 δὲ
878 1891 947 1934 τὴν
970 1892 1149 1936 εἴςπραξιν
1172 1889 1248 1926 κατ’
1276 1894 1359 1925 ἐκεί·
1373 1894 1415 1927 35
1428 1891 1506 1926 illos
1534 1891 1694 1926 inferunt
1725 1891 1786 1936 qui
1815 1902 1888 1927 non
1913 1895 2153 1936 competenter
2175 1892 2218 1927 de
2240 1892 2383 1936 publico
2409 1894 2502 1928 acci-

277 1951 356 1971 νων
388 1934 561 1982 ἐπάγουσι
591 1937 669 1970 τῶν
700 1948 741 1969 ου
771 1934 1020 1982 προςηκόντως
1043 1938 1081 1969 ἐκ
1100 1937 1164 1970 τοῦ
1190 1934 1232 1978 δη
1261 1940 1360 1970 οσίου

277 1981 472 2026 λαβόντων
490 1978 559 2015 κᾶν
583 1982 614 2014 εἰ
636 1979 817 2026 προφάσει
841 1982 1100 2027 στρατιωτικῆς
1120 1978 1143 2023 ἢ
1159 1950 1361 2026 ‹pocot-‘epan-

276 2028 337 2069 κῆς
372 2024 536 2068 δαπάνης
570 2028 696 2067 ἔτυχον
730 2025 928 2070 εἰληφότες,
965 2022 1062 2068 ὅμως
1093 2026 1223 2059 οἰκεῖον
1253 2027 1360 2059 τοῦτο

1428 1937 1540 1980 piunt,
1564 1936 1620 1971 vel
1637 1936 1701 1981 (si)
1724 1937 1911 1972 occasione
1934 1937 2094 1973 militaris
2118 1937 2173 1972 vel
2190 1937 2427 1973 foederaticae
2442 1947 2502 1973 ex-

1428 1990 1561 2025 pensae
1584 1981 1806 2025 contigerunt
1829 1983 2056 2027 accipientes,
2086 1984 2205 2018 tamen
2229 1982 2412 2028 proprium
2436 1983 2504 2018 hoc

274 2117 500 2151 exactionem
524 2115 608 2150 inde
627 2126 806 2160 perapere
832 2119 990 2160 temptat.
1038 2114 1133 2157 Quin
1156 2126 1175 2149 e
1199 2116 1383 2150 contrario
1405 2125 1484 2149 eum
1508 2116 1570 2159 qui
1595 2117 1666 2150 tale
1689 2116 1778 2160 quid
1797 2116 1925 2160 facere
1948 2116 2068 2158 audet,
2094 2121 2275 2161 tamquam
2299 2118 2503 2152 donationi-

274 2161 341 2196 bus
371 2161 505 2195 nostris
535 2160 739 2195 nociturum
771 2170 1000 2195 aversamur:
1034 2164 1075 2194 ut
1106 2160 1221 2194 omnis
1250 2159 1419 2204 deinceps
1450 2159 1654 2195 exactionis
1678 2170 1789 2196 causa
1813 2161 1868 2196 vel
1890 2159 2109 2195 machinatio
2132 2164 2204 2196 tam
2227 2160 2399 2196 adversus
2421 2161 2503 2196 sub-

273 2206 386 2241 iectos
416 2215 523 2250 quam
555 2204 727 2240 adversus
755 2204 883 2248 fiscum
915 2205 1120 2249 auferatur,
1153 2210 1263 2250 atque
1294 2204 1412 2239 maior
1441 2203 1524 2239 inde
1555 2215 1698 2250 quoque
1727 2205 1976 2250 tranquillitas
2004 2204 2171 2240 subiectis
2201 2206 2335 2241 nostris
2358 2205 2503 2242 existat.

276 2250 346 2285 His
377 2254 496 2285 autem
522 2248 776 2284 donationibus
807 2250 914 2284 etiam
937 2249 1190 2295 possessiones
1219 2249 1302 2294 frui
1332 2259 1576 2294 quaecumque
1606 2249 1657 2284 ad
1684 2259 1791 2284 sacra
1817 2250 1966 2295 privata
1990 2254 2116 2284 nostra
2140 2254 2205 2285 aut
2226 2260 2367 2285 sacrum
2384 2251 2504 2297 patri-

273 2294 430 2330 monium
459 2299 622 2329 nostrum
651 2295 869 2340 pertineant,
902 2301 938 2329 et
968 2304 1013 2329 ne
1044 2297 1173 2329 contra
1205 2293 1353 2328 colonos
1384 2293 1526 2338 quidem
1558 2297 1623 2329 aut
1653 2294 1889 2330 conductores
1920 2298 1986 2329 aut
2018 2293 2266 2340 emphyteutas
2291 2294 2505 2331 tributorum

274 2340 502 2375 exactionem
520 2349 595 2385 pro
617 2338 816 2384 praedictis
839 2349 862 2373 a
882 2339 984 2374 nobis
1010 2338 1229 2385 temporibus
1251 2338 1325 2373 sive
1348 2338 1392 2373 ab
1418 2338 1462 2373 iis
1485 2338 1549 2384 qui
1573 2338 1707 2374 tributa
1731 2340 1887 2384 exiqunt
1909 2340 1983 2375 sive
2000 2350 2022 2373 a
2035 2339 2211 2385 palatinis
2225 2349 2348 2374 eorum
2365 2340 2507 2375 institui

275 2385 381 2420 licere
412 2383 513 2430 apud
544 2394 667 2419 omnes
697 2383 735 2418 in
767 2383 938 2434 confesso
970 2388 1035 2419 est.
1082 2382 1185 2418 Haec
1215 2386 1333 2418 autem
1364 2382 1408 2418 de
1439 2382 1485 2417 iis
1514 2382 1665 2418 dicimus
1695 2394 1788 2429 quae
1816 2383 1934 2419 adhuc
1958 2383 2130 2419 debentur
2153 2387 2189 2419 et
2210 2383 2311 2429 apud
2328 2384 2506 2420 subiectos

274 2433 421 2464 nostros
449 2432 542 2464 sunt.
592 2428 634 2463 Si
664 2428 753 2473 quid
783 2439 875 2462 enim
906 2428 963 2463 illi
991 2431 1099 2463 antea
1132 2427 1308 2463 dederunt
1338 2426 1446 2472 idque
1477 2427 1579 2474 apud
1608 2428 1765 2463 curiales
1797 2429 1899 2474 forte
1923 2428 1978 2464 vel
2000 2428 2179 2474 officiales
2202 2428 2258 2464 vel
2279 2432 2505 2475 susceptores

274 2474 329 2509 vel
363 2477 573 2519 acceptores
608 2473 664 2508 vel
697 2473 969 2518 provinciarum
1001 2476 1216 2508 tractatores
1246 2473 1434 2514 remansit,
1470 2471 1539 2507 hoc
1569 2483 1643 2508 non
1675 2473 2007 2519 comprehendimus
2038 2482 2104 2507 nec
2133 2476 2275 2518 partem
2298 2474 2505 2519 praesentis

274 2518 481 2553 donationis
504 2521 652 2553 nostrae
673 2519 843 2563 facimus,
866 2518 932 2552 sed
949 2518 1040 2562 fisco
1061 2517 1346 2558 conservabitur,
1370 2527 1449 2552 cum
1473 2517 1768 2553 absurdissimum
1791 2518 1851 2560 sit,
1875 2522 1916 2554 ut
1930 2517 1963 2552 si
1979 2516 2079 2563 quod
2092 2528 2116 2552 a
2133 2517 2299 2552 subiectis
2314 2517 2437 2553 datum
2452 2521 2506 2553 est

273 2574 347 2598 non
368 2564 481 2608 fiscus
505 2563 673 2608 accipiat,
697 2562 762 2597 sed
781 2563 965 2608 privatum
988 2562 1144 2597 aliorum
1168 2562 1306 2597 lucrum
1327 2562 1406 2606 fiat.

407 2608 455 2642 11.
503 2608 556 2643 Ab
588 2607 657 2642 hac
673 2617 758 2642 vero
783 2606 998 2642 liberalitate
1020 2611 1148 2642 nostra
1171 2617 1214 2642 ea
1238 2617 1382 2652 quoque
1405 2606 1642 2648 excludimus,
1666 2616 1760 2652 quae
1783 2606 1952 2651 confessa
1974 2606 2077 2652 forte
2099 2607 2156 2641 vel
2176 2607 2284 2641 etiam
2307 2608 2504 2642 constituta

273 2655 357 2688 sunt
384 2653 474 2696 fisco
506 2663 529 2687 a
562 2652 821 2687 tractatoribus
851 2651 908 2688 vel
935 2652 1140 2687 scriniariis
1170 2651 1227 2687 vel
1249 2651 1414 2686 arcariis.
1457 2651 1583 2697 Neque
1601 2651 1696 2686 enim
1719 2650 1785 2686 hos
1808 2661 1951 2696 quoque
1974 2650 2137 2696 aequalis
2160 2650 2366 2687 donationis
2382 2653 2504 2698 parti-

273 2698 371 2744 cipes
393 2696 587 2744 reddimus‚
611 2697 780 2740 quoniam
799 2697 912 2741 fiscus
934 2697 1043 2732 semel
1063 2696 1152 2731 haec
1174 2695 1243 2730 sibi
1265 2695 1459 2732 vindicavit
1481 2701 1517 2732 et
1532 2695 1796 2748 propemodum
1817 2698 1966 2741 accepta
1990 2695 2105 2731 habet.
2146 2694 2363 2742 Excipimus
2386 2700 2504 2731 autem

273 2754 296 2777 a
319 2751 426 2777 sacra
449 2741 519 2777 hac
542 2741 758 2777 liberalitate
781 2745 816 2777 et
839 2742 1012 2777 militares
1031 2745 1066 2777 et
1087 2740 1362 2787 foederatorum
1387 2740 1627 2776 discussiones
1634 2753 1649 2782 ;
1673 2739 1741 2775 hae
1757 2740 1850 2774 enim
1865 2740 2043 2775 subiectos
2060 2743 2204 2775 nostros
2219 2751 2293 2775 non
2309 2740 2503 2793 attinqunt,

272 2786 338 2822 sed
366 2787 496 2821 iustam
528 2786 701 2822 adversus
730 2786 813 2821 illos
843 2786 1073 2822 exactionem
1104 2785 1280 2820 inducunt
1308 2786 1371 2830 qui
1401 2796 1476 2820 non
1509 2788 1751 2831 competenter
1781 2794 1831 2820 ex
1846 2783 1997 2830 publico
2021 2788 2257 2830 acceperunt:
2280 2785 2343 2829 qui
2366 2785 2505 2821 etiamsi

270 2832 372 2877 forte
395 2831 537 2866 nomine
560 2831 729 2866 militaris
753 2834 818 2866 aut
838 2830 1113 2876 foederatorum
1137 2833 1300 2876 sumptus
1324 2830 1541 2876 acceperint,
1567 2833 1686 2865 tamen
1708 2828 1778 2864 hoc
1799 2829 1991 2875 proprium
2016 2828 2155 2864 lucrum
2176 2828 2355 2873 fecerunt.
2386 2831 2504 2874 Atque

322 2925 336 2955 1
362 2919 385 2963 ἢ
411 2935 467 2954 om.
488 2933 506 2956 ς
524 2922 536 2964 ΙΙ
554 2920 811 2965 σπορτούλλων
836 2923 876 2954 Μ
894 2924 904 2964 Η
921 2919 1190 2966 πρωτοτύπων]
1215 2931 1356 2965 πρωτο-

271 2963 400 3000 τύπων
423 2963 561 3009 μᾶλλον
584 2967 616 3000 L
632 2966 644 3005 ΙΙ
664 2969 683 3000 2
709 2962 875 3000 *οὗδὲ-
892 2963 976 2999 οὐδὲ
1000 2966 1072 3000 ML
1089 2966 1101 3009 ΙΙ
1118 2966 1195 3007 τοῦ]
1220 2964 1301 2998 τοὺς
1325 2966 1356 2998 L

272 3011 319 3056 116
343 3009 623 3053 λαμβανόμενον
647 3012 706 3044 Ma
735 3011 748 3055 ΙΙ
779 3013 818 3046 10
851 3008 910 3045 ὅτι
934 3009 973 3044 δὲ
995 3008 1151 3052 τούτων]
1177 3021 1275 3053 quam
1299 3021 1357 3053 per

273 3058 307 3098 (ι’.
333 3069 359 3089 e.
385 3053 459 3096 διὰ)
485 3056 545 3088 has
568 3068 587 3092 ς
608 3055 620 3100 ΙΙ
648 3057 688 3091 13
713 3059 843 3090 κτίσεις
866 3057 898 3089 L
923 3056 935 3100 ΙΙ
961 3053 983 3098 ἢ
1005 3055 1224 3099 μισθωτῶν]
1249 3065 1356 3096 neque

273 3103 389 3133 contra
411 3099 572 3133 locatores
596 3113 615 3136 ς
631 3101 642 3144 ΙΙ
667 3102 704 3134 16
728 3099 965 3134 παλλατίνων
987 3102 1018 3133 L
1036 3101 1048 3144 u
1066 3102 1106 3134 21
1137 3098 1356 3143 ἐκλὴμπτορ-

272 3156 332 3178 σιν
355 3144 424 3188 ΜΙΙ
443 3147 485 3179 22
513 3143 696 3178 συναναλα
713 3142 931 3189 ιβανόμενον
953 3147 984 3179 L
1007 3145 1019 3185 ΙΙ
1045 3141 1130 3178 οῦδὲ
1152 3158 1211 3178 om.
1235 3146 1267 3178 L
1284 3144 1296 3188 ΙΙ
1314 3146 1357 3178 24

271 3188 445 3277 ’ἱερεῖ
466 3190 513 3268 {¹}
536 3187 1164 3270 '1233232321‘2320’2Attidem
1178 3188 1276 3278 55⁰2&
1299 3188 1357 3266 {3}

271 3279 408 3311 arcariis
431 3281 491 3311 aut
513 3279 698 3313 scriniariis
722 3247 770 3323 55!
787 3282 829 3314 30
855 3248 1063 3322 οὖδὲ]ρῃίὶι11
1088 3281 1108 3313 i.
1129 3292 1154 3312 e.
1179 3276 1284 3313 οὐδὲν
1308 3279 1356 3321 ςῖΙ

272 3325 331 3356 καὶ
358 3335 414 3357 om.
433 3336 451 3360 ς
466 3323 479 3368 ΙΙ
498 3325 536 3358 31
565 3327 625 3357 καὶ
649 3322 780 3366 σχεδὸν
795 3344 839 3350 —-
856 3326 898 3359 33
923 3322 988 3358 τάς
1011 3337 1049 3357 τε
1066 3336 1124 3357 om.
1142 3324 1209 3363 ΜΙΙ
1228 3325 1272 3358 32
1295 3322 1355 3356 λα-

271 3366 351 3409 βῴν
375 3369 406 3401 L
437 3368 450 3411 ΙΙ
483 3370 525 3402 33
557 3369 778 3402 discusstonas
803 3370 834 3402 L
871 3366 1017 3403 δίσκουσ
1045 3371 1174 3403 σίονασ
1197 3370 1245 3403 Its
1268 3368 1280 3412 ΙΙ
1312 3370 1355 3403 34

273 3409 391 3453 αὗται]
416 3413 507 3454 ipsae
531 3415 552 3447 i.
571 3427 595 3447 e.
622 3411 730 3448 αὐταὶ
745 3426 765 3451 ς
781 3413 794 3457 ΙΙ
811 3415 852 3448 37
870 3411 950 3455 κᾶν]
967 3416 1027 3447 καὶ
1042 3410 1110 3447 κᾶν
1126 3415 1207 3448 coni.
1224 3414 1353 3448 Zacha-

272 3458 352 3498 riae,
375 3459 482 3491 malim
506 3453 529 3500 ἢ
551 3455 631 3492 κᾶν.

320 3588 336 3621 1
363 3589 534 3629 quomodis
543 3588 592 3635 Vl}
606 3592 624 3624 3
644 3591 889 3634 deputationem
900 3593 970 3634 VT,
994 3605 1075 3626 corr.
1094 3593 1276 3636 vu79.11a11t
1293 3604 1350 3624 om.

282 3629 336 3674 Vl}
355 3634 374 3664 5
391 3637 611 3676 praesumpsit
628 3636 659 3667 T
670 3635 682 3678 ΙΙ
703 3637 722 3669 6
739 3636 919 3679 repellibus
933 3638 966 3670 T
980 3638 991 3679 [Ι
1009 3640 1027 3670 7
1044 3637 1152 3679 ipsum
1170 3656 1206 3662 —
1221 3647 1287 3669 non
1303 3636 1352 3668 cst

273 3674 410 3717 ylossam
436 3679 482 3711 ad
503 3690 565 3712 voc.
583 3679 772 3721 perinoeam
789 3682 983 3724 adscriptam
1001 3695 1057 3715 om.
1076 3684 1160 3726 vulq.
1177 3682 1189 3726 ΙΙ
1210 3684 1227 3716 8
1254 3683 1349 3723 quac]

1424 2923 1484 2953 aut
1515 2920 1625 2963 ipsum
1648 2930 1731 2961 quae
1754 2919 1806 2962 Vss
1826 2919 2064 2952 consuetudine
2087 2917 2126 2959 V]
2150 2918 2424 2951 consuetudinem
2449 2918 2504 2964 ΤΗ

1425 2965 1617 3008 perhineam
1633 2962 1716 3008 VTll
1727 2964 1851 2997 auferri
1867 2966 1947 3005 tam]
1965 2966 2024 2997 aut
2038 2963 2170 2996 feritam
2183 2963 2216 2996 T
2227 2965 2238 3005 ΙΙ
2261 2965 2301 2997 10
2318 2960 2503 3009 ἄπραγμο-

1425 3009 1550 3052 σύνην]
1580 3011 1638 3042 aut
1667 3019 1725 3051 pas
1750 3019 1837 3051 pauo
1862 3020 1899 3042 co
1921 3009 1955 3042 V
1972 3010 2030 3042 aut
2053 3018 2178 3051 papaco
2203 3008 2236 3041 T
2261 3007 2273 3051 ΙΙ
2300 3008 2406 3040 nostri
2427 3008 2503 3041 sub-

1424 3055 1503 3087 iecti
1526 3054 1679 3096 (subiecti
1701 3053 1818 3087 scr.V2
1842 3055 1875 3087 in
1898 3066 1947 3097 sp.
1971 3054 2057 3095 vac.)
2078 3053 2134 3096 VH
2156 3055 2190 3086 11
2218 3052 2442 3096 fruunturVu
2462 3054 2503 3086 12

1425 3099 1555 3132 diuinio
1582 3100 1613 3132 Τ
1629 3100 1640 3141 ΙΙ
1667 3101 1710 3132 14
1733 3098 1949 3141 emphiteotas
1973 3099 2006 3131 T
2018 3098 2030 3141 ΙΙ
2050 3100 2089 3131 15
2115 3099 2173 3130 fiet
2195 3098 2281 3141 vulq.
2302 3096 2314 3141 ΙΙ
2333 3098 2373 3131 16
2397 3096 2438 3129 ab
2461 3097 2504 3129 iis

1424 3145 1525 3188 vulp]
1550 3143 1626 3176 aliis
1651 3144 1686 3177 V
1702 3143 1825 3185 aliquis
1849 3144 1881 3176 Τ
1893 3143 1905 3186 ΙΙ
1923 3153 1942 3175 a
1962 3143 2009 3184 V]
2034 3156 2093 3176 om.
2118 3143 2151 3175 T
2166 3143 2250 3185 vulq.
2270 3141 2282 3186 ss
2305 3141 2502 3174 manifestis-

1425 3189 1545 3221 simum
1565 3189 1612 3229 V]
1636 3188 1848 3221 manifestum
1873 3188 1906 3220 T
1924 3188 2009 3230 vulq.
2037 3186 2049 3231 ΙΙ
2081 3189 2121 3221 17
2153 3189 2247 3228 quae]
2280 3187 2320 3218 de
2343 3186 2395 3218 his
2419 3196 2503 3228 quae

1424 3235 1510 3277 vuly.
1537 3232 1549 3276 ΙΙ
1575 3234 1616 3267 19
1641 3233 1784 3274 contigit
1807 3243 1860 3265 eos
1879 3233 1979 3276 vuly]
2008 3231 2174 3273 contingit
2198 3241 2251 3264 eos
2277 3232 2309 3264 T
2328 3231 2375 3264 eis
2396 3231 2502 3263 conti-

1423 3279 1474 3320 git
1492 3277 1542 3322 Vll
1555 3279 1596 3312 20
1613 3278 1791 3321 ypothecos
1811 3276 1860 3322 VH
1877 3279 1915 3311 21
1936 3276 2025 3320 apud
2041 3277 2102 3309 hos
2117 3277 2218 3319 vulo]
2236 3275 2278 3308 ab
2293 3275 2346 3308 his
2364 3276 2426 3309 VT
2433 3274 2445 3319 ΙΙ
2458 3277 2501 3308 24

1423 3322 1637 3356 constitutam
1653 3323 1715 3356 VT
1727 3323 1738 3363 ΙΙ
1756 3322 1798 3355 ab
1815 3323 1848 3355 V
1859 3322 1871 3365 ΙΙ
1889 3323 1930 3355 27
1955 3332 2031 3354 vero
2057 3334 2114 3354 om.
2134 3321 2167 3354 V
2178 3320 2190 3364 ΙΙ
2208 3322 2251 3354 29
2269 3319 2429 3353 archariis
2445 3320 2507 3352 VT

1422 3366 1433 3410 ΙΙ
1449 3367 1537 3400 nihil
1558 3367 1657 3408 enim]
1682 3367 1790 3399 nichis
1808 3377 1848 3399 ex
1868 3367 1902 3400 V
1921 3366 1933 3409 ΙΙ
1962 3368 2004 3400 30
2029 3367 2145 3407 aequa]
2170 3375 2236 3407 qua
2260 3365 2292 3398 T
2312 3363 2325 3408 ΙΙ
2351 3363 2501 3397 donatio-

1422 3423 1498 3444 nem
1521 3413 1553 3446 T
1565 3411 1577 3456 ΙΙ
1593 3412 1675 3444 facit
1699 3413 1731 3445 T
1749 3411 1761 3455 ΙΙ
1787 3413 1827 3445 31
1854 3421 1945 3444 sacra
1967 3412 2066 3454 vulo]
2091 3421 2183 3443 sacro
2205 3409 2270 3444 VT
2280 3408 2293 3452 ss
2311 3410 2354 3442 32
2377 3407 2501 3440 milita-

1422 3457 1468 3489 ris
1489 3458 1523 3490 V
1543 3457 1556 3500 ΙΙ
1584 3456 1790 3490 federaticias
1815 3456 1848 3490 T
1866 3457 1878 3499 ΙΙ
1909 3457 1952 3489 33
1976 3455 2179 3488 discutiones
2200 3455 2235 3488 V
2252 3453 2264 3496 ΙΙ
2286 3454 2377 3495 ipsae
2400 3454 2500 3495 vulg]

1421 3501 1484 3543 ipsi
1499 3502 1563 3535 VT
1575 3501 1588 3545 u
1606 3503 1648 3535 34
1671 3503 1802 3534 nostros
1825 3513 1884 3534 om.
1902 3500 1959 3544 Vss
1976 3501 2019 3534 36
2042 3499 2121 3532 *vel
2145 3499 2175 3532 si
2199 3499 2253 3541 (cfi
2271 3498 2419 3538 721,10)]
2445 3496 2502 3529 uel

1422 3547 1498 3579 libri
1512 3546 1524 3588 11
1541 3546 1697 3579 militaris
1720 3547 1818 3590 vulq]
1842 3545 2003 3578 militaria
2024 3545 2058 3579 V
2072 3542 2232 3576 militarie
2250 3541 2282 3574 T
2294 3540 2306 3584 ΙΙ
2324 3540 2375 3572 vel
2400 3542 2499 3584 vulq]

1419 3591 1458 3623 ut
1478 3590 1541 3624 VT
1563 3590 1576 3635 ΙΙ
1605 3591 1823 3625 foederaticae
1846 3591 1944 3633 vuly]
1972 3587 2149 3622 federatica
2169 3586 2203 3620 V
2218 3584 2411 3618 federaticia
2437 3586 2470 3619 T
2487 3585 2500 3629 ΙΙ

1419 3645 1580 3678 expensae
1601 3637 1699 3679 vulo]
1722 3645 1861 3678 expensa
1881 3635 1944 3670 VT
1965 3634 1977 3677 ΙΙ
2004 3634 2044 3668 37
2066 3631 2302 3672 contingerunt
2323 3630 2394 3674 VT,
2414 3643 2497 3664 corr.

1417 3683 1505 3725 vuly.
1522 3680 1535 3726 ΙΙ
1553 3680 1615 3714 hoc
1638 3680 1809 3724 proprium
1833 3679 1867 3712 T
