2618 4010
181 148 388 183 CAUTELA
417 149 474 179 ET
501 149 611 179 FIDE

181 251 219 285 ἐκ
239 251 317 285 τῶν
358 248 525 304 αρτύρων
550 248 630 282 τῶν
646 244 956 294 ὖπογεγραφότων
980 250 1106 282 πίστιν
1126 247 1266 282 ἐπιθεῖ-

179 309 252 338 ναι,
275 308 323 340 μη
347 297 365 328 ἑ
385 307 405 329 ο
428 291 759 339 συμβολαιογράφος
790 296 975 341 περίεστιν
1002 290 1021 327 ὁ
1050 291 1193 327 τελέσας
1216 293 1265 334 (εἴ

178 354 219 387 γε
242 339 408 388 ἀγοραῖον
427 339 492 381 εἴη)
519 334 607 373 ὥςτε
626 339 852 386 μαρτυρῆσαι
872 340 946 373 τοῖς
966 338 1105 380 ἑαυτοῦ,
1130 334 1152 380 ἢ
1168 337 1260 383 μηδὲ

179 384 364 429 ἐνδημοίη,
397 382 478 418 ἀλλ’
504 380 638 431 ἀνάγκη
665 383 811 418 πάντως
833 382 900 427 τὴν
924 382 1157 424 ἀντεξέτασιν
1179 385 1258 418 τῶν

179 427 399 479 γραμμάτων
432 431 506 462 τῶν
536 428 768 473 τελεσμάτων
799 426 820 471 ἢ
852 430 931 464 τῶν
960 426 1260 476 ὑπογραψάντων

180 474 412 520 παραλαβεῖν,
445 475 643 517 τηνικαῦτα
667 474 842 522 προςῆκόν
867 477 968 509 ἐστιν
992 475 1084 509 ἰέναι
1106 476 1174 519 μὲν
1198 476 1260 510 ἐπὶ

179 521 239 556 τὰς
270 524 465 566 συγκρίσεις
495 516 590 562 (οὐδὲ
619 519 687 567 γὰρ
717 519 956 555 παντάπασιν
986 517 1095 555 αὐτὰς
1123 519 1258 566 ἀπαγο-

178 565 353 614 ρεύομεν),
391 563 450 599 διὰ
477 565 592 608 πάσης
623 563 662 599 δὲ
693 562 873 612 ἀκριβείας
901 568 1042 611 χωρεῖν,
1076 567 1135 598 καὶ
1169 563 1258 600 πάν-

177 622 248 646 τως
279 611 310 644 εἰ
337 614 518 655 νομίσειεν
550 608 673 645 αὐταῖς
703 613 830 665 χρῇναι
854 610 1046 651 πιστεύειν,
1069 613 1128 644 καὶ
1152 609 1259 656 ὅρκον

1243 163 1246 166 ι
1263 131 1351 178 367

2039 133 2146 175 Nov.
2178 131 2360 173 LXXIII
2391 134 2414 172 7

1335 246 1441 282 nibus
1465 246 1633 290 invenire,
1658 256 1774 291 neque
1797 245 1941 281 tabellio
1961 247 2124 290 superest
2148 243 2415 288 quicomplevit

1330 292 1376 334 (si
1407 292 1548 337 quidem
1613 291 1730 327 ublice
1770 291 1816 327 sit
1847 291 2064 334 confectum)
2103 292 2281 335 quatenus
2313 289 2412 324 testi-

1329 338 1486 372 monium
1517 347 1581 382 per
1607 337 1705 372 ibeat
1736 348 1801 382 pro
1827 348 1875 379 se,
1908 341 1972 372 aut
2000 347 2073 372 non
2107 339 2162 371 est
2192 335 2229 370 in
2262 334 2412 371 civitate.

1328 383 1390 419 sed
1411 393 1558 418 necesse
1591 385 1648 418 est
1679 382 1823 418 omnino
1847 382 2073 418 collationem
2097 381 2298 416 litterarum
2327 391 2412 424 sup-

1296 428 1496 474 5pleti0nis
1532 433 1596 463 aut
1631 438 1755 464 eorum
1795 428 1857 472 qui
1892 428 2183 472 subscripserunt
2220 436 2413 468 assumere,

1327 478 1415 509 tunc
1440 476 1646 519 competens
1678 476 1735 509 est
1765 483 1959 518 properare
1984 473 2125 518 quidem
2154 471 2199 506 ad
2226 481 2411 516 compara-

1327 520 1445 555 tiones
1471 523 1599 565 (neque
1623 519 1717 554 enim
1738 529 1798 554 eas
1819 519 1933 554 modis
1959 518 2123 554 omnibus
2143 516 2412 559 interdicimus),

1327 575 1392 610 per
1410 575 1548 600 omnem
1572 567 1692 600 autem
1715 565 1949 601 subtilitatem
1971 562 2178 608 procedere,
2204 565 2239 596 et
2255 562 2411 603 omnino,

1328 611 1359 646 si
1391 610 1571 655 putaverit
1604 610 1654 645 eis
1687 613 1852 655 oportere
1884 609 2002 650 credi,
2035 608 2140 643 etiam
2165 607 2411 642 iusiurandum

177 653 325 710 ἐπάγειν
352 657 406 699 τῷ
427 658 708 713 ,πρρκομίζοντῃ
742 669 797 690 οτι
817 654 931 700 μηδὲν
955 653 1127 689 συνειδώς
1148 669 1257 699 πονη-
1273 656 1459 691 10inicere
1483 655 1695 701 proferenti,
1726 655 1811 699 quia
1834 655 1922 689 nihil
1946 653 2088 697 maligni
2114 653 2280 687 conscius
2304 653 2341 687 in
2368 662 2410 687 eo

177 715 241 749 ρον
265 714 318 745 τῳ
345 715 419 748 παρ
464 703 573 736 αυτοῦ
598 703 891 749 προκομιζομένῳ
916 698 1001 735 οὐδέ
1021 713 1105 734 τινα
1128 704 1257 743 τέχνην

177 750 258 793 περὶ
279 746 346 802 την
361 745 548 794 σύγκρισιν
567 747 742 793 γενέσθαι
764 743 1036 794 παρασκευάσας
1060 743 1156 779 οὕτω
1176 748 1257 792 χρῆ-

175 805 236 826 ται
260 805 390 836 τουτῳ,
421 789 509 827 ὥςτε
538 789 627 836 μήτε
651 791 894 838 ἀναιρεθῆναί
921 805 957 824 τι
982 789 1169 825 παντελῶς
1198 794 1257 824 καὶ

177 835 236 871 διὰ
270 837 424 872 πάντων
465 837 507 872 τὸ
543 835 698 892 ἀσφαλὲς
739 840 812 871 τοῖς
848 835 1033 883 πράγμασι
1069 836 1255 882 γενέσθαι.

1327 701 1421 746 quod
1452 711 1474 735 a
1505 711 1544 736 se
1568 700 1751 746 profertur
1781 710 1847 734 nec
1872 699 2051 744 quandam
2081 702 2193 732 artem
2221 698 2318 732 circa
2338 699 2412 733 col-

1325 746 1494 781 lationem
1517 745 1595 780 fieri
1616 755 1835 790 praeparans
1860 746 1912 780 sic
1937 745 2052 779 utitur
2072 753 2126 786 eo,
2153 746 2331 788 quatenus
2352 754 2411 778 ne-

1323 791 1395 835 'que
1418 791 1615 835 perimatur
1646 790 1838 835 quicquam
1862 790 2006 825 omnino
2040 791 2076 824 et
2104 798 2169 833 per
2193 789 2312 823 omnia
2336 799 2412 823 mu-

1327 836 1414 871 nitio
1439 836 1477 871 in
1502 836 1611 871 rebus
1636 835 1710 870 fiat.

175 884 197 918 1
241 880 321 918 Ἐπὶ
344 882 412 930 γὰρ
437 881 481 926 δὴ
499 884 582 937 (τῶν
606 885 652 917 ἐπ
694 882 823 935 dyneus
846 884 1148 923 συνταττομένων
1171 893 1256 925 συμ-
1272 885 1311 916 15
1325 884 1347 917 1
1394 882 1435 915 ln
1456 881 1510 916 his
1535 891 1616 916 vero
1641 890 1734 924 quae
1751 879 1992 915 conficiuntur
2015 879 2157 925 publice
2177 879 2412 921 documentis,

176 926 349 972 βολαίων,
371 931 470 976 εἴπερ
490 942 509 963 ο
529 927 860 974 συμβολαιογραφος
883 925 1064 973 παρέλθοι
1088 930 1148 960 καὶ
1168 940 1257 974 μαρ-

176 973 338 1017 τυρήσειε
367 974 459 1019 μεθ’
486 970 602 1021 ὅρκου,
634 974 666 1007 εἰ
695 975 762 1017 μὲν
794 970 834 1005 οὗ
864 970 916 1006 δι)
943 973 1071 1006 ἑαυτοῦ
1097 973 1257 1019 ἔγραψεν

177 1015 266 1052 ἄλλα
301 1017 361 1053 διά
395 1031 492 1054 τινος
530 1020 607 1053 τῶν
642 1015 921 1065 ὑπουργούντων
958 1017 1072 1060 αὐτῷ,
1112 1022 1256 1064 παρίτω

177 1061 345 1108 κάκεῖνος,
370 1065 455 1112 εἴγε
473 1068 656 1111 περίεστιν
679 1060 878 1118 ἢῖὃυνατὸν
905 1059 996 1097 ὅλως
1021 1061 1132 1097 αὐτόν
1155 1065 1257 1097 ἐστιν

1327 926 1357 961 si
1389 926 1533 961 tabellio
1566 926 1703 961 venerit
1735 930 1771 961 et
1802 925 2045 961 testimonium
2078 925 2300 970 perhibuerit
2332 936 2412 960 cum

1326 971 1570 1013 iureiurando,
1604 972 1633 1007 si
1659 971 1800 1016 quidem
1833 982 1906 1006 non
1936 982 2000 1016 per
2024 982 2063 1007 se
2087 971 2231 1015 scripsit
2261 971 2323 1006 sed
2348 981 2413 1016 per

1326 1017 1435 1052 alium
1467 1017 1742 1052 ministrantium
1767 1016 1849 1059 sibi,
1864 1016 2065 1063 <adveniat>
2094 1018 2130 1052 et
2153 1016 2233 1059 ille,
2264 1016 2295 1051 si
2319 1016 2412 1059 vivit,

1327 1063 1358 1099 si
1382 1063 1525 1107 quidem
1548 1063 1720 1107 possibile
1745 1063 1888 1098 omnino
1922 1067 1975 1097 est
2000 1073 2080 1097 eum
2103 1062 2223 1098 venire
2256 1066 2292 1097 et
2313 1063 2414 1097 nulla

178 1108 303 1143 ἐλθεῖν
326 1113 386 1144 καὶ
410 1108 558 1154 οὐδεμία
585 1108 652 1152 τὴν
674 1110 783 1142 αυτοῦ
809 1106 970 1155 πάροδον
993 1109 1093 1143 αἰτία
1114 1106 1255 1149 κωλύοι,
1271 1110 1312 1142 20
1328 1118 1438 1144 causa
1457 1109 1625 1153 prohibet
1649 1109 1725 1143 eius
1743 1108 1944 1145 adventum,
1969 1108 2155 1153 aegritudo
2180 1108 2275 1143 forte
2296 1108 2414 1142 valida

178 1154 200 1196 ἢ
215 1155 317 1190 νόσος
334 1155 444 1198 τυχὸν
459 1154 582 1202 ἰσχυρὰ
598 1154 618 1197 ἢ
634 1168 670 1188 τι
685 1155 762 1188 τῶν
775 1151 1025 1201 περιστάσεων
1040 1155 1119 1187 τῶν
1135 1152 1256 1188 ἄλλων

178 1198 270 1247 ἅπερ
289 1199 502 1248 ἀνθρώποις
516 1198 672 1242 ἀπαντᾷ.
709 1200 741 1233 εἰ
757 1197 797 1233 δὲ
816 1203 876 1233 καὶ
892 1197 1102 1247 ἀριθμητὴν
1122 1202 1196 1242 ἔχοι
1214 1197 1256 1233 τὸ

178 1244 410 1290 συμβόλαιον,
438 1243 595 1279 κάκεῖνος
621 1244 896 1291 παραγινέσθω,
929 1241 1016 1279 ὥςτε
1040 1248 1132 1290 τρεῖς
1164 1244 1257 1278 εἶναι

177 1291 259 1325 τοὺς
280 1293 549 1345 μαρτυροῦντας
571 1287 652 1325 ἀλλ’
673 1286 736 1332 οὐχ
755 1292 831 1324 ἕνα.
875 1292 921 1323 Εἰ
939 1288 980 1324 δὲ
999 1288 1081 1324 οὔτε
1100 1288 1257 1338 ἀριθμη-

1326 1157 1391 1190 aut
1414 1154 1594 1199 quaelibet
1626 1154 1779 1189 aliarum
1802 1154 2056 1189 necessitatum
2090 1163 2180 1198 quae
2207 1153 2411 1188 hominibus

1326 1200 1506 1235 accidunt.
1554 1200 1690 1244 Quodsi
1714 1200 2147 1235 etiam'adnumeratorem
2171 1199 2336 1234 habuerit
2357 1199 2410 1233 in-

1327 1247 1572 1288 strumentum,
1600 1247 1636 1280 et
1659 1245 1735 1290 ipse
1759 1246 1936 1288 adveniat,
1961 1248 2003 1280 ut
2026 1250 2098 1281 tres
2122 1245 2195 1280 sint
2215 1244 2411 1280 testifican-

1326 1293 1381 1326 tes
1416 1295 1452 1326 et
1488 1302 1560 1326 non
1594 1302 1700 1326 unus.
1751 1291 1789 1325 Si
1816 1301 1898 1327 vero
1931 1301 2047 1336 neque
2080 1291 2334 1326 adnumerator
2357 1301 2412 1326 as-

178 1335 239 1392 τὴς
270 1336 500 1389 προςεληφθη
532 1333 574 1370 τό
606 1349 646 1369 τε
676 1333 898 1380 συμβόλαιον
934 1333 1039 1370 αὐτὸς
1071 1332 1171 1371 ἅπαν
1203 1334 1254 1370 δι’
1272 1338 1313 1371 25
1328 1340 1490 1382 sumptus
1516 1340 1570 1373 est
1594 1341 1630 1372 et
1645 1337 1922 1372 instrumentum
1946 1337 2024 1382 ipse
2044 1337 2188 1372 tabellio
2214 1339 2330 1371 totum
2351 1346 2414 1380 per

178 1394 304 1425 εαυτου
327 1384 484 1428 γέγραφέ
511 1395 551 1415 τε
580 1385 639 1414 καὶ
672 1380 832 1415 ἐτέλεσεν
860 1379 879 1415 ὁ
913 1380 1257 1430 συμβολαιογράφος,

178 1423 279 1470 ἢκαὶ
298 1423 316 1460 ὁ
340 1430 447 1460 τοῦτο
470 1426 677 1474 συγγράψας
705 1425 858 1460 ἄπεστιν
889 1424 910 1470 ἢ
942 1426 1056 1462 ἄλλως
1088 1432 1258 1475 παρεῖναι

178 1470 241 1505 οὐκ
265 1470 391 1514 ἰσχύει,
426 1469 530 1506 αὐτὸς
561 1475 685 1516 μέντοι
715 1469 806 1517 μεθ’
834 1468 939 1520 ὅρκου
970 1474 1023 1516 τῷ
1054 1474 1174 1517 οἰκείῳ
1204 1486 1257 1507 τε-

178 1515 327 1560 λέσματι
349 1520 530 1570 μαρτυρεῖ,
556 1513 643 1551 ὥςτε
662 1516 710 1571 μὴ
730 1519 775 1572 τῇ
793 1522 974 1565 συγκρίσει
994 1519 1170 1573 γενέσθαι
1190 1516 1258 1561 χώ-

1327 1393 1366 1418 se
1391 1382 1606 1428 conscripsit
1630 1386 1738 1427 atque
1763 1382 1952 1427 supplevit,
1984 1385 2049 1417 aut
2073 1382 2105 1417 si
2128 1382 2235 1417 etiam
2260 1382 2321 1426 qui
2344 1382 2414 1417 hoc

1328 1428 1543 1473 conscripsit
1579 1439 1651 1464 non
1689 1428 1791 1463 adest
1834 1432 1897 1463 aut
1933 1428 2037 1463 aliter
2072 1428 2149 1473 ipse
2185 1427 2304 1462 venire
2341 1438 2414 1463 non

1327 1474 1432 1517 valet,
1464 1478 1586 1509 tamen
1620 1475 1700 1509 c'um
1723 1473 1954 1509 iureiurando
1986 1474 2156 1519 propriae
2186 1473 2415 1518 completioni

1328 1522 1531 1562 attestetur,
1557 1523 1597 1554 ut
1613 1520 1875 1564 comparationi
1898 1530 1971 1555 non
1993 1519 2058 1554 fiat
2082 1519 2194 1563 locus,
2221 1520 2293 1553 sint
2309 1518 2415 1553 etiam

176 1575 255 1609 ραν,
274 1564 369 1596 ἔστω
388 1565 448 1596 καὶ
468 1575 563 1596 ουτω
580 1574 693 1597 πιστα
707 1576 753 1597 τα
774 1562 987 1616 συμβόλαια.
1033 1577 1054 1607 η
1078 1564 1145 1611 γὰρ
1170 1579 1257 1610 μαρ-
1272 1567 1313 1600 30
1328 1566 1381 1601 sic
1406 1565 1591 1601 credibilia
1622 1565 1847 1600 documenta.
1891 1565 2149 1600 Testimonium
2181 1564 2276 1599 enim
2310 1568 2346 1599 et
2370 1573 2415 1599 ex

175 1611 280 1654 τυρία
311 1611 371 1661 καὲ
400 1608 499 1655 παρὰ
529 1609 590 1651 τῆς
613 1610 734 1653 φωνῆς
765 1622 829 1642 του
854 1608 1065 1665 τελέσαντος
1087 1613 1257 1664 γινομένη

1327 1621 1415 1647 voce
1440 1611 1655 1656 complentis
1680 1611 1815 1646 factum
1850 1613 1886 1646 et
1910 1610 2160 1646 iusiurandum
2191 1610 2328 1646 habens
2351 1609 2413 1645 ad-

175 1657 234 1685 καὶ
258 1651 324 1705 τρν
346 1666 455 1707 ορκον
477 1655 607 1696 ἔχουσα
631 1657 885 1701 προςκείμενον
909 1668 1092 1698 ποιησειεν
1111 1669 1157 1689 αν
1174 1669 1257 1689 τινα
1326 1657 1459 1692 iectum
1483 1657 1652 1701 praebuit
1677 1656 1855 1702 quoddam
1881 1667 2014 1692 causae
2037 1659 2264 1692 momentum.

174 1698 199 1733 2
244 1711 296 1740 τῳ
324 1711 508 1746 πραγματι
540 1697 666 1747 ῥοπήν.
737 1701 783 1733 Εἰ
813 1698 852 1733 δὲ
882 1698 900 1734 ὁ
925 1699 1258 1749 συμβολαιογράφος
1327 1703 1351 1738 2
1398 1702 1533 1747 Quodsi
1553 1702 1699 1737 tabellio
1724 1702 1914 1737 defunctus
1940 1706 1994 1738 est
2014 1705 2051 1737 et
2069 1702 2312 1737 testimonium
2336 1711 2413 1745 per-

176 1742 380 1787 ὲτελεύτησε
415 1747 475 1777 καὶ
510 1745 759 1798 μαρτυρηᾷιείη
795 1744 837 1779 τὸ
872 1745 1027 1790 τέλεσμα
1063 1746 1101 1786 ἐξ
1137 1747 1257 1794 ἑτέρας
1327 1748 1494 1784 hibeatur
1529 1748 1748 1793 suppletioni
1786 1758 1830 1782 ex
1861 1749 1933 1783 alia
1964 1749 2172 1790 collatione,
2208 1748 2239 1782 si
2275 1747 2416 1792 quidem

176 1789 426 1837 παραθέσεως,
446 1790 477 1823 εἰ
490 1792 558 1834 μὲν
579 1793 639 1824 καὶ
658 1802 773 1825 ουτως
793 1793 866 1833 ἔχοι
886 1789 952 1825 τόν
967 1805 1008 1825 τε
1027 1792 1257 1832 συντάξαντα
1272 1795 1313 1826 35
1328 1794 1433 1828 etiam
1465 1794 1518 1829 Sic
1542 1794 1675 1829 habeat
1699 1803 1780 1829 eum
1811 1794 1871 1838 qui
1896 1793 2112 1838 conscripsit
2140 1794 2416 1829 instrumentum

175 1833 217 1878 τὸ
242 1833 466 1890 συμβόλαιον
487 1833 661 1883 περιόντα
684 1839 744 1870 καὶ
765 1835 830 1871 τὸν
851 1835 1070 1884 ἇριθμητήν,
1096 1841 1253 1885 παρίτω·
1327 1840 1501 1875 viventem
1525 1844 1561 1874 et
1579 1839 1902 1883 adnumeratorem,
1927 1839 2120 1875 adveniant
2143 1842 2179 1873 et
2202 1838 2265 1880 illi,
2292 1838 2322 1873 si
2339 1838 2414 1883 qui-

176 1891 246 1914 σαν
277 1884 448 1923 κακεῖνοι,
472 1882 508 1914 εἴ
525 1894 565 1928 γε
588 1879 786 1925 ἑνδημοῖεν,
811 1885 871 1916 καὶ
896 1884 1005 1926 ἐχέτω
1038 1886 1098 1917 καὶ
1121 1883 1188 1926 τὴν
1220 1885 1258 1917 ἐκ
1329 1885 1407 1920 dem
1433 1889 1639 1930 praesentes
1664 1889 1758 1926 sunt,
1795 1889 1830 1919 et
1854 1885 1985 1920 habeat
2016 1895 2060 1920 ex
2085 1884 2280 1921 collatione
2303 1883 2415 1919 adim-

175 1926 235 1969 τῆς
268 1926 507 1981 παραθέσεως
537 1928 615 1982 τῶν
640 1926 866 1975 πληρώσεων
893 1928 935 1963 τὸ
959 1927 1107 1976 γράμμα
1131 1933 1258 1964 πίστιν
1352 1930 1525 1967 letionum
1550 1934 1585 1965 et
1610 1941 1654 1966 ex
1673 1931 1825 1966 testibus
1850 1941 1962 1966 causa
1985 1931 2102 1967 fidem.
2149 1930 2212 1965 Sin
2231 1940 2314 1965 vero
2336 1929 2416 1964 nul-

175 1974 234 2005 καὶ
253 1985 320 2016 την
345 1973 384 2005 ἐκ
407 1985 484 2006 των
499 1985 704 2021 μαρτυρων.
753 1974 799 2007 Εἰ
824 1972 863 2008 δὲ
879 1972 1003 2019 μηδεὶς
1026 1971 1170 2009 τούτων
1193 1975 1258 2018 εἴη,
1343 1987 1385 2012 us
1409 1977 1539 2012 horum
1563 1976 1626 2019 sit,
1658 1979 1745 2012 tunc
1777 1976 1842 2012 fiat
1874 1976 2017 2022 quidem
2045 1976 2322 2021 completionum
2344 1975 2414 2011 col-

174 2019 372 2059 τηνικαῦτα
395 2018 560 2064 γινέσθω
582 2020 650 2062 μὲν
679 2016 702 2062 ἦ
733 2020 811 2053 τῶν
834 2018 1067 2064 τελεσμάτων
1093 2018 1256 2067 παράθε-
1272 2024 1314 2056 40

177 2110 282 2142 testes
306 2106 370 2152 qui
392 2107 686 2159 subscripserunt
705 2108 814 2153 fidem
839 2109 985 2151 addere,
1009 2120 1125 2155 neque
1147 2110 1291 2145 tabellio
1316 2111 1378 2156 qui
1399 2111 1676 2146 instrumentum
1703 2122 1781 2147 com
1811 2112 1893 2147 levit
1916 2111 1961 2154 (si
1977 2112 2122 2157 quidem
2136 2112 2324 2158 publicum
2344 2113 2417 2155 sit),

175 2156 358 2198 superstes
380 2155 439 2203 stt,
463 2156 506 2187 ut
527 2164 578 2188 rei
606 2164 629 2187 a
652 2164 690 2188 se
714 2154 906 2199 confectae
932 2155 1031 2189 testis
1055 2154 1202 2197 existat,
1228 2155 1285 2190 vel
1307 2166 1380 2190 non
1405 2156 1452 2190 sit
1476 2156 1515 2190 in
1540 2157 1697 2199 civitate,
1728 2123 1807 2191 seii2
1818 2156 1964 2192 omnino
1989 2167 2133 2193 necesse
2156 2157 2205 2192 sit
2227 2168 2416 2204 compara-

178 2198 310 2248 tionem
333 2201 538 2243 scripturae
561 2198 842 2248 comple-tionum
856 2203 939 2249 ‘aut
961 2210 1086 2234 eorum
1118 2200 1184 2245 qui
1203 2199 1497 2251 subscripserunt
1528 2205 1722 2243 assumere,
1757 2205 1843 2237 tunc
1874 2202 1924 2237 ad
1947 2203 2242 2248 comparationes
2274 2203 2418 2248 quidem

177 2252 298 2277 venire
315 2252 393 2287 par
416 2246 471 2277 est
493 2245 622 2287 (neque
647 2253 741 2278 emm
766 2243 929 2278 omnibus
951 2243 1067 2279 modis
1091 2255 1153 2279 eas
1177 2245 1449 2288 interdicemus),
1482 2256 1562 2280 cum
1587 2247 1683 2280 omni
1706 2250 1826 2282 autem
1851 2246 2042 2293 diliqentia
2057 2247 2273 2294 procedere,
2309 2252 2348 2283 at
2375 2260 2419 2284 uc

178 2287 313 2332 utique,
337 2287 370 2320 si
392 2286 436 2338 iis
460 2286 676 2322 credendum
700 2298 776 2323 esse
794 2289 994 2334 putaverit,
1019 2290 1127 2324 etiam
1150 2290 1403 2325 iusiurandum
1428 2291 1575 2336 deferre
1599 2292 1632 2327 ei
1652 2292 1716 2337 qui
1737 2292 2012 2327 instrumentum
2031 2293 2194 2344 profert,
2220 2304 2293 2339 quo
2311 2304 2333 2328 a
2352 2294 2416 2339 lir-

177 2337 254 2384 met-
277 2342 316 2366 se
338 2331 474 2383 nullius
503 2332 653 2384 fraudis
684 2332 764 2384 sibi·
783 2333 967 2368 conscium
998 2334 1036 2368 in
1054 2334 1286 2379 proferendo
1319 2346 1342 2370 a
1364 2346 1403 2370 se
1427 2336 1667 2382 instrumento
1699 2348 1816 2382 neque
1847 2337 1944 2372 ullas
1966 2338 2120 2373 instdias
2152 2339 2251 2373 circa
2272 2348 2415 2386 compa-

177 2381 356 2412 rationem
379 2377 541 2412 molitum
565 2381 618 2412 ita
643 2388 685 2412 eo
709 2382 776 2420 uti,
808 2382 849 2413 ut
872 2389 987 2424 neque
1011 2379 1208 2425 quidquam
1235 2380 1380 2415 omnino
1404 2380 1585 2416 sublatum
1617 2381 1665 2416 sit
1689 2386 1725 2417 et
1746 2393 1815 2428 per
1838 2384 1959 2418 omnia
1982 2384 2160 2419 securitas
2180 2383 2288 2419 rebus
2304 2395 2417 2430 prae-

177 2425 199 2458 1
245 2426 369 2457 stetur.
406 2467 413 2474 .
463 2420 544 2457 Iam
575 2422 613 2457 in
635 2423 883 2458 instrumentis
914 2435 1008 2469 quae
1032 2424 1179 2471 publice
1209 2425 1464 2470 conficiuntur,
1495 2427 1528 2461 si
1562 2426 1707 2462 tabellio
1742 2426 1902 2473 prodeat
1932 2432 1969 2463 et
1999 2428 2144 2463 iuratus
2177 2429 2417 2464 testimonium

171 2472 349 2514 praestet,
380 2478 411 2502 st
437 2467 580 2513 quidem
599 2479 685 2519 yion
716 2469 795 2514 ipse
825 2469 1024 2515 scripserit,
1058 2468 1123 2505 sed
1140 2471 1270 2505 eorum
1302 2470 1384 2516 quis
1416 2472 1482 2516 qui
1504 2472 1536 2506 ei
1561 2471 1788 2514 ministrant,
1824 2473 1856 2507 is
1879 2484 2024 2519 quoque
2040 2473 2222 2520 prodeat,
2251 2475 2285 2509 si
2308 2475 2415 2510 modo

177 2517 361 2559 superstes
384 2518 439 2548 est
467 2517 502 2548 et
522 2513 602 2557 fieri
630 2514 775 2548 omnino
793 2517 922 2560 potest
949 2518 989 2549 ut
1012 2514 1131 2550 veniat
1165 2524 1280 2559 neque
1313 2526 1425 2551 causa
1458 2516 1534 2552 ulla
1559 2517 1606 2551 im
1635 2516 1734 2553 ediat
1757 2519 1950 2564 quominus
1973 2518 2139 2560 accedat,
2171 2519 2270 2555 velut
2291 2522 2416 2566 qravis

178 2558 323 2593 morbus
346 2557 403 2594 vel
423 2569 518 2593 unus
540 2569 590 2594 ex
614 2560 742 2594 ceteris
771 2559 915 2594 casibus
946 2560 1008 2605 qui
1040 2559 1245 2595 hominibus
1267 2560 1449 2596 accidunt.
1499 2560 1577 2605 Quo
1605 2563 1637 2597 si
1661 2567 1927 2599 numeratorem
1960 2575 2104 2610 quoque
2127 2564 2260 2600 habeat
2281 2566 2415 2601 instru-

178 2607 345 2645 mentum,
370 2602 432 2638 ille
454 2614 599 2649 quoque
623 2604 753 2646 veniat,
786 2608 826 2639 ut
851 2608 923 2639 tres
945 2605 1017 2639 sint
1043 2609 1148 2640 testes
1172 2616 1288 2651 neque
1311 2617 1396 2653 vero
1421 2618 1525 2642 unus.
1575 2606 1642 2642 Sin
1674 2613 1793 2643 autem
1824 2619 1891 2644 nec
1921 2614 2133 2645 numerator
2157 2610 2340 2647 adbibitus
2363 2616 2416 2647 est

178 2652 213 2684 et
237 2652 350 2684 totum
372 2649 648 2684 instrumentum
682 2649 824 2685 tabellio
856 2650 933 2695 ipse
963 2655 999 2686 et
1028 2651 1176 2697 scripsit
1206 2654 1242 2686 et
1264 2651 1472 2698 complevit,
1506 2656 1571 2688 aut
1594 2653 1701 2689 etiam
1734 2654 1859 2700 qui-id
1880 2655 2030 2702 scripsit
2062 2655 2163 2691 abest
2195 2656 2251 2692 vel
2274 2656 2349 2692 alia
2372 2657 2417 2693 de

178 2705 290 2729 causa
320 2694 445 2729 adesse
473 2705 546 2729 non
571 2699 707 2741 potest,
739 2695 817 2741 ipse
843 2700 960 2730 tamen
992 2696 1136 2731 iuratus
1158 2696 1397 2733 instrumento
1422 2709 1445 2733 a
1468 2709 1507 2733 se
1530 2698 1708 2745 completo
1735 2700 1976 2736 testimonium
1994 2701 2150 2747 praebet
2181 2702 2233 2737 ita
2256 2707 2297 2736 ut
2321 2713 2415 2738 com-

169 2739 364 2790 parationi
400 2738 502 2774 locus
536 2751 611 2774 non
643 2740 732 2785 fiat:
767 2740 836 2776 hoc
870 2751 941 2786 quo
970 2752 1014 2776 ue
1049 2741 1156 2776 modo
1190 2741 1265 2786 fide
1294 2741 1332 2776 di
1359 2753 1408 2778 na
1441 2743 1515 2778 sint
1550 2745 1797 2780 instrumenta.
1847 2744 1942 2780 Nam
1976 2746 2218 2782 testimonium
2251 2747 2351 2793 quod
2382 2752 2415 2783 et

176 2795 261 2820 voce
292 2795 369 2820 eius
400 2786 465 2831 qui
493 2784 586 2820 illud
614 2786 808 2832 complevit
834 2785 943 2832 perhi
965 2790 1047 2821 etur
1080 2790 1117 2822 et
1147 2787 1314 2822 iusiuran
1341 2799 1399 2822 um
1431 2787 1538 2824 habet
1568 2789 1749 2826 adiectum
1784 2791 1954 2826 nonnihil
1987 2792 2156 2827 momenti
2188 2794 2245 2828 rei
2274 2793 2415 2838 afferet.

175 2830 200 2866 2
258 2829 395 2872 Quodsi
426 2829 571 2866 tabellio
595 2836 762 2866 mortuus
792 2831 840 2866 sit
870 2834 905 2866 et
930 2831 1071 2867 litterae
1094 2832 1293 2878 completae
1325 2843 1374 2868 ea·
1398 2833 1555 2869 aliarum
1585 2836 1861 2882 comparatione
1879 2837 2098 2883 probentur,
2130 2838 2163 2872 si
2186 2838 2331 2884 quidem
2363 2839 2416 2874 sic

176 2886 321 2921 quoque
343 2880 526 2927 superstes
557 2876 606 2911 sit
636 2880 672 2911 et
699 2877 730 2911 is
763 2877 828 2922 qui
849 2877 1126 2912 instrumentum
1158 2878 1359 2924 composuit
1389 2882 1425 2914 et
1454 2884 1677 2923 numerator,
1714 2881 1769 2916 illi
1793 2893 1938 2928 quoque
1962 2883 2156 2926 accedant,
2191 2884 2352 2920 simodo
2378 2886 2414 2920 in

176 2921 320 2956 civitate
343 2925 427 2972 sint,
452 2920 654 3001 habeathue
676 2922 862 2968 scriptura
886 2926 923 2958 et
944 2933 1023 2958 eam
1049 2933 1142 2968 quae
1165 2934 1215 2958 ex
1239 2924 1513 2969 comparatione
1537 2925 1817 2971 completionum
1837 2931 1997 2974 paratur
2020 2933 2056 2964 et
2074 2940 2169 2974 quae
2192 2940 2242 2965 ex
2267 2930 2415 2966 testibus

172 2965 290 3011 fidem.
339 2964 379 3000 Si
403 2977 488 3001 vero
510 2966 631 3002 nulus
654 2978 779 3002 eorum
804 2968 915 3009 adsit,
949 2971 1022 3002 tum
1043 2968 1114 3013 fiat
1144 2968 1287 3014 quidem
1313 2969 1592 3015 completionum
1616 2973 1861 3018 comparatio,
1895 2984 1982 3015 neve
2008 2977 2126 3009 tamen
2157 2986 2221 3010 eae
2244 2975 2344 3011 solae
2367 2976 2417 3011 ad

226 3059 240 3090 1
261 3057 299 3088 ἑκ
314 3057 392 3088 τῶν
408 3054 717 3103 ὑπογεγραφότων
731 3057 930 3103 μαρτύρων
948 3059 979 3091 L
997 3058 1009 3102 11
1027 3055 1259 3103 ὑπογράψαν-

176 3114 253 3134 των
266 3101 318 3133 ΒΓ
338 3100 351 3144 11
379 3103 398 3134 2
423 3100 656 3136 τελεσθώσας
668 3103 715 3136 ΒΓ
740 3102 753 3147 11
782 3105 802 3137 3
821 3105 907 3144 τοῖς]
932 3103 993 3145 τῆς
1009 3105 1056 3137 L¹
1072 3105 1094 3148 11
1121 3104 1142 3147 ἢ
1157 3102 1258 3148 μηδὲ]

176 3142 198 3187 ἢ
221 3145 268 3189 μὴ
292 3146 402 3188 Epan.
427 3146 439 3190 11
465 3149 486 3181 4
509 3145 599 3180 ἀλλὰ
621 3147 768 3182 πάντως
792 3144 927 3200 ἀνάγκη
950 3149 998 3181 B⁸
1022 3149 1035 3193 11
1061 3151 1080 3183 5
1104 3150 1183 3183 τῶν
1205 3163 1260 3184 τε-

177 3189 366 3233 λεσμάτων
379 3192 425 3224 M
428 3204 447 3227 ς
462 3194 518 3236 (cf.
533 3201 579 3227 40.
603 3195 679 3235 368,
694 3202 720 3227 4.
743 3195 820 3235 274,
835 3195 875 3234 7)]
900 3206 922 3236 η
939 3194 1018 3227 τῶν
1033 3192 1260 3229 τελεσάντων

175 3234 439 3278 (τελεσσάντων
452 3238 495 3279 L)
518 3239 601 3272 ΕΒ8
609 3240 719 3283 Epan.
753 3235 775 3281 ἢ
791 3239 869 3272 τῶν
885 3236 1117 3283 τελεσμάτων
1138 3242 1257 3274 Serim-

255 3280 835 3373 tue-sozicssaeffiffffffl
857 3284 983 3362 a*
999 3281 1260 3374 <icere

175 3373 254 3407 libri
276 3373 289 3417 11
317 3375 357 3406 13
381 3369 472 3415 μηδὲ
493 3374 660 3417 ΒδΕραη.
679 3375 691 3418 11
712 3377 752 3408 15
776 3342 854 3408 ἐξιεῖ
877 3373 945 3420 γὰρ
969 3371 1009 3407 δὲ
1032 3345 1258 3421 Ιᾷα11ταῖἵτίῗτ7ο-

173 3432 295 3473 μένων
320 3429 372 3463 Bs
393 3430 404 3472 11
437 3431 477 3463 16
503 3428 672 3476 παρέλθῃ
698 3431 746 3464 L²
770 3418 931 3474 (παρ-ἔλθ’
943 3432 1003 3474 L¹)
1026 3431 1040 3477 11
1073 3436 1113 3468 17
1138 3433 1169 3467 εἰ
1192 3435 1259 3477 μὲν

174 3470 226 3516 οὗ]
251 3477 311 3507 καὶ
335 3475 366 3508 εἰ
389 3474 436 3518 μὴ
462 3476 573 3519 Εραη.
595 3476 610 3519 11
637 3478 675 3511 18
701 3479 864 3520 παρείτω
890 3476 974 3510 LBf
994 3478 1007 3520 11
1035 3479 1076 3512 19
1099 3474 1121 3521 ἢ
1147 3480 1202 3521 ΛΜ]
1227 3480 1258 3512 εἰ

175 3522 246 3561 (καὶ
263 3520 294 3553 εἰ
307 3520 355 3554 Β8
366 3534 395 3554 υ.
407 3522 441 3562 l.)
455 3521 525 3554 LB
548 3517 569 3563 ἢ
586 3521 617 3554 εἰ
634 3523 744 3566 Epan.
763 3521 792 3554 si
808 3523 942 3563 quidem
959 3534 978 3557 ς
996 3523 1008 3566 11
1024 3523 1125 3557 ἐστὶν
1144 3521 1257 3558 αὐτὸν

175 3566 224 3598 B³
247 3565 260 3608 11
286 3567 328 3599 20
352 3564 482 3599 κωλύει
506 3567 661 3611 BEpan.
676 3579 695 3603 ς
723 3566 736 3610 11
768 3568 806 3601 21
834 3563 856 3609 ἢ
881 3581 939 3600 om.
953 3568 1064 3611 Epan.
1079 3580 1099 3605 ς
1123 3570 1135 3614 11
1158 3568 1181 3613 ἦ
1205 3582 1257 3603 τις

175 3610 224 3643 B⁸
235 3612 280 3653 (ς)
296 3611 309 3654 11
331 3611 409 3645 τῶν
429 3609 562 3653 ἄλλων]
586 3613 664 3646 τῶν
684 3626 741 3646 om.
755 3614 840 3656 vulq.
854 3612 934 3655 (ΒΓ)
950 3613 962 3656 11
982 3615 1025 3647 22
1039 3616 1099 3647 καὶ
1116 3628 1174 3649 om.
1189 3614 1257 3660 ΒῙ11

175 3650 436 3701 ἀπαριθμητὴν
447 3658 557 3701 Epan.
575 3657 588 3701 11
605 3659 677 3700 ἔχει
688 3659 725 3692 Β
743 3658 755 3702 11
778 3660 821 3692 24
835 3655 1016 3703 μάρτυρας
1031 3661 1093 3692 καὶ
1110 3657 1172 3702 οὐχ
1191 3662 1256 3693 ἕνα

175 3699 224 3732 B‘
241 3700 254 3744 11
269 3698 362 3743 οὔτε]
387 3698 470 3735 οὐδὲ
483 3702 650 3746 ΒῙΕραπ.
670 3703 682 3743 ss
706 3705 747 3738 25
766 3699 871 3737 αὐτὸς
892 3717 950 3737 om.
964 3704 1014 3737 Βδ
1039 3705 1052 3748 11
1077 3706 1118 3740 27
1131 3702 1166 3748 ἢ]
1187 3702 1209 3748 ἢ
1225 3706 1257 3739 εἰ

174 3744 284 3788 Epan.
299 3758 329 3788 ς’,
354 3747 385 3780 εἰ
405 3748 455 3781 Β8
466 3762 494 3782 υ.
506 3749 525 3782 l.
545 3750 558 3793 11
573 3745 596 3791 ἢ
609 3752 669 3782 καὶ
686 3746 799 3782 ἄλλως
813 3749 863 3782 Β*
887 3748 900 3794 11
916 3751 959 3784 28
981 3748 1116 3792 ἰσχύσει
1138 3752 1221 3785 LB⁸
1243 3751 1258 3796 11

1331 3062 1372 3094 29
1396 3063 1622 3107 μαρτυρείτω
1648 3062 1730 3095 LB⁸
1755 3062 1766 3105 11
1795 3062 1855 3106 μὴ]
1887 3063 1978 3107 μηδὲ
2003 3065 2051 3097 BS
2077 3063 2090 3109 11
2118 3067 2160 3099 30
2185 3064 2231 3098 τὰ
2255 3079 2312 3099 om.
2336 3067 2386 3099 Bs
2403 3068 2414 3110 11

1330 3109 1368 3140 31
1395 3109 1567 3150 γενομένη
1591 3107 1702 3149 Epan.
1727 3109 1740 3151 11
1771 3110 1813 3142 32
1838 3112 2075 3155 προκείμενον
2099 3111 2209 3153 Epan.
2234 3110 2247 3155 11
2276 3113 2318 3145 35
2343 3113 2415 3154 ἔχει

1330 3152 1377 3183 13⁸·
1397 3151 1409 3195 11
1426 3153 1467 3185 37
1482 3153 1542 3183 καὶ
1554 3150 1632 3193 τὴν]
1650 3155 1710 3185 καὶ
1724 3166 1781 3186 om.
1793 3165 1812 3189 ς
1829 3153 1842 3198 11
1861 3155 1901 3188 38
1915 3152 2073 3200 γράμμα]
2087 3155 2236 3201 πρᾶγμα
2248 3157 2359 3200 Epan.
2373 3157 2415 3203 ςΙΙ

1328 3198 1370 3230 40
1397 3196 1567 3242 γενέσθω
1592 3198 1702 3241 Epan.

1380 3301 1398 3333 3
1423 3298 1599 3340 prohibeat
1620 3299 1672 3331 V¹
1697 3298 1708 3342 11
1734 3309 1793 3340 per
1816 3310 1850 3331 se
1876 3300 1907 3332 R
1936 3299 1948 3341 11
1976 3302 1998 3334 4
2018 3300 2232 3334 collationem
2254 3302 2303 3335 V³
2314 3305 2412 3348 vul9.]

1327 3344 1524 3377 collationes
1539 3344 1570 3376 T
1577 3343 1588 3363 ¹
1613 3343 1792 3376 collatione
1810 3345 1903 3378 RV¹
1915 3344 1965 3378 Τ2
1983 3344 1995 3390 11
2011 3347 2232 3388 suppletionis
2254 3348 2314 3388 V¹]
2335 3359 2412 3391 sup-

1326 3389 1489 3432 pletiones
1511 3388 1650 3422 RV³T
1662 3390 1747 3433 vulq.
1776 3389 1789 3434 11
1820 3392 1839 3423 5
1864 3393 1923 3423 aut
1945 3391 1990 3432 V]
2016 3405 2074 3424 om.
2090 3392 2257 3437 RTvulq.
2277 3392 2289 3437 11
2314 3395 2334 3428 6
2359 3395 2412 3435 ad]

1326 3437 1386 3467 aut
1407 3434 1458 3467 V*
1476 3433 1493 3478 11
1505 3435 1787 3476 comparationem
1801 3436 1834 3468 R
1851 3436 1863 3479 11
1892 3438 1932 3470 10
1947 3437 2079 3469 cousins
2100 3437 2149 3469 V¹
2170 3436 2182 3481 11
2210 3440 2246 3472 11
2263 3439 2344 3480 quid
2357 3440 2390 3473 R
2402 3440 2414 3484 11

1328 3480 1506 3512 collatione
1527 3480 1575 3512 V¹
1601 3479 1832 3513 collectionem
1847 3482 1879 3514 R
1897 3481 1909 3524 11
1930 3483 1970 3515 13
1991 3481 2136 3515 minutio
2158 3483 2192 3515 V
2202 3483 2214 3526 11
2235 3485 2275 3517 16
2289 3484 2413 3518 tabelio

1335 3526 1364 3557 V
1381 3525 1393 3569 11
1408 3525 1596 3567 proibuerit
1608 3525 1658 3558 R¹
1674 3524 1687 3569 11
1709 3527 1747 3559 17
1769 3527 1938 3570 scripserit
1960 3527 2081 3570 Tvzth.
2101 3527 2112 3571 ΙΙ
2134 3529 2174 3562 18
2191 3529 2351 3563 adveniat
2364 3532 2412 3564 in-

1325 3572 1415 3604 serui
1425 3570 1506 3611 (sim.
1520 3570 1623 3608 Beck)
1637 3569 1649 3615 11
1664 3573 1705 3605 19
1720 3574 1768 3603 est
1781 3573 1918 3604 omnino
1931 3572 2000 3605 RT
2010 3571 2022 3617 11
2034 3575 2067 3605 et
2079 3573 2106 3605 si
2120 3573 2216 3607 nulla
2232 3573 2286 3619 Vll
2300 3577 2342 3609 23
2356 3576 2413 3613 ad-

1325 3615 1465 3648 ueniant
1477 3615 1526 3647 R¹
1544 3615 1556 3659 11
1583 3617 1625 3649 26
1644 3616 1813 3659 scripserit
1837 3618 1887 3650 Τι
1906 3617 1918 3660 11
1936 3618 2146 3661 suppleuerit
2168 3619 2201 3652 T
2215 3618 2227 3663 11
2253 3622 2294 3654 27
2316 3620 2413 3654 *non

1325 3661 1428 3702 adest]
1442 3671 1509 3692 non
1524 3663 1572 3693 est
1586 3662 1664 3696 libri
1673 3663 1684 3705 11
1698 3663 1740 3696 28
1755 3663 1990 3705 complectioni
2008 3664 2070 3696 VT
2079 3664 2089 3707 11
2106 3666 2147 3698 30
2161 3665 2250 3698 enim
2265 3668 2308 3708 et]
2322 3667 2413 3699 enim

1325 3706 1374 3739 12¹
1401 3705 1523 3739 etenim
1543 3705 1638 3749 1ἷῖΊῆἸ
1655 3706 1667 3751 11
1700 3708 1742 3741 32
1767 3708 1902 3749 quidam
1926 3708 1975 3741 R²
2001 3708 2013 3752 11
2039 3710 2083 3743 34
2108 3709 2305 3744 collectione
2327 3712 2378 3745 V¹
2403 3712 2414 3755 11

1326 3753 1368 3786 35
1381 3751 1441 3793 sic]
1455 3752 1498 3784 sit
1520 3751 1570 3785 V¹
1583 3753 1645 3786 del.
1664 3752 1712 3786 V³
1726 3752 1739 3798 11
1758 3755 1801 3788 37
1813 3754 2085 3798 adimpletionem
2102 3755 2158 3799 Vll
2183 3758 2225 3791 38
2239 3757 2267 3791 si
2283 3758 2316 3790 T
2325 3758 2411 3801 vulq.
