<?xml version="1.0" encoding="UTF-8"?>
<!DOCTYPE html PUBLIC "-//W3C//DTD XHTML 1.0 Transitional//EN"
    "http://www.w3.org/TR/xhtml1/DTD/xhtml1-transitional.dtd">
<html xmlns="http://www.w3.org/1999/xhtml" xml:lang="en" lang="en">
 <head>
  <title>
</title>
<meta http-equiv="Content-Type" content="text/html;charset=utf-8" />
  <meta name='ocr-system' content='tesseract 3.04.00' />
  <meta name='ocr-capabilities' content='ocr_page ocr_carea ocr_par ocr_line ocrx_word'/>
</head>
<body>
  <div class='ocr_page' id='page_1' title='image "./corpusiuriscivil03krueuoft_0771.png"; bbox 0 0 2580 4022; ppageno 0'>
   <div class='ocr_carea' id='block_1_1' title="bbox 138 163 496 194">
    <p class='ocr_par' dir='ltr' id='par_1_1' title="bbox 138 163 496 194">
     <span class='ocr_line' id='line_1_1' title="bbox 138 163 496 194; baseline 0.006 -2"><span class='ocrx_word' id='word_1_1' title='bbox 138 164 259 193; x_wconf 79' lang='lat' dir='ltr'><strong>FIDEI</strong></span> <span class='ocrx_word' id='word_1_2' title='bbox 290 163 496 194; x_wconf 77' lang='lat' dir='ltr'>COMMISSI</span> 
     </span>
    </p>
   </div>
   <div class='ocr_carea' id='block_1_2' title="bbox 1211 148 1291 195">
    <p class='ocr_par' dir='ltr' id='par_1_2' title="bbox 1211 148 1291 195">
     <span class='ocr_line' id='line_1_2' title="bbox 1211 148 1291 195; baseline 0 0"><span class='ocrx_word' id='word_1_3' title='bbox 1211 148 1291 195; x_wconf 83' lang='lat'>741</span> 
     </span>
    </p>
   </div>
   <div class='ocr_carea' id='block_1_3' title="bbox 1994 149 2367 191">
    <p class='ocr_par' dir='ltr' id='par_1_3' title="bbox 1994 149 2367 191">
     <span class='ocr_line' id='line_1_3' title="bbox 1994 149 2367 191; baseline -0.005 -1"><span class='ocrx_word' id='word_1_4' title='bbox 1994 150 2098 191; x_wconf 64' lang='lat' dir='ltr'>Now</span> <span class='ocrx_word' id='word_1_5' title='bbox 2121 149 2253 191; x_wconf 75' lang='lat' dir='ltr'>CLIX</span> <span class='ocrx_word' id='word_1_6' title='bbox 2290 152 2322 190; x_wconf 87' lang='grc'>1.</span> <span class='ocrx_word' id='word_1_7' title='bbox 2343 151 2367 188; x_wconf 74' lang='lat'>‘3</span> 
     </span>
    </p>
   </div>
   <div class='ocr_carea' id='block_1_4' title="bbox 136 258 1218 439">
    <p class='ocr_par' dir='ltr' id='par_1_4' title="bbox 136 258 1218 439">
     <span class='ocr_line' id='line_1_4' title="bbox 137 258 1217 308; baseline 0.003 -17"><span class='ocrx_word' id='word_1_8' title='bbox 137 263 237 304; x_wconf 71' lang='grc' dir='ltr'><em>μέχρι</em></span> <span class='ocrx_word' id='word_1_9' title='bbox 266 262 343 294; x_wconf 88' lang='grc' dir='ltr'>τῶν</span> <span class='ocrx_word' id='word_1_10' title='bbox 375 259 520 295; x_wconf 85' lang='grc' dir='ltr'><em>παίδων</em></span> <span class='ocrx_word' id='word_1_11' title='bbox 551 262 682 304; x_wconf 69' lang='grc' dir='ltr'><em>στῆσαι</em></span> <span class='ocrx_word' id='word_1_12' title='bbox 706 260 772 303; x_wconf 77' lang='grc' dir='ltr'>τὴν</span> <span class='ocrx_word' id='word_1_13' title='bbox 799 258 1060 307; x_wconf 68' lang='grc' dir='ltr'><em>ἀπαγόρευσιν·</em></span> <span class='ocrx_word' id='word_1_14' title='bbox 1096 262 1126 295; x_wconf 85' lang='grc' dir='ltr'>εἰ</span> <span class='ocrx_word' id='word_1_15' title='bbox 1147 260 1217 308; x_wconf 78' lang='grc' dir='ltr'><em>γὰρ</em></span> 
     </span>
     <span class='ocr_line' id='line_1_5' title="bbox 138 303 1214 347; baseline 0.002 -9"><span class='ocrx_word' id='word_1_16' title='bbox 138 305 181 347; x_wconf 67' lang='grc' dir='ltr'><em>δι’]</em></span> <span class='ocrx_word' id='word_1_17' title='bbox 206 309 265 339; x_wconf 79' lang='grc' dir='ltr'><em>καὶ</em></span> <span class='ocrx_word' id='word_1_18' title='bbox 290 303 391 339; x_wconf 75' lang='grc' dir='ltr'><em>αὐτοὶ</em></span> <span class='ocrx_word' id='word_1_19' title='bbox 415 304 547 340; x_wconf 76' lang='grc' dir='ltr'><em>παῖδας</em></span> <span class='ocrx_word' id='word_1_20' title='bbox 571 305 831 340; x_wconf 74' lang='grc' dir='ltr'>καταλιπόντες</span> <span class='ocrx_word' id='word_1_21' title='bbox 856 304 1066 347; x_wconf 65' lang='grc' dir='ltr'><em>ἀπέλθοιεν,</em></span> <span class='ocrx_word' id='word_1_22' title='bbox 1091 304 1132 340; x_wconf 80' lang='grc' dir='ltr'>οὖ</span> <span class='ocrx_word' id='word_1_23' title='bbox 1153 320 1214 341; x_wconf 88' lang='grc' dir='ltr'>πο-</span> 
     </span>
     <span class='ocr_line' id='line_1_6' title="bbox 137 348 1218 396; baseline 0.003 -13"><span class='ocrx_word' id='word_1_24' title='bbox 137 349 400 395; x_wconf 81' lang='grc' dir='ltr'><em>λυπραγμονεῖν</em></span> <span class='ocrx_word' id='word_1_25' title='bbox 442 351 485 384; x_wconf 86' lang='grc' dir='ltr'><em>τὸ</em></span> <span class='ocrx_word' id='word_1_26' title='bbox 529 348 743 393; x_wconf 69' lang='grc' dir='ltr'><em>λειπόμενον</em></span> <span class='ocrx_word' id='word_1_27' title='bbox 777 350 861 385; x_wconf 70' lang='grc' dir='ltr'><em>οὐδὲ</em></span> <span class='ocrx_word' id='word_1_28' title='bbox 895 355 1121 396; x_wconf 67' lang='grc' dir='ltr'><strong><em>μακροτέραν</em></strong></span> <span class='ocrx_word' id='word_1_29' title='bbox 1155 353 1218 394; x_wconf 73' lang='grc' dir='ltr'><em>τῆς</em></span> 
     </span>
     <span class='ocr_line' id='line_1_7' title="bbox 136 394 1215 439; baseline 0 -10"><span class='ocrx_word' id='word_1_30' title='bbox 136 396 212 429; x_wconf 86' lang='grc' dir='ltr'>τῶν</span> <span class='ocrx_word' id='word_1_31' title='bbox 245 394 391 429; x_wconf 80' lang='grc' dir='ltr'><em>παίδων</em></span> <span class='ocrx_word' id='word_1_32' title='bbox 420 397 511 437; x_wconf 66' lang='grc' dir='ltr'><em>ζωῆς</em></span> <span class='ocrx_word' id='word_1_33' title='bbox 535 395 602 438; x_wconf 76' lang='grc' dir='ltr'>την</span> <span class='ocrx_word' id='word_1_34' title='bbox 626 397 688 438; x_wconf 70' lang='grc' dir='ltr'><em>τῆς</em></span> <span class='ocrx_word' id='word_1_35' title='bbox 712 398 928 439; x_wconf 62' lang='grc' dir='ltr'><em>ἐκποιήσι-ως·</em></span> <span class='ocrx_word' id='word_1_36' title='bbox 953 397 1109 431; x_wconf 65' lang='grc' dir='ltr'><em>κώλυσιν</em></span> <span class='ocrx_word' id='word_1_37' title='bbox 1134 398 1215 430; x_wconf 67' lang='grc' dir='ltr'><em>ἐθε-</em></span> 
     </span>
    </p>
   </div>
   <div class='ocr_carea' id='block_1_5' title="bbox 1286 259 2369 440">
    <p class='ocr_par' dir='ltr' id='par_1_5' title="bbox 1286 259 2369 440">
     <span class='ocr_line' id='line_1_8' title="bbox 1288 259 2366 305; baseline -0.002 -9"><span class='ocrx_word' id='word_1_38' title='bbox 1288 270 1384 296; x_wconf 86' lang='lat' dir='ltr'>nem:</span> <span class='ocrx_word' id='word_1_39' title='bbox 1419 261 1449 296; x_wconf 88' lang='lat' dir='ltr'>si</span> <span class='ocrx_word' id='word_1_40' title='bbox 1480 261 1572 296; x_wconf 93' lang='lat' dir='ltr'>enim</span> <span class='ocrx_word' id='word_1_41' title='bbox 1604 264 1639 296; x_wconf 86' lang='lat' dir='ltr'>et</span> <span class='ocrx_word' id='word_1_42' title='bbox 1670 261 1739 305; x_wconf 91' lang='lat' dir='ltr'>ipsi</span> <span class='ocrx_word' id='word_1_43' title='bbox 1772 260 1863 295; x_wconf 81' lang='lat' dir='ltr'>tilios</span> <span class='ocrx_word' id='word_1_44' title='bbox 1895 261 2134 304; x_wconf 83' lang='lat' dir='ltr'>relinquentes</span> <span class='ocrx_word' id='word_1_45' title='bbox 2159 259 2366 301; x_wconf 86' lang='lat' dir='ltr'>moriantur,</span> 
     </span>
     <span class='ocr_line' id='line_1_9' title="bbox 1290 305 2369 358; baseline -0.004 -16"><span class='ocrx_word' id='word_1_46' title='bbox 1290 321 1306 337; x_wconf 69' lang='grc' dir='ltr'><strong><em>ο</em></strong></span> <span class='ocrx_word' id='word_1_47' title='bbox 1327 321 1343 337; x_wconf 72' lang='lat'>«-</span> <span class='ocrx_word' id='word_1_48' title='bbox 1361 321 1377 337; x_wconf 61' lang='grc' dir='ltr'>νε</span> <span class='ocrx_word' id='word_1_49' title='bbox 1402 306 1497 358; x_wconf 82' lang='lat' dir='ltr'>quod</span> <span class='ocrx_word' id='word_1_50' title='bbox 1522 306 1682 341; x_wconf 89' lang='lat' dir='ltr'>relictum</span> <span class='ocrx_word' id='word_1_51' title='bbox 1708 311 1772 345; x_wconf 84' lang='lat' dir='ltr'>est,</span> <span class='ocrx_word' id='word_1_52' title='bbox 1796 316 1910 350; x_wconf 89' lang='lat' dir='ltr'>neque</span> <span class='ocrx_word' id='word_1_53' title='bbox 1932 306 1968 340; x_wconf 90' lang='lat' dir='ltr'>in</span> <span class='ocrx_word' id='word_1_54' title='bbox 1989 305 2145 347; x_wconf 79' lang='lat' dir='ltr'>longiore</span> <span class='ocrx_word' id='word_1_55' title='bbox 2169 316 2191 339; x_wconf 90' lang='lat' dir='ltr'>a</span> <span class='ocrx_word' id='word_1_56' title='bbox 2215 305 2369 340; x_wconf 86' lang='lat' dir='ltr'>filiorum</span> 
     </span>
     <span class='ocr_line' id='line_1_10' title="bbox 1286 350 2367 395; baseline -0.002 -10"><span class='ocrx_word' id='word_1_57' title='bbox 1286 352 1359 386; x_wconf 81' lang='lat' dir='ltr'>vita</span> <span class='ocrx_word' id='word_1_58' title='bbox 1377 352 1599 386; x_wconf 80' lang='lat' dir='ltr'>alienationis</span> <span class='ocrx_word' id='word_1_59' title='bbox 1623 350 1895 395; x_wconf 84' lang='lat' dir='ltr'>prohibitionem</span> <span class='ocrx_word' id='word_1_60' title='bbox 1920 350 2074 386; x_wconf 87' lang='lat' dir='ltr'>voluisse</span> <span class='ocrx_word' id='word_1_61' title='bbox 2098 350 2237 384; x_wconf 83' lang='lat' dir='ltr'>facere:</span> <span class='ocrx_word' id='word_1_62' title='bbox 2271 350 2367 384; x_wconf 80' lang='lat' dir='ltr'>codi-</span> 
     </span>
     <span class='ocr_line' id='line_1_11' title="bbox 1288 394 2367 440; baseline -0.002 -10"><span class='ocrx_word' id='word_1_63' title='bbox 1288 397 1407 431; x_wconf 91' lang='lat' dir='ltr'>cillum</span> <span class='ocrx_word' id='word_1_64' title='bbox 1432 406 1514 431; x_wconf 85' lang='lat' dir='ltr'>vero</span> <span class='ocrx_word' id='word_1_65' title='bbox 1539 397 1574 430; x_wconf 92' lang='lat' dir='ltr'>in</span> <span class='ocrx_word' id='word_1_66' title='bbox 1601 396 1757 440; x_wconf 85' lang='lat' dir='ltr'>proastio</span> <span class='ocrx_word' id='word_1_67' title='bbox 1783 396 1857 430; x_wconf 91' lang='lat' dir='ltr'>solo</span> <span class='ocrx_word' id='word_1_68' title='bbox 1883 396 2018 430; x_wconf 82' lang='lat' dir='ltr'>factum</span> <span class='ocrx_word' id='word_1_69' title='bbox 2045 395 2232 439; x_wconf 86' lang='lat' dir='ltr'>prohibere</span> <span class='ocrx_word' id='word_1_70' title='bbox 2256 398 2292 429; x_wconf 90' lang='lat' dir='ltr'>et</span> <span class='ocrx_word' id='word_1_71' title='bbox 2312 394 2367 429; x_wconf 88' lang='lat' dir='ltr'>his</span> 
     </span>
    </p>
   </div>
   <div class='ocr_carea' id='block_1_6' title="bbox 138 439 2367 495">
    <p class='ocr_par' dir='ltr' id='par_1_6' title="bbox 138 439 2367 495">
     <span class='ocr_line' id='line_1_12' title="bbox 138 439 2367 495; baseline 0 -23"><span class='ocrx_word' id='word_1_72' title='bbox 138 439 242 482; x_wconf 69' lang='grc' dir='ltr'><em>λῆσιιι</em></span> <span class='ocrx_word' id='word_1_73' title='bbox 267 439 511 491; x_wconf 67' lang='grc' dir='ltr'><em>ποιῄσασθαι·</em></span> <span class='ocrx_word' id='word_1_74' title='bbox 539 441 604 475; x_wconf 87' lang='grc' dir='ltr'>τὸν</span> <span class='ocrx_word' id='word_1_75' title='bbox 629 440 672 495; x_wconf 43' lang='grc' dir='ltr'>δεῇ</span> <span class='ocrx_word' id='word_1_76' title='bbox 690 454 730 486; x_wconf 82' lang='grc' dir='ltr'><em>γε</em></span> <span class='ocrx_word' id='word_1_77' title='bbox 754 440 965 475; x_wconf 75' lang='grc' dir='ltr'><em>κωὸίκιλλυν</em></span> <span class='ocrx_word' id='word_1_78' title='bbox 983 444 1041 476; x_wconf 77' lang='grc' dir='ltr'>ἐπὶ</span> <span class='ocrx_word' id='word_1_79' title='bbox 1060 443 1111 484; x_wconf 75' lang='grc' dir='ltr'><em>τῷ</em></span> <span class='ocrx_word' id='word_1_80' title='bbox 1132 455 1214 486; x_wconf 73' lang='grc' dir='ltr'><em>πρω-</em></span> <span class='ocrx_word' id='word_1_81' title='bbox 1253 445 1272 476; x_wconf 80' lang='lat'>5</span> <span class='ocrx_word' id='word_1_82' title='bbox 1287 442 1348 486; x_wconf 89' lang='lat' dir='ltr'>qui</span> <span class='ocrx_word' id='word_1_83' title='bbox 1372 452 1414 476; x_wconf 87' lang='lat' dir='ltr'>cx</span> <span class='ocrx_word' id='word_1_84' title='bbox 1438 444 1650 476; x_wconf 88' lang='lat' dir='ltr'>testamento</span> <span class='ocrx_word' id='word_1_85' title='bbox 1674 440 1793 475; x_wconf 65' lang='lat' dir='ltr'>Hier-io</span> <span class='ocrx_word' id='word_1_86' title='bbox 1817 441 1993 484; x_wconf 82' lang='lat' dir='ltr'>gloriosae</span> <span class='ocrx_word' id='word_1_87' title='bbox 2010 440 2199 474; x_wconf 80' lang='lat' dir='ltr'>memoriae</span> <span class='ocrx_word' id='word_1_88' title='bbox 2217 439 2367 480; x_wconf 75' lang='lat' dir='ltr'>(iuniore</span> 
     </span>
    </p>
   </div>
   <div class='ocr_carea' id='block_1_7' title="bbox 135 485 1216 666">
    <p class='ocr_par' dir='ltr' id='par_1_7' title="bbox 135 485 1216 666">
     <span class='ocr_line' id='line_1_13' title="bbox 137 485 1214 532; baseline 0 -15"><span class='ocrx_word' id='word_1_89' title='bbox 137 488 269 527; x_wconf 76' lang='grc' dir='ltr'><em>αστείῳ</em></span> <span class='ocrx_word' id='word_1_90' title='bbox 293 498 409 527; x_wconf 89' lang='grc' dir='ltr'><em>μονον</em></span> <span class='ocrx_word' id='word_1_91' title='bbox 431 485 627 531; x_wconf 81' lang='grc' dir='ltr'><em>γενόμενον</em></span> <span class='ocrx_word' id='word_1_92' title='bbox 651 488 895 532; x_wconf 60' lang='grc' dir='ltr'><em>ασιιιγορεῦσαι</em></span> <span class='ocrx_word' id='word_1_93' title='bbox 918 491 975 520; x_wconf 75' lang='grc' dir='ltr'>καὶ</span> <span class='ocrx_word' id='word_1_94' title='bbox 993 491 1066 520; x_wconf 82' lang='grc' dir='ltr'><em>τοῖς</em></span> <span class='ocrx_word' id='word_1_95' title='bbox 1083 489 1120 520; x_wconf 80' lang='grc' dir='ltr'>ἐκ</span> <span class='ocrx_word' id='word_1_96' title='bbox 1139 486 1214 520; x_wconf 76' lang='grc' dir='ltr'><em>δια-</em></span> 
     </span>
     <span class='ocr_line' id='line_1_14' title="bbox 137 528 1215 577; baseline 0.002 -15"><span class='ocrx_word' id='word_1_97' title='bbox 137 529 252 571; x_wconf 68' lang='grc' dir='ltr'><em>θήκης</em></span> <span class='ocrx_word' id='word_1_98' title='bbox 271 528 388 573; x_wconf 82' lang='grc' dir='ltr'><em>Ἰεριόυ</em></span> <span class='ocrx_word' id='word_1_99' title='bbox 412 533 475 564; x_wconf 79' lang='grc' dir='ltr'>τοῦ</span> <span class='ocrx_word' id='word_1_100' title='bbox 501 532 560 572; x_wconf 76' lang='grc' dir='ltr'>τῆς</span> <span class='ocrx_word' id='word_1_101' title='bbox 577 529 725 570; x_wconf 77' lang='grc' dir='ltr'><em>ἐνδόξου</em></span> <span class='ocrx_word' id='word_1_102' title='bbox 740 531 879 575; x_wconf 77' lang='grc' dir='ltr'><em>μνήμης</em></span> <span class='ocrx_word' id='word_1_103' title='bbox 900 533 974 572; x_wconf 80' lang='grc' dir='ltr'><em>(τοῦ</em></span> <span class='ocrx_word' id='word_1_104' title='bbox 990 535 1069 565; x_wconf 82' lang='grc' dir='ltr'>νεόυ</span> <span class='ocrx_word' id='word_1_105' title='bbox 1087 534 1215 577; x_wconf 75' lang='grc' dir='ltr'><em>φαμὲν)</em></span> 
     </span>
     <span class='ocr_line' id='line_1_15' title="bbox 136 574 1216 620; baseline 0.002 -12"><span class='ocrx_word' id='word_1_106' title='bbox 136 574 181 608; x_wconf 90' lang='grc' dir='ltr'><em>τὰ</em></span> <span class='ocrx_word' id='word_1_107' title='bbox 212 574 408 620; x_wconf 84' lang='grc' dir='ltr'><em>πράγματα</em></span> <span class='ocrx_word' id='word_1_108' title='bbox 442 574 708 618; x_wconf 71' lang='grc' dir='ltr'><em>διαδεξαμένοις</em></span> <span class='ocrx_word' id='word_1_109' title='bbox 739 575 780 608; x_wconf 85' lang='grc' dir='ltr'><em>τὸ</em></span> <span class='ocrx_word' id='word_1_110' title='bbox 806 577 1024 620; x_wconf 72' lang='grc' dir='ltr'><em>προάστειον</em></span> <span class='ocrx_word' id='word_1_111' title='bbox 1050 579 1216 618; x_wconf 80' lang='grc' dir='ltr'><em>ἐκποιεῖν,</em></span> 
     </span>
     <span class='ocr_line' id='line_1_16' title="bbox 135 619 1216 666; baseline 0.003 -15"><span class='ocrx_word' id='word_1_112' title='bbox 135 622 193 652; x_wconf 78' lang='grc' dir='ltr'>καὶ</span> <span class='ocrx_word' id='word_1_113' title='bbox 227 619 316 663; x_wconf 70' lang='grc' dir='ltr'><em>πρός</em></span> <span class='ocrx_word' id='word_1_114' title='bbox 348 633 386 661; x_wconf 81' lang='grc' dir='ltr'><em>γε</em></span> <span class='ocrx_word' id='word_1_115' title='bbox 414 620 550 654; x_wconf 67' lang='grc' dir='ltr'><em>τούτοις</em></span> <span class='ocrx_word' id='word_1_116' title='bbox 582 623 781 666; x_wconf 70' lang='grc' dir='ltr'><em>ἐπηγμένου</em></span> <span class='ocrx_word' id='word_1_117' title='bbox 807 623 870 654; x_wconf 78' lang='grc' dir='ltr'>τοῦ</span> <span class='ocrx_word' id='word_1_118' title='bbox 896 621 1124 665; x_wconf 67' lang='grc' dir='ltr'><em>βουληθῆναι</em></span> <span class='ocrx_word' id='word_1_119' title='bbox 1149 622 1216 654; x_wconf 83' lang='grc' dir='ltr'>τὸν</span> 
     </span>
    </p>
   </div>
   <div class='ocr_carea' id='block_1_8' title="bbox 135 662 1271 710">
    <p class='ocr_par' dir='ltr' id='par_1_8' title="bbox 135 662 1271 710">
     <span class='ocr_line' id='line_1_17' title="bbox 135 662 1271 710; baseline 0.004 -15"><span class='ocrx_word' id='word_1_120' title='bbox 135 662 349 698; x_wconf 67' lang='grc' dir='ltr'><em>ἀπελθόντα</em></span> <span class='ocrx_word' id='word_1_121' title='bbox 382 663 552 707; x_wconf 79' lang='grc' dir='ltr'><em>διηνεκῶς</em></span> <span class='ocrx_word' id='word_1_122' title='bbox 583 668 643 700; x_wconf 83' lang='grc' dir='ltr'><em>ἐπὶ</em></span> <span class='ocrx_word' id='word_1_123' title='bbox 674 668 736 708; x_wconf 78' lang='grc' dir='ltr'>τῆς</span> <span class='ocrx_word' id='word_1_124' title='bbox 769 665 938 710; x_wconf 81' lang='grc' dir='ltr'><em>φαμιλίας</em></span> <span class='ocrx_word' id='word_1_125' title='bbox 967 670 1090 710; x_wconf 71' lang='grc' dir='ltr'><em>μένειν</em></span> <span class='ocrx_word' id='word_1_126' title='bbox 1114 664 1214 700; x_wconf 77' lang='grc' dir='ltr'><em>αὐτό.</em></span> <span class='ocrx_word' id='word_1_127' title='bbox 1234 670 1271 700; x_wconf 91' lang='grc'>10</span> 
     </span>
    </p>
   </div>
   <div class='ocr_carea' id='block_1_9' title="bbox 134 703 889 755">
    <p class='ocr_par' dir='ltr' id='par_1_9' title="bbox 134 703 889 755">
     <span class='ocr_line' id='line_1_18' title="bbox 134 703 889 755; baseline 0.003 -13"><span class='ocrx_word' id='word_1_128' title='bbox 134 706 181 743; x_wconf 76' lang='grc' dir='ltr'><em>τὰ</em></span> <span class='ocrx_word' id='word_1_129' title='bbox 204 711 272 752; x_wconf 80' lang='grc' dir='ltr'>μὲν</span> <span class='ocrx_word' id='word_1_130' title='bbox 295 703 362 742; x_wconf 72' lang='grc' dir='ltr'>οὖν</span> <span class='ocrx_word' id='word_1_131' title='bbox 386 708 706 755; x_wconf 67' lang='grc' dir='ltr'><em>ἀμφιςβηιηθέντα</em></span> <span class='ocrx_word' id='word_1_132' title='bbox 728 712 889 744; x_wconf 82' lang='grc' dir='ltr'><em>τοιαῦτα.</em></span> 
     </span>
    </p>
   </div>
   <div class='ocr_carea' id='block_1_10' title="bbox 1286 485 2367 530">
    <p class='ocr_par' dir='ltr' id='par_1_10' title="bbox 1286 485 2367 530">
     <span class='ocr_line' id='line_1_19' title="bbox 1286 485 2367 530; baseline -0.003 -9"><span class='ocrx_word' id='word_1_133' title='bbox 1286 486 1448 528; x_wconf 81' lang='lat' dir='ltr'><strong>dicimus)</strong></span> <span class='ocrx_word' id='word_1_134' title='bbox 1466 496 1523 521; x_wconf 86' lang='lat' dir='ltr'>res</span> <span class='ocrx_word' id='word_1_135' title='bbox 1541 486 1816 530; x_wconf 83' lang='lat' dir='ltr'>suscipientibus</span> <span class='ocrx_word' id='word_1_136' title='bbox 1834 486 2028 529; x_wconf 87' lang='lat' dir='ltr'>proastium</span> <span class='ocrx_word' id='word_1_137' title='bbox 2047 485 2220 527; x_wconf 87' lang='lat' dir='ltr'>alienare;</span> <span class='ocrx_word' id='word_1_138' title='bbox 2239 485 2367 519; x_wconf 78' lang='lat' dir='ltr'>etenim</span> 
     </span>
    </p>
   </div>
   <div class='ocr_carea' id='block_1_11' title="bbox 1284 530 2368 611">
    <p class='ocr_par' dir='ltr' id='par_1_11' title="bbox 1284 530 2368 611">
     <span class='ocr_line' id='line_1_20' title="bbox 1284 530 2368 575; baseline -0.002 -10"><span class='ocrx_word' id='word_1_139' title='bbox 1284 531 1362 566; x_wconf 91' lang='lat' dir='ltr'>istis</span> <span class='ocrx_word' id='word_1_140' title='bbox 1398 532 1457 575; x_wconf 89' lang='lat' dir='ltr'>qui</span> <span class='ocrx_word' id='word_1_141' title='bbox 1492 535 1738 566; x_wconf 87' lang='lat' dir='ltr'>remanserunt</span> <span class='ocrx_word' id='word_1_142' title='bbox 1772 531 1859 565; x_wconf 87' lang='lat' dir='ltr'>velle</span> <span class='ocrx_word' id='word_1_143' title='bbox 1886 530 2092 565; x_wconf 80' lang='lat' dir='ltr'>defunctum</span> <span class='ocrx_word' id='word_1_144' title='bbox 2128 533 2300 574; x_wconf 85' lang='lat' dir='ltr'>perpetue</span> <span class='ocrx_word' id='word_1_145' title='bbox 2330 530 2368 563; x_wconf 87' lang='lat' dir='ltr'>in</span> 
     </span>
     <span class='ocr_line' id='line_1_21' title="bbox 1284 576 1769 611; baseline -0.002 -1"><span class='ocrx_word' id='word_1_146' title='bbox 1284 576 1455 611; x_wconf 85' lang='lat' dir='ltr'>familiam</span> <span class='ocrx_word' id='word_1_147' title='bbox 1485 586 1628 611; x_wconf 87' lang='lat' dir='ltr'>manere</span> <span class='ocrx_word' id='word_1_148' title='bbox 1660 586 1769 610; x_wconf 90' lang='lat' dir='ltr'>suam.</span> 
     </span>
    </p>
   </div>
   <div class='ocr_carea' id='block_1_12' title="bbox 1286 575 2363 656">
    <p class='ocr_par' dir='ltr' id='par_1_12' title="bbox 1286 575 2363 656">
     <span class='ocr_line' id='line_1_22' title="bbox 1819 575 2363 620; baseline -0.002 -10"><span class='ocrx_word' id='word_1_149' title='bbox 1819 576 1873 610; x_wconf 75' lang='lat' dir='ltr'>Ea</span> <span class='ocrx_word' id='word_1_150' title='bbox 1903 575 2041 620; x_wconf 85' lang='lat' dir='ltr'>quidem</span> <span class='ocrx_word' id='word_1_151' title='bbox 2073 586 2164 619; x_wconf 74' lang='lat' dir='ltr'>quae</span> <span class='ocrx_word' id='word_1_152' title='bbox 2197 575 2233 609; x_wconf 89' lang='lat' dir='ltr'>in</span> <span class='ocrx_word' id='word_1_153' title='bbox 2259 584 2363 619; x_wconf 74' lang='lat' dir='ltr'>quac«</span> 
     </span>
     <span class='ocr_line' id='line_1_23' title="bbox 1286 621 1829 656; baseline -0.002 -1"><span class='ocrx_word' id='word_1_154' title='bbox 1286 621 1434 656; x_wconf 85' lang='lat' dir='ltr'>stionem</span> <span class='ocrx_word' id='word_1_155' title='bbox 1456 621 1610 655; x_wconf 85' lang='lat' dir='ltr'>deducta</span> <span class='ocrx_word' id='word_1_156' title='bbox 1634 624 1718 655; x_wconf 89' lang='lat' dir='ltr'>sunt</span> <span class='ocrx_word' id='word_1_157' title='bbox 1743 621 1829 655; x_wconf 84' lang='lat' dir='ltr'>talia</span> 
     </span>
    </p>
   </div>
   <div class='ocr_carea' id='block_1_13' title="bbox 1140 777 1366 813">
    <p class='ocr_par' dir='ltr' id='par_1_13' title="bbox 1140 777 1366 813">
     <span class='ocr_line' id='line_1_24' title="bbox 1140 777 1366 813; baseline 0 -1"><span class='ocrx_word' id='word_1_158' title='bbox 1140 777 1296 813; x_wconf 86' lang='lat' dir='ltr'><strong>CAPUT</strong></span> <span class='ocrx_word' id='word_1_159' title='bbox 1320 777 1366 812; x_wconf 90' lang='lat' dir='ltr'>II.</span> 
     </span>
    </p>
   </div>
   <div class='ocr_carea' id='block_1_14' title="bbox 134 841 1213 988">
    <p class='ocr_par' dir='ltr' id='par_1_14' title="bbox 134 841 1213 988">
     <span class='ocr_line' id='line_1_25' title="bbox 205 841 1213 889; baseline 0 -11"><span class='ocrx_word' id='word_1_160' title='bbox 205 843 532 889; x_wconf 76' lang='grc' dir='ltr'><em>Κατασκεψάμενοι</em></span> <span class='ocrx_word' id='word_1_161' title='bbox 569 843 608 878; x_wconf 82' lang='grc' dir='ltr'>δὲ</span> <span class='ocrx_word' id='word_1_162' title='bbox 639 845 707 888; x_wconf 74' lang='grc' dir='ltr'>τὴν</span> <span class='ocrx_word' id='word_1_163' title='bbox 743 842 831 888; x_wconf 78' lang='grc' dir='ltr'><em>ὅλην</em></span> <span class='ocrx_word' id='word_1_164' title='bbox 866 842 964 889; x_wconf 78' lang='grc' dir='ltr'><em>ἡμεῖς</em></span> <span class='ocrx_word' id='word_1_165' title='bbox 997 845 1089 888; x_wconf 68' lang='grc' dir='ltr'><em>μεθ’</em></span> <span class='ocrx_word' id='word_1_166' title='bbox 1129 841 1213 886; x_wconf 72' lang='grc' dir='ltr'><em>ὅσης</em></span> 
     </span>
     <span class='ocr_line' id='line_1_26' title="bbox 135 885 1213 935; baseline -0.001 -12"><span class='ocrx_word' id='word_1_167' title='bbox 135 891 242 934; x_wconf 79' lang='grc' dir='ltr'><em>ἐχρῆν</em></span> <span class='ocrx_word' id='word_1_168' title='bbox 266 885 446 933; x_wconf 49' lang='grc' dir='ltr'><em>ἀκριβείας</em></span> <span class='ocrx_word' id='word_1_169' title='bbox 478 888 662 924; x_wconf 63' lang='grc' dir='ltr'><em>ὑπόθεσιν</em></span> <span class='ocrx_word' id='word_1_170' title='bbox 695 892 754 924; x_wconf 81' lang='grc' dir='ltr'><em>ἐπὶ</em></span> <span class='ocrx_word' id='word_1_171' title='bbox 786 892 853 934; x_wconf 78' lang='grc' dir='ltr'>μὲν</span> <span class='ocrx_word' id='word_1_172' title='bbox 884 894 956 924; x_wconf 90' lang='grc' dir='ltr'><em>τοῖς</em></span> <span class='ocrx_word' id='word_1_173' title='bbox 981 889 1099 924; x_wconf 75' lang='grc' dir='ltr'><em>ἄλλοις</em></span> <span class='ocrx_word' id='word_1_174' title='bbox 1123 889 1213 935; x_wconf 78' lang='grc' dir='ltr'><em>πρά-</em></span> 
     </span>
     <span class='ocr_line' id='line_1_27' title="bbox 134 933 1213 988; baseline 0.001 -21"><span class='ocrx_word' id='word_1_175' title='bbox 134 948 279 988; x_wconf 38' lang='grc' dir='ltr'><em>γμασῐιν,</em></span> <span class='ocrx_word' id='word_1_176' title='bbox 311 933 365 968; x_wconf 74' lang='grc' dir='ltr'>ὡν</span> <span class='ocrx_word' id='word_1_177' title='bbox 390 933 504 977; x_wconf 70' lang='grc' dir='ltr'><em>δήπου</em></span> <span class='ocrx_word' id='word_1_178' title='bbox 531 938 810 970; x_wconf 81' lang='grc' dir='ltr'><em>Κωνοταντῖνος</em></span> <span class='ocrx_word' id='word_1_179' title='bbox 834 934 853 969; x_wconf 81' lang='grc' dir='ltr'>ὁ</span> <span class='ocrx_word' id='word_1_180' title='bbox 881 937 942 977; x_wconf 71' lang='grc' dir='ltr'><em>τῆς</em></span> <span class='ocrx_word' id='word_1_181' title='bbox 966 935 1112 974; x_wconf 77' lang='grc' dir='ltr'><em>ἐνδόξου</em></span> <span class='ocrx_word' id='word_1_182' title='bbox 1126 934 1213 978; x_wconf 81' lang='grc' dir='ltr'><em>μνή-</em></span> 
     </span>
    </p>
   </div>
   <div class='ocr_carea' id='block_1_15' title="bbox 1284 842 2368 976">
    <p class='ocr_par' dir='ltr' id='par_1_15' title="bbox 1284 842 2368 976">
     <span class='ocr_line' id='line_1_28' title="bbox 1351 842 2368 887; baseline -0.002 -8"><span class='ocrx_word' id='word_1_183' title='bbox 1351 843 1615 879; x_wconf 87' lang='lat' dir='ltr'>considerantes</span> <span class='ocrx_word' id='word_1_184' title='bbox 1647 846 1813 887; x_wconf 72' lang='lat' dir='ltr'>oportere</span> <span class='ocrx_word' id='word_1_185' title='bbox 1837 842 2046 878; x_wconf 78' lang='lat' dir='ltr'>subtilitatis</span> <span class='ocrx_word' id='word_1_186' title='bbox 2072 843 2306 886; x_wconf 85' lang='lat' dir='ltr'>cognitionem</span> <span class='ocrx_word' id='word_1_187' title='bbox 2331 843 2368 877; x_wconf 89' lang='lat' dir='ltr'>in</span> 
     </span>
     <span class='ocr_line' id='line_1_29' title="bbox 1284 887 2367 933; baseline -0.002 -9"><span class='ocrx_word' id='word_1_188' title='bbox 1284 889 1362 924; x_wconf 89' lang='lat' dir='ltr'>aliis</span> <span class='ocrx_word' id='word_1_189' title='bbox 1387 889 1527 933; x_wconf 88' lang='lat' dir='ltr'>quidem</span> <span class='ocrx_word' id='word_1_190' title='bbox 1552 888 1670 928; x_wconf 85' lang='lat' dir='ltr'>rebus,</span> <span class='ocrx_word' id='word_1_191' title='bbox 1702 897 1794 931; x_wconf 83' lang='lat' dir='ltr'>quae</span> <span class='ocrx_word' id='word_1_192' title='bbox 1819 887 2073 922; x_wconf 85' lang='lat' dir='ltr'>Constantinus</span> <span class='ocrx_word' id='word_1_193' title='bbox 2096 888 2272 931; x_wconf 78' lang='lat' dir='ltr'>glor10sae</span> <span class='ocrx_word' id='word_1_194' title='bbox 2296 898 2367 922; x_wconf 90' lang='lat' dir='ltr'>me-</span> 
     </span>
     <span class='ocr_line' id='line_1_30' title="bbox 1284 932 2368 976; baseline -0.002 -7"><span class='ocrx_word' id='word_1_195' title='bbox 1284 934 1418 969; x_wconf 79' lang='lat' dir='ltr'>moriae</span> <span class='ocrx_word' id='word_1_196' title='bbox 1435 933 1554 968; x_wconf 84' lang='lat' dir='ltr'>Hierio</span> <span class='ocrx_word' id='word_1_197' title='bbox 1579 932 1718 975; x_wconf 86' lang='lat' dir='ltr'>seniori,</span> <span class='ocrx_word' id='word_1_198' title='bbox 1746 932 1789 966; x_wconf 86' lang='lat' dir='ltr'>de</span> <span class='ocrx_word' id='word_1_199' title='bbox 1814 933 1941 976; x_wconf 90' lang='lat' dir='ltr'>quibus</span> <span class='ocrx_word' id='word_1_200' title='bbox 1958 943 2001 968; x_wconf 87' lang='lat' dir='ltr'>ex</span> <span class='ocrx_word' id='word_1_201' title='bbox 2018 937 2230 968; x_wconf 85' lang='lat' dir='ltr'>testamento</span> <span class='ocrx_word' id='word_1_202' title='bbox 2249 934 2368 967; x_wconf 84' lang='lat' dir='ltr'>factus</span> 
     </span>
    </p>
   </div>
   <div class='ocr_carea' id='block_1_16' title="bbox 133 977 2369 1034">
    <p class='ocr_par' dir='ltr' id='par_1_16' title="bbox 133 977 2369 1034">
     <span class='ocr_line' id='line_1_31' title="bbox 133 977 2369 1034; baseline -0 -21"><span class='ocrx_word' id='word_1_203' title='bbox 133 991 198 1023; x_wconf 71' lang='grc' dir='ltr'>μης</span> <span class='ocrx_word' id='word_1_204' title='bbox 222 993 240 1013; x_wconf 94' lang='grc' dir='ltr'>ο</span> <span class='ocrx_word' id='word_1_205' title='bbox 264 978 383 1025; x_wconf 70' lang='grc' dir='ltr'><em>Ἵεριόυ</em></span> <span class='ocrx_word' id='word_1_206' title='bbox 406 981 469 1013; x_wconf 73' lang='grc' dir='ltr'>τοῦ</span> <span class='ocrx_word' id='word_1_207' title='bbox 496 983 737 1034; x_wconf 69' lang='grc' dir='ltr'><em>πρεσβυτέρου</em></span> <span class='ocrx_word' id='word_1_208' title='bbox 754 983 836 1014; x_wconf 78' lang='grc' dir='ltr'><em>παῖς</em></span> <span class='ocrx_word' id='word_1_209' title='bbox 852 982 889 1014; x_wconf 78' lang='grc' dir='ltr'>ἐκ</span> <span class='ocrx_word' id='word_1_210' title='bbox 906 981 983 1014; x_wconf 82' lang='grc' dir='ltr'>τῶν</span> <span class='ocrx_word' id='word_1_211' title='bbox 998 982 1062 1014; x_wconf 73' lang='grc' dir='ltr'>τοῦ</span> <span class='ocrx_word' id='word_1_212' title='bbox 1080 980 1215 1025; x_wconf 79' lang='grc' dir='ltr'><em>πατρὸς</em></span> <span class='ocrx_word' id='word_1_213' title='bbox 1232 983 1270 1014; x_wconf 82' lang='grc'>15</span> <span class='ocrx_word' id='word_1_214' title='bbox 1286 984 1339 1014; x_wconf 80' lang='lat' dir='ltr'>est</span> <span class='ocrx_word' id='word_1_215' title='bbox 1388 979 1569 1020; x_wconf 84' lang='lat' dir='ltr'>dominus,</span> <span class='ocrx_word' id='word_1_216' title='bbox 1619 978 1707 1012; x_wconf 85' lang='lat' dir='ltr'>nihil</span> <span class='ocrx_word' id='word_1_217' title='bbox 1750 977 1913 1021; x_wconf 79' lang='lat' dir='ltr'>accipere</span> <span class='ocrx_word' id='word_1_218' title='bbox 1957 978 2235 1013; x_wconf 78' lang='lat' dir='ltr'>existimavimus</span> <span class='ocrx_word' id='word_1_219' title='bbox 2278 978 2369 1012; x_wconf 81' lang='lat' dir='ltr'>bene</span> 
     </span>
    </p>
   </div>
   <div class='ocr_carea' id='block_1_17' title="bbox 134 1014 1216 1192">
    <p class='ocr_par' dir='ltr' id='par_1_17' title="bbox 134 1014 1216 1192">
     <span class='ocr_line' id='line_1_32' title="bbox 136 1014 1216 1070; baseline -0.001 -12"><span class='ocrx_word' id='word_1_220' title='bbox 136 1024 327 1067; x_wconf 66' lang='grc' dir='ltr'><em>διαθηκῶν</em></span> <span class='ocrx_word' id='word_1_221' title='bbox 350 1027 473 1070; x_wconf 82' lang='grc' dir='ltr'><em>γέγονε</em></span> <span class='ocrx_word' id='word_1_222' title='bbox 497 1036 624 1067; x_wconf 81' lang='grc' dir='ltr'><em>κυριος,</em></span> <span class='ocrx_word' id='word_1_223' title='bbox 648 1014 731 1059; x_wconf 58' lang='grc' dir='ltr'><em>οἶδὲ</em></span> <span class='ocrx_word' id='word_1_224' title='bbox 754 1025 822 1067; x_wconf 71' lang='grc' dir='ltr'>τὴν</span> <span class='ocrx_word' id='word_1_225' title='bbox 842 1028 1021 1067; x_wconf 66' lang='grc' dir='ltr'><em>τυχοῖσαν</em></span> <span class='ocrx_word' id='word_1_226' title='bbox 1039 1022 1216 1068; x_wconf 69' lang='grc' dir='ltr'><em>ᾠήθημεν</em></span> 
     </span>
     <span class='ocr_line' id='line_1_33' title="bbox 135 1069 1216 1116; baseline 0 -13"><span class='ocrx_word' id='word_1_227' title='bbox 135 1069 249 1103; x_wconf 75' lang='grc' dir='ltr'><em>καλῶς</em></span> <span class='ocrx_word' id='word_1_228' title='bbox 273 1070 490 1103; x_wconf 67' lang='grc' dir='ltr'><em>ἐνίστασθαι</em></span> <span class='ocrx_word' id='word_1_229' title='bbox 516 1069 675 1111; x_wconf 77' lang='grc' dir='ltr'><em>ζήτησιν,</em></span> <span class='ocrx_word' id='word_1_230' title='bbox 701 1070 888 1116; x_wconf 62' lang='grc' dir='ltr'><em>εἴργεσθαι</em></span> <span class='ocrx_word' id='word_1_231' title='bbox 913 1069 951 1104; x_wconf 84' lang='grc' dir='ltr'>δὲ</span> <span class='ocrx_word' id='word_1_232' title='bbox 972 1072 1033 1113; x_wconf 65' lang='grc' dir='ltr'>τῆς</span> <span class='ocrx_word' id='word_1_233' title='bbox 1057 1072 1117 1105; x_wconf 77' lang='grc' dir='ltr'><em>ἐπὶ</em></span> <span class='ocrx_word' id='word_1_234' title='bbox 1136 1069 1216 1103; x_wconf 77' lang='grc' dir='ltr'><em>τού-</em></span> 
     </span>
     <span class='ocr_line' id='line_1_34' title="bbox 134 1112 1214 1192; baseline 0.001 -45"><span class='ocrx_word' id='word_1_235' title='bbox 134 1126 207 1148; x_wconf 90' lang='grc' dir='ltr'><em>τοις</em></span> <span class='ocrx_word' id='word_1_236' title='bbox 238 1115 420 1192; x_wconf 55' lang='grc' dir='ltr'><em>ἐνογκωγῆς</em></span> <span class='ocrx_word' id='word_1_237' title='bbox 450 1112 514 1148; x_wconf 69' lang='grc' dir='ltr'>οὐκ</span> <span class='ocrx_word' id='word_1_238' title='bbox 536 1113 770 1159; x_wconf 77' lang='grc' dir='ltr'><em>Ἀλέξανδρον</em></span> <span class='ocrx_word' id='word_1_239' title='bbox 792 1114 910 1159; x_wconf 86' lang='grc' dir='ltr'><em>μόνον</em></span> <span class='ocrx_word' id='word_1_240' title='bbox 934 1116 1001 1149; x_wconf 87' lang='grc' dir='ltr'>τὸν</span> <span class='ocrx_word' id='word_1_241' title='bbox 1026 1113 1214 1154; x_wconf 79' lang='grc' dir='ltr'><em>ἐνδοξότα-</em></span> 
     </span>
    </p>
   </div>
   <div class='ocr_carea' id='block_1_18' title="bbox 134 1156 1214 1204">
    <p class='ocr_par' dir='ltr' id='par_1_18' title="bbox 134 1156 1214 1204">
     <span class='ocr_line' id='line_1_35' title="bbox 134 1156 1214 1204; baseline -0.001 -11"><span class='ocrx_word' id='word_1_242' title='bbox 134 1173 210 1201; x_wconf 83' lang='grc' dir='ltr'><em>τον,</em></span> <span class='ocrx_word' id='word_1_243' title='bbox 243 1156 286 1192; x_wconf 80' lang='grc' dir='ltr'>ἀλ</span> <span class='ocrx_word' id='word_1_244' title='bbox 311 1160 332 1192; x_wconf 84' lang='grc' dir='ltr'><em>ὰ</em></span> <span class='ocrx_word' id='word_1_245' title='bbox 362 1162 421 1192; x_wconf 74' lang='grc' dir='ltr'>καὶ</span> <span class='ocrx_word' id='word_1_246' title='bbox 453 1159 519 1202; x_wconf 86' lang='grc' dir='ltr'>τὴν</span> <span class='ocrx_word' id='word_1_247' title='bbox 550 1158 683 1202; x_wconf 77' lang='grc' dir='ltr'><em>λοιπὴν</em></span> <span class='ocrx_word' id='word_1_248' title='bbox 715 1162 838 1195; x_wconf 83' lang='grc' dir='ltr'><em>πᾶσαν</em></span> <span class='ocrx_word' id='word_1_249' title='bbox 863 1160 1048 1204; x_wconf 87' lang='grc' dir='ltr'><em>φαμιλίαν,</em></span> <span class='ocrx_word' id='word_1_250' title='bbox 1078 1162 1154 1194; x_wconf 76' lang='grc' dir='ltr'>τῶν</span> <span class='ocrx_word' id='word_1_251' title='bbox 1175 1173 1214 1193; x_wconf 87' lang='grc' dir='ltr'>τε</span> 
     </span>
    </p>
   </div>
   <div class='ocr_carea' id='block_1_19' title="bbox 1285 1023 2368 1203">
    <p class='ocr_par' dir='ltr' id='par_1_19' title="bbox 1285 1023 2368 1203">
     <span class='ocr_line' id='line_1_36' title="bbox 1287 1023 2368 1067; baseline -0.002 -8"><span class='ocrx_word' id='word_1_252' title='bbox 1287 1034 1431 1067; x_wconf 82' lang='lat' dir='ltr'>surgere</span> <span class='ocrx_word' id='word_1_253' title='bbox 1468 1023 1722 1067; x_wconf 86' lang='lat' dir='ltr'>quaestionem,</span> <span class='ocrx_word' id='word_1_254' title='bbox 1757 1032 1886 1057; x_wconf 82' lang='lat' dir='ltr'>vacare</span> <span class='ocrx_word' id='word_1_255' title='bbox 1923 1033 2004 1058; x_wconf 91' lang='lat' dir='ltr'>vero</span> <span class='ocrx_word' id='word_1_256' title='bbox 2040 1023 2076 1058; x_wconf 91' lang='lat' dir='ltr'>in</span> <span class='ocrx_word' id='word_1_257' title='bbox 2109 1023 2188 1058; x_wconf 89' lang='lat' dir='ltr'>istis</span> <span class='ocrx_word' id='word_1_258' title='bbox 2225 1023 2368 1058; x_wconf 85' lang='lat' dir='ltr'>actione</span> 
     </span>
     <span class='ocr_line' id='line_1_37' title="bbox 1286 1068 2367 1112; baseline -0.003 -8"><span class='ocrx_word' id='word_1_259' title='bbox 1286 1080 1357 1104; x_wconf 90' lang='lat' dir='ltr'>non</span> <span class='ocrx_word' id='word_1_260' title='bbox 1374 1069 1615 1103; x_wconf 84' lang='lat' dir='ltr'>Alexandrum</span> <span class='ocrx_word' id='word_1_261' title='bbox 1641 1068 1754 1103; x_wconf 89' lang='lat' dir='ltr'>solum</span> <span class='ocrx_word' id='word_1_262' title='bbox 1775 1068 1887 1103; x_wconf 89' lang='lat' dir='ltr'>virum</span> <span class='ocrx_word' id='word_1_263' title='bbox 1908 1068 2112 1112; x_wconf 87' lang='lat' dir='ltr'>gloriosum,</span> <span class='ocrx_word' id='word_1_264' title='bbox 2138 1068 2200 1103; x_wconf 87' lang='lat' dir='ltr'>sed</span> <span class='ocrx_word' id='word_1_265' title='bbox 2225 1070 2262 1103; x_wconf 88' lang='lat' dir='ltr'>et</span> <span class='ocrx_word' id='word_1_266' title='bbox 2286 1068 2367 1103; x_wconf 87' lang='lat' dir='ltr'>reli-</span> 
     </span>
     <span class='ocr_line' id='line_1_38' title="bbox 1286 1112 2368 1158; baseline -0.002 -10"><span class='ocrx_word' id='word_1_267' title='bbox 1286 1124 1392 1158; x_wconf 86' lang='lat' dir='ltr'>quam</span> <span class='ocrx_word' id='word_1_268' title='bbox 1425 1123 1563 1148; x_wconf 89' lang='lat' dir='ltr'>omnem</span> <span class='ocrx_word' id='word_1_269' title='bbox 1589 1112 1777 1154; x_wconf 83' lang='lat' dir='ltr'>familiam,</span> <span class='ocrx_word' id='word_1_270' title='bbox 1810 1122 1854 1147; x_wconf 87' lang='lat' dir='ltr'>ex</span> <span class='ocrx_word' id='word_1_271' title='bbox 1885 1114 2089 1148; x_wconf 83' lang='lat' dir='ltr'>testamenti</span> <span class='ocrx_word' id='word_1_272' title='bbox 2113 1113 2229 1148; x_wconf 88' lang='lat' dir='ltr'>verbis</span> <span class='ocrx_word' id='word_1_273' title='bbox 2255 1123 2368 1157; x_wconf 87' lang='lat' dir='ltr'>usque</span> 
     </span>
     <span class='ocr_line' id='line_1_39' title="bbox 1285 1157 2368 1203; baseline -0.001 -10"><span class='ocrx_word' id='word_1_274' title='bbox 1285 1159 1330 1193; x_wconf 90' lang='lat' dir='ltr'>ad</span> <span class='ocrx_word' id='word_1_275' title='bbox 1361 1158 1454 1194; x_wconf 89' lang='lat' dir='ltr'>filios</span> <span class='ocrx_word' id='word_1_276' title='bbox 1486 1159 1600 1193; x_wconf 90' lang='lat' dir='ltr'>solum</span> <span class='ocrx_word' id='word_1_277' title='bbox 1629 1161 1725 1193; x_wconf 86' lang='lat' dir='ltr'>stare</span> <span class='ocrx_word' id='word_1_278' title='bbox 1745 1157 2031 1201; x_wconf 87' lang='lat' dir='ltr'>prohibitionem,</span> <span class='ocrx_word' id='word_1_279' title='bbox 2056 1162 2092 1192; x_wconf 89' lang='lat' dir='ltr'>et</span> <span class='ocrx_word' id='word_1_280' title='bbox 2114 1159 2232 1203; x_wconf 90' lang='lat' dir='ltr'>ipsum</span> <span class='ocrx_word' id='word_1_281' title='bbox 2255 1158 2368 1192; x_wconf 90' lang='lat' dir='ltr'>Hierii</span> 
     </span>
    </p>
   </div>
   <div class='ocr_carea' id='block_1_20' title="bbox 133 1203 2367 1259">
    <p class='ocr_par' dir='ltr' id='par_1_20' title="bbox 133 1203 2367 1259">
     <span class='ocr_line' id='line_1_40' title="bbox 133 1203 2367 1259; baseline -0.001 -20"><span class='ocrx_word' id='word_1_282' title='bbox 133 1206 196 1247; x_wconf 77' lang='grc' dir='ltr'><em>τῆς</em></span> <span class='ocrx_word' id='word_1_283' title='bbox 228 1203 405 1247; x_wconf 74' lang='grc' dir='ltr'><em>διαθήκης</em></span> <span class='ocrx_word' id='word_1_284' title='bbox 434 1204 605 1250; x_wconf 80' lang='grc' dir='ltr'><em>ῥημάτων</em></span> <span class='ocrx_word' id='word_1_285' title='bbox 627 1207 738 1259; x_wconf 42' lang='grc' dir='ltr'><em>,μέχρι</em></span> <span class='ocrx_word' id='word_1_286' title='bbox 766 1205 894 1258; x_wconf 52' lang='grc' dir='ltr'><em>μόναν</em></span> <span class='ocrx_word' id='word_1_287' title='bbox 919 1204 1065 1239; x_wconf 78' lang='grc' dir='ltr'><em>παίδων</em></span> <span class='ocrx_word' id='word_1_288' title='bbox 1087 1205 1208 1239; x_wconf 62' lang='lat' dir='ltr'>tazan—</span> <span class='ocrx_word' id='word_1_289' title='bbox 1230 1208 1271 1239; x_wconf 85' lang='lat'>20</span> <span class='ocrx_word' id='word_1_290' title='bbox 1284 1204 1459 1256; x_wconf 71' lang='lat' dir='ltr'>gloriosae</span> <span class='ocrx_word' id='word_1_291' title='bbox 1483 1203 1672 1238; x_wconf 86' lang='lat' dir='ltr'>memoriae</span> <span class='ocrx_word' id='word_1_292' title='bbox 1692 1203 1814 1244; x_wconf 87' lang='lat' dir='ltr'>filium,</span> <span class='ocrx_word' id='word_1_293' title='bbox 1838 1213 1902 1247; x_wconf 88' lang='lat' dir='ltr'>per</span> <span class='ocrx_word' id='word_1_294' title='bbox 1917 1213 2006 1246; x_wconf 87' lang='lat' dir='ltr'>quos</span> <span class='ocrx_word' id='word_1_295' title='bbox 2022 1203 2198 1238; x_wconf 81' lang='lat' dir='ltr'>facientes</span> <span class='ocrx_word' id='word_1_296' title='bbox 2219 1204 2367 1244; x_wconf 84' lang='grc' dir='ltr'><em>[εἰσποι-</em></span> 
     </span>
    </p>
   </div>
   <div class='ocr_carea' id='block_1_21' title="bbox 133 1248 1216 1438">
    <p class='ocr_par' dir='ltr' id='par_1_21' title="bbox 133 1248 1216 1438">
     <span class='ocr_line' id='line_1_41' title="bbox 133 1248 1205 1294; baseline -0.001 -11"><span class='ocrx_word' id='word_1_297' title='bbox 133 1263 211 1283; x_wconf 87' lang='grc' dir='ltr'>των</span> <span class='ocrx_word' id='word_1_298' title='bbox 240 1250 307 1292; x_wconf 81' lang='grc' dir='ltr'>τὴν</span> <span class='ocrx_word' id='word_1_299' title='bbox 331 1248 487 1283; x_wconf 77' lang='grc' dir='ltr'><em>κώλυσιν</em></span> <span class='ocrx_word' id='word_1_300' title='bbox 511 1253 570 1282; x_wconf 80' lang='grc' dir='ltr'>καὶ</span> <span class='ocrx_word' id='word_1_301' title='bbox 594 1251 718 1292; x_wconf 64' lang='grc' dir='ltr'><em>σιτ-τῷν</em></span> <span class='ocrx_word' id='word_1_302' title='bbox 741 1251 819 1283; x_wconf 86' lang='grc' dir='ltr'>τῶν</span> <span class='ocrx_word' id='word_1_303' title='bbox 849 1254 960 1294; x_wconf 84' lang='grc' dir='ltr'><em>Ιεριόυ</em></span> <span class='ocrx_word' id='word_1_304' title='bbox 985 1252 1049 1284; x_wconf 81' lang='grc' dir='ltr'>τοῦ</span> <span class='ocrx_word' id='word_1_305' title='bbox 1074 1251 1135 1292; x_wconf 82' lang='grc' dir='ltr'>τῆς</span> <span class='ocrx_word' id='word_1_306' title='bbox 1160 1251 1205 1282; x_wconf 38' lang='grc' dir='ltr'>ἐν’</span> 
     </span>
     <span class='ocr_line' id='line_1_42' title="bbox 135 1291 1216 1340; baseline 0 -12"><span class='ocrx_word' id='word_1_307' title='bbox 135 1293 241 1334; x_wconf 79' lang='grc' dir='ltr'><em>δόξου</em></span> <span class='ocrx_word' id='word_1_308' title='bbox 270 1293 409 1338; x_wconf 66' lang='grc' dir='ltr'><em>μνήμης</em></span> <span class='ocrx_word' id='word_1_309' title='bbox 438 1293 537 1334; x_wconf 78' lang='grc' dir='ltr'><em>υἱῶν,</em></span> <span class='ocrx_word' id='word_1_310' title='bbox 575 1292 620 1328; x_wconf 70' lang='grc' dir='ltr'>δι’</span> <span class='ocrx_word' id='word_1_311' title='bbox 656 1293 710 1328; x_wconf 80' lang='grc' dir='ltr'>ῶν</span> <span class='ocrx_word' id='word_1_312' title='bbox 741 1296 934 1329; x_wconf 77' lang='grc' dir='ltr'><em>εἰςποιοῦσι</em></span> <span class='ocrx_word' id='word_1_313' title='bbox 967 1297 1059 1340; x_wconf 80' lang='grc' dir='ltr'><em>σφᾶς</em></span> <span class='ocrx_word' id='word_1_314' title='bbox 1090 1291 1216 1328; x_wconf 69' lang='grc' dir='ltr'><em>αὐτοῖς</em></span> 
     </span>
     <span class='ocr_line' id='line_1_43' title="bbox 134 1337 1216 1384; baseline 0 -11"><span class='ocrx_word' id='word_1_315' title='bbox 134 1344 205 1373; x_wconf 82' lang='grc' dir='ltr'><em>τοῖς</em></span> <span class='ocrx_word' id='word_1_316' title='bbox 240 1340 357 1384; x_wconf 82' lang='grc' dir='ltr'><em>Ἱερίου</em></span> <span class='ocrx_word' id='word_1_317' title='bbox 393 1337 541 1373; x_wconf 83' lang='grc' dir='ltr'><em>δικαίοις</em></span> <span class='ocrx_word' id='word_1_318' title='bbox 579 1339 614 1373; x_wconf 88' lang='grc' dir='ltr'>οἱ</span> <span class='ocrx_word' id='word_1_319' title='bbox 646 1338 722 1383; x_wconf 75' lang='grc' dir='ltr'><em>μετ’</em></span> <span class='ocrx_word' id='word_1_320' title='bbox 762 1342 913 1374; x_wconf 80' lang='grc' dir='ltr'><em>ἐκείνους</em></span> <span class='ocrx_word' id='word_1_321' title='bbox 951 1342 1013 1382; x_wconf 77' lang='grc' dir='ltr'>τῆς</span> <span class='ocrx_word' id='word_1_322' title='bbox 1048 1338 1216 1384; x_wconf 81' lang='grc' dir='ltr'><em>φαμιλίας</em></span> 
     </span>
     <span class='ocr_line' id='line_1_44' title="bbox 134 1381 1215 1438; baseline 0 -20"><span class='ocrx_word' id='word_1_323' title='bbox 134 1381 354 1429; x_wconf 76' lang='grc' dir='ltr'><em>ὑπάρχοντες</em></span> <span class='ocrx_word' id='word_1_324' title='bbox 383 1387 495 1438; x_wconf 59' lang='grc' dir='ltr'><em>μέρος,</em></span> <span class='ocrx_word' id='word_1_325' title='bbox 529 1385 803 1436; x_wconf 72' lang='grc' dir='ltr'><em>ἐκποιησάντων</em></span> <span class='ocrx_word' id='word_1_326' title='bbox 833 1386 916 1419; x_wconf 89' lang='grc' dir='ltr'><em>τινὰ</em></span> <span class='ocrx_word' id='word_1_327' title='bbox 941 1387 1018 1419; x_wconf 90' lang='grc' dir='ltr'>τῶν</span> <span class='ocrx_word' id='word_1_328' title='bbox 1043 1382 1125 1429; x_wconf 86' lang='grc' dir='ltr'><em>παρ’</em></span> <span class='ocrx_word' id='word_1_329' title='bbox 1154 1382 1215 1418; x_wconf 79' lang='grc' dir='ltr'>αὑ-</span> 
     </span>
    </p>
   </div>
   <div class='ocr_carea' id='block_1_22' title="bbox 1284 1244 2369 1428">
    <p class='ocr_par' dir='ltr' id='par_1_22' title="bbox 1284 1244 2369 1428">
     <span class='ocr_line' id='line_1_45' title="bbox 1285 1244 2367 1293; baseline 0 -11"><span class='ocrx_word' id='word_1_330' title='bbox 1285 1261 1389 1282; x_wconf 75' lang='grc' dir='ltr'><em>ουσιν</em></span> <span class='ocrx_word' id='word_1_331' title='bbox 1421 1249 1515 1292; x_wconf 76' lang='grc' dir='ltr'><em>σφᾶς</em></span> <span class='ocrx_word' id='word_1_332' title='bbox 1543 1244 1682 1290; x_wconf 74' lang='grc' dir='ltr'><em>αὐτοὺς]</em></span> <span class='ocrx_word' id='word_1_333' title='bbox 1715 1258 1776 1283; x_wconf 91' lang='lat' dir='ltr'>eos</span> <span class='ocrx_word' id='word_1_334' title='bbox 1801 1248 1910 1282; x_wconf 88' lang='lat' dir='ltr'>Hierii</span> <span class='ocrx_word' id='word_1_335' title='bbox 1934 1249 2013 1283; x_wconf 88' lang='lat' dir='ltr'>iura</span> <span class='ocrx_word' id='word_1_336' title='bbox 2037 1248 2096 1293; x_wconf 91' lang='lat' dir='ltr'>qui</span> <span class='ocrx_word' id='word_1_337' title='bbox 2120 1252 2203 1292; x_wconf 88' lang='lat' dir='ltr'>post</span> <span class='ocrx_word' id='word_1_338' title='bbox 2227 1259 2289 1283; x_wconf 90' lang='lat' dir='ltr'>eos</span> <span class='ocrx_word' id='word_1_339' title='bbox 2314 1248 2367 1282; x_wconf 88' lang='lat' dir='ltr'>fa-</span> 
     </span>
     <span class='ocr_line' id='line_1_46' title="bbox 1284 1293 2369 1337; baseline -0.001 -9"><span class='ocrx_word' id='word_1_340' title='bbox 1284 1294 1400 1328; x_wconf 85' lang='lat' dir='ltr'>miliae</span> <span class='ocrx_word' id='word_1_341' title='bbox 1431 1293 1689 1328; x_wconf 85' lang='lat' dir='ltr'>substituentes</span> <span class='ocrx_word' id='word_1_342' title='bbox 1720 1295 1856 1337; x_wconf 87' lang='lat' dir='ltr'>partem</span> <span class='ocrx_word' id='word_1_343' title='bbox 1888 1293 2131 1328; x_wconf 84' lang='lat' dir='ltr'>alienaverunt</span> <span class='ocrx_word' id='word_1_344' title='bbox 2161 1303 2252 1337; x_wconf 90' lang='lat' dir='ltr'>quae</span> <span class='ocrx_word' id='word_1_345' title='bbox 2272 1293 2369 1337; x_wconf 85' lang='lat' dir='ltr'>apud</span> 
     </span>
     <span class='ocr_line' id='line_1_47' title="bbox 1285 1338 2367 1382; baseline -0.001 -9"><span class='ocrx_word' id='word_1_346' title='bbox 1285 1349 1357 1379; x_wconf 80' lang='lat' dir='ltr'>eos,</span> <span class='ocrx_word' id='word_1_347' title='bbox 1390 1342 1570 1382; x_wconf 83' lang='lat' dir='ltr'>tamquam</span> <span class='ocrx_word' id='word_1_348' title='bbox 1600 1338 1638 1373; x_wconf 91' lang='lat' dir='ltr'>in</span> <span class='ocrx_word' id='word_1_349' title='bbox 1670 1338 1959 1373; x_wconf 84' lang='lat' dir='ltr'>substitutionem</span> <span class='ocrx_word' id='word_1_350' title='bbox 1983 1348 2027 1373; x_wconf 81' lang='lat' dir='ltr'>ex</span> <span class='ocrx_word' id='word_1_351' title='bbox 2050 1339 2233 1373; x_wconf 88' lang='lat' dir='ltr'>voluntate</span> <span class='ocrx_word' id='word_1_352' title='bbox 2256 1339 2367 1372; x_wconf 90' lang='lat' dir='ltr'>inter-</span> 
     </span>
     <span class='ocr_line' id='line_1_48' title="bbox 1286 1383 2368 1428; baseline -0.003 -9"><span class='ocrx_word' id='word_1_353' title='bbox 1286 1384 1462 1419; x_wconf 90' lang='lat' dir='ltr'>dictorum</span> <span class='ocrx_word' id='word_1_354' title='bbox 1487 1383 1604 1418; x_wconf 90' lang='lat' dir='ltr'>unius.</span> <span class='ocrx_word' id='word_1_355' title='bbox 1640 1383 1683 1417; x_wconf 93' lang='lat' dir='ltr'>In</span> <span class='ocrx_word' id='word_1_356' title='bbox 1706 1384 1866 1427; x_wconf 89' lang='lat' dir='ltr'>proastio</span> <span class='ocrx_word' id='word_1_357' title='bbox 1891 1394 1972 1419; x_wconf 88' lang='lat' dir='ltr'>vero</span> <span class='ocrx_word' id='word_1_358' title='bbox 1997 1393 2111 1428; x_wconf 89' lang='lat' dir='ltr'>neque</span> <span class='ocrx_word' id='word_1_359' title='bbox 2135 1384 2166 1418; x_wconf 92' lang='lat' dir='ltr'>si</span> <span class='ocrx_word' id='word_1_360' title='bbox 2187 1383 2368 1418; x_wconf 89' lang='lat' dir='ltr'>dominum</span> 
     </span>
    </p>
   </div>
   <div class='ocr_carea' id='block_1_23' title="bbox 133 1426 2368 1475">
    <p class='ocr_par' dir='ltr' id='par_1_23' title="bbox 133 1426 2368 1475">
     <span class='ocr_line' id='line_1_49' title="bbox 133 1426 2368 1475; baseline -0 -12"><span class='ocrx_word' id='word_1_361' title='bbox 133 1433 204 1463; x_wconf 76' lang='grc' dir='ltr'><em>τοῖς</em></span> <span class='ocrx_word' id='word_1_362' title='bbox 228 1432 288 1463; x_wconf 84' lang='grc' dir='ltr'>καὶ</span> <span class='ocrx_word' id='word_1_363' title='bbox 313 1426 404 1463; x_wconf 73' lang='grc' dir='ltr'><em>ὅλως</em></span> <span class='ocrx_word' id='word_1_364' title='bbox 427 1432 575 1474; x_wconf 79' lang='grc' dir='ltr'><em>ωςπερεὶ</em></span> <span class='ocrx_word' id='word_1_365' title='bbox 599 1430 667 1472; x_wconf 75' lang='grc' dir='ltr'>τὴν</span> <span class='ocrx_word' id='word_1_366' title='bbox 692 1429 989 1464; x_wconf 67' lang='grc' dir='ltr'><em>υποκατάστασιν</em></span> <span class='ocrx_word' id='word_1_367' title='bbox 1013 1432 1050 1463; x_wconf 84' lang='grc' dir='ltr'>ἐκ</span> <span class='ocrx_word' id='word_1_368' title='bbox 1074 1427 1216 1475; x_wconf 63' lang='grc' dir='ltr'><em>γνώμης</em></span> <span class='ocrx_word' id='word_1_369' title='bbox 1229 1432 1270 1464; x_wconf 80' lang='lat'>25</span> <span class='ocrx_word' id='word_1_370' title='bbox 1286 1429 1440 1464; x_wconf 83' lang='lat' dir='ltr'>codicilli</span> <span class='ocrx_word' id='word_1_371' title='bbox 1452 1428 1611 1463; x_wconf 89' lang='lat' dir='ltr'>Hierium</span> <span class='ocrx_word' id='word_1_372' title='bbox 1625 1429 1815 1464; x_wconf 86' lang='lat' dir='ltr'>ostendant</span> <span class='ocrx_word' id='word_1_373' title='bbox 1829 1428 2004 1472; x_wconf 87' lang='lat' dir='ltr'>gloriosae</span> <span class='ocrx_word' id='word_1_374' title='bbox 2020 1428 2220 1470; x_wconf 87' lang='lat' dir='ltr'>memoriae,</span> <span class='ocrx_word' id='word_1_375' title='bbox 2234 1429 2368 1462; x_wconf 86' lang='lat' dir='ltr'>multae</span> 
     </span>
    </p>
   </div>
   <div class='ocr_carea' id='block_1_24' title="bbox 133 1473 1216 1656">
    <p class='ocr_par' dir='ltr' id='par_1_24' title="bbox 133 1473 1216 1656">
     <span class='ocr_line' id='line_1_50' title="bbox 134 1473 1214 1520; baseline 0 -13"><span class='ocrx_word' id='word_1_376' title='bbox 134 1473 467 1520; x_wconf 74' lang='grc' dir='ltr'><em>ἀπαγορευσάντων</em></span> <span class='ocrx_word' id='word_1_377' title='bbox 499 1476 591 1518; x_wconf 80' lang='grc' dir='ltr'><em>μιᾶς.</em></span> <span class='ocrx_word' id='word_1_378' title='bbox 640 1477 699 1509; x_wconf 79' lang='grc' dir='ltr'>ἐπὶ</span> <span class='ocrx_word' id='word_1_379' title='bbox 728 1473 768 1508; x_wconf 78' lang='grc' dir='ltr'>δέ</span> <span class='ocrx_word' id='word_1_380' title='bbox 789 1489 829 1520; x_wconf 83' lang='grc' dir='ltr'>γε</span> <span class='ocrx_word' id='word_1_381' title='bbox 853 1477 905 1518; x_wconf 77' lang='grc' dir='ltr'><em>τῷ</em></span> <span class='ocrx_word' id='word_1_382' title='bbox 932 1479 1148 1520; x_wconf 80' lang='grc' dir='ltr'><em>προαστείῳ,</em></span> <span class='ocrx_word' id='word_1_383' title='bbox 1172 1477 1214 1508; x_wconf 78' lang='grc' dir='ltr'>οὑ</span> 
     </span>
     <span class='ocr_line' id='line_1_51' title="bbox 135 1517 1216 1564; baseline 0.001 -11"><span class='ocrx_word' id='word_1_384' title='bbox 135 1518 178 1562; x_wconf 86' lang='grc' dir='ltr'>δὴ</span> <span class='ocrx_word' id='word_1_385' title='bbox 209 1520 332 1562; x_wconf 74' lang='grc' dir='ltr'><em>κύριον</em></span> <span class='ocrx_word' id='word_1_386' title='bbox 364 1518 383 1552; x_wconf 81' lang='grc' dir='ltr'><em>ὀ</em></span> <span class='ocrx_word' id='word_1_387' title='bbox 418 1517 623 1553; x_wconf 80' lang='grc' dir='ltr'><em>κωδίκιλλος</em></span> <span class='ocrx_word' id='word_1_388' title='bbox 649 1519 769 1564; x_wconf 77' lang='grc' dir='ltr'><em>Ἴέριον</em></span> <span class='ocrx_word' id='word_1_389' title='bbox 794 1519 951 1554; x_wconf 85' lang='grc' dir='ltr'><em>δείκνυσι</em></span> <span class='ocrx_word' id='word_1_390' title='bbox 975 1520 1043 1554; x_wconf 89' lang='grc' dir='ltr'>τὸν</span> <span class='ocrx_word' id='word_1_391' title='bbox 1068 1519 1216 1560; x_wconf 78' lang='grc' dir='ltr'><em>ἔνδοξον</em></span> 
     </span>
     <span class='ocr_line' id='line_1_52' title="bbox 133 1562 1215 1611; baseline 0.001 -13"><span class='ocrx_word' id='word_1_392' title='bbox 133 1566 177 1611; x_wconf 77' lang='grc' dir='ltr'><em>τῇ</em></span> <span class='ocrx_word' id='word_1_393' title='bbox 201 1564 334 1611; x_wconf 73' lang='grc' dir='ltr'><em>μνήμῃ,</em></span> <span class='ocrx_word' id='word_1_394' title='bbox 360 1563 492 1607; x_wconf 73' lang='grc' dir='ltr'><em>πολλῆς</em></span> <span class='ocrx_word' id='word_1_395' title='bbox 515 1562 600 1608; x_wconf 70' lang='grc' dir='ltr'><em>ημῖν</em></span> <span class='ocrx_word' id='word_1_396' title='bbox 625 1563 748 1605; x_wconf 79' lang='grc' dir='ltr'><em>ἔδοξεν</em></span> <span class='ocrx_word' id='word_1_397' title='bbox 772 1563 977 1608; x_wconf 72' lang='grc' dir='ltr'><em>ἀνάμεστον</em></span> <span class='ocrx_word' id='word_1_398' title='bbox 1001 1566 1094 1599; x_wconf 85' lang='grc' dir='ltr'><em>εἶναι</em></span> <span class='ocrx_word' id='word_1_399' title='bbox 1118 1578 1215 1610; x_wconf 86' lang='grc' dir='ltr'><em>περι-</em></span> 
     </span>
     <span class='ocr_line' id='line_1_53' title="bbox 133 1606 1215 1656; baseline 0 -13"><span class='ocrx_word' id='word_1_400' title='bbox 133 1614 250 1654; x_wconf 80' lang='grc' dir='ltr'><em>εργίας</em></span> <span class='ocrx_word' id='word_1_401' title='bbox 273 1613 442 1654; x_wconf 75' lang='grc' dir='ltr'><em>τέτρασιν</em></span> <span class='ocrx_word' id='word_1_402' title='bbox 465 1606 618 1655; x_wconf 70' lang='grc' dir='ltr'><em>ὕστερον</em></span> <span class='ocrx_word' id='word_1_403' title='bbox 640 1614 777 1656; x_wconf 84' lang='grc' dir='ltr'><em>γενεαῖς</em></span> <span class='ocrx_word' id='word_1_404' title='bbox 800 1610 868 1653; x_wconf 82' lang='grc' dir='ltr'>τὴν</span> <span class='ocrx_word' id='word_1_405' title='bbox 892 1610 1064 1654; x_wconf 75' lang='grc' dir='ltr'><em>τοιαύτην</em></span> <span class='ocrx_word' id='word_1_406' title='bbox 1089 1612 1136 1644; x_wconf 83' lang='grc' dir='ltr'>εἰς</span> <span class='ocrx_word' id='word_1_407' title='bbox 1157 1613 1215 1654; x_wconf 57' lang='grc' dir='ltr'>μεῐ</span> 
     </span>
    </p>
   </div>
   <div class='ocr_carea' id='block_1_25' title="bbox 1284 1474 2369 1653">
    <p class='ocr_par' dir='ltr' id='par_1_25' title="bbox 1284 1474 2369 1653">
     <span class='ocr_line' id='line_1_54' title="bbox 1284 1474 2369 1519; baseline -0.002 -10"><span class='ocrx_word' id='word_1_408' title='bbox 1284 1474 1387 1509; x_wconf 88' lang='lat' dir='ltr'>nobis</span> <span class='ocrx_word' id='word_1_409' title='bbox 1425 1474 1538 1509; x_wconf 91' lang='lat' dir='ltr'>visum</span> <span class='ocrx_word' id='word_1_410' title='bbox 1576 1476 1631 1509; x_wconf 89' lang='lat' dir='ltr'>est</span> <span class='ocrx_word' id='word_1_411' title='bbox 1669 1474 1813 1517; x_wconf 88' lang='lat' dir='ltr'>plenum</span> <span class='ocrx_word' id='word_1_412' title='bbox 1849 1483 1927 1508; x_wconf 91' lang='lat' dir='ltr'>esse</span> <span class='ocrx_word' id='word_1_413' title='bbox 1963 1477 2164 1519; x_wconf 77' lang='grc' dir='ltr'><em>περιεργίας</em></span> <span class='ocrx_word' id='word_1_414' title='bbox 2198 1478 2369 1517; x_wconf 89' lang='lat' dir='ltr'>quattuor</span> 
     </span>
     <span class='ocr_line' id='line_1_55' title="bbox 1284 1517 2369 1563; baseline -0.002 -9"><span class='ocrx_word' id='word_1_415' title='bbox 1284 1523 1414 1563; x_wconf 82' lang='lat' dir='ltr'>postea</span> <span class='ocrx_word' id='word_1_416' title='bbox 1451 1519 1698 1563; x_wconf 86' lang='lat' dir='ltr'>generationes</span> <span class='ocrx_word' id='word_1_417' title='bbox 1737 1518 1940 1553; x_wconf 91' lang='lat' dir='ltr'>huiusmodi</span> <span class='ocrx_word' id='word_1_418' title='bbox 1973 1519 2011 1553; x_wconf 91' lang='lat' dir='ltr'>in</span> <span class='ocrx_word' id='word_1_419' title='bbox 2050 1518 2204 1554; x_wconf 89' lang='lat' dir='ltr'>medium</span> <span class='ocrx_word' id='word_1_420' title='bbox 2240 1517 2369 1552; x_wconf 87' lang='lat' dir='ltr'>deduci</span> 
     </span>
     <span class='ocr_line' id='line_1_56' title="bbox 1285 1563 2369 1609; baseline -0.002 -10"><span class='ocrx_word' id='word_1_421' title='bbox 1285 1564 1540 1609; x_wconf 85' lang='lat' dir='ltr'>quaestionem.</span> <span class='ocrx_word' id='word_1_422' title='bbox 1567 1564 1672 1599; x_wconf 90' lang='lat' dir='ltr'>Nunc</span> <span class='ocrx_word' id='word_1_423' title='bbox 1689 1563 1796 1606; x_wconf 82' lang='lat' dir='ltr'>igitur</span> <span class='ocrx_word' id='word_1_424' title='bbox 1812 1563 2075 1607; x_wconf 86' lang='lat' dir='ltr'>gloriosissimis</span> <span class='ocrx_word' id='word_1_425' title='bbox 2094 1563 2233 1598; x_wconf 87' lang='lat' dir='ltr'>feminis</span> <span class='ocrx_word' id='word_1_426' title='bbox 2251 1563 2369 1597; x_wconf 91' lang='lat' dir='ltr'>Maria</span> 
     </span>
     <span class='ocr_line' id='line_1_57' title="bbox 1286 1608 2369 1653; baseline -0.002 -9"><span class='ocrx_word' id='word_1_427' title='bbox 1286 1613 1322 1644; x_wconf 92' lang='lat' dir='ltr'>et</span> <span class='ocrx_word' id='word_1_428' title='bbox 1345 1609 1461 1644; x_wconf 86' lang='lat' dir='ltr'>Maria</span> <span class='ocrx_word' id='word_1_429' title='bbox 1483 1609 1600 1644; x_wconf 87' lang='lat' dir='ltr'>adhuc</span> <span class='ocrx_word' id='word_1_430' title='bbox 1622 1609 1888 1653; x_wconf 84' lang='lat' dir='ltr'>superstitibus,</span> <span class='ocrx_word' id='word_1_431' title='bbox 1910 1619 1998 1653; x_wconf 89' lang='lat' dir='ltr'>quas</span> <span class='ocrx_word' id='word_1_432' title='bbox 2016 1613 2051 1643; x_wconf 92' lang='lat' dir='ltr'>et</span> <span class='ocrx_word' id='word_1_433' title='bbox 2067 1609 2164 1652; x_wconf 82' lang='lat' dir='ltr'>ipsas</span> <span class='ocrx_word' id='word_1_434' title='bbox 2181 1609 2218 1643; x_wconf 92' lang='lat' dir='ltr'>in</span> <span class='ocrx_word' id='word_1_435' title='bbox 2234 1608 2369 1643; x_wconf 84' lang='lat' dir='ltr'>familia</span> 
     </span>
    </p>
   </div>
   <div class='ocr_carea' id='block_1_26' title="bbox 133 1653 2368 1834">
    <p class='ocr_par' dir='ltr' id='par_1_26' title="bbox 133 1653 2368 1834">
     <span class='ocr_line' id='line_1_58' title="bbox 134 1653 2368 1702; baseline -0.001 -14"><span class='ocrx_word' id='word_1_436' title='bbox 134 1668 200 1688; x_wconf 83' lang='grc' dir='ltr'>σον</span> <span class='ocrx_word' id='word_1_437' title='bbox 224 1654 381 1701; x_wconf 71' lang='grc' dir='ltr'><em>ἄγεσθαι</em></span> <span class='ocrx_word' id='word_1_438' title='bbox 407 1655 564 1697; x_wconf 79' lang='grc' dir='ltr'><em>ζήτησιν.</em></span> <span class='ocrx_word' id='word_1_439' title='bbox 612 1658 679 1689; x_wconf 80' lang='grc' dir='ltr'>νῦν</span> <span class='ocrx_word' id='word_1_440' title='bbox 706 1657 772 1699; x_wconf 76' lang='grc' dir='ltr'>μὲν</span> <span class='ocrx_word' id='word_1_441' title='bbox 795 1656 863 1702; x_wconf 79' lang='grc' dir='ltr'><em>γὰρ</em></span> <span class='ocrx_word' id='word_1_442' title='bbox 890 1657 1028 1700; x_wconf 74' lang='grc' dir='ltr'><em>Μαρίας</em></span> <span class='ocrx_word' id='word_1_443' title='bbox 1052 1659 1112 1689; x_wconf 80' lang='grc' dir='ltr'><em>καὶ</em></span> <span class='ocrx_word' id='word_1_444' title='bbox 1138 1659 1216 1690; x_wconf 87' lang='grc' dir='ltr'>Μα-</span> <span class='ocrx_word' id='word_1_445' title='bbox 1232 1658 1273 1689; x_wconf 83' lang='lat'>30</span> <span class='ocrx_word' id='word_1_446' title='bbox 1286 1654 1454 1698; x_wconf 86' lang='lat' dir='ltr'>iacendo,</span> <span class='ocrx_word' id='word_1_447' title='bbox 1486 1655 1618 1690; x_wconf 89' lang='lat' dir='ltr'>nostris</span> <span class='ocrx_word' id='word_1_448' title='bbox 1652 1654 1790 1699; x_wconf 82' lang='lat' dir='ltr'>legibus</span> <span class='ocrx_word' id='word_1_449' title='bbox 1822 1657 1859 1689; x_wconf 87' lang='lat' dir='ltr'>et</span> <span class='ocrx_word' id='word_1_450' title='bbox 1885 1664 1997 1690; x_wconf 89' lang='lat' dir='ltr'>nurus</span> <span class='ocrx_word' id='word_1_451' title='bbox 2028 1653 2231 1689; x_wconf 90' lang='lat' dir='ltr'>huiusmodi</span> <span class='ocrx_word' id='word_1_452' title='bbox 2253 1653 2368 1688; x_wconf 87' lang='lat' dir='ltr'>verbis</span> 
     </span>
     <span class='ocr_line' id='line_1_59' title="bbox 134 1698 1219 1745; baseline 0 -12"><span class='ocrx_word' id='word_1_453' title='bbox 134 1704 209 1744; x_wconf 84' lang='grc' dir='ltr'>ριάς</span> <span class='ocrx_word' id='word_1_454' title='bbox 243 1702 319 1734; x_wconf 77' lang='grc' dir='ltr'>τῶν</span> <span class='ocrx_word' id='word_1_455' title='bbox 347 1698 595 1739; x_wconf 79' lang='grc' dir='ltr'><em>ἐνδοξοτάτων</em></span> <span class='ocrx_word' id='word_1_456' title='bbox 625 1703 680 1734; x_wconf 82' lang='grc' dir='ltr'>ἔτι</span> <span class='ocrx_word' id='word_1_457' title='bbox 712 1702 925 1745; x_wconf 80' lang='grc' dir='ltr'><em>περιουσῶν,</em></span> <span class='ocrx_word' id='word_1_458' title='bbox 955 1698 995 1734; x_wconf 71' lang='grc' dir='ltr'><em>ἃς</em></span> <span class='ocrx_word' id='word_1_459' title='bbox 1020 1699 1135 1743; x_wconf 79' lang='grc' dir='ltr'><em>δήπου</em></span> <span class='ocrx_word' id='word_1_460' title='bbox 1159 1704 1219 1733; x_wconf 80' lang='grc' dir='ltr'>καὶ</span> 
     </span>
     <span class='ocr_line' id='line_1_60' title="bbox 133 1743 1220 1790; baseline 0.002 -13"><span class='ocrx_word' id='word_1_461' title='bbox 133 1743 242 1779; x_wconf 76' lang='grc' dir='ltr'><em>αὐτὰς</em></span> <span class='ocrx_word' id='word_1_462' title='bbox 274 1747 314 1778; x_wconf 81' lang='grc' dir='ltr'>ἐν</span> <span class='ocrx_word' id='word_1_463' title='bbox 344 1746 388 1790; x_wconf 80' lang='grc' dir='ltr'><em>τῇ</em></span> <span class='ocrx_word' id='word_1_464' title='bbox 422 1743 575 1788; x_wconf 69' lang='grc' dir='ltr'><em>φαμιλίᾳ</em></span> <span class='ocrx_word' id='word_1_465' title='bbox 606 1745 747 1787; x_wconf 72' lang='grc' dir='ltr'><em>θετέον,</em></span> <span class='ocrx_word' id='word_1_466' title='bbox 779 1746 858 1779; x_wconf 89' lang='grc' dir='ltr'>τῶν</span> <span class='ocrx_word' id='word_1_467' title='bbox 881 1743 1066 1790; x_wconf 74' lang='grc' dir='ltr'><em>ἡμετέρων</em></span> <span class='ocrx_word' id='word_1_468' title='bbox 1092 1745 1220 1789; x_wconf 88' lang='grc' dir='ltr'><em>νόμων</em></span> 
     </span>
     <span class='ocr_line' id='line_1_61' title="bbox 133 1788 1219 1834; baseline 0.003 -13"><span class='ocrx_word' id='word_1_469' title='bbox 133 1793 192 1823; x_wconf 86' lang='grc' dir='ltr'>καὶ</span> <span class='ocrx_word' id='word_1_470' title='bbox 223 1788 287 1823; x_wconf 83' lang='grc' dir='ltr'>τὰς</span> <span class='ocrx_word' id='word_1_471' title='bbox 319 1788 461 1834; x_wconf 64' lang='grc' dir='ltr'><em>νύμφας</em></span> <span class='ocrx_word' id='word_1_472' title='bbox 494 1788 624 1823; x_wconf 78' lang='grc' dir='ltr'><em>τούτου</em></span> <span class='ocrx_word' id='word_1_473' title='bbox 646 1791 711 1823; x_wconf 79' lang='grc' dir='ltr'>τοῦ</span> <span class='ocrx_word' id='word_1_474' title='bbox 737 1790 981 1834; x_wconf 76' lang='grc' dir='ltr'><em>προςρήματος</em></span> <span class='ocrx_word' id='word_1_475' title='bbox 1006 1788 1219 1831; x_wconf 75' lang='grc' dir='ltr'><em>ἀξιούντων,</em></span> 
     </span>
    </p>
   </div>
   <div class='ocr_carea' id='block_1_27' title="bbox 128 1932 2370 2566">
    <p class='ocr_par' dir='ltr' id='par_1_27' title="bbox 128 1932 2370 2148">
     <span class='ocr_line' id='line_1_62' title="bbox 131 1932 2370 1981; baseline -0.001 -12"><span class='ocrx_word' id='word_1_476' title='bbox 131 1933 352 1975; x_wconf 79' lang='lat' dir='ltr'>decederent,</span> <span class='ocrx_word' id='word_1_477' title='bbox 376 1933 517 1969; x_wconf 85' lang='lat' dir='ltr'>curiose</span> <span class='ocrx_word' id='word_1_478' title='bbox 540 1935 769 1980; x_wconf 85' lang='lat' dir='ltr'>perscrutari</span> <span class='ocrx_word' id='word_1_479' title='bbox 790 1933 890 1979; x_wconf 75' lang='lat' dir='ltr'>quod</span> <span class='ocrx_word' id='word_1_480' title='bbox 912 1934 1076 1981; x_wconf 87' lang='lat' dir='ltr'>relictum</span> <span class='ocrx_word' id='word_1_481' title='bbox 1099 1937 1153 1969; x_wconf 85' lang='lat' dir='ltr'>est</span> <span class='ocrx_word' id='word_1_482' title='bbox 1176 1944 1291 1979; x_wconf 80' lang='lat' dir='ltr'>neque</span> <span class='ocrx_word' id='word_1_483' title='bbox 1315 1933 1516 1979; x_wconf 72' lang='lat' dir='ltr'>lonqiorem</span> <span class='ocrx_word' id='word_1_484' title='bbox 1541 1933 1735 1968; x_wconf 88' lang='lat' dir='ltr'>liberorum</span> <span class='ocrx_word' id='word_1_485' title='bbox 1753 1932 1826 1969; x_wconf 84' lang='lat' dir='ltr'>cita</span> <span class='ocrx_word' id='word_1_486' title='bbox 1839 1932 2122 1981; x_wconf 77' lang='lat' dir='ltr'>prohibitionem</span> <span class='ocrx_word' id='word_1_487' title='bbox 2138 1932 2370 1967; x_wconf 77' lang='lat' dir='ltr'>alienationis</span> 
     </span>
     <span class='ocr_line' id='line_1_63' title="bbox 132 1977 2370 2024; baseline -0.001 -10"><span class='ocrx_word' id='word_1_488' title='bbox 132 1979 279 2024; x_wconf 83' lang='lat' dir='ltr'>efficere</span> <span class='ocrx_word' id='word_1_489' title='bbox 309 1979 486 2020; x_wconf 82' lang='lat' dir='ltr'>voluisse;</span> <span class='ocrx_word' id='word_1_490' title='bbox 512 1978 698 2014; x_wconf 78' lang='lat' dir='ltr'>codicillos</span> <span class='ocrx_word' id='word_1_491' title='bbox 729 1990 812 2014; x_wconf 84' lang='lat' dir='ltr'>vero</span> <span class='ocrx_word' id='word_1_492' title='bbox 843 1979 887 2014; x_wconf 86' lang='lat' dir='ltr'>de</span> <span class='ocrx_word' id='word_1_493' title='bbox 919 1979 998 2014; x_wconf 86' lang='lat' dir='ltr'>solo</span> <span class='ocrx_word' id='word_1_494' title='bbox 1023 1978 1229 2015; x_wconf 86' lang='lat' dir='ltr'>suburbano</span> <span class='ocrx_word' id='word_1_495' title='bbox 1246 1978 1404 2024; x_wconf 74' lang='lat' dir='ltr'>praedio</span> <span class='ocrx_word' id='word_1_496' title='bbox 1428 1979 1554 2023; x_wconf 87' lang='lat' dir='ltr'>factos</span> <span class='ocrx_word' id='word_1_497' title='bbox 1584 1989 1646 2013; x_wconf 88' lang='lat' dir='ltr'>eos</span> <span class='ocrx_word' id='word_1_498' title='bbox 1670 1989 1824 2023; x_wconf 83' lang='lat' dir='ltr'>quoque,</span> <span class='ocrx_word' id='word_1_499' title='bbox 1857 1979 1923 2022; x_wconf 82' lang='lat' dir='ltr'>qai</span> <span class='ocrx_word' id='word_1_500' title='bbox 1943 1988 1993 2013; x_wconf 79' lang='lat' dir='ltr'>ex</span> <span class='ocrx_word' id='word_1_501' title='bbox 2017 1981 2225 2012; x_wconf 85' lang='lat' dir='ltr'>testamento</span> <span class='ocrx_word' id='word_1_502' title='bbox 2251 1977 2370 2013; x_wconf 85' lang='lat' dir='ltr'>Hierii</span> 
     </span>
     <span class='ocr_line' id='line_1_64' title="bbox 132 2022 2369 2069; baseline -0 -12"><span class='ocrx_word' id='word_1_503' title='bbox 132 2023 315 2069; x_wconf 71' lang='lat' dir='ltr'>qloriosae</span> <span class='ocrx_word' id='word_1_504' title='bbox 345 2023 537 2058; x_wconf 78' lang='lat' dir='ltr'>memoriae</span> <span class='ocrx_word' id='word_1_505' title='bbox 569 2023 738 2065; x_wconf 64' lang='lat' dir='ltr'>(lautioris</span> <span class='ocrx_word' id='word_1_506' title='bbox 768 2023 931 2065; x_wconf 76' lang='lat' dir='ltr'>dicimus)</span> <span class='ocrx_word' id='word_1_507' title='bbox 962 2034 1020 2058; x_wconf 85' lang='lat' dir='ltr'>res</span> <span class='ocrx_word' id='word_1_508' title='bbox 1045 2034 1117 2068; x_wconf 80' lang='lat' dir='ltr'>per</span> <span class='ocrx_word' id='word_1_509' title='bbox 1147 2023 1406 2058; x_wconf 80' lang='lat' dir='ltr'>successionem</span> <span class='ocrx_word' id='word_1_510' title='bbox 1437 2023 1631 2067; x_wconf 80' lang='lat' dir='ltr'>cepissent,</span> <span class='ocrx_word' id='word_1_511' title='bbox 1663 2025 1816 2057; x_wconf 84' lang='lat' dir='ltr'>vetuisse</span> <span class='ocrx_word' id='word_1_512' title='bbox 1845 2022 2088 2057; x_wconf 86' lang='lat' dir='ltr'>suburbanum</span> <span class='ocrx_word' id='word_1_513' title='bbox 2114 2022 2290 2064; x_wconf 86' lang='lat' dir='ltr'>alienare,</span> <span class='ocrx_word' id='word_1_514' title='bbox 2324 2033 2369 2056; x_wconf 92' lang='lat' dir='ltr'>ac</span> 
     </span>
     <span class='ocr_line' id='line_1_65' title="bbox 128 2065 2368 2114; baseline -0.001 -11"><span class='ocrx_word' id='word_1_515' title='bbox 128 2072 321 2114; x_wconf 81' lang='lat' dir='ltr'>praeterea</span> <span class='ocrx_word' id='word_1_516' title='bbox 352 2067 533 2108; x_wconf 85' lang='lat' dir='ltr'>accedere,</span> <span class='ocrx_word' id='word_1_517' title='bbox 565 2067 664 2112; x_wconf 85' lang='lat' dir='ltr'>quod</span> <span class='ocrx_word' id='word_1_518' title='bbox 694 2067 889 2111; x_wconf 84' lang='lat' dir='ltr'>defunctus</span> <span class='ocrx_word' id='word_1_519' title='bbox 919 2067 1034 2102; x_wconf 84' lang='lat' dir='ltr'>voluit</span> <span class='ocrx_word' id='word_1_520' title='bbox 1060 2071 1240 2112; x_wconf 81' lang='lat' dir='ltr'>perpetuo</span> <span class='ocrx_word' id='word_1_521' title='bbox 1272 2066 1364 2101; x_wconf 85' lang='lat' dir='ltr'>illud</span> <span class='ocrx_word' id='word_1_522' title='bbox 1395 2068 1432 2100; x_wconf 82' lang='lat' dir='ltr'>in</span> <span class='ocrx_word' id='word_1_523' title='bbox 1455 2066 1601 2110; x_wconf 85' lang='lat' dir='ltr'>familia</span> <span class='ocrx_word' id='word_1_524' title='bbox 1624 2077 1781 2101; x_wconf 87' lang='lat' dir='ltr'>manere.</span> <span class='ocrx_word' id='word_1_525' title='bbox 1829 2067 1948 2110; x_wconf 82' lang='lat' dir='ltr'>Atque</span> <span class='ocrx_word' id='word_1_526' title='bbox 1971 2065 2146 2101; x_wconf 86' lang='lat' dir='ltr'>eiusmodi</span> <span class='ocrx_word' id='word_1_527' title='bbox 2168 2071 2251 2100; x_wconf 88' lang='lat' dir='ltr'>sunt</span> <span class='ocrx_word' id='word_1_528' title='bbox 2276 2077 2368 2111; x_wconf 81' lang='lat' dir='ltr'>quae</span> 
     </span>
     <span class='ocr_line' id='line_1_66' title="bbox 132 2113 744 2148; baseline -0.007 0"><span class='ocrx_word' id='word_1_529' title='bbox 132 2114 169 2148; x_wconf 82' lang='lat' dir='ltr'>in</span> <span class='ocrx_word' id='word_1_530' title='bbox 194 2113 476 2147; x_wconf 77' lang='lat' dir='ltr'>controversiam</span> <span class='ocrx_word' id='word_1_531' title='bbox 500 2118 628 2146; x_wconf 83' lang='lat' dir='ltr'>vocata</span> <span class='ocrx_word' id='word_1_532' title='bbox 651 2115 744 2146; x_wconf 88' lang='lat' dir='ltr'>sunt.</span> 
     </span>
    </p>

    <p class='ocr_par' dir='ltr' id='par_1_28' title="bbox 132 2153 2368 2566">
     <span class='ocr_line' id='line_1_67' title="bbox 267 2153 2368 2200; baseline -0.001 -10"><span class='ocrx_word' id='word_1_533' title='bbox 267 2157 313 2191; x_wconf 86' lang='lat'>11.</span> <span class='ocrx_word' id='word_1_534' title='bbox 363 2156 442 2190; x_wconf 87' lang='lat' dir='ltr'>lam</span> <span class='ocrx_word' id='word_1_535' title='bbox 478 2166 556 2190; x_wconf 90' lang='lat' dir='ltr'>cum</span> <span class='ocrx_word' id='word_1_536' title='bbox 592 2157 794 2192; x_wconf 84' lang='lat' dir='ltr'>universam</span> <span class='ocrx_word' id='word_1_537' title='bbox 825 2165 972 2190; x_wconf 83' lang='lat' dir='ltr'>causam</span> <span class='ocrx_word' id='word_1_538' title='bbox 1004 2166 1083 2190; x_wconf 88' lang='lat' dir='ltr'>cum</span> <span class='ocrx_word' id='word_1_539' title='bbox 1115 2159 1253 2200; x_wconf 84' lang='lat' dir='ltr'>quanta</span> <span class='ocrx_word' id='word_1_540' title='bbox 1283 2155 1383 2190; x_wconf 85' lang='lat' dir='ltr'>decet</span> <span class='ocrx_word' id='word_1_541' title='bbox 1413 2154 1601 2199; x_wconf 66' lang='lat' dir='ltr'>diliqentia</span> <span class='ocrx_word' id='word_1_542' title='bbox 1631 2153 1960 2196; x_wconf 79' lang='lat' dir='ltr'>consideraremus,</span> <span class='ocrx_word' id='word_1_543' title='bbox 1996 2155 2033 2188; x_wconf 88' lang='lat' dir='ltr'>in</span> <span class='ocrx_word' id='word_1_544' title='bbox 2066 2154 2194 2200; x_wconf 83' lang='lat' dir='ltr'>ceteris</span> <span class='ocrx_word' id='word_1_545' title='bbox 2225 2155 2368 2200; x_wconf 84' lang='lat' dir='ltr'>quidem</span> 
     </span>
     <span class='ocr_line' id='line_1_68' title="bbox 133 2199 2368 2246; baseline -0.001 -10"><span class='ocrx_word' id='word_1_546' title='bbox 133 2202 250 2243; x_wconf 85' lang='lat' dir='ltr'>rebus,</span> <span class='ocrx_word' id='word_1_547' title='bbox 283 2212 438 2246; x_wconf 79' lang='lat' dir='ltr'>quarum</span> <span class='ocrx_word' id='word_1_548' title='bbox 464 2200 719 2236; x_wconf 82' lang='lat' dir='ltr'>Constantinus</span> <span class='ocrx_word' id='word_1_549' title='bbox 747 2200 932 2246; x_wconf 73' lang='lat' dir='ltr'>qloriosae</span> <span class='ocrx_word' id='word_1_550' title='bbox 965 2200 1155 2235; x_wconf 84' lang='lat' dir='ltr'>memoriae</span> <span class='ocrx_word' id='word_1_551' title='bbox 1178 2200 1291 2235; x_wconf 86' lang='lat' dir='ltr'>Hierii</span> <span class='ocrx_word' id='word_1_552' title='bbox 1311 2199 1467 2234; x_wconf 84' lang='lat' dir='ltr'>senioris</span> <span class='ocrx_word' id='word_1_553' title='bbox 1486 2199 1587 2243; x_wconf 77' lang='lat' dir='ltr'>fitius</span> <span class='ocrx_word' id='word_1_554' title='bbox 1610 2209 1660 2233; x_wconf 79' lang='lat' dir='ltr'>ea·</span> <span class='ocrx_word' id='word_1_555' title='bbox 1679 2203 1887 2234; x_wconf 86' lang='lat' dir='ltr'>testamento</span> <span class='ocrx_word' id='word_1_556' title='bbox 1905 2200 2030 2244; x_wconf 80' lang='lat' dir='ltr'>patris</span> <span class='ocrx_word' id='word_1_557' title='bbox 2054 2199 2220 2234; x_wconf 83' lang='lat' dir='ltr'>dominus</span> <span class='ocrx_word' id='word_1_558' title='bbox 2241 2200 2368 2244; x_wconf 83' lang='lat' dir='ltr'>factus</span> 
     </span>
     <span class='ocr_line' id='line_1_69' title="bbox 132 2243 2366 2291; baseline -0.002 -9"><span class='ocrx_word' id='word_1_559' title='bbox 132 2252 196 2289; x_wconf 79' lang='lat' dir='ltr'>est,</span> <span class='ocrx_word' id='word_1_560' title='bbox 221 2257 266 2282; x_wconf 85' lang='lat' dir='ltr'>ne</span> <span class='ocrx_word' id='word_1_561' title='bbox 289 2246 535 2291; x_wconf 78' lang='lat' dir='ltr'>quaestionem</span> <span class='ocrx_word' id='word_1_562' title='bbox 559 2245 701 2291; x_wconf 83' lang='lat' dir='ltr'>quidem</span> <span class='ocrx_word' id='word_1_563' title='bbox 725 2245 835 2280; x_wconf 84' lang='lat' dir='ltr'>ullam</span> <span class='ocrx_word' id='word_1_564' title='bbox 859 2248 954 2280; x_wconf 84' lang='lat' dir='ltr'>recte</span> <span class='ocrx_word' id='word_1_565' title='bbox 976 2245 1116 2280; x_wconf 83' lang='lat' dir='ltr'>institui</span> <span class='ocrx_word' id='word_1_566' title='bbox 1136 2245 1353 2290; x_wconf 79' lang='lat' dir='ltr'>putavimus,</span> <span class='ocrx_word' id='word_1_567' title='bbox 1379 2244 1423 2279; x_wconf 88' lang='lat' dir='ltr'>ab</span> <span class='ocrx_word' id='word_1_568' title='bbox 1448 2244 1589 2279; x_wconf 83' lang='lat' dir='ltr'>actione</span> <span class='ocrx_word' id='word_1_569' title='bbox 1614 2254 1697 2279; x_wconf 82' lang='lat' dir='ltr'>vero</span> <span class='ocrx_word' id='word_1_570' title='bbox 1725 2243 1769 2278; x_wconf 85' lang='lat' dir='ltr'>de</span> <span class='ocrx_word' id='word_1_571' title='bbox 1794 2243 1849 2278; x_wconf 76' lang='lat' dir='ltr'>leis</span> <span class='ocrx_word' id='word_1_572' title='bbox 1864 2245 1969 2278; x_wconf 84' lang='lat' dir='ltr'>rebus</span> <span class='ocrx_word' id='word_1_573' title='bbox 1984 2255 2055 2279; x_wconf 88' lang='lat' dir='ltr'>non</span> <span class='ocrx_word' id='word_1_574' title='bbox 2071 2244 2188 2279; x_wconf 88' lang='lat' dir='ltr'>solum</span> <span class='ocrx_word' id='word_1_575' title='bbox 2203 2244 2366 2280; x_wconf 72' lang='lat' dir='ltr'>Alexan-</span> 
     </span>
     <span class='ocr_line' id='line_1_70' title="bbox 133 2288 2367 2336; baseline -0.001 -9"><span class='ocrx_word' id='word_1_576' title='bbox 133 2293 237 2327; x_wconf 83' lang='lat' dir='ltr'>drum</span> <span class='ocrx_word' id='word_1_577' title='bbox 269 2293 382 2326; x_wconf 84' lang='lat' dir='ltr'>virum</span> <span class='ocrx_word' id='word_1_578' title='bbox 414 2291 726 2336; x_wconf 75' lang='lat' dir='ltr'>qloriosissimum,</span> <span class='ocrx_word' id='word_1_579' title='bbox 758 2290 822 2325; x_wconf 85' lang='lat' dir='ltr'>sed</span> <span class='ocrx_word' id='word_1_580' title='bbox 847 2290 954 2325; x_wconf 86' lang='lat' dir='ltr'>etiam</span> <span class='ocrx_word' id='word_1_581' title='bbox 979 2290 1154 2335; x_wconf 83' lang='lat' dir='ltr'>reliquam</span> <span class='ocrx_word' id='word_1_582' title='bbox 1179 2301 1316 2325; x_wconf 84' lang='lat' dir='ltr'>omnem</span> <span class='ocrx_word' id='word_1_583' title='bbox 1338 2288 1518 2333; x_wconf 85' lang='lat' dir='ltr'>familiam</span> <span class='ocrx_word' id='word_1_584' title='bbox 1544 2288 1736 2323; x_wconf 80' lang='lat' dir='ltr'>arcendam</span> <span class='ocrx_word' id='word_1_585' title='bbox 1761 2299 1847 2329; x_wconf 80' lang='lat' dir='ltr'>esse,</span> <span class='ocrx_word' id='word_1_586' title='bbox 1872 2299 1950 2323; x_wconf 87' lang='lat' dir='ltr'>cum</span> <span class='ocrx_word' id='word_1_587' title='bbox 1975 2293 2010 2324; x_wconf 87' lang='lat' dir='ltr'>et</span> <span class='ocrx_word' id='word_1_588' title='bbox 2033 2289 2140 2325; x_wconf 81' lang='lat' dir='ltr'>cerba</span> <span class='ocrx_word' id='word_1_589' title='bbox 2166 2290 2367 2324; x_wconf 77' lang='lat' dir='ltr'>testamenti</span> 
     </span>
     <span class='ocr_line' id='line_1_71' title="bbox 134 2333 2366 2381; baseline -0.001 -10"><span class='ocrx_word' id='word_1_590' title='bbox 134 2338 182 2372; x_wconf 90' lang='lat' dir='ltr'>ad</span> <span class='ocrx_word' id='word_1_591' title='bbox 211 2336 311 2371; x_wconf 86' lang='lat' dir='ltr'>solos</span> <span class='ocrx_word' id='word_1_592' title='bbox 343 2336 475 2371; x_wconf 84' lang='lat' dir='ltr'>liberos</span> <span class='ocrx_word' id='word_1_593' title='bbox 500 2335 782 2381; x_wconf 76' lang='lat' dir='ltr'>prohibitionem</span> <span class='ocrx_word' id='word_1_594' title='bbox 806 2336 935 2370; x_wconf 82' lang='lat' dir='ltr'>sistant</span> <span class='ocrx_word' id='word_1_595' title='bbox 959 2338 994 2369; x_wconf 87' lang='lat' dir='ltr'>et</span> <span class='ocrx_word' id='word_1_596' title='bbox 1017 2335 1091 2380; x_wconf 80' lang='lat' dir='ltr'>ipsi</span> <span class='ocrx_word' id='word_1_597' title='bbox 1113 2334 1231 2370; x_wconf 84' lang='lat' dir='ltr'>Hierii</span> <span class='ocrx_word' id='word_1_598' title='bbox 1254 2335 1437 2380; x_wconf 72' lang='lat' dir='ltr'>qloriosae</span> <span class='ocrx_word' id='word_1_599' title='bbox 1460 2334 1652 2368; x_wconf 77' lang='lat' dir='ltr'>memoriae</span> <span class='ocrx_word' id='word_1_600' title='bbox 1673 2333 1752 2378; x_wconf 76' lang='lat' dir='ltr'>filii,</span> <span class='ocrx_word' id='word_1_601' title='bbox 1772 2343 1842 2378; x_wconf 80' lang='lat' dir='ltr'>per</span> <span class='ocrx_word' id='word_1_602' title='bbox 1865 2343 1955 2378; x_wconf 83' lang='lat' dir='ltr'>quos</span> <span class='ocrx_word' id='word_1_603' title='bbox 1978 2334 2015 2367; x_wconf 83' lang='lat' dir='ltr'>in</span> <span class='ocrx_word' id='word_1_604' title='bbox 2042 2333 2159 2368; x_wconf 79' lang='lat' dir='ltr'>Hierii</span> <span class='ocrx_word' id='word_1_605' title='bbox 2183 2334 2266 2368; x_wconf 87' lang='lat' dir='ltr'>iura</span> <span class='ocrx_word' id='word_1_606' title='bbox 2290 2334 2366 2368; x_wconf 86' lang='lat' dir='ltr'>adi-</span> 
     </span>
     <span class='ocr_line' id='line_1_72' title="bbox 136 2378 2365 2427; baseline -0.001 -11"><span class='ocrx_word' id='word_1_607' title='bbox 136 2389 207 2417; x_wconf 87' lang='lat' dir='ltr'>tum</span> <span class='ocrx_word' id='word_1_608' title='bbox 232 2381 299 2416; x_wconf 86' lang='lat' dir='ltr'>sibi</span> <span class='ocrx_word' id='word_1_609' title='bbox 316 2385 454 2427; x_wconf 83' lang='lat' dir='ltr'>parant</span> <span class='ocrx_word' id='word_1_610' title='bbox 479 2380 540 2426; x_wconf 83' lang='lat' dir='ltr'>qui</span> <span class='ocrx_word' id='word_1_611' title='bbox 560 2384 646 2426; x_wconf 77' lang='lat' dir='ltr'>post</span> <span class='ocrx_word' id='word_1_612' title='bbox 669 2391 731 2415; x_wconf 86' lang='lat' dir='ltr'>eos</span> <span class='ocrx_word' id='word_1_613' title='bbox 752 2391 842 2425; x_wconf 82' lang='lat' dir='ltr'>pars</span> <span class='ocrx_word' id='word_1_614' title='bbox 863 2379 1028 2424; x_wconf 79' lang='lat' dir='ltr'>familiae</span> <span class='ocrx_word' id='word_1_615' title='bbox 1052 2380 1225 2421; x_wconf 78' lang='lat' dir='ltr'>existunt,</span> <span class='ocrx_word' id='word_1_616' title='bbox 1251 2378 1445 2414; x_wconf 83' lang='lat' dir='ltr'>nonnullas</span> <span class='ocrx_word' id='word_1_617' title='bbox 1468 2389 1527 2413; x_wconf 80' lang='lat' dir='ltr'>res</span> <span class='ocrx_word' id='word_1_618' title='bbox 1548 2378 1638 2423; x_wconf 83' lang='lat' dir='ltr'>ipsis</span> <span class='ocrx_word' id='word_1_619' title='bbox 1663 2382 1902 2424; x_wconf 83' lang='lat' dir='ltr'>competentes</span> <span class='ocrx_word' id='word_1_620' title='bbox 1919 2378 2155 2413; x_wconf 78' lang='lat' dir='ltr'>alienaverint</span> <span class='ocrx_word' id='word_1_621' title='bbox 2170 2383 2204 2413; x_wconf 87' lang='lat' dir='ltr'>et</span> <span class='ocrx_word' id='word_1_622' title='bbox 2221 2379 2365 2413; x_wconf 84' lang='lat' dir='ltr'>omnino</span> 
     </span>
     <span class='ocr_line' id='line_1_73' title="bbox 134 2422 2366 2472; baseline -0.002 -11"><span class='ocrx_word' id='word_1_623' title='bbox 134 2427 239 2472; x_wconf 82' lang='lat' dir='ltr'>quasi</span> <span class='ocrx_word' id='word_1_624' title='bbox 256 2437 305 2461; x_wconf 77' lang='lat' dir='ltr'>ex</span> <span class='ocrx_word' id='word_1_625' title='bbox 320 2437 393 2460; x_wconf 91' lang='lat' dir='ltr'>una</span> <span class='ocrx_word' id='word_1_626' title='bbox 410 2425 594 2472; x_wconf 76' lang='lat' dir='ltr'>voluntate</span> <span class='ocrx_word' id='word_1_627' title='bbox 613 2426 899 2460; x_wconf 79' lang='lat' dir='ltr'>substitutionem</span> <span class='ocrx_word' id='word_1_628' title='bbox 913 2424 1177 2470; x_wconf 68' lang='lat' dir='ltr'>prohibuerint.</span> <span class='ocrx_word' id='word_1_629' title='bbox 1215 2423 1271 2460; x_wconf 85' lang='lat' dir='ltr'>De</span> <span class='ocrx_word' id='word_1_630' title='bbox 1288 2423 1491 2458; x_wconf 80' lang='lat' dir='ltr'>suburbano</span> <span class='ocrx_word' id='word_1_631' title='bbox 1508 2433 1591 2457; x_wconf 89' lang='lat' dir='ltr'>vero</span> <span class='ocrx_word' id='word_1_632' title='bbox 1606 2423 1771 2469; x_wconf 81' lang='lat' dir='ltr'>praedio,</span> <span class='ocrx_word' id='word_1_633' title='bbox 1792 2423 1894 2457; x_wconf 83' lang='lat' dir='ltr'>cuius</span> <span class='ocrx_word' id='word_1_634' title='bbox 1910 2423 2093 2457; x_wconf 85' lang='lat' dir='ltr'>dominum</span> <span class='ocrx_word' id='word_1_635' title='bbox 2109 2434 2185 2458; x_wconf 84' lang='lat' dir='ltr'>esse</span> <span class='ocrx_word' id='word_1_636' title='bbox 2202 2422 2366 2458; x_wconf 86' lang='lat' dir='ltr'>Hierium</span> 
     </span>
     <span class='ocr_line' id='line_1_74' title="bbox 134 2467 2366 2517; baseline -0.001 -11"><span class='ocrx_word' id='word_1_637' title='bbox 134 2472 315 2517; x_wconf 74' lang='lat' dir='ltr'>qloriosae</span> <span class='ocrx_word' id='word_1_638' title='bbox 346 2471 537 2506; x_wconf 83' lang='lat' dir='ltr'>memoriae</span> <span class='ocrx_word' id='word_1_639' title='bbox 569 2470 730 2505; x_wconf 76' lang='lat' dir='ltr'>codicilli</span> <span class='ocrx_word' id='word_1_640' title='bbox 761 2469 970 2510; x_wconf 86' lang='lat' dir='ltr'>ostendunt,</span> <span class='ocrx_word' id='word_1_641' title='bbox 1007 2480 1065 2504; x_wconf 86' lang='lat' dir='ltr'>res</span> <span class='ocrx_word' id='word_1_642' title='bbox 1093 2469 1213 2504; x_wconf 86' lang='lat' dir='ltr'>multis</span> <span class='ocrx_word' id='word_1_643' title='bbox 1245 2468 1456 2514; x_wconf 70' lang='lat' dir='ltr'>ambaqibus</span> <span class='ocrx_word' id='word_1_644' title='bbox 1480 2468 1590 2514; x_wconf 83' lang='lat' dir='ltr'>plena</span> <span class='ocrx_word' id='word_1_645' title='bbox 1621 2467 1723 2502; x_wconf 88' lang='lat' dir='ltr'>nobis</span> <span class='ocrx_word' id='word_1_646' title='bbox 1753 2468 1830 2502; x_wconf 86' lang='lat' dir='ltr'>visa</span> <span class='ocrx_word' id='word_1_647' title='bbox 1862 2473 1916 2502; x_wconf 88' lang='lat' dir='ltr'>est</span> <span class='ocrx_word' id='word_1_648' title='bbox 1940 2473 2030 2513; x_wconf 80' lang='lat' dir='ltr'>post</span> <span class='ocrx_word' id='word_1_649' title='bbox 2061 2471 2232 2513; x_wconf 85' lang='lat' dir='ltr'>quattuor</span> <span class='ocrx_word' id='word_1_650' title='bbox 2260 2479 2366 2513; x_wconf 76' lang='lat' dir='ltr'>qene-</span> 
     </span>
     <span class='ocr_line' id='line_1_75' title="bbox 134 2511 2366 2566; baseline -0.002 -15"><span class='ocrx_word' id='word_1_651' title='bbox 134 2518 293 2551; x_wconf 83' lang='lat' dir='ltr'>rationes</span> <span class='ocrx_word' id='word_1_652' title='bbox 317 2515 494 2551; x_wconf 81' lang='lat' dir='ltr'>eiusmodi</span> <span class='ocrx_word' id='word_1_653' title='bbox 515 2516 757 2560; x_wconf 78' lang='lat' dir='ltr'>quaestionem</span> <span class='ocrx_word' id='word_1_654' title='bbox 784 2515 821 2549; x_wconf 87' lang='lat' dir='ltr'>in</span> <span class='ocrx_word' id='word_1_655' title='bbox 846 2514 998 2548; x_wconf 83' lang='lat' dir='ltr'>medium</span> <span class='ocrx_word' id='word_1_656' title='bbox 1017 2515 1204 2566; x_wconf 72' lang='lat' dir='ltr'>proferre.</span> <span class='ocrx_word' id='word_1_657' title='bbox 1252 2514 1359 2549; x_wconf 83' lang='lat' dir='ltr'>Nunc</span> <span class='ocrx_word' id='word_1_658' title='bbox 1382 2513 1486 2554; x_wconf 83' lang='lat' dir='ltr'>enim,</span> <span class='ocrx_word' id='word_1_659' title='bbox 1512 2522 1590 2546; x_wconf 89' lang='lat' dir='ltr'>cum</span> <span class='ocrx_word' id='word_1_660' title='bbox 1615 2512 1737 2547; x_wconf 88' lang='lat' dir='ltr'>Maria</span> <span class='ocrx_word' id='word_1_661' title='bbox 1761 2517 1795 2547; x_wconf 85' lang='lat' dir='ltr'>et</span> <span class='ocrx_word' id='word_1_662' title='bbox 1818 2511 1941 2547; x_wconf 87' lang='lat' dir='ltr'>Maria</span> <span class='ocrx_word' id='word_1_663' title='bbox 1963 2513 2123 2557; x_wconf 84' lang='lat' dir='ltr'>feminae</span> <span class='ocrx_word' id='word_1_664' title='bbox 2146 2512 2366 2558; x_wconf 73' lang='lat' dir='ltr'>yloriosissi-</span> 
     </span>
    </p>
   </div>
   <div class='ocr_carea' id='block_1_28' title="bbox 134 2557 2366 2606">
    <p class='ocr_par' dir='ltr' id='par_1_29' title="bbox 134 2557 2366 2606">
     <span class='ocr_line' id='line_1_76' title="bbox 134 2557 2366 2606; baseline -0.001 -11"><span class='ocrx_word' id='word_1_665' title='bbox 134 2573 212 2595; x_wconf 80' lang='lat' dir='ltr'>mae</span> <span class='ocrx_word' id='word_1_666' title='bbox 243 2561 362 2595; x_wconf 77' lang='lat' dir='ltr'>adlzuc</span> <span class='ocrx_word' id='word_1_667' title='bbox 393 2561 604 2606; x_wconf 76' lang='lat' dir='ltr'>superstites</span> <span class='ocrx_word' id='word_1_668' title='bbox 634 2560 724 2602; x_wconf 81' lang='lat' dir='ltr'>sint,</span> <span class='ocrx_word' id='word_1_669' title='bbox 761 2570 855 2604; x_wconf 78' lang='lat' dir='ltr'>quae</span> <span class='ocrx_word' id='word_1_670' title='bbox 885 2559 1021 2593; x_wconf 79' lang='lat' dir='ltr'>seilicet</span> <span class='ocrx_word' id='word_1_671' title='bbox 1053 2570 1154 2604; x_wconf 73' lang='lat' dir='ltr'>ipsae</span> <span class='ocrx_word' id='word_1_672' title='bbox 1185 2570 1328 2604; x_wconf 81' lang='lat' dir='ltr'>quoque</span> <span class='ocrx_word' id='word_1_673' title='bbox 1359 2558 1396 2592; x_wconf 82' lang='lat' dir='ltr'>in</span> <span class='ocrx_word' id='word_1_674' title='bbox 1423 2557 1568 2602; x_wconf 79' lang='lat' dir='ltr'>familia</span> <span class='ocrx_word' id='word_1_675' title='bbox 1596 2557 1787 2602; x_wconf 76' lang='lat' dir='ltr'>ponendae</span> <span class='ocrx_word' id='word_1_676' title='bbox 1818 2561 1918 2599; x_wconf 82' lang='lat' dir='ltr'>sunt,</span> <span class='ocrx_word' id='word_1_677' title='bbox 1956 2557 2245 2602; x_wconf 80' lang='lat' dir='ltr'>quandoquidem</span> <span class='ocrx_word' id='word_1_678' title='bbox 2271 2558 2366 2603; x_wconf 71' lang='lat' dir='ltr'>leqes</span> 
     </span>
    </p>
   </div>
   <div class='ocr_carea' id='block_1_29' title="bbox 180 2702 1214 2748">
    <p class='ocr_par' dir='ltr' id='par_1_30' title="bbox 180 2702 1214 2748">
     <span class='ocr_line' id='line_1_77' title="bbox 180 2702 1214 2748; baseline -0.004 -10"><span class='ocrx_word' id='word_1_679' title='bbox 180 2709 200 2740; x_wconf 84' lang='lat'><strong>2</strong></span> <span class='ocrx_word' id='word_1_680' title='bbox 225 2704 265 2738; x_wconf 78' lang='grc' dir='ltr'>οὐ</span> <span class='ocrx_word' id='word_1_681' title='bbox 292 2703 457 2748; x_wconf 83' lang='grc' dir='ltr'><em>πολυπρα</em></span> <span class='ocrx_word' id='word_1_682' title='bbox 480 2706 605 2747; x_wconf 87' lang='grc' dir='ltr'><em>μονεῖν</em></span> <span class='ocrx_word' id='word_1_683' title='bbox 630 2717 688 2737; x_wconf 88' lang='lat' dir='ltr'>om.</span> <span class='ocrx_word' id='word_1_684' title='bbox 716 2715 734 2739; x_wconf 81' lang='grc' dir='ltr'><em>ς</em></span> <span class='ocrx_word' id='word_1_685' title='bbox 758 2704 770 2746; x_wconf 90' lang='grc'>11</span> <span class='ocrx_word' id='word_1_686' title='bbox 796 2705 815 2736; x_wconf 97' lang='grc'>4</span> <span class='ocrx_word' id='word_1_687' title='bbox 837 2703 900 2744; x_wconf 80' lang='grc' dir='ltr'>τῆς</span> <span class='ocrx_word' id='word_1_688' title='bbox 924 2702 1151 2744; x_wconf 80' lang='grc' dir='ltr'><em>ἐκποιήσεως]</em></span> <span class='ocrx_word' id='word_1_689' title='bbox 1177 2703 1214 2734; x_wconf 81' lang='grc' dir='ltr'>ἐκ</span> 
     </span>
    </p>
   </div>
   <div class='ocr_carea' id='block_1_30' title="bbox 133 2747 1251 2799">
    <p class='ocr_par' dir='ltr' id='par_1_31' title="bbox 133 2747 1251 2799">
     <span class='ocr_line' id='line_1_78' title="bbox 133 2747 1251 2799; baseline -0.003 -15"><span class='ocrx_word' id='word_1_690' title='bbox 133 2753 196 2793; x_wconf 75' lang='grc' dir='ltr'><em>τῆς</em></span> <span class='ocrx_word' id='word_1_691' title='bbox 220 2749 397 2792; x_wconf 74' lang='grc' dir='ltr'><em>ποιήσεως</em></span> <span class='ocrx_word' id='word_1_692' title='bbox 424 2751 444 2782; x_wconf 76' lang='lat' dir='ltr'>ll</span> <span class='ocrx_word' id='word_1_693' title='bbox 491 2750 502 2791; x_wconf 92' lang='grc'>11</span> <span class='ocrx_word' id='word_1_694' title='bbox 531 2747 649 2782; x_wconf 74' lang='grc' dir='ltr'><em>ἐθέλει</em></span> <span class='ocrx_word' id='word_1_695' title='bbox 674 2750 705 2782; x_wconf 88' lang='lat' dir='ltr'><em>L</em></span> <span class='ocrx_word' id='word_1_696' title='bbox 735 2749 746 2791; x_wconf 91' lang='grc'>11</span> <span class='ocrx_word' id='word_1_697' title='bbox 778 2750 796 2781; x_wconf 88' lang='grc'><strong>6</strong></span> <span class='ocrx_word' id='word_1_698' title='bbox 820 2750 903 2788; x_wconf 81' lang='grc' dir='ltr'><em>τοῖς]</em></span> <span class='ocrx_word' id='word_1_699' title='bbox 928 2749 991 2799; x_wconf 71' lang='grc' dir='ltr'><em>τῆς</em></span> <span class='ocrx_word' id='word_1_700' title='bbox 1017 2749 1046 2780; x_wconf 90' lang='lat' dir='ltr'><em>L</em></span> <span class='ocrx_word' id='word_1_701' title='bbox 1077 2748 1089 2790; x_wconf 93' lang='grc'>11</span> <span class='ocrx_word' id='word_1_702' title='bbox 1117 2750 1136 2781; x_wconf 81' lang='grc'>9</span> <span class='ocrx_word' id='word_1_703' title='bbox 1156 2750 1215 2779; x_wconf 78' lang='grc' dir='ltr'>καὶ</span> <span class='ocrx_word' id='word_1_704' title='bbox 1250 2755 1251 2781; x_wconf 65' lang='grc' dir='ltr'>ἕ</span> 
     </span>
    </p>
   </div>
   <div class='ocr_carea' id='block_1_31' title="bbox 134 2793 1216 2884">
    <p class='ocr_par' dir='ltr' id='par_1_32' title="bbox 134 2793 1216 2893">
     <span class='ocr_line' id='line_1_79' title="bbox 134 2793 1216 2841; baseline -0.005 -12"><span class='ocrx_word' id='word_1_705' title='bbox 134 2795 224 2839; x_wconf 85' lang='grc' dir='ltr'><em>πρός</em></span> <span class='ocrx_word' id='word_1_706' title='bbox 255 2793 607 2841; x_wconf 51' lang='grc' dir='ltr'><em>,κε-βουληθῆναι]</em></span> <span class='ocrx_word' id='word_1_707' title='bbox 639 2794 759 2826; x_wconf 86' lang='lat' dir='ltr'>etenim</span> <span class='ocrx_word' id='word_1_708' title='bbox 792 2793 867 2825; x_wconf 87' lang='lat' dir='ltr'>istis</span> <span class='ocrx_word' id='word_1_709' title='bbox 898 2804 956 2835; x_wconf 81' lang='lat' dir='ltr'>qul</span> <span class='ocrx_word' id='word_1_710' title='bbox 988 2795 1216 2825; x_wconf 82' lang='lat' dir='ltr'>remanserunt</span> 
     </span>
     <span class='ocr_line' id='line_1_80' title="bbox 134 2836 1216 2884; baseline -0.004 -11"><span class='ocrx_word' id='word_1_711' title='bbox 134 2841 218 2873; x_wconf 86' lang='lat' dir='ltr'>velle</span> <span class='ocrx_word' id='word_1_712' title='bbox 244 2841 302 2883; x_wconf 85' lang='grc' dir='ltr'>ς11</span> <span class='ocrx_word' id='word_1_713' title='bbox 332 2841 531 2884; x_wconf 75' lang='grc' dir='ltr'><em>ἐπηγμένου</em></span> <span class='ocrx_word' id='word_1_714' title='bbox 565 2840 630 2873; x_wconf 84' lang='grc' dir='ltr'>τοῦ</span> <span class='ocrx_word' id='word_1_715' title='bbox 661 2836 888 2882; x_wconf 63' lang='grc' dir='ltr'><em>βουληθῆναι</em></span> <span class='ocrx_word' id='word_1_716' title='bbox 923 2839 981 2878; x_wconf 83' lang='grc' dir='ltr'>Μ]</span> <span class='ocrx_word' id='word_1_717' title='bbox 1016 2838 1216 2882; x_wconf 81' lang='grc' dir='ltr'><em>ἐπηγμένον</em></span> 
     </span>
    </p>
   </div>
   <div class='ocr_carea' id='block_1_32' title="bbox 134 2880 1251 2926">
    <p class='ocr_par' dir='ltr' id='par_1_33' title="bbox 134 2880 1251 2926">
     <span class='ocr_line' id='line_1_81' title="bbox 134 2880 1251 2926; baseline -0.004 -7"><span class='ocrx_word' id='word_1_718' title='bbox 134 2886 198 2919; x_wconf 75' lang='grc' dir='ltr'>τοῦ</span> <span class='ocrx_word' id='word_1_719' title='bbox 224 2892 279 2924; x_wconf 77' lang='grc' dir='ltr'>(το</span> <span class='ocrx_word' id='word_1_720' title='bbox 307 2896 375 2918; x_wconf 83' lang='lat' dir='ltr'>cum</span> <span class='ocrx_word' id='word_1_721' title='bbox 403 2885 599 2917; x_wconf 84' lang='lat' dir='ltr'>Haloandro</span> <span class='ocrx_word' id='word_1_722' title='bbox 623 2886 725 2926; x_wconf 73' lang='lat' dir='ltr'>vulq.)</span> <span class='ocrx_word' id='word_1_723' title='bbox 750 2880 976 2925; x_wconf 71' lang='grc' dir='ltr'><em>βουληθῆναι</em></span> <span class='ocrx_word' id='word_1_724' title='bbox 1003 2884 1031 2915; x_wconf 88' lang='lat' dir='ltr'><em>L</em></span> <span class='ocrx_word' id='word_1_725' title='bbox 1049 2883 1060 2926; x_wconf 90' lang='grc'>11</span> <span class='ocrx_word' id='word_1_726' title='bbox 1088 2884 1130 2916; x_wconf 97' lang='grc'>10</span> <span class='ocrx_word' id='word_1_727' title='bbox 1155 2881 1212 2914; x_wconf 78' lang='grc' dir='ltr'>αὖ·</span> <span class='ocrx_word' id='word_1_728' title='bbox 1250 2903 1251 2911; x_wconf 49' lang='lat'>1</span> 
     </span>
    </p>
   </div>
   <div class='ocr_carea' id='block_1_33' title="bbox 134 2922 1214 2977">
    <p class='ocr_par' dir='ltr' id='par_1_34' title="bbox 134 2922 1214 2977">
     <span class='ocr_line' id='line_1_82' title="bbox 134 2922 1214 2977; baseline -0.002 -15"><span class='ocrx_word' id='word_1_729' title='bbox 134 2929 200 2963; x_wconf 88' lang='grc' dir='ltr'>τόν</span> <span class='ocrx_word' id='word_1_730' title='bbox 226 2932 276 2962; x_wconf 77' lang='lat' dir='ltr'>La</span> <span class='ocrx_word' id='word_1_731' title='bbox 300 2941 391 2962; x_wconf 86' lang='lat' dir='ltr'>suam</span> <span class='ocrx_word' id='word_1_732' title='bbox 412 2931 446 2968; x_wconf 83' lang='lat' dir='ltr'>(i.</span> <span class='ocrx_word' id='word_1_733' title='bbox 468 2941 495 2960; x_wconf 87' lang='lat' dir='ltr'>e.</span> <span class='ocrx_word' id='word_1_734' title='bbox 521 2924 645 2968; x_wconf 70' lang='grc' dir='ltr'><em>αὐτοῦ)</em></span> <span class='ocrx_word' id='word_1_735' title='bbox 671 2940 689 2964; x_wconf 87' lang='grc' dir='ltr'><em>ς</em></span> <span class='ocrx_word' id='word_1_736' title='bbox 708 2927 720 2971; x_wconf 90' lang='grc'>11</span> <span class='ocrx_word' id='word_1_737' title='bbox 739 2930 779 2977; x_wconf 76' lang='grc'>12</span> <span class='ocrx_word' id='word_1_738' title='bbox 808 2925 846 2959; x_wconf 78' lang='grc' dir='ltr'>δὲ</span> <span class='ocrx_word' id='word_1_739' title='bbox 862 2947 899 2950; x_wconf 89' lang='lat'>-—</span> <span class='ocrx_word' id='word_1_740' title='bbox 915 2922 999 2967; x_wconf 79' lang='grc' dir='ltr'><em>ὅσης</em></span> <span class='ocrx_word' id='word_1_741' title='bbox 1025 2940 1080 2959; x_wconf 86' lang='lat' dir='ltr'>om.</span> <span class='ocrx_word' id='word_1_742' title='bbox 1108 2940 1126 2962; x_wconf 87' lang='grc' dir='ltr'><em>ς</em></span> <span class='ocrx_word' id='word_1_743' title='bbox 1142 2929 1153 2968; x_wconf 87' lang='grc'>11</span> <span class='ocrx_word' id='word_1_744' title='bbox 1176 2928 1214 2960; x_wconf 83' lang='grc'>15</span> 
     </span>
    </p>
   </div>
   <div class='ocr_carea' id='block_1_34' title="bbox 135 2967 1250 3016">
    <p class='ocr_par' dir='ltr' id='par_1_35' title="bbox 135 2967 1250 3016">
     <span class='ocr_line' id='line_1_83' title="bbox 135 2967 1250 3016; baseline -0.004 -10"><span class='ocrx_word' id='word_1_745' title='bbox 135 2974 153 3006; x_wconf 81' lang='grc' dir='ltr'><em>ὁ</em></span> <span class='ocrx_word' id='word_1_746' title='bbox 182 2988 238 3007; x_wconf 85' lang='lat' dir='ltr'>om.</span> <span class='ocrx_word' id='word_1_747' title='bbox 263 2976 291 3006; x_wconf 89' lang='lat' dir='ltr'><em>L</em></span> <span class='ocrx_word' id='word_1_748' title='bbox 321 2975 332 3016; x_wconf 91' lang='grc'>11</span> <span class='ocrx_word' id='word_1_749' title='bbox 362 2975 444 3007; x_wconf 80' lang='grc' dir='ltr'><em>παῖς</em></span> <span class='ocrx_word' id='word_1_750' title='bbox 475 2982 505 3006; x_wconf 86' lang='lat' dir='ltr'>et</span> <span class='ocrx_word' id='word_1_751' title='bbox 534 2973 599 3005; x_wconf 87' lang='grc' dir='ltr'>τοῦ</span> <span class='ocrx_word' id='word_1_752' title='bbox 633 2983 770 3016; x_wconf 81' lang='grc' dir='ltr'><em>πατρος</em></span> <span class='ocrx_word' id='word_1_753' title='bbox 791 2985 847 3004; x_wconf 82' lang='lat' dir='ltr'>om.</span> <span class='ocrx_word' id='word_1_754' title='bbox 873 2984 891 3007; x_wconf 87' lang='grc' dir='ltr'><em>ς</em></span> <span class='ocrx_word' id='word_1_755' title='bbox 921 2972 932 3007; x_wconf 94' lang='grc' dir='ltr'>ΙΙ</span> <span class='ocrx_word' id='word_1_756' title='bbox 964 2974 1003 3005; x_wconf 80' lang='grc'>16</span> <span class='ocrx_word' id='word_1_757' title='bbox 1038 2967 1122 3004; x_wconf 77' lang='grc' dir='ltr'>οὗδὲ</span> <span class='ocrx_word' id='word_1_758' title='bbox 1149 2971 1215 3014; x_wconf 80' lang='grc' dir='ltr'>τὴν</span> <span class='ocrx_word' id='word_1_759' title='bbox 1249 2993 1250 3002; x_wconf 43' lang='lat' dir='ltr'>l</span> 
     </span>
    </p>
   </div>
   <div class='ocr_carea' id='block_1_35' title="bbox 134 3014 1214 3117">
    <p class='ocr_par' dir='ltr' id='par_1_36' title="bbox 134 3014 1214 3117">
     <span class='ocr_line' id='line_1_84' title="bbox 134 3014 1213 3059; baseline -0.003 -8"><span class='ocrx_word' id='word_1_760' title='bbox 134 3019 324 3059; x_wconf 68' lang='grc' dir='ltr'><em>τυχοῦσαν]</em></span> <span class='ocrx_word' id='word_1_761' title='bbox 357 3018 444 3050; x_wconf 81' lang='lat' dir='ltr'>nibil</span> <span class='ocrx_word' id='word_1_762' title='bbox 469 3017 616 3058; x_wconf 84' lang='lat' dir='ltr'>accipere</span> <span class='ocrx_word' id='word_1_763' title='bbox 642 3029 661 3052; x_wconf 82' lang='grc' dir='ltr'><em>ς</em></span> <span class='ocrx_word' id='word_1_764' title='bbox 689 3017 701 3059; x_wconf 89' lang='grc'>11</span> <span class='ocrx_word' id='word_1_765' title='bbox 734 3019 771 3049; x_wconf 75' lang='grc'>17</span> <span class='ocrx_word' id='word_1_766' title='bbox 805 3016 1025 3048; x_wconf 71' lang='grc' dir='ltr'><em>ἐνίστασθαι</em></span> <span class='ocrx_word' id='word_1_767' title='bbox 1052 3019 1109 3057; x_wconf 89' lang='grc' dir='ltr'>Μ]</span> <span class='ocrx_word' id='word_1_768' title='bbox 1138 3014 1213 3048; x_wconf 76' lang='grc' dir='ltr'><em>ἁνί-</em></span> 
     </span>
     <span class='ocr_line' id='line_1_85' title="bbox 135 3058 1214 3117; baseline -0.004 -21"><span class='ocrx_word' id='word_1_769' title='bbox 135 3063 299 3096; x_wconf 69' lang='grc' dir='ltr'><em>στασθαι</em></span> <span class='ocrx_word' id='word_1_770' title='bbox 325 3064 386 3099; x_wconf 59' lang='lat' dir='ltr'>Le</span> <span class='ocrx_word' id='word_1_771' title='bbox 413 3063 424 3117; x_wconf 79' lang='grc'>11</span> <span class='ocrx_word' id='word_1_772' title='bbox 448 3063 520 3103; x_wconf 67' lang='grc' dir='ltr'><em>τῆς]</em></span> <span class='ocrx_word' id='word_1_773' title='bbox 542 3064 616 3094; x_wconf 88' lang='grc' dir='ltr'><em>τοῖς</em></span> <span class='ocrx_word' id='word_1_774' title='bbox 642 3062 769 3112; x_wconf 63' lang='lat' dir='ltr'>2111le</span> <span class='ocrx_word' id='word_1_775' title='bbox 795 3058 934 3111; x_wconf 56' lang='grc' dir='ltr'><em>ιῖγωγῆς</em></span> <span class='ocrx_word' id='word_1_776' title='bbox 959 3062 1008 3093; x_wconf 81' lang='lat' dir='ltr'>La</span> <span class='ocrx_word' id='word_1_777' title='bbox 1025 3061 1037 3103; x_wconf 90' lang='grc'>11</span> <span class='ocrx_word' id='word_1_778' title='bbox 1058 3064 1097 3095; x_wconf 71' lang='lat' dir='ltr'>lo</span> <span class='ocrx_word' id='word_1_779' title='bbox 1123 3059 1214 3094; x_wconf 76' lang='grc' dir='ltr'><em>ἅπα-</em></span> 
     </span>
    </p>
   </div>
   <div class='ocr_carea' id='block_1_36' title="bbox 135 3105 2361 3184">
    <p class='ocr_par' dir='ltr' id='par_1_37' title="bbox 135 3105 2361 3184">
     <span class='ocr_line' id='line_1_86' title="bbox 135 3105 1250 3149; baseline -0.002 -9"><span class='ocrx_word' id='word_1_780' title='bbox 135 3119 204 3141; x_wconf 84' lang='grc' dir='ltr'>σαν</span> <span class='ocrx_word' id='word_1_781' title='bbox 229 3109 259 3140; x_wconf 92' lang='lat' dir='ltr'><em>L</em></span> <span class='ocrx_word' id='word_1_782' title='bbox 276 3108 287 3149; x_wconf 92' lang='grc'>11</span> <span class='ocrx_word' id='word_1_783' title='bbox 314 3110 351 3141; x_wconf 81' lang='grc'>21</span> <span class='ocrx_word' id='word_1_784' title='bbox 380 3107 502 3140; x_wconf 78' lang='grc' dir='ltr'><em>αντιῦν</em></span> <span class='ocrx_word' id='word_1_785' title='bbox 526 3107 603 3139; x_wconf 87' lang='grc' dir='ltr'>τῶν</span> <span class='ocrx_word' id='word_1_786' title='bbox 617 3105 773 3146; x_wconf 69' lang='grc' dir='ltr'><em>-υἷων]</em></span> <span class='ocrx_word' id='word_1_787' title='bbox 800 3117 905 3148; x_wconf 78' lang='lat' dir='ltr'>ipsum</span> <span class='ocrx_word' id='word_1_788' title='bbox 923 3125 958 3129; x_wconf 80' lang='lat'>—</span> <span class='ocrx_word' id='word_1_789' title='bbox 977 3106 1082 3138; x_wconf 86' lang='lat' dir='ltr'>filium</span> <span class='ocrx_word' id='word_1_790' title='bbox 1108 3118 1126 3142; x_wconf 82' lang='grc' dir='ltr'><em>ς</em></span> <span class='ocrx_word' id='word_1_791' title='bbox 1142 3108 1153 3147; x_wconf 90' lang='grc'>11</span> <span class='ocrx_word' id='word_1_792' title='bbox 1174 3108 1214 3139; x_wconf 80' lang='lat'>22</span> <span class='ocrx_word' id='word_1_793' title='bbox 1249 3117 1250 3127; x_wconf 65' lang='lat'>¹</span> 
     </span>
     <span class='ocr_line' id='line_1_87' title="bbox 1249 3147 2361 3184; baseline 0.002 -3"><span class='ocrx_word' id='word_1_794' title='bbox 1249 3157 1250 3174; x_wconf 79' lang='lat'>1</span> <span class='ocrx_word' id='word_1_795' title='bbox 1285 3147 1711 3182; x_wconf 66' lang='lat' dir='ltr'>vcoscthl’itCATPossos</span> <span class='ocrx_word' id='word_1_796' title='bbox 1728 3150 1758 3181; x_wconf 83' lang='lat' dir='ltr'><em>T</em></span> <span class='ocrx_word' id='word_1_797' title='bbox 1778 3149 1808 3181; x_wconf 85' lang='lat' dir='ltr'>ei</span> <span class='ocrx_word' id='word_1_798' title='bbox 1825 3148 1982 3180; x_wconf 78' lang='lat' dir='ltr'>facientes</span> <span class='ocrx_word' id='word_1_799' title='bbox 1999 3150 2361 3184; x_wconf 77' lang='lat' dir='ltr'>nocosGNCaKT’PO-</span> 
     </span>
    </p>
   </div>
   <div class='ocr_carea' id='block_1_37' title="bbox 134 3149 1215 3510">
    <p class='ocr_par' dir='ltr' id='par_1_38' title="bbox 134 3149 1215 3510">
     <span class='ocr_line' id='line_1_88' title="bbox 136 3149 1213 3196; baseline -0.001 -12"><span class='ocrx_word' id='word_1_800' title='bbox 136 3153 328 3186; x_wconf 71' lang='grc' dir='ltr'><em>ιίςποιοῖσι</em></span> <span class='ocrx_word' id='word_1_801' title='bbox 353 3153 457 3196; x_wconf 79' lang='grc' dir='ltr'><em>σφᾶς]</em></span> <span class='ocrx_word' id='word_1_802' title='bbox 483 3151 706 3192; x_wconf 74' lang='grc' dir='ltr'><em>εἰσποιούσης</em></span> <span class='ocrx_word' id='word_1_803' title='bbox 728 3152 755 3183; x_wconf 91' lang='lat' dir='ltr'><strong><em>L</em></strong></span> <span class='ocrx_word' id='word_1_804' title='bbox 772 3151 783 3194; x_wconf 90' lang='grc'>11</span> <span class='ocrx_word' id='word_1_805' title='bbox 805 3153 844 3183; x_wconf 75' lang='grc'>23</span> <span class='ocrx_word' id='word_1_806' title='bbox 864 3149 966 3193; x_wconf 83' lang='grc' dir='ltr'><em>ἱεροῖς</em></span> <span class='ocrx_word' id='word_1_807' title='bbox 984 3151 1041 3192; x_wconf 44' lang='grc'>[111</span> <span class='ocrx_word' id='word_1_808' title='bbox 1062 3153 1104 3184; x_wconf 72' lang='grc'>24</span> <span class='ocrx_word' id='word_1_809' title='bbox 1120 3149 1213 3189; x_wconf 79' lang='grc' dir='ltr'><em>τινὰ]</em></span> 
     </span>
     <span class='ocr_line' id='line_1_89' title="bbox 134 3191 1214 3239; baseline -0.003 -9"><span class='ocrx_word' id='word_1_810' title='bbox 134 3211 170 3230; x_wconf 91' lang='grc' dir='ltr'>τι</span> <span class='ocrx_word' id='word_1_811' title='bbox 188 3199 307 3229; x_wconf 79' lang='lat' dir='ltr'>nmvult</span> <span class='ocrx_word' id='word_1_812' title='bbox 325 3199 511 3230; x_wconf 77' lang='lat' dir='ltr'>Zachariae</span> <span class='ocrx_word' id='word_1_813' title='bbox 527 3196 538 3235; x_wconf 83' lang='lat' dir='ltr'>ll</span> <span class='ocrx_word' id='word_1_814' title='bbox 560 3197 599 3228; x_wconf 78' lang='lat'>25</span> <span class='ocrx_word' id='word_1_815' title='bbox 618 3199 676 3228; x_wconf 76' lang='grc' dir='ltr'>καὶ</span> <span class='ocrx_word' id='word_1_816' title='bbox 694 3191 791 3228; x_wconf 74' lang='grc' dir='ltr'><em>ὅλων</em></span> <span class='ocrx_word' id='word_1_817' title='bbox 811 3196 852 3235; x_wconf 88' lang='lat' dir='ltr'>L,</span> <span class='ocrx_word' id='word_1_818' title='bbox 878 3209 934 3227; x_wconf 86' lang='lat' dir='ltr'>om.</span> <span class='ocrx_word' id='word_1_819' title='bbox 953 3207 971 3230; x_wconf 79' lang='grc' dir='ltr'><em>ς</em></span> <span class='ocrx_word' id='word_1_820' title='bbox 990 3196 1001 3236; x_wconf 89' lang='grc'>11</span> <span class='ocrx_word' id='word_1_821' title='bbox 1018 3195 1036 3215; x_wconf 94' lang='grc'>*</span> <span class='ocrx_word' id='word_1_822' title='bbox 1048 3192 1214 3239; x_wconf 71' lang='grc' dir='ltr'><em>ὡσπερεὶ]</em></span> 
     </span>
     <span class='ocr_line' id='line_1_90' title="bbox 137 3231 1214 3285; baseline -0.004 -10"><span class='ocrx_word' id='word_1_823' title='bbox 137 3238 259 3285; x_wconf 75' lang='grc' dir='ltr'><em>ὥσπερ</em></span> <span class='ocrx_word' id='word_1_824' title='bbox 278 3242 324 3274; x_wconf 83' lang='grc' dir='ltr'>εἰς</span> <span class='ocrx_word' id='word_1_825' title='bbox 349 3243 445 3281; x_wconf 78' lang='lat' dir='ltr'>libri,·</span> <span class='ocrx_word' id='word_1_826' title='bbox 469 3241 515 3273; x_wconf 77' lang='grc' dir='ltr'>εἰς</span> <span class='ocrx_word' id='word_1_827' title='bbox 540 3242 602 3273; x_wconf 77' lang='lat' dir='ltr'>det.</span> <span class='ocrx_word' id='word_1_828' title='bbox 632 3242 825 3273; x_wconf 69' lang='lat' dir='ltr'>Ilaloantler</span> <span class='ocrx_word' id='word_1_829' title='bbox 844 3240 913 3283; x_wconf 79' lang='grc'>1120</span> <span class='ocrx_word' id='word_1_830' title='bbox 945 3231 987 3271; x_wconf 67' lang='grc' dir='ltr'>οὗ</span> <span class='ocrx_word' id='word_1_831' title='bbox 1020 3237 1074 3281; x_wconf 79' lang='grc' dir='ltr'>δὴ]</span> <span class='ocrx_word' id='word_1_832' title='bbox 1109 3251 1214 3282; x_wconf 81' lang='lat' dir='ltr'>neque</span> 
     </span>
     <span class='ocr_line' id='line_1_91' title="bbox 135 3282 1215 3328; baseline -0.003 -9"><span class='ocrx_word' id='word_1_833' title='bbox 135 3287 164 3319; x_wconf 84' lang='lat' dir='ltr'>si</span> <span class='ocrx_word' id='word_1_834' title='bbox 189 3289 208 3320; x_wconf 87' lang='lat' dir='ltr'>i.</span> <span class='ocrx_word' id='word_1_835' title='bbox 235 3300 261 3320; x_wconf 89' lang='lat' dir='ltr'>e.</span> <span class='ocrx_word' id='word_1_836' title='bbox 285 3283 365 3319; x_wconf 74' lang='grc' dir='ltr'><em>οἶδ’</em></span> <span class='ocrx_word' id='word_1_837' title='bbox 393 3287 423 3318; x_wconf 83' lang='grc' dir='ltr'>εἰ</span> <span class='ocrx_word' id='word_1_838' title='bbox 448 3299 466 3322; x_wconf 86' lang='grc' dir='ltr'><em>ς</em></span> <span class='ocrx_word' id='word_1_839' title='bbox 496 3286 500 3326; x_wconf 91' lang='grc'>1</span> <span class='ocrx_word' id='word_1_840' title='bbox 537 3287 576 3318; x_wconf 81' lang='lat'>27</span> <span class='ocrx_word' id='word_1_841' title='bbox 612 3282 759 3324; x_wconf 76' lang='grc' dir='ltr'><em>ἔνδοξον</em></span> <span class='ocrx_word' id='word_1_842' title='bbox 785 3287 827 3324; x_wconf 88' lang='lat' dir='ltr'>L]</span> <span class='ocrx_word' id='word_1_843' title='bbox 855 3282 993 3323; x_wconf 78' lang='grc' dir='ltr'><em>ἐνδόξω</em></span> <span class='ocrx_word' id='word_1_844' title='bbox 1020 3285 1060 3317; x_wconf 87' lang='lat' dir='ltr'><em>M</em></span> <span class='ocrx_word' id='word_1_845' title='bbox 1080 3287 1215 3328; x_wconf 82' lang='lat' dir='ltr'>(probat</span> 
     </span>
     <span class='ocr_line' id='line_1_92' title="bbox 136 3325 1213 3374; baseline -0.001 -10"><span class='ocrx_word' id='word_1_846' title='bbox 136 3333 334 3372; x_wconf 72' lang='lat' dir='ltr'>Zachariae)</span> <span class='ocrx_word' id='word_1_847' title='bbox 364 3332 375 3374; x_wconf 91' lang='grc'>11</span> <span class='ocrx_word' id='word_1_848' title='bbox 406 3333 448 3364; x_wconf 75' lang='lat'>28</span> <span class='ocrx_word' id='word_1_849' title='bbox 473 3331 497 3362; x_wconf 81' lang='grc' dir='ltr'><em>ἔ</em></span> <span class='ocrx_word' id='word_1_850' title='bbox 515 3330 643 3373; x_wconf 80' lang='grc' dir='ltr'><em>οξομεν</em></span> <span class='ocrx_word' id='word_1_851' title='bbox 666 3332 739 3370; x_wconf 77' lang='lat' dir='ltr'>(sic)</span> <span class='ocrx_word' id='word_1_852' title='bbox 766 3331 794 3362; x_wconf 93' lang='lat' dir='ltr'><em>L</em></span> <span class='ocrx_word' id='word_1_853' title='bbox 822 3332 834 3372; x_wconf 91' lang='grc'>11</span> <span class='ocrx_word' id='word_1_854' title='bbox 865 3325 1048 3371; x_wconf 75' lang='grc' dir='ltr'><em>ἀναμέσων</em></span> <span class='ocrx_word' id='word_1_855' title='bbox 1073 3331 1104 3363; x_wconf 88' lang='lat' dir='ltr'><em>L</em></span> <span class='ocrx_word' id='word_1_856' title='bbox 1128 3330 1139 3373; x_wconf 91' lang='grc'>11</span> <span class='ocrx_word' id='word_1_857' title='bbox 1173 3332 1213 3363; x_wconf 80' lang='grc'>20</span> 
     </span>
     <span class='ocr_line' id='line_1_93' title="bbox 136 3374 1213 3419; baseline -0.001 -11"><span class='ocrx_word' id='word_1_858' title='bbox 136 3379 330 3419; x_wconf 69' lang='grc' dir='ltr'><em>τέσσαρσιν</em></span> <span class='ocrx_word' id='word_1_859' title='bbox 355 3390 421 3408; x_wconf 84' lang='lat' dir='ltr'>eum</span> <span class='ocrx_word' id='word_1_860' title='bbox 441 3377 623 3418; x_wconf 79' lang='lat' dir='ltr'>Scrimyero</span> <span class='ocrx_word' id='word_1_861' title='bbox 648 3377 735 3417; x_wconf 64' lang='lat' dir='ltr'>vulg).</span> <span class='ocrx_word' id='word_1_862' title='bbox 755 3374 766 3417; x_wconf 91' lang='grc'>11</span> <span class='ocrx_word' id='word_1_863' title='bbox 785 3376 894 3416; x_wconf 73' lang='grc' dir='ltr'><em>μέσον</em></span> <span class='ocrx_word' id='word_1_864' title='bbox 919 3388 956 3406; x_wconf 79' lang='lat' dir='ltr'>ex</span> <span class='ocrx_word' id='word_1_865' title='bbox 972 3386 990 3410; x_wconf 82' lang='grc' dir='ltr'><em>ς</em></span> <span class='ocrx_word' id='word_1_866' title='bbox 1008 3375 1213 3414; x_wconf 77' lang='lat' dir='ltr'>Ilaloander]</span> 
     </span>
     <span class='ocr_line' id='line_1_94' title="bbox 135 3420 1214 3463; baseline 0 -11"><span class='ocrx_word' id='word_1_867' title='bbox 135 3423 246 3463; x_wconf 81' lang='grc' dir='ltr'><em>μέσην</em></span> <span class='ocrx_word' id='word_1_868' title='bbox 272 3423 301 3453; x_wconf 91' lang='lat' dir='ltr'><em>L</em></span> <span class='ocrx_word' id='word_1_869' title='bbox 337 3423 425 3463; x_wconf 81' lang='grc' dir='ltr'><em>μίαν</em></span> <span class='ocrx_word' id='word_1_870' title='bbox 451 3421 495 3453; x_wconf 69' lang='grc' dir='ltr'>,Μ</span> <span class='ocrx_word' id='word_1_871' title='bbox 519 3421 531 3463; x_wconf 90' lang='grc'>11</span> <span class='ocrx_word' id='word_1_872' title='bbox 562 3422 603 3452; x_wconf 83' lang='grc'>30</span> <span class='ocrx_word' id='word_1_873' title='bbox 633 3420 700 3462; x_wconf 76' lang='grc' dir='ltr'>μὲν</span> <span class='ocrx_word' id='word_1_874' title='bbox 727 3420 809 3459; x_wconf 40' lang='lat' dir='ltr'>Allo]</span> <span class='ocrx_word' id='word_1_875' title='bbox 844 3432 901 3452; x_wconf 87' lang='lat' dir='ltr'>om.</span> <span class='ocrx_word' id='word_1_876' title='bbox 936 3431 1003 3451; x_wconf 85' lang='lat' dir='ltr'>cum</span> <span class='ocrx_word' id='word_1_877' title='bbox 1033 3421 1214 3463; x_wconf 79' lang='lat' dir='ltr'>Serimyero</span> 
     </span>
     <span class='ocr_line' id='line_1_95' title="bbox 135 3468 221 3510; baseline -0.012 -12"><span class='ocrx_word' id='word_1_878' title='bbox 135 3468 221 3510; x_wconf 73' lang='lat' dir='ltr'>vuly.</span> 
     </span>
    </p>
   </div>
   <div class='ocr_carea' id='block_1_38' title="bbox 136 3591 1211 3684">
    <p class='ocr_par' dir='ltr' id='par_1_39' title="bbox 136 3591 1211 3684">
     <span class='ocr_line' id='line_1_96' title="bbox 182 3591 1211 3640; baseline -0.003 -9"><span class='ocrx_word' id='word_1_879' title='bbox 182 3600 201 3631; x_wconf 91' lang='lat'>2</span> <span class='ocrx_word' id='word_1_880' title='bbox 226 3599 262 3630; x_wconf 90' lang='lat' dir='ltr'>in</span> <span class='ocrx_word' id='word_1_881' title='bbox 286 3598 450 3639; x_wconf 86' lang='lat' dir='ltr'>longiore]</span> <span class='ocrx_word' id='word_1_882' title='bbox 478 3598 536 3640; x_wconf 75' lang='lat' dir='ltr'>leq.</span> <span class='ocrx_word' id='word_1_883' title='bbox 562 3596 772 3638; x_wconf 76' lang='lat' dir='ltr'>longiorem?</span> <span class='ocrx_word' id='word_1_884' title='bbox 789 3596 801 3640; x_wconf 91' lang='grc'>11</span> <span class='ocrx_word' id='word_1_885' title='bbox 826 3599 846 3630; x_wconf 91' lang='grc'>4</span> <span class='ocrx_word' id='word_1_886' title='bbox 870 3591 958 3629; x_wconf 82' lang='lat' dir='ltr'>facto</span> <span class='ocrx_word' id='word_1_887' title='bbox 981 3595 1072 3640; x_wconf 75' lang='lat' dir='ltr'>V115</span> <span class='ocrx_word' id='word_1_888' title='bbox 1098 3597 1211 3639; x_wconf 83' lang='lat' dir='ltr'>hyerio</span> 
     </span>
     <span class='ocr_line' id='line_1_97' title="bbox 136 3642 1211 3684; baseline -0.001 -9"><span class='ocrx_word' id='word_1_889' title='bbox 136 3645 192 3681; x_wconf 79' lang='lat' dir='ltr'>(id.</span> <span class='ocrx_word' id='word_1_890' title='bbox 223 3651 263 3676; x_wconf 77' lang='lat'>14.</span> <span class='ocrx_word' id='word_1_891' title='bbox 282 3651 324 3676; x_wconf 83' lang='lat'>21.</span> <span class='ocrx_word' id='word_1_892' title='bbox 346 3651 390 3676; x_wconf 78' lang='lat'>25.</span> <span class='ocrx_word' id='word_1_893' title='bbox 415 3644 491 3684; x_wconf 82' lang='lat'>742,</span> <span class='ocrx_word' id='word_1_894' title='bbox 509 3643 556 3683; x_wconf 79' lang='lat'>28)</span> <span class='ocrx_word' id='word_1_895' title='bbox 582 3642 620 3683; x_wconf 83' lang='lat' dir='ltr'>T,</span> <span class='ocrx_word' id='word_1_896' title='bbox 659 3642 772 3674; x_wconf 76' lang='lat' dir='ltr'>Hierii</span> <span class='ocrx_word' id='word_1_897' title='bbox 805 3643 898 3674; x_wconf 85' lang='lat' dir='ltr'>Beck</span> <span class='ocrx_word' id='word_1_898' title='bbox 934 3643 1083 3681; x_wconf 81' lang='lat' dir='ltr'>(debebat</span> <span class='ocrx_word' id='word_1_899' title='bbox 1118 3644 1211 3674; x_wconf 83' lang='lat' dir='ltr'>etiam</span> 
     </span>
    </p>
   </div>
   <div class='ocr_carea' id='block_1_39' title="bbox 1248 2717 1252 3466">
    <p class='ocr_par' dir='ltr' id='par_1_40' title="bbox 1248 2717 1252 3466">
     <span class='ocr_line' id='line_1_98' title="bbox 1248 2717 1252 3466; baseline 0 0"><span class='ocrx_word' id='word_1_900' title='bbox 1248 2717 1252 3466; x_wconf 95' lang='lat' dir='ltr'> </span> 
     </span>
    </p>
   </div>
   <div class='ocr_carea' id='block_1_40' title="bbox 1246 2717 1253 3712">
    <p class='ocr_par' dir='ltr' id='par_1_41' title="bbox 1246 2717 1253 3712">
     <span class='ocr_line' id='line_1_99' title="bbox 1246 2717 1253 3712; baseline 0 0"><span class='ocrx_word' id='word_1_901' title='bbox 1246 2717 1253 3712; x_wconf 95' lang='lat' dir='ltr'> </span> 
     </span>
    </p>
   </div>
   <div class='ocr_carea' id='block_1_41' title="bbox 136 3686 1246 3731">
    <p class='ocr_par' dir='ltr' id='par_1_42' title="bbox 136 3686 1246 3731">
     <span class='ocr_line' id='line_1_100' title="bbox 136 3686 1246 3731; baseline -0.002 -11"><span class='ocrx_word' id='word_1_902' title='bbox 136 3688 278 3721; x_wconf 86' lang='lat' dir='ltr'>iunioris</span> <span class='ocrx_word' id='word_1_903' title='bbox 309 3689 480 3731; x_wconf 74' lang='lat' dir='ltr'>eorriqere,</span> <span class='ocrx_word' id='word_1_904' title='bbox 513 3688 572 3720; x_wconf 85' lang='lat' dir='ltr'>sed</span> <span class='ocrx_word' id='word_1_905' title='bbox 602 3689 643 3730; x_wconf 70' lang='lat' dir='ltr'>cs.</span> <span class='ocrx_word' id='word_1_906' title='bbox 673 3689 725 3728; x_wconf 83' lang='lat'>14)</span> <span class='ocrx_word' id='word_1_907' title='bbox 755 3687 766 3729; x_wconf 90' lang='grc'>11</span> <span class='ocrx_word' id='word_1_908' title='bbox 797 3689 816 3719; x_wconf 83' lang='grc'>6</span> <span class='ocrx_word' id='word_1_909' title='bbox 852 3696 904 3719; x_wconf 90' lang='lat' dir='ltr'>res</span> <span class='ocrx_word' id='word_1_910' title='bbox 936 3686 1208 3728; x_wconf 87' lang='lat' dir='ltr'>suscipientibus]</span> <span class='ocrx_word' id='word_1_911' title='bbox 1244 3714 1246 3725; x_wconf 88' lang='grc'>,</span> 
     </span>
    </p>
   </div>
   <div class='ocr_carea' id='block_1_42' title="bbox 1284 2700 2365 3147">
    <p class='ocr_par' dir='ltr' id='par_1_43' title="bbox 1284 2700 2365 3147">
     <span class='ocr_line' id='line_1_101' title="bbox 1286 2700 2365 2746; baseline 0.002 -12"><span class='ocrx_word' id='word_1_912' title='bbox 1286 2700 1579 2744; x_wconf 88' lang='lat' dir='ltr'>resuscipientibus</span> <span class='ocrx_word' id='word_1_913' title='bbox 1602 2701 1680 2734; x_wconf 82' lang='lat' dir='ltr'>VT¹</span> <span class='ocrx_word' id='word_1_914' title='bbox 1711 2701 1723 2744; x_wconf 90' lang='grc'>11</span> <span class='ocrx_word' id='word_1_915' title='bbox 1754 2703 1771 2734; x_wconf 85' lang='lat'><strong>7</strong></span> <span class='ocrx_word' id='word_1_916' title='bbox 1798 2700 2016 2733; x_wconf 79' lang='lat' dir='ltr'>remanserint</span> <span class='ocrx_word' id='word_1_917' title='bbox 2042 2702 2075 2734; x_wconf 81' lang='lat' dir='ltr'><em>T</em></span> <span class='ocrx_word' id='word_1_918' title='bbox 2096 2700 2108 2746; x_wconf 91' lang='grc'>11</span> <span class='ocrx_word' id='word_1_919' title='bbox 2138 2706 2299 2745; x_wconf 86' lang='lat' dir='ltr'>perpetuo</span> <span class='ocrx_word' id='word_1_920' title='bbox 2329 2704 2365 2736; x_wconf 91' lang='lat' dir='ltr'>in</span> 
     </span>
     <span class='ocr_line' id='line_1_102' title="bbox 1284 2745 2362 2792; baseline 0.005 -14"><span class='ocrx_word' id='word_1_921' title='bbox 1284 2747 1412 2779; x_wconf 80' lang='lat' dir='ltr'>familia</span> <span class='ocrx_word' id='word_1_922' title='bbox 1435 2756 1567 2778; x_wconf 86' lang='lat' dir='ltr'>manere</span> <span class='ocrx_word' id='word_1_923' title='bbox 1582 2756 1641 2778; x_wconf 85' lang='lat' dir='ltr'>sua</span> <span class='ocrx_word' id='word_1_924' title='bbox 1661 2747 1745 2789; x_wconf 76' lang='lat' dir='ltr'>vuly.</span> <span class='ocrx_word' id='word_1_925' title='bbox 1765 2745 1776 2784; x_wconf 84' lang='grc' dir='ltr'>ΙΙ</span> <span class='ocrx_word' id='word_1_926' title='bbox 1795 2747 1813 2780; x_wconf 88' lang='grc'>8</span> <span class='ocrx_word' id='word_1_927' title='bbox 1833 2755 1902 2777; x_wconf 84' lang='lat' dir='ltr'>eam</span> <span class='ocrx_word' id='word_1_928' title='bbox 1916 2745 1949 2777; x_wconf 84' lang='lat' dir='ltr'><em>R</em></span> <span class='ocrx_word' id='word_1_929' title='bbox 1960 2745 1992 2778; x_wconf 93' lang='lat' dir='ltr'><strong><em>V</em></strong></span> <span class='ocrx_word' id='word_1_930' title='bbox 2004 2749 2016 2788; x_wconf 89' lang='grc'>11</span> <span class='ocrx_word' id='word_1_931' title='bbox 2032 2748 2225 2787; x_wconf 76' lang='lat' dir='ltr'>quaestione</span> <span class='ocrx_word' id='word_1_932' title='bbox 2240 2748 2271 2779; x_wconf 85' lang='lat' dir='ltr'><em>R</em></span> <span class='ocrx_word' id='word_1_933' title='bbox 2286 2747 2299 2792; x_wconf 89' lang='grc'>11</span> <span class='ocrx_word' id='word_1_934' title='bbox 2321 2750 2362 2783; x_wconf 80' lang='lat'>12</span> 
     </span>
     <span class='ocr_line' id='line_1_103' title="bbox 1286 2790 2363 2834; baseline 0 -10"><span class='ocrx_word' id='word_1_935' title='bbox 1286 2791 1510 2824; x_wconf 84' lang='lat' dir='ltr'>*subtilitatis</span> <span class='ocrx_word' id='word_1_936' title='bbox 1532 2792 1612 2832; x_wconf 81' lang='lat' dir='ltr'>(sim.</span> <span class='ocrx_word' id='word_1_937' title='bbox 1631 2792 1749 2831; x_wconf 72' lang='lat' dir='ltr'>Beck-J]</span> <span class='ocrx_word' id='word_1_938' title='bbox 1768 2790 1967 2823; x_wconf 85' lang='lat' dir='ltr'>humilitatis</span> <span class='ocrx_word' id='word_1_939' title='bbox 1987 2791 2063 2823; x_wconf 83' lang='lat' dir='ltr'>libri</span> <span class='ocrx_word' id='word_1_940' title='bbox 2080 2791 2092 2834; x_wconf 91' lang='grc'>11</span> <span class='ocrx_word' id='word_1_941' title='bbox 2110 2792 2302 2833; x_wconf 84' lang='lat' dir='ltr'>cognitione</span> <span class='ocrx_word' id='word_1_942' title='bbox 2315 2793 2363 2825; x_wconf 81' lang='lat' dir='ltr'>R¹</span> 
     </span>
     <span class='ocr_line' id='line_1_104' title="bbox 1285 2835 2363 2882; baseline 0.003 -14"><span class='ocrx_word' id='word_1_943' title='bbox 1285 2836 1509 2878; x_wconf 81' lang='lat' dir='ltr'>ignorantiam</span> <span class='ocrx_word' id='word_1_944' title='bbox 1535 2836 1760 2877; x_wconf 86' lang='lat' dir='ltr'>cognitionem</span> <span class='ocrx_word' id='word_1_945' title='bbox 1773 2836 1826 2868; x_wconf 79' lang='lat' dir='ltr'>Ta</span> <span class='ocrx_word' id='word_1_946' title='bbox 1845 2835 1857 2878; x_wconf 92' lang='grc'>11</span> <span class='ocrx_word' id='word_1_947' title='bbox 1876 2837 1917 2869; x_wconf 89' lang='grc'>14</span> <span class='ocrx_word' id='word_1_948' title='bbox 1940 2835 2053 2868; x_wconf 87' lang='lat' dir='ltr'>Hierii</span> <span class='ocrx_word' id='word_1_949' title='bbox 2076 2837 2214 2869; x_wconf 88' lang='lat' dir='ltr'>senioris</span> <span class='ocrx_word' id='word_1_950' title='bbox 2228 2836 2363 2882; x_wconf 84' lang='lat' dir='ltr'>(filius)</span> 
     </span>
     <span class='ocr_line' id='line_1_105' title="bbox 1288 2879 2362 2924; baseline 0.001 -11"><span class='ocrx_word' id='word_1_951' title='bbox 1288 2882 1379 2914; x_wconf 75' lang='lat' dir='ltr'>Beck</span> <span class='ocrx_word' id='word_1_952' title='bbox 1392 2880 1403 2924; x_wconf 89' lang='grc'>11</span> <span class='ocrx_word' id='word_1_953' title='bbox 1418 2883 1456 2915; x_wconf 85' lang='grc'>15</span> <span class='ocrx_word' id='word_1_954' title='bbox 1473 2880 1620 2922; x_wconf 81' lang='lat' dir='ltr'>excipere</span> <span class='ocrx_word' id='word_1_955' title='bbox 1635 2882 1666 2913; x_wconf 82' lang='lat' dir='ltr'><em>R</em></span> <span class='ocrx_word' id='word_1_956' title='bbox 1678 2879 1689 2924; x_wconf 91' lang='grc'>11</span> <span class='ocrx_word' id='word_1_957' title='bbox 1702 2880 1967 2913; x_wconf 85' lang='lat' dir='ltr'>existimavimus</span> <span class='ocrx_word' id='word_1_958' title='bbox 1980 2880 2133 2922; x_wconf 72' lang='lat' dir='ltr'>Skutsch]</span> <span class='ocrx_word' id='word_1_959' title='bbox 2148 2893 2186 2914; x_wconf 87' lang='lat' dir='ltr'>ex</span> <span class='ocrx_word' id='word_1_960' title='bbox 2200 2883 2253 2915; x_wconf 84' lang='lat' dir='ltr'>his</span> <span class='ocrx_word' id='word_1_961' title='bbox 2266 2885 2362 2915; x_wconf 85' lang='lat' dir='ltr'>aesti-</span> 
     </span>
     <span class='ocr_line' id='line_1_106' title="bbox 1284 2925 2364 2971; baseline 0.003 -14"><span class='ocrx_word' id='word_1_962' title='bbox 1284 2926 1448 2958; x_wconf 84' lang='lat' dir='ltr'>mauimus</span> <span class='ocrx_word' id='word_1_963' title='bbox 1466 2926 1543 2958; x_wconf 69' lang='lat' dir='ltr'>libri</span> <span class='ocrx_word' id='word_1_964' title='bbox 1557 2925 1568 2969; x_wconf 89' lang='grc'>11</span> <span class='ocrx_word' id='word_1_965' title='bbox 1590 2926 1631 2958; x_wconf 85' lang='grc'>16</span> <span class='ocrx_word' id='word_1_966' title='bbox 1654 2925 1740 2958; x_wconf 68' lang='lat' dir='ltr'>bens}</span> <span class='ocrx_word' id='word_1_967' title='bbox 1755 2926 1801 2958; x_wconf 68' lang='lat' dir='ltr'>Ta</span> <span class='ocrx_word' id='word_1_968' title='bbox 1820 2926 1831 2963; x_wconf 83' lang='lat' dir='ltr'>ll</span> <span class='ocrx_word' id='word_1_969' title='bbox 1847 2926 2028 2967; x_wconf 84' lang='lat' dir='ltr'>suggereR</span> <span class='ocrx_word' id='word_1_970' title='bbox 2046 2926 2058 2969; x_wconf 90' lang='grc'>11</span> <span class='ocrx_word' id='word_1_971' title='bbox 2076 2937 2155 2959; x_wconf 89' lang='lat' dir='ltr'>uero</span> <span class='ocrx_word' id='word_1_972' title='bbox 2179 2938 2299 2960; x_wconf 82' lang='lat' dir='ltr'>uocare</span> <span class='ocrx_word' id='word_1_973' title='bbox 2316 2928 2364 2971; x_wconf 66' lang='lat' dir='ltr'>Vll</span> 
     </span>
     <span class='ocr_line' id='line_1_107' title="bbox 1285 2968 2361 3014; baseline 0.001 -12"><span class='ocrx_word' id='word_1_974' title='bbox 1285 2971 1381 3002; x_wconf 86' lang='lat' dir='ltr'>histis</span> <span class='ocrx_word' id='word_1_975' title='bbox 1398 2968 1444 3002; x_wconf 71' lang='lat' dir='ltr'>lt⁶</span> <span class='ocrx_word' id='word_1_976' title='bbox 1457 2969 1570 3002; x_wconf 86' lang='lat' dir='ltr'>hisstis</span> <span class='ocrx_word' id='word_1_977' title='bbox 1584 2970 1635 3002; x_wconf 68' lang='lat' dir='ltr'>Ra</span> <span class='ocrx_word' id='word_1_978' title='bbox 1653 2969 1665 3013; x_wconf 91' lang='grc'>11</span> <span class='ocrx_word' id='word_1_979' title='bbox 1682 2970 1844 3003; x_wconf 86' lang='lat' dir='ltr'>actionem</span> <span class='ocrx_word' id='word_1_980' title='bbox 1858 2971 1944 3010; x_wconf 80' lang='lat' dir='ltr'>libri,</span> <span class='ocrx_word' id='word_1_981' title='bbox 1963 2983 2044 3003; x_wconf 82' lang='lat' dir='ltr'>corr.</span> <span class='ocrx_word' id='word_1_982' title='bbox 2063 2973 2146 3014; x_wconf 74' lang='lat' dir='ltr'>vuly.</span> <span class='ocrx_word' id='word_1_983' title='bbox 2165 2972 2177 3013; x_wconf 92' lang='grc'>11</span> <span class='ocrx_word' id='word_1_984' title='bbox 2198 2974 2236 3005; x_wconf 83' lang='grc'>17</span> <span class='ocrx_word' id='word_1_985' title='bbox 2252 2973 2361 3004; x_wconf 78' lang='lat' dir='ltr'>uirum</span> 
     </span>
     <span class='ocr_line' id='line_1_108' title="bbox 1285 3014 2363 3060; baseline 0.001 -13"><span class='ocrx_word' id='word_1_986' title='bbox 1285 3015 1390 3047; x_wconf 89' lang='lat' dir='ltr'>solum</span> <span class='ocrx_word' id='word_1_987' title='bbox 1404 3015 1473 3047; x_wconf 74' lang='grc' dir='ltr'>ΕΤ</span> <span class='ocrx_word' id='word_1_988' title='bbox 1486 3015 1497 3058; x_wconf 92' lang='grc'>11</span> <span class='ocrx_word' id='word_1_989' title='bbox 1515 3014 1776 3056; x_wconf 83' lang='lat' dir='ltr'>gloriosisimum</span> <span class='ocrx_word' id='word_1_990' title='bbox 1791 3015 1823 3047; x_wconf 83' lang='lat' dir='ltr'><strong><em>T</em></strong></span> <span class='ocrx_word' id='word_1_991' title='bbox 1836 3015 1847 3057; x_wconf 92' lang='grc'>11</span> <span class='ocrx_word' id='word_1_992' title='bbox 1868 3016 1908 3048; x_wconf 83' lang='grc'>18</span> <span class='ocrx_word' id='word_1_993' title='bbox 1932 3025 2028 3047; x_wconf 87' lang='lat' dir='ltr'>onem</span> <span class='ocrx_word' id='word_1_994' title='bbox 2045 3016 2076 3048; x_wconf 91' lang='lat' dir='ltr'><strong><em>V</em></strong></span> <span class='ocrx_word' id='word_1_995' title='bbox 2088 3016 2099 3058; x_wconf 91' lang='grc'>11</span> <span class='ocrx_word' id='word_1_996' title='bbox 2118 3019 2167 3056; x_wconf 80' lang='lat' dir='ltr'>cx]</span> <span class='ocrx_word' id='word_1_997' title='bbox 2194 3018 2254 3058; x_wconf 76' lang='lat' dir='ltr'>leq.</span> <span class='ocrx_word' id='word_1_998' title='bbox 2280 3018 2334 3048; x_wconf 87' lang='lat' dir='ltr'>et?</span> <span class='ocrx_word' id='word_1_999' title='bbox 2351 3017 2363 3060; x_wconf 89' lang='grc'>11</span> 
     </span>
     <span class='ocr_line' id='line_1_109' title="bbox 1289 3059 2362 3102; baseline 0.003 -10"><span class='ocrx_word' id='word_1_1000' title='bbox 1289 3062 1327 3093; x_wconf 83' lang='grc'>10</span> <span class='ocrx_word' id='word_1_1001' title='bbox 1346 3061 1443 3099; x_wconf 85' lang='lat' dir='ltr'>stare]</span> <span class='ocrx_word' id='word_1_1002' title='bbox 1469 3063 1517 3091; x_wconf 87' lang='lat' dir='ltr'>set</span> <span class='ocrx_word' id='word_1_1003' title='bbox 1541 3062 1573 3092; x_wconf 86' lang='lat' dir='ltr'>et</span> <span class='ocrx_word' id='word_1_1004' title='bbox 1588 3063 1673 3091; x_wconf 80' lang='lat' dir='ltr'>stare</span> <span class='ocrx_word' id='word_1_1005' title='bbox 1688 3060 1739 3092; x_wconf 63' lang='lat' dir='ltr'>lssss</span> <span class='ocrx_word' id='word_1_1006' title='bbox 1756 3059 1767 3102; x_wconf 90' lang='grc'>11</span> <span class='ocrx_word' id='word_1_1007' title='bbox 1786 3059 1897 3091; x_wconf 86' lang='lat' dir='ltr'>Hierii</span> <span class='ocrx_word' id='word_1_1008' title='bbox 1911 3059 2015 3099; x_wconf 84' lang='lat' dir='ltr'>Beck]</span> <span class='ocrx_word' id='word_1_1009' title='bbox 2035 3060 2179 3092; x_wconf 84' lang='lat' dir='ltr'>hierium</span> <span class='ocrx_word' id='word_1_1010' title='bbox 2197 3062 2273 3094; x_wconf 84' lang='lat' dir='ltr'>libri</span> <span class='ocrx_word' id='word_1_1011' title='bbox 2290 3061 2302 3102; x_wconf 90' lang='grc'>11</span> <span class='ocrx_word' id='word_1_1012' title='bbox 2319 3063 2362 3095; x_wconf 86' lang='grc'>20</span> 
     </span>
     <span class='ocr_line' id='line_1_110' title="bbox 1286 3100 2362 3147; baseline 0.002 -11"><span class='ocrx_word' id='word_1_1013' title='bbox 1286 3105 1467 3136; x_wconf 82' lang='lat' dir='ltr'>*facientes</span> <span class='ocrx_word' id='word_1_1014' title='bbox 1498 3104 1720 3137; x_wconf 83' lang='grc' dir='ltr'><em>εἰσποιοῦσιν</em></span> <span class='ocrx_word' id='word_1_1015' title='bbox 1751 3104 1843 3147; x_wconf 77' lang='grc' dir='ltr'><em>σφᾶς</em></span> <span class='ocrx_word' id='word_1_1016' title='bbox 1875 3100 2003 3136; x_wconf 64' lang='grc' dir='ltr'><em>αὐτους</em></span> <span class='ocrx_word' id='word_1_1017' title='bbox 2031 3107 2097 3145; x_wconf 88' lang='lat' dir='ltr'>eos]</span> <span class='ocrx_word' id='word_1_1018' title='bbox 2126 3106 2171 3137; x_wconf 89' lang='lat' dir='ltr'>eis</span> <span class='ocrx_word' id='word_1_1019' title='bbox 2202 3105 2362 3138; x_wconf 81' lang='lat' dir='ltr'>facientes</span> 
     </span>
    </p>
   </div>
   <div class='ocr_carea' id='block_1_43' title="bbox 1280 3190 2364 3729">
    <p class='ocr_par' dir='ltr' id='par_1_44' title="bbox 1280 3190 2364 3729">
     <span class='ocr_line' id='line_1_111' title="bbox 1286 3190 2361 3235; baseline 0.002 -9"><span class='ocrx_word' id='word_1_1020' title='bbox 1286 3194 1372 3226; x_wconf 83' lang='lat' dir='ltr'>Zeol&#39;</span> <span class='ocrx_word' id='word_1_1021' title='bbox 1394 3190 1619 3235; x_wconf 79' lang='grc' dir='ltr'><em>(ἀκυρώσεως</em></span> <span class='ocrx_word' id='word_1_1022' title='bbox 1643 3207 1680 3226; x_wconf 84' lang='lat' dir='ltr'>m.</span> <span class='ocrx_word' id='word_1_1023' title='bbox 1708 3206 1770 3226; x_wconf 82' lang='lat' dir='ltr'>rec.</span> <span class='ocrx_word' id='word_1_1024' title='bbox 1790 3195 1821 3226; x_wconf 82' lang='lat' dir='ltr'>in</span> <span class='ocrx_word' id='word_1_1025' title='bbox 1847 3195 1964 3235; x_wconf 74' lang='lat' dir='ltr'>marq.)</span> <span class='ocrx_word' id='word_1_1026' title='bbox 1982 3194 2014 3226; x_wconf 82' lang='lat' dir='ltr'><em>R</em></span> <span class='ocrx_word' id='word_1_1027' title='bbox 2039 3194 2085 3226; x_wconf 88' lang='lat' dir='ltr'>eis</span> <span class='ocrx_word' id='word_1_1028' title='bbox 2110 3195 2269 3227; x_wconf 86' lang='lat' dir='ltr'>facientes</span> <span class='ocrx_word' id='word_1_1029' title='bbox 2292 3209 2361 3228; x_wconf 79' lang='lat' dir='ltr'>eum</span> 
     </span>
     <span class='ocr_line' id='line_1_112' title="bbox 1284 3238 2358 3283; baseline 0.002 -13"><span class='ocrx_word' id='word_1_1030' title='bbox 1284 3240 1391 3280; x_wconf 71' lang='lat' dir='ltr'>spatio</span> <span class='ocrx_word' id='word_1_1031' title='bbox 1416 3251 1515 3271; x_wconf 86' lang='lat' dir='ltr'>vacuo</span> <span class='ocrx_word' id='word_1_1032' title='bbox 1533 3240 1554 3281; x_wconf 64' lang='lat'>2}</span> <span class='ocrx_word' id='word_1_1033' title='bbox 1571 3251 1618 3270; x_wconf 82' lang='lat' dir='ltr'>vs.</span> <span class='ocrx_word' id='word_1_1034' title='bbox 1645 3238 1743 3279; x_wconf 86' lang='lat' dir='ltr'>(nihil</span> <span class='ocrx_word' id='word_1_1035' title='bbox 1762 3238 1872 3270; x_wconf 85' lang='lat' dir='ltr'>deficit</span> <span class='ocrx_word' id='word_1_1036' title='bbox 1888 3238 1951 3269; x_wconf 83' lang='lat' dir='ltr'>nisi</span> <span class='ocrx_word' id='word_1_1037' title='bbox 1969 3249 2104 3279; x_wconf 88' lang='lat' dir='ltr'>grecum</span> <span class='ocrx_word' id='word_1_1038' title='bbox 2123 3239 2172 3272; x_wconf 79' lang='lat' dir='ltr'>V³</span> <span class='ocrx_word' id='word_1_1039' title='bbox 2196 3242 2228 3273; x_wconf 82' lang='lat' dir='ltr'>in</span> <span class='ocrx_word' id='word_1_1040' title='bbox 2243 3244 2358 3283; x_wconf 71' lang='lat' dir='ltr'>marq.)</span> 
     </span>
     <span class='ocr_line' id='line_1_113' title="bbox 1294 3279 2360 3327; baseline 0.003 -12"><span class='ocrx_word' id='word_1_1041' title='bbox 1294 3284 1328 3316; x_wconf 87' lang='lat' dir='ltr'>V.</span> <span class='ocrx_word' id='word_1_1042' title='bbox 1366 3284 1495 3316; x_wconf 85' lang='lat' dir='ltr'>Graeca</span> <span class='ocrx_word' id='word_1_1043' title='bbox 1520 3287 1618 3316; x_wconf 82' lang='lat' dir='ltr'>verba</span> <span class='ocrx_word' id='word_1_1044' title='bbox 1642 3283 1875 3325; x_wconf 78' lang='grc' dir='ltr'><em>εἱσ1ποιοῦσιν</em></span> <span class='ocrx_word' id='word_1_1045' title='bbox 1899 3283 1993 3327; x_wconf 77' lang='grc' dir='ltr'><em>σφᾶς</em></span> <span class='ocrx_word' id='word_1_1046' title='bbox 2016 3279 2143 3317; x_wconf 76' lang='grc' dir='ltr'><em>αὐτούς</em></span> <span class='ocrx_word' id='word_1_1047' title='bbox 2169 3286 2360 3326; x_wconf 78' lang='lat' dir='ltr'>interpreta-</span> 
     </span>
     <span class='ocr_line' id='line_1_114' title="bbox 1286 3327 2359 3372; baseline 0.003 -11"><span class='ocrx_word' id='word_1_1048' title='bbox 1286 3330 1365 3361; x_wconf 78' lang='lat' dir='ltr'>tioni</span> <span class='ocrx_word' id='word_1_1049' title='bbox 1386 3327 1543 3360; x_wconf 82' lang='lat' dir='ltr'>facientes</span> <span class='ocrx_word' id='word_1_1050' title='bbox 1568 3339 1622 3360; x_wconf 83' lang='lat' dir='ltr'>eos</span> <span class='ocrx_word' id='word_1_1051' title='bbox 1646 3329 1812 3369; x_wconf 80' lang='lat' dir='ltr'>adscripta</span> <span class='ocrx_word' id='word_1_1052' title='bbox 1837 3328 1954 3360; x_wconf 82' lang='lat' dir='ltr'>seclusi</span> <span class='ocrx_word' id='word_1_1053' title='bbox 1974 3328 1985 3370; x_wconf 90' lang='grc'>11</span> <span class='ocrx_word' id='word_1_1054' title='bbox 2013 3329 2052 3362; x_wconf 82' lang='lat'>21</span> <span class='ocrx_word' id='word_1_1055' title='bbox 2082 3329 2211 3361; x_wconf 83' lang='lat' dir='ltr'>familia.</span> <span class='ocrx_word' id='word_1_1056' title='bbox 2231 3330 2264 3362; x_wconf 91' lang='lat' dir='ltr'><strong><em>V</em></strong></span> <span class='ocrx_word' id='word_1_1057' title='bbox 2280 3330 2292 3372; x_wconf 89' lang='grc'>11</span> <span class='ocrx_word' id='word_1_1058' title='bbox 2318 3331 2359 3364; x_wconf 81' lang='lat'>22</span> 
     </span>
     <span class='ocr_line' id='line_1_115' title="bbox 1283 3372 2359 3417; baseline 0.004 -13"><span class='ocrx_word' id='word_1_1059' title='bbox 1283 3373 1580 3413; x_wconf 79' lang='lat' dir='ltr'>ulicnaucruntque</span> <span class='ocrx_word' id='word_1_1060' title='bbox 1603 3373 1691 3415; x_wconf 84' lang='lat' dir='ltr'>apud</span> <span class='ocrx_word' id='word_1_1061' title='bbox 1715 3373 1745 3405; x_wconf 79' lang='lat' dir='ltr'><strong><em>V</em></strong></span> <span class='ocrx_word' id='word_1_1062' title='bbox 1756 3373 1768 3415; x_wconf 89' lang='grc'>11</span> <span class='ocrx_word' id='word_1_1063' title='bbox 1797 3374 1837 3405; x_wconf 80' lang='lat'>23</span> <span class='ocrx_word' id='word_1_1064' title='bbox 1865 3372 2103 3406; x_wconf 80' lang='lat' dir='ltr'>substitutione</span> <span class='ocrx_word' id='word_1_1065' title='bbox 2129 3375 2186 3417; x_wconf 88' lang='grc' dir='ltr'>Τ11</span> <span class='ocrx_word' id='word_1_1066' title='bbox 2205 3376 2248 3407; x_wconf 78' lang='lat'>24</span> <span class='ocrx_word' id='word_1_1067' title='bbox 2272 3386 2359 3408; x_wconf 88' lang='lat' dir='ltr'>unus</span> 
     </span>
     <span class='ocr_line' id='line_1_116' title="bbox 1286 3417 2360 3463; baseline 0.003 -13"><span class='ocrx_word' id='word_1_1068' title='bbox 1286 3419 1317 3450; x_wconf 77' lang='lat' dir='ltr'>‘l&#39;</span> <span class='ocrx_word' id='word_1_1069' title='bbox 1329 3419 1339 3459; x_wconf 90' lang='grc'>11</span> <span class='ocrx_word' id='word_1_1070' title='bbox 1360 3419 1401 3450; x_wconf 80' lang='lat'>26</span> <span class='ocrx_word' id='word_1_1071' title='bbox 1427 3417 1533 3449; x_wconf 86' lang='lat' dir='ltr'>visum</span> <span class='ocrx_word' id='word_1_1072' title='bbox 1558 3419 1615 3458; x_wconf 89' lang='lat' dir='ltr'>est]</span> <span class='ocrx_word' id='word_1_1073' title='bbox 1641 3418 1804 3450; x_wconf 89' lang='lat' dir='ltr'>insumere</span> <span class='ocrx_word' id='word_1_1074' title='bbox 1826 3417 1881 3459; x_wconf 86' lang='lat' dir='ltr'>Vl}</span> <span class='ocrx_word' id='word_1_1075' title='bbox 1899 3419 1978 3458; x_wconf 84' lang='lat' dir='ltr'>esse]</span> <span class='ocrx_word' id='word_1_1076' title='bbox 2004 3422 2051 3450; x_wconf 88' lang='lat' dir='ltr'>est</span> <span class='ocrx_word' id='word_1_1077' title='bbox 2072 3419 2102 3450; x_wconf 70' lang='lat' dir='ltr'>R,</span> <span class='ocrx_word' id='word_1_1078' title='bbox 2120 3418 2132 3462; x_wconf 89' lang='grc'>11</span> <span class='ocrx_word' id='word_1_1079' title='bbox 2148 3431 2360 3463; x_wconf 74' lang='grc' dir='ltr'><em>περιεριοοῑιο</em></span> 
     </span>
     <span class='ocr_line' id='line_1_117' title="bbox 1283 3463 2358 3507; baseline 0.004 -12"><span class='ocrx_word' id='word_1_1080' title='bbox 1283 3465 1496 3506; x_wconf 83' lang='grc' dir='ltr'><em>(περιεργίας</em></span> <span class='ocrx_word' id='word_1_1081' title='bbox 1520 3475 1557 3495; x_wconf 86' lang='lat' dir='ltr'>m.</span> <span class='ocrx_word' id='word_1_1082' title='bbox 1583 3475 1645 3495; x_wconf 87' lang='lat' dir='ltr'>rec.</span> <span class='ocrx_word' id='word_1_1083' title='bbox 1672 3464 1704 3495; x_wconf 87' lang='lat' dir='ltr'>in</span> <span class='ocrx_word' id='word_1_1084' title='bbox 1729 3464 1843 3506; x_wconf 73' lang='lat' dir='ltr'>marq.)</span> <span class='ocrx_word' id='word_1_1085' title='bbox 1870 3464 1900 3495; x_wconf 74' lang='lat' dir='ltr'><em>R</em></span> <span class='ocrx_word' id='word_1_1086' title='bbox 1930 3463 2008 3505; x_wconf 82' lang='lat' dir='ltr'>nepi</span> <span class='ocrx_word' id='word_1_1087' title='bbox 2032 3476 2099 3496; x_wconf 85' lang='lat' dir='ltr'>cum</span> <span class='ocrx_word' id='word_1_1088' title='bbox 2123 3467 2229 3507; x_wconf 82' lang='lat' dir='ltr'>spatio</span> <span class='ocrx_word' id='word_1_1089' title='bbox 2255 3468 2273 3498; x_wconf 81' lang='lat'>5</span> <span class='ocrx_word' id='word_1_1090' title='bbox 2300 3467 2358 3499; x_wconf 81' lang='lat' dir='ltr'>lite.</span> 
     </span>
     <span class='ocr_line' id='line_1_118' title="bbox 1282 3508 2359 3550; baseline 0.005 -13"><span class='ocrx_word' id='word_1_1091' title='bbox 1282 3509 1319 3547; x_wconf 73' lang='lat' dir='ltr'>(s.</span> <span class='ocrx_word' id='word_1_1092' title='bbox 1336 3520 1366 3540; x_wconf 88' lang='lat' dir='ltr'>v.</span> <span class='ocrx_word' id='word_1_1093' title='bbox 1385 3509 1526 3539; x_wconf 80' lang='lat' dir='ltr'>Grecum</span> <span class='ocrx_word' id='word_1_1094' title='bbox 1551 3508 1618 3547; x_wconf 78' lang='lat' dir='ltr'>m.²)</span> <span class='ocrx_word' id='word_1_1095' title='bbox 1640 3508 1742 3540; x_wconf 82' lang='lat' dir='ltr'>Tem.</span> <span class='ocrx_word' id='word_1_1096' title='bbox 1770 3508 1801 3540; x_wconf 78' lang='lat' dir='ltr'>in</span> <span class='ocrx_word' id='word_1_1097' title='bbox 1826 3515 1909 3549; x_wconf 77' lang='lat' dir='ltr'>spat.</span> <span class='ocrx_word' id='word_1_1098' title='bbox 1935 3520 2005 3540; x_wconf 81' lang='lat' dir='ltr'>vac.</span> <span class='ocrx_word' id='word_1_1099' title='bbox 2021 3510 2108 3542; x_wconf 76' lang='lat' dir='ltr'>5—ss</span> <span class='ocrx_word' id='word_1_1100' title='bbox 2134 3510 2192 3542; x_wconf 81' lang='lat' dir='ltr'>litt.</span> <span class='ocrx_word' id='word_1_1101' title='bbox 2214 3510 2248 3542; x_wconf 90' lang='lat' dir='ltr'><strong><em>V</em></strong></span> <span class='ocrx_word' id='word_1_1102' title='bbox 2265 3512 2359 3550; x_wconf 87' lang='lat' dir='ltr'>(Gre-</span> 
     </span>
     <span class='ocr_line' id='line_1_119' title="bbox 1282 3551 2360 3599; baseline 0.003 -14"><span class='ocrx_word' id='word_1_1103' title='bbox 1282 3563 1355 3585; x_wconf 90' lang='lat' dir='ltr'>cum</span> <span class='ocrx_word' id='word_1_1104' title='bbox 1385 3552 1494 3583; x_wconf 81' lang='lat' dir='ltr'>deficit</span> <span class='ocrx_word' id='word_1_1105' title='bbox 1520 3551 1567 3584; x_wconf 77' lang='lat' dir='ltr'>V³</span> <span class='ocrx_word' id='word_1_1106' title='bbox 1599 3554 1630 3585; x_wconf 89' lang='lat' dir='ltr'>in</span> <span class='ocrx_word' id='word_1_1107' title='bbox 1658 3553 1772 3594; x_wconf 66' lang='lat' dir='ltr'>mary.)</span> <span class='ocrx_word' id='word_1_1108' title='bbox 1802 3551 1813 3595; x_wconf 93' lang='grc'>11</span> <span class='ocrx_word' id='word_1_1109' title='bbox 1846 3554 1886 3585; x_wconf 81' lang='lat'>27</span> <span class='ocrx_word' id='word_1_1110' title='bbox 1921 3555 2045 3594; x_wconf 79' lang='lat' dir='ltr'>postea]</span> <span class='ocrx_word' id='word_1_1111' title='bbox 2071 3554 2142 3586; x_wconf 88' lang='lat' dir='ltr'>cius</span> <span class='ocrx_word' id='word_1_1112' title='bbox 2166 3557 2277 3596; x_wconf 81' lang='lat' dir='ltr'>postea</span> <span class='ocrx_word' id='word_1_1113' title='bbox 2299 3554 2330 3588; x_wconf 89' lang='lat' dir='ltr'><strong><em>V</em></strong></span> <span class='ocrx_word' id='word_1_1114' title='bbox 2348 3555 2360 3599; x_wconf 91' lang='grc'>11</span> 
     </span>
     <span class='ocr_line' id='line_1_120' title="bbox 1280 3596 2364 3641; baseline 0.004 -12"><span class='ocrx_word' id='word_1_1115' title='bbox 1280 3596 1542 3638; x_wconf 68' lang='lat' dir='ltr'>gencralctiones</span> <span class='ocrx_word' id='word_1_1116' title='bbox 1567 3597 1616 3629; x_wconf 69' lang='lat' dir='ltr'>Ra</span> <span class='ocrx_word' id='word_1_1117' title='bbox 1644 3596 1656 3640; x_wconf 91' lang='grc'>11</span> <span class='ocrx_word' id='word_1_1118' title='bbox 1687 3598 1727 3631; x_wconf 86' lang='lat' dir='ltr'>2S</span> <span class='ocrx_word' id='word_1_1119' title='bbox 1759 3596 2007 3637; x_wconf 76' lang='lat' dir='ltr'>gloriosissimis</span> <span class='ocrx_word' id='word_1_1120' title='bbox 2039 3599 2119 3638; x_wconf 66' lang='lat' dir='ltr'>BT]</span> <span class='ocrx_word' id='word_1_1121' title='bbox 2149 3598 2304 3641; x_wconf 83' lang='lat' dir='ltr'>gloriosis</span> <span class='ocrx_word' id='word_1_1122' title='bbox 2332 3601 2364 3633; x_wconf 89' lang='lat' dir='ltr'><em>V</em></span> 
     </span>
     <span class='ocr_line' id='line_1_121' title="bbox 1280 3640 2359 3689; baseline 0.004 -15"><span class='ocrx_word' id='word_1_1123' title='bbox 1280 3643 1366 3684; x_wconf 62' lang='lat' dir='ltr'>vulf).</span> <span class='ocrx_word' id='word_1_1124' title='bbox 1393 3642 1405 3684; x_wconf 91' lang='grc' dir='ltr'>ΙΙ</span> <span class='ocrx_word' id='word_1_1125' title='bbox 1432 3643 1473 3674; x_wconf 79' lang='grc'>20</span> <span class='ocrx_word' id='word_1_1126' title='bbox 1497 3640 1545 3685; x_wconf 82' lang='grc'>111]</span> <span class='ocrx_word' id='word_1_1127' title='bbox 1571 3652 1590 3673; x_wconf 87' lang='lat' dir='ltr'>a</span> <span class='ocrx_word' id='word_1_1128' title='bbox 1611 3643 1664 3681; x_wconf 76' lang='lat' dir='ltr'>Vl!</span> <span class='ocrx_word' id='word_1_1129' title='bbox 1685 3644 1726 3675; x_wconf 87' lang='lat'>30</span> <span class='ocrx_word' id='word_1_1130' title='bbox 1751 3644 1784 3674; x_wconf 83' lang='lat' dir='ltr'>et</span> <span class='ocrx_word' id='word_1_1131' title='bbox 1808 3653 1911 3674; x_wconf 83' lang='lat' dir='ltr'>nurus</span> <span class='ocrx_word' id='word_1_1132' title='bbox 1935 3655 1997 3676; x_wconf 84' lang='lat' dir='ltr'>scr.</span> <span class='ocrx_word' id='word_1_1133' title='bbox 2016 3643 2065 3676; x_wconf 84' lang='lat' dir='ltr'>V³</span> <span class='ocrx_word' id='word_1_1134' title='bbox 2089 3644 2121 3677; x_wconf 83' lang='lat' dir='ltr'>in</span> <span class='ocrx_word' id='word_1_1135' title='bbox 2146 3651 2230 3687; x_wconf 81' lang='lat' dir='ltr'>spat.</span> <span class='ocrx_word' id='word_1_1136' title='bbox 2252 3658 2322 3678; x_wconf 82' lang='lat' dir='ltr'>vac.</span> <span class='ocrx_word' id='word_1_1137' title='bbox 2347 3644 2359 3689; x_wconf 90' lang='grc'>11</span> 
     </span>
     <span class='ocr_line' id='line_1_122' title="bbox 1281 3686 1986 3729; baseline 0.001 -10"><span class='ocrx_word' id='word_1_1138' title='bbox 1281 3686 1401 3727; x_wconf 78' lang='lat' dir='ltr'>verbis]</span> <span class='ocrx_word' id='word_1_1139' title='bbox 1427 3697 1486 3729; x_wconf 88' lang='lat' dir='ltr'>pro</span> <span class='ocrx_word' id='word_1_1140' title='bbox 1513 3686 1622 3719; x_wconf 86' lang='lat' dir='ltr'>uerbis</span> <span class='ocrx_word' id='word_1_1141' title='bbox 1651 3688 1707 3729; x_wconf 65' lang='lat' dir='ltr'>Ta,</span> <span class='ocrx_word' id='word_1_1142' title='bbox 1734 3686 1867 3720; x_wconf 88' lang='lat' dir='ltr'>verbum</span> <span class='ocrx_word' id='word_1_1143' title='bbox 1894 3687 1986 3720; x_wconf 75' lang='lat' dir='ltr'>Beclc</span> 
     </span>
    </p>
   </div>
  </div>
 </body>
</html>
