2618 4010
234 144 341 194 Nov.
363 148 552 192 XXXIX
586 150 620 192 1.
650 141 676 190 2

231 258 273 295 τό
303 273 344 307 γε
373 261 434 293 ἐπὶ
462 262 535 293 τοῖς
565 256 775 305 πράγμασιν
796 259 942 294 ἐκείνοις
972 259 1032 302 τῆς
1057 255 1309 292 ἀποκαταστά-

231 316 322 339 σεως
341 302 498 350 δρώσης·
533 304 604 338 εἴτε
621 302 711 350 γυνὴ
733 304 778 351 τῇ
798 301 1090 339 ἀποκαταστάσει
1106 302 1313 348 βαρύνοιτο,

230 349 279 395 μὴ
298 347 470 393 ἐμποδών
491 348 664 395 γίνεσθαι
684 347 773 394 πρὸς
800 348 867 393 τὴν
890 350 950 392 τῆς
971 348 1115 390 προικὸς
1135 345 1312 382 ἐπίδοσιν.

230 394 276 428 τὰ
299 392 366 440 γὰρ
389 395 491 440 κοινῇ
515 395 605 428 πᾶσι
629 396 861 441 συμφέροντα
884 396 962 428 τῶν
983 392 1057 435 ἰδίᾳ
1080 395 1154 426 τισὶ
1179 391 1312 427 λυσιτε-

1315 137 1399 192 256

1975 155 2036 191 DE
2062 153 2459 191 nnsrrm'mommts

1379 257 1447 293 bus
1482 256 1709 293 restitutione
1741 256 1898 302 valente3
1937 261 1972 294 et
2007 258 2039 294 si
2073 258 2202 293 mulier
2233 257 2458 292 restitutione

1381 305 1560 347 gravetur,
1591 311 1664 337 non
1691 300 1979 346 impedimentum
2009 302 2087 338 fieri
2115 303 2161 338 ad
2192 302 2284 338 dotis
2306 301 2458 337 oblatio-

1382 356 1474 383 nem.
1521 347 1578 382 Ea
1609 346 1702 381 enim
1733 355 1824 390 quae
1853 350 2087 384 communiter
2120 347 2284 384 omnibus
2309 349 2460 391 prosunt

1383 391 1438 426 his
1462 401 1555 437 quae
1578 390 1781 436 specialiter
1800 390 2011 436 quibusdam
2033 393 2136 428 utilia
2160 395 2244 428 sunt
2267 391 2458 437 praeponi-

232 437 396 473 λούντων
420 439 658 484 προτίθεμεν.
704 442 764 473 καὶ
788 441 883 473 ἔστω
914 441 1019 473 τοῦτο
1051 440 1126 472 ταῖς
1148 440 1315 484 γαμικαῖς
1350 440 1368 472 5
1383 447 1473 472 mus.
1521 436 1646 481 Sitque
1669 435 1737 471 hoc
1761 436 1979 487 nuptialibus
2004 437 2246 474 oblationibus
2273 441 2310 472 et
2333 437 2460 471 harum

232 481 417 518 ἐπιδόσεσι
448 486 508 517 καὶ
540 487 618 518 ταῖς
648 483 823 518 ἐντεῦθεν
854 481 1069 525 ἀπαιτήσεσι
1102 480 1312 528 προνόμιον.

230 529 262 563 εἰ
307 528 352 574 ἀρ
382 532 441 562 καὶ
470 528 506 563 οἱ
535 527 606 585 πρὸ
636 526 741 572 ἡμῶν
765 530 803 563 ἐκ
834 530 912 562 τῶν
934 529 1088 574 γενικῶν
1111 525 1314 568 ὑποθηκῶν

231 542 347 610 πολλὰ
383 573 476 607 κατὰ
511 573 697 620 πρόληψιν
731 572 875 616 ἐξεῖλον,
914 577 1070 618 καίτοιγε
1105 570 1168 615 οὐχ
1198 570 1313 606 οὕτως

230 616 317 663 ἡμῖν
336 615 516 665 ἀναγκαῖα
535 619 769 660 καθεστῶτα,
795 620 872 652 πῶς
893 616 956 659 οὐχ
975 614 1071 662 ἡμεῖς
1094 619 1133 651 ἐκ
1150 615 1313 661 μείζονάς

1384 481 1631 516 exactionibus
1662 479 1893 525 privilegium.
1941 481 1978 516 Si
2012 482 2104 517 enim
2135 486 2172 517 et
2203 485 2286 517 ante
2317 491 2383 516 nos
2416 490 2460 516 ex

1382 525 1608 570 generalibus
1632 524 1842 571 hypothecis
1871 524 2023 570 plurima
2072 537 2111 562 er
2133 526 2459 572 praesumptionem

1381 574 1617 616 exceperunt,
1654 580 1735 606 cum
1769 569 1892 615 utique
1926 580 1998 606 non
2031 571 2046 606 i
2119 572 2222 607 nobis
2257 570 2461 607 necessaria

1383 617 1600 660 consistant,
1636 615 1813 660 quomodo
1843 625 1915 649 non
1946 625 2012 651 nos
2043 625 2087 651 ex
2109 616 2235 652 maiori
2266 620 2302 652 et
2325 615 2461 651 meliori

230 676 272 698 τε
302 666 362 697 καὶ
393 662 579 698 καλλίονος
610 661 756 710 γνώμης
787 677 853 705 την
884 663 961 696 τῶν
984 663 1150 714 γαμικῶν
1173 660 1313 715 κερδῶν
1329 664 1369 697 10
1384 660 1562 696 sententia
1579 660 1791 706 nuptialium
1807 660 1989 695 lucrorum
2005 662 2249 714 exceptionem
2261 661 2460 697 faciemus?

231 710 254 744 1
301 708 480 752 ἐξαίρεσιν
503 709 751 753 ποιησόμεθα;
803 709 921 742 Ταῦτα
946 705 985 740 δὲ
1007 720 1132 742 παντα
1153 720 1207 750 τῳ
1233 705 1313 750 με’λ-

232 752 333 788 λοντι
355 751 583 800 χαριζόμεθα
614 751 701 800 χρόν
763 756 822 787 καὶ
852 755 930 786 ταῖς
956 749 1106 797 ὕστερον
1130 753 1315 796 ἐσομέναις

230 795 569 834 ἀποκαταστάσεσιν
593 796 614 842 ἢ
637 797 703 833 τόν
728 811 744 831 ε
767 798 943 844 γενέσθαι
972 796 1039 831 τὸν
1062 794 1186 841 νόμον.
1232 794 1316 830 οὐδὲ

230 842 299 892 γὰρ
325 845 438 883 έκεῖνο
460 844 636 890 γενέσθαι
661 844 912 890 συγχωροῦμεν
936 841 978 876 τὸ
1002 840 1153 895 βλάβος,
1179 842 1263 884 [ἵνα]
1284 841 1319 875 εἴ

1381 708 1404 742 1
1449 706 1549 741 Haec
1578 705 1686 750 igitur
1718 705 1837 740 omnia
1859 703 1981 740 futuro
2013 706 2226 742 conterimus
2247 706 2400 751 tempori
2424 708 2462 740 et

1409 753 1512 786 ostea
1525 750 1697 786 faciendis
1714 749 2002 785 restitutionibus
2018 750 2210 786 secundum
2227 751 2321 786 hanc
2334 751 2459 795 legem.

1419 806 1466 831 on
1496 796 1589 831 enim
1620 796 1718 831 illam
1750 794 1979 830 concedimus
2011 793 2090 830 fieri
2120 795 2327 838 laesionem,
2361 799 2402 831 ut
2430 796 2462 830 si

1384 851 1455 886 qua
1477 841 1605 876 mulier
1630 850 1776 886 parvam
1803 839 1939 875 habens
1961 839 2089 883 dotem,
2117 839 2244 876 deinde
2263 841 2374 885 legem
2400 851 2459 875 co-

230 899 285 923 τις
312 887 548 943 γυνὴὶὀλίγην
577 891 706 941 ἔχουςα
733 891 867 942 ,προῖκα
888 887 977 941 χεἶτα
1005 900 1072 921 τον
1103 884 1217 931 νόμον
1247 900 1312 930 μα·
1333 890 1370 922 15
1383 896 1558 931 gnoscens
1583 890 1758 930 nostram,
1784 889 1847 920 aut
1871 884 1902 920 si
1927 884 2005 928 quis
2028 885 2082 919 vir
2105 885 2316 921 mediocrem
2336 885 2462 921 fecerit

232 934 355 968 θοῦσα
374 947 439 968 τον
456 937 638 978 ημέτερον,
663 946 684 975 η
705 935 735 967 εἰ
758 944 811 967 τις
834 946 923 977 ανηρ
946 936 1097 978 μετρίαν
1121 931 1314 976 ποιησάμε-

231 990 291 1013 νος
315 982 562 1025 προγαμιαίαν
587 976 728 1024 δωρεὰν
752 976 841 1023 πρὸς
864 977 1090 1024 περιγραφὴν
1121 978 1183 1010 τοῦ
1202 974 1314 1021 νόμου

230 1022 429 1068 βουληθείη
454 1022 603 1066 αὔξησιν
627 1021 649 1066 ἢ
679 1024 740 1066 τῆς
773 1021 920 1069 προικὸς
951 1019 1051 1065 ἢτῆς
1075 1025 1315 1069 προγαμιαίας

232 1066 367 1114 δωρεᾶς
397 1067 644 1111 ποιήσασθαι,
675 1066 719 1102 τὸ
750 1066 866 1102 ἕλκειν
898 1066 987 1122 πρὸς
1015 1066 1210 1111 ἐπιβουλὴν
1237 1068 1315 1101 τῶν

1383 932 1663 976 antenuptialem
1685 930 1924 971 donationem,
1950 929 1996 964 ad
2017 929 2352 966 circumventionem
2373 931 2460 975 legis

1383 976 1468 1012 velit
1489 980 1718 1020 augmentum
1750 978 1814 1010 aut
1842 974 1935 1010 dotis
1965 978 2028 1009 aut
2058 975 2310 1027 antenuptialis
2341 974 2462 1010 facere

1384 1021 1599 1063 donationis,
1623 1022 1692 1056 hoc
1715 1021 1859 1055 trahere
1882 1019 1928 1054 ad
1951 1019 2099 1054 insidias
2120 1020 2400 1055 restitutionum:
2427 1023 2463 1055 et

1384 1066 1477 1101 hanc
1501 1066 1594 1101 enim
1618 1066 1823 1111 perimimus
1849 1065 2202 1107 circumventionem,
2235 1064 2368 1100 nullam
2390 1065 2461 1100 uti-

231 1111 575 1147 ἆποκαταστάσεων.
628 1116 687 1146 καὶ
722 1111 860 1155 ταύτην
895 1125 962 1160 γαρ
997 1111 1213 1158 ἄναιροῦμεν
1247 1111 1315 1155 τὴν
1328 1114 1370 1147 20
1384 1112 1519 1146 litatem
1550 1111 1683 1146 habere
1713 1111 1948 1146 concedentes
1983 1109 2199 1145 facientibus
2236 1111 2464 1154 augmentum

232 1158 469 1204 περιγραφήν,
499 1155 607 1192 οὐδὲν
640 1155 765 1204 ὄφελος
795 1159 890 1200 ἔχειν
915 1155 1075 1191 διδόντες
1099 1160 1172 1191 τοῖς
1195 1169 1313 1191 ποιου-

231 1205 349 1246 μένοις
379 1202 442 1237 τὰς
472 1202 682 1246 ἐπαυξήσεις
713 1199 801 1237 ὅσον
831 1201 921 1249 πρὸς
951 1202 1020 1246 τὴν
1043 1204 1104 1237 ἐπὶ
1127 1205 1205 1236 ταῖς
1227 1201 1313 1236 ἇπο-

232 1244 474 1282 καταστάσεσι
509 1246 663 1292 βλάβην,
699 1247 870 1294 καθαρὸν
904 1248 960 1291 τῷ
994 1245 1161 1292 μέλλοντι
1194 1246 1312 1294 χρόνῳ

231 1291 296 1327 τὸν
327 1290 497 1338 ἡμέτερον
528 1294 717 1340 τηροῦντες
742 1292 878 1348 polion!
916 1288 935 1302 ‘⁸
1253 1293 1268 1300 ⁹

1013 1294 1082 1336 μὲν
1113 1293 1176 1326 οὖν
1206 1305 1314 1326 τουτο

232 1336 425 1383 κεφάλαιον
448 1340 552 1372 ἔσται
575 1351 629 1382 τῳ
655 1351 813 1384 παροντι
836 1351 950 1382 νομῳ.

1385 1160 1557 1201 quantum
1589 1156 1634 1191 ad
1664 1155 1899 1191 restitutionis
1933 1154 2147 1197 laesionem,
2182 1164 2310 1199 puram
2340 1153 2463 1189 futuro

1384 1201 1536 1246 tempori
1569 1204 1728 1236 nostram
1760 1203 1943 1236 servantes
1971 1199 2092 1244 legem.
2141 1198 2261 1235 Unum
2293 1198 2464 1244 siquidem

1383 1247 1453 1282 hoc
1479 1245 1677 1291 capitulum
1701 1250 1755 1281 est
1779 1244 1975 1291 praesentis
1999 1245 2096 1289 legis.

1233 1448 1391 1484 CAPUT
1415 1448 1462 1484 H.

279 1515 457 1563 Δεύτερον
480 1516 518 1551 δὲ
539 1520 652 1552 ἐκεῖνο
672 1517 714 1553 τὸ
731 1521 814 1564 περὶ
834 1519 912 1552 τῶν
931 1519 1113 1564 γυναικῶν
1133 1517 1211 1551 τῶν
1226 1514 1313 1560 μετὰ

232 1562 314 1597 τοὺς
348 1566 543 1610 προτέρουςΙ
578 1563 708 1610 γάμους
742 1563 831 1608 πρὸς
867 1561 1033 1608 δεύτερον
1072 1561 1316 1604 ἐπειχθεισῶν

234 1611 455 1642 συνοικέσιον
476 1611 535 1642 καὶ
555 1613 642 1654 πρὶν
665 1607 730 1643 τὸν
749 1607 915 1642 ἐνιαυτὸν
935 1607 1082 1651 ἐξήκειν,
1107 1605 1150 1641 ὃν
1169 1605 1213 1649 δὴ
1231 1609 1313 1641 πέν-

236 1653 351 1698 θιμον
379 1653 415 1686 οἱ
444 1652 560 1707 νόμρι(
581 1653 766 1688 καλοῦσιν·
801 1650 841 1688 ἃς
865 1655 1108 1705 ἐτιμωροῦντο
1141 1649 1316 1693 διατάξεις

1439 1514 1642 1551 Secundum
1675 1524 1759 1551 vero
1794 1514 1883 1550 illud
1917 1513 1961 1549 de
1994 1514 2220 1556 mulieribus,
2257 1523 2348 1559 quae
2382 1518 2465 1560 post

1384 1561 1523 1606 priores
1547 1560 1690 1606 nuptias
1715 1559 1762 1595 ad
1785 1559 1979 1595 secundum
2006 1564 2180 1595 venerunt
2204 1559 2466 1594 matrimonium

1385 1608 1422 1641 et
1445 1609 1637 1651 antequam
1661 1615 1777 1640 annus
1801 1604 2016 1648 expleretur,
2041 1615 2145 1650 quem
2165 1605 2351 1649 lugubrem
2370 1604 2466 1650 leges

1385 1651 1586 1696 appellant3
1625 1661 1713 1702 quas
1742 1650 1940 1696 puniebant
1971 1650 2245 1685 constitutiones
2274 1653 2350 1685 tres
2381 1653 2467 1685 ante

234 1701 328 1743 τρεῖς
349 1699 428 1732 τῶν
451 1711 522 1744 προ
543 1700 644 1742 ημῶν
668 1697 955 1753 αὐτοκρατόρων,
979 1701 1039 1732 καὶ
1056 1701 1153 1753 ημεῖς
1169 1698 1316 1744 ἔναγχος
1329 1699 1371 1732 30
1385 1707 1451 1732 1108
1474 1696 1736 1741 imperantlum,
1762 1699 1798 1730 et
1820 1705 1886 1730 nos
1910 1705 2024 1740 nuper
2047 1695 2092 1730 de
2115 1695 2170 1731 his
2194 1694 2391 1730 scribentes
2415 1694 2464 1730 le-

233 1743 300 1777 τὸν
330 1746 412 1787 περὶ
441 1743 585 1778 τούτων
613 1755 817 1790 γραψαντες
848 1757 962 1788 νυμον
987 1757 1078 1786 μετα
1109 1756 1224 1777 τινων
1255 1744 1316 1776 έπ-

235 1788 487 1834 ανορθιόσεων
518 1791 578 1822 καὶ
610 1789 656 1822 τὰ
686 1791 767 1835 περὶ
793 1786 916 1823 αὐτῶν
939 1788 1246 1832 νομοθετηθέντα
1277 1789 1316 1820 ἐν

234 1836 386 1879 βραχείᾳ
405 1836 479 1867 τινὶ
499 1837 610 1879 μοίρᾳ
629 1834 690 1876 τῆς
715 1832 818 1878 ἡμῶν
837 1831 960 1867 αὐτῶν
978 1834 1197 1877 νομοθεσίας
1215 1844 1315 1878 προς-

234 1877 412 1923 ηκὰμεθα.
449 1875 529 1912 ἀλλ’
549 1876 814 1913 ἀναιδέστατόν
838 1892 873 1912 τι
897 1879 965 1911 νῦν
984 1876 1202 1920 ἀπήντησεν,
1227 1875 1316 1922 ὅπερ

236 1925 297 1976 ἑξεῖ
321 1920 599 1980 τοῖςυῆμετξροις
623 1925 803 1968 συμβῆναι
825 1920 965 1968 χρόνοις
988 1920 1051 1956 οὐκ
1073 1920 1315 1966 ἠβουλόμεθα,
1331 1924 1371 1955 35
1385 1932 1482 1961 mus:

237 1980 325 2003 ωςτε
345 1982 431 2012 ημιν
449 1980 594 2003 εικοτως
623 1967 747 2009 ἔδοξεν
778 1967 1072 2012 ἐπανορθώσεως
1101 1967 1203 2008 α”ξιον
1222 1966 1316 2000 καθ-

235 2012 394 2048 εστάναι.
442 2013 541 2057 Γυνὴ
563 2012 632 2061 γὰρ
663 2014 711 2047 εἰς
734 2011 863 2058 ἀνδρὸς
887 2011 1048 2047 ἐλθοῦσα
1079 2013 1209 2046 τοῦτον
1231 2009 1317 2046 ἀπέ-

234 2057 358 2103 βαλεν,
383 2055 431 2093 οὖς
453 2060 547 2092 ἔοικε
577 2062 636 2092 καὶ
666 2062 721 2093 ἔτι
753 2057 939 2104 περιόντος
970 2054 1081 2091 αὐτοῦ
1107 2056 1150 2091 τὸ
1172 2055 1223 2100 μὴ
1246 2067 1315 2091 σω-

235 2106 384 2150 φρονεῖν
401 2105 586 2138 ἐννοοῦσα.
623 2102 726 2138 otum
741 2103 811 2149 γὰρ
828 2102 1013 2146 ἐξήκοντος
1031 2103 1095 2136 τοῦ
1111 2103 1211 2136 ἔτους
1227 2100 1317 2136 κατὰ

1385 1752 1462 1786 gem
1488 1752 1568 1776 cum
1592 1740 1806 1786 quibusdam
1830 1739 2113 1775 correctionibus
2145 1739 2252 1775 etiam
2279 1750 2322 1775 su
2350 1749 2388 1775 er
2410 1739 2466 1774 his

1387 1787 1526 1822 sancita
1556 1787 1593 1821 in
1625 1786 1723 1821 brevi
1753 1785 1906 1830 quadam
1935 1789 2038 1829 parte
2064 1786 2208 1820 nostrae
2232 1784 2320 1829 legis
2335 1784 2467 1820 ationis

1386 1831 1577 1875 tetigimus.
1626 1830 1696 1866 Sed
1719 1830 2066 1875 impudentissimum
2091 1830 2258 1875 quiddam
2287 1839 2381 1864 nunc
2405 1839 2465 1865 ac-

1387 1877 1505 1918 cessit,
1531 1876 1626 1921 quod
1649 1876 1687 1910 in
1711 1876 1843 1911 nostris
1868 1875 2058 1920 provenire
2081 1878 2151 1910 tem
2180 1875 2301 1910 oribus
2323 1874 2465 1910 noleba-

1520 1921 1748 1965 quamobrem
1780 1920 1884 1955 nobis
1918 1923 2017 1955 recte
2052 1921 2190 1964 placuit
2221 1919 2468 1955 emendatione

1387 1966 1531 2010 dignum
1548 1966 1711 2001 existere.
1748 1965 1878 2000 Mulier
1896 1965 1987 2000 enim
2010 1965 2056 1999 ad
2074 1965 2185 2000 virum
2206 1964 2349 2000 veniens
2369 1965 2466 2000 hunc

1387 2011 1523 2053 extulit,
1549 2015 1590 2046 ut
1612 2012 1763 2055 apparet
1787 2011 1893 2045 etiam
1917 2010 2110 2054 superstite
2134 2020 2175 2044 eo
2197 2019 2270 2045 non
2294 2012 2394 2046 caste
2416 2010 2467 2045 vi-

1384 2066 1466 2092 vere
1497 2056 1674 2101 cogitans;
1710 2055 1868 2091 nondum
1899 2055 1992 2090 enim
2022 2054 2198 2099 completo
2229 2064 2324 2090 anno
2355 2054 2467 2090 unde-

280 2207 353 2238 cap.
368 2195 412 2228 II
430 2207 570 2228 summas
594 2195 713 2228 habene
736 2189 861 2227 Ῥοπαί
879 2194 959 2234 23,1
986 2200 1015 2226 et
1038 2193 1167 2235 Ecloqa
1191 2193 1238 2225 ad
1260 2191 1442 2226 Prochiron
1466 2199 1589 2226 mutata
1613 2193 1646 2234 8,
1670 2198 1704 2226 21

236 2306 416 2342 restitutio
425 2318 439 2346 ;
462 2305 536 2340 sive
551 2303 679 2339 mulier
698 2303 925 2338 restitutione
944 2306 1127 2345 oneretur,
1151 2313 1196 2338 ne
1217 2302 1313 2338 dotis
1329 2302 1468 2337 dationi
1487 2300 1739 2347 impedimento
1758 2300 1817 2335 sit.

236 2351 303 2386 bus
325 2350 430 2385 utilia
453 2353 539 2385 sunt
557 2349 602 2384 iis
631 2359 725 2394 quae

1863 2298 1964 2342 Quae
1983 2300 2077 2335 enim
2097 2302 2332 2335 communiter
2355 2300 2468 2335 omni-

775 2349 919 2384 rivatim
943 2347 1157 2393 quibusdam
1181 2347 1389 2383 conducunt
1408 2346 1681 2393 praeponimus.
1731 2346 1848 2391 Atque
1871 2344 1941 2380 boc
1967 2344 2200 2391 nuptialibus.
2214 2344 2470 2380 donationibus

236 2401 272 2431 et
295 2394 548 2432 exactionibus
571 2405 666 2440 quae
689 2394 704 2429 i
753 2405 773 2429 e
793 2393 890 2438 fiunt
910 2392 1142 2439 privileqium
1163 2396 1251 2428 esto.
1299 2391 1442 2428 Etenim
1462 2392 1496 2426 si
1517 2391 1625 2427 etiam
1647 2390 1805 2426 maiores
1827 2389 1945 2424 nostri
1965 2400 1988 2425 a
2008 2389 2239 2441 qeneralibus
2258 2388 2470 2436 hypothecis

236 2441 350 2476 multa
401 2450 442 2476 er
461 2439 792 2486 praesumptionem
816 2441 1050 2484 eoeceperunt,
1074 2437 1238 2483 quamvis
1262 2448 1336 2472 non
1360 2437 1452 2472 adeo
1477 2436 1684 2472 necessaria
1707 2436 1813 2471 nobis
1835 2436 1918 2477 sint,
1951 2434 2080 2480 quidni
2101 2445 2171 2470 nos
2201 2445 2252 2470 eoe
2274 2435 2412 2471 maiore
2434 2437 2470 2470 et

236 2488 257 2522 1
303 2496 358 2521 me
372 2496 451 2520 tore
474 2485 617 2520 ratione
642 2484 826 2519 lucrorum
848 2483 1067 2530 nuptialium
1090 2483 1342 2529 exceptionem
1363 2481 1572 2527 faciamus?

1107 2538 1191 2563 uam
1215 2527 1303 2563 haec
1333 2527 1398 2563 lex
1420 2527 1497 2562 lata
1521 2530 1584 2562 est.

237 2531 358 2578 qimur
381 2535 416 2566 et
438 2528 726 2581 restitutionibus
748 2533 883 2581 postea
933 2528 1051 2563 utaris

237 2587 335 2619 nem,
371 2575 403 2610 si
434 2586 509 2621 qua
539 2574 667 2609 multer
697 2584 871 2620 essequam
928 2573 1037 2608 abens

1650 2480 1753 2516 Haec
1775 2485 1893 2515 autem
1918 2480 2040 2514 omnia
2060 2479 2192 2525 futuro
2219 2480 2373 2526 tempori
2395 2479 2469 2515 lar-

1644 2525 1770 2571 Neque
1796 2525 1890 2560 enim
1921 2524 2133 2576 illamfieri
2149 2525 2318 2576 patimur
2341 2524 2469 2560 laesio-

1095 2576 1188 2608 otem
1219 2572 1349 2607 deinde
1377 2572 1456 2624 leqe
1487 2575 1614 2607 nostra
1637 2570 1804 2616 coqnita,
1835 2569 1892 2605 vel
1912 2569 1945 2604 si
1975 2580 2036 2615 qut
2073 2579 2128 2604 vzr
2157 2580 2219 2615 qui
2255 2568 2470 2605 mediocrem

238 2621 471 2657 donationem
494 2619 778 2671 antenuptialem
776 2618 903 2699 dsecit,
927 2618 964 2653 in
990 2617 1356 2665 circumscriptionem
1381 2617 1472 2670 leqts
1496 2619 1725 2662 auqmentum
1747 2615 1875 2660 facere
1898 2613 1984 2650 velit
2015 2613 2111 2648 dotis
2131 2614 2188 2649 vel
2209 2614 2470 2660 antenuptialis

238 2666 459 2707 donationis,
483 2664 523 2699 id
546 2675 728 2711 arripiens
751 2676 774 2699 a

818 2663 990 2709 fraudem
1013 2662 1301 2698 restitutionibus
1319 2661 1539 2708 faciendam.
1579 2660 1675 2695 Nam
1696 2659 1791 2695 hanc
1813 2669 1958 2705 quoque
1983 2658 2142 2694 tollimus
2164 2658 2469 2705 circumscriptio-

238 2722 336 2754 nem,
361 2721 440 2746 cum
464 2709 602 2745 nullam
625 2709 818 2744 utilitatem
840 2709 887 2743 iis
910 2708 974 2754 qui
996 2712 1190 2754 augmenta
1212 2707 1361 2752 faciunt
1383 2709 1558 2753 quantum
1581 2705 1632 2741 ad
1652 2704 1921 2740 restitutionum
1944 2702 2194 2739 detrimentum
2217 2703 2468 2745 concedamus,

238 2757 420 2802 inteqram
441 2756 572 2801 futuro
598 2755 753 2800 tempori
774 2754 808 2789 le
834 2764 887 2789 em
911 2757 1074 2788 nostram
1096 2756 1291 2788 servantes.
1338 2754 1463 2798 Atque
1486 2761 1596 2786 unum
1620 2749 1762 2796 quidem
1786 2749 1855 2784 hoc
1879 2752 1991 2795 caput
2012 2749 2082 2784 erit
2099 2748 2291 2795 praesenti
2314 2748 2396 2794 leyi.

372 2800 420 2836 11.
467 2799 630 2835 Alterum
653 2803 772 2835 autem
794 2798 887 2834 ilud
908 2798 953 2833 de
976 2797 1196 2839 mulieribus,
1229 2808 1323 2843 quae
1340 2801 1430 2844 post
1450 2796 1595 2842 priores
1618 2795 1767 2841 nuptias
1790 2794 1839 2829 ad
1860 2792 2055 2829 secundum
2076 2793 2345 2829 matrimonium
2365 2793 2470 2839 festi-

238 2846 363 2882 narint
385 2845 495 2891 idque
518 2848 603 2880 ante
626 2854 735 2889 quam
759 2854 887 2886 annus,
912 2854 1015 2889 quem
1040 2841 1183 2889 quidem
1209 2842 1326 2878 luctus
1348 2852 1482 2878 annum
1507 2840 1603 2886 leqes
1618 2844 1760 2881 vocant,
1784 2839 1917 2875 exierit
1924 2851 1938 2880 ;
1961 2849 2053 2884 quas
2069 2837 2275 2884 puniebant
2295 2838 2469 2875 constitu-

240 2892 358 2927 tiones
382 2895 455 2926 tres
478 2890 738 2941 imperatorum
761 2889 825 2935 qui
848 2894 933 2924 ante
955 2898 1023 2923 nos
1044 2889 1211 2933 fuerunt,
1236 2898 1279 2922 ac
1299 2897 1367 2923 nos
1386 2897 1503 2933 nuper
1523 2896 1603 2920 cum
1623 2885 1736 2931 leqem
1757 2884 1825 2920 nac
1846 2883 1890 2919 de
1907 2894 1949 2918 re
1967 2882 2203 2918 scriberemus
2223 2893 2303 2918 eum
2319 2882 2469 2962 quibus-

239 2936 324 2971 dam
353 2933 662 2971 emendationibus
697 2935 805 2970 etiam
836 2944 930 2985 quae
964 2933 1010 2968 de
1043 2932 1117 2967 illis
1150 2932 1293 2967 sancita
1327 2935 1432 2968 erant
1466 2931 1505 2966 in
1540 2930 1679 2976 eoeiqua
1714 2929 1873 2976 quadam
1889 2932 2014 2981 ‘parte
2048 2931 2196 2963 nostrae
2227 2927 2319 2973 leqis

2332 2927 2471 2963 ationis

237 2981 450 3028 recepimus.
499 2978 573 3015 Sed
594 2979 940 3026 impudentisszmum
964 2977 1148 3024 quoddam
1168 2977 1318 3023 facinus
1341 2985 1438 3011 nunc
1462 2975 1633 3017 occurrit,
1657 2974 1756 3021 quod
1778 2978 1914 3010 nostres
1939 2971 2158 3024 temporibus
2180 2972 2357 3008 nollemus
2375 2972 2470 3024 acci·

239 3025 355 3062 disse:
377 3025 432 3061 ita
452 3029 493 3061 ut
514 3023 618 3059 nobis
639 3024 767 3060 merito
793 3023 1016 3059 correctione
1041 3021 1190 3068 diqnum
1213 3032 1290 3058 esse
1313 3022 1426 3057 visum
1449 3022 1506 3056 sit.
1553 3019 1688 3056 Mulier
1711 3020 1804 3056 enim
1828 3028 1920 3065 quae
1942 3027 2022 3053 vtro
2046 3020 2223 3064 nupserat
2244 3028 2324 3053 eum
2340 3020 2472 3069 onusti,

239 3071 348 3107 etiam
370 3070 565 3117 superstite
587 3080 643 3111 eo,
675 3073 717 3104 ut
740 3068 893 3111 indetur,
923 3066 1187 3115 impudicitiam
1211 3065 1393 3102 meditata.

287 3184 307 3216 3
330 3180 392 3226 μὴ]
414 3178 503 3226 μηδὲ
515 3182 563 3215 L²
581 3182 592 3224 ΙΙ
610 3183 629 3214 5
654 3182 756 3214 ἔσται
782 3181 842 3214 131⁸
856 3181 869 3226 ΙΙ
889 3184 906 3214 7
932 3181 964 3214 εἰ
986 3179 1066 3227 γὰρ]
1092 3180 1128 3214 οἱ
1147 3178 1216 3227 γὰρ
1241 3179 1287 3214 Βῑ
1309 3177 1323 3224 ΙΙ

245 3230 279 3262 11
310 3225 554 3270 ποιησώμεθα
578 3226 637 3270 Ln
667 3228 708 3260 14
730 3227 856 3269 ἐκείνῳ
881 3226 934 3260 B!
957 3226 970 3270 11
992 3237 1110 3272 συγχω
1135 3225 1244 3269 οὖμεν
1266 3235 1322 3271 γε·

241 3270 376 3306 νέσθαι
395 3272 453 3308 Be
480 3271 493 3316 fl
523 3270 584 3304 ἵνα
608 3272 776 3304 abundare
799 3273 881 3305 vidie
906 3272 1083 3305 Heimbaeh
1154 3267 1176 3313 ἦ
1197 3279 1251 3304 τις
1276 3269 1322 3302 L¹

242 3313 318 3358 ἥτις
337 3316 386 3350 L²
402 3317 415 3361 ΙΙ
435 3319 474 3351 15
498 3313 620 3361 ὀλίγον
636 3315 683 3349 L¹
705 3317 711 3358 Ι
734 3318 772 3350 16
790 3323 866 3359 post
882 3312 1052 3360 ἡμέτερον
1073 3328 1193 3350 rasura
1207 3315 1283 3349 circ.
1302 3316 1323 3348 4

246 3363 303 3394 liu.
322 3369 367 3395 est
391 3364 424 3395 in
448 3361 522 3406 Mu
551 3363 591 3395 19
607 3358 650 3395 τὸ
670 3361 692 3393 ἕ
731 3373 786 3394 ειν
800 3361 888 3402 ΜΒ]
913 3360 967 3395 τῶ
986 3360 1101 3394 ἕλκειν
1116 3362 1146 3394 L
1169 3361 1233 3394 hoc
1256 3361 1322 3392 tra-

245 3407 322 3439 here
338 3419 373 3447 ςς
398 3406 506 3443 τοῦτο
522 3403 617 3439 ἕλκοι
633 3406 829 3450 Homber9k‚
846 3407 954 3440 malim
969 3406 1078 3439 τοῦτο
1095 3403 1223 3439 ἕλκων.
1254 3404 1323 3438 Ex·

246 3451 363 3483 cidisse
380 3453 509 3493 aliquid
523 3452 708 3495 suspicatur
720 3451 909 3484 Zachariae
930 3450 943 3495 ss
969 3452 1007 3485 21
1028 3452 1100 3492 ἐξίει
1118 3451 1152 3484 Β
1167 3449 1180 3495 ΙΙ
1206 3451 1248 3484 22
1264 3447 1326 3482 τὰς

246 3494 465 3537 ἐπαυξήσεις]
489 3498 704 3538 augmentum
728 3507 748 3532 ς
774 3498 786 3537 11
821 3497 865 3529 24
890 3493 1003 3538 νόμον
1027 3495 1218 3540 τηροῦντες
1242 3494 1278 3528 Β
1313 3492 1325 3537 ΙΙ

247 3538 291 3572 25
315 3540 429 3579 ἔσται]
455 3543 502 3573 081
523 3541 569 3586 cll
589 3542 631 3576 26
648 3538 703 3582 τὸ]
724 3540 802 3574 τῶν
817 3541 862 3574 L¹
881 3541 893 3583 ΙΙ
919 3542 958 3574 27
982 3539 1227 3582 ἐπειχθεισῶν
1241 3538 1326 3580 ML]

247 3581 483 3623 δπαχθεισῶν
503 3586 537 3618 Β
550 3587 635 3629 vulq.
652 3586 665 3627 ΙΙ
684 3587 726 3620 29
751 3582 928 3625 διατάξεις
949 3597 972 3618 τ
994 3587 1053 3627 εἷς]
1083 3586 1161 3620 Cod.
1176 3587 1208 3626 5,
1226 3588 1294 3626 9,1.
1309 3590 1326 3617 2

247 3628 281 3667 6,
295 3632 348 3679 536,
362 3634 377 3660 4
391 3629 445 3669 (cſs
457 3641 490 3670 p·
509 3631 582 3671 164,
595 3633 646 3672 20)
661 3631 673 3674 ΙΙ
700 3632 738 3665 31
756 3631 834 3671 τὸν]
851 3629 951 3664 τῶνῩ
963 3597 1009 3664 ἷῑ
1027 3629 1040 3674 ΙΙ
1058 3627 1200 3664 τούτων
1212 3628 1327 3669 LB¹=l

248 3682 380 3705 τουτον
392 3672 436 3704 Μ
441 3673 560 3713 (τοῦτο
574 3675 624 3707 B!
641 3673 770 3708 τούτου
782 3687 851 3709 cum
862 3674 1154 3719 Serimyerovulq.)
1172 3673 1186 3719 1}
1200 3668 1326 3717 νόμον]

248 3729 321 3749 nov.
337 3717 451 3748 XXII
467 3730 492 3748 c.
508 3718 549 3750 22
576 3718 588 3761 ss
617 3721 657 3751 33
682 3716 722 3751 τὰ
747 3716 788 3752 οὗ
812 3717 862 3763 μὴ
886 3719 932 3753 ΒῙ

1453 3064 1549 3101 Nam
1580 3075 1677 3101 anno
1707 3063 1868 3101 nondum
1897 3066 2030 3099 exacto
2060 3062 2126 3098 sub
2155 3061 2266 3107 linem
2293 3061 2470 3099 undecim

1452 3181 1466 3212 1
1493 3178 1738 3212 restitutionem
1761 3177 1810 3210 R¹
1838 3174 1852 3220 Ι
1889 3177 1909 3210 4
1933 3174 2034 3208 utilia
2063 3176 2154 3216 sunt]
2190 3173 2333 3207 utili-0·
2366 3172 2417 3206 R*
2457 3170 2472 3216 Ι

1392 3227 1411 3258 5
1436 3224 1499 3256 1100
1523 3222 1733 3266 nuptialibus
1756 3240 1800 3246 -
1824 3222 1844 3256 8
1869 3220 2050 3254 necessaria
2074 3218 2146 3264 00111
2171 3231 2235 3254 scr.
2252 3218 2303 3252 Β*
2317 3219 2350 3251 in
2368 3217 2468 3267 ras32

1391 3281 1539 3302 versuum
1564 3269 1576 3312 ΙΙ
1609 3270 1629 3302 6
1654 3269 1706 3308 cx]
1731 3269 1764 3299 et
1785 3266 1818 3300 V
1837 3264 1851 3310 ΙΙ
1882 3268 1899 3298 7
1925 3264 2194 3308 praesumptione
2213 3263 2290 3305 V¹fl
2320 3262 2341 3296 9
2361 3269 2468 3294 001181-

1391 3315 1458 3346 stat
1478 3313 1536 3357 ΙΤΙΙ
1556 3312 1692 3346 meliore
1715 3311 1784 3345 ΒΤ
1803 3309 1816 3355 ΙΙ
1840 3311 1880 3345 13
1906 3310 1993 3343 0111111
2019 3322 2077 3343 om.
2097 3310 2128 3342 V
2145 3309 2158 3353 ΙΙ
2181 3308 2244 3342 feri
2264 3305 2319 3350 V!
2342 3304 2467 3357 legin·

1392 3358 1441 3391 R¹
1457 3358 1469 3402 ΙΙ
1500 3359 1542 3391 22
1567 3360 1680 3392 nostra
1705 3356 1754 3390 Β*
1778 3355 1791 3399 ΙΙ
1817 3355 1905 3398 legen
1929 3354 2010 3399 Rq
2037 3353 2200 3396 siquidem
2223 3350 2311 3391 RV]
2334 3348 2468 3401 quidem

1391 3403 1478 3447 vuly.
1497 3402 1510 3446 ΙΙ
1528 3404 1569 3437 23
1593 3405 1651 3444 081]
1671 3405 1703 3435 01
1724 3400 1780 3445 Vn
1805 3401 1848 3435 26
1861 3402 1949 3434 rubr.
1973 3399 2011 3432 Si
2032 3398 2142 3432 soluto
2164 3395 2377 3447 matrimomo
2395 3405 2468 3427 mu-

1393 3447 1456 3480 lier
1479 3447 1639 3481 secundas
1663 3446 1795 3490 quidem
1821 3445 1956 3488 nuptias
1979 3454 2048 3478 non
2071 3441 2273 3477 contraxerit
2294 3439 2375 3479 (non
2391 3449 2468 3471 oon-

1394 3493 1533 3525 traxerit
1551 3493 1685 3536 nuptias
1709 3492 1760 3532 T),
1785 3493 1862 3524 ante
1885 3499 2010 3523 annum
2034 3489 2144 3522 autem
2167 3483 2330 3527 inpletum
2348 3483 2389 3516 ab
2408 3483 2470 3516 ali-

1394 3547 1460 3579 quo
1472 3539 1621 3580 stuprata
1633 3537 1677 3571 sit
1688 3536 1867 3579 RTmarq.
1885 3534 1898 3578 ΙΙ
1915 3536 1957 3569 27
1981 3529 2212 3581 tid-secundam
2231 3527 2289 3572 Vfl
2305 3528 2347 3562 28
2368 3528 2469 3570 leges]

1394 3581 1501 3624 legem
1524 3583 1572 3616 R·
1593 3595 1652 3617 om.
1675 3580 1733 3626 Vn
1749 3581 1791 3614 29
1818 3590 1838 3613 a
1884 3578 2030 3612 ellabant
2049 3575 2083 3610 V
2129 3572 2314 3617 puniebant
2337 3575 2370 3606 et
2390 3583 2468 3606 con-

1394 3626 1585 3660 stitutiones
1605 3626 1661 3671 Vfl
1679 3626 1767 3667 ante]
1781 3635 1824 3658 an
1875 3623 1886 3645 ¹
1904 3622 1917 3668 ΙΙ
1933 3624 1976 3658 30
1988 3629 2094 3664 nuper
2122 3618 2267 3671 super-R
2283 3617 2297 3661 11
2315 3617 2469 3660 3210318-

1395 3671 1544 3713 lationis]
1567 3671 1651 3715 legis
1673 3671 1708 3704 R
1733 3669 1747 3716 Ι]
1776 3670 1819 3703 36
1843 3668 1981 3702 existere
2002 3663 2104 3708 ¹110qu
2135 3665 2321 3696 existimare
2348 3663 2425 3696 libri

1397 3717 1439 3751 88
1462 3716 1593 3759 expleto
1612 3714 1675 3760 ΤΙ
1697 3711 1885 3753 undecimo]
1908 3710 1945 3744 in‘
1963 3708 2089 3742 decimo
2112 3707 2159 3742 V·
2183 3717 2250 3741 non
2271 3706 2398 3741 decimo
2419 3707 2453 3741 V
