2618 4010
312 174 418 216 Nov.
450 172 525 215 cll
556 175 591 215 1.
622 174 648 214 2

307 281 398 316 ἄλλα
428 279 518 326 μηδὲ
539 283 594 324 τῷ
618 281 712 325 θείῳ
735 285 964 327 πατριμονίῳ
995 279 1017 324 ἢ
1041 285 1114 316 τοῖς
1139 282 1254 318 θείοις
1277 281 1381 327 ἡμῶν

307 325 496 371 πριβάτοις
527 324 550 369 ἢ
582 323 682 369 αὐτῷ
704 328 759 370 τῷ
782 327 877 370 θείῳ
901 323 1004 369 ἡμῶν
1027 327 1114 370 οἴκῳ
1143 327 1212 370 τὴν
1233 327 1381 362 οἱανοῦν

307 374 499 417 ἐπαγαγεῖν
518 374 591 405 τοῖς
606 368 788 417 ἡμετέροις
803 370 990 407 ὑποτελέσι
1010 373 1151 414 ζημίαν,
1166 370 1258 415 μηδὲ
1271 386 1379 407 κατα-

306 415 495 449 κλίνεσθαι
525 414 657 460 ῥᾳδίως
687 414 778 461 μηδὲ
807 420 961 462 τρέμειν,
993 413 1074 450 ἀλλ’
1102 413 1275 462 ἀνδρείως
1305 420 1381 452 τῶν

305 458 480 503 ὑπηκόων
504 461 731 508 ἐξηγεῖσθαι,
761 465 822 495 καὶ
845 461 916 508 πρὸ
942 459 1098 496 πάντων
1126 463 1195 506 μὲν
1217 463 1383 511 καθαρὰς

305 503 500 551 φυλάττειν
523 506 605 549 θεῷ
634 519 674 540 τε
697 510 756 541 καὶ
779 505 866 551 ἡμῖν
895 509 954 540 καὶ
977 508 1032 548 τῷ
1055 505 1158 551 νόμῳ
1182 507 1247 542 τὰς
1267 511 1383 554 χεῖρας

306 548 390 592 (ὑπὸ
414 550 483 597 γὰρ
506 554 579 585 τοῖς
602 548 721 586 αὐτοῖς
745 548 862 597 ὅρκοις
886 547 951 597 ὑφ’
973 550 1033 585 οὓς
1056 552 1120 586 τὰς
1142 550 1252 587 ἄλλας
1275 549 1384 598 ἀρχὰς

305 598 364 628 καὶ
379 596 517 638 ταύτην
536 596 630 630 εἶναι
647 596 890 641 βουλόμεθα)·
915 598 1041 630 ἔπειτα
1059 597 1275 640 κομίζεσθαι
1291 596 1382 639 μετὰ

304 642 381 695 τῷν
404 640 599 695 συμβόλιρν
622 645 682 675 καὶ
705 642 751 676 τὰ
771 640 941 686 βασιλικὰ
967 642 1263 695 παραγγέλματα,
1288 638 1382 686 ἅπερ

1381 166 1467 216 494

1907 186 1970 217 ΒΕ
1996 185 2298 220 ΜΟΒΕΕΑΤΟΒΕ
2325 184 2521 218 ΔΒΑΒΙΔΕ

1448 292 1563 327 neque
1593 281 1709 318 divino
1739 283 1952 327 patrimonio
1980 288 2044 321 aut
2066 285 2178 321 sacris
2210 284 2342 320 nostris
2371 284 2521 329 privatis

1449 332 1513 362 aut
1546 326 1617 371 ipsi
1657 336 1780 362 sacrae
1819 328 1939 364 domui
1977 332 2122 366 nostrae
2163 329 2346 376 quodlibet
2386 329 2521 365 inferre

1450 372 1582 407 nostris
1607 371 1838 407 collatoribus
1861 372 2043 417 damnum,
2074 383 2190 420 neque
2219 374 2385 410 flectatur
2414 373 2521 410 facile

1449 426 1564 461 neque
1593 416 1735 457 timeat,
1771 416 1834 452 sed
1863 417 2009 454 viriliter
2044 419 2273 456 collatoribus
2307 419 2520 465 praesideat,

1419 466 1438 497 5
1451 465 1487 496 et
1534 470 1595 496 rae
1617 461 1781 496 omnibus
1811 461 1951 506 quidem
1980 473 2090 508 puras
2118 469 2234 501 servet
2266 465 2332 501 deo
2359 468 2395 500 et
2417 464 2520 500 nobis

1450 510 1487 541 et
1524 506 1578 551 egi
1607 515 1751 541 manus:
1788 506 1854 542 sub
1885 506 2008 543 eodem
2038 509 2164 555 (euim)
2192 509 2421 546 iureiurando
2453 510 2520 545 sub

1451 562 1522 596 quo
1557 551 1646 586 alias
1681 550 2004 588 administrationes
2041 558 2078 588 et
2110 555 2203 590 hanc
2238 565 2317 593 esse
2347 555 2519 596 volumus,

1451 596 1577 632 deinde
1610 596 1773 641 accipere
1808 606 1889 632 cum
1920 597 2088 633 codicillis
2124 603 2159 634 et
2190 600 2385 646 imperialia
2419 610 2519 634 man-

1451 641 1551 682 data,
1583 651 1674 693 quae
1695 645 1779 677 ante
1808 652 1874 677 nos
1898 642 2037 687 quidem
2060 642 2278 687 legislatores
2307 647 2343 681 et
2373 646 2521 689 antiqua

304 698 338 718 οι
359 686 428 730 μὲν
456 698 527 740 προ
549 688 654 731 ημῶν
677 687 877 730 νομοθέται
901 689 960 720 καὶ
982 699 1025 720 το
1050 685 1211 722 παλαιὸν
1229 690 1292 731 τῆς
1318 700 1381 723 πο·
1399 690 1437 722 10
1450 686 1667 732 reipublicae
1708 686 1846 722 sciebat
1884 686 2017 732 figura,
2059 698 2125 723 noe
2159 691 2277 725 autem
2320 690 2521 727 deficientia

304 729 435 764 λιτείας
465 735 645 774 ηπίστατο
679 734 813 775 σχῆμα,
849 728 946 774 ἡμεῖς
982 728 1021 765 δὲ
1054 735 1115 766 καὶ
1150 731 1383 768 ἐκλελοιπότα

304 774 416 810 πάλιν
440 772 722 820 ἄνεκτησάμεθα
753 780 812 811 καὶ
843 777 889 810 εἰς
912 774 1098 811 πολιτείαν
1122 779 1381 825 κατηγάγομεν,

303 816 392 854 diste
422 824 482 854 καὶ
513 820 653 856 τούτοις
677 821 906 868 ἐντυγχάνειν
937 819 994 855 ἀεὶ
1025 825 1085 855 καὶ
1116 822 1180 857 τὰς
1210 821 1322 867 ἡμετέ
1343 834 1382 857 ας

304 862 499 910 φυλάττειν
522 866 703 902 κελεύσεις.
748 868 779 900 εἰ
795 867 865 913 γὰρ
889 864 933 920 δὴ
950 864 1091 901 τούτοις
1113 837 1382 911 κατακολουθή-

1451 732 1566 768 denuo
1596 732 1839 767 renovavimus
1874 735 1910 767 et
1942 732 1987 767 ad
2016 733 2269 778 rempublicam
2301 735 2518 775 deduximus,

1450 781 1491 811 ut
1520 782 1556 811 et
1584 776 1674 812 haec
1708 777 1867 830 relegant
1901 786 2040 822 semper
2075 780 2111 813 et
2143 780 2285 815 nostras
2320 780 2520 816 custodiant

1450 822 1635 857 iussiones.
1684 821 1721 856 Si
1740 831 1831 857 enim
1854 822 1945 858 haec
1968 826 2173 867 sequantur,
2197 833 2269 858 non
2285 830 2434 869 possunt
2453 825 2520 860 nisi

1450 867 1541 902 bene
1564 866 1682 903 omnia
1706 877 1893 903 occurrere
1924 871 1960 902 et
1989 871 2071 912 post
2099 868 2214 912 legum
2237 868 2443 906 facilitatem
2464 874 2518 906 at·

304 922 410 955 σειεν,
442 908 504 945 οὐκ
528 913 629 946 ἔστιν
652 909 752 946 ὅπως
782 912 830 956 μὴ
854 924 975 946 παντα
1003 911 1119 946 καλῶς
1142 910 1383 957 ἀπαντήσειεν
1397 916 1437 947 15
1452 923 1520 957 que
1543 912 1714 948 iustitiam
1738 912 2025 949 circumscribere
2049 912 2316 958 neglegentiam.

305 953 394 1002 αὐτῇ
418 959 478 990 καὶ
497 957 590 1000 μετὰ
613 959 691 991 τῶν
706 957 833 1002 νόμων
857 957 946 1002 πρὸς
969 954 1134 991 εὐκολίαν
1158 962 1218 992 καὶ
1238 957 1383 993 δικαίαν

304 1000 498 1045 ῥᾳστώνην
521 999 717 1047 ἀφίκοιντο.

1303 1070 1459 1106 CAPUT
1483 1069 1530 1105 11.

359 1125 514 1170 Πρῶτον
537 1127 605 1169 μὲν
627 1119 692 1158 οὖν
717 1124 809 1172 αὐτῇ
831 1124 1047 1170 σπούδασμα
1069 1128 1235 1171 γένηται,
1266 1125 1381 1160 καθά-

303 1182 371 1215 περ
405 1168 567 1225 εἰπόντες
603 1170 782 1215 ἔφθημεν,
818 1167 839 1214 ἡ
872 1172 949 1205 τῶν
978 1169 1161 1215 δημοσίων
1196 1171 1381 1216 εἵςπραξις,

1507 1125 1663 1161 Primum
1682 1126 1803 1171 itaque
1822 1126 1854 1161 ei
1874 1126 2028 1162 studium
2043 1127 2124 1169 fiat,
2147 1127 2252 1163 sicuti
2272 1127 2521 1172 praediximus,

1451 1171 1625 1206 fiscalium
1656 1171 1807 1212 exactio,
1837 1171 1971 1207 devotis
2004 1173 2144 1216 quidem
2175 1173 2327 1208 clemens
2357 1177 2521 1218 paterna·

301 1218 374 1249 τοῖς
390 1217 458 1259 μὲν
474 1216 676 1270 ευγναξμοσι
694 1214 960 1261 φιλάνθρωπός
979 1229 1019 1250 τε
1035 1219 1094 1250 καὶ
1111 1217 1267 1271 πατρικῂ
1285 1230 1380 1263 γινο-
1395 1220 1437 1251 20
1450 1225 1519 1260 que
1551 1216 1765 1259 consistens,
1799 1216 2079 1253 indevotioribus
2114 1222 2232 1253 autem
2266 1220 2452 1253 vehemens
2487 1221 2523 1253 et

300 1263 401 1304 με’νη,
425 1263 498 1295 τοῖς
515 1259 554 1294 δὲ
570 1264 896 1307 αγνωμονεστέροις
919 1259 1060 1307 σφοδρά
1087 1274 1127 1295 τε
1150 1265 1211 1295 καὶ
1234 1260 1380 1296 ανένδο-

301 1317 369 1340 τος.
419 1307 544 1340 ἔπειτα
570 1304 823 1349 ἐπιμελήσεται
855 1310 915 1340 καὶ
938 1307 1003 1341 τοῦ
1028 1305 1220 1351 δημοτικοῦ
1240 1311 1299 1340 καὶ
1320 1309 1382 1350 τῆς

301 1347 467 1393 εὐταξίας
490 1352 551 1394 τῆς
576 1347 700 1392 αὐτοῦ,
731 1354 791 1384 καὶ
813 1352 878 1385 τοῦ
899 1352 948 1396 μὴ
973 1351 1147 1397 θορύβοις
1171 1354 1230 1385 καὶ
1254 1351 1380 1386 στάσε-

302 1408 360 1430 σιν
391 1393 610 1430 ἐκδεδόσθαι
641 1395 733 1440 μήτε
756 1397 983 1451 ,Βοστρηνοὺς
1015 1395 1106 1441 μήτε
1136 1397 1219 1431 τοὺς
1248 1395 1381 1438 ἄλλους,

1450 1261 1717 1297 inremissibilis.
1766 1261 1902 1297 Deinde
1934 1272 2056 1297 curam
2087 1262 2233 1298 habebit
2267 1265 2303 1298 et
2333 1263 2456 1308 populi
2486 1265 2523 1298 et

1450 1306 1658 1351 disciplinae
1681 1306 1771 1349 eius,
1795 1310 1832 1342 et
1849 1312 1985 1345 utnon
2008 1308 2123 1343 turbis
2148 1313 2185 1344 et
2204 1308 2437 1344 seditionibus
2462 1307 2521 1343 de-

1450 1351 1514 1386 diti
1537 1351 1610 1386 sint
1629 1362 1673 1387 ne
1698 1362 1743 1387 ue
1768 1352 1932 1387 Bostreni
1955 1363 2068 1398 neque
2092 1353 2169 1397 alii,
2193 1363 2259 1389 nec
2283 1362 2325 1388 ea
2347 1363 2439 1397 quae
2462 1363 2521 1389 vo-

1450 1397 1648 1442 luptatibus
1695 1397 1803 1432 icavit
1826 1397 1902 1432 anti
1927 1398 2019 1434 uitas
2052 1399 2141 1434 haec
2164 1399 2211 1434 ad
2233 1399 2373 1434 furores
2399 1408 2521 1435 neces-

300 1439 390 1485 μηδὲ
412 1441 459 1475 τὰ
484 1441 573 1486 πρὸς
595 1444 725 1495 τέρψιν
748 1445 918 1485 ανειμένα
947 1455 992 1489 τῃ
1017 1440 1236 1484 παλαιότητι
1264 1444 1381 1476 ταῦτα
1396 1444 1436 1477 25
1451 1452 1519 1487 que
1545 1444 1763 1478 convertant.
1811 1442 1912 1478 Habe
1938 1443 1966 1477 it
1989 1445 2108 1479 autem
2132 1446 2191 1486 [et]
2208 1443 2435 1479 oboedientes
2455 1443 2522 1480 Sibi

301 1487 349 1520 εἰς
370 1490 508 1530 μανίαν
531 1499 571 1520 τε
594 1489 654 1519 καὶ
671 1498 803 1532 φόνους
818 1490 973 1531 τρέπειν.
1003 1484 1099 1527 (Ἐξει
1123 1485 1162 1520 δὲ
1181 1484 1381 1521 ὑπακούον-

300 1543 364 1566 τας
388 1527 479 1578 αὑτῇ
510 1535 569 1565 καὶ
598 1531 680 1566 τοὺς
710 1530 935 1577 στρατιώτας
965 1533 1057 1566 κατὰ
1091 1532 1136 1565 τὰ
1160 1532 1248 1566 θεῖα
1278 1529 1381 1576 ἡμῶν

301 1575 582 1623 παραγγέλματα
607 1578 678 1618 (καὶ
697 1577 767 1623 γὰρ
784 1575 827 1620 δὴ
846 1580 906 1610 καὶ
921 1579 1029 1611 τοῦτο
1054 1577 1196 1611 ἐκεῖθεν
1220 1579 1297 1611 ἔστι
1318 1577 1380 1611 λα-

300 1625 409 1665 βεῖν),
439 1618 585 1655 οὐδενός
607 1635 647 1655 τε
671 1618 840 1666 ἀμελήσει
875 1621 1062 1656 παντελῶς
1097 1624 1176 1656 τῶν
1208 1621 1378 1657 δεόντων.

1451 1490 1487 1522 et
1509 1487 1636 1522 milites
1660 1487 1854 1523 secundum
1886 1488 2002 1523 divina
2025 1492 2149 1524 nostra
2171 1488 2339 1524 mandata
2368 1491 2464 1531 (nam
2487 1493 2523 1524 et

1449 1532 1518 1567 hoc
1549 1532 1631 1568 inde
1664 1533 1883 1578 percipitur),
1918 1533 1988 1579 <et>
2022 1534 2156 1569 nullius
2187 1533 2350 1578 neglegat
2379 1534 2522 1579 penitus

1450 1577 1598 1613 utilium.
1647 1578 1746 1614 Sicut
1769 1578 1861 1613 enim
1885 1578 1922 1612 in
1944 1578 2057 1614 Ponto
2080 1579 2228 1615 fecimus
2252 1578 2521 1621 moderatorem,

1449 1623 1499 1658 ita
1529 1626 1566 1657 et
1597 1633 1677 1658 eum
1707 1623 1818 1659 isdem
1852 1623 1982 1668 cinguli
2010 1624 2115 1660 huius
2151 1624 2304 1669 vestigiis
2335 1625 2522 1667 elevamus,

301 1666 469 1720 καθάπερ
489 1667 558 1721 γαρ
571 1667 642 1721 τὸν
658 1669 698 1700 ἐν
713 1667 849 1722 Πόντξρ
874 1666 1108 1722 πεποιήμεθα
1130 1665 1379 1722 μοδεράτωρα,
1393 1670 1435 1703 30
1448 1672 1484 1703 et
1507 1672 1562 1703 est
1585 1668 1691 1703 etiam
1715 1669 1792 1714 ipse
1815 1669 2038 1714 spectabilis,
2063 1675 2099 1704 et
2122 1670 2282 1704 similiter
2305 1673 2341 1704 et
2363 1679 2455 1715 quae
2478 1669 2522 1705 de

301 1725 398 1746 ουτω
417 1715 477 1745 καὶ
494 1725 607 1746 αυτόν
631 1715 704 1746 τοῖς
727 1724 847 1747 αυτοις
869 1724 931 1756 της
954 1724 1059 1758 αρχης
1081 1724 1211 1756 ταυτης
1234 1711 1380 1748 πάντως

301 1756 546 1812 ἐμβιβάζομεν
569 1757 692 1801 ἴχνεσι,
721 1761 782 1791 καὶ
805 1759 907 1791 ἔσται
931 1761 990 1791 καὶ
1014 1755 1122 1792 αὐτὸς
1146 1758 1379 1803 spectabilios,

300 1806 432 1846 ομοίως
456 1800 495 1836 δὲ
514 1805 574 1835 καὶ
593 1802 640 1836 τὰ
660 1806 742 1847 περὶ
762 1803 838 1836 τῶν
854 1801 1037 1846 ἐκκλήτων
1060 1806 1120 1836 καὶ
1138 1804 1184 1837 τὰ
1202 1807 1284 1848 περὶ
1303 1805 1381 1838 τῶν

300 1846 423 1881 ἄλλων
446 1844 545 1890 αὐτῷ
571 1844 855 1891 διοικηθήσεται.
893 1851 952 1881 καὶ
969 1844 1060 1901 οὐδὲ]
1068 1851 1168 1893 μέχρι
1184 1850 1247 1891 τῆς
1264 1861 1379 1894 παρα-

1447 1713 1744 1758 appellationibus
1769 1718 1805 1749 et
1829 1723 1919 1758 quae
1943 1713 1988 1749 de
2010 1714 2089 1750 aliis
2112 1714 2334 1759 gubernabit.
2381 1715 2431 1750 Et
2454 1724 2521 1750 nec

1450 1769 1562 1802 usque
1596 1759 1641 1793 ad
1676 1759 1808 1794 salaria
1841 1758 1963 1803 priora
1997 1759 2186 1795 statuimus
2220 1760 2315 1803 sola;
2359 1760 2520 1795 volumus

1448 1803 1541 1838 enim
1566 1813 1645 1838 eum
1669 1804 1856 1839 occasione
1880 1804 2198 1840 emolumentorum
2219 1809 2253 1839 et
2269 1804 2416 1840 alterius
2434 1815 2519 1840 con-

1448 1848 1632 1883 solationis
1664 1849 1863 1893 quindecim
1894 1849 1973 1883 auri
2003 1849 2113 1885 libras
2145 1849 2325 1894 accipere,
2357 1850 2519 1885 consilia-

299 1893 435 1948 μυθίας
457 1893 520 1943 τῆς
543 1892 754 1946 «ἔμπροσθεν
778 1891 993 1947 στησόμεθα
1015 1904 1142 1936 μονης·
1168 1892 1379 1937 βουλόμεθα
1393 1895 1433 1928 35
1447 1894 1536 1928 rium
1561 1897 1680 1928 autem
1704 1894 1779 1929 eius
1803 1894 1931 1938 cinguli
1956 1894 2045 1930 duas
2076 1895 2206 1930 habere
2231 1894 2353 1936 libras,
2386 1897 2421 1929 et
2444 1895 2520 1930 eius

299 1951 367 1984 γαρ
391 1950 505 1971 αυτον
529 1949 708 1983 προφασει
732 1949 911 1979 «retroeunt
934 1941 994 1971 καὶ
1010 1939 1071 1980 τῆς
1087 1937 1193 1980 ἄλλης
1217 1952 1380 1983 παραμυ-

302 1983 388 2017 θίας
410 1982 627 2026 κομίζεσθαι
650 1982 849 2027 quindecim
871 1986 1016 2027 χρυσίου
1040 1982 1170 2028 λίτρας,
1194 1983 1262 2017 τὸν
1283 1982 1324 2018 δέ
1339 1997 1379 2030 γε

300 2025 483 2074 πάρεδρον
514 2024 615 2070 αὐτῷ
646 2029 709 2071 τῆς
740 2024 847 2072 ἀρχῆς
878 2029 966 2063 duas
997 2027 1136 2074 λίτρας,
1166 2032 1227 2062 καὶ
1250 2027 1318 2071 τήν
1340 2041 1381 2081 γε

301 2070 412 2107 αὐτοῦ
436 2072 542 2113 τάξιν
567 2073 655 2108 duas
677 2077 819 2118 χρυσίου
839 2071 969 2116 λίτρας.
1019 2074 1064 2106 Εἰ
1089 2071 1129 2106 δὲ
1152 2076 1212 2107 καὶ
1243 2075 1281 2106 ἐκ
1305 2086 1382 2107 τιον

1449 1938 1605 1974 officium
1634 1939 1724 1974 duas
1756 1939 1834 1974 auri
1863 1939 1982 1975 librae.
2030 1939 2080 1974 Et
2101 1940 2184 1975 licet
2213 1950 2255 1975 ex
2277 1940 2519 1985 imperialibus

300 2158 364 2188 aut
386 2151 502 2186 sacris
525 2151 659 2186 nostris
677 2151 836 2197 privatis
868 2158 931 2187 aut
953 2152 966 2186 i
993 2152 1025 2186 si
1047 2162 1176 2187 sacrae
1205 2159 1355 2187 nostrae
1378 2153 1518 2193 domui,
1553 2158 1594 2188 ut
1618 2152 1810 2198 quicquam
1833 2152 1955 2187 damni
1986 2151 2152 2188 subiectis
2182 2154 2315 2188 nostris
2346 2154 2520 2199 inserant,

300 2207 386 2232 nece
413 2196 528 2242 facile
557 2196 727 2248 flectatur
757 2207 827 2231 neu
860 2196 952 2243 trepi
977 2200 1030 2238 et,
1061 2195 1126 2232 sed
1151 2196 1305 2242 fortiter
1333 2197 1500 2233 subiectis
1523 2197 1686 2243 praesit,
1718 2202 1754 2232 et
1784 2202 1868 2233 ante
1893 2197 2013 2232 omnia
2042 2209 2158 2244 puras
2180 2209 2307 2233 manus
2337 2204 2373 2234 et
2395 2199 2462 2235 deo
2487 2203 2522 2235 et

300 2242 402 2278 nobis
430 2245 464 2277 et
493 2241 563 2287 leqi
588 2244 704 2276 servet
735 2240 872 2283 (iisdem
894 2241 986 2276 enim
1010 2242 1247 2277 sacramentis
1270 2241 1399 2293 quibus
1422 2246 1559 2278 ceteros
1581 2242 1817 2288 maqistratus
1847 2242 1942 2277 lzunc
1962 2253 2103 2288 quoque
2126 2242 2332 2278 obstrictum
2361 2255 2436 2279 csse
2460 2255 2520 2280 vo-

300 2288 429 2330 tumus)
438 2299 453 2328 ,·
486 2285 614 2322 deinde
637 2296 717 2321 cum
741 2285 917 2321 codicillis
940 2287 1047 2323 etiam
1071 2286 1244 2322 mandata
1267 2287 1471 2333 imperialia
1495 2287 1663 2333 accipiat,
1687 2298 1781 2333 quae
1805 2287 1947 2333 quidem
1971 2287 2034 2333 qui
2053 2290 2137 2323 ante
2160 2298 2227 2323 nos
2239 2288 2391 2334 fuerunt
2416 2289 2520 2336 leqis-

300 2332 436 2368 latores
458 2335 494 2366 et
516 2332 668 2376 antiqua
691 2331 910 2377 reipublicae
938 2332 1066 2377 forma
1097 2343 1171 2366 non
1194 2332 1406 2377 iquorabat,
1439 2343 1506 2367 nos
1529 2337 1647 2368 autem
1670 2343 1750 2367 cum
1773 2331 1989 2378 defecissent
2016 2332 2143 2367 iterum
2165 2334 2456 2378 recuperavimus
2486 2339 2522 2370 et

299 2378 337 2412 in
360 2376 616 2422 rempublicam
639 2375 869 2419 reduximus,
902 2382 943 2412 ut
965 2381 999 2412 et
1030 2376 1119 2412 llaec
1141 2387 1282 2423 semper
1312 2377 1483 2412 adhibeat
1513 2383 1547 2412 et
1576 2377 1752 2413 iussiones
1783 2383 1929 2413 nostras
1961 2377 2130 2413 observet.
2177 2375 2219 2412 Si
2241 2378 2334 2413 euim
2358 2377 2445 2414 Ιιαεσ
2467 2390 2520 2416 se-

300 2426 446 2468 quatur,
466 2421 552 2466 fieri
570 2432 644 2456 non
666 2426 792 2468 potest
816 2421 903 2467 quin
925 2422 1044 2456 omnia
1068 2422 1103 2457 ei
1124 2421 1210 2457 bene
1234 2422 1362 2457 cedant
1385 2428 1420 2458 et
1443 2433 1522 2458 cum
1545 2422 1683 2468 leqibus
1705 2421 1754 2457 ad
1777 2421 2062 2458 commoditatem
2085 2423 2286 2469 iustamque
2306 2423 2521 2469 facilitatem

327 2467 522 2503 erveniant.
1534 2477 1536 2479 ’

295 2479 324 2514 p
434 2511 480 2547 11.
528 2513 647 2558 Atque
663 2511 821 2557 primum
842 2510 986 2557 quidem
1006 2511 1040 2547 ei
1058 2511 1216 2547 studium
1231 2511 1291 2554 sit,
1314 2511 1422 2547 sicuti
1441 2522 1554 2558 supra
1573 2511 1744 2555 diximus,
1762 2512 1991 2559 publicorum
2013 2511 2228 2548 tributorum
2247 2513 2406 2554 exactio,
2429 2523 2522 2558 quae

300 2557 438 2593 devotis
461 2556 604 2603 quidem
627 2555 786 2591 humana
811 2561 845 2591 et
862 2560 1023 2603 paterna
1045 2557 1104 2599 sit,
1138 2557 1466 2593 contumacioribus
1489 2562 1607 2592 autem
1630 2568 1754 2593 severa
1778 2562 1813 2593 et
1836 2557 2082 2604 indulqentiae
2104 2568 2249 2604 eoepers.
2298 2556 2434 2593 Deinde
2453 2568 2520 2604 po-

295 2602 387 2650 pulo
417 2612 561 2648 quoque
585 2602 792 2648 prospiciet
822 2606 858 2637 et
886 2601 1100 2648 disciplinae
1131 2602 1218 2643 eius,
1250 2613 1294 2637 ac
1318 2613 1362 2637 ne
1387 2602 1595 2637 tumultibus
1625 2605 1660 2639 et
1689 2603 1922 2638 seditionibus
1944 2613 1983 2638 se
2005 2602 2139 2638 dedant
2169 2607 2234 2638 aut
2258 2601 2431 2638 Bostrem'
2457 2608 2522 2638 aut

300 2647 428 2689 ceteri,
460 2658 547 2682 neve
570 2658 664 2693 quae
687 2646 737 2681 ad
758 2646 1032 2682 delectationem
1055 2659 1079 2682 a
1102 2651 1277 2682 vetustate
1293 2647 1477 2694 permissa
1505 2651 1589 2682 sient
1619 2658 1662 2683 ea
1692 2648 1730 2682 in
1753 2649 1919 2693 furorem
1951 2652 1986 2683 et
2016 2648 2143 2683 caedes
2167 2651 2319 2683 vertant.
2366 2646 2521 2684 Habebit

300 2695 419 2729 autem
438 2691 569 2728 milites
588 2702 732 2737 quoque
749 2691 818 2727 sibi
835 2691 1062 2727 oboedientes
1081 2692 1276 2728 secuudum
1296 2703 1403 2728 sacra
1424 2692 1596 2728 mandata
1616 2698 1742 2728 nostra
1763 2694 1903 2736 (etenim
1922 2692 1990 2728 lioc
2007 2703 2150 2738 quoque
2172 2692 2255 2728 inde
2267 2696 2393 2739 petere
2414 2692 2521 2736 licet),

300 2749 365 2774 nec
387 2737 580 2783 quicquam
611 2736 755 2772 omnino
778 2747 903 2772 eorum
935 2747 1028 2782 quae
1051 2738 1253 2773 necessaria
1282 2741 1366 2772 sunt
1389 2737 1562 2784 neqleqet.
1609 2735 1910 2780 Quemadmodum
1938 2738 2031 2773 enim
2055 2737 2093 2772 in
2116 2737 2235 2772 Ponto
2259 2736 2521 2773 moderatorem

299 2783 465 2829 fecimus,
489 2783 540 2817 ita
559 2782 676 2828 ipsum
697 2792 841 2828 quoque
864 2781 918 2816 uti
943 2793 987 2816 ue
1003 2782 1126 2818 iisdem
1150 2781 1257 2817 liuius
1272 2793 1331 2818 ma
1358 2782 1509 2818 istratus
1532 2783 1693 2828 vestiqiis
1717 2782 1860 2829 inqredi
1881 2782 2051 2824 iubemus,
2076 2782 2215 2828 eritque
2232 2786 2266 2818 et
2287 2782 2364 2834 ipse
2381 2786 2520 2828 specta-

300 2828 392 2870 bilis,
424 2832 534 2873 atque
556 2827 719 2862 simililer
742 2831 776 2862 et
800 2793 1066 2874 appelationes
1096 2831 1132 2863 et
1162 2831 1283 2863 cetera
1311 2794 1356 2862 ab
1387 2838 1429 2863 eo
1463 2827 1820 2863 administrabuntur.
1866 2828 1919 2863 Ac
1942 2838 1986 2863 ne
2011 2829 2050 2862 in
2072 2826 2209 2862 solacio
2233 2827 2376 2873 quidem
2392 2827 2522 2873 priore

299 2872 547 2909 subsistemus:
578 2871 741 2908 volumus
763 2873 856 2907 enim
880 2872 997 2918 ipsum
1020 2872 1164 2907 nomine
1186 2883 1415 2908 annonarum
1434 2877 1470 2908 et
1484 2872 1616 2918 reliqui
1638 2873 1767 2908 solacii
1790 2872 1991 2919 quindecim
2007 2871 2090 2907 auri
2107 2871 2218 2907 libras
2238 2871 2414 2918 accipere,
2438 2881 2519 2907 con-

300 2918 478 2954 siliarium
501 2922 620 2953 autem
643 2917 878 2962 maqistratus
906 2917 983 2952 eius
1014 2916 1107 2952 duas
1130 2917 1242 2953 libras
1271 2922 1380 2963 atquc
1404 2917 1567 2962 officium
1590 2918 1668 2952 eius
1697 2917 1789 2953 duas
1813 2918 1895 2953 auri
1918 2916 2038 2952 libras.
2086 2914 2308 2962 Quamquam
2332 2920 2449 2952 autem
2472 2928 2522 2953 ex

348 3000 363 3032 1
390 2994 510 3041 *μηδεἸ
533 2994 622 3038 μήτε
637 2997 745 3030 MLB
761 2996 773 3040 ΙΙ
792 2999 1019 3041 πατριμονίῳ
1043 2998 1295 3041 (πατριμωνίῳ
1306 2998 1378 3030 Ha-

303 3044 460 3084 loanderss
484 3042 537 3084 τῷ
559 3043 618 3076 ἐπὶ
639 3042 716 3075 τῶν
736 3041 933 3086 θησαυρῶν
951 3043 986 3075 Β
1002 3043 1014 3086 ΙΙ
1032 3045 1109 3075 ταῖς
1132 3042 1251 3076 θείαις
1273 3039 1379 3086 ἡμῶν

302 3090 518 3134 περιουσίαις
531 3088 568 3120 Β
584 3087 596 3130 ΙΙ
614 3088 633 3120 3
648 3084 795 3132 ἐπάγειν
810 3087 839 3120 L
855 3087 867 3130 ΙΙ
888 3090 906 3121 5
929 3084 1100 3132 ἡγεῖσθαι
1116 3088 1308 3121 Haloander
1321 3089 1378 3130 (cf.

302 3135 410 3167 Edicae.
424 3133 529 3173 1V2)
549 3132 560 3173 ΙΙ
577 3133 597 3166 6
618 3129 724 3174 ἡμῶν
741 3133 791 3165 Bc
808 3131 821 3176 ΙΙ
839 3135 856 3165 7
875 3129 946 3166 ὑπὸ
962 3131 1032 3177 γὰρ
1049 3152 1085 3156 --
1102 3128 1208 3176 ἀρχὰς
1229 3145 1286 3166 om.
1301 3133 1352 3165 B⁶
1368 3133 1377 3170 ζἸ

305 3181 344 3213 10
367 3178 435 3221 μὲν
461 3190 519 3211 οηι.
535 3178 569 3210 Β
586 3177 598 3220 11
627 3180 661 3211 11
691 3173 870 3219 ἠπίστατο
890 3178 959 3218 Μς]
983 3174 1187 3219 ἠπίσταντο
1206 3177 1274 3211 LB
1288 3176 1301 3217 ΙΙ
1319 3179 1378 3210 καὶ

302 3237 359 3257 om.
370 3234 389 3259 ς
401 3222 413 3267 ΙΙ
430 3224 468 3256 14
482 3219 844 3264 κατακολουθήσειεν]
857 3225 1039 3264 sequantur
1051 3235 1070 3259 ς
1082 3221 1094 3266 ΙΙ
1110 3225 1149 3256 16
1165 3218 1254 3268 αὐτῇ
1268 3235 1325 3255 om.
1336 3234 1355 3258 ς
1367 3221 1378 3266 ΙΙ

306 3270 346 3303 16
358 3281 407 3311 sq.
431 3269 490 3300 καὶ
505 3266 598 3310 μετὰ
617 3287 654 3291 -
675 3263 876 3312 ἀφίκοιντο]
901 3270 934 3299 et
952 3273 1027 3310 post
1048 3267 1158 3310 legum
1184 3267 1377 3300 facilitatem

301 3317 401 3355 utque
414 3313 577 3346 iustitiam
590 3312 857 3345 circumscribere
870 3312 1110 3354 neglegentiam
1126 3324 1146 3349 ς
1156 3311 1168 3357 Η
1183 3310 1252 3345 τὸν
1262 3308 1377 3354 νόμον

304 3360 352 3392 Bc
371 3358 383 3402 l}
400 3360 442 3392 22
467 3355 638 3400 δημοσίου
666 3358 714 3390 La
728 3357 741 3401 ΙΙ
760 3359 802 3391 23
826 3356 887 3400 μὴ]
910 3355 1001 3400 μήτε
1017 3358 1053 3391 Β
1072 3359 1083 3398 ΙΙ
1100 3359 1142 3391 24
1163 3354 1377 3391 ἐκδίδοσθαι

304 3405 337 3437 B
355 3405 368 3446 ΙΙ
383 3401 607 3446 Βοστρηνοὺς
617 3403 646 3443 (c
664 3428 671 3434 .
682 3404 726 3443 ς)]
741 3401 960 3445 βοστρύνους
972 3403 1013 3435 Μ
1034 3405 1125 3445 βοστ
1149 3406 1243 3436 ίνους
1254 3403 1286 3436 L
1309 3405 1376 3435 Βο-

303 3446 464 3492 στρινοὺς
478 3448 513 3481 Β
526 3447 610 3492 vulq.
665 3449 708 3482 25
734 3445 860 3490 *μηδεῚ
884 3445 975 3490 μήτε
996 3447 1105 3481 MLB
1127 3448 1133 3491 Ι
1163 3450 1205 3482 26
1228 3449 1376 3491 μανίαν]

304 3494 431 3526 furores
454 3504 473 3528 ς
496 3491 509 3536 ΙΙ
537 3494 576 3526 27
601 3491 684 3526 τοὺς
707 3492 931 3536 στρατιώτας
954 3492 1024 3526 LB
1047 3494 1102 3534 (cf
1120 3495 1197 3532 495,
1211 3501 1244 3531 23
1269 3492 1376 3526 Edict.

305 3539 324 3570 1
333 3539 368 3579 V,
390 3541 511 3576 lez-tm
536 3536 660 3570 milites
677 3548 790 3570 omnes
807 3537 896 3578 Iul.)]
917 3538 1141 3581 στρατιώτας
1154 3538 1199 3572 M
1208 3538 1222 3582 ΙΙ
1238 3538 1283 3571 30
1297 3535 1376 3579 τὸν]

305 3582 379 3614 τῶν
393 3583 423 3615 L
441 3582 454 3625 ΙΙ
471 3583 509 3615 31
527 3580 675 3616 πάντως
690 3595 748 3615 om.
762 3582 819 3619 Be
837 3587 849 3626 ΙΙ
865 3583 908 3616 32
923 3579 1167 3626 έμβιβάζομεν
1180 3583 1377 3626 Hombequ]

305 3626 540 3668 ἐκβιβάζομεν
548 3628 592 3660 M
593 3628 623 3660 Β
640 3624 853 3670 ἐκβιάζομεν
866 3627 898 3660 L
914 3626 1080 3660 elevamus
1092 3640 1111 3664 ς
1121 3627 1135 3672 ΙΙ
1145 3627 1259 3669 ἐσται]
1272 3629 1323 3661 est
1335 3625 1377 3672 ς.

306 3671 513 3710 spectauilios
539 3672 582 3704 M
611 3670 847 3717 περίβλεπτος
870 3672 940 3705 LB
967 3673 980 3715 fl
1009 3674 1051 3706 33
1075 3669 1208 3716 ὁμοίως
1231 3669 1282 3714 δι’]
1318 3673 1377 3706 καὶ

306 3711 436 3754 ὁμοίως
459 3712 498 3746 δὲ
523 3716 552 3748 L
579 3717 591 3754 ΙΙ
621 3718 661 3750 37
687 3717 899 3758 quindecem,
922 3730 946 3750 s.
967 3729 996 3750 v.
1021 3718 1129 3751 πέντε
1152 3719 1211 3750 καὶ
1235 3714 1320 3750 δέκα
1341 3716 1379 3749 Μ

308 3757 608 3793 πεντεκαίδεκαΒ
632 3758 826 3795 δεκαπέντε
840 3763 868 3794 L
894 3762 907 3806 ΙΙ
931 3763 972 3795 38
997 3761 1088 3802 (ilias,
1112 3775 1139 3795 s.
1154 3775 1181 3795 v.
1197 3761 1294 3805 ss'M
1313 3758 1376 3796 δύο

1446 2998 1539 3039 ἐχειν
1564 2998 1655 3034 ΖΒς
1682 2998 1694 3041 ΙΙ
1722 3001 1781 3031 καὶ
1802 3012 1860 3032 οηι.
1875 2999 1911 3032 Β
1934 2997 1946 3040 ΙΙ
1973 2996 2048 3042 Ι’γε]
2071 3008 2111 3030 τε
2135 2998 2212 3031 libri
2233 2996 2246 3041 ΙΙ
2275 2997 2319 3031 39
2343 2996 2424 3030 duas
2450 2998 2521 3040 Mc]

1447 3040 1511 3075 δύο
1536 3044 1604 3077 LB
1621 3043 1634 3086 ss
1658 3041 1778 3088 λίτρας
1802 3057 1858 3077 om.
1876 3043 1907 3076 L

1491 3134 1510 3165 5
1533 3132 1666 3174 quidem
1687 3145 1744 3166 om.
1768 3132 1892 3176 Vvulq.
1908 3131 1921 3175 ΙΙ
1946 3132 1966 3165 6
1991 3132 2079 3164 enim
2103 3132 2180 3165 add.
2197 3131 2290 3165 Beck
2306 3130 2319 3174 ΙΙ
2337 3132 2356 3165 8
2380 3130 2520 3174 accipiat

1446 3177 1540 3210 Beck
1557 3177 1570 3221 ΙΙ
1595 3180 1635 3212 10
1653 3177 1776 3210 scribat
1796 3177 1851 3220 ΤΙΙ
1870 3178 1906 3211 11
1927 3177 2162 3210 renouabimus
2179 3177 2255 3210 libri
2269 3176 2282 3220 ΙΙ
2301 3177 2343 3210 12
2359 3178 2398 3209 ut
2413 3177 2458 3217 et]
2481 3177 2519 3208 ut

1446 3222 1487 3254 ad
1508 3223 1542 3256 V
1560 3226 1592 3255 et
1612 3225 1651 3255 ut
1675 3223 1727 3265 ΤΗ
1746 3223 1808 3255 hoc
1827 3222 1860 3255 T
1871 3221 1884 3265 ΙΙ
1900 3221 2054 3263 relegunt
2074 3222 2111 3260 V,
2135 3221 2261 3264 relegat
2273 3221 2367 3255 Beck
2382 3220 2396 3264 Ι
2411 3220 2518 3253 custo·

1447 3267 1540 3300 diant
1555 3268 1600 3309 Τ]
1620 3268 1771 3300 custodia
1791 3267 1835 3300 sit
1856 3267 1894 3308 V,
1916 3267 2082 3299 custodiat
2094 3267 2188 3300 Beck
2202 3265 2216 3310 ΙΙ
2236 3268 2276 3302 13
2292 3266 2373 3298 haec
2387 3276 2445 3298 om.
2462 3263 2494 3296 Τ
2506 3264 2519 3307 ΙΙ

1445 3315 1626 3354 sequantur
1643 3313 1688 3354 V]
1705 3314 1885 3354 sequentur
1898 3312 1934 3352 Τ,
1951 3314 2109 3354 sequatur
2118 3311 2211 3345 Beck
2225 3310 2240 3356 Ι
2259 3312 2300 3346 14
2311 3311 2394 3344 bene
2407 3315 2518 3341 omma

1454 3358 1498 3398 V]
1521 3358 1602 3390 bene
1616 3358 1726 3390 omnia
1738 3357 1820 3390 bene
1836 3355 1888 3401 ΤΙΙ
1899 3356 2059 3390 facilitate
2078 3357 2130 3399 Vll
2146 3357 2187 3390 18
2200 3357 2231 3389 ei
2243 3356 2337 3389 Beck
2361 3353 2407 3386 eis
2419 3352 2496 3403 libri
2505 3354 2517 3396 Η

1445 3402 1501 3434 fiet
1517 3403 1622 3436 secuti
1642 3402 1700 3447 Vn
1718 3405 1757 3437 19
1771 3401 1894 3435 fiscalia
1915 3401 1969 3445 V}
1988 3403 2030 3436 20
2048 3401 2275 3434 uehementius
2288 3399 2322 3434 Τ
2361 3396 2514 3449 ”td-isci-

1446 3447 1574 3490 plinam
1590 3448 1639 3481 V¹
1659 3447 1835 3490 disciplina
1851 3446 1904 3481 V²
1920 3446 1934 3490 ΙΙ
1950 3449 1983 3479 et
1997 3446 2214 3480 seditionibus
2290 3451 2330 3475 ⁸⁰
2343 3441 2513 3474 ”dmoni—

1448 3492 1506 3525 bus
1521 3493 1553 3525 T
1565 3492 1579 3537 ΙΙ
1597 3494 1639 3527 23
1664 3492 1819 3526 hosti-emi
1841 3492 1873 3525 V
1890 3491 1997 3525 bostre
2017 3492 2073 3535 ΤΙΙ
2091 3493 2139 3532 ea]
2164 3490 2230 3523 alin
2291 3485 2513 3537 ''uoluntati-

1444 3535 1506 3569 bus
1524 3538 1556 3570 T
1569 3538 1582 3580 ΙΙ
1599 3539 1641 3572 24
1654 3537 1785 3570 dicabat
1807 3536 1862 3581 Vfl
1879 3538 1920 3571 25
1938 3540 1971 3570 et
1986 3538 2048 3570 del.
2062 3537 2155 3570 Beck
2169 3533 2184 3578 Ι
2199 3530 2242 3566 26
2256 3530 2372 3564 diuma
2388 3532 2437 3564 ffia
2455 3534 2513 3575 (sic

1442 3583 1653 3671 ssfflhivff
1673 3585 1785 3660 ¹²55?ss
1808 3576 2513 3670 ⁶³”i}“„¹{9'031325‘ffl3.⁶3?2222322l

1803 3639 1861 3660 om.

1445 3671 1572 3712 cinguli
1592 3639 1693 3706 hue-es
1716 3685 1774 3706 om.
1789 3672 1823 3706 Τ
1833 3671 1847 3716 fl
1864 3673 1907 3706 30
1926 3673 1986 3712 est]
2009 3669 2073 3703 erit
2091 3667 2316 3709 oeenbraqqen
2334 3665 2347 3708 ΙΙ
2364 3669 2396 3699 et
2419 3667 2511 3701 simi-

1444 3715 1532 3757 liter]
1555 3719 1588 3749 et
1608 3731 1666 3751 om.
1682 3717 1715 3751 T
1725 3717 1740 3762 Ι
1756 3718 1795 3751 31
1814 3714 2015 3759 guberna-rit
2035 3711 2096 3747 VT
2108 3709 2123 3755 Ι
2136 3711 2177 3745 33
2198 3709 2435 3745 consulationis
2454 3713 2487 3746 T
2497 3712 2511 3755 Β

1445 3763 1487 3796 34
1504 3761 1591 3804 auri]
1614 3767 1724 3795 autem
1744 3762 1822 3795 libri
1832 3759 1846 3807 Ι
1863 3762 2009 3806 accipere
2025 3775 2066 3782 —
2088 3756 2131 3792 36
2149 3755 2223 3788 auri
2238 3754 2339 3788 libras
2364 3769 2421 3790 om.
2436 3758 2468 3796 T
