2580 4022
238 162 344 204 Nov.
368 160 496 204 CLIX
526 172 587 213 pr.

238 269 281 303 τὰ
304 265 496 311 Κωπάρια,
522 263 612 310 ὅπερ
636 267 676 299 ἐν
696 266 741 312 τῇ
765 267 1000 311 προειρημένῃ
1026 262 1186 310 διαθήκῃ
1203 267 1308 297 Κων-

236 316 417 353 σταντίνῳ
448 313 500 353 τῷ
554 308 899 355 εγαλοπρεπεστάτῳ
922 321 989 351 μου
1013 307 1079 350 υἱῷ
1104 307 1308 349 κατέλιπον,

236 356 392 398 δοθῆναι
423 358 482 388 καὶ
536 358 695 399 ιαφέρειν
726 353 860 387 τελείας
889 354 995 396 νομῆς
1018 355 1077 385 καὶ
1102 350 1309 387 δεσποτείας

235 400 361 442 δικαίῳ
385 398 493 444 Ἱερίῳ
525 400 578 441 τῷ
607 396 853 444 λαμπροτάτῳ
885 399 943 430 καὶ
976 394 1218 442 εὐγενεστάτῳ
1242 409 1310 441 μου

235 445 391 490 ἐγγόνῳ,
423 443 489 486 υἱῷ
522 446 800 476 Κωνσταντίνου
831 442 897 475 τοῦ
924 440 1309 487 μεγαλοπρεπεστάτου

234 502 301 532 μου
326 489 413 529 υἱοῦ,
445 486 591 528 σύμπαν
617 487 660 520 τὸ
686 485 772 520 αὐτὸ
797 486 1012 531 προάστειον
1034 486 1126 530 μετὰ
1150 488 1226 520 τῶν
1250 485 1309 519 ὅν-

235 546 311 567 των
335 534 374 566 ἐν
398 529 496 575 αὐτῷ
518 535 753 576 πραιτωρίων
773 534 832 563 καὶ
849 529 994 564 σκαλιῦν
1011 531 1143 565 πασῶν
1159 533 1218 564 καὶ
1234 531 1311 564 τῶν

234 577 493 622 μισθουμένων
523 577 593 610 εἴτε
623 577 729 609 ἔνδον
752 576 811 617 τῆς
835 574 947 616 πύλης
970 575 1041 609 εἴτε
1063 576 1134 615 ἔξω
1159 577 1221 618 τῆς
1244 574 1309 610 πύ-

236 623 295 663 λης
317 621 525 676 οἰκημάτων
554 624 613 654 καὶ
638 622 884 666 ἐργαστηρίων
907 623 967 654 καὶ
990 621 1053 654 τοῦ
1077 619 1226 665 λουτροῦ
1250 623 1310 653 καὶ

1315 137 1414 198 738

2039 168 2098 198 DE
2127 168 2449 201 RESTITUTIONE

1379 263 1580 307 appellatur
1617 264 1787 308 Cuparia,
1823 264 1917 307 quod
1950 265 1987 300 in
2021 266 2202 310 praedicto
2238 268 2448 302 testamento

1379 307 1610 342 Constantino
1642 308 1715 343 viro
1743 309 1928 353 magnifico
1951 309 2024 345 filio
2048 320 2125 345 meo
2151 310 2340 354 dereliqui,
2371 311 2450 346 dari

1378 354 1414 386 et
1448 353 1623 396 pertinere
1659 352 1819 397 perfecto
1854 354 2090 398 possessionis
2125 359 2160 390 et
2195 354 2339 390 dominii
2373 356 2450 390 iure

1378 397 1499 432 Hierio
1534 397 1609 431 viro
1642 397 1836 433 clarissimo
1868 401 1904 432 et
1935 395 2176 451 sdyeveardvq»
2208 410 2285 435 meo
2316 401 2449 444 nepoti,

1347 446 1365 477 5
1378 441 1450 476 filio
1469 441 1689 476 Constantini
1713 442 1777 476 viri
1800 442 1990 485 magnifim,
2013 443 2050 478 in
2071 443 2206 487 integro
2229 444 2347 488 ipsum
2367 454 2449 487 pro-

1379 486 1507 520 astium
1540 496 1619 521 cum
1652 487 1814 521 omnibus
1846 497 1937 531 quae
1965 487 2002 522 in
2031 497 2072 523 eo
2098 491 2181 523 sunt
2204 489 2391 533 praetoriis
2416 492 2452 523 et

1377 540 1527 566 ascensu
1561 534 1597 565 et
1626 531 1800 566 descensu
1831 531 1976 566 σκαλιῦν
2006 532 2168 568 omnibus
2200 538 2236 567 et
2265 534 2449 568 conductis

1378 576 1450 611 sive
1480 576 1588 610 illatis
1623 586 1701 611 cum
1734 577 1892 611 conclavi
1925 577 2090 612 domuum
2121 582 2158 613 et
2182 579 2382 621 ergasteriis
2414 582 2451 612 et

1377 621 1505 655 balneo
1538 623 1573 655 et
1604 621 1716 656 hortis
1749 624 1823 655 tam
1850 622 1944 655 intra
1977 628 2080 665 quam
2112 624 2213 657 extra
2244 633 2384 665 muros,
2416 626 2452 657 et

234 666 312 701 τῶν
343 679 473 708 κηπων
503 679 581 699 των
613 678 652 699 τε
683 663 789 699 ἔνδον
812 667 871 697 καὶ
895 666 972 698 τῶν
995 665 1066 705 ἔξω
1089 666 1153 698 τοῦ
1177 668 1310 707 τείχους
1325 668 1364 700 10
1377 664 1647 709 hippodromum
1662 669 1706 717 ‘et
1726 665 1820 710 quod
1843 666 1879 700 in
1903 675 1945 700 eo
1971 669 2025 701 est
2047 667 2189 701 hortum
2211 669 2247 702 et
2262 667 2451 702 cisternam

235 714 295 744 καὶ
319 712 382 744 τοῦ
409 708 634 755 ἱπποδρόμου
659 713 718 744 καὶ
742 711 807 744 τοῦ
831 711 870 743 έν
895 706 994 752 αὐτῷ
1019 710 1134 751 κήπου
1157 712 1216 743 καὶ
1236 722 1310 742 κιν-

236 758 382 801 στὲρνης
412 758 472 789 καὶ
501 755 639 790 παντὸς
668 753 793 789 ἁπλῶς
817 751 909 787 καθ’)
935 752 1148 797 οἱονδηποτε
1171 751 1310 798 τρόπον

236 799 460 844 ἁρμόζοντός
493 813 555 844 μοι
590 798 730 833 δικαίου
767 800 826 833 ἐπὶ
867 800 920 840 τῷ
956 796 1054 841 αὐτῷ
1094 802 1309 843 προαστείῳ.

237 845 395 887 δοθῆναι
412 848 534 889 μέντοι
555 843 729 888 βούλομαι
755 844 796 877 τὸ
814 841 902 877 αὐτὸ
920 844 1139 888 προάστειον
1154 845 1206 886 τῷ
1225 856 1309 887 προ-

1377 714 1413 744 et
1437 710 1554 744 omnia
1578 720 1720 745 omnmo
1746 720 1967 755 quocumque
1991 711 2094 745 modo
2116 712 2352 756 competentia
2366 712 2452 746 mihi

1376 755 1456 789 iura
1481 764 1586 799 super
1608 755 1685 800 ipso
1709 755 1880 799 proastio.
1926 755 2014 790 Dari
2039 755 2176 799 quidem
2201 756 2279 792 volo
2303 756 2451 791 eundem

1378 799 1574 844 proastium
1592 799 1771 844 praedicto
1788 799 1862 835 viro
1881 800 2075 835 clarissimo
2096 810 2172 836 meo
2195 801 2315 845 nepoti
2332 801 2452 836 Hierio

1378 843 1475 879 facto
1500 854 1586 880 suae
1609 844 1797 889 potestatis
1821 854 1885 889 per
1897 845 2212 890 emancipationem
2231 856 2252 880 a
2269 855 2334 880 suo
2350 849 2453 889 patre

236 893 410 935 ειρημέ-νῳ
447 889 707 941 λαμπροτάτῳ.
728 901 795 930 μου
825 888 964 934 ἑγγόνῳ
997 885 1310 944 “Ῑερ”ίῳ)γινομένῳ
1327 892 1366 924 15
1380 892 1462 934 post
1492 889 1628 924 obitum
1660 899 1792 931 meum,
1824 889 1922 925 nulla
1955 889 2039 925 data
2069 889 2213 925 licentia
2236 890 2269 925 ei
2291 890 2365 925 viro
2388 890 2453 924 ho·

237 934 453 977 αὖτεξουσίῳ
478 931 553 967 κατ’
572 933 857 977 emanmpationa
881 933 980 978 παρὰ
1003 946 1068 966 του
1092 937 1220 967 οικείου
1244 946 1311 968 πα-

234 980 318 1023 τρὸς
351 979 442 1022 μετὰ
476 979 543 1021 τὴν
579 978 667 1022 ἐμὴν
696 977 882 1020 τελευτήν,
916 975 1091 1021 μηδεμιᾶς
1127 976 1312 1022 διδομένης

238 1021 358 1056 (Ξδείας
383 1024 434 1067 τῷ
460 1024 559 1066 αὐτῷ
585 1021 827 1069 εἰγενεστοίτῳ
848 1035 916 1066 μου
940 1023 1090 1069 ἐγγόνῳ,
1115 1020 1205 1056 ἀλλὰ
1222 1021 1312 1066 μηδὲ

235 1071 309 1102 τοῖς
333 1068 404 1101 εἴτε
436 1071 474 1101 ἐκ
493 1065 623 1110 ταύτης
646 1081 714 1110 μου
735 1069 796 1109 τῆς
821 1065 998 1110 διαθήκης
1021 1068 1091 1100 εἴτε
1115 1071 1154 1101 ὲκ
1179 1064 1311 1109 διαθή-

1379 938 1480 969 nesto
1512 934 1632 978 nepoti
1667 943 1763 976 meo,
1801 934 1864 969 sed
1898 944 2011 979 neque
2040 934 2094 969 his
2127 934 2186 978 qui
2214 935 2287 970 sive
2318 945 2361 970 ex
2384 935 2454 969 hoc

1378 981 1590 1014 testamento
1615 978 1687 1014 sive
1710 988 1754 1013 ex
1774 981 1986 1014 testamento
2010 979 2166 1014 eiusdem
2187 979 2252 1014 viri
2268 979 2453 1014 clarissimi

1379 1023 1447 1058 mei
1470 1024 1607 1068 nepotis
1632 1023 1905 1067 suscipientibus
1928 1024 2007 1059 iura
2031 1023 2106 1059 eius
2130 1024 2281 1059 vendere
2296 1027 2358 1058 aut
2373 1033 2453 1068 per-

1380 1070 1518 1103 mutare
1541 1071 1605 1102 aut
1629 1068 1760 1103 donare
1784 1068 1892 1103 alicui
1916 1072 1979 1103 aut
2002 1079 2224 1113 quocumque
2246 1069 2350 1104 modo
2368 1069 2453 1103 alie-

235 1124 295 1156 κης
318 1114 381 1146 τοῦ
404 1109 513 1146 αἰτοῦ
531 1109 786 1157 λαμπροτάτου
802 1125 869 1154 μου
886 1112 1033 1167 eyybyov
1051 1110 1312 1156 διαδεχομένοις
1325 1114 1367 1147 20
1381 1123 1467 1147 nare
1490 1113 1607 1157 ipsum
1631 1113 1825 1157 proastium
1848 1116 1911 1148 aut
1934 1116 2071 1158 partem
2095 1114 2250 1159 aliquam
2274 1123 2317 1148 ex
2332 1123 2374 1148 eo
2391 1116 2454 1147 aut

237 1159 283 1191 τὰ
310 1155 402 1191 αι”τὰ
424 1156 545 1190 δίκαια
569 1158 633 1190 τοῦ
655 1156 885 1199 διαπωλῆσαι
908 1171 930 1199 η
955 1156 1178 1197 ανταλλάξαι
1201 1154 1224 1200 ἢ
1243 1154 1311 1190 δω-

236 1202 436 1255 (ιήσασθᾙί,ἱ
446 1216 518 1235 τινι
539 1200 561 1244 ἢ
580 1200 816 1244 ὁπωςδήποτε
840 1202 1030 1244 ἐκποιῆσαι
1056 1202 1096 1236 ’τὸ
1120 1198 1208 1235 αὗτὸ
1226 1214 1311 1254 προ·

237 1260 382 1280 αστειον
413 1260 434 1289 η
467 1250 569 1290 μέρος
599 1260 635 1281 τι
663 1246 701 1286 ἐξ
725 1243 836 1280 αὐτοῦ
860 1244 882 1288 ἢ
908 1244 1057 1289 δίκαιον,
1076 1245 1136 1280 διὰ
1161 1246 1202 1280 τὸ
1228 1250 1309 1291 βου-

235 1291 370 1325 λεσθαί
390 1304 435 1336 με
450 1290 493 1324 τὸ
513 1288 602 1325 αὗτὸ
623 1290 842 1335 προάστειον
859 1289 939 1333 ἤτοι
954 1292 1069 1325 οἰκίαν
1087 1289 1311 1335 διακείμενον

1379 1158 1445 1198 ius,
1469 1161 1615 1202 propter
1638 1157 1732 1202 quod
1750 1158 1829 1193 volo
1847 1159 1996 1193 eundem
2013 1159 2208 1203 proastium
2224 1159 2296 1193 sive
2313 1158 2454 1193 domum

1380 1202 1599 1237 adiacentem
1632 1203 1727 1237 intra
1749 1202 1874 1238 ianuas
1898 1203 1992 1247 quod
2017 1203 2115 1238 ducit
2137 1204 2231 1238 circa
2254 1203 2454 1238 venerabile

1381 1247 1573 1283 oratorium
1595 1250 1741 1283 sanctae
1766 1247 1918 1283 Theclae
1941 1257 2085 1283 manere
2103 1258 2167 1292 per
2190 1248 2307 1283 omnia
2322 1251 2358 1282 et
2373 1257 2453 1292 per-

1380 1295 1488 1336 petuo
1519 1292 1557 1327 in
1586 1302 1666 1327 mea
1696 1292 1830 1327 familia
1862 1296 1897 1327 et
1928 1302 2120 1337 numquam
2151 1293 2268 1337 egredi
2298 1292 2342 1327 de
2374 1301 2453 1328 meo

235 1334 257 1377 ἢ
288 1334 515 1378 διακειμένην
546 1334 654 1370 ἔνδον
683 1337 745 1387 τῆς
778 1334 890 1378 πύλης
919 1337 985 1370 τοῦ
1016 1338 1148 1370 Συκῶν
1179 1340 1312 1378 τείχους
1325 1339 1367 1372 25
1381 1337 1532 1372 nomine.
1580 1337 1672 1373 Volo
1703 1339 1822 1372 autem
1851 1339 1887 1372 et
1916 1337 2040 1380 iubeo,
2067 1338 2098 1373 si
2129 1337 2316 1382 contigerit
2348 1346 2452 1382 prae-

235 1383 298 1424 τῆς
334 1379 538 1427 ἀπαγούσης
573 1383 632 1414 ἐπὶ
666 1394 709 1415 το
746 1378 867 1427 εὐαγὲς
896 1382 1096 1427 μαρτύριον
1126 1382 1188 1425 τῆς
1211 1378 1313 1427 ἁγίας

238 1425 369 1460 Θέκλας
397 1429 516 1470 μεῖναι
546 1423 606 1459 διὰ
638 1425 776 1460 παντὸς
807 1429 866 1459 καὶ
898 1425 1067 1469 διηνεκῶς
1098 1428 1137 1460 ἐν
1169 1427 1214 1473 τῇ
1246 1427 1311 1471 ἐμῇ

236 1470 389 1516 φαμιλίᾳ
424 1474 485 1504 καὶ
516 1469 695 1514 μηδέποτε
723 1469 886 1510 ἐξελθεῖν
916 1472 979 1504 τοῦ
1013 1472 1100 1515 ἐμοῦ
1127 1468 1311 1514 ὀνόματος.

236 1515 413 1559 βούλομαι
439 1514 478 1549 δὲ
500 1519 558 1549 καὶ
582 1515 725 1560 κελεύω,
752 1516 851 1560 εἴπερ
871 1517 990 1570 συμβῇ
1015 1514 1084 1550 τὸν
1104 1518 1310 1560 προειρημέ-

1381 1382 1513 1416 dictum
1533 1381 1644 1417 virum
1668 1382 1854 1417 honestum
1879 1392 1995 1417 meum
2010 1385 2174 1427 nepotem
2190 1382 2348 1417 Hierium
2365 1381 2455 1417 mori

1380 1427 1609 1471 impuberem,
1633 1431 1696 1462 aut
1719 1430 1802 1472 post
1823 1427 2046 1472 pubertatem
2070 1427 2146 1463 sine
2165 1427 2246 1462 filiis
2269 1429 2388 1462 tamen
2410 1436 2454 1460 ex

1381 1472 1537 1515 legitimo
1562 1472 1784 1507 matrimonio
1809 1472 1842 1507 ei
1865 1472 2070 1517 progenitis,
2094 1472 2277 1516 pervenire
2301 1475 2335 1506 et
2359 1481 2453 1506 com-

1381 1521 1502 1561 petere
1533 1517 1607 1552 sive
1638 1517 1826 1552 restituere
1856 1517 2116 1562 possessionem
2138 1520 2179 1552 vet
2202 1517 2455 1562 proprietatem

235 1574 301 1595 νον
328 1558 586 1615 εὐγενέστατόν
615 1573 682 1605 μου
697 1562 862 1615 ἱἔκγονον
898 1563 1012 1606 Ιέριον
1037 1559 1246 1604 τελευτησαι
1274 1562 1314 1594 ἐν
1328 1563 1368 1595 30
1382 1562 1536 1597 eiusdem
1561 1562 1709 1614 proastii
1734 1562 1806 1597 sive
1831 1561 1954 1597 domus
1978 1562 2052 1597 viro
2067 1562 2252 1606 magnifico
2269 1562 2343 1596 eius
2359 1560 2455 1605 patri

237 1602 452 1649 ἄνηβότητι,
485 1619 506 1648 η
530 1608 589 1638 καὶ
619 1619 710 1649 μετα
736 1605 946 1649 ανηβότητα
966 1604 1064 1640 ἐκτὸς
1083 1608 1208 1650 μέντοι
1231 1609 1312 1641 παί-

237 1649 314 1684 δων
345 1653 383 1683 ἐκ
408 1654 573 1693 νομίμων
599 1649 726 1696 γάμων
750 1647 849 1693 αὐτῷ
870 1654 1104 1694 τικτομένων,
1136 1653 1312 1696 περιέρχε-

236 1696 330 1728 σθαι
361 1697 420 1727 καὶ
453 1692 635 1747 διαφέρειον
665 1695 744 1747 ἥζτοι
773 1692 1069 1738 ἀποκαταστῆναι
1099 1695 1167 1739 τὴν
1198 1695 1313 1748 νομὴν

1383 1606 1618 1642 constantmo
1642 1607 1708 1643 sub
1730 1607 1854 1642 eadem
1880 1606 2098 1649 condicione,
2123 1617 2194 1642 non
2219 1606 2366 1642 alienari
2389 1605 2454 1641 ali-

237 1742 296 1773 καὶ
322 1737 536 1772 δεσποτείαν
559 1751 623 1772 του
650 1740 758 1772 αυτοῦ
783 1742 997 1784 προαστείου
1021 1739 1101 1782 η”τοι
1124 1741 1235 1774 οἰκίας
1258 1753 1311 1782 τῳ

236 1780 611 1829 μεγαλοπρεπεστάτῳ
649 1780 760 1817 αὐτοῦ
795 1786 906 1828 πατρὶ
940 1787 1214 1826 Κωνσταντίνῳ
1251 1785 1312 1818 ἐπὶ
1324 1786 1367 1818 35

236 1830 290 1871 τῷ
321 1825 420 1871 αὐτῷ
447 1824 523 1874 ὅρῳ
552 1829 617 1861 τοῦ
639 1828 688 1872 μὴ
711 1828 956 1870 ἐκποιηθῆναί
977 1840 1065 1862 ποτε
1088 1829 1125 1861 ἐκ
1144 1829 1207 1871 τῆς
1229 1829 1313 1872 ἐμῆς

237 1939 352 1964 meum
376 1929 473 1973 quod
495 1933 645 1963 vocatur
670 1929 828 1973 copario
853 1929 950 1973 quod
975 1929 1116 1973 quidem
1139 1928 1176 1962 in
1194 1929 1386 1973 praedicto
1412 1934 1621 1964 testamento
1645 1929 1878 1965 Constantino
1901 1930 2253 1974 maqnisicentissimo
2273 1929 2353 1974 filio
2377 1940 2453 1964 meo

236 1973 379 2018 reliqui,
403 1972 486 2007 dari
508 1976 543 2007 et
566 1976 765 2018 competere
785 1972 894 2018 pleno
913 1972 1156 2018 possessionis
1179 1978 1213 2007 et
1237 1972 1389 2008 dominii
1409 1972 1488 2008 iure
1504 1972 1632 2008 Hierio
1656 1973 1854 2008 clarissimo
1877 1977 1913 2008 et
1934 1974 2208 2019 qenerosissimo
2231 1973 2355 2020 nepoti
2377 1984 2453 2009 meo

233 2018 313 2062 filio
340 2017 565 2053 Constantini
592 2016 937 2062 maqnificentissimi
961 2016 1034 2061 filii
1062 2017 1141 2058 mei,
1171 2017 1374 2052 universum
1399 2017 1480 2051 dico
1502 2017 1746 2052 suburbanum
1762 2018 1957 2063 praedium
1981 2028 2060 2053 cum
2081 2018 2277 2063 praetoriis
2300 2029 2392 2063 quae
2415 2018 2454 2052 in

236 2073 279 2098 eo
309 2066 394 2096 sunt
424 2065 459 2096 et
487 2060 597 2096 scalis
629 2060 791 2096 omnibus
820 2061 936 2106 iisque
959 2071 1053 2105 quae
1077 2060 1244 2094 locantur
1265 2061 1339 2096 sive
1361 2061 1459 2095 intra
1476 2065 1626 2106 portam
1650 2062 1722 2096 sive
1746 2065 1853 2096 extra
1868 2066 2016 2107 portam
2040 2062 2213 2106 aedificiis
2237 2068 2344 2107 atque
2368 2062 2453 2107 ofli-

239 2107 330 2142 cinis
353 2109 389 2141 et
412 2105 538 2140 balneo
562 2110 597 2140 et
621 2105 738 2141 hortis
763 2109 835 2140 tam
859 2106 923 2150 qui
945 2105 1043 2140 intra
1066 2115 1173 2150 quam
1199 2105 1262 2150 qui
1285 2109 1394 2140 extra
1417 2116 1540 2140 muros
1562 2110 1647 2141 sunt
1670 2109 1706 2141 et
1727 2105 1969 2152 hippodromo
1994 2109 2028 2141 et
2051 2107 2114 2152 qui
2136 2107 2174 2142 in
2197 2117 2240 2143 eo
2265 2111 2318 2142 est
2349 2106 2453 2143 liorto

237 2152 393 2186 cisterna
421 2161 465 2185 ue
487 2155 596 2195 atque
614 2150 710 2185 omni
733 2148 886 2195 denique
908 2149 987 2185 iure
1010 2148 1109 2195 quod
1130 2149 1253 2228 aliiquo
1275 2149 1382 2185 modo
1414 2151 1452 2185 in
1480 2150 1602 2186 eodem
1623 2150 1777 2196 praedio
1800 2151 2006 2186 suburbano
2030 2150 2117 2186 milii
2139 2151 2315 2197 competit.
2363 2151 2455 2187 Dari

236 2207 320 2231 vero
351 2206 393 2231 vo
410 2205 431 2230 ο
462 2194 554 2229 idem
584 2194 772 2240 praedium
801 2194 1043 2230 suburbanum
1068 2204 1164 2240 prae
1190 2194 1261 2230 icto
1294 2195 1492 2230 clarissimo
1524 2197 1647 2241 nepoti
1678 2206 1754 2230 meo
1778 2195 1906 2231 Hierio
1929 2196 1988 2231 sui
2011 2196 2102 2231 iuris
2120 2197 2226 2241 facto
2246 2206 2316 2242 per
2331 2196 2456 2242 patris

235 2242 295 2276 sui
323 2239 644 2286 emancipationem
674 2243 760 2284 post
790 2243 938 2274 mortem
968 2249 1082 2274 meam
1114 2238 1216 2274 nulla
1238 2243 1423 2285 potestate
1454 2239 1541 2275 data
1570 2239 1681 2275 eidem
1712 2241 1986 2286 qenerosissimo
2019 2242 2145 2287 nepoti
2171 2251 2259 2282 meo,
2290 2241 2355 2276 sed
2383 2252 2455 2277 non

236 2285 352 2330 maqis
375 2284 420 2319 iis
443 2284 506 2330 qui
528 2284 600 2319 sive
623 2294 673 2319 ex
696 2283 763 2319 lioc
785 2294 862 2319 meo
888 2287 1099 2320 testamento
1123 2284 1197 2320 sive
1220 2295 1270 2320 ex
1294 2288 1502 2320 testamento
1527 2284 1681 2320 eiusdem
1706 2285 1897 2320 clarissimi
1921 2296 1965 2321 ne
1992 2286 2062 2321 otis
2084 2287 2153 2320 mei
2175 2285 2212 2320 in
2236 2285 2358 2321 eadem
2374 2286 2455 2321 iura

235 2329 437 2365 successuri
465 2330 539 2364 sint
568 2329 661 2365 idem
691 2328 934 2364 suburbanum
959 2328 1153 2374 praedium
1184 2328 1240 2364 vel
1268 2333 1408 2374 partem
1438 2330 1515 2365 eius
1546 2329 1706 2375 aliquam
1730 2329 1787 2365 vel
1803 2330 1859 2364 ius
1881 2340 1946 2365 ven
1968 2330 2054 2365 endi
2078 2330 2135 2366 vel
2149 2329 2378 2376 permutandi
2402 2331 2457 2366 vel

236 2373 399 2410 donandi
428 2373 555 2416 alicui,
586 2374 643 2410 vel
671 2373 746 2409 ullo
778 2373 882 2408 modo
914 2373 1116 2416 alienandi,
1145 2376 1341 2419 propterea
1373 2374 1472 2419 quod
1501 2373 1593 2409 idem
1623 2374 1867 2409 suburbanum
1894 2374 2083 2420 praedium
2107 2375 2163 2410 vel
2185 2374 2327 2410 domum
2350 2375 2454 2410 situm

234 2420 384 2455 sitamve
403 2419 502 2454 intra
517 2423 669 2465 portam
693 2419 789 2453 muri
810 2417 988 2465 Sycarum
1012 2428 1106 2463 quae
1128 2418 1225 2453 ducit
1249 2417 1298 2453 ad
1321 2418 1519 2455 venerabile
1541 2419 1754 2465 martyrium
1778 2422 1925 2454 sanctae
1943 2419 2092 2455 leeclae
2107 2430 2180 2465 per
2202 2429 2304 2454 omne
2319 2423 2456 2466 tempus

236 2469 270 2500 et
294 2470 475 2510 perpetuo
507 2463 588 2499 volo
620 2464 659 2498 in
689 2463 836 2509 familia
867 2474 945 2499 mea
976 2473 1120 2498 manere
1148 2473 1263 2508 neque
1293 2473 1462 2509 umquam
1485 2464 1530 2499 de
1552 2465 1695 2499 nomine
1717 2474 1795 2499 meo
1820 2464 1933 2499 exire.
1976 2463 2063 2499 Volo
2088 2468 2206 2500 autem
2230 2468 2264 2498 et
2287 2464 2401 2507 iubeo,
2424 2465 2459 2499 si

236 2510 377 2554 quidem
401 2509 596 2554 continqat,
619 2512 660 2543 ut
679 2507 891 2554 praedictus
913 2507 1209 2554 qenerosissimus
1232 2518 1344 2553 nepos
1367 2519 1465 2544 meus
1479 2508 1626 2544 Hierius
1649 2509 1746 2544 intra
1762 2509 2001 2554 pubertatem,
2015 2509 2071 2544 vel
2093 2509 2198 2544 etiam
2219 2513 2305 2554 post
2321 2509 2455 2555 puber-

237 2558 344 2589 tatem
372 2553 449 2588 sine
479 2553 601 2589 liberis
633 2558 749 2588 tamen
779 2563 829 2589 ex
859 2553 1027 2599 leqitimis
1056 2552 1194 2598 nuptiis
1223 2553 1258 2587 ei
1287 2554 1383 2588 natis
1417 2554 1604 2596 moriatur,
1632 2554 1896 2600 possessionem
1919 2556 1953 2589 et
1977 2553 2172 2589 dominium
2195 2553 2351 2589 eiusdem
2373 2553 2455 2588 sub·

284 2705 297 2733 1
326 2702 492 2744 κωπαρία
516 2700 548 2732 L

235 2744 248 2790 ΙΙ
271 2747 292 2778 4
316 2742 443 2777 δικαίω
468 2745 527 2776 καὶ
550 2740 759 2776 δεσποτείας
782 2744 812 2776 L
835 2742 847 2785 ΙΙ
875 2745 989 2788 ιερείω
1015 2745 1065 2776 La
1090 2742 1176 2787 ἱερεῖ
1198 2743 1244 2776 Μ
1254 2742 1266 2785 ΙΙ
1293 2744 1312 2776 5

235 2789 466 2822 κιόνσταντος
486 2789 550 2821 τοῦ
574 2800 638 2821 του
657 2789 727 2830 (sic)
753 2789 785 2821 L
810 2788 822 2829 11
846 2790 865 2821 6
889 2800 957 2831 μου
977 2786 1053 2821 υἶοῦ
1078 2801 1135 2821 om.
1161 2799 1180 2824 ς
1195 2786 1213 2841 {L
1224 2785 1314 2830 μετὰ

235 2834 325 2875 τῶν]
347 2845 421 2866 cum
445 2833 599 2866 omnibus
623 2835 658 2870 (i.
681 2846 705 2866 e.
725 2831 815 2874 μετὰ
835 2829 990 2866 πάντων
1013 2832 1101 2874 τῶν)
1127 2844 1146 2869 ς
1162 2832 1174 2876 ΙΙ
1192 2843 1314 2865 οντων

238 2879 277 2912 ἐν
302 2875 400 2911 αὐτοῦ
426 2879 483 2920 M]
516 2879 556 2911 ἐν
585 2873 684 2910 αὐτῶ
709 2875 832 2910 ὄντων
856 2876 924 2914 Lbc
949 2873 1059 2910 αὐτοῦ
1084 2876 1206 2910 ὄντων
1229 2877 1280 2909 L⁰
1303 2875 1315 2920 ΙΙ

239 2926 256 2956 7
290 2921 446 2963 σκαλῶν]
478 2924 514 2954 in
543 2932 677 2955 ascensu
704 2925 737 2955 et
760 2922 917 2954 descensu
941 2920 1085 2955 σκαλῶν
1109 2933 1129 2958 ς
1155 2921 1167 2963 ΙΙ
1199 2923 1217 2956 8
1243 2920 1314 2954 εἴτε

238 2965 345 3001 ἔνδον
358 2986 401 2991 -
415 2965 634 3010 οἰκημάτων]
659 2967 726 3000 sive
741 2966 846 2999 illatis
861 2977 936 3000 cum
952 2967 1102 2999 conclavi
1119 2968 1273 2999 domuum
1294 2977 1314 3001 ς

237 3014 248 3056 ΙΙ
264 3015 301 3047 11
317 3014 535 3056 κινστέρνοις
554 3013 595 3044 M
608 3014 782 3055 (deforma
799 3014 989 3055 κίνστερνα
1008 3014 1049 3055 cf
1069 3012 1104 3044 B
1122 3014 1175 3053 60,
1191 3011 1314 3053 ¹2,21)11

240 3059 282 3091 14
304 3058 441 3100 μέντοι]
467 3057 600 3098 quidem
624 3068 643 3093 ς
672 3057 684 3100 ΙΙ
714 3058 755 3090 16
779 3057 1038 3089 emancirati'ona
1060 3057 1092 3089 L
1116 3057 1314 3099 ἐμανκιπα-

237 3104 342 3135 τίονα
367 3103 407 3135 Μ
423 3102 435 3145 ΙΙ
455 3104 495 3136 18
518 3103 600 3135 inter
623 3114 674 3134 vv.
697 3113 766 3145 μου
790 3099 929 3146 ἐγγόνω
954 3109 983 3135 et
1006 3097 1096 3134 ἀλλὰ
1115 3098 1207 3144 μηδὲ
1231 3102 1263 3134 in
1282 3100 1313 3133 L

237 3155 443 3190 praepostere
467 3147 656 3190 interposita
680 3154 726 3180 est
744 3147 911 3189 particula
938 3158 1008 3179 nov.
1032 3146 1234 3180 CXXXIII
1253 3158 1278 3179 c.
1294 3145 1314 3178 6

237 3188 261 3232 ἢ
283 3193 360 3224 ταῖς
383 3190 503 3224 θείαις
526 3193 617 3233 (675,
637 3192 666 3234 2)
681 3210 725 3216 —
746 3191 840 3225 CXL
851 3191 885 3224 V
891 3204 947 3234 pr.
972 3190 1042 3233 τὴν
1064 3191 1127 3224 τοῦ
1152 3187 1314 3235 πράγμα-

238 3245 298 3268 τος
321 3238 485 3278 (711‚24):
512 3238 551 3269 de
575 3249 636 3279 quo
661 3249 768 3270 errore
792 3249 830 3269 ez·
854 3237 966 3269 ordine
991 3238 1123 3269 duorum
1149 3236 1317 3279 archetypi

240 3283 479 3322 quaternionum
499 3283 624 3314 turbato
641 3282 810 3324 repetendo
828 3282 966 3314 diximus
982 3282 1028 3313 ad
1042 3281 1118 3321 675,
1132 3287 1159 3313 2.
1177 3282 1254 3322 711,
1267 3287 1312 3313 24.

238 3322 250 3368 ΙΙ
267 3326 307 3358 19
334 3324 415 3366 εἴτε]
436 3323 503 3367 ἤδη
528 3326 560 3358 L
577 3325 589 3369 ΙΙ
605 3337 673 3367 μου
701 3339 760 3359 om.
785 3336 805 3362 ς
820 3326 832 3368 ΙΙ
850 3324 921 3358 εἴτε
945 3325 983 3357 ἐκ
1007 3321 1184 3367 διαθήκης
1207 3337 1265 3358 om.
1282 3325 1314 3357 L

239 3370 308 3408 1120
334 3367 582 3412 διαδεχομένης
606 3370 637 3402 L
655 3370 667 3413 ΙΙ
694 3372 732 3404 21
760 3369 806 3403 τὰ
832 3366 924 3402 αὐτὰ
948 3367 1082 3411 δίκαια]
1106 3369 1181 3402 iura
1201 3369 1271 3403 eius
1295 3380 1315 3405 ς

239 3411 251 3457 ΙΙ
275 3414 316 3446 25
348 3411 468 3456 πύλης]
499 3412 637 3448 πόλεως
661 3416 712 3447 La
741 3414 754 3458 ΙΙ
780 3414 845 3447 τοῦ
869 3415 998 3448 Συκῶν
1021 3418 1156 3456 τείχους
1180 3427 1238 3447 om.
1262 3425 1282 3450 ς
1303 3412 1315 3458 ΙΙ

242 3458 281 3490 27
308 3456 436 3500 θέκλης
460 3459 491 3491 L
526 3460 531 3501 Ι
562 3460 603 3492 29
629 3461 886 3506 προειρημένον
910 3472 968 3492 om.
993 3460 1024 3491 L
1051 3459 1063 3503 ΙΙ
1094 3461 1133 3493 31
1162 3461 1220 3491 aut
1240 3461 1315 3501 post

240 3501 445 3542 pubertatem
470 3514 489 3538 ς
526 3503 531 3546 Ι
559 3504 600 3536 33
626 3501 923 3545 ἀποκαταστῆναι
946 3504 1031 3544 ML]
1062 3499 1314 3538 ἀποκαταστα-

241 3544 358 3587 θῆναι
379 3559 446 3580 cum
470 3547 666 3581 Haloandro
690 3549 774 3592 vuly.
792 3548 804 3592 ΙΙ
823 3550 867 3582 34
890 3550 949 3581 καὶ
973 3549 1029 3590 Μ]
1049 3560 1090 3582 τε
1113 3550 1173 3581 καὶ
1193 3549 1225 3581 L

291 3676 308 3710 1
334 3678 488 3718 cupparia
510 3679 541 3711 R
565 3679 662 3723 cupia
690 3681 728 3713 T¹
749 3681 761 3724 ΙΙ
786 3682 806 3714 2
833 3681 954 3723 reliqui
977 3682 1032 3726 ΤΠ
1051 3684 1072 3715 4
1095 3682 1221 3715 hierico
1245 3683 1278 3715 R
1300 3681 1313 3727 Η

235 2598 366 2634 urbani
385 2598 535 2644 praedii
564 2597 621 2633 vel
648 2598 774 2633 domus
800 2599 993 2643 perveniat
1021 2601 1058 2633 et
1085 2599 1266 2643 competat
1295 2608 1358 2633 seu
1387 2599 1600 2634 restituatur
1623 2598 1974 2644 maqnificentissimo
1998 2599 2075 2634 eius
2095 2597 2196 2644 patri
2221 2597 2454 2634 Constantino

571 2700 582 2740 ΙΙ
608 2698 814 2731 κιόνσταντι
832 2699 864 2731 L
880 2699 894 2752 J!
912 2700 931 2732 3
956 2696 1101 2739 τελείας]
1125 2700 1270 2740 perfecto
1294 2709 1313 2733 ς
1346 2702 1348 2730 Ι
1381 2699 1588 2739 eugenistato
1613 2699 1688 2732 RV
1706 2699 1841 2741 eugenii
1861 2699 1867 2741 ί
1887 2700 1978 2732 statu
2006 2699 2038 2731 T
2062 2697 2074 2741 ΙΙ
2104 2700 2124 2732 5
2147 2697 2211 2730 filii
2236 2698 2280 2731 T¹
2305 2697 2318 2742 [1
2343 2697 2378 2730 in
2402 2698 2454 2730 in·

1380 2745 1474 2784 tegre
1496 2743 1540 2784 V]
1566 2742 1602 2775 in
1625 2743 1662 2775 in
1689 2744 1723 2784 (i.
1749 2756 1774 2777 e.
1799 2744 1835 2776 in
1859 2742 2065 2784 integrum?)
2089 2743 2157 2775 ΒΤ
2175 2742 2343 2784 integrum
2366 2744 2453 2787 vulq-

1381 2788 1391 2829 Η
1407 2789 1514 2830 ipsum
1534 2801 1592 2820 om.
1614 2787 1708 2830 V116
1731 2790 1809 2820 sunt
1831 2788 1867 2820 in
1892 2798 1931 2820 eo
1949 2788 1981 2820 T
1992 2787 2003 2830 ΙΙ
2024 2789 2040 2820 7
2063 2786 2257 2819 *ascensum
2274 2789 2306 2819 et
2323 2787 2455 2820 descen-

1380 2843 1451 2864 sum
1475 2833 1552 2865 RV
1580 2842 1742 2865 accessum
1774 2835 1806 2865 et
1830 2832 1996 2865 decessum
2023 2832 2054 2864 T
2080 2830 2092 2874 ΙΙ
2123 2829 2279 2872 σκαλιῦν]
2311 2842 2455 2873 σηαοωΝ

1382 2878 1453 2919 (sic)
1478 2877 1512 2910 R
1535 2877 1656 2920 opalon
1681 2878 1713 2910 T
1732 2876 1822 2919 opali
1846 2877 1879 2910 V
1902 2878 1913 2919 ΙΙ
1941 2876 2113 2909 conductis
2136 2876 2242 2917 Beck]
2267 2876 2454 2909 coniunctis

1383 2923 1460 2955 libri
1481 2921 1493 2965 ΙΙ
1520 2924 1539 2956 8
1561 2932 1637 2954 cum
1660 2935 1717 2956 om.
1739 2922 1774 2955 V
1791 2922 1803 2965 ΙΙ
1829 2921 1986 2954 conclaue
2011 2920 2109 2963 RVH
2133 2920 2289 2953 domuum
2311 2921 2453 2964 Vvuly]

1382 2966 1497 2999 domus
1524 2967 1556 3000 T
1575 2967 1674 3000 domu
1697 2966 1730 2999 R
1746 2965 1757 3009 ΙΙ
1784 2969 1804 3001 9
1829 2967 1933 2999 baneo
1954 2967 1987 3000 V
1999 2965 2011 3009 ΙΙ
2027 2965 2109 2998 ortis
2133 2966 2202 2998 ΒΤ
2215 2964 2228 3009 ΙΙ
2243 2965 2332 2998 intra
2356 2966 2454 3009 vala]

1382 3011 1470 3044 infra
1493 3012 1598 3045 RVT
1621 3011 1633 3055 ΙΙ
1666 3013 1705 3045 10
1731 3011 1964 3054 hipodromum
1983 3010 2034 3044 V2
2057 3009 2271 3053 hipodomum
2304 3009 2352 3043 V¹
2375 3020 2454 3053 ypo-

1381 3056 1532 3089 dromum
1555 3057 1624 3089 RT
1648 3055 1660 3099 ΙΙ
1688 3056 1788 3097 quod]
1815 3057 1873 3100 leq.
1899 3055 1982 3097 qui?
2009 3054 2021 3098 ΙΙ
2050 3054 2087 3087 in
2118 3065 2155 3087 eo
2181 3057 2240 3095 est]
2263 3054 2367 3087 estin
2391 3055 2456 3098 Ru

1381 3103 1491 3133 ortum
1509 3101 1613 3134 RVT
1624 3100 1636 3144 ΙΙ
1655 3101 1796 3133 cisterna
1814 3102 1845 3134 T
1860 3101 1872 3144 11
1891 3103 1929 3135 11
1949 3109 2173 3142 quaecumque
2189 3099 2258 3132 ΕΤ
2270 3099 2282 3142 ΙΙ
2303 3100 2342 3132 12
2356 3109 2455 3141 supra

1386 3147 1416 3178 Τ
1430 3145 1441 3189 ΙΙ
1456 3145 1521 3178 isto
1542 3146 1573 3178 R
1589 3145 1601 3188 ΙΙ
1620 3145 1691 3177 dari
1713 3146 1815 3188 vulq]
1844 3146 1920 3178 data
1941 3145 2003 3178 VT
2022 3144 2098 3176 data
2122 3146 2170 3176 est
2194 3143 2226 3176 R
2245 3147 2257 3187 ΙΙ
2273 3143 2358 3176 idem
2384 3145 2426 3177 al.
2443 3143 2455 3187 ΙΙ

1384 3192 1424 3224 13
1448 3190 1652 3233 praedictum
1679 3190 1726 3223 Ta
1752 3189 1764 3233 ΙΙ
1790 3190 1903 3222 heerio
1930 3190 1961 3222 T
1981 3188 2106 3221 hierico
2131 3188 2253 3230 31114
2272 3188 2454 3230 emantipa-

1382 3235 1472 3267 tione
1492 3235 1548 3278 VH
1568 3237 1607 3269 15
1633 3235 1720 3275 data]
1745 3236 1784 3267 de
1802 3235 1863 3267 tali
1882 3234 1936 3278 Vss
1957 3235 1996 3267 16
2014 3233 2073 3275 qui
2088 3245 2146 3266 om.
2163 3234 2247 3276 vuly.
2265 3234 2321 3276 (Cf
2336 3235 2412 3274 741,
2425 3234 2454 3273 5)

1380 3281 1392 3323 Η
1414 3281 1476 3312 hoc
1501 3293 1559 3313 om.
1584 3279 1645 3322 12¹,
1676 3290 1748 3312 meo
1774 3281 1850 3312 add.
1872 3281 1957 3321 vulq.
1987 3278 1999 3321 ΙΙ
2033 3281 2069 3312 17
2102 3278 2169 3310 sive
2199 3287 2238 3310 ex
2260 3279 2454 3310 testamento

1382 3337 1439 3358 om.
1461 3325 1510 3358 R¹
1537 3324 1549 3368 ΙΙ
1582 3325 1621 3358 18
1647 3324 1717 3356 eius
1740 3324 1814 3356 iura
1841 3324 1873 3357 T
1894 3328 1906 3366 ΙΙ
1930 3325 2141 3366 permutuare
2167 3322 2199 3355 T
2220 3322 2232 3364 ΙΙ
2255 3322 2310 3364 (20
2334 3323 2454 3364 ipsum]

1381 3371 1439 3402 aut
1462 3370 1570 3412 ipsum
1595 3370 1696 3413 vulq.)
1719 3367 1731 3411 ΙΙ
1757 3370 1797 3403 21
1823 3371 1998 3411 propterea
2022 3368 2116 3400 Beck
2131 3366 2143 3410 ΙΙ
2162 3366 2249 3408 quod
2273 3379 2331 3399 om.
2355 3365 2408 3409 Vll
2425 3366 2454 3397 si

1388 3414 1438 3446 V¹
1456 3414 1468 3457 1Ι
1487 3416 1528 3448 22
1553 3413 1643 3446 dedit
1666 3414 1699 3447 R
1717 3413 1728 3456 ΙΙ
1755 3413 1871 3446 «eirca
1893 3414 1925 3446 V
1930 3412 1952 3453 ¹,
1978 3425 2035 3445 om.
2060 3412 2103 3452 R,
2127 3411 2217 3444 iusta
2240 3413 2272 3452 [i.
2299 3423 2324 3443 e.
2348 3410 2452 3449 iuxta]

1381 3471 1406 3491 s.
1423 3471 1450 3491 v.
1471 3458 1521 3492 ΤΞ
1538 3459 1550 3502 {l
1568 3458 1789 3491 uenerabilem
1819 3459 1869 3491 Τα
1885 3458 1897 3500 ss
1916 3458 1957 3491 23
1981 3456 2065 3489 tecle
2090 3456 2151 3497 ΤΞ]
2176 3455 2310 3488 ecclesie
2333 3454 2452 3496 (suppl.

1389 3503 1438 3537 V³
1461 3505 1493 3536 in
1517 3510 1602 3547 spat.
1623 3515 1691 3536 vac.
1718 3505 1803 3536 6-7
1831 3503 1901 3543 litt.)
1926 3501 2047 3535 RVT¹
2064 3501 2076 3543 ΙΙ
2094 3501 2266 3544 perpetuo]
2293 3499 2453 3540 perpetuo

1381 3558 1548 3581 remanere
1570 3548 1604 3582 V
1619 3550 1814 3590 perpetuare
1831 3547 1900 3580 RT
1919 3546 2120 3590 (perpetuari
2137 3545 2209 3578 edd.
2227 3543 2361 3584 aliquot)
2378 3540 2390 3586 ΙΙ
2410 3543 2453 3576 24

1379 3595 1461 3633 mea]
1487 3603 1524 3625 ea
1542 3592 1572 3626 T
1585 3591 1597 3632 ss
1617 3594 1658 3626 25
1684 3591 1910 3634 contingnerit
1929 3592 1961 3624 Τ
1973 3590 1986 3634 ΙΙ
2004 3591 2044 3623 27
2061 3585 2335 3637 impuberem-'1⁷3
2351 3587 2452 3629 vul9.]

1379 3638 1535 3727 ¹puberem
1558 3637 1679 3670 RVT¹
1697 3637 1709 3681 ΙΙ
1726 3637 1898 3680 pubertate
1919 3635 1976 3678 Vss
2000 3636 2046 3667 tm
2060 3634 2091 3667 R
2108 3633 2121 3675 ΙΙ
2138 3633 2180 3665 29
2203 3632 2335 3664 restitui
2359 3631 2453 3664 Beck

1416 3683 1457 3716 30
1482 3682 1601 3715 eisdem
1628 3682 1660 3714 Τ
