2580 4022
179 153 236 182 DE
268 152 425 183 RAP'rls
455 153 724 183 MUanuBUS
1144 201 1147 202 ⁷
1252 138 1335 186 725
2118 145 2224 188 Nov.
2247 145 2316 188 CL
2346 159 2407 199 pr.

1166 276 1322 312 CAPUT
1348 276 1413 313 III.

317 343 436 375 Ταῒντα
465 344 532 385 μὲν
563 334 627 375 οὖν
658 338 754 385 ἡμεῖς
785 345 857 376 τοῖς
889 344 929 375 ἐν
958 346 1035 377 ’ταῖς
1065 345 1248 387 ἐπαρχίαις
1279 341 1429 379 ἅπαντα
1462 342 1775 389 προκηρύττοντες,
1809 349 1867 378 καὶ
1900 343 2014 389 ταύτη
2040 343 2241 380 δεικνύντες
2264 343 2330 389 ὅση
2354 359 2408 381 τις

176 386 259 430 φ’μῖν
285 388 360 420 ἐστι
385 390 466 431 περὶ
491 387 573 420 τοὺς
595 385 769 428 ὑπηκόους
793 387 1070 435 φιλανθρωπία,
1097 387 1179 421 ἵλεώ
1205 402 1243 422 τε
1267 393 1327 422 καὶ
1351 387 1481 432 εὐμενῆ
1506 388 1573 423 τὸν
1600 387 1692 422 θεὸν
1714 389 1854 432 μᾶλλον
1878 383 2012 434 ι’,’Ξι)μεν,
2039 392 2099 433 ’τῆς
2122 393 2200 425 τῶν
2218 389 2406 426 ὑποτελῶν

175 430 368 474 (ἱβλαβείας
391 432 573 474 τοσαύτην
596 433 783 475 τιθέμενοι
808 433 997 477 πρόνοιαν.
1045 433 1080 467 οἱ
1104 432 1143 467 δὲ
1166 434 1296 476 ταύιης
1320 432 1425 477 ἡμῶν
1448 436 1510 477 τῆς
1537 433 1805 480 καλοκαγαθίας
1828 437 2052 478 ἐπιτυχόντες
2076 438 2107 469 εἰ
2131 441 2213 481 περὶ
2237 438 2305 480 τὴν
2329 440 2406 471 τῶν

176 474 366 520 ἀρχόντων
398 477 535 520 αἵρεσιν
560 475 802 522 διαμάρτοιεν,
831 474 960 510 οὖδέιά
985 478 1171 512 παντελῶς
1195 476 1217 521 ἢ
1242 480 1334 523 σφῆς
1357 477 1484 513 αὐτοὺς
1509 478 1744 513 αἰτιάσονται.
1794 481 1823 513 εἰ
1848 479 1887 514 δὲ
1910 485 1968 514 καὶ
1993 478 2237 525 οἶναβιὶλοιντο
2262 482 2406 516 τούτους

174 520 407 566 ἐπιλέγεσθαι
431 525 490 554 καὶ
514 523 560 555 εἰς
585 520 671 565 ἡμᾶς
696 519 900 566 ἀναφέρειν,
925 520 1036 556 οὐκέτ’
1063 522 1150 568 (tias)
1174 522 1318 557 δικαίως
1342 524 1423 558 τοὺς
1448 526 1622 558 ἐντεῖθεν
1646 527 1934 568 ἐκπεμπομιίὀυς
1964 527 2003 559 ἐν
2035 530 2112 560 ταῖς
2136 529 2320 572 ἐπαρχίαις
2345 526 2404 560 δια

173 566 242 608 τὴν
266 567 343 599 τῶν
367 564 552 608 δημοσίων
577 565 753 612 συλλογὴν
776 565 922 601 ἅπαντα
948 569 1125 611 πράττειν
1149 573 1448 614 προαιρουμένους
1473 572 1749 614 ἐπιμέμφαιντο,
1773 569 1876 615 <οὐδ’
1904 569 2024 615 ἡμεῖς)
2047 573 2110 605 τοῦ
2136 572 2260 606 λοιποῦ
2285 570 2405 610 ἀνεξό-

171 611 272 654 μεθα
298 610 523 654 προςιόντιον
550 609 673 645 αὐτῶν
697 615 756 644 καὶ
780 612 924 645 τούτους
945 614 1184 655 atriaque-'awa
1223 614 1257 647 οἱ
1280 614 1349 660 γὰρ
1373 614 1441 657 τὴν
1465 615 1628 654 ἐξουσίαν
1652 612 1736 659 παρ’
1762 614 1867 658 ἡμῶν
1893 614 2065 660 λαβόντες
2090 618 2152 659 τῆς
2176 618 2252 651 τῶν
2277 615 2405 660 ἀρχόν-

172 668 250 688 των
286 655 466 701 ἐπιλογῆς,
500 658 559 690 ἵνα
595 656 657 690 τὰς
692 654 800 701 (ῗρχας
831 660 961 701 προῖκα
989 656 1235 701 λαμβάνοντες
1266 659 1347 692 τοὺς
1380 659 1567 701 δημοσίους
1597 656 1768 703 εἰςάγοιεν
1796 659 1927 704 ᾳόρους
1960 657 2064 694 αὐτοί
2094 675 2134 695 τε
2165 659 2250 707 παρ’
2284 660 2406 696 αὐτῶν

171 698 344 744 μηδαμῶς
367 700 560 741 ἀδικοῖντο,
596 702 779 746 ῥαθυμουι
789 713 845 735 τες
876 700 974 735 οὗτοι
1006 707 1088 748 περὶ
1112 703 1180 746 τὴν
1204 704 1346 737 τούτων
1366 703 1535 751 ἐπιλογὴν
1559 701 1700 738 ἀνεκτοὶ
1724 704 1904 744 καθάπαξ
1926 705 1991 739 οὑκ
2016 708 2159 740 ἔσονται
2184 708 2406 751 μεμφόμενοι

172 743 312 778 τούτοις
347 750 407 779 καὶ
437 750 515 780 ταῖς
540 749 614 780 κατ’
648 744 769 780 αὐτῶν
800 746 1067 791 προςελεὺσεσιν
1097 744 1182 791 ἡμῖν
1213 748 1448 790 ἐνοχλοῦντες.
1496 748 1656 795 ἀναβολῇ
1693 747 1733 782 δὲ
1760 749 1929 793 χρήσεται
1961 752 2140 791 καθάπαξ
2172 749 2285 785 οὐδεὶς
2317 753 2407 796 πρὸς

171 790 239 832 τὴν
265 792 341 824 τῶν
374 793 610 835 ἐπικειμένων
635 789 734 834 αὐτῷ
760 790 944 846 δημοσίων
969 791 1095 837 φόρων
1119 791 1339 837 καταβολήν,
1371 792 1412 827 οὗ
1437 795 1538 828 θεῖος
1561 794 1663 836 οἶκος,
1688 792 1764 836 οὐχὶ
1789 794 1971 841 (ἷγιιοτοῖτη
1997 795 2174 838 ἐκκλησία,
2199 795 2261 830 οὐκ
2287 794 2407 843 εὐαγὲς

172 839 352 877 πτωχεῖον
384 834 406 879 ἢ
438 837 693 882 μοναστήριον,
728 835 795 870 ἀλλ
829 834 912 870 οἶδὲ
941 839 1063 880 μεῖζον
1094 834 1115 880 ἢ
1142 838 1295 872 ἔλαττον
1319 840 1522 885 πρόςωπον.
1571 838 1654 873 οὔτε
1679 838 1718 872 δὲ
1741 838 2034 884 πολιτευομένους
2056 841 2140 874 οὔτε
2161 840 2243 875 τοὺς
2268 841 2406 887 λεγομέ-

172 892 252 914 ϊους
284 880 502 926 ἐκλήπτορας
530 881 612 915 οὔτε
635 880 706 925 μὴν
730 882 812 916 τοὺς
835 881 967 924 ἄλλους,
1000 881 1049 915 οἶς
1073 884 1250 917 ἐπίκειται
1274 883 1295 927 ἡ
1321 886 1398 918 τῶν
1423 883 1607 928 δημοσίων
1632 882 1757 930 φόρων
1783 890 1938 930 φροντίς,
1964 886 2175 931 ἐξαιροῦμεν
2199 888 2263 920 τοῖ»1
2289 888 2406 920 ἐντεῦ-

173 926 244 957 θεν
275 925 454 960 κινδύνου,
501 926 545 960 τὰ
576 926 646 972 γὰρ
677 929 777 972 κοινῇ
810 928 902 961 πᾶσι
935 926 1191 962 λυσιτελοῦντα
1221 933 1460 974 προκρίνομεν
1491 931 1553 973 τῆς
1582 926 1707 963 ἀδίκου
1731 934 1973 975 προαιρέσεως
1996 932 2074 965 τῶν
2094 933 2140 966 εἰς
2163 932 2206 965 τὸ
2233 930 2409 975 δημόσιον

172 967 398 1015 ἀγνωμονεῖν
422 970 642 1005 ἐθελόντων.

306 1014 590 1062 <Ἐπίλογος >
630 1013 732 1050 ε’.Ωςτε
757 1015 796 1050 δὲ
819 1016 863 1050 τὰ
888 1017 1003 1050 καλῶς
1026 1014 1112 1061 ἡμῖν
1136 1016 1377 1062 παραστάντα
1403 1019 1541 1063 φανερὰ
1575 1021 1666 1052 πᾶσι
1690 1019 1876 1064 γενέσθαι,
1902 1019 2091 1064 κελεύομεν
2115 1022 2184 1063 τὴν
2209 1021 2277 1064 σὴν
2300 1020 2407 1066 ὑπερ-

171 1060 257 1102 οχὴν
289 1062 381 1094 κατά
404 1075 443 1094 τε
466 1062 535 1104 τὴν
558 1058 755 1104 εὐδαίμονα
778 1060 915 1103 ταύτην
937 1060 1048 1096 πόλιν
1068 1066 1126 1095 καὶ
1147 1062 1223 1115 μὴν
1247 1067 1306 1096 καὶ
1334 1065 1373 1095 ἐν
1397 1067 1474 1098 ταῖς
1497 1066 1682 1110 ἐπαρχίαις
1706 1065 1748 1098 τὸ
1775 1065 1897 1109 παρὸν
1918 1067 2024 1099 θεῖον
2048 1065 2187 1100 ἰ’δικτον
2212 1067 2408 1111 προθεῖναι

172 1108 219 1138 είς
246 1106 328 1139 τοὺς
360 1108 566 1151 περιφανεῖς
597 1104 749 1149 ἑκάστης
782 1106 921 1141 πόλεως
955 1107 1097 1150 τόπους,
1122 1105 1211 1141 ὡςτε
1234 1106 1371 1150 μηδένα
1396 1107 1589 1142 διαλαθεῖν
1613 1109 1682 1152 τὴν
1707 1109 1947 1154 ἐξηυρημένην
1971 1111 2150 1155 πρόνοιαν
2173 1113 2236 1154 τῆς
2258 1110 2407 1157 γαληνό-

171 1162 276 1192 τητος
306 1147 410 1194 ἡμῶν
441 1150 532 1195 ὑπέρ
562 1164 601 1184 τε
634 1152 698 1185 τοῦ
728 1150 898 1195 δημοσίου
930 1155 988 1185 καὶ
1019 1154 1082 1195 τῆς
1113 1154 1190 1186 τῶν
1223 1151 1411 1188 ὑποτελῶν
1443 1151 1648 1198 ἆβλαβείας.
1695 1154 1777 1190 Dat.
1803 1155 1880 1192 XV.
1904 1156 1941 1191 k.
1967 1156 2072 1192 Febr.
2099 1157 2168 1192 ΟΡ.
2201 1157 2326 1202 (imp.)
2350 1157 2407 1191 dn.

171 1196 300 1231 Iustini
323 1206 383 1241 pp.
409 1197 499 1240 Aug.
525 1198 641 1242 <anuo
665 1197 751 1241 1V.>
771 1199 854 1242 post
879 1207 977 1233 cons.
1003 1197 1159 1233 eiusdem
1183 1198 1298 1244 <anno
1323 1198 1423 1243 ΙΙΙ.>.
2246 1205 2291 1243 [a.
2318 1204 2406 1243 569]

1252 1355 1323 1391 CL.
1799 1357 1911 1394 Auth.
1930 1357 2213 1394 cxxx11.0011.
2232 1359 2283 1394 lx
2299 1359 2353 1394 tit.
2372 1362 2411 1394 13

222 1424 274 1472 R
307 1424 400 1472 DE
436 1423 681 1474 RAPTIS
718 1424 1137 1475 MULIERIBUS
1174 1426 1266 1474 ΕΤ
1302 1424 1490 1485 QUAE
1524 1425 1955 1478 RAPTORIBUS
1993 1428 2273 1478 NUBUNT
2303 1429 2357 1477 R

171 1512 213 1545 In
244 1512 384 1547 nomine
416 1511 548 1547 domini
578 1513 691 1548 nostri
721 1513 804 1549 Iesu
835 1513 969 1548 Christi
1002 1513 1202 1558 Imperator
1234 1514 1368 1550 Caesar
1399 1512 1548 1548 Flavius
1573 1514 1793 1551 Iustinianus
1816 1515 2072 1551 Alamannicus
2097 1515 2270 1551 Gothicus
2296 1517 2409 1551 Fran-

174 1557 273 1592 cicus
298 1558 533 1592 Germanicus
556 1558 708 1594 Anticus
732 1558 906 1594 Alanicus
930 1559 1178 1639 UuandalicAusl
1199 1559 1458 1640 Afglilguzepffis
1491 1559 1577 1593 felix
1605 1560 1750 1596 inclitus
1784 1561 1896 1596 victor
1926 1570 1971 1597 ac
2001 1562 2239 1606 triumphator
2271 1572 2411 1606 semper

1180 1615 1242 1648 gns
1443 1632 1450 1639 .

304 1669 599 1715 (Praefatio.)
645 1669 750 1714 Legis
782 1670 1112 1716 interpretationem
1144 1671 1288 1706 culmini
1317 1674 1456 1705 tantum
1480 1670 1670 1715 principali
1695 1674 1896 1716 competere
1919 1671 2051 1706 nemini
2075 1672 2226 1708 venitin
2252 1673 2411 1715 dubium,

172 1725 251 1750 cum
272 1715 550 1759 promulgandae
573 1725 713 1759 quoque
737 1716 824 1759 legis
849 1716 1098 1751 auctoritatem
1121 1716 1289 1752 fortunae
1313 1716 1380 1750 sibi
1403 1716 1560 1750 vindicat
1584 1716 1787 1751 eminentia.
1823 1716 2051 1751 Meminimus
2074 1717 2196 1761 itaque
2216 1727 2282 1761 pro
2307 1721 2413 1761 raptu

171 1761 374 1802 mulierum,
407 1761 480 1795 sive
508 1760 579 1794 iam
610 1760 848 1804 desponsatae
875 1760 1011 1796 fuerint
1041 1762 1095 1796 vel
1127 1761 1263 1796 maritis
1295 1760 1510 1795 coniunctae
1521 1765 1530 1803 ss
1543 1761 1617 1796 sive
1647 1771 1739 1802 nou,
1768 1761 1823 1795 vel
1847 1761 1954 1796 etiam
1980 1762 2010 1796 si
2033 1761 2162 1796 viduae
2186 1762 2275 1805 sint,
2300 1762 2412 1806 legem

170 1808 277 1840 antea
298 1805 472 1849 posuisse,
497 1808 533 1839 et
557 1805 686 1849 capitis
710 1805 904 1840 subiecisse
928 1805 1103 1850 supplicio
1128 1816 1201 1840 non
1225 1808 1363 1841 tantum
1388 1808 1563 1850 raptores,
1587 1815 1708 1841 verum
1733 1806 1842 1841 etiam
1867 1806 2016 1841 comites
2041 1816 2164 1842 eorum
2187 1817 2254 1842 nec
2278 1818 2350 1842 non
2377 1809 2411 1841 et

171 1851 261 1885 alios
286 1850 346 1895 qui
366 1850 417 1885 eis
440 1849 613 1885 auxilium
638 1851 798 1895 tempore
820 1850 1014 1886 invasionis
1035 1851 1229 1886 contulisse
1251 1854 1452 1886 noscuntur
1476 1853 1512 1885 et
1536 1860 1609 1886 non
1639 1852 1781 1886 tantum
1811 1851 2021 1895 parentibus
2052 1851 2257 1895 mulierum,
2291 1862 2411 1888 verum

305 1941 392 1974 Nov.
416 1942 473 1975 CL
497 1942 658 1980 (Anthent.
682 1941 925 1974 CXXXII=
948 1941 1027 1974 Cotl.
1044 1942 1105 1974 IX
1120 1943 1165 1975 tit.
1184 1942 1227 1983 13)
1261 1949 1307 1975 est
1336 1943 1471 1975 alterum
1505 1942 1668 1985 exemplar
1692 1942 1839 1975 novellae
1865 1943 2028 1976 CXLIII
2048 1943 2156 1976 Leoni
2173 1945 2282 1985 praef
2304 1950 2411 1985 praet.

172 1987 238 2019 sive
262 1986 384 2018 Italiae
410 1988 477 2019 sive
502 1987 631 2030 Illyrici
662 1987 849 2028 inscriptum
879 1986 934 2028 (cf.
961 1998 1044 2027 quae
1069 1987 1124 2018 illo
1151 1987 1218 2019 loco
1244 1988 1445 2029 exposuimus
1466 1999 1502 2029 p.
1521 1989 1609 2028 707),
1644 1987 1731 2029 quod
1752 1994 1899 2019 servatur
1925 1988 1957 2019 in
1982 1987 2066 2019 Iutv
2081 1989 2115 2029 s.
2135 1988 2194 2020 171
2218 1995 2248 2020 et
2272 1989 2305 2020 in
2323 1988 2413 2030 Leye

173 2032 325 2063 Romana
346 2032 498 2063 canonice
523 2038 648 2072 compta
674 2043 699 2062 c.
719 2032 782 2063 199
807 2031 864 2070 (=
881 2031 914 2069 l).
962 2030 1128 2062 Lectionis
1154 2032 1415 2073 discrepantiam,
1438 2043 1520 2072 quae
1546 2032 1591 2062 ad
1616 2041 1691 2062 nov.
1715 2031 1876 2063 CXLIII
1898 2033 2025 2072 inteyra
2051 2032 2218 2073 adscripta
2243 2039 2305 2071 est,
2334 2033 2364 2063 h.
2390 2033 2411 2063 l.

174 2088 235 2108 non
262 2077 485 2108 adnotavimus
510 2076 575 2107 nisi
597 2076 652 2106 ubi
674 2076 855 2116 scripturas
879 2074 962 2105 Iul-P
985 2081 1014 2106 et
1037 2075 1049 2105 l
1072 2076 1247 2117 recepimus
1271 2087 1291 2106 a
1317 2082 1461 2107 contextu
1484 2075 1609 2116 qualem
1634 2075 1690 2106 illo
1717 2075 1784 2106 loco
1807 2076 2025 2107 constituimus
2050 2076 2280 2115 discrepantes.

309 2120 349 2152 In
375 2121 479 2152 indice
504 2119 550 2151 M
568 2120 646 2151 haec
669 2119 797 2151 novella
821 2120 960 2160 refertur
984 2115 1037 2160 ρν’
1059 2120 1142 2161 περὶ
1171 2119 1235 2159 τῆς
1262 2117 1487 2162 γαμηθείσης
1519 2117 1571 2159 τῷ
1601 2115 1805 2160 ἆρπάζοντι
1830 2115 1966 2160 αὐτήν.·
2002 2114 2094 2160 αὕτη
2116 2114 2180 2151 οὐκ
2205 2117 2339 2162 ἐγράφη
2364 2117 2414 2152 αἷς

175 2165 319 2208 ῥωμαία
343 2157 434 2197 οῧσα
458 2164 682 2209 γεγραμμένη
703 2164 818 2195 addita
842 2164 1003 2195 notatione
1027 2157 1103 2203 ἥτις
1127 2163 1203 2195 ἐστὶ
1228 2164 1489 2207 προγενεστέρα
1512 2162 1576 2194 τοῦ
1601 2160 1758 2195 κώδικος.
1808 2163 1868 2196 ἐπὶ
1897 2164 1964 2204 μὲν
1987 2161 2055 2207 γὰρ
2083 2163 2146 2204 τῆς
2179 2160 2287 2205 αὐτῆς
2320 2159 2410 2197 ὑπα-

175 2213 269 2242 τείας
299 2211 357 2242 καὶ
390 2206 409 2241 ὁ
442 2206 554 2247 κώδιξ
585 2210 644 2240 καὶ
676 2205 766 2249 αὕτη
797 2206 1066 2251 ἐκπεφῑὸνηται·
1099 2203 1180 2239 ἀλλ’
1213 2207 1342 2240 ἐκεῖνος
1367 2208 1516 2248 (ἐκείνου
1538 2208 1622 2247 cod.)
1653 2208 1721 2249 μὲν
1752 2207 1792 2239 ἐν
1824 2207 1877 2240 τῶ
1903 2209 2031 2252 πέρατι
2055 2207 2117 2250 τῆς
2142 2203 2314 2242 ὑπατείας
2338 2208 2408 2252 πρὸ

175 2265 365 2309 τεσσάρων
389 2262 582 2298 καλανδῶν
604 2264 846 2309 ἰαννουαρίων
870 2265 926 2305 (cfi
951 2270 1048 2295 const.
1068 2262 1169 2295 Cordi
1193 2263 1289 2295 nobis
1315 2265 1363 2294 est
1388 2263 1409 2306 ἓ
1434 2265 1454 2295 4
1474 2275 1508 2305 p.
1528 2264 1558 2304 5,
1571 2270 1606 2296 26
1632 2263 1781 2306 Krueq.)‚
1806 2258 1897 2304 αὕτη
1923 2260 1963 2295 δὲ
1985 2275 2031 2295 κα
2054 2265 2114 2296 καὶ
2137 2255 2182 2306 ἦ
2205 2265 2301 2306 (corr.
2319 2259 2410 2305 αὕτη

177 2309 215 2344 δὲ
238 2310 313 2344 καλ.
340 2310 450 2351 iun.‘?)
476 2320 559 2353 quae
584 2322 691 2342 errore
716 2310 775 2342 huc
801 2309 962 2342 translata
988 2309 1033 2340 ad
1057 2320 1128 2340 nov.
1152 2308 1234 2341 CLI
1253 2309 1305 2340 vel
1331 2308 1436 2341 CLII
1450 2309 1592 2350 pertinet
1616 2308 1671 2350 (cf.
1699 2309 1744 2340 ad
1760 2320 1797 2350 p.
1816 2309 1893 2349 728,
1914 2310 1967 2349 11).

310 2442 375 2477 ΙΙΙ.
424 2443 541 2487 Atque
572 2440 661 2475 haec
692 2451 759 2474 nos
791 2440 911 2474 omnia
943 2450 1021 2474 cum
1053 2440 1097 2474 iis
1128 2439 1191 2484 qui
1213 2439 1252 2473 in
1275 2440 1474 2485 provinciis
1497 2443 1583 2473 sunt
1599 2438 1855 2484 praedicemus
1878 2450 1992 2484 eoque
2015 2440 2122 2474 modo
2145 2447 2282 2484 quanta
2306 2441 2412 2475 nobis

176 2491 223 2525 sit
251 2499 341 2534 erqa
373 2487 551 2522 subiectos
583 2485 769 2521 clementia
799 2485 1039 2526 ostendamus,
1068 2484 1186 2530 maqis
1202 2484 1407 2530 propitium
1431 2487 1466 2519 et
1489 2483 1694 2530 benevolum
1718 2482 1820 2518 deum
1845 2483 2061 2525 habebimus,
2086 2485 2148 2529 qui
2172 2485 2412 2520 incolumitati

176 2535 416 2570 subiectorum
442 2535 578 2566 tantam
602 2541 726 2565 curam
751 2529 991 2565 adhibeamus.
1039 2528 1109 2571 ,Qui
1133 2534 1250 2564 autem
1275 2529 1343 2563 hac
1366 2532 1492 2563 nostra
1517 2528 1733 2563 liberalitate
1754 2528 1866 2573 potiti
1887 2533 1981 2569 sunt,
2005 2529 2038 2563 si
2066 2529 2104 2563 in
2133 2530 2410 2575 maqistratuum

177 2580 351 2615 electione
377 2576 618 2623 peccaverint,
651 2575 825 2609 neminem
856 2575 999 2609 omnino
1023 2574 1094 2608 nisi
1116 2584 1155 2608 se
1177 2574 1248 2619 ipsi
1271 2574 1497 2608 incusabant.
1544 2572 1683 2614 Quodsi
1704 2574 1810 2607 etiam
1835 2573 2042 2608 distulerint
2064 2585 2125 2609 eos
2148 2574 2283 2619 eliqere
2306 2579 2339 2610 et
2362 2575 2411 2609 ad

177 2636 244 2659 nos
274 2623 430 2662 referre,
462 2632 534 2656 non
562 2620 688 2656 merito
721 2619 876 2664 amplius
904 2630 964 2654 eos
996 2619 1059 2663 qui
1088 2618 1170 2653 ltine
1201 2619 1240 2653 in
1263 2619 1476 2664 provincias
1507 2619 1698 2653 mittuntur
1727 2622 1884 2663 propter
1915 2619 2141 2665 tributorum
2163 2619 2409 2654 collectionem

178 2673 308 2704 cuncta
336 2669 461 2712 facere
492 2665 636 2700 studere
668 2667 943 2709 conquerentur,
974 2674 1088 2708 neque
1121 2674 1187 2697 nos
1218 2663 1256 2697 in
1274 2668 1463 2708 posterum
1480 2663 1664 2708 patiemur
1688 2672 1750 2696 eos
1773 2673 1839 2697 nos
1862 2663 1964 2698 adire
1987 2667 2095 2714 atque
2118 2663 2202 2699 illos
2225 2675 2410 2700 accusare.

178 2714 247 2756 Qui
278 2714 370 2748 enim
401 2714 613 2757 potestatem
646 2721 667 2744 a
699 2709 802 2744 nobis
833 2709 933 2743 nacti
962 2712 1048 2742 sunt
1069 2708 1280 2753 praesidum
1313 2707 1578 2753 eliqendorum,
1617 2710 1658 2741 ut
1688 2708 1905 2752 maqistratu
1938 2713 2055 2753 qratts
2085 2713 2233 2754 accepto
2263 2709 2410 2754 publica

179 2758 311 2793 tributa
342 2758 507 2801 inferant
537 2766 623 2791 neve
654 2755 725 2800 ipsi
756 2754 800 2789 ab
832 2753 906 2787 illis
937 2753 1012 2788 ulla
1042 2752 1176 2787 iniuria
1207 2752 1433 2797 afficiantur,
1466 2752 1493 2785 ii
1524 2762 1603 2786 cum
1627 2752 1664 2784 in
1688 2751 1861 2787 electione
1885 2763 2007 2787 eorum
2032 2754 2262 2832 neclegenter
2285 2757 2409 2799 ayant,

178 2804 322 2839 omnino
353 2801 500 2847 ferendi
532 2811 603 2835 non
635 2803 752 2838 erunt,
783 2799 817 2833 si
833 2798 877 2833 de
905 2798 950 2832 iis
981 2800 1249 2842 conquerantur
1280 2801 1388 2842 atque
1419 2795 1770 2841 interpellationibus
1801 2797 1974 2832 adversus
1996 2808 2059 2833 eos
2082 2809 2129 2833 no
2155 2798 2186 2832 is
2209 2798 2409 2833 molestiam

178 2848 347 2894 afferant.
395 2846 520 2891 Neque
552 2855 635 2880 vero
667 2844 840 2878 dilatione
871 2843 1059 2888 quisquam
1088 2841 1230 2876 omnino
1261 2846 1382 2876 utetur
1410 2841 1447 2875 in
1471 2840 1628 2886 publicis
1661 2841 1803 2876 tributis
1826 2842 1898 2887 ipsi
1922 2843 2099 2888 impositis
2122 2842 2312 2885 solvendis,
2336 2855 2409 2878 non

177 2904 285 2928 sacra
316 2892 453 2933 domus,
482 2901 553 2924 non
583 2889 808 2923 sanctissima
835 2888 995 2928 ecclesia,
1030 2897 1102 2921 non
1128 2886 1328 2921 venerabile
1350 2886 1532 2930 ptochium
1558 2885 1613 2920 vel
1635 2887 1902 2928 monasterium,
1933 2887 1998 2922 secl
2019 2898 2063 2922 ne
2084 2898 2243 2934 persona
2267 2888 2409 2933 quidem

179 2938 296 2972 maior
319 2938 489 2970 minorve.
534 2934 663 2969 Verum
690 2944 803 2978 neque
827 2932 981 2966 curiales
1004 2942 1118 2976 neque
1134 2935 1361 2976 susceptores
1378 2930 1440 2975 qui
1458 2933 1645 2971 vocantur,
1668 2941 1783 2975 neque
1799 2931 1893 2966 alios
1908 2932 2037 2976 quibus
2049 2933 2279 2978 publicorum
2299 2933 2409 2967 tribu-

181 2987 297 3017 torum
323 2991 412 3014 cura
435 2979 605 3014 incumbit
631 2990 652 3012 a
671 2977 839 3023 periculo
864 2977 946 3011 inde
970 2975 1123 3010 oriundo
1147 2976 1358 3021 excipimus.
1406 2973 1506 3017 Quae
1528 2975 1621 3009 enim
1644 2975 1681 3008 in
1706 2986 1888 3011 commune
1913 2976 2075 3011 omnibus
2096 2980 2251 3023 prosunt
2274 2977 2408 3011 iniusto

180 3026 330 3062 consilio
353 3035 477 3059 eorum
501 3023 563 3068 qui
586 3022 758 3056 adversus
777 3021 905 3065 fiscum
930 3025 1158 3055 contumaces
1181 3031 1257 3055 esse
1280 3020 1405 3054 volunt
1422 3019 1696 3065 praeponimus.

316 3069 351 3104 E
356 3069 521 3115 piloqu
531 3079 559 3102 s.
614 3066 656 3102 Ut
688 3071 805 3101 autem
836 3077 878 3100 ea
903 3076 997 3110 quae
1019 3070 1115 3100 recte
1138 3065 1240 3099 nobis
1260 3064 1479 3110 placuerunt
1503 3063 1664 3099 omnibus
1687 3064 1881 3109 manifesta
1902 3064 2006 3107 fiant,
2039 3068 2136 3099 tuam
2158 3065 2410 3100 sublimitatem

180 3115 340 3151 iubemus
371 3124 449 3148 cum
481 3113 518 3147 in
550 3111 618 3147 hac
650 3111 753 3156 felici
784 3111 927 3146 civitate
956 3114 1027 3145 tum
1051 3110 1088 3144 in
1110 3110 1308 3156 provinciis
1328 3119 1502 3154 praesens
1525 3119 1668 3142 sacrum
1692 3108 1844 3143 edictum
1869 3109 1906 3142 in
1929 3109 2084 3154 publicis
2107 3110 2214 3144 unius
2238 3110 2410 3155 cuiusque

181 3160 337 3196 civitatis
369 3159 459 3193 locis
489 3167 716 3203 proponere,
754 3167 799 3191 ne
830 3166 1042 3200 quemquam
1075 3154 1186 3189 lateat
1217 3165 1306 3189 cura
1338 3165 1361 3187 a
1391 3155 1584 3189 serenitate
1611 3157 1738 3187 nostra
1770 3156 1841 3188 tam
1869 3164 1940 3198 pro
1970 3154 2060 3198 fisco
2091 3165 2198 3199 quam
2224 3165 2298 3200 pro
2329 3155 2409 3190 sub-

181 3208 352 3240 iectorum
376 3202 622 3238 incolumitate
644 3201 866 3246 excoqitata.

227 3331 246 3361 3
279 3325 326 3367 οἱ]
359 3325 389 3358 εἰ
421 3326 584 3363 Scrimqer
614 3331 725 3356 temere
753 3322 765 3365 ΙΙ
794 3321 824 3354 εἰ
853 3323 947 3364 περὶ]
978 3318 1066 3363 ἱπὲρ
1097 3321 1261 3364 Scrimyer
1330 3319 1516 3353 στινιανοῦ
1541 3321 1637 3359 (corr.
1662 3315 1864 3361 Ἰυυστίνου)
1887 3320 1978 3363 μετὰ
2002 3320 2070 3363 τὴν
2094 3318 2271 3354 ὑπατείαν
2297 3320 2410 3354 αὐτοῦ

185 3382 295 3407 temere
320 3372 332 3414 ΙΙ
358 3373 378 3403 4
400 3361 667 3412 ἇναβάλλοιντο
693 3369 857 3410 Scrz'mqer
873 3366 885 3410 ΙΙ
904 3369 922 3398 5
949 3362 1091 3398 *οὐκέτ’
1120 3360 1178 3406 ιῖν]
1203 3361 1259 3397 οὗ·
1329 3364 1372 3397 τὸ
1398 3364 1433 3407 β’
1452 3365 1571 3396 Theod.
1596 3365 1722 3397 Annum
1749 3365 1876 3407 imperii
1898 3366 1992 3398 VIII.
2006 3374 2081 3409 post
2105 3379 2189 3399 cons.
2207 3367 2325 3399 Iustini
2340 3367 2409 3399 III.

183 3420 258 3451 κε’τι
284 3418 322 3449 Μ
342 3412 417 3456 οὐκ,
444 3415 472 3446 εἰ
494 3416 642 3454 (debebat
665 3409 794 3452 οὐκέτι,
826 3408 894 3443 κᾶν
917 3410 959 3452 εἰ)
985 3411 1171 3443 Zachariae
1199 3411 1211 3453 {l
1242 3412 1262 3443 6
1332 3410 1495 3452 Svrimqer
1520 3409 1609 3442 dedit
1626 3416 1737 3442 temere
1747 3420 1761 3448 ‚·
1790 3422 1904 3442 annum
1925 3412 2054 3454 imperii
2068 3412 2133 3444 IV.
2146 3418 2222 3454 post
2238 3423 2322 3444 cons.
2340 3411 2409 3444 III.

184 3463 477 3504 *ἐπιμέιιψοιντο
502 3459 549 3492 M
564 3459 575 3500 ΙΙ
600 3455 681 3490 οὐδ’
709 3454 806 3499 ἡμεῖς
831 3458 965 3489 inseruit
986 3456 1172 3498 IIombequ
1187 3454 1200 3495 ΙΙ
1222 3457 1262 3488 12
1331 3462 1413 3487 recte
1437 3455 1573 3487 restituit
1598 3455 1721 3487 Biener
1742 3467 1776 3496 p.
1800 3455 1874 3488 528.

184 3504 297 3540 *οὐδὲ
317 3494 398 3538 τοὺς
423 3505 467 3537 M
489 3504 501 3547 ΙΙ
532 3506 570 3537 17
597 3500 739 3535 ἔδικτον
765 3515 831 3534 cum
854 3502 1036 3543 Scrimyero
1061 3501 1146 3543 vuly.
1177 3499 1189 3543 ΙΙ
1222 3501 1262 3534 18

185 3553 247 3594 τῆς
270 3548 511 3596 γαληνότητος
536 3549 600 3591 (vel
622 3548 666 3593 τῇ
690 3544 921 3592 γαληνότητι)
942 3544 1046 3586 ἡμῶν
1063 3546 1262 3585 Zachariae]
1893 3589 1899 3594 .

187 3599 258 3629 τοῖς
281 3592 534 3640 γαληνοτάτοις
557 3592 643 3635 ἡμῖν
661 3593 701 3625 Μ
717 3593 729 3635 ΙΙ
749 3594 788 3625 19
813 3594 933 3623 subscr.
951 3590 1017 3623 dat.
1034 3589 1110 3622 XV.
1131 3590 1162 3622 k.
1181 3590 1262 3622 febr.
1378 3590 1419 3621 23
1446 3589 1538 3621 inser.
1559 3588 1651 3620 Idem
1675 3589 1759 3628 Aug.
1779 3588 1969 3621 Arcobindo
1986 3589 2088 3633 (pp.)
2104 3590 2114 3633 ΙΙ
2135 3592 2177 3623 29
2200 3592 2308 3630 antea]
2333 3592 2410 3623 ante

187 3652 234 3683 cp.
261 3641 315 3673 dn.
341 3641 467 3673 iustino
492 3650 545 3682 pp.
572 3649 638 3679 aug
673 3639 747 3679 post
779 3646 884 3668 conss.
916 3634 1096 3667 eiusdeccm
1122 3635 1165 3666 M
1193 3633 1263 3673 έξε-
1333 3634 1343 3674 Η
1368 3634 1467 3666 ctiam
1498 3633 1608 3671 (etiam
1634 3634 1711 3672 etl)
1745 3634 1891 3673 comites]
1924 3635 2060 3668 comites
2090 3635 2189 3667 etiam
2215 3633 2228 3679 ΙΙ
2259 3636 2291 3667 et
2313 3634 2408 3676 alios]

188 3683 347 3730 φωνήθη
378 3686 465 3728 μηνὶ
490 3685 715 3729 φεβρουαρίῳ
740 3682 812 3714 ἔτει
837 3676 867 3712 δ’
903 3680 964 3720 τῆς
987 3677 1169 3722 βασιλείας
1185 3674 1264 3711 Ἰου-
1335 3678 1416 3710 alios
1431 3679 1443 3721 n
1464 3679 1504 3711 30
1530 3688 1643 3710 verum
1668 3679 1790 3717 tamen]
1816 3689 1929 3710 vorum

2453 531 2471 561 ιη

2436 757 2473 787 10

2437 982 2474 1012 15

2434 1206 2475 1237 20

2438 1857 2480 1888 30
