2586 3990
260 117 368 162 Nov.
392 114 611 160 CXXVIII
643 115 706 157 16.
740 117 793 156 17

258 229 347 271 μίαν
370 222 556 260 παντελῶς
579 222 671 257 εἶναι
692 220 819 258 ἄδειαν
838 226 912 258 τοῖς
931 223 1009 258 τῶν
1027 220 1211 267 δημοσίων
1229 219 1336 259 ἅπαι-

1326 112 1411 159 642

2057 128 2117 174 nn
2146 125 2477 161 commolimus

1405 232 1484 259 esse
1522 223 1703 259 licentiam
1739 222 1915 259 fiscalium
1951 225 2178 262 exactoribus
2217 226 2477 262 communicare

259 272 381 313 τηταῖς
404 270 654 302 ἐπικοινωνεῖν
683 270 757 302 τοῖς
778 266 968 322 χρήμασιν,
998 264 1105 301 ἅτινα
1129 270 1202 302 τοῖς
1223 269 1250 301 ε’
1263 279 1338 314 γοις
1403 267 1565 313 pecuniis
1601 277 1693 321 quae
1725 268 1891 312 operibus
1928 271 1965 304 et
1997 269 2185 306 frumentis
2221 269 2404 306 civitatum
2440 273 2477 305 et

257 317 316 348 καὶ
348 315 549 346 σιτωνικοῒς
582 312 660 346 τῶν
693 311 840 347 πόλεων
872 324 954 356 ητοι
983 308 1134 359 ἀγωγοῖς
1163 310 1187 355 ἢ
1217 311 1240 346 α’
1263 311 1336 347 λοις

257 354 479 399 οἱοιςδήποτε
512 355 710 400 σολεμνίοις
739 353 762 400 ἢ
795 356 976 402 σαλαρίοις
1006 354 1288 402 ἀφωρίσθησαν,
1311 354 1335 400 ἢ

257 403 502 446 παρακρατεῖν
525 413 562 435 τι
586 400 625 442 ἐξ
647 396 771 435 αὐτῶν
794 399 816 444 ἢ
839 402 886 435 εἰς
907 398 1001 435 ἴδιον
1017 399 1138 447 κέρδος
1159 397 1333 447 ἀποφέρε-

256 446 366 488 σθαι,
400 442 488 478 ἀλλὰ
518 442 600 487 δίχα
632 444 731 479 τινὸς
761 441 941 489 ἀναβολῆς
971 443 994 489 ἢ
1015 443 1196 490 μειώσεως
1218 447 1334 480 ταῦτα

255 492 437 534 παρέχειν,
462 485 550 524 ῶςτε
573 493 774 546 προχωρεῖν
797 490 845 525 εἰς
864 487 903 524 ἃς
926 489 965 530 ἐξ
987 487 1094 534 ἀρχῆς
1119 486 1334 536 ἇφωρίσθη-

255 545 326 567 σαν
343 536 468 578 χρείας.
517 531 606 568 ἀλλὰ
629 531 721 577 μηδε
742 534 825 569 τοὺς
847 535 1021 579 κτήτορας
1043 535 1120 569 τῶν
1140 534 1285 570 πόλεων
1311 532 1335 577 ἢ

254 576 440 632 οἰκήτορας
459 576 597 621 τολμᾶν
617 576 868 633 οἱῳδηποτοξν
888 578 1015 636 τρόπῳ
1037 576 1279 625 ἀφαιρεῖσθαί
1298 592 1335 614 τι

1371 404 1390 436 5
1403 400 1449 435 ad
1465 410 1554 445 prop

1402 311 1634 365 aquaeductis
1658 315 1721 347 aut
1743 312 1822 348 aliis
1846 311 2063 357 quibuslibet
2086 314 2315 368 sollemnibus
2338 316 2402 367 aut
2418 324 2475 350 sa-

1403 355 1500 391 larus
1522 356 1566 392 de
1591 357 1714 392 utatae
1736 359 1831 400 sunt,
1854 360 1919 410 aut
1940 357 2091 395 retinere
2114 359 2246 403 ahquid
2271 369 2314 394 ex
2335 362 2477 411 'eis-aut

1451 446 1467 479 t
1490 445 1497 453 ο
1555 367 1799 479 gum-lucruhm
1816 401 1985 481 redigege,
2004 403 2067 439 sed
2083 403 2159 439 sine
2175 404 2296 457 aliqua
2309 403 2476 457 dilatione

1402 449 2023 542 232¹3²33³²A1³33⁰30935253235t
2044 449 2476 536 statimiussit

1403 543 1628 578 possessores
1669 537 1733 570 aut
1770 534 1991 586 habitatores
2032 536 2213 572 civitatum
2251 546 2476 582 praesumere

1403 577 1561 623 quolibet
1579 579 1682 615 modo
1715 579 1857 615 auferre
1887 579 2020 623 ahquid
2051 589 2095 615 ex
2123 581 2210 626 ipsis
2232 582 2390 627 pecuniis
2413 585 2476 616 aut

254 623 294 662 ἐξ
329 635 452 657 αυτων
486 624 564 658 τῶν
596 635 793 668 χρηματων
827 637 848 667 η
883 637 1038 668 ονοματι
1075 622 1286 679 διαῖγραφῶν
1314 621 1390 666 ἢῙΟ
1404 623 1543 660 nomine
1566 623 1843 668 descriptionum
1869 627 1933 659 aut
1955 633 2020 668 pro
2044 626 2212 669 sportulis
2236 626 2322 662 dare
2344 625 2475 670 aliquid

255 664 346 711 ύπὲρ
369 666 608 712 σπορτούλων
632 665 774 702 διδόναι
796 681 833 702 τι
854 670 892 702 ἐκ
908 667 1053 703 τούτων
1071 682 1093 712 η
1115 667 1331 703 αναλίσκειν.

253 711 285 744 εἰ
309 709 351 745 δέ
378 722 431 746 τις
453 709 624 767 {Scimus
648 710 670 755 ἢ
692 711 819 757 λαβεῖν
841 713 881 754 ἐξ
905 711 1027 748 αὐτῶν
1049 710 1248 757 τολμήσειε,
1278 725 1333 747 κε-

254 753 404 799 λεύομεν
435 756 551 790 αυτὸν
573 757 722 791 οἴκοθεν
755 759 795 792 ἐν
819 755 927 805 διπλῇ
952 756 1128 801 ποσότητι
1158 759 1265 792 τοῦτο
1288 759 1332 804 τῇ

254 799 358 835 πόλει
382 797 608 836 ἀποδιδόναι.
657 799 749 836 ἀλλὰ
772 800 862 846 μηδὲ
885 802 967 837 τοὺς
981 804 1058 837 τῶν
1074 803 1259 847 ἐπαρχιῶν
1274 800 1332 847 ἆρ-

1403 677 1447 702 ex
1470 668 1526 703 his
1557 670 1621 704 aut
1644 669 1852 713 expendere.
1901 668 1939 703 Si
1962 669 2039 713 quis
2063 673 2180 705 autem
2211 673 2275 706 aut
2297 672 2383 706 dare
2414 674 2476 705 aut

1402 712 1565 757 accipere
1586 723 1630 749 ex
1653 713 1707 748 his
1732 714 2024 766 praesumpserit,
2055 713 2215 750 iubemus
2239 725 2318 751 eum
2342 716 2386 751 de
2410 725 2474 750 suo

1401 756 1438 792 in
1463 757 1595 802 duplici
1626 759 1824 803 quantitate
1854 757 1923 793 hoc
1955 757 2087 793 civitati
2116 759 2273 796 reddere.
2321 760 2389 795 Sed
2413 770 2474 795 ne-

1402 810 1470 847 que
1493 802 1754 847 provinciarum
1777 801 1911 838 iudices
1936 806 1998 837 aut
2014 812 2135 838 eorum
2153 803 2272 840 officia
2291 807 2353 840 aut
2367 804 2476 839 alium

253 856 380 887 κοντας
404 843 427 888 ἢ
446 845 509 880 τὰς
528 846 672 880 τούτων
695 845 813 888 τάξεις
833 846 855 890 ἢ
876 846 985 881 ἄλλον
1005 845 1219 890 οἱονδήποτε
1242 859 1333 882 παν-
1348 850 1388 881 15
1402 847 1595 891 quemlibet
1633 847 1775 883 omnino
1814 847 2038 892 participium
2077 847 2208 883 habere
2247 849 2389 894 aliquod
2430 848 2477 883 ad

253 888 363 924 τελῶς
389 894 586 945 μετουσίαν
617 892 710 933 ἔχειν
739 891 823 926 τινὰ
856 891 946 936 πρὸς
976 891 1022 926 τὰ
1053 892 1221 936 εἰρημένα
1273 889 1333 936 ρή-

252 947 351 976 ματα
381 948 404 978 η
433 936 477 982 τῇ
507 936 653 970 τούτων
683 933 856 979 διοικήσει
888 936 1020 970 ἑαυτὸν
1049 905 1331 983 παρεμβάλλὲιν·

253 977 345 1013 ἀλλὰ
374 978 444 1013 τὸν
472 977 623 1022 ἑκάστης
652 979 792 1015 πόλεως
819 977 1023 1015 ὁσιώτατον
1047 983 1246 1016 ἐπίσκοπον
1274 984 1334 1015 καὶ

253 1023 336 1077 τοὺς
358 1024 611 1069 πρωτεύοντας
633 1025 697 1068 τῆς
719 1024 875 1067 πόλεως,
900 1022 942 1059 ού
961 1026 1034 1069 μὴν
1059 1023 1147 1060 ἀλλὰ
1171 1029 1230 1060 καὶ
1252 1025 1335 1060 τοὺς
1403 1025 1543 1069 quidem

1401 891 1602 936 praedictas
1633 892 1804 936 pecunias
1837 895 1900 927 aut
1930 901 2051 927 eorum
2083 892 2339 946 dispensationi
2366 897 2477 929 semet

1402 937 1518 980 ipsum
1542 936 1709 981 miscere;
1734 935 1797 972 sed
1814 936 1965 972 civitatis
1989 937 2249 972 sanctissimum
2269 938 2477 982 episcopum

1403 984 1439 1015 et
1461 980 1630 1025 primates
1662 990 1728 1016 nec
1751 991 1824 1016 non
1847 985 1883 1017 et
1907 981 1981 1017 eius
2005 991 2229 1026 possessores
2261 983 2476 1018 constituere

1603 1028 1714 1061 atrem
1751 1026 1901 1061 civitatis
1940 1030 1976 1061 et
2012 1027 2279 1062 frumentarium
2317 1030 2354 1063 et
2386 1027 2475 1063 alios

253 1068 363 1110 αυτῆς
392 1067 568 1115 κτήτορας
597 1069 873 1123 προβάλλεσθαι
903 1072 970 1114 μὲν
1001 1071 1068 1105 τὸν
1098 1073 1237 1116 πατέρα
1266 1069 1335 1105 τὸν
1348 1073 1389 1104 20
1403 1070 1564 1105 huiusmo
1593 1070 1600 1078 ‘
1634 1070 1914 1115 dispensatores,
1949 1071 2095 1115 singulis
2126 1075 2245 1107 autem
2280 1073 2381 1107 annis
2412 1074 2475 1107 im-

251 1113 315 1155 τῆς
344 1111 483 1148 πόλεως
517 1116 577 1148 καὶ
611 1127 681 1149 τον
711 1113 872 1158 σιτώνην
906 1118 967 1148 καὶ
998 1114 1123 1150 ἄλλους
1154 1114 1334 1150 τοιούτους

253 1154 443 1200 διοικητάς,
468 1158 620 1193 ἑκάστου
636 1156 677 1193 δὲ
692 1160 857 1194 ἐνιαυτοῦ
878 1159 1122 1205 πληρουμένου
1142 1160 1209 1195 τὸν
1229 1156 1334 1195 ὁσιώ-

251 1214 364 1236 τατον
393 1203 594 1238 ἐπίσκοπον
624 1203 716 1248 μετὰ
745 1207 855 1240 πέντε
883 1204 1153 1260 πρωτευόντων
1180 1206 1244 1259 τῆς
1267 1204 1332 1240 πό-

252 1245 340 1280 λεως
371 1247 452 1281 τοὺς
476 1247 663 1294 λογισμοὺς
686 1245 855 1284 ἀπαιτεῖν
878 1250 960 1284 τοὺς
984 1263 1059 1305 παρ
1100 1247 1224 1284 αὐτων
1247 1263 1330 1295 προ-

1402 1114 1505 1159 pletis
1530 1114 1791 1150 sanctissimum
1815 1116 2021 1160 episcopum
2045 1126 2125 1151 cum
2141 1117 2295 1161 quinque
2316 1117 2475 1162 primati-

1404 1161 1469 1194 bus
1495 1159 1646 1195 civitatis
1669 1160 1826 1196 rationes
1857 1160 1998 1205 exigere
2021 1171 2081 1196 eos
2113 1162 2173 1206 qui
2200 1162 2246 1197 ab
2271 1162 2359 1207 ipsis
2383 1162 2476 1197 ordi·

1402 1204 1478 1239 nati
1499 1208 1591 1248 sunt,
1617 1208 1653 1240 et
1675 1206 1705 1240 si
1728 1205 1813 1250 quid
1835 1215 1879 1241 ex
1899 1205 2029 1240 talibus
2053 1206 2248 1242 ratiociniis
2272 1207 2477 1251 apparuerit

1402 1249 1559 1284 debitum
1583 1252 1645 1284 aut
1667 1250 1890 1292 remansisse,
1915 1250 2006 1295 exigi
2029 1250 2230 1286 huiusmodi
2254 1251 2475 1296 dispensato-

251 1290 474 1336 βληθέντας·
522 1296 583 1326 καὶ
616 1294 653 1327 εἴ
681 1307 718 1328 τι
751 1295 790 1327 ἐκ
829 1295 906 1328 τῶν
937 1307 1115 1329 τοιούτων
1151 1294 1333 1350 λογισμῶν
1347 1296 1387 1328 25
1401 1304 1458 1329 res
1483 1294 1641 1339 periculo
1662 1304 1721 1330 eos
1744 1295 2032 1331 constituentium
2057 1299 2092 1331 et
2111 1295 2325 1331 utilitatibus
2349 1297 2475 1341 quibus

252 1340 380 1381 φανείη
416 1336 700 1383 ἐποφειλόμενον
738 1337 762 1382 ἢ
796 1335 1013 1384 ἄπομεῖναν,
1052 1339 1333 1384 εἰςπραττεσθαι

251 1381 334 1415 τοὺς
349 1381 530 1417 τοιούτους
551 1381 731 1426 διοικητὰς
753 1385 807 1427 τῷ
823 1382 980 1428 κινδύνῳ
1000 1385 1076 1419 τῶν
1093 1382 1221 1419 αὐτοὺς
1244 1397 1331 1439 προ-

251 1424 497 1471 βαλλομένων,
528 1430 589 1461 καὶ
620 1431 697 1462 ταῖς
725 1432 857 1474 χρείαις
880 1428 934 1463 αἶς
962 1426 1167 1476 ἀφώρισται
1199 1428 1329 1474 φυλατ-

251 1471 394 1505 τεσθαι.
442 1471 479 1505 εἴ
502 1483 557 1506 τις
588 1470 628 1506 δὲ
658 1474 696 1506 ἐκ
726 1474 803 1507 τῶν
820 1474 1026 1526 ..εἰρημένων
1057 1473 1249 1529 διὀικητῶν
1272 1472 1331 1508 ἇν-

1402 1339 1570 1384 deputata
1589 1341 1674 1375 sunt
1692 1340 1875 1375 reservari.
1920 1339 1957 1375 Si
1977 1340 2056 1385 quis
2079 1344 2196 1376 autem
2220 1351 2263 1376 ex
2282 1341 2476 1386 praedictis

1401 1384 1707 1428 dispensatoribus
1746 1384 1914 1420 inefficax
1946 1384 2159 1427 inveniatur,
2199 1387 2345 1431 repente
2380 1387 2475 1422 hunc

1400 1429 1570 1464 removeri
1593 1429 1754 1464 iubemus
1778 1429 1955 1474 aliumque
1984 1439 2050 1474 pro
2074 1439 2116 1465 eo
2148 1432 2185 1465 et
2207 1440 2230 1465 a
2251 1430 2475 1466 sanctissimo

1401 1474 1552 1509 civitatis
1591 1474 1760 1520 episcopo
1800 1478 1836 1509 et
1874 1474 2019 1519 reliquis
2058 1474 2341 1518 possessoribus,
2382 1476 2476 1511 sicut

251 1514 451 1559 επιτήδειος
465 1513 643 1561 εὑρεθείη,
672 1531 890 1573 παρμχρημα
913 1520 1051 1573 ίτοῦτον
1074 1519 1332 1573 αποκινεῖσθαι
1346 1521 1387 1553 30
1399 1518 1620 1563 praedictum
1643 1523 1706 1562 est,
1731 1518 1905 1563 ordinari3
1937 1518 2132 1555 scientibus
2156 1519 2211 1554 his
2236 1520 2295 1564 qui
2318 1519 2474 1556 denomi-

251 1558 438 1604 κελεύομεν
460 1564 520 1595 καὶ
539 1560 650 1597 ἄλλον
669 1559 739 1597 ἇντ
775 1575 885 1597 αυτου
902 1563 975 1598 υπό
991 1577 1031 1598 τε
1046 1565 1110 1598 τοῦ
1128 1563 1332 1599 οσιωτάτου

251 1606 314 1648 τῆς
336 1603 476 1640 πόλεως
499 1606 698 1642 ἐπισκόπου
722 1605 793 1642 ὑπό
818 1621 858 1642 τε
877 1609 955 1642 τῶν
972 1607 1111 1643 λοιπῶν
1133 1609 1332 1654 κτητόρων,

251 1650 378 1685 καθὼς
400 1651 555 1696 εἴρηται,
586 1651 878 1697 προβάλλεσθαι·
915 1651 1070 1688 εἰδότων
1100 1655 1178 1688 τῶν
1202 1651 1332 1698 ὀνομα-

1400 1567 1488 1599 nant
1512 1573 1590 1608 eos,
1622 1564 1706 1609 quia
1738 1564 1768 1599 si
1798 1563 1892 1609 quod
1923 1563 2089 1598 damnum
2121 1564 2253 1599 civitati
2278 1565 2475 1610 contigerit,

1401 1617 1445 1644 ex
1468 1609 1622 1654 propriis
1642 1609 1853 1645 substantiis
1877 1609 1945 1645 hoc
1968 1608 2213 1645 medebuntur.

252 1693 397 1736 ζόντων
420 1694 560 1739 αὐτούς,
584 1692 633 1731 ῶς
656 1697 692 1731 εἴ
708 1708 763 1731 τις
780 1699 887 1739 ζημία
912 1699 954 1744 τῇ
974 1697 1079 1733 πόλει
1102 1702 1270 1743 συμβαίη,
1294 1699 1332 1732 ἐκ

251 1740 330 1774 τῶν
352 1738 458 1775 ἰδίων
481 1737 620 1776 οὐσιῶν
641 1741 779 1785 ταύτην
802 1742 1102 1787 θεραπεύσουσιν.
1345 1745 1388 1778 35

1219 1855 1375 1891 CAPUT
1399 1855 1513 1892 XVII.

1455 1923 1554 1959 Nulli
1577 1933 1659 1959 vero
1683 1923 1792 1959 liceat
1815 1933 1935 1959 eorum
1960 1923 2020 1969 qui
2042 1924 2079 1959 in
2099 1923 2218 1960 officio
2241 1927 2325 1960 sunt
2346 1925 2473 1970 glorio·

1399 1968 1617 2004 sissimorum
1633 1968 1907 2013 praefectorum,
1924 1969 2038 2003 autin
2051 1969 2120 2004 alio
2137 1969 2255 2005 officio
2272 1973 2336 2005 aut
2351 1970 2475 2006 schola

1399 2013 1672 2048 constitutorum
1711 2013 1797 2047 talia
1830 2013 2018 2048 ratiocinia
2056 2014 2245 2058 committi,
2281 2024 2395 2060 neque
2430 2025 2474 2050 ex

1397 2061 1589 2102 praecepto
1605 2057 1761 2093 eiusdem
1778 2057 2090 2094 administrationis
2106 2062 2169 2094 aut
2184 2058 2331 2095 alterius
2346 2060 2472 2096 iudicis

309 1919 450 1964 Μηδενὶ
468 1919 508 1955 δὲ
523 1922 656 1962 ἐξέστω
671 1922 783 1968 (τῶν)
805 1920 827 1965 ἢ
843 1924 883 1957 ἐν
897 1923 942 1970 τῇ
967 1922 1065 1964 τάξει
1089 1924 1166 1958 τῶν
1190 1921 1330 1964 ἐνδοξο-

251 1963 378 2000 τάτων
408 1965 578 2011 ἐπάρχων
607 1964 631 2010 ἢ
659 1968 700 2002 ἐν
730 1966 819 2014 ἄλλῃ
850 1966 951 2008 τάξει
981 1966 1004 2011 ἢ
1034 1970 1075 2002 ἐν
1105 1967 1213 2014 σχολῇ
1243 1965 1329 2002 ἀνα-

253 2013 460 2055 φερομένων
479 2012 524 2046 τὰ
544 2012 696 2046 τοιαῦτα
704 2011 911 2066 ,λογοθέσια
933 2013 1214 2067 ἐπιτρέπεσθαι,
1238 2010 1330 2056 μήτε

252 2056 291 2088 ἐκ
321 2055 544 2101 προςτάξεως
577 2057 640 2100 τῆς
671 2067 779 2100 αυτης
814 2054 921 2102 ἀρχῆς
955 2071 977 2099 η
1010 2056 1117 2091 αλλου
1149 2067 1329 2102 αρχοντος,

251 2167 388 2203 nullam
418 2167 561 2202 omnino
585 2171 805 2213 potestatem
835 2178 912 2203 esse
944 2167 1158 2203 tributorum
1187 2166 1420 2203 exactoribus
1448 2165 1653 2212 attinqendi
1673 2168 1873 2211 pecunias,
1905 2178 2000 2213 quae
2024 2168 2193 2213 operibus
2223 2172 2258 2203 et
2278 2168 2474 2214 frumentis

252 2213 435 2248 civitatum
466 2211 522 2247 vel
544 2211 827 2258 aquaeductibus
858 2211 913 2248 vel
941 2211 1025 2247 aliis
1054 2211 1139 2247 ullis
1168 2211 1400 2247 sollemnibus
1428 2214 1492 2246 aut
1520 2210 1668 2246 salariis
1695 2211 1895 2247 destinatae
1917 2216 2019 2254 sunt,
2047 2215 2112 2247 aut
2134 2214 2326 2259 quicquam
2355 2225 2406 2251 ete
2427 2215 2474 2250 iis

250 2256 429 2292 retinendi
459 2260 524 2292 aut
553 2256 604 2291 ad
624 2257 822 2303 proprium
852 2256 991 2292 lucrum
1014 2256 1223 2303 auferendi,
1253 2255 1319 2291 sed
1339 2257 1417 2291 sine
1439 2255 1516 2291 ulla
1539 2254 1711 2291 dilatione
1740 2260 1805 2292 aut
1827 2256 2068 2293 deminutione
2097 2268 2160 2293 eas
2186 2259 2401 2304 praebeant,
2433 2263 2475 2295 ut

251 2301 302 2337 ad
322 2311 415 2347 quos
443 2300 488 2336 ab
512 2301 614 2336 initio
637 2301 838 2337 destinatae
867 2306 954 2337 sunt
982 2311 1070 2336 usus
1100 2305 1306 2348 eroqentur.
1362 2299 1492 2336 Verum
1516 2311 1560 2336 ne
1576 2310 1809 2346 possessores
1839 2301 1979 2347 quidem
2011 2305 2076 2337 aut
2098 2301 2319 2339 habitatores
2348 2304 2471 2340 civita-

253 2352 324 2382 tum
350 2345 425 2381 ullo
448 2345 556 2381 modo
580 2346 730 2392 auferre
753 2346 946 2392 quicquam
975 2357 1025 2382 ex
1047 2347 1136 2393 ipsis
1154 2345 1322 2392 pecuniis
1344 2345 1400 2381 vel
1421 2345 1702 2391 descriptionum
1725 2345 1868 2381 nomine
1898 2346 1954 2382 vel
1976 2356 2051 2392 pro
2075 2347 2251 2393 sportulis
2281 2348 2472 2394 quiequam

251 2391 296 2426 de
319 2391 365 2426 iis
387 2390 476 2426 dare
499 2390 555 2426 vel
575 2391 781 2437 expendere
803 2391 969 2426 audeant.
1016 2389 1156 2434 Quodsi
1175 2390 1257 2437 quis
1307 2390 1369 2425 uid
1390 2393 1455 2425 aut
1477 2390 1576 2428 αἶαν-εμ
1588 2394 1652 2425 aut
1675 2391 1839 2436 accipere
1861 2401 1911 2427 ea:
1933 2391 1978 2425 iis
2000 2402 2111 2426 ausus
2129 2392 2187 2434 sit,
2211 2391 2371 2428 iubemus
2393 2404 2472 2429 eum

250 2435 291 2471 id
311 2435 355 2471 de
377 2445 445 2471 suo
469 2435 655 2482 duplicata
678 2436 881 2481 quantitate
904 2436 1040 2471 civitati
1061 2435 1222 2472 reddere.
1299 2434 1345 2470 ed
1365 2446 1410 2470 ne
1432 2434 1618 2481 praesides
1649 2435 1790 2481 quidem
1809 2435 2087 2488 provinciarum
2118 2435 2176 2471 vel
2199 2447 2321 2472 eorum
2345 2438 2473 2483 officia

250 2480 308 2516 vel
327 2480 424 2516 ullus
455 2480 599 2516 omnino
631 2480 725 2516 alius
753 2482 1035 2516 communionem
1065 2481 1175 2516 ullam
1207 2479 1363 2516 habeant
1393 2480 1431 2514 in
1459 2479 1658 2526 praedictis
1680 2490 1848 2526 pecuniis
1878 2480 1934 2516 vel
1954 2491 2077 2515 earum
2108 2480 2412 2518 administrationi
2434 2493 2473 2519 se

250 2525 490 2560 immisceant:
524 2535 645 2561 verum
668 2525 823 2561 civitatis
845 2525 1018 2571 cuiusque
1039 2526 1285 2562 sanctissimus
1307 2536 1327 2560 e
1353 2524 1426 2559 isco
1454 2529 1507 2560 us·
1529 2529 1565 2560 et
1582 2525 1759 2571 primates
1782 2525 1936 2561 civitatis
1965 2536 2030 2560 nec
2052 2535 2125 2560 non
2145 2536 2373 2571 possessores
2394 2527 2472 2563 eius

243 2575 391 2617 patrem
413 2569 570 2606 civitatis
592 2574 628 2605 et
648 2570 930 2614 frumentarium
959 2574 994 2606 et
1021 2574 1160 2606 ceteros
1182 2571 1315 2606 eiusmo
1342 2569 1355 2603 i
1378 2580 1400 2605 a
1427 2569 1690 2605 ministratores
1712 2569 1919 2612 instituant,
1950 2569 2105 2621 sinqulis
2133 2574 2251 2606 autem
2281 2572 2386 2606 annis
2407 2572 2471 2606 im-

247 2615 356 2661 pletis
378 2614 625 2650 sanctissimus
647 2615 840 2662 episcopus
862 2624 941 2650 cum
966 2615 1125 2661 quinque
1140 2614 1361 2661 primatibus
1383 2614 1537 2650 civitatis
1558 2615 1719 2650 rationes
1741 2614 1894 2660 exiqant
1916 2615 1962 2651 ab
1986 2615 2031 2649 its
2053 2615 2119 2666 qui
2140 2615 2185 2651 ab
2204 2615 2295 2661 ipsis
2314 2616 2474 2652 instituti

248 2663 334 2695 sunt
341 2672 356 2701 ;
390 2662 426 2695 et
447 2659 481 2694 si
503 2658 593 2705 quid
614 2669 664 2695 ex
686 2658 861 2695 eiusmodi
882 2659 1085 2695 rationibus
1107 2659 1263 2695 debitum
1293 2662 1358 2694 aut
1379 2658 1556 2704 reliquum
1578 2669 1655 2694 esse
1678 2663 1876 2706 appareat,
1907 2658 1947 2694 id
1968 2658 2012 2694 ab
2036 2659 2210 2695 eiusmodi
2240 2660 2470 2697 administra-

250 2703 388 2740 toribus
418 2704 594 2750 eoeiqatur
616 2704 785 2750 periculo
817 2715 942 2740 eorum
972 2705 1037 2750 qui
1063 2715 1127 2740 eos
1157 2703 1408 2745 instituerunt,
1443 2707 1552 2749 atque
1579 2704 1709 2749 quibus
1738 2703 1952 2739 destinatum
1984 2707 2037 2739 est
2060 2703 2182 2739 usibus
2210 2709 2382 2741 servetur.
2428 2705 2471 2741 Si

249 2749 333 2795 quis
366 2759 450 2785 vero
484 2759 535 2784 ex
565 2748 767 2795 praedictis
799 2748 1155 2785 administratoribus
1187 2759 1318 2800 parum
1354 2748 1507 2784 idoneus
1541 2748 1754 2791 inveniatur,
1789 2748 1909 2783 statim
1937 2759 2016 2783 eum
2044 2748 2220 2784 removeri
2248 2749 2407 2785 iubemus
2435 2754 2472 2786 et

249 2794 401 2829 alterum
432 2793 471 2828 in
501 2794 580 2829 eius
609 2793 727 2829 locum
757 2796 794 2830 et
823 2805 847 2829 a
874 2794 1102 2830 sanctissimo
1133 2793 1287 2830 civitatis
1309 2793 1479 2839 episcopo
1508 2796 1545 2829 et
1566 2804 1589 2828 a
1618 2793 1687 2828 reli
1712 2793 1769 2827 uis
1788 2793 2065 2839 possessoribus,
2097 2793 2152 2828 uti
2173 2793 2305 2828 dictum
2327 2798 2391 2837 est,
2415 2795 2469 2830 in-

248 2838 371 2873 stitui:
404 2837 592 2884 sciantque
614 2838 680 2884 qm·
699 2849 761 2874 eos
782 2838 981 2882 nominant,
1003 2839 1037 2874 si
1060 2837 1150 2885 quid
1171 2837 1255 2874 inde
1278 2837 1481 2874 detrimenti
1502 2837 1640 2874 civitati
1662 2803 1812 2873 aqlatum
1830 2837 1890 2879 sit,
1914 2847 1964 2873 ex
1982 2837 2057 2873 suis
2073 2848 2151 2874 sese
2166 2837 2409 2883 facultatibus
2432 2839 2472 2875 id

249 2887 457 2919 resarturos
479 2893 564 2918 esse.

383 2927 499 2963 XVII.
546 2926 648 2963 Nulli
671 2931 790 2964 autem
812 2938 936 2964 eorum
957 2928 1023 2980 qui
1042 2928 1081 2963 in
1105 2928 1270 2974 officium
1291 2925 1632 2973 gloriosissimorum
1651 2927 1926 2973 praefectorum
1957 2926 2014 2963 vel
2034 2926 2073 2962 in
2095 2926 2199 2962 aliud
2220 2927 2383 2973 officium
2406 2933 2471 2965 aut

248 2972 287 3008 in
308 2970 471 3008 scholam
493 2971 602 3008 relati
623 2976 708 3008 sunt
731 2972 820 3008 talia
843 2973 1037 3008 ratiocinia
1061 2973 1233 3009 committi
1255 2971 1372 3014 liceat,
1395 2982 1511 3017 neque
1529 2982 1579 3008 ex
1593 2976 1793 3018 praecepto
1814 2971 1971 3007 eiusdem
1992 2972 2227 3018 maqistratus
2249 2971 2305 3009 vel
2319 2972 2471 3010 alterius

1393 3084 1474 3126 pute
1494 3082 1550 3126 711
1573 3085 1690 3125 neque]
1714 3093 1757 3116 ne
1782 3082 1845 3126 Τ11
1870 3085 1889 3117 8
1913 3093 2175 3127 preasumpmere
2202 3084 2234 3116 T
2251 3082 2264 3127 11
2290 3085 2330 3117 11
2356 3093 2395 3116 ex
2417 3083 2470 3116 his

249 3129 423 3170 Le(lul.)]
454 3126 477 3171 ἧ
500 3141 538 3162 τι
569 3128 607 3169 ἐξ
631 3126 754 3163 αὐτῶν
779 3130 825 3163 Μ
841 3130 854 3172 11
879 3132 920 3164 10
944 3126 1158 3175 διαγράφων
1184 3129 1223 3162 Μ
1244 3129 1258 3174 11
1286 3131 1323 3163 11
1394 3130 1503 3160 autem
1522 3129 1562 3170 T,
1578 3141 1637 3163 om.
1659 3128 1713 3171 Vll
1730 3130 1790 3161 aut
1804 3127 1882 3161 dare
1903 3128 1948 3169 V]
1973 3128 2050 3161 dare
2069 3127 2223 3172 Tvulass
2249 3129 2290 3161 12
2310 3138 2385 3160 eum
2409 3141 2468 3162 om.

249 3171 505 3216 σπορτούλλων
530 3175 575 3207 Μ
584 3174 597 3218 11
619 3175 659 3209 12
683 3172 882 3218 *τολμήσω
907 3175 979 3208 ML
996 3175 1008 3217 11
1033 3177 1071 3208 17
1098 3170 1213 3208 αὐτὸν
1235 3184 1327 3218 παρ-
1398 3173 1429 3206 Τ
1448 3172 1460 3216 11
1482 3174 1521 3207 13
1545 3173 1581 3205 in
1606 3185 1664 3205 om.
1686 3172 1742 3215 VH
1761 3174 1802 3206 14
1822 3174 1881 3205 aut
1897 3174 2021 3214 eorum]
2045 3174 2104 3205 aut
2126 3185 2184 3206 om.
2206 3172 2254 3206 1⁷¹
2275 3171 2288 3216 11
2306 3174 2346 3207 15
2369 3183 2468 3215 quae-

249 3215 420 3260 εμβοὶλειν
442 3218 475 3251 L
499 3218 512 3262 11
544 3220 583 3254 19
606 3219 670 3262 τῆς
691 3217 831 3254 πόλεως
853 3232 912 3254 om.
937 3231 956 3256 ς
985 3219 998 3258 ΙΙ
1026 3220 1068 3254 20
1092 3218 1160 3253 τὸν
1185 3218 1247 3261 τῆς
1269 3218 1326 3259 Μ]
1394 3217 1476 3253 libet
1496 3217 1552 3261 Vfl
1568 3217 1698 3259 aliquid
1718 3218 1750 3252 V
1768 3218 1774 3261 Ι
1794 3219 1834 3252 16
1851 3217 2083 3260 disceptationi
2102 3218 2134 3251 T
2147 3216 2160 3261 11
2179 3219 2217 3252 17
2235 3217 2393 3258 civitatis]
2412 3228 2470 3251 ou-

248 3261 317 3295 τὸν
339 3275 397 3296 om.
415 3262 476 3307 Li!
500 3264 538 3297 21
566 3263 758 3306 τοιούτους]
782 3262 863 3297 τοὺς
885 3262 1067 3297 τοιούτους
1087 3265 1119 3297 L
1136 3264 1148 3307 11
1173 3265 1215 3298 23
1239 3274 1327 3306 προ·
1394 3262 1512 3304 iusque
1535 3264 1629 3296 addit
1644 3262 1760 3305 Beck}
1785 3264 1826 3296 19
1849 3264 1958 3305 patres
1979 3262 2012 3296 Τ
2025 3262 2038 3306 11
2052 3261 2287 3295 frumentarios
2314 3263 2347 3296 T
2354 3263 2469 3327 ηυξ-ψη

248 3304 433 3341 τευόντων
457 3308 503 3341 Μ
521 3308 533 3352 11
558 3310 601 3343 32
625 3309 825 3343 ἐπισκόπου
847 3309 909 3350 τῆς
932 3306 1071 3343 πόλεως
1093 3309 1125 3342 L
1149 3308 1162 3352 11
1184 3309 1227 3343 36
1250 3307 1328 3341 τῶν
1394 3306 1459 3339 alie
1487 3307 1536 3340 V¹
1560 3308 1573 3350 11
1596 3308 1639 3341 20
1663 3307 1904 3349 dispensatores
1925 3307 2081 3350 singulis]
2115 3306 2175 3351 lres
2197 3306 2339 3348 singulis
2362 3307 2396 3340 T
2434 3308 2467 3340 in

251 3352 327 3384 add.
341 3352 528 3386 Zachariae
542 3352 555 3397 11
573 3350 597 3395 ἢ
620 3366 678 3387 om.
699 3366 719 3390 ς
734 3354 746 3397 11
765 3354 807 3389 38
832 3350 951 3397 *μηδὲ
966 3354 1039 3387 ML
1395 3364 1460 3385 rau.
1480 3352 1492 3393 11
1509 3352 1551 3386 22
1575 3351 1749 3384 ciuitatum
1775 3352 1808 3386 T
1833 3351 1950 3384 civitat
1972 3364 2041 3386 cum
2063 3359 2147 3395 spat.
2168 3364 2239 3385 vac.
2255 3353 2278 3386 4
2303 3352 2361 3385 litt.
2383 3349 2434 3384 V¹
2455 3349 2468 3395 11

1395 3395 1448 3437 ab]
1465 3406 1541 3428 oum
1556 3396 1604 3430 T¹
1619 3397 1632 3440 11
1651 3397 1694 3430 24
1709 3396 1917 3429 remansisset
1938 3396 2007 3436 VT,
2023 3409 2105 3430 corr.
2119 3396 2204 3440 vulq.
2223 3395 2236 3439 11
2252 3396 2294 3430 25
2306 3393 2466 3438 periculo]

1394 3451 1455 3473 suo
1478 3441 1626 3483 periculo
1654 3441 1707 3484 Τ11
1725 3442 1768 3475 26
1791 3440 1940 3483 deputati
1963 3441 1996 3474 T
2012 3441 2025 3484 11
2041 3441 2167 3474 seruari
2192 3441 2224 3474 T
2237 3439 2250 3483 fl
2265 3441 2306 3473 27
2327 3437 2466 3471 ineficax

1399 3486 1430 3518 T
1442 3485 1454 3527 11
1471 3488 1616 3528 repente]
1635 3488 1771 3529 repente
1786 3485 1891 3528 igitur
1909 3486 1940 3519 T
1951 3486 1963 3529 11
1980 3486 2065 3519 hanc
2087 3486 2134 3519 V¹
2150 3485 2164 3529 Ι
2182 3485 2223 3519 28
2239 3485 2271 3524 a]
2288 3482 2330 3516 ad
2349 3482 2406 3526 Vll
2424 3485 2466 3517 29

1394 3529 1493 3562 sicuti
1515 3530 1565 3563 1⁷²
1582 3532 1594 3573 11
1615 3532 1658 3565 30
1682 3531 1808 3564 dietum
1830 3529 1887 3574 ῐ711
1909 3534 1960 3564 est
1982 3543 2041 3565 om.
2063 3529 2119 3573 Vn
2141 3528 2216 3571 quis
2236 3527 2284 3561 V¹
2309 3526 2322 3571 11
2345 3529 2384 3562 31
2412 3538 2467 3561 eos

1395 3574 1474 3616 quia
1491 3587 1547 3608 om.
1560 3575 1592 3608 T
1606 3575 1618 3619 11
1635 3576 1677 3609 32
1695 3575 1873 3609 madebunt
1894 3575 1923 3608 V
1938 3575 2109 3608 habebunt
2122 3571 2180 3616 ΤΙ
2195 3572 2238 3606 36
2247 3571 2371 3623 ‘horum
2391 3572 2438 3605 V¹
2455 3572 2468 3616 11

1394 3618 1504 3652 officio
1527 3630 1564 3652 so
1587 3622 1664 3652 sunt
1685 3620 1732 3654 ῘῙι
1757 3619 1770 3664 11
1798 3621 1839 3655 37
1860 3621 1919 3652 aut
1941 3620 1978 3652 in
2002 3637 2045 3644 —-
2068 3618 2175 3658 643‚³
2197 3615 2388 3649 huiusmodi
2410 3617 2469 3649 fiat

1394 3676 1455 3698 scr.
1477 3663 1526 3699 V²
1545 3666 1578 3698 in
1595 3671 1679 3709 spat.
1695 3677 1764 3699 vac.
1782 3666 1825 3710 5}
1840 3663 1918 3708 υε..
1943 3665 1986 3698 38
2009 3662 2099 3696 mitti
2124 3661 2157 3695 T
2173 3659 2186 3705 Ι
2212 3661 2255 3694 39
2278 3663 2337 3694 aut
2361 3673 2418 3695 om.
2441 3661 2471 3695 V

305 3085 325 3117 2
349 3086 575 3128 χρηματικοῖς
599 3085 630 3118 L
653 3083 665 3123 ΙΙ
690 3087 710 3120 3
733 3082 826 3127 ἦτοι]
857 3086 890 3118 ct
913 3097 933 3121 ς
953 3085 965 3123 11
992 3087 1012 3119 5
1035 3096 1072 3118 τι
1096 3083 1135 3124 ἐξ
1157 3081 1280 3118 αὐτῶν
1303 3079 1326 3126 ἢ

307 3484 327 3516 2
351 3485 490 3525 peculiis
515 3487 548 3519 T
567 3486 581 3530 11
606 3489 639 3519 et
661 3488 855 3528 aqueductis
877 3490 911 3520 et
933 3487 1009 3521 aliis
1031 3501 1094 3522 scr.
1115 3487 1169 3522 V*
1191 3488 1225 3522 in
1241 3493 1325 3530 spat.

250 3527 388 3613 ssi}
401 3530 777 3617 23²¹53¹¹53³1¹²¹1¹⁸515t²⁹22
790 3532 1103 3622 'Quieti‘f‘tff’
1117 3545 1191 3610 ⁶⁰?
1191 3530 1327 3610 ‘13¹5ssss

251 3621 334 3655 spat.
349 3627 419 3649 vac.
434 3619 520 3651 1-2
539 3590 657 3653 litt-qest
673 3622 704 3653 in
726 3620 781 3665 Vll
799 3590 985 3663 nigei-‘2⁶1‘
1003 3621 1017 3666 11
1035 3624 1056 3656 6
1078 3590 1326 3655 iii‘igiilutiou·

251 3657 407 3699 praebere
434 3662 482 3694 T¹
508 3662 522 3705 Ι
545 3662 605 3695 has
629 3665 727 3708 vulq]
750 3665 832 3699 haec
857 3667 934 3701 libri
953 3665 966 3711 11
991 3667 1028 3700 in
1051 3679 1111 3701 om.
1127 3666 1206 3710 T'fl
1231 3668 1250 3700 '¹1
1270 3665 1327 3699 de·
