2618 4010
1229 132 1312 180 245

153 150 217 181 -nn
247 148 470 181 AFRICANA
495 148 711 181 -ncomsm
2046 135 2154 179 Nov.
2186 135 2396 179 XXXVII

158 250 318 284 tenorem
341 248 521 285 licentiam
545 249 594 284 eis
619 249 743 285 damus
767 259 824 285 res
848 249 1015 295 proprias
1041 252 1076 284 et
1095 248 1340 294 possessiones
1364 248 1603 294 recuperandi
1624 257 1646 283 a
1668 257 1892 293 quacumque
1937 257 2065 284 ersona
2089 259 2153 293 per
2176 247 2398 294 provinciam

159 296 369 339 occupatas,
394 297 435 329 ut
458 294 599 339 possint
623 295 792 339 quicquid
816 295 862 329 ad
887 305 948 330 eas
972 295 1155 347 pertinens
1180 295 1339 329 ablatum
1370 298 1425 330 est
1450 295 1504 330 vel
1528 293 1635 330 fuerit
1667 293 1712 328 ab
1744 293 1872 337 iniquis
1923 294 2181 329 etentatoribus
2207 293 2397 329 vindicare.

115 339 141 376 5
301 339 415 375 Curae
439 342 558 374 autem
582 340 650 375 erit
674 344 756 375 tuae
781 340 1000 382 sublimitati,
1026 342 1200 385 quatenus
1225 350 1339 384 neque
1362 340 1505 375 Arianis
1528 349 1641 384 neque
1664 338 1864 374 Donatistis
1890 349 1956 374 nec
1979 339 2120 374 Iudaeis
2146 349 2211 374 nec
2236 339 2314 374 aliis
2340 339 2399 384 qui

163 384 400 420 orthodoxam
424 384 629 429 religionem
654 386 797 420 minime
823 386 940 421 colere
965 388 1165 421 noscuntur
1189 385 1310 430 aliqua
1334 385 1438 420 detur
1463 384 1662 420 communio
1686 383 1830 428 penitus
1855 384 1900 418 ad
1920 385 2182 420 ecclesiasticos
2207 385 2308 427 ritus,
2335 384 2399 420 sed

163 429 362 465 omnimodo
397 430 634 465 excludantur
665 441 686 465 a
719 431 831 466 sacris
865 434 901 466 et
931 431 1072 476 templis
1098 431 1256 472 nefandi,
1290 434 1326 466 et
1349 432 1449 465 nulla
1473 431 1524 466 eis
1548 430 1692 465 licentia
1725 429 1944 463 concedatur
1976 430 2118 474 penitus
2144 430 2311 464 ordinare
2344 430 2399 465 vel

160 475 349 520 episcopos
381 476 436 511 vel
467 475 616 511 clericos
648 480 711 511 aut
741 477 924 521 baptizare
955 486 1198 521 quascumque
1222 487 1395 521 personas
1428 479 1464 511 et
1495 476 1541 511 ad
1570 486 1674 511 suum
1703 474 1863 509 furorem
1892 474 2053 516 trahere,
2088 476 2171 519 quia
2195 475 2399 510 huiusmodi

163 523 283 556 sectae
313 531 386 556 non
418 520 532 556 solum
565 531 588 556 a
616 522 736 564 nobis,
769 522 832 557 sed
856 522 960 557 etiam
991 522 1036 556 ab
1069 521 1307 557 anter10ribus
1340 522 1477 566 legibus
1503 520 1759 557 condemnatae
1784 523 1868 554 sunt
1901 524 1935 554 et
1967 530 1988 554 a
2018 520 2301 555 sceleratissimis
2332 530 2398 556 nec

118 566 142 602 6
162 576 234 601 non
263 565 456 610 inquinatis
488 566 655 601 coluntur
684 567 899 602 hominibus.
969 567 1099 602 Omnes
1133 570 1252 602 autem
1284 567 1483 602 haereticos
1517 565 1713 602 secundum
1746 565 1840 608 leges
1873 567 2014 600 nostras
2048 575 2138 609 quas
2163 565 2398 610 imposuimus

162 610 316 655 publicis
342 611 484 646 actibus
509 612 673 655 amoveri,
698 615 734 647 et
757 613 845 647 nihil
869 608 1012 656 penitu's
1036 612 1218 656 publicum
1241 622 1364 656 gerere
1389 612 1631 648 concedantur
1654 610 1827 645 haeretici
1850 620 1915 645 nec
1940 610 2095 653 aliquam
2119 611 2398 646 administratiO-

161 665 242 691 nem
268 656 485 701 quibuslibet
509 657 630 692 subire
655 658 919 698 ambitionibus,
944 668 989 691 ne
1013 657 1198 692 videantur
1222 657 1394 692 haeretici
1419 657 1605 692 constituti
1630 656 1838 692 orthodoxis
1862 655 2047 699 imperare,
2085 666 2164 690 cum
2189 656 2324 690 sufficit
2350 657 2398 691 eis

161 701 287 743 vivere,
318 711 392 737 non
415 702 522 737 etiam
554 703 622 737 sibi
652 703 809 748 aliquam
838 702 1090 737 auctoritatem
1121 702 1300 737 vindicare
1333 705 1368 737 et
1400 714 1442 737 ex
1475 703 1542 737 hac
1568 701 1786 737 orthodoxos
1811 700 1972 735 homines
2005 705 2040 735 et
2065 700 2120 735 dei
2145 701 2398 745 omnipotentis

118 747 136 782 7
162 746 379 782 rectissimos
413 747 568 783 cultores
600 748 814 793 quibusdam
845 748 990 782 afficere
1021 748 1250 782 detrimentis.
1310 747 1570 791 Rebaptizatos
1602 749 1722 782 autem
1759 746 1921 781 militiam
1957 745 2099 790 quidem
2136 746 2268 781 habere
2302 747 2399 781 nullo

162 791 267 827 modo
294 792 539 834 concedimus,
574 793 829 837 paenitentiam
854 795 973 827 autem
998 803 1137 834 eorum,
1170 793 1199 827 si
1225 792 1271 827 ad
1295 793 1531 827 orthodoxam
1562 792 1667 827 fidem
1692 794 1809 827 mente
1833 791 2023 836 purissima
2054 791 2172 826 venire
2197 791 2399 832 maluerint,

162 847 233 872 non
258 837 469 890 respuimus,
495 839 557 874 sed
582 839 706 874 damus
732 839 781 873 eis
806 838 987 873 licentiam
1011 838 1079 872 hoc
1104 837 1277 881 faciendi,
1310 838 1393 881 quia
1419 842 1454 872 et
1478 838 1543 872 deo
1570 837 1804 882 omnipotenti
1835 837 1923 872 nihil
1947 837 1996 871 ita
2029 839 2083 872 est
2106 836 2330 880 acceptabile
2362 839 2401 871 ut

161 886 387 961 peccantium
411 884 642 928 paenitentia.
701 883 843 918 ludaeis
868 883 1015 927 insuper
1039 883 1254 926 denegamus
1284 892 1405 917 servos
1435 883 1568 918 habere
1595 883 1831 925 Christianos,
1863 882 1959 926 quod
1990 884 2027 917 et
2050 881 2186 925 legibus
2212 881 2399 916 anteriori-

188 938 229 963 us
254 930 400 963 cavetur
424 934 460 963 et
484 930 585 964 nobis
612 929 710 964 cordi
735 931 789 964 est
812 929 989 963 illibatum
1016 928 1205 968 custodire,
1239 930 1279 961 ut
1303 938 1418 972 neque
1441 938 1561 963 servos
1587 928 1809 964 orthodoxae
1832 927 2012 971 religionis
2037 927 2196 962 habeant
2219 937 2344 971 neque,
2371 927 2401 961 si

117 974 140 1010 8
163 971 259 1008 forte
283 973 559 1010 catechumenos
591 974 787 1018 accipiant,
819 984 881 1008 eos
906 974 1062 1008 audeant
1095 972 1359 1007 circumcidere.
1420 973 1490 1007 Sed
1513 984 1628 1017 neque
1652 983 1851 1019 synagogas
1884 983 2007 1008 eorum
2038 977 2134 1007 stare
2160 971 2399 1013 concedimus,

162 1018 226 1053 sed
249 1018 296 1053 ad
320 1019 552 1054 ecclesiarum
575 1020 724 1064 figuram
747 1028 808 1054 eas
832 1018 995 1053 volumus
1021 1018 1218 1053 reformari.
1279 1018 1404 1061 Neque
1430 1018 1523 1052 enim
1548 1019 1701 1054 Iudaeos
1725 1029 1840 1062 neque
1864 1028 2024 1063 paganos
2049 1028 2165 1062 neque
2188 1017 2399 1052 Donatistas

160 1073 276 1108 neque
291 1063 446 1100 Arianos
472 1075 586 1109 neque
610 1065 699 1099 alios
719 1073 963 1108 quoscumque
987 1063 1188 1098 haereticos
1212 1062 1263 1098 vel
1286 1063 1477 1107 speluncas
1501 1063 1634 1098 habere
1657 1064 1711 1098 vel
1733 1063 1907 1108 quaedam
1933 1064 2035 1108 quasi
2060 1063 2133 1098 ritu
2157 1062 2400 1098 eeclesiastico

163 1107 283 1144 facere
307 1110 474 1153 patimur,
501 1121 580 1145 cum
604 1109 806 1144 hominibus
831 1108 947 1153 impiis
973 1118 1076 1143 sacra
1101 1108 1304 1152 peragenda
1328 1109 1532 1153 permittere
1556 1110 1643 1143 satis
1669 1109 1864 1143 absurdum
1888 1113 1954 1144 est.

116 1155 141 1191 9
299 1154 486 1200 Privilegia
515 1155 664 1199 insuper
695 1158 947 1189 sacrosanctae
980 1154 1152 1188 ecclesiae
1188 1158 1331 1188 nostrae
1363 1153 1586 1196 Carthaginis
1617 1154 1840 1189 Iustinianae'
1876 1154 1994 1189 omnia
2028 1153 2271 1189 condonamus
2309 1162 2400 1197 quae

163 1200 460 1245 metropolitanae
485 1201 645 1235 civitates
671 1202 707 1234 et
731 1209 852 1234 earum
878 1199 1055 1234 antistites
1080 1199 1213 1233 habere
1237 1201 1448 1241 noscuntur,
1474 1209 1565 1242 quae
1585 1199 1691 1234 etiam
1708 1199 1832 1234 Codici
1855 1203 1978 1234 nostro
2002 1199 2040 1233 in
2064 1199 2177 1243 primo
2205 1199 2281 1233 eius
2307 1199 2400 1234 libro

163 1249 346 1289 segregata
371 1245 609 1280 sacrosanctis
634 1245 794 1279 ecclesiis
819 1255 923 1279 suum
947 1244 1118 1279 honorem
1142 1248 1327 1289 praestare
1351 1247 1569 1278 noscuntur:
1607 1248 1648 1278 ut
1673 1244 1796 1278 civitas
1823 1254 1929 1287 quam
1953 1244 2066 1279 nostri
2089 1244 2243 1279 numinis
2270 1254 2400 1288 cogno-

92 1291 140 1327 10
165 1291 256 1325 mine
281 1290 519 1325 decorandam
545 1300 622 1325 esse
645 1289 892 1334 perspeximus
916 1289 1161 1334 imperialibus
1195 1289 1301 1324 etiam
1325 1288 1517 1333 privilegiis
1543 1292 1716 1324 exornata
1739 1289 1919 1324 florescat.
1977 1289 2157 1332 Confugas
2183 1289 2306 1331 etiam,
2342 1289 2401 1333 qui

164 1336 210 1371 ad
232 1335 453 1370 venerabiles
479 1336 649 1370 ecclesias
682 1338 719 1370 et
749 1345 872 1370 earum
903 1334 994 1370 fines
1025 1334 1215 1370 convolare
1245 1334 1417 1369 festinant
1449 1338 1484 1369 et
1514 1344 1600 1369 suae
1626 1335 1732 1369 saluti
1757 1334 1981 1378 prospicere,
2016 1334 2104 1368 nulli
2127 1334 2269 1379 penitus
2293 1334 2401 1369 licere

162 1380 346 1424 sacrilegis
376 1381 541 1416 manibus
573 1383 619 1417 ab
652 1380 706 1415 his
739 1381 965 1423 abstrahere,
1001 1380 1063 1415 sed
1093 1390 1154 1415 eos
1187 1379 1447 1415 venerabilibus
1479 1379 1566 1414 locis
1593 1379 1712 1414 debita
1743 1379 1943 1414 reverentia
1966 1379 2155 1423 perpotiri,
2188 1380 2258 1414 nisi
2283 1383 2401 1413 tamen

162 1425 360 1460 homicidae
384 1426 456 1460 sint
484 1426 538 1461 vel
562 1426 735 1470 virginum
764 1428 928 1470 raptores
959 1428 1023 1460 aut
1048 1425 1269 1460 Christianae
1300 1424 1382 1460 fidei
1413 1425 1621 1460 violatores:
1659 1425 1739 1460 illos
1762 1425 1891 1459 etenim
1925 1424 1984 1468 qui
2009 1424 2095 1458 talia
2118 1424 2280 1459 facinora
2305 1434 2401 1459 com-

161 1470 306 1506 mittunt
337 1471 444 1507 nullis
477 1482 555 1506 esse
586 1471 711 1515 dignos
743 1471 932 1515 privilegiis
966 1471 1045 1515 quis
1078 1482 1148 1505 non
1182 1470 1422 1505 confiteatur?
1461 1481 1541 1505 cum
1573 1481 1646 1505 non
1678 1474 1797 1515 potest
1827 1471 2061 1506 sacrosancta
2095 1469 2247 1504 ecclesia
2277 1471 2313 1503 et
2336 1469 2401 1503 ho-

161 1515 273 1551 mines
303 1516 443 1561 iniquos
468 1517 637 1551 adiuvare
661 1520 696 1551 et
720 1516 924 1551 hominibus
957 1516 1063 1551 laesis
1096 1517 1197 1551 suum
1231 1515 1445 1550 adiutorium
1478 1518 1674 1560 praestare.
1735 1516 1797 1551 Sin
1823 1515 1907 1560 quid
1937 1518 2124 1560 praeterea
2149 1516 2402 1549 sacrosanctae

164 1561 337 1596 ecclesiae
360 1572 467 1606 saepe
493 1562 609 1597 dictae
633 1566 778 1597 nostrae
803 1562 1029 1605 Carthaginis
1054 1561 1274 1596 Iustinianae
1305 1561 1361 1595 vel
1390 1561 1469 1595 aliis
1494 1561 1757 1596 venerabilibus
1791 1560 1954 1595 ecclesiis
1979 1561 2173 1594 Africanae
2198 1559 2402 1594 dioeceseos

162 1617 184 1642 a
208 1617 431 1652 quacumque
456 1617 612 1652 persona
635 1618 699 1651 pro
726 1617 812 1642 suae
836 1607 953 1642 salute
977 1607 1117 1641 animae
1142 1607 1299 1642 oblatum
1325 1608 1380 1641 est
1403 1606 1457 1640 vel
1482 1606 1591 1641 fuerit
1616 1617 1840 1651 quocumque
1865 1606 1969 1641 modo
1990 1605 2144 1649 legitimo
2170 1615 2233 1639 seu
2257 1605 2294 1639 in
2317 1615 2401 1648 pos-

161 1652 382 1688 sessionibus
403 1663 466 1688 seu
482 1653 520 1687 in
537 1653 616 1687 aliis
635 1652 852 1696 quibuslibet
875 1652 1076 1696 speciebus,
1103 1654 1139 1687 et
1158 1652 1226 1686 hoc
1247 1651 1343 1696 apud
1363 1651 1505 1686 easdem
1530 1652 1752 1686 venerabiles
1778 1651 1948 1686 ecclesias
1973 1661 2116 1685 manere
2134 1650 2243 1693 firme,
2269 1650 2401 1684 nullius

161 1697 291 1742 iniquis
316 1698 479 1733 manibus
505 1698 795 1739 abstrahendum,
831 1708 910 1732 cum
936 1698 1096 1732 homines
1122 1697 1183 1741 qui
1207 1701 1280 1731 tam
1305 1696 1502 1731 laudabiles
1527 1699 1670 1741 tamque
1697 1697 1762 1732 deo
1787 1696 2026 1741 acceptabiles
2057 1698 2160 1731 actus
2186 1699 2221 1730 et
2244 1696 2322 1740 pias
2348 1696 2400 1730 fa-

162 1753 244 1778 cere
269 1743 467 1779 oblationes
493 1743 735 1788 deproperant
760 1744 845 1778 satis
871 1746 907 1777 et
931 1753 996 1777 nos
1021 1743 1209 1777 laudamus
1235 1747 1271 1776 et
1295 1742 1350 1777 dei
1375 1742 1540 1777 caelestis
1566 1747 1815 1777 remuneratur
1840 1742 2037 1777 clementia.

298 1788 398 1824 Haec
422 1789 529 1833 igitur
554 1789 673 1824 omnia
698 1798 789 1833 quae
813 1788 858 1822 ad
882 1788 1054 1823 honorem
1079 1790 1390 1823 sacrosanctarum
1415 1787 1574 1823 dedimus
1600 1788 1833 1823 ecclesiarum
1858 1787 1968 1822 totius
1983 1786 2176 1821 Africanae
2197 1786 2401 1821 dioeceseos

162 1843 226 1877 per
250 1839 474 1877 praesentem
498 1834 694 1879 piissimam
727 1838 763 1869 et
786 1833 823 1868 in
848 1836 1061 1878 perpetuum
1090 1833 1278 1868 valituram
1302 1834 1431 1875 legem,
1466 1843 1572 1876 quam
1598 1833 1831 1878 omnipotenti
1862 1832 1926 1868 deo
1953 1831 2185 1867 dedicandam
2218 1841 2295 1867 esse
2319 1841 2400 1875 per-

165 1879 356 1923 speximus,
383 1879 582 1914 sublimitas
607 1883 670 1914 tua
695 1889 913 1923 cognoscens
938 1879 1041 1914 firma
1064 1879 1273 1923 illibataque
1301 1878 1480 1913 custodire
1504 1878 1650 1913 festinet
1674 1883 1709 1913 et
1728 1879 1890 1913 omnibus
1915 1880 2024 1922 prout
2046 1877 2188 1912 solitum
2215 1879 2269 1912 est
2288 1877 2399 1911 mani-

162 1923 297 1959 festare
320 1925 446 1960 edictis
478 1925 609 1970 ubique
634 1924 893 1969 proponendis,
926 1927 967 1959 ut
990 1926 1115 1960 nostra
1145 1924 1245 1959 iussa
1276 1934 1434 1958 summae
1463 1924 1607 1968 pietatis
1633 1924 1806 1958 rationem
1830 1923 2001 1958 habentia
2033 1933 2076 1957 ex
2101 1923 2196 1957 omni
2220 1926 2323 1967 parte
2347 1922 2399 1956 in-

160 1969 322 2004 mutilata
347 1974 550 2014 serventur
588 1969 862 2005 temeratoribus
893 1979 1017 2005 eorum
1046 1980 1164 2014 poena
1189 1970 1310 2006 decem
1334 1970 1507 2004 librarum
1538 1969 1619 2004 auri
1642 1969 1855 2011 subdendiS
1890 1969 2031 2014 aliaque
2053 1967 2262 2012 gravissima
2287 1967 2402 2002 nostri

159 2015 313 2050 numinis
336 2015 578 2059 indignatione
602 2016 798 2060 plectendis
832 2015 997 2051 omnibus
1030 2015 1092 2060 qui
1122 2019 1282 2051 nostram
1314 2014 1584 2059 dispositionem
1617 2025 1840 2060 quocumque
1871 2014 1976 2050 modo
2007 2013 2063 2048 vel
2086 2015 2245 2058 tempore
2271 2013 2401 2047 violare

159 2060 410 2105 temptaverint
433 2061 488 2096 vel
512 2061 644 2095 violare
670 2061 921 2096 concesserint.

294 2106 376 2141 Dat.
402 2106 472 2141 kal.
499 2108 589 2151 Aug.
615 2106 683 2142 CP.
709 2106 882 2142 Belisario
907 2117 939 2142 v.
966 2116 996 2140 c.
1024 2116 1121 2142 cons.

246 2221 333 2255 6-8
360 2222 438 2254 citat
461 2221 594 2254 Nomoc.
619 2220 721 2254 XIV
736 2222 780 2254 tic.
799 2222 831 2262 4,
847 2228 886 2253 13
915 2223 946 2261 9,
961 2228 1006 2254 25.

219 2368 227 2397 1
249 2378 297 2408 sq.
322 2366 541 2407 recuperandi
566 2385 609 2389 -
632 2365 735 2407 possit
764 2366 810 2406 V]
842 2378 899 2398 om.
922 2364 1038 2407 tvuly.
1108 2362 1242 2405 provin-

161 2411 258 2452 ciam]
279 2416 353 2453 pam
377 2410 433 2454 Vl]
451 2413 470 2445 2
495 2411 622 2453 possint
637 2411 828 2451 [leimbaclz]
853 2410 955 2452 possit
975 2408 1030 2451 Vl]
1049 2408 1176 2448 iniquis
1196 2407 1241 2446 V]

162 2457 309 2497 antiquis
335 2457 447 2499 tvuly.
521 2456 698 2489 nendicare
721 2463 732 2489 t
802 2457 820 2489 3
846 2455 990 2487 arrianis
1012 2454 1067 2486 Vt
1137 2455 1157 2485 4
1182 2451 1243 2484 ali-

163 2524 229 2555 qua
250 2513 294 2554 V]
319 2512 386 2545 alia
408 2513 533 2547 tNeob.
547 2514 635 2557 vulq.
692 2512 788 2545 detur
810 2510 963 2550 VNeob.]
990 2509 1086 2542 detur
1109 2508 1244 2540 omnino

163 2560 277 2602 tvuly.
350 2569 525 2590 communo
548 2559 582 2591 V
602 2558 614 2601 ss
645 2556 884 2590 ecclesiasticus
905 2555 964 2597 Vl]
995 2557 1013 2588 5
1040 2554 1186 2593 nefandi]
1213 2554 1246 2585 et

162 2603 299 2642 nefandi
325 2605 401 2636 libri
471 2606 491 2636 6
516 2604 557 2636 ad
583 2605 605 2644 t]
630 2614 649 2635 a
670 2603 784 2642 Neob
809 2614 867 2634 om.
890 2599 950 2643 Vl]
981 2599 1071 2641 quia]
1097 2609 1162 2640 qua
1184 2598 1218 2631 V

163 2651 181 2683 7
206 2648 425 2682 interioribus
446 2649 479 2682 V
539 2647 773 2691 condempnati
794 2646 828 2679 V
890 2646 908 2678 8
934 2649 1062 2677 nostras
1087 2644 1175 2685 leges
1207 2643 1244 2676 V.

167 2695 218 2738 Of.
237 2695 314 2729 0001.
332 2696 361 2735 1,
376 2702 403 2735 5,
416 2701 458 2727 12.
476 2702 507 2729 18
559 2702 632 2727 5.10
704 2695 724 2727 9
750 2691 932 2724 ammoneri
954 2691 988 2723 V
1046 2691 1079 2741 et
1104 2702 1161 2721 om.
1184 2689 1218 2721 V

163 2740 322 2772 haeretici
348 2752 407 2772 om.
431 2739 489 2782 Vss
514 2750 574 2771 nec
599 2739 746 2780 aliquam
842 2738 881 2770 10
906 2737 1066 2768 haeretici
1088 2735 1244 2773 VNeob.]

164 2785 363 2828 om.tvul9.
453 2786 487 2818 11
516 2785 693 2817 orthodoxi
725 2782 874 2817 VNeob.
914 2780 926 2823 ss
964 2782 1003 2814 12
1037 2780 1166 2812 afficere
1199 2779 1244 2818 V]

164 2830 276 2863 affrice
290 2837 301 2863 t
356 2831 396 2863 13
409 2829 596 2872 penitentia
617 2828 672 2873 Vll
691 2827 848 2861 maluerit
864 2834 874 2859 t
927 2828 969 2860 14
982 2825 1170 2867 respuerint
1191 2824 1225 2857 V

166 2878 225 2908 hec
237 2875 340 2909 Neob.
393 2877 432 2908 15
447 2875 635 2916 delegamus
657 2883 668 2907 t
690 2874 701 2918 11
732 2875 773 2907 16
786 2872 879 2905 cordi
901 2882 967 2903 esse
989 2871 1163 2902 illabatum
1185 2870 1219 2902 V

165 2922 206 2955 17
229 2920 477 2953 cathecuminos
496 2927 508 2953 t
531 2920 782 2952 cathecuminus
803 2917 859 2960 Vl]
882 2916 1090 2958 accipiebant
1109 2916 1216 2958 tvuly.

163 2966 309 2999 audeant
333 2978 391 2998 om.
406 2966 514 3007 tvuly.
572 2966 612 2999 18
639 2975 692 2997 eas
713 2965 759 3004 V]
784 2972 838 2995 eos
863 2962 971 3005 tvuly.
1031 2963 1070 2994 19
1095 2961 1246 2993 arrianos

174 3012 225 3043 Vt
294 3010 435 3051 quadam
459 3018 470 3042 t
538 3011 580 3043 20
605 3020 694 3042 sacre
721 3009 755 3042 V
817 3007 997 3049 peragendi
1024 3007 1100 3039 libri
1170 3016 1246 3047 pro-

165 3056 297 3087 mittere
321 3054 360 3096 tH
385 3056 424 3087 21
441 3054 626 3096 Priuilegia
647 3055 693 3094 V]
721 3066 778 3086 om.
795 3053 921 3085 tNeob.
936 3052 1022 3094 vuly.
1078 3052 1120 3084 22
1135 3061 1245 3083 earum

167 3101 365 3139 Zachariae]
390 3109 503 3131 eorum
524 3100 601 3132 libri
673 3100 770 3131 etiam
794 3098 837 3137 V]
862 3110 919 3129 om.
936 3097 1045 3138 tvulq.
1118 3096 1245 3136 Codioi]

170 3148 199 3185 l,
223 3152 240 3178 2
311 3144 352 3176 23
378 3145 503 3176 honore
536 3145 570 3176 V
634 3145 756 3176 nostris
788 3143 822 3175 V
891 3143 934 3174 24
959 3141 1030 3182 qui]
1062 3140 1143 3181 quid
1176 3140 1210 3173 V

167 3192 210 3224 25
223 3188 400 3223 conualere
423 3187 478 3231 Vl]
495 3188 625 3221 *soluti
647 3190 679 3222 V
693 3187 863 3221 uoluntati
886 3186 1012 3219 tNeob.
1028 3186 1115 3229 vulq.
1136 3184 1148 3229 ss
1171 3196 1247 3227 pro-

2254 2106 2301 2146 [a.
2323 2105 2402 2144 535]

1314 2362 1438 2404 spicere
1460 2362 1507 2402 V]
1532 2360 1691 2403 proficere
1712 2361 1839 2394 tNeob.
1853 2361 1940 2404 vulq.
2006 2362 2048 2395 26
2063 2361 2247 2403 sacrilegiis
2269 2370 2280 2395 t
2299 2363 2400 2395 sacris

1314 2407 1398 2448 legis
1419 2407 1453 2440 V
1512 2407 1553 2439 27
1579 2405 1647 2445 uel]
1678 2405 1772 2438 nobis
1799 2413 1809 2438 t
1874 2408 1933 2438 aut
1958 2419 1996 2438 ex
2021 2419 2102 2439 corr.
2125 2407 2159 2440 V
2217 2409 2259 2441 28
2285 2407 2400 2440 nullus

1322 2451 1376 2495 Vl]
1404 2453 1481 2492 esse]
1507 2461 1623 2483 causae
1648 2461 1715 2483 esse
1829 2451 1916 2492 quis]
1943 2451 2001 2492 qui
2022 2451 2071 2484 Vt
2097 2451 2108 2494 [
2138 2455 2246 2494 potest
2271 2454 2350 2495 (poi
2373 2454 2407 2486 V

1358 2510 1386 2550 t)
1414 2509 1501 2549 libri]
1533 2509 1693 2550 poterunt
1713 2508 1894 2541 Heimbaclz
1929 2508 2058 2551 possint
2076 2509 2164 2552 vuly.
2201 2509 2307 2550 prosit
2330 2509 2399 2542 Za-

1317 2555 1449 2587 chariae
1474 2555 1506 2586 in
1534 2555 1611 2587 add.
1677 2553 1929 2585 *sacrosanctae
1955 2553 2111 2586 ecclesiae
2138 2555 2215 2587 libri
2274 2555 2316 2587 29
2341 2554 2398 2586 ad-

1315 2599 1431 2631 iubare
1464 2599 1495 2631 V
1562 2599 1636 2640 Sin]
1669 2598 1710 2630 In
1733 2598 1767 2631 V
1795 2598 1832 2631 Si
1857 2599 1971 2642 tvuly.
2041 2599 2082 2632 30
2105 2598 2269 2631 dioceseos
2302 2599 2353 2632 Vt
2387 2598 2400 2640 11

1318 2646 1358 2678 32
1385 2644 1511 2676 easdem
1533 2641 1577 2683 V]
1611 2656 1669 2676 om.
1695 2651 1707 2676 t
1729 2644 1818 2686 ).
1895 2645 1937 2677 33
1963 2644 2090 2685 iniquis
2119 2644 2183 2684 Vt]
2217 2645 2252 2676 in
2278 2644 2399 2685 quibus

1316 2690 1418 2723 Neob.
1480 2690 1522 2722 34
1547 2689 1765 2732 deproperare
1791 2690 1815 2721 t
1847 2688 2059 2730 deproperari
2082 2689 2109 2722 t
2129 2687 2141 2732 l]
2168 2692 2399 2721 remuneratur

1326 2734 1482 2774 VNeob.]
1509 2736 1699 2766 remunerat
1802 2734 1844 2767 35
1862 2733 2027 2766 dioceseos
2049 2735 2125 2767 libri
2191 2735 2233 2767 37
2257 2737 2289 2766 et
2311 2733 2360 2767 Vb
2375 2736 2397 2774 t]

1318 2792 1375 2813 om.
1395 2779 1448 2812 Va
1461 2779 1563 2812 Neob.
1617 2778 1753 2811 solitum
1767 2781 1790 2818 t]
1812 2778 1956 2811 solutum
1980 2780 2121 2813 VNeob.
2179 2781 2220 2814 38
2234 2780 2398 2812 rationem

1317 2837 1374 2857 om.
1398 2825 1514 2867 tvulq.
1549 2823 1561 2867 ss
1592 2825 1633 2857 39
1658 2824 1910 2856 temeratoribus
1937 2825 2104 2864 Pithoeus]
2141 2824 2398 2857 demetatoribus

1317 2870 1395 2902 libri
1462 2869 1548 2909 auri]
1574 2879 1605 2900 a
1633 2876 1644 2902 t
1712 2868 1844 2910 aliaque
1865 2869 1909 2909 V]
1934 2869 2047 2910 aliqua
2072 2870 2199 2903 tNeob.
2269 2870 2398 2911 grauis-

1316 2915 1397 2946 sima
1415 2914 1461 2953 V]
1483 2914 1579 2955 graui
1602 2914 1712 2957 tvulq.
1762 2916 1874 2946 nostra
1896 2915 1946 2947 Va
1993 2916 2035 2948 40
2051 2917 2164 2947 nostra
2181 2915 2397 2957 dispositione

1324 2960 1358 2993 V
1417 2958 1541 2990 violare
1566 2959 1766 3000 Zachariae]
1798 2958 1918 2991 uiolari
1942 2960 1979 3000 V,
2012 2959 2135 2992 violare
2163 2961 2398 3002 temptaverint

1317 3004 1367 3037 vel
1388 3017 1444 3037 om.
1464 3004 1572 3046 tvuly.
1643 3005 1683 3036 41
1702 3005 1761 3047 [439.
1778 3004 1923 3036 violari?
1971 3006 2013 3038 42
2035 3004 2100 3036 kal.
2122 3015 2196 3046 aug.
2218 3005 2397 3045 VtNeo(.,

1317 3051 1404 3091 Am
1744 3049 1880 3085 leeoa'.:
1911 3059 1992 3082 XVII
2016 3050 2081 3081 kal.
2107 3050 2194 3090 Aug.
2218 3051 2309 3083 malit
2329 3050 2397 3082 Za-

1318 3096 1450 3128 chariae
1480 3094 1491 3136 ]
1520 3093 1682 3125 bilisiario
1702 3104 1753 3125 uc.
1774 3104 1845 3126 con.
1870 3095 1904 3126 V
1925 3094 2012 3126 bilis.
2035 3105 2086 3126 uc.
2105 3097 2221 3127 contra
2238 3102 2249 3127 t
2273 3094 2396 3127 bibilis.

1318 3151 1368 3172 uc.
1395 3150 1466 3171 con.
1494 3139 1613 3175 Neob.
2087 3142 2127 3179 (.
2151 3140 2172 3171 l.
2195 3137 2396 3175 )

1318 3186 1404 3226 Atta,
2112 3186 2204 3218 heod.

2429 659 2467 690 10

2432 884 2467 916 15

2426 1110 2469 1142 20

2427 1336 2468 1368 25

2427 1562 2469 1594 30

2427 1787 2468 1820 35

2427 2014 2468 2046 40
