2618 4010
152 157 211 186 DE
241 156 396 188 USURIS
426 155 632 187 NAU'rmls

152 255 223 298 μὴν
255 256 467 297 ἐπανιούσης
498 252 606 296 αὐτῆς
637 254 703 288 τὸν
727 253 858 300 χρόνον
890 255 937 289 εἰς
964 257 1029 289 ἕνα
1059 252 1173 298 μόνον
1205 252 1224 296 i)

153 300 217 334 δύο
234 300 529 345 παρελκυσθῆναι
543 301 676 342 μῆνας,
697 303 755 333 καὶ
773 302 811 333 ἐκ
827 301 904 334 τῶν
920 302 1034 346 τριῶν
1050 302 1226 344 κερατίων

153 343 328 400 ὠφέλειαν
351 348 455 388 ἔχειν,
485 342 554 378 κᾶν
577 341 692 379 οὕτως
715 346 847 390 βραχὺς
871 343 1078 392 διαγένηται
1101 345 1226 389 χρόνος

152 405 220 424 καν
251 392 281 424 εἰ
311 392 511 435 περαιτέρω
547 390 645 435 παρὰ
679 392 733 433 τῷ
766 389 1011 435 δανεισαμένῳ
1046 393 1147 435 μένοι
1173 389 1223 435 ι,τὸ

150 439 262 481 χρέος·
289 432 399 469 ταύτὸ
425 433 464 468 δὲ
487 437 593 468 τοῦτο
618 438 762 480 κρατεῖν
787 436 913 481 ἑτέραν
937 435 1048 470 πάλιν
1070 436 1147 469 τῶν
1167 437 1225 477 έμ-

152 483 401 526 πορευομένων
425 477 633 524 ἀποδημίαν
657 480 889 526 αἱρουμένων,
915 478 1002 515 ὥςτε
1026 476 1119 514 καθ’
1146 481 1224 513 ἕκα-

151 538 239 559 στον
268 525 402 571 φόρτον
435 522 626 570 ὁρίζεσθαι
659 526 700 560 τὸ
734 528 851 570 σχῆμα
887 523 978 560 καθ’
1011 523 1034 559 ὅ
1062 524 1225 571 προςήκει

151 571 192 604 τὸ
218 569 391 614 δάνεισμα
418 569 438 613 ἢ
462 575 583 614 μένειν
608 571 629 615 ἢ
654 570 940 605 ἐναλλάττεσθαι
965 570 1055 605 κατὰ
1077 570 1119 604 τὸ
1144 574 1226 615 περὶ

150 614 279 649 τούτου
312 614 509 650 συνδοκοῦν
541 620 613 650 τοῖς
643 620 764 661 μέρεσι
795 614 1007 660 σύμφωνον·
1045 616 1075 649 εἰ
1102 618 1226 659 μέντοι

1220 139 1301 185 509

2006 143 2112 185 Nov.
2139 142 2229 184 CVI
2260 157 2317 197 pr.
2356 145 2371 184 l

1296 258 1475 290 remeante
1510 257 1650 299 tempus
1686 253 1724 288 in
1759 264 1866 288 unum
1903 254 2016 289 solum
2059 257 2121 289 aut
2157 254 2246 289 duos
2281 253 2376 288 trahi

1294 309 1451 341 menses,
1484 304 1519 334 et
1549 310 1592 335 ex
1616 298 1729 334 tribus
1762 299 1899 342 siliquis
1928 300 2116 334 utilitatem
2140 300 2290 343 habere,
2323 299 2377 334 vel

1295 344 1325 378 si
1356 346 1406 379 ita
1439 346 1544 380 breve
1576 345 1622 380 sit
1653 348 1791 387 tempus
1825 345 1877 378 vel
1910 345 1941 379 si
1973 345 2068 389 apud
2100 345 2250 379 alterum
2275 347 2377 379 extra

1296 389 1491 424 debitorem
1524 393 1666 425 maneat
1696 389 1865 423 debitum.
1914 389 1991 424 Hoc
2014 390 2106 424 idem
2132 391 2246 425 valere
2271 389 2377 424 aliam

1262 438 1280 469 5
1295 445 1419 469 rursus
1444 434 1723 479 negotiatoribus
1748 434 2005 479 profectionem
2030 435 2311 477 assumentibus,
2343 438 2377 469 et

1294 490 1357 524 per
1393 481 1668 525 unumquodque
1703 490 1793 514 onus
1829 479 1967 514 definiri
2004 480 2145 515 schema
2182 480 2376 515 secundum

1294 525 1388 570 quod
1420 530 1597 571 competat
1626 530 1788 560 mutuum
1820 528 1884 559 aut
1914 535 2056 559 manere
2089 529 2150 559 aut
2182 525 2377 569 permutari

1294 571 1489 605 secundum
1513 573 1658 615 pactum
1692 570 1786 615 quod
1811 570 1855 605 ob
1881 570 1949 604 hoc
1974 571 2177 604 convenerit
2200 570 2374 615 partibus

1294 616 1330 650 Si
1350 620 1468 651 tamen
1486 620 1568 661 post
1588 616 1822 651 reversionem
1843 615 1941 649 navis
1962 615 2081 650 salvae
2101 619 2136 650 et
2153 625 2377 659 nequaquam

149 660 240 704 μετὰ
271 660 339 703 τὴν
372 660 552 695 ἐπάνοδον
588 663 650 704 τῆς
680 673 763 705 νηος
798 661 978 704 σωθείσης
1013 665 1071 694 καὶ
1102 663 1226 703 μηκέτι
1242 664 1280 695 10
1294 662 1459 705 navigare
1483 665 1628 706 propter
1651 665 1791 705 tempus
1816 661 1965 695 valentis
1990 665 2230 702 revertantur,
2258 660 2377 703 viginti

150 704 253 739 πλεῖν
277 704 336 738 διὰ
368 706 435 739 τὸν
459 707 586 752 καιρὸν
611 705 806 751 δυναμένης
837 706 1085 748 ἐπανέλθοιεν,
1115 706 1226 739 εἴκοσι

150 754 208 783 καὶ
239 750 366 795 μόνων
398 751 539 796 ἡμερῶν
564 753 794 797 προθεσμίαν
819 750 991 785 δίδοσθαι
1021 751 1119 796 παρὰ
1150 751 1227 784 τῶν

151 794 398 830 δανεισάντων
421 801 494 831 τοῖς
515 796 798 842 δανεισαμένως,
823 800 882 830 καὶ
904 795 1016 841 μηδὲν
1040 795 1130 841 ὑπὲρ
1150 797 1227 829 τῶν

150 838 372 886 ὀφλημάτων
407 842 513 876 τόκου
551 845 670 876 ἕνεκεν
705 839 889 884 ἀπαιτεῖν,
934 845 1000 876 ἕως
1033 842 1226 886 πραθῆναι

1295 711 1329 741 et
1354 707 1467 741 solum
1493 707 1629 741 dierum
1652 706 1807 740 indutias
1833 706 1910 740 dari
1935 716 1956 740 a
1980 706 2214 741 creditoribus
2240 706 2376 740 debito-

1294 751 1408 794 ribus,
1443 756 1478 786 et
1509 751 1596 787 nihil
1628 762 1692 796 pro
1726 751 1854 787 debitis
1880 761 2067 785 usurarum
2092 760 2200 786 causa
2225 751 2376 794 exigere,

1295 796 1408 832 donec
1439 797 1542 832 vendi
1567 797 1748 841 contingat
1779 807 1886 840 onus;
1921 799 2110 840 parcentes
2144 796 2238 841 apud
2270 796 2378 830 alium

1295 852 1372 876 esse
1395 842 1550 877 debitum
1575 853 1646 877 non
1666 842 1894 884 reddendum,
1917 841 2005 876 duas
2024 846 2145 886 partes
2163 841 2378 876 centesimae

151 891 306 940 σομμαιί]
331 887 397 920 τὸν
422 890 570 934 φόρτοιν
601 889 632 920 εί
656 886 695 921 δὲ
717 891 819 932 μένοι
843 891 1041 933 περαιτέρω
1066 887 1108 920 τὸ
1130 889 1226 931 χρέος
1243 889 1281 920 15
1296 887 1446 922 dominis
1481 887 1713 932 pecuniarum
1746 887 1831 922 dare
1867 897 2015 928 usuras,
2052 890 2088 921 et
2124 889 2261 922 mutare
2297 896 2379 921 mox

151 945 214 964 ουκ
251 930 525 976 ἀποδιδόμενον,
563 933 631 967 τὸν
667 935 703 966 ἐκ
741 931 899 977 διμοίρου
938 934 999 975 τῆς
1034 932 1227 974 ἑκατοστῆς

151 980 222 1010 τοῖς
247 982 375 1024 κυρίοις
405 980 481 1012 τῶν
504 978 698 1021 χρημάτων
722 976 865 1011 διδόναι
888 977 1007 1019 τόκον,
1037 981 1095 1011 καὶ
1118 990 1225 1021 μετα-

151 1021 300 1065 ρ’άλλειν
331 1020 440 1057 εὐθὺς
470 1024 511 1057 τὸ
538 1021 712 1067 δάνεισμα
735 1027 794 1056 καὶ
818 1025 864 1057 εἰς
887 1023 955 1057 τὸν
978 1024 1054 1057 τῶν
1079 1025 1116 1069 ἐγ
1141 1026 1227 1056 είων

151 1071 370 1112 μεταχωρεῖν
393 1067 540 1114 τρόπον,
565 1066 683 1102 οὐκέτι
707 1070 783 1102 τῶν
807 1067 1022 1102 θαλαττίων
1045 1082 1102 1102 κιν
1128 1066 1226 1102 ύνων

151 1113 218 1146 τὸν
243 1111 435 1157 δανειστὴν
459 1113 712 1156 ἐνοχλούντων,

152 1162 234 1192 πεῖν
258 1160 405 1205 ἔνορκον
429 1162 688 1203 ποιησαμένους
716 1159 784 1202 τὴν
806 1163 1015 1204 μαρτυρίαν.
1064 1155 1157 1204 ἅπερ
1182 1159 1228 1192 εἰς

152 1202 243 1247 ἡμᾶς
275 1205 465 1247 ἐμηνυσας,
498 1201 585 1238 (δςτε
608 1201 696 1247 ἡμᾶς
719 1205 964 1247 νομοθετῆσαι
993 1204 1035 1238 τὸ
1061 1203 1146 1248 ἡμῖν
1171 1202 1228 1237 δο-

152 1251 248 1291 κοῦν,
284 1254 343 1283 καὶ
379 1252 438 1284 ἐπὶ
474 1250 610 1283 τούτοις
646 1251 795 1295 ἔφασκες
829 1251 945 1284 ταῦτα
980 1251 1034 1292 τῷ
1066 1248 1228 1296 ἡμετέρῳ

153 1294 399 1341 προςαγγεῖλαι
423 1294 553 1340 κράτει.

1295 937 1455 967 mutuum
1480 936 1516 967 et
1538 934 1574 967 in
1598 936 1778 968 terrenum
1802 936 2035 977 transponere
2058 932 2219 972 modum,
2245 941 2377 975 nequa-

1295 988 1398 1022 quam
1430 978 1613 1013 maritimis
1646 978 1812 1023 periculis
1850 978 2060 1012 creditorem
2095 977 2376 1012 molestantibus.

1295 1023 1343 1057 Et
1372 1023 1459 1058 haec
1493 1034 1612 1058 omnes
1644 1024 1775 1059 dixisse
1804 1034 1882 1058 cum
1903 1023 2130 1058 iureiurando
2152 1023 2378 1067 perhibentes

1294 1068 1546 1104 testimonium.
1595 1069 1693 1112 Quae
1716 1069 1762 1103 ad
1786 1079 1851 1104 nos
1879 1068 2071 1111 nuntiasti,
2101 1071 2142 1102 ut
2166 1079 2230 1103 nos
2262 1067 2378 1102 sanci-

762 1115 961 1148 καὶταῦτα
992 1110 1157 1147 ἅπαντας
1181 1114 1225 1146 εἰ·
1240 1115 1282 1146 20
1296 1124 1413 1148 remus
1447 1114 1541 1158 quod
1573 1115 1677 1149 nobis
1708 1114 1904 1155 videretur,
1941 1118 1976 1148 et
2006 1124 2114 1159 super
2146 1113 2201 1148 his
2234 1113 2379 1148 dicebas

1297 1159 1385 1194 haec
1409 1161 1553 1194 nostrae
1574 1160 1739 1194 nuntiata
1763 1159 1944 1204 potestati.

1152 1385 1310 1420 CAPUT
1335 1386 1362 1422 Ι.

197 1451 310 1498 (Ημεῖς
333 1457 456 1487 τοίνυν
480 1456 539 1486 καὶ
558 1450 676 1487 αὐτοῖς
699 1455 907 1496 ἐντυχόντες
929 1457 1002 1487 τοῖς
1026 1456 1228 1499 πεπραγμέ-
1244 1456 1285 1488 25

151 1510 226 1532 νοις
249 1502 308 1532 καὶ
331 1499 373 1532 τὸ
399 1500 546 1544 πρᾶγμα
570 1497 803 1541 διδαχθέντες
828 1500 1051 1543 θεσπίζομεν
1074 1513 1164 1532 κατα
1185 1498 1227 1532 τὸ

151 1547 465 1590 μεμαρτυρημένον
498 1545 556 1578 ἐπὶ
585 1545 646 1586 τῆς
676 1545 738 1588 σῆς
769 1543 941 1590 ὑπεροχῆς
972 1541 1066 1578 οὕτω
1098 1546 1166 1578 νῦν
1189 1558 1229 1578 τε

152 1593 210 1622 καὶ
242 1590 288 1622 εἰς
311 1590 378 1622 τὸν
403 1590 480 1631 ἑξῆς
504 1585 652 1623 ἅπαντα
675 1587 807 1635 χρόνον
830 1590 877 1624 τὰ
897 1591 1050 1623 τοιαῦτα
1073 1593 1228 1642 κρατεῖν,

1351 1453 1428 1488 Nos
1452 1452 1560 1496 igitur
1584 1455 1620 1487 et
1643 1452 1722 1497 ipsa
1740 1452 1895 1496 legentes
1912 1454 2013 1495 gesta
2034 1456 2069 1487 et
2093 1463 2238 1487 causam
2263 1452 2380 1487 edocti

1299 1499 1476 1533 sancimus
1513 1498 1706 1533 secundum
1743 1498 1837 1542 quod
1872 1502 2042 1532 testatum
2075 1502 2128 1533 est
2165 1508 2283 1533 coram
2318 1502 2381 1532 tua

1298 1543 1504 1579 celsitudine
1539 1543 1591 1578 ita
1626 1554 1721 1578 nunc
1757 1547 1794 1578 et
1829 1543 1995 1588 deinceps
2030 1543 2067 1578 in
2103 1554 2207 1579 omne
2240 1547 2380 1588 tempus

1295 1593 1426 1633 tenere,
1452 1599 1493 1624 eo
1519 1589 1613 1633 quod
1637 1599 1750 1633 neque
1774 1589 1844 1623 iam
1864 1589 1989 1633 positis
2009 1593 2209 1633 repugnant
2231 1589 2379 1633 legibus,

153 1633 248 1667 διότι
263 1632 353 1677 μηδὲ
372 1638 443 1667 τοῖς
462 1632 527 1676 ἤδη
549 1634 770 1678 τεθειμένοις
789 1636 941 1679 μάχεται
965 1634 1105 1679 νόμοις·
1141 1632 1248 1669 ὡςτε,
1295 1639 1336 1670 ut
1368 1638 1532 1679 oporteat
1563 1645 1657 1669 nunc
1689 1638 1723 1668 et
1755 1634 1798 1669 de
1832 1638 1949 1669 cetero
1982 1635 2174 1669 secundum
2206 1634 2381 1678 quandam

153 1678 226 1712 δεῖν
252 1681 289 1712 ἐκ
312 1681 375 1713 τοῦ
401 1678 527 1713 λοιποῦ
558 1678 649 1713 κατά
680 1694 764 1714 τινα
796 1679 912 1714 ίδικὸν
943 1678 1057 1723 νόμον
1088 1682 1128 1714 ἐν
1151 1683 1228 1714 ταῖς
1241 1682 1283 1714 30
1296 1680 1476 1725 propriam
1500 1680 1610 1723 legem
1631 1680 1668 1714 in
1691 1680 1903 1715 nauclericis
1929 1683 1992 1714 aut
2007 1679 2249 1724 negotiatoriis
2274 1689 2382 1724 super

151 1724 397 1770 ναυκληρικαῖς
419 1723 497 1767 ἤτοι
519 1726 723 1770 ἐμπορικαῖς
747 1724 860 1759 δίκαις
880 1728 939 1760 ἐπὶ
956 1727 1033 1760 τῶν
1050 1724 1228 1760 τοιούτων

153 1771 280 1804 αἰτιῶν
303 1772 417 1803 ταῦτα
439 1769 699 1815 φυλάττεσθαι,
724 1772 890 1805 καὶκατὰ
906 1771 972 1805 τὸν
988 1770 1128 1816 τρόπον
1151 1772 1229 1804 τῶν

151 1816 347 1860 εἰρημένων
373 1816 580 1860 συμφώνων
604 1813 718 1850 οὕτως
740 1817 911 1863 γίνεσθαι
943 1817 1006 1850 τὰς
1030 1814 1229 1860 ἀποβάσεις

151 1863 270 1894 καὶτὰ
291 1860 379 1894 ἄλλα
396 1861 518 1894 πάντα
543 1861 614 1902 ἔθη
639 1858 761 1895 ὁπόσα
786 1864 825 1896 ἐν
840 1863 1147 1913 τοῖςιὲμπροσθεν
1169 1876 1228 1906 με-

1296 1726 1419 1760 talium
1450 1735 1640 1760 causarum
1672 1725 1761 1760 haec
1794 1725 1929 1760 servari
1953 1725 2093 1767 litibus,
2127 1728 2162 1759 et
2187 1726 2380 1760 secundum

1297 1772 1429 1807 dietum
1447 1770 1588 1805 modum
1608 1771 1874 1815 praedictarum
1895 1770 2101 1815 pactionum
2116 1770 2167 1805 ita
2182 1770 2260 1805 fieri
2275 1771 2381 1805 etiam

1297 1820 1443 1851 eventus
1459 1820 1495 1851 et
1511 1816 1581 1850 alia
1597 1816 1715 1851 omnia
1731 1826 1974 1861 quaecumque
1994 1816 2030 1850 in
2047 1816 2226 1860 prioribus
2250 1820 2382 1851 testata

1299 1865 1382 1897 sunt
1412 1862 1507 1906 apud
1538 1861 1656 1896 sedem
1691 1864 1807 1904 tuam,
1843 1862 1937 1896 unde
1972 1861 2168 1896 secundum
2200 1861 2381 1906 propriam

151 1904 374 1959 μαρτύρηται
393 1905 492 1951 παρὰ
513 1907 564 1948 τῷ
584 1905 711 1951 θρόνῳ
734 1909 786 1950 τῷ
807 1908 872 1949 σῷ,
895 1904 982 1941 (bete
1001 1908 1093 1941 κατὰ
1112 1905 1230 1941 ἰδικὸν
1243 1910 1284 1941 35
1298 1908 1409 1952 legem
1433 1910 1578 1942 teneant
1601 1907 1637 1941 in
1661 1907 1873 1942 nauclericis
1898 1909 1961 1941 aut
1982 1907 2236 1950 negotiatoriis.
2280 1906 2382 1951 Quod

152 1964 265 1995 νομον
288 1952 405 1984 ταῦτα
428 1955 572 1996 κρατεῖν
596 1953 655 1986 ἐπὶ
679 1954 755 1986 τῶν
781 1952 1028 1998 ναυκληρικῶν
1059 1952 1139 1996 ἦτοι
1172 1954 1227 1997 ἐμ-

153 1998 312 2042 πορικῶν
337 1997 391 2038 (τὸ
407 1997 476 2042 γὰρ
501 1998 539 2030 ἐν
555 2001 700 2042 μακροῖς
724 1995 821 2032 οὕτω
846 1997 1126 2042 πολιτευόμενον
1149 1996 1229 2044 χρό-

153 2053 226 2075 νοις
258 2045 316 2075 καὶ
340 2043 524 2087 κρατῆσαν
555 2039 855 2086 ἀπαραλλάκτως,
886 2043 1057 2088 καθάπερ
1083 2043 1121 2077 αἱ
1142 2057 1230 2088 μαρ-

153 2090 270 2132 τυρίαι
292 2087 388 2131 παρὰ
408 2088 451 2132 τῇ
473 2088 516 2133 σῇ
539 2085 747 2130 ἑνδοξότητι
769 2086 956 2133 διώρισαν,
979 2090 1055 2122 πῶς
1073 2086 1136 2122 οὐκ
1159 2091 1234 2122 ἐστὶ

1299 1954 1392 1988 enim
1413 1953 1526 1996 longis
1544 1952 1595 1986 ita
1615 1957 1793 1988 servatum
1814 1956 1869 1987 est
1886 1952 2105 1996 temporibus
2130 1956 2165 1987 et
2182 1952 2294 1987 tenuit
2317 1952 2380 1986 im·

1299 1998 1526 2040 mutabiliter,
1552 1998 1645 2032 sicut
1667 1998 1871 2033 testimonia
1894 1998 1990 2042 apud
2011 2000 2106 2032 tuam
2126 1997 2274 2041 gloriam
2297 1998 2380 2033 defi-

155 2198 264 2221 unum
287 2187 403 2221 solum
428 2187 482 2222 vel
505 2187 596 2221 duos
619 2198 756 2222 menses
782 2187 889 2229 trahi,
914 2194 1023 2232 atque
1047 2199 1066 2222 e
1091 2188 1203 2222 tribus
1226 2188 1367 2232 siliquis
1391 2187 1580 2221 utilitatem
1605 2198 1667 2222 eos
1691 2187 1830 2229 habere,
1858 2188 1998 2223 etiamsi
2023 2192 2093 2222 tam
2117 2189 2219 2223 breve
2244 2192 2382 2234 tempus

157 2232 341 2267 transierit
364 2232 419 2267 vel
438 2232 577 2266 etiamsi
601 2232 751 2266 ulterius
774 2232 875 2278 apud
890 2232 1081 2268 debitorem
1106 2233 1260 2267 debitum
1284 2236 1451 2272 maneat;
1477 2231 1543 2266 boc
1566 2231 1659 2266 idem
1682 2238 1800 2267 autem
1817 2233 1946 2274 valere,
1971 2233 2004 2267 si
2027 2234 2251 2278 neqotiantes
2271 2235 2380 2268 aliam

155 2288 284 2311 rursus
305 2278 572 2355 prosectionem
605 2277 822 2322 suscipiant,
854 2277 906 2312 ita
938 2282 976 2312 ut
1009 2277 1204 2312 secundum
1234 2277 1516 2322 unumquodque
1547 2287 1639 2311 onus
1669 2277 1863 2321 definiatur
1891 2277 2020 2312 modus
2051 2288 2124 2323 quo
2150 2277 2303 2313 debitum
2327 2279 2382 2317 vel

157 2333 300 2357 manere
324 2333 363 2357 ve
398 2322 530 2356 mutari
555 2326 722 2367 oporteat
744 2322 937 2357 secundum
957 2326 1103 2368 pactum
1128 2322 1227 2367 quod
1249 2323 1342 2356 inter
1360 2327 1487 2367 partes
1508 2321 1577 2356 hac
1601 2321 1645 2356 de
1659 2333 1699 2356 re
1716 2323 1942 2364 convenerit,·
1966 2323 2097 2368 quodsi
2148 2328 2205 2358 ost
2227 2323 2381 2358 reditum

157 2367 258 2402 navis
282 2378 375 2413 quae
397 2367 499 2402 salva
523 2367 570 2402 sit
595 2371 628 2401 et
648 2370 805 2418 propter
830 2371 967 2413 tempus
990 2378 1062 2402 non
1086 2368 1158 2401 iam
1181 2367 1355 2412 naviqare
1374 2366 1506 2412 possit,
1531 2367 1754 2409 reverterint,
1785 2367 1916 2413 viqinti
1937 2371 2075 2402 tantum
2125 2368 2237 2403 ieram
2263 2369 2380 2404 termi-

157 2423 240 2447 num
266 2424 288 2447 a
313 2412 549 2447 creditoribus
573 2412 652 2446 dari
678 2411 908 2454 debitoribus,
933 2423 997 2447 nec
1022 2413 1213 2457 quicquam
1238 2422 1370 2446 usurae
1394 2422 1505 2446 causa
1521 2421 1595 2457 pro
1620 2411 1749 2446 debitis
1773 2413 1890 2457 exiqi,
1916 2412 2029 2447 donec
2054 2424 2145 2448 onus
2169 2413 2273 2448 vendi
2296 2424 2380 2449 con-

159 2458 301 2503 tiqerit,·
335 2458 367 2491 si
391 2468 473 2492 vero
499 2456 651 2492 debitum
676 2457 825 2492 ulterius
849 2462 993 2492 maneat
1017 2468 1082 2491 nee
1105 2456 1292 2498 reddatur,
1327 2460 1399 2491 tum
1424 2467 1570 2491 usuram
1595 2467 1643 2491 ex
1667 2456 1764 2491 besse
1788 2458 1999 2492 centesimae
2022 2458 2174 2492 dominis
2201 2460 2382 2504 pecuniae

157 2502 257 2544 dari,
292 2513 336 2537 ac
359 2503 481 2537 statim
505 2503 638 2537 mutari
661 2507 820 2537 mutuum
846 2507 880 2537 et
902 2503 938 2536 in
965 2503 1186 2537 terrestrium
1209 2512 1402 2536 usurarum
1425 2502 1577 2547 speciem
1603 2502 1773 2543 transire,
1805 2503 1992 2537 maritimis
2009 2503 2187 2549 periculis
2211 2504 2384 2540 creditori

158 2559 230 2582 non
255 2548 409 2593 amplius
432 2547 659 2582 instantibus⁸
708 2549 825 2592 Atque
848 2547 937 2582 llaec
961 2558 1082 2582 omnes
1106 2547 1243 2582 dixisse
1272 2546 1506 2582 iureiurando
1534 2547 1771 2582 testimonium
1793 2547 1991 2592 firmantes.
2039 2547 2140 2590 Quae
2162 2548 2266 2584 nobis
2289 2549 2380 2584 indi-

158 2593 266 2634 casti,
291 2599 330 2627 ut
357 2592 456 2638 quod
479 2593 581 2628 nobis
606 2592 785 2627 videretur
809 2593 1038 2633 sanciremus,
1063 2597 1098 2628 et
1114 2597 1318 2638 propterea
1343 2591 1486 2627 dicebas
1512 2596 1544 2627 te
1568 2592 1607 2626 id
1625 2594 1800 2638 potestati
1825 2597 1969 2628 nostrae
1993 2593 2188 2629 nuntiasse.

292 2637 320 2672 Ι.
370 2637 446 2672 Nos
472 2638 585 2683 iqitur
609 2642 642 2672 et
666 2638 755 2683 ipsis
778 2638 868 2672 actis
892 2638 1061 2684 inspectis
1086 2643 1120 2672 et
1143 2649 1182 2672 re
1206 2640 1390 2684 comperta
1414 2637 1612 2678 sancimus,
1645 2641 1686 2672 ut
1708 2637 1902 2672 secundum
1925 2639 2126 2673 testimonia
2159 2639 2259 2685 apud
2283 2643 2380 2675 tuam

157 2683 407 2718 sublimitatem
428 2683 524 2718 edita
545 2683 597 2718 ita
614 2688 648 2718 et
666 2694 761 2717 nunc
777 2689 812 2718 et
828 2683 864 2717 in
883 2694 984 2718 omne
1004 2683 1172 2728 deinceps
1197 2688 1335 2727 tempus
1352 2681 1416 2716 illa
1434 2681 1587 2724 valeant,
1612 2683 1782 2728 quoniam
1807 2682 2088 2729 haudquaquam
2109 2690 2279 2730 puqnant
2301 2696 2380 2720 cum

158 2728 296 2774 leqibus
320 2730 390 2763 iam
416 2728 516 2763 latis:
540 2731 578 2762 ut
602 2729 639 2763 in
657 2732 847 2774 posterum
870 2728 1065 2763 secundum
1088 2727 1278 2773 specialem
1304 2726 1484 2772 quandam
1505 2727 1615 2772 leqem
1640 2727 1678 2762 in
1700 2728 2006 2763 naviculariorum
2028 2739 2091 2764 seu
2115 2731 2380 2775 neqotiatorum

158 2773 279 2808 litibus
303 2773 346 2808 de
370 2773 544 2809 eiusmodi
575 2774 694 2808 causis
725 2773 814 2809 baec
837 2773 1022 2808 observari
1052 2777 1221 2819 oporteat
1248 2777 1283 2807 et
1313 2772 1505 2807 secundum
1529 2772 1673 2807 modum
1697 2773 1974 2819 praedictorum
2002 2778 2193 2820 pactorum
2227 2777 2278 2810 ita
2298 2776 2384 2820 fieri

157 2819 379 2854 escensiones
410 2824 617 2864 ceterasque
650 2829 770 2854 omnes
794 2818 1068 2854 consuetudines
1091 2828 1334 2863 quaecumque
1357 2818 1461 2862 prius
1485 2817 1584 2863 apud
1606 2817 1723 2853 sedem
1749 2823 1845 2853 tuam
1871 2819 2072 2854 testimonio
2095 2820 2263 2863 firmatae
2286 2826 2380 2864 sunt,

157 2868 198 2899 ut
214 2874 286 2909 per
308 2864 498 2910 specialem
524 2864 634 2909 leqem
656 2863 744 2898 haec
763 2865 801 2898 in
819 2864 1124 2899 naviculariorum
1148 2865 1220 2898 sive
1245 2863 1507 2908 neqotiatorum
1532 2863 1638 2898 rebus
1658 2863 1801 2899 valeant
1818 2863 1929 2908 (quod
1947 2864 2039 2898 enim
2054 2876 2126 2910 per
2145 2870 2215 2900 tam
2235 2865 2380 2912 lonqum

160 2913 296 2955 tempus
320 2920 387 2944 usu
412 2910 506 2945 venit
530 2914 565 2944 et
587 2909 810 2945 immutatum
832 2909 995 2950 obtinuit,
1020 2908 1317 2954 quemadmodum
1342 2907 1543 2942 testimonia
1568 2907 1669 2953 apud
1682 2909 1838 2953 qloriam
1864 2913 1962 2944 tuam
1979 2909 2226 2953 definiverunt,
2254 2911 2381 2957 quidni

204 3012 225 3043 4
238 3012 451 3054 περαιτέρω]
469 3011 557 3053 apud
570 3011 710 3043 alterum
730 3014 747 3044 i.
758 3024 782 3044 e.
798 3006 886 3055 παρ’
902 3010 1011 3054 ἑτέρῳ
1030 3022 1049 3046 ς
1065 3011 1075 3053 ΙΙ
1096 3012 1115 3043 6
1129 3006 1234 3050 ὥστε]

161 3057 192 3086 et
209 3067 228 3090 ς
245 3055 256 3097 ΙΙ
277 3057 315 3087 15
330 3055 360 3087 εἰ
378 3053 417 3088 δὲ
432 3058 548 3098 μείνοι
565 3058 765 3101 περαιτέρω
782 3057 830 3096 M,
849 3059 1019 3098 parcentes
1032 3056 1119 3098 apud
1132 3055 1234 3088 alium

160 3111 227 3132 esse
253 3102 272 3133 i.
289 3114 312 3133 e.
328 3097 532 3144 φειδόμενοι
549 3097 638 3143 παρ’
656 3101 764 3145 ἑτέρῳ
783 3113 816 3138 ς;
842 3103 944 3143 μένοι
957 3103 1076 3143 scripsi
1097 3100 1109 3144 ΙΙ
1134 3102 1174 3134 28
1189 3099 1234 3133 τὰ

159 3145 310 3177 τοιαῦτα
328 3159 383 3177 om.
400 3157 418 3181 ς
436 3145 447 3183 ΙΙ
466 3147 506 3179 30
534 3146 571 3178 ἐκ
595 3146 658 3178 τοῦ
684 3144 823 3186 λοιποῦ]
845 3157 934 3178 nunc
960 3148 992 3178 et
1017 3148 1049 3187 (ι’.
1065 3159 1090 3178 e.
1108 3146 1176 3179 νῦν
1197 3158 1235 3178 τε

160 3192 231 3231 καὶ)
249 3190 287 3222 dc
305 3192 412 3222 cetero
430 3203 448 3225 ς
465 3191 477 3234 ΙΙ
497 3192 537 3224 32
551 3190 643 3223 κατὰ
660 3190 727 3223 τὸν
744 3189 894 3235 τρόπον]
913 3192 1092 3224 secundum
1111 3192 1235 3223 dictum

160 3235 291 3266 modum
318 3247 336 3270 ς
364 3235 375 3278 ΙΙ
411 3237 452 3269 33
476 3235 539 3269 τὰς
563 3231 758 3278 ἀποβάσεις
784 3237 839 3277 Μ]
876 3237 972 3269 etiam
1006 3239 1141 3269 eventus
1175 3248 1193 3272 ς
1226 3235 1237 3280 ΙΙ

162 3282 203 3314 34
228 3279 298 3321 ἔθη
321 3294 378 3313 om.
395 3293 412 3316 ς
430 3281 442 3323 ΙΙ
468 3282 509 3315 36
532 3281 649 3313 ταῦτα
674 3295 732 3314 om.
749 3293 767 3316 ς
785 3281 796 3324 ΙΙ
822 3281 1027 3326 ἐμπορικῶν
1051 3282 1237 3315 Zachariae

161 3338 199 3358 ex
222 3327 252 3366 ς]
286 3325 457 3369 ἐμπόρων
482 3327 529 3359 Μ

210 3461 225 3493 1
251 3462 449 3492 remeantem
473 3460 585 3492 R¹Va
611 3459 623 3501 ΙΙ
648 3459 788 3492 solidum
811 3460 861 3492 Va
887 3459 899 3503 ΙΙ
921 3470 1047 3492 menses
1071 3460 1159 3492 trahi
1178 3459 1238 3504 ΤΗ

163 3506 183 3539 2
205 3505 309 3546 siquis
331 3505 378 3537 V¹
399 3505 410 3548 ΙΙ
427 3507 446 3539 3
465 3508 592 3547 tempus
611 3505 654 3536 sit
676 3505 709 3538 V
721 3506 732 3547 11
749 3508 768 3539 5
787 3504 1067 3546 necogitatoribus
1088 3504 1141 3549 Vss
1160 3515 1235 3547 pro·

164 3549 303 3582 sectione
327 3550 376 3582 12¹
402 3553 413 3592 Ι]
443 3552 462 3583 6
486 3546 663 3582 secundu'm
690 3563 746 3582 om.
770 3550 816 3582 R¹
844 3549 856 3594 ΙΙ
882 3552 898 3583 7
925 3550 1107 3592 permutari
1131 3551 1234 3591 Beck]

164 3598 347 3635 permutare
365 3596 431 3628 RT
451 3598 662 3637 permutuare
687 3595 742 3637 VH
767 3597 786 3628 8
811 3597 943 3638 pactum
970 3608 1027 3627 om.
1043 3595 1091 3628 3¹
1109 3595 1120 3638 ΙΙ
1137 3595 1177 3627 ob
1199 3607 1235 3628 co

164 3638 225 3670 hoc
247 3640 293 3672 V¹
310 3639 322 3683 ΙΙ
340 3642 486 3673 euenerit
504 3641 549 3673 R¹
568 3640 579 3684 ΙΙ
603 3640 752 3682 paitibus
770 3641 840 3682 (sic)
862 3641 893 3673 V
905 3641 916 3683 ΙΙ
935 3643 954 3674 9
979 3641 1022 3672 tm
1046 3640 1077 3672 R
1093 3639 1105 3684 ss
1123 3651 1235 3674 reuer—

165 3683 255 3716 sione
279 3685 332 3727 ΤΙΙ
350 3686 443 3718 navis
468 3685 576 3718 salvae
601 3699 658 3718 om.
677 3686 724 3718 T¹
745 3684 757 3729 ΙΙ
777 3688 815 3718 10
834 3685 973 3717 valentis
992 3686 1234 3729 Osenbriiqqen]

165 3728 311 3762 ualentes
334 3731 502 3775 RVvulq.
529 3731 677 3763 uolentes
702 3741 755 3763 eas
779 3733 844 3772 (eas
869 3732 929 3763 del.
948 3730 1008 3772 1¹³)
1037 3731 1067 3763 T
1089 3731 1100 3773 ΙΙ
1124 3741 1233 3763 reuer-

1304 3011 1410 3041 tentes
1432 3009 1482 3041 Va
1500 3008 1512 3051 ΙΙ
1535 3009 1684 3051 uinginti
1706 3010 1761 3053 Vl}
1787 3012 1826 3044 11
1853 3010 1994 3043 solidum
2020 3011 2146 3043 dierum
2172 3012 2220 3044 R¹
2253 3013 2380 3046 dierum

1304 3054 1410 3086 solum
1434 3053 1587 3094 (solidum
1606 3055 1666 3094 T¹)
1694 3055 1726 3087 T
1740 3055 1751 3098 ΙΙ
1768 3056 1839 3087 dari
1862 3057 1959 3099 υιιίφ]
1985 3056 2061 3088 dare
2074 3057 2106 3088 R
2118 3057 2179 3090 VT
2194 3057 2205 3100 ΙΙ
2221 3057 2379 3091 debitori-

1305 3099 1365 3131 bus
1382 3101 1425 3139 et]
1452 3101 1484 3131 et
1502 3099 1707 3131 debitoribus
1724 3101 1761 3141 T,
1784 3100 1989 3132 debitoribus
2008 3102 2126 3134 lineola
2142 3104 2299 3136 subducta
2318 3105 2379 3137 del.

1305 3144 1381 3187 1³²1!
1411 3145 1449 3178 12
1474 3154 1588 3175 causas
1610 3145 1640 3176 V
1660 3145 1672 3187 ΙΙ
1700 3147 1739 3178 13
1762 3146 1944 3187 parcientes
1971 3146 2022 3178 Τ2
2039 3146 2050 3189 ΙΙ
2081 3148 2122 3180 14
2146 3148 2295 3181 centisixfi
2320 3150 2352 3181 T
2369 3148 2381 3193 ΙΙ

1309 3192 1346 3222 15
1362 3192 1513 3221 mutuare
1530 3190 1560 3221 T
1574 3189 1585 3232 ΙΙ
1607 3191 1643 3222 17
1660 3190 1898 3223 *molestandis
1913 3192 1990 3223 libri
2007 3190 2018 3234 ΙΙ
2038 3193 2077 3225 18
2092 3194 2124 3224 et
2137 3192 2248 3225 omnes
2262 3193 2380 3226 dixisse

1304 3236 1383 3266 haec
1401 3235 1430 3267 T
1443 3234 1454 3277 ΙΙ
1474 3234 1578 3266 omnis
1592 3235 1639 3266 Β*
1665 3234 1676 3277 ΙΙ
1704 3237 1744 3268 19
1759 3235 1851 3271 Quae
1867 3255 1906 3259 -
1920 3237 1958 3267 ut
1971 3238 2076 3279 suppl.
2093 3235 2143 3269 Vb
2156 3239 2187 3269 in
2203 3241 2309 3281 spatio
2322 3252 2380 3272 va—

1306 3293 1362 3312 cuo
1377 3282 1398 3324 3¹5
1410 3292 1454 3312 vs.
1475 3280 1486 3322 ΙΙ
1503 3279 1683 3311 nuntiastis
1701 3281 1791 3320 libri,
1809 3293 1891 3313 corr.
1905 3282 1991 3324 vulq.
2012 3280 2023 3324 ΙΙ
2041 3283 2082 3314 20
2097 3282 2197 3323 quod]
2215 3293 2299 3324 quae
2321 3284 2355 3317 V
2370 3283 2381 3329 ΙΙ

1304 3325 1410 3365 nobis]
1435 3335 1454 3356 a
1478 3323 1572 3356 nobis
1599 3325 1652 3366 ΤΙ]
1672 3325 1831 3358 uidentur
1848 3326 1896 3358 R¹
1914 3325 1925 3369 ΙΙ
1949 3327 1987 3359 21
2016 3328 2128 3358 nostra
2150 3327 2195 3359 V¹
2215 3327 2227 3370 ΙΙ
2245 3329 2380 3361 nuntia-

1305 3373 1372 3402 tam
1393 3370 1443 3403 Va
1475 3369 1700 3402 nuntatatiata
1726 3371 1788 3411 Ta,
1820 3371 1977 3403 nuntiare
2001 3372 2084 3414 vulq.
2112 3371 2123 3415 ΙΙ
2155 3373 2196 3406 25
2222 3373 2379 3416 legentes]

1304 3415 1376 3458 lege
1403 3414 1450 3447 Τι
1478 3413 1489 3457 ΙΙ
1515 3425 1626 3446 causas
1653 3415 1684 3447 T
1706 3415 1718 3458 ΙΙ
1742 3417 1784 3449 26
1809 3418 1928 3456 coram]
1962 3426 2102 3457 quorum
2129 3418 2160 3449 T
2179 3417 2190 3461 ΙΙ
2221 3421 2310 3451 tuam
2335 3421 2380 3461 (m

1305 3474 1388 3494 eras.
1411 3460 1457 3500 V)
1482 3459 1708 3492 celsitudinem
1735 3461 1797 3493 VT
1818 3461 1829 3504 ΙΙ
1860 3463 1900 3494 27
1926 3461 2090 3504 deinceps]
2116 3462 2380 3508 deceteroinceps

1305 3507 1354 3538 Ra
1381 3506 1392 3546 ΙΙ
1417 3506 1458 3538 28
1484 3508 1672 3546 repugnant
1693 3506 1777 3546 RV]
1803 3509 1965 3548 repugnat
1991 3507 2022 3538 T
2041 3507 2052 3549 ΙΙ
2080 3509 2122 3540 30
2146 3508 2181 3539 in
2208 3522 2265 3542 om.
2289 3510 2351 3543 VT
2368 3510 2380 3555 Η

1303 3550 1500 3583 nauclericis
1516 3550 1573 3590 3¹]
1600 3549 1778 3583 naucleriis
1793 3551 1841 3583 13²
1852 3552 1912 3583 VT
1927 3550 1939 3595 l}
1955 3551 2185 3593 negotiatoriis
2208 3554 2254 3595 V]
2279 3565 2378 3597 nego-

1304 3595 1510 3628 tiatoribusis
1524 3596 1594 3635 (sic)
1609 3595 1656 3626 ΒΛ
1682 3595 1945 3637 negotiatoribus
1959 3596 2043 3629 R2T
2055 3597 2067 3640 ΙΙ
2085 3598 2128 3630 32
2143 3599 2240 3630 etiam
2256 3613 2312 3633 om.
2324 3601 2357 3632 R
2368 3601 2379 3643 Η

1305 3642 1346 3674 33
1371 3642 1553 3672 euenturus
1576 3640 1623 3672 V¹
1640 3639 1652 3683 ΙΙ
1678 3642 1721 3673 34
1747 3642 1850 3683 legem
1875 3641 2044 3683 propriam
2064 3643 2093 3674 T
2106 3642 2117 3685 ΙΙ
2136 3645 2177 3676 35
2200 3645 2378 3678 naucleriis

1307 3687 1337 3718 Τ
1351 3685 1362 3728 ΙΙ
1388 3684 1617 3726 negotiatoriis
1636 3686 1718 3726 RV]
1743 3686 2005 3728 negotiatoribus
2031 3687 2063 3719 T
2084 3686 2096 3731 ss
2121 3690 2162 3721 36
2187 3689 2234 3721 ita
2257 3690 2379 3732 longiis

1308 3732 1337 3763 Τ
1349 3732 1361 3773 ΙΙ
1387 3731 1446 3773 leq.
1464 3726 1697 3764 observatum?
1714 3731 1726 3774 ΙΙ
1745 3733 1784 3764 37
1811 3733 1896 3764 sicut
1920 3734 1978 3763 tua
2002 3732 2189 3765 testimonia
2214 3735 2248 3767 T
