2618 4010
181 113 430 148 summio
451 113 589 146 rmum
1265 96 1323 144 75
1991 100 2100 143 Nov.
2131 98 2230 142 VIII
2265 102 2326 142 11.
2362 102 2411 141 12

178 213 308 251 τούτου
332 212 376 258 δὴ
398 215 462 249 τοῦ
485 210 605 259 νόμου,
631 209 668 249 ὃς
692 209 811 247 αὐτοῖς
835 210 945 247 διόσει
969 215 1028 246 καὶ
1048 210 1111 247 τὰς
1133 215 1261 259 πατρί·
1331 212 1381 248 eis
1407 211 1510 248 dabit·
1524 212 1561 247 et
1582 209 1720 256 patrias
1743 209 1907 245 habitare
1929 212 2034 247 caute
2053 213 2090 246 ct
2109 210 2279 263 proprias
2298 210 2413 246 facul-

180 259 244 296 δας
266 260 376 294 οἰκεῖν
407 256 579 306 ἀσφαλῶς
599 262 660 294 καὶ
688 256 751 292 τοὶς
781 258 911 293 οἰκείας
943 261 1146 314 περιουσίας
1169 258 1262 300 ἔχειν
1330 261 1422 294 tates
1446 257 1580 293 habere
1599 254 1800 291 firmissime
1821 258 1857 290 et
1873 255 2032 292 iudicum
2049 254 2126 292 frui
2138 255 2285 292 iustitia.
2322 255 2414 291 Nam

179 309 336 351 βεβαίως
359 307 421 340 καὶ
441 307 503 349 τῆς
533 305 613 339 τῶν
643 299 831 351 ἀρχόντων
862 301 1059 338 ἀπολαυειν
1082 301 1260 338 δικαιοσύ-
1331 306 1367 339 et
1390 313 1457 339 nos
1477 303 1669 348 propterea
1689 310 1768 336 eam
1790 300 1985 346 posuimus,
2011 304 2053 336 ut
2075 311 2122 336 ex
2142 300 2298 344 iustitia,
2323 311 2413 345 quae

178 362 250 395 νης.
288 353 369 384 Καὶ]
380 348 449 398 γὰρ
472 348 517 394 δὴ
536 352 596 384 καὶ
616 346 713 395 ἡμεῖς
737 346 796 383 διὰ
816 350 923 383 τοῦτο
947 346 1059 384 αὐτὸν
1083 349 1261 393 ἐθέμεθα,
1329 349 1367 385 in
1405 348 1484 393 lege
1520 349 1591 389 est,
1628 345 1809 384 valeamus
1847 345 1987 383 domino
2015 346 2082 383 deo
2118 356 2245 384 vovere
2274 349 2414 382 nosmet

178 393 279 432 ὅπως
306 393 352 431 ἂν
375 397 414 430 ἐκ
436 397 498 439 τῆς
521 396 562 430 ἐν
588 396 642 439 τῷ
676 391 777 439 νόμῳ
812 391 1037 438 δικαιοσύνης
1061 391 1261 448 ἰσχύσωμεν
1297 394 1340 430 51
1367 404 1427 430 sos
1453 396 1490 430 et
1513 395 1677 429 nostrum
1704 390 1951 427 commendare
1974 391 2177 437 imperium,
2208 393 2249 428 et
2267 401 2340 428 non
2363 391 2412 426 vi-

179 443 232 486 τῷ
258 438 416 485 δεσπότη
440 440 521 484 θεῷ
540 440 725 474 οἰκειῶσαι
750 438 894 474 ἑαυτοὺς
914 443 974 474 καὶ
997 439 1065 483 τὴν
1085 442 1262 487 ημετέραν
1355 449 1480 475 eamur-
1517 437 1700 483 despicere
1735 435 1896 473 homines
1932 447 2142 482 oppressos,
2179 447 2270 483 quos
2308 436 2413 474 nobis

178 487 354 530 συστῆσαι
386 478 590 531 Βασιλείαν,
625 485 687 520 ἵνα
719 483 768 528 μὴ
796 482 962 529 δόξωμεν
992 485 1165 533 περιορᾶν
1198 481 1260 519 ἀν·
1329 484 1481 520 tradidit
1502 484 1609 527 deus,
1639 484 1681 518 ut
1705 481 1757 517 eis
1788 492 1854 527 por
1885 482 2003 517 omnia
2031 492 2222 527 parcamus
2246 482 2330 519 eius.
2356 493 2411 518 se-

178 530 351 578 θρώπους
383 528 649 576 ἀδικουμένους,
681 527 739 565 οὓς
767 525 853 575 ἡμῖν
885 528 1096 577 παρέδωκεν
1119 527 1138 564 ὁ
1162 527 1260 571 θεός,
1330 533 1477 575 quentes
1502 528 1766 574 benignitatem.
1802 527 1957 572 Ideoque
1973 530 2145 580 quantum
2168 527 2214 563 ad
2237 538 2302 563 nos
2326 538 2410 564 con-

178 573 276 613 όπως
299 573 346 611 ἂν
370 572 494 611 αὐτῶν
526 574 586 611 διὰ
616 574 770 610 πάντων
801 573 1038 621 φειδώμεθα,
1073 576 1119 618 τῆ
1149 573 1259 610 αὐτοῦ
1328 578 1489 611 sectetur
1521 574 1606 616 deo,
1644 583 1686 609 eo
1723 572 1818 618 quod
1860 572 1949 608 nihil
1988 582 2027 608 1n
2061 575 2213 608 mentem
2252 575 2412 609 nostram

177 620 529 657 κατακολουθοῦντες
559 618 773 676 ἀχαθότητι,
815 617 917 655 Ὥςτε
948 618 992 655 τό
1012 633 1062 677 ys
1087 611 1148 674 ἐφ’
1175 617 1261 675 ἡμῖν
1275 624 1315 656 10
1328 621 1473 656 veniens
1504 619 1589 656 boni
1618 629 1685 668 pro
1721 618 1871 654 tuitione
1900 618 2141 654 subiectorum
2169 618 2410 663 relinquimus.

176 664 414 714 ἀφοσιούσθω
438 668 492 711 τῷ
518 668 611 711 θεῳ,
638 664 732 702 διότι
755 664 868 709 μηδὲν
890 666 968 700 τῶν
991 677 1039 699 εις
1061 678 1150 700 νουν
1174 668 1260 708 ημῖν
1328 666 1499 702 Volentes
1520 665 1613 701 enim
1640 664 1832 700 inhonesta
1858 663 1948 699 haec
1981 665 2018 699 et
2046 663 2188 699 servilia
2210 662 2307 698 furta
2329 674 2410 716 per-

177 715 381 761 ἐρχομένων
415 710 574 760 ἀγαθῶν
604 709 695 760 ὑπὲρ
731 709 941 756 κηδεμονίας
975 712 1052 745 τῶν
1088 707 1260 753 ὑπηκόων
1327 711 1437 747 imere
1471 714 1508 747 et
1541 713 1684 747 nostros
1719 709 1902 745 subiectos
1932 709 2051 754 quiete
2079 718 2102 743 a
2130 708 2409 754 provincialibus

145 784 152 791 .
178 756 514 813 παραλιμπάνομεν.
568 756 778 802 βουλόμενοι
811 755 878 803 γὰρ
911 755 975 790 τὰς
1005 754 1261 802 ἀνελευθέρους
1329 756 1507 792 iudicibus
1540 764 1768 798 conservare,
1803 756 1996 800 propterea
2024 753 2269 789 festinavimus
2300 754 2411 797 gratis

178 814 310 838 ταυτας
341 806 401 838 καὶ
433 801 502 838 ἀνδ
526 800 727 838 αποὸώδεις
754 800 887 836 κλοπὰς
918 796 1059 835 ἀνελεῖν
1090 803 1150 834 καὶ
1179 799 1260 835 τοὺς
1329 801 1655 837 administrationes
1679 800 1731 836 eis
1754 799 1857 843 dare,
1892 803 1934 835 ut
1962 809 2029 835 nec
2059 799 2147 845 ipsis
2171 798 2278 834 liceat
2299 798 2410 834 delin-

178 845 364 895 ἡμετέρους
385 846 498 883 ὑποτε
521 851 569 883 εἵς
592 851 632 883 ἐν
659 845 841 890 εὐπαθείᾳ
864 845 963 892 παρὰ
994 846 1073 880 τῶν
1096 847 1159 880 τὰς
1182 847 1257 881 έπι-
1277 849 1314 881 15
1329 857 1437 890 quere
1462 849 1497 882 et
1522 847 1600 882 abri
1626 856 1686 882 ere
1715 845 1913 881 subiectos:
1950 855 2100 891 quorum
2131 854 2242 880 causa
2272 853 2412 880 omnem

177 897 325 942 χωρίους
356 890 463 941 ἀρχὰς
486 891 644 937 ἐχόντων
667 891 840 950 φυλάξαι,
870 889 929 925 διὰ
952 892 1060 925 τοῦτο
1085 888 1258 926 ἐσπεύσα-
1328 892 1541 936 perferimus
1565 857 1734 934 langorem,
1759 890 1991 935 dedignantes
2006 890 2139 926 imitari
2157 899 2220 931 eos
2243 889 2306 934 qui
2328 891 2412 925 ante

175 952 243 984 μεν
266 942 398 986 προῖκα
420 938 482 974 τὰς
511 936 617 986 ἀρχὰς
641 940 759 973 αυτοῖς
789 934 931 978 δοῦναι,
964 932 1064 970 ὅπως
1093 932 1139 970 ἂν
1168 934 1259 981 μηδὲ
1328 947 1393 972 nos
1417 937 1700 982 imperaverunt,
1731 936 1793 981 qui
1823 936 1986 982 pecuniis
2016 935 2231 972 ordinabant
2261 934 2410 970 admini-

179 983 298 1019 αὐτοῖς
321 984 383 1028 ἐξῆ
411 983 630 1029 πλημμελεῖν
656 995 697 1018 τε
727 984 786 1016 καὶ
818 978 994 1028 ἁρπάζειν
1017 980 1059 1015 τὸ
1082 977 1257 1024 ὑπήκοον·
1329 982 1533 1027 strationes,
1558 982 1698 1018 sibimet
1720 981 1810 1027 ipsis
1829 981 2032 1017 auferentes
2055 980 2238 1017 licentiam
2260 980 2410 1022 admini-

178 1021 288 1078 οὗπερ
312 1021 416 1064 ἕνεκα
442 1030 564 1065 πάντα
593 1027 794 1076 αἱρούμεθα
826 1024 952 1069 πόνον,
982 1024 1046 1061 οὐκ
1075 1024 1259 1067 ἀξιοῦντες
1328 1027 1542 1063 stratoribus
1574 1027 1786 1063 nocentibus
1817 1027 2031 1072 increpandi
2058 1027 2170 1070 iuste,
2201 1027 2240 1069 et
2268 1025 2339 1071 ipsi
2370 1035 2412 1061 ea

177 1075 372 1132 μιμεῖσθαι
393 1073 476 1110 τούς
498 1073 569 1120 πρὸ
589 1071 693 1119 ἡμῶν
716 1071 1026 1128 βεβασιλευκότας,
1051 1073 1154 1118 οἵπερ
1176 1085 1256 1119 χρη·
1271 1075 1314 1108 20
1327 1082 1419 1116 quae
1450 1072 1697 1118 percipiebant
1727 1072 1875 1108 celando
1898 1072 1985 1108 iusti
2014 1071 2149 1118 putati,
2181 1072 2218 1107 et
2245 1070 2410 1116 proprios

177 1134 306 1166 ματων
328 1117 596 1167 προύβάλλοντο
619 1118 682 1153 τὰς
711 1115 835 1164 αρχάς,
867 1118 1004 1152 ἑαυτοῖς
1027 1115 1259 1163 ἀναιροῦντες
1328 1118 1519 1153 collatores
1555 1121 1703 1163 propter
1736 1117 1807 1153 hoc
1841 1118 2006 1162 abripere
2035 1127 2059 1153 a
2094 1116 2196 1152 malis
2233 1116 2410 1159 iufficibus

178 1165 245 1210 τὴν
272 1163 397 1200 ἄδειαν
420 1165 483 1199 τοῦ
505 1177 546 1212 γε
568 1167 641 1198 τοῖς
663 1165 703 1198 ἐν
725 1166 803 1198 ταῖς
826 1159 948 1208 ἀρχαῖς
971 1159 1158 1197 ἀδικοῦσιν
1181 1165 1256 1197 ἐπι·
1326 1173 1399 1199 11011
1434 1163 1610 1205 valentes,
1652 1162 1746 1197 unde
1781 1166 1847 1198 nec
1881 1162 1969 1208 ipsis
2005 1162 2182 1198 iudicibus
2223 1161 2411 1207 increpare

178 1211 287 1255 τιμᾶν
306 1208 438 1252 δίκαια,
458 1207 541 1244 ἀλλ’
565 1207 670 1244 αὐτοί
686 1221 726 1243 τε
749 1207 800 1243 οἷς
818 1207 1023 1253 ἐλάμβανον
1043 1206 1256 1255 εγκαλύπτε-
1354 1211 1495 1244 oterant
1525 1218 1630 1253 agere
1662 1210 1776 1251 caste,
1809 1208 1998 1243 occasione
2027 1207 2234 1253 praedictae
2267 1216 2409 1243 causae.

177 1256 271 1290 σθαι
295 1253 427 1289 δίκαιοι
450 1255 698 1296 καθεστῶτες,
731 1253 814 1288 τούς
843 1266 884 1288 τε
906 1254 1053 1288 οἰκείους
1076 1250 1258 1289 ὑποτελεῖς
1363 1264 1403 1289 os
1427 1257 1548 1289 autem
1572 1252 1808 1289 sufficientem
1827 1252 1975 1298 imperio
1996 1256 2183 1298 quaestum
2207 1262 2286 1288 esse
2304 1255 2410 1297 puta-

178 1298 229 1334 δι’
256 1297 344 1334 αὐτὸ
369 1298 415 1343 δὴ
433 1301 541 1334 τοῦτο
565 1299 779 1347 ἐξαρπάζειν
810 1301 888 1333 τῶν
918 1300 1036 1333 κακῶς
1069 1295 1257 1345 ἀρχόντων
1270 1302 1311 1335 25
1326 1309 1416 1342 mus,
1441 1301 1482 1334 ut
1507 1298 1697 1335 collatores
1722 1298 1801 1334 sola
1823 1297 1966 1333 fiscalia
1985 1298 2173 1334 conferant
2194 1298 2349 1340 tributa,
2373 1300 2411 1333 et

175 1342 216 1379 οὐ
240 1341 431 1390 δυνάμενοι
454 1343 538 1380 οὐδὲ
561 1343 678 1380 αὐτοῖς
701 1348 774 1379 τοῖς
799 1343 969 1392 ἄρχουσιν
993 1346 1164 1389 ἐπιτιμᾶν
1188 1355 1257 1378 σω·
1326 1344 1415 1380 nihil
1450 1344 1547 1380 aliud
1592 1344 1813 1379 extrinsecus
1850 1347 2062 1389 quaeratur,
2106 1344 2201 1389 quod
2240 1342 2410 1380 subiectis

177 1393 325 1437 φρονεῖν
348 1390 526 1439 προφάσει
548 1392 610 1435 τῆς
633 1392 816 1438 εἰρημένης
839 1391 966 1425 αἰτίας.
1013 1389 1112 1434 ἡμεῖς
1135 1387 1175 1423 δὲ
1197 1388 1257 1437 ἀρ·
1326 1400 1467 1426 omnem
1492 1392 1713 1426 commoveat
1734 1388 1854 1432 vitam.

175 1436 308 1470 κοῦντα
329 1436 374 1484 τῇ
398 1434 566 1492 βασιλείᾳ
590 1433 705 1484 πόρον
726 1435 823 1470 εἶναι
846 1436 1042 1480 νομίζομεν
1064 1433 1107 1470 τὸ
1130 1433 1259 1477 μόνους

176 1479 327 1516 ἐντελεῖς
348 1493 431 1516 τους
454 1479 642 1527 δημοσίους
673 1481 891 1527 κομίζεσθαι
916 1480 1065 1527 φόρους,
1096 1477 1188 1514 ἀλλὰ
1210 1478 1260 1524 μή

174 1539 212 1561 τι
251 1529 312 1561 καὶ
346 1526 491 1568 ἔξωθεν
530 1529 810 1574 προςεπιζητεῖν,
855 1522 944 1574 ὅπερ
983 1529 1057 1560 τοῖς
1091 1522 1260 1570 ὑπηκόοις
1272 1528 1314 1561 30

176 1570 300 1607 πάντα
316 1576 524 1607 κατασείσει
547 1571 614 1607 τὸν
636 1576 730 1618 βίον,

1159 1662 1316 1699 CAPUT
1340 1661 1423 1698 XII.

219 1735 263 1777 ἦ
314 1741 359 1777 Τὸ
390 1740 430 1777 δὲ
459 1744 498 1777 ἐν
521 1744 594 1777 τοῖς
626 1742 837 1790 ἔμπροσθεν
868 1738 954 1787 ἡμῖν
984 1742 1171 1788 εἰρημένον
1200 1742 1255 1777 ἔτι
1371 1742 1477 1787 Quod
1498 1744 1619 1779 autem
1643 1741 1808 1788 primitus
1833 1751 1856 1777 a
1884 1742 1986 1779 nobis
2020 1741 2154 1779 dictum
2187 1744 2259 1784 est,
2291 1741 2409 1778 adhuc

174 1790 313 1832 μείζονι
334 1788 462 1835 χρῆναι
489 1791 549 1822 καὶ
573 1785 808 1835 ἀκριβεστέρα
840 1786 1050 1835 περιλαβεῖν
1078 1784 1256 1831 ᾠήθημεν
1324 1788 1450 1824 maiori
1482 1797 1591 1833 opere
1626 1792 1663 1824 et
1698 1787 1876 1824 subtiliori
1909 1787 2097 1834 complecti
2131 1787 2408 1823 existimavimus

174 1834 388 1879 νομοθεσίᾳ,
410 1829 498 1868 ὥςτε
520 1832 586 1868 τὸν
602 1830 772 1880 ἡμέτερον
790 1833 928 1868 σκοπὸν
946 1829 1061 1868 ἅπασι
1078 1833 1256 1880 γενέσθαι
1323 1833 1560 1879 legislatione,
1598 1836 1774 1879 quatenus
1807 1837 1931 1869 nostra
1966 1833 2114 1869 intentio
2150 1832 2314 1869 omnibus
2345 1832 2411 1868 fiat

175 1878 343 1926 φανερόν.
378 1880 602 1923 Θεσπίζομεν
613 1877 681 1926 γὰρ
694 1878 775 1913 τοὺς
795 1876 1067 1925 λαμπροτάτους
1079 1879 1158 1913 τῶν
1169 1876 1254 1914 ὑπο·
1269 1882 1311 1915 35
1324 1882 1459 1923 aperta.
1499 1878 1686 1915 Sancimus
1706 1879 1799 1915 enim
1823 1879 2039 1915 clarissimos
2061 1878 2303 1914 subiectarum
2325 1888 2408 1923 pro-

174 1928 405 1973 τεταγμένων
429 1925 614 1971 ἐπαρχιῶν
637 1923 829 1971 ἄρχοντας,
860 1927 968 1970 χωρὶς
991 1920 1130 1967 ἁπάσης
1157 1937 1252 1971 ymo·
1323 1924 1520 1960 vinciarum
1545 1924 1870 1968 administratores,
1905 1925 1996 1966 citra
2019 1934 2123 1965 omne
2153 1924 2270 1962 factos
2298 1933 2409 1969 pecu-

173 1973 299 2015 μένους
321 1967 518 2025 χρημάτων
541 1967 676 2005 δόσεως
701 1972 762 2004 καὶ
784 1970 863 2004 τῶν
887 1966 979 2015 παρ’
1013 1964 1135 2004 αὐτῶν
1159 1966 1253 2004 διὸο-
1324 1969 1465 2013 niarum
1489 1970 1716 2015 suffragium,
1748 1973 1784 2006 et
1814 1970 1862 2007 ab
1885 1969 1941 2005 his
1973 1970 2138 2006 datorum
2160 1968 2409 2014 iureiurando,-

173 2018 296 2061 με’νων
325 2013 444 2062 όρκων
477 2017 739 2060 μεμνημένους,
775 2014 869 2058 &kur
899 2017 960 2049 καὶ
988 2013 1128 2058 ταύτην
1159 2012 1252 2070 παρ’
1324 2025 1403 2051 rum
1426 2025 1618 2059 memores,
1643 2015 1779 2054 habere
1797 2019 1833 2052 et
1855 2015 1950 2054 hanc
1973 2025 1997 2051 a
2019 2015 2122 2052 nobis
2146 2014 2345 2057 licentiam,
2369 2018 2410 2049 ut

175 2058 278 2105 ἡμῶν
299 2059 367 2105 τὴν
389 2072 442 2095 πα
466 2064 595 2107 ρησίαν
617 2061 681 2094 τοῦ
704 2057 883 2105 μηδεμίαν
905 2059 998 2095 εἶναι
1019 2058 1148 2104 μηδενὶ
1168 2071 1258 2107 προς
1326 2060 1427 2097 nulla
1450 2061 1498 2098 sit
1522 2061 1584 2097 ulli
1607 2060 1704 2107 apud
1730 2070 1791 2097 eos
1822 2061 1963 2106 penitus
1987 2060 2057 2103 fori
2084 2059 2322 2106 praescriptio
2346 2069 2409 2096 ne-

176 2104 302 2142 αὐτοὺς
326 2074 513 2141 παντελῶς
537 2104 648 2153 φόρου
677 2104 769 2149 [ἤτοι
793 2108 985 2152 κριτηρίου]
1012 2104 1258 2152 παραγραφὴν
1271 2109 1315 2140 40

173 2229 267 2266 quae
288 2218 379 2265 ipsis
399 2217 618 2265 praestabit,
642 2221 684 2253 ut
702 2221 738 2254 et
759 2218 797 2253 in
812 2218 941 2264 patria
964 2220 1154 2254 versentur
1176 2229 1302 2254 secure
1321 2222 1358 2255 et
1378 2219 1473 2255 bona
1487 2229 1555 2254 sua
1578 2221 1655 2255 tuto
1669 2218 1891 2271 possideant
1911 2222 1948 2255 et
1969 2219 2249 2265 maqistratuum
2268 2218 2410 2255 iustitia

171 2265 358 2311 fruantur.
405 2263 549 2299 Etenim
580 2273 649 2298 nos
679 2273 822 2308 quoque
851 2262 932 2298 ideo
965 2273 1043 2298 eam
1071 2263 1232 2305 tulimus,
1258 2267 1300 2299 ut
1327 2275 1378 2300 ex
1405 2275 1449 2299 ea
1482 2275 1575 2310 quae
1604 2263 1674 2309 leqz
1706 2264 1802 2299 inest
1826 2263 1968 2299 iustitia
2000 2263 2146 2300 domino
2177 2263 2245 2300 deo
2269 2268 2409 2300 nosmet

174 2308 371 2344 conciliare
392 2312 626 2353 nostrumque
648 2307 840 2353 imperium
863 2307 1082 2352 confirmare
1104 2307 1299 2350 valeamus,
1324 2319 1369 2343 ne
1386 2309 1473 2355 pati
1496 2308 1683 2345 videamur
1704 2307 1867 2344 homines
1889 2308 2027 2344 iniuria
2046 2309 2163 2355 affici,
2188 2319 2281 2355 quos
2302 2309 2408 2344 nobis

175 2354 263 2390 deus
286 2352 395 2394 dedit,
418 2356 460 2387 ut
486 2353 537 2387 eis
558 2362 699 2397 semper
715 2362 916 2398 parcamus
935 2351 1053 2397 ipsius
1076 2351 1333 2398 beniqnitatem
1354 2352 1495 2388 imitati.
1543 2351 1677 2398 Itaque
1696 2357 1872 2398 quantum
1896 2353 1946 2388 ad
1967 2364 2036 2389 nos
2051 2353 2243 2401 piaculum
2259 2354 2309 2389 sit
2327 2354 2405 2396 deo,

176 2398 347 2444 quoniam
370 2396 462 2432 nihil
484 2407 608 2432 eorum
629 2407 723 2442 quae
745 2395 849 2431 nobis
872 2407 948 2442 pro
970 2395 1200 2432 subditorum
1223 2407 1313 2432 cura
1335 2397 1374 2432 in
1401 2400 1552 2433 mentem
1583 2397 1732 2433 veniunt
1757 2397 1935 2434 bonorum
1984 2398 2287 2434 raetermittimus.
2336 2398 2407 2442 Qui

175 2454 255 2479 cum
277 2441 472 2478 illiberalia
502 2441 569 2476 illa
597 2446 633 2476 et
662 2441 808 2477 servilia
839 2441 947 2487 furta
979 2440 1106 2478 tollere
1134 2441 1282 2477 velimus
1310 2445 1528 2488 nostrosque
1558 2441 1719 2489 subditos
1748 2443 1788 2477 in
1811 2446 1888 2478 tuta
1920 2409 1981 2479 abp
1991 2443 2038 2478 iis
2069 2444 2132 2490 qui
2159 2443 2406 2490 provinciales

175 2499 234 2523 ma
267 2488 412 2523 'stratus
434 2486 567 2523 liabent
589 2485 801 2522 condicione
819 2496 984 2529 servare,
1009 2489 1213 2534 propterea
1236 2486 1438 2523 studuimus
1466 2487 1586 2534 qratis
1613 2487 1689 2523 illis
1714 2488 1954 2534 mayistratus
1975 2487 2086 2531 dare,
2110 2500 2155 2524 ne
2177 2488 2269 2540 ipsis
2296 2488 2404 2524 liceat

177 2533 221 2569 de
235 2543 386 2580 inquere
413 2536 451 2568 et
478 2531 640 2579 spoliare
667 2531 848 2574 subditos,
887 2542 1041 2577 quorum
1068 2532 1192 2578 qratia
1222 2542 1360 2567 omnem
1393 2532 1552 2568 laborem
1580 2532 1815 2579 suscipimus:
1850 2532 2032 2579 indiqnati
2060 2533 2195 2569 imitari
2227 2544 2306 2576 eos,
2340 2534 2403 2580 qui

175 2582 260 2617 ante
287 2588 356 2614 nos
381 2577 626 2624 imperarunt,
658 2576 722 2623 qui
746 2576 871 2623 pretio
898 2587 958 2612 ma
985 2576 1138 2612 istratus
1159 2576 1436 2629 proponebant,
1466 2577 1562 2614 unde
1588 2577 1730 2614 sibimet
1750 2578 1823 2626 ipsi
1839 2582 2060 2631 potestatem
2087 2579 2326 2625 maqistratus
2348 2579 2402 2614 in-

173 2623 267 2659 iuste
288 2625 438 2669 aqentes
465 2622 559 2658 iuste
582 2621 869 2670 reprehendendi
892 2588 1131 2703 ααζόνεόαητ,
1163 2633 1269 2658 immo
1301 2626 1337 2658 et
1365 2622 1469 2669 ipsos
1491 2622 1535 2659 de
1562 2623 1627 2665 iis,
1656 2634 1751 2671 quae
1774 2623 2017 2671 accipiebant,
2046 2635 2124 2671 par
2155 2627 2235 2660 erat
2255 2624 2404 2671 pudore

175 2668 297 2716 affici,
327 2678 408 2703 cum
438 2678 504 2703 nec
527 2667 707 2714 proprios
734 2666 898 2703 subditos
919 2678 940 2702 o
987 2666 1026 2702 id
1056 2667 1175 2714 ipsum
1204 2678 1227 2703 a
1257 2666 1363 2702 malis
1393 2668 1667 2714 maqistratibus
1690 2668 1845 2704 liberare
1867 2679 1982 2716 neque
2005 2669 2278 2716 maqistratibus
2299 2670 2402 2716 ipsis,

175 2718 217 2750 ut
237 2713 307 2749 sibi
328 2716 577 2759 temperarent,
608 2715 763 2759 propter
793 2722 940 2747 causam
962 2711 1070 2748 modo
1095 2712 1227 2748 dictam
1249 2712 1430 2759 imperare
1446 2717 1609 2760 possent.
1658 2712 1740 2749 Nos
1764 2725 1848 2750 vero
1871 2714 2112 2760 sufficientem
2134 2714 2286 2762 imperio
2309 2714 2403 2750 redi-

177 2764 251 2794 tum
273 2769 348 2794 esse
365 2762 552 2805 putamus,
574 2768 654 2793 cum
677 2757 757 2792 sola
775 2756 928 2803 publica
952 2757 1086 2793 tributa
1109 2758 1254 2804 inteyra
1273 2758 1506 2804 accipiamus,
1527 2768 1642 2805 neque
1661 2770 1747 2795 vero
1770 2759 1878 2795 etiam
1898 2759 2126 2795 extrinsecus
2144 2758 2234 2806 quid
2253 2760 2404 2808 insuper

175 2814 405 2851 quaeramus,
429 2802 530 2850 quod
547 2802 701 2838 subditis
719 2813 858 2838 omnem
881 2803 991 2838 vitam
1011 2803 1208 2839 conturbet.

308 2849 389 2885 XII.
435 2847 544 2892 Quod
565 2851 684 2884 autem
703 2847 743 2883 in
760 2847 953 2894 prioribus
976 2859 1000 2883 α
1023 2848 1127 2884 nobis
1150 2847 1284 2884 dictum
1302 2851 1366 2891 est,
1390 2847 1430 2882 id
1451 2848 1590 2884 maiore
1612 2849 1721 2885 etiam
1744 2853 1780 2887 et
1802 2850 2033 2891 accuratiore
2057 2850 2285 2897 leqislatione
2307 2861 2401 2887 com-

173 2893 466 2942 prehendendum
482 2904 558 2929 esse
579 2892 874 2936 existimavimus,
897 2896 940 2928 ut
952 2893 1141 2928 consilium
1156 2898 1320 2929 nostrum
1339 2892 1503 2928 omnibus
1518 2893 1751 2940 manifestum
1767 2895 1846 2946 fiat.
1883 2894 2076 2936 Sancimus
2090 2896 2194 2938 enim,
2218 2900 2261 2937 ut
2276 2896 2402 2932 claris-

173 2939 257 2975 simi
282 2939 524 2975 subiectarum
548 2938 825 2985 provinciarum
856 2938 1093 2984 maqistratus
1122 2938 1224 2986 nulla
1248 2938 1409 2985 pecunia
1439 2938 1527 2973 data
1556 2939 1670 2975 creati
1699 2943 1736 2975 ct
1764 2939 2004 2976 iurisiurandi
2034 2952 2208 2977 memores
2239 2941 2283 2976 ab
2312 2942 2403 2988 ipsis

173 2984 359 3032 praestiti,
385 2983 479 3019 lianc
502 2994 646 3030 quoque
669 2994 692 3019 α
720 2982 823 3018 nobis
846 2986 1066 3028 potestatem
1090 2982 1265 3026 habeant,
1289 2987 1331 3019 ut
1352 2983 1485 3019 nemini
1509 2983 1610 3030 apud
1630 2995 1694 3020 eos
1713 2984 1791 3020 ulla
1815 2986 1961 3021 omnino
1989 2986 2071 3031 fori
2087 2986 2334 3033 praescriptio
2353 2987 2402 3022 sit

225 3100 236 3130 1
265 3094 312 3138 ὃς]
339 3093 386 3130 ὠς
408 3098 454 3130 L¹
473 3096 521 3141 115
544 3095 752 3140 ἰσχύσαιμεν
778 3097 848 3130 LB
867 3095 880 3140 ΙΙ
895 3098 913 3130 7
938 3096 1164 3139 καταστῆσαι
1186 3098 1223 3131 Β
1246 3095 1258 3142 ΙΙ
1326 3097 1375 3131 R²
1401 3096 1414 3141 ΙΙ
1445 3107 1483 3130 ea
1507 3097 1555 3130 R¹
1577 3097 1590 3140 ss
1613 3097 1680 3138 *ex
1703 3098 1845 3140 iustitia]
1870 3101 1903 3133 et
1925 3099 2055 3141 iustitia
2075 3101 2109 3134 R
2133 3102 2166 3133 et
2184 3101 2347 3135 iustitiam
2372 3101 2405 3135 V

177 3146 196 3178 8
210 3139 467 3187 παραδέδωκεν
475 3143 544 3176 LB
560 3141 572 3185 ΙΙ
594 3144 633 3176 10
646 3137 1071 3194 κατακολουθήσαντες-Β
1087 3142 1099 3185 u
1121 3145 1157 3176 11
1173 3138 1258 3195 ἡμῖν
1325 3143 1410 3186 vulq.
1427 3143 1439 3186 fl
1458 3144 1479 3176 4
1503 3142 1539 3175 in
1563 3142 1648 3184 lege]
1672 3153 1711 3183 ex
1734 3143 1808 3185 lege
1824 3144 1862 3177 V
1873 3144 1885 3186 11
1902 3147 1920 3178 7
1946 3155 2006 3187 per
2024 3145 2147 3186 omnia]
2171 3156 2311 3188 persona
2327 3144 2404 3191 R¹11

173 3195 252 3267 {32:25
286 3184 1132 3278 ,232213⁰1&billi„5201?}3‘2{253tt²-¹}3
1149 3186 1257 3278 1ρῖΞὲ
1324 3187 1687 3276 ἳιὶῗθῗ3“ῗὲιῖἒὲἓ“ἰιῖ
1701 3189 2134 3279 ἧῖἰιὲἧὲἕὲἒιὲἑιῗὶὲιίἷῖ
2150 3193 2403 3278 ι’ἶίθῖἓῗιῃᾜῗὲἷὲ

178 3293 236 3313 om.
261 3279 312 3312 B⁶
331 3276 343 3322 ΙΙ
365 3279 401 3311 18
427 3231 518 3319 egeln
540 3277 575 3310 B
601 3275 613 3321 ΙΙ
636 3279 688 3318 τε]
712 3279 751 3311 τί
773 3275 894 3320 131119
915 3272 1032 3311 πόνον
1053 3273 1257 3323 αἱρούμεθα
1326 3278 1358 3311 R
1387 3232 1399 3321 ἡ
1431 3279 1469 3311 15
1505 3278 1656 3320 apripare
1686 3278 1737 3313 Β*
1771 3279 1917 3322 arripere
1950 3280 2056 3314 R²V¹
2083 3279 2095 3324 ΙΙ
2124 3280 2288 3315 subiectos
2319 3282 2401 3324 VT]

177 3325 222 3358 M
243 3324 249 3366 1
285 3325 328 3357 20
352 3320 441 3368 πρὸς
461 3323 512 3356 La
540 3320 552 3367 ΙΙ
581 3323 622 3356 21
648 3317 889 3368 ἀναιροῦντες]
912 3331 1014 3356 υντες
1037 3323 1070 3355 in
1093 3335 1159 3355 ras.
1186 3323 1233 3356 M
1245 3322 1256 3365 ΙΙ
1324 3322 1481 3355 subiectis
1504 3322 1538 3355 R
1561 3324 1645 3367 vulg.
1667 3322 1680 3364 ΙΙ
1709 3326 1749 3360 16
1772 3325 1986 3367 perferrimus
2009 3324 2076 3359 VT
2091 3324 2104 3370 ΙΙ
2134 3327 2174 3360 18
2198 3326 2402 3365 auferentem

177 3372 219 3404 23
264 3370 380 3402 ίκαιον
401 3367 465 3401 Μα
482 3367 494 3411 11
511 3369 551 3402 25
579 3363 666 3400 αὐτὸ
689 3364 733 3409 δὴ
757 3379 814 3400 om.
834 3377 853 3402 ς
870 3364 941 3410 1126
964 3362 1082 3401 αὐτοῖς
1098 3369 1128 3408 ς]
1154 3364 1256 3402 αὐτοὶ
1324 3367 1373 3401 Ιίῑ
1392 3366 1404 3411 ΙΙ
1421 3369 1462 3402 20
1486 3368 1616 3419 putatio
1631 3367 1708 3446 ΒἼΙ
1727 3371 1766 3404 21
1793 3370 1939 3412 arripere
1951 3370 2025 3403 RV
2035 3368 2047 3414 ΙΙ
2066 3371 2110 3405 24
2133 3370 2310 3414 imperium
2320 3372 2369 3412 R‘
2389 3374 2401 3415 ss

178 3415 250 3449 ML
285 3409 373 3447 αὐτὸ
397 3413 434 3446 Β
463 3411 476 3457 ΙΙ
505 3414 547 3447 29
583 3408 714 3445 ἀτελεῖς
736 3412 773 3446 Β
809 3410 981 3447 collatores
1016 3413 1050 3454 (i.
1076 3425 1102 3446 e.
1135 3422 1256 3447 συντε-
1325 3415 1366 3447 33
1375 3412 1585 3455 complet1R¹
1595 3423 1689 3457 comp
1705 3414 1844 3448 eriRssV
1861 3413 1873 3459 ΙΙ
1889 3415 2211 3453 aestimauimusVT
2223 3420 2235 3459 ss
2252 3416 2402 3469 34111ξί11-

178 3457 259 3513 22392
282 3469 303 3495 ς
331 3456 344 3503 ΙΙ
372 3457 641 3502 εἰσκομίζεσθαι
654 3457 732 3490 ›LB
760 3455 773 3500 ΙΙ
801 3453 850 3500 μή
873 3468 909 3490 τι
936 3457 996 3489 καὶ
1021 3457 1184 3500 L¹?MB]
1207 3454 1257 3501 μή
1323 3457 1482 3492 lationem
1507 3457 1540 3491 V
1543 3457 1555 3485 ²
1585 3457 1598 3502 ΙΙ
1627 3461 1668 3494 35
1697 3462 1774 3502 apta
1798 3462 1826 3503 (t
1850 3472 1889 3493 ex
1910 3470 1933 3502 p
1957 3461 2054 3502 corr.)
2077 3460 2127 3494 13¹
2154 3459 2167 3506 fl
2198 3461 2287 3502 enim
2311 3473 2403 3503 uiros

177 3517 214 3538 τι
235 3501 321 3538 αλλο
345 3502 414 3540 Ῑιῖς
439 3502 452 3548 ΙΙ
475 3506 515 3538 31
542 3503 723 3536 κατασείει
746 3501 781 3535 Β
806 3503 1010 3536 commoueat
1033 3515 1053 3538 ς
1070 3500 1083 3547 ΙΙ
1100 3504 1140 3536 32
1166 3502 1255 3548 εἰρη-
1320 3502 1522 3544 ,clarissimos
1545 3502 1584 3537 V
1609 3502 1622 3548 ΙΙ
1647 3504 1868 3539 subiectarum
1891 3524 1936 3529 -
1959 3515 1979 3538 a
2002 3504 2098 3546 nobis
2120 3505 2147 3539 li
2170 3508 2241 3550 (38)
2266 3519 2328 3542 ser.
2351 3507 2403 3542 13²

177 3550 282 3593 μένης
305 3550 353 3584 M
354 3552 371 3570 ⁰
401 3547 414 3593 ΙΙ
441 3550 484 3583 33
519 3548 670 3592 μείζονι]
701 3546 820 3579 maiori
850 3557 948 3589 opere
971 3557 991 3582 ς
1017 3547 1029 3591 ΙΙ
1058 3546 1257 3592 περιβαλῆν
1326 3550 1358 3582 in
1376 3561 1442 3582 ras.
1460 3549 1480 3582 2
1504 3560 1648 3587 versuum
1666 3548 1737 3594 1136
1751 3563 1799 3593 sq.
1824 3549 1969 3582 omni-
1983 3550 2141 3594 suffragio
2165 3552 2197 3585 R
2211 3550 2224 3598 ΙΙ
2243 3553 2285 3588 37
2309 3551 2402 3596 dato-

178 3591 399 3640 (περιβαλεῖν
423 3594 484 3637 L2)
509 3594 568 3638 Lu
593 3594 635 3627 40
661 3587 779 3627 αὐτοῖς
803 3591 836 3625 L
857 3590 871 3636 ΙΙ
895 3589 976 3634 ἤτοι
999 3595 1180 3639 κριτηρίου
1206 3594 1256 3635 Μ,
1325 3594 1410 3634 rum]
1445 3593 1558 3628 datore
1586 3593 1624 3628 V
1625 3598 1643 3616 ⁰
1673 3595 1750 3636 dato
1772 3595 1841 3631 ΒΤ
1869 3595 1939 3630 dati
1965 3596 2050 3640 vulg,
2080 3595 2086 3641 Ι
2127 3596 2229 3638 *iure
2260 3598 2402 3641 iurando

179 3651 238 3674 om.
263 3639 332 3674 LB
357 3639 403 3682 (ς)
1325 3637 1393 3672 VT
1411 3638 1522 3672 iureiu
1545 3638 1579 3672 R
1606 3639 1815 3676 iureiurandi
1834 3641 1920 3689 ναῖς.
1936 3639 1950 3688 ΙΙ
1968 3642 2011 3677 39
2041 3651 2064 3675 11
2118 3642 2125 3649 “
2150 3642 2199 3677 R¹

189 3686 242 3729 ”l
281 3698 314 3729 et
349 3703 423 3730 anto
453 3696 578 3738 patrias
598 3707 656 3729 om.
682 3694 716 3727 R
744 3691 757 3738 ΙΙ
783 3693 957 3737 proprihas
981 3693 1014 3726 R
1042 3691 1055 3738 ΙΙ
1083 3695 1102 3728 3
1139 3695 1172 3728 et
1196 3707 1256 3728 om.

2068 3754 2135 3790 10*
