2586 3990
152 146 213 179 nn
232 144 533 179 sANcnssmrs
552 145 610 177 nr
629 145 715 178 nno
735 144 1010 179 AMAmLmus
1230 125 1317 178 593
1984 130 2091 175 Nov.
2123 127 2303 174 CXXIII
2331 142 2392 184 pr.

152 247 215 291 τῆς
239 245 394 282 παλαιοῖς
417 245 625 290 συνηθείας
643 247 826 290 ἐπιζητεῖν
855 247 1042 292 τιμήματα
1072 243 1096 292 ἢ
1118 244 1285 291 μισθούς.
1333 241 1524 290 κελεύομεν
1548 242 1621 291 (δὲ)
1651 247 1712 279 καὶ
1742 243 1824 279 τοὺς
1855 243 1920 278 τὰς
1941 241 2126 288 μετρήσεις
2157 242 2235 277 τῶν
2258 238 2394 276 οἰκοδο-

152 294 270 338 μικῶν
293 295 354 327 καὶ
375 292 604 339 γεηπονικῶν
628 295 688 326 καὶ
711 294 789 327 τῶν
814 291 937 328 ἄλλων
961 294 1079 339 ἔργων
1102 294 1298 327 ποιοῦντας
1321 288 1434 335 μηδὲν
1458 289 1570 326 πλέον
1594 289 1807 336 λογίζεσθαι
1831 292 1904 324 τοῖς
1928 290 2193 336 ἐργαζομένοις,
2219 284 2309 322 ἀλλὰ
2334 289 2396 321 καὶ

155 335 274 373 αὐτοῖς
297 337 367 381 τὴν
389 333 544 385 ἀρχαίαν
568 336 771 381 συνήθειαν
795 337 1000 383 φυλάττειν.
1050 339 1168 374 ταῦτα
1191 335 1232 372 δὲ
1255 335 1555 383 παραφυλάττειν
1579 334 1769 381 κελεύομεν
1793 337 1853 369 καὶ
1877 334 1958 369 τοὺς
1981 333 2245 370 ἐπιτάττοντας
2273 330 2395 376 οἱαδή-

154 396 243 419 ποτε
277 384 363 431 ἔργα
396 381 418 426 ἢ
452 385 516 417 καί
548 395 632 417 τινα
674 381 750 427 εἴδη
786 381 1023 429 ὠνουμένους·
1072 381 1157 419 οὐδὲ
1190 382 1260 431 γὰρ
1299 378 1419 417 αὐτοῖς
1455 382 1587 424 ἐξεῖναι
1623 380 1734 417 πλέον
1767 381 1833 416 τοῦ
1870 380 1978 415 ἔθους
2012 381 2079 414 τοῦ
2114 377 2395 426 διατεταγμένου

153 431 322 475 παρέχειν
352 429 612 474 συγχωροῦμεν.
660 430 924 475 γινωσκόντων
954 431 1032 465 τῶν
1065 429 1176 465 πλέον
1205 442 1242 464 τι
1265 429 1329 472 τῆς
1352 426 1507 464 παλαιᾶς
1537 428 1732 471 συνηθείας
1764 424 2046 470 ἐπιζητούντων,
2082 423 2130 459 οὖς
2153 423 2396 471 τριπλασίονα
2441 426 2461 459 5

153 472 339 517 ποσότητα
361 474 556 518 εἰςκομίσαι
588 475 642 518 τῷ
668 473 829 520 δημοσίῳ
863 472 1229 523 ἀναγκασθήσονται,
1265 475 1295 508 εἰ
1320 473 1420 522 παρὰ
1450 473 1493 509 τὸ
1527 473 1565 515 ἐξ
1589 470 1696 519 ἀρχῆς
1728 471 2010 519 διατεταγμένον
2039 469 2214 515 λαβόντες
2236 468 2259 514 ἢ
2283 467 2394 504 δεδω-

153 515 254 554 κότος
278 522 490 565 φανείησαν.

286 561 380 610 (Ἐπ
390 563 569 612 ίλογος.)
621 566 742 600 Ταῦτα
766 564 805 600 δὲ
829 566 1021 608 ζητεῖσθαι
1044 569 1104 600 καὶ
1128 563 1355 600 ἐκδικεῖσθαι
1378 562 1568 609 κελεύομεν
1598 562 1698 609 παρά
1721 575 1762 597 τε
1784 563 1847 606 τῆς
1871 564 1933 607 σῆς
1957 562 2132 608 ὑπεροχῆς
2163 563 2223 596 καὶ
2247 561 2312 595 τοῦ
2338 561 2394 595 έν-

153 608 348 651 ‹iot-‘oraison
380 611 537 656 ἐπάρχου
567 610 701 654 ταύτης
730 613 792 655 τῆς
823 609 1034 656 εὐδαίμονος
1066 608 1215 647 πόλεως.
1261 609 1477 655 βουλόμεθα
1503 609 1574 656 γὰρ
1599 605 1651 643 δι’
1679 604 1784 652 ὑμῶν
1815 607 1899 642 τοὺς
1930 611 2227 654 παραβαίνοντας
2256 603 2396 648 ταύτην

152 652 256 699 ἡμῶν
285 654 355 699 τὴν
379 653 612 691 διατύπωσιν
635 655 878 692 ἀπαιτεῖσθαι
900 657 970 701 τὴν
994 656 1212 702 ὁρισθεῖσαν
1236 656 1370 699 ποινὴν
1402 659 1462 689 καὶ
1487 657 1676 702 τιμωρίαις
1698 652 1995 698 ὑποβάλλεσθαι·
2027 654 2155 688 ποιν”ς
2175 653 2396 697 ἐπικειμένης
2422 655 2462 688 10

151 703 261 736 πέντε
280 704 425 746 χρυσίου
449 700 584 747 λιτρῶν
607 705 685 736 ταῖς
708 702 947 747 πειθομέναις
971 699 1056 747 ὑμῖν
1079 702 1238 745 τάξεσιν,
1271 701 1307 736 εἴ
1321 715 1358 736 τι
1381 702 1460 735 τῶν
1484 697 1573 746 παρ’
1600 696 1706 743 ἡμῶν
1734 696 2028 745 διατεταγμένων
2051 695 2118 743 ἆμε
2141 698 2259 742 ηθείη.

286 747 371 784 Dat.
387 758 423 783 x.
443 747 478 783 k.
495 748 583 793 Apr.
603 748 671 784 GP.
689 748 809 794 (imp.)
831 747 891 786 dn.
906 748 1096 784 Iustiniani
1119 759 1180 794 pp.
1197 748 1288 792 Aug.
1314 757 1408 784 anno
1426 746 1541 783 XVII.
1565 748 1648 791 post
1666 754 1764 781 cons.
1785 744 1910 781 Basilii
1930 755 1987 781 vc.
2009 754 2102 780 anno
2121 744 2183 779 111.
2255 746 2302 798 [a.
2318 745 2396 785 544]
2418 791 2422 795 .

655 909 736 952 ffi*

153 985 332 1039 ΠΕΡΙ
363 983 1064 1038 ΕΚΚΑΗΣΙΑΣΤΙΚῼΝ
1095 985 1238 1038 ΔΙΑ-

1580 914 1742 951 cxxm.
1786 915 1898 951 Auth.
1910 913 2106 950 cxxxlv.
2125 912 2274 950 0011.1x
2287 912 2343 949 tit.
2356 914 2396 948 15

1350 986 1402 1035 R
1434 987 1530 1036 DE
1568 984 2043 1037 SANCTISSIMIS
2080 985 2172 1033 ET
2208 981 2346 1032 DEO

1255 1053 1737 1105 15AMABILIBUS
1783 1055 1878 1103 ET
1921 1050 2399 1104 REVERENTIS-

1311 1122 1493 1173 SIMIS
1538 1121 1898 1173 EPISOOPIS
1943 1123 2036 1171 ET
2080 1119 2395 1171 GLERIOIS

1578 1192 1669 1239 ET
1705 1189 2057 1241 MONAOHIS
2087 1190 2142 1239 R

1382 1267 1471 1313 Imp.
1496 1267 1717 1304 Iustinianus
1741 1266 1834 1312 Aug.
1858 1268 1966 1304 Petro
1990 1267 2246 1313 gloriosissimo
2266 1277 2328 1313 pp.

330 1052 572 1107 ΦΟΡΩΝ
602 1052 1061 1106 ΚΕΦΑΛΑΙῼΝ.

175 1266 214 1304 Ὁ
232 1265 341 1303 αὐτὸς
363 1266 531 1313 βασιλεὺς
547 1269 675 1314 Πέτρῳ
698 1268 751 1311 τῷ
775 1266 1004 1312 ἐνδοξοτάτῳ
1027 1270 1215 1315 μαγίστρῳ

470 1314 549 1348 τοῖιν
572 1313 692 1347 θείων
716 1311 910 1359 ὂφφικίων.

221 1381 527 1429 (Προοίμιον.)
573 1385 662 1427 Περὶ
694 1379 901 1425 διοικήσεως
935 1384 996 1415 καὶ
1027 1384 1240 1428 προνομίων
1253 1383 1294 1416 20
1351 1380 1646 1426 (Praefatio.)
1692 1381 1747 1416 De
1763 1381 2022 1426 gubernatione
2039 1383 2075 1417 et
2090 1380 2282 1426 privilegiis
2301 1380 2396 1417 aliis-

153 1431 214 1462 καὶ
229 1427 353 1462 ἄλλων
369 1425 558 1474 διαφόρων
577 1426 786 1473 κεφαλαίων
810 1427 858 1461 εἰς
875 1426 939 1462 τὰς
954 1423 1162 1474 ἁγιωτάτας
1185 1428 1239 1460 έκ-
1309 1437 1376 1471 que
1407 1426 1555 1462 diversis
1593 1426 1761 1472 capitulis
1798 1427 1844 1462 ad
1876 1426 2122 1463 sanctissimas
2157 1426 2329 1462 ecclesias
2362 1429 2399 1463 et

154 1472 298 1516 κλησίας
321 1476 381 1507 καὶ
401 1473 485 1507 τοὺς
507 1471 632 1507 ἄλλους
652 1470 786 1519 εὐαγεῖς
802 1473 916 1507 οἴκους
939 1468 1156 1517 ἀνηκόντων
1172 1470 1240 1516 ἤδη
1309 1472 1400 1507 alias
1426 1472 1645 1508 venerabiles
1678 1472 1802 1508 domos
1836 1472 2098 1517 pertinentibus
2128 1472 2201 1508 iam
2225 1472 2398 1518 quaedam

152 1518 236 1553 τινὰ
274 1517 560 1563 διετυπιόσαμεν,
595 1520 656 1553 ἐπὶ
693 1516 732 1552 δὲ
765 1519 829 1553 τοῦ
867 1517 1047 1564 παρόντος
1081 1518 1128 1552 τὰ
1159 1521 1242 1563 περὶ
1311 1517 1567 1562 diSposuimus,
1600 1528 1709 1563 super
1741 1518 1974 1554 sanctissimis
2007 1522 2124 1554 autem
2156 1517 2336 1563 ep1scopis
2363 1521 2399 1553 et

152 1565 231 1598 τῶν
246 1562 466 1599 ὁσιωτάτων
482 1563 696 1598 ἐπισκόπων
714 1567 775 1598 καὶ
792 1563 972 1609 κληρικῶν
990 1567 1050 1598 καὶ
1068 1565 1242 1608 μοναχῶν
1311 1563 1449 1599 clericis
1473 1566 1510 1599 et
1533 1564 1719 1599 monachis
1745 1563 1878 1598 dudum
1901 1563 1939 1599 in
1960 1564 2106 1600 diversis
2131 1563 2398 1600 constitutioni·

153 1609 280 1655 πρώην
297 1611 337 1643 ἐν
353 1608 538 1656 διαφόροις
555 1608 741 1650 ὃιατάξεσι
760 1607 1050 1645 ὃιατυπωθέντα
1072 1609 1165 1653 μετὰ
1179 1612 1242 1653 τῆς
1255 1611 1296 1644 25
1312 1610 1378 1644 bus
1402 1609 1577 1654 disposita
1609 1620 1689 1645 cum
1715 1610 1930 1654 competenti
1954 1609 2175 1646 correctione
2207 1609 2276 1645 hac
2301 1619 2398 1646 com-

152 1654 392 1734 προςηδκούσης
413 1656 705 1701 ἐπανορθώσεως
722 1653 818 1698 τῷδε
835 1654 1046 1701 περιλαβεῖν
1066 1657 1122 1699 τῷ
1136 1654 1241 1700 νόμῳ
1310 1655 1530 1700 prehendere
1553 1655 1630 1700 lege
1653 1655 1912 1702 perspeximus.

153 1705 253 1736 συνεί
276 1713 373 1745 ομεν.
1652 1704 1655 1707 ’

221 1770 305 1804 Νου.
325 1770 494 1804 CXXIII
503 1770 668 1812 (Autlzent.
686 1771 849 1804 CXXXI
855 1771 938 1804 V=
964 1770 1045 1804 Call.
1058 1770 1120 1804 IX
1135 1772 1181 1804 tit.
1198 1771 1257 1804 15:
1283 1770 1395 1814 yloss.)
1426 1770 1551 1804 Graece
1572 1777 1661 1804 extat
1685 1771 1718 1804 in
1738 1770 1783 1803 M
1803 1777 1833 1803 et
1857 1782 1925 1803 cum
1951 1782 2022 1804 nov.
2050 1769 2270 1804 CXXXVII
2288 1776 2399 1803 conta-

86 1836 89 1838 ·
154 1817 276 1850 minata
300 1817 333 1850 in
357 1816 404 1856 L,
431 1828 503 1859 cap.
519 1817 538 1849 2
555 1816 709 1854 §1—32
734 1818 767 1850 in
792 1816 828 1849 B
853 1817 925 1858 3,1,
942 1823 1038 1850 9-16.
1058 1823 1176 1850 20-33.
1195 1823 1315 1858 35-48,
1348 1828 1419 1858 cap.
1438 1816 1585 1850 34—44
1601 1817 1642 1850 in
1667 1815 1704 1849 B
1726 1817 1764 1858 4,
1785 1823 1809 1858 1,
1823 1822 1919 1849 2—16.
1967 1815 2119 1849 Maxima
2147 1828 2230 1859 pars
2254 1816 2399 1849 novellae

153 1863 301 1906 quamvis
320 1862 445 1905 passim
470 1868 636 1895 contracta
660 1868 690 1895 et
714 1863 879 1895 immutata
904 1863 1041 1896 habetur
1063 1863 1097 1895 in
1126 1862 1318 1895 Collectione
1340 1861 1575 1895 LXXXVII
1593 1862 1807 1905 capitulorum
1832 1861 1964 1896 28—87
1991 1861 2048 1904 (=
2070 1861 2115 1900 83
2142 1862 2217 1895 inde
2237 1861 2399 1905 pleraque

153 1914 339 1951 repetuntur
362 1908 489 1941 diverso
523 1908 635 1940 ordine
660 1908 818 1950 disposita
842 1909 876 1941 in
900 1907 1130 1941 Nomocanone
1154 1907 1186 1940 L
1211 1908 1372 1941 titulorum
1405 1908 1510 1941 eiusve
1536 1908 1741 1951 appendice),
1769 1907 1958 1950 particulae
1987 1907 2021 1941 in
2045 1906 2253 1951 Epanaqoye
2277 1908 2398 1941 8-10

153 1953 233 1995 (vid.
257 1954 370 1996 infra).
395 1971 438 1976 —
463 1953 554 1996 Epit.
578 1953 700 1986 Tkeod.
726 1954 801 1994 123,
827 1953 948 1986 Athan.
967 1955 996 1995 1,
1012 1960 1028 1987 2
1053 1953 1142 1995 (inde
1171 1953 1251 1986 Coll.
1278 1959 1375 1986 const.
1402 1953 1476 1986 eccl.
1502 1952 1567 1986 III
1587 1955 1619 1995 1,
1638 1960 1671 1993 23
1706 1953 1738 1986 A
1753 1954 1786 1996 f
1808 1953 1888 1986 184v
1912 1954 1945 1986 in
1965 1959 2064 1995 parte
2090 1953 2175 1986 tituli
2192 1953 2294 1995 primi
2317 1954 2399 1986 inter

154 1999 300 2032 novellae
317 1998 484 2032 CXXXI
495 2010 520 2030 c.
536 1999 599 2031 4et
612 2001 631 2032 5
645 1999 789 2039 inserta).
836 1998 959 2031 Iulian.
976 2006 1074 2032 const.
1092 1999 1199 2032 CXV
1217 1999 1289 2042 (qui
1310 1999 1484 2042 exemplum
1513 1999 1674 2033 Graecum
1699 2011 1762 2032 non
1787 2006 1851 2032 tam
1876 1999 2035 2042 eoecerpsit
2053 2010 2148 2041 quam
2174 1999 2352 2042 expressit).

223 2043 385 2076 Prooemii
407 2043 564 2084 (novellae
586 2043 811 2086 Vpraemissi)
837 2044 1080 2077 translationem
1106 2045 1242 2077 latinam
1268 2057 1288 2077 a
1312 2045 1447 2087 vulqata
1472 2045 1632 2078 diversam
1656 2045 1690 2078 in
1715 2045 1896 2087 appendice
1921 2044 2115 2078 collectionis
2140 2056 2295 2077 canonum
2316 2043 2400 2077 Dio-

155 2088 461 2132 nysio-Hadrianae
482 2088 630 2120 exhibent
652 2089 777 2120 codices
802 2088 926 2130 aliquot
948 2089 1072 2122 saeculi
1085 2089 1152 2121 IX.
1171 2096 1201 2121 et
1215 2090 1261 2121 X.
1289 2090 1344 2131 (cjl
1363 2089 1522 2122 splaassen
1546 2090 1842 2132 Sitzunqsberichte
1864 2090 1922 2122 der
1945 2089 1976 2121 k.
1994 2089 2105 2122 Akad.
2126 2090 2184 2123 der
2207 2090 2400 2124 Wissensclz.

166 2134 255 2167 Wien
282 2133 367 2166 1860
390 2144 424 2175 p.
439 2133 479 2165 91
499 2145 530 2166 n.
545 2134 591 2174 4),
612 2133 715 2175 primi
738 2133 909 2166 ediderunt
933 2133 1064 2166 Pithoei
1076 2135 1207 2176 fratres
1232 2135 1264 2166 in
1294 2134 1386 2166 Obss.
1410 2135 1456 2166 ad
1484 2135 1561 2168 Cod.
1586 2141 1617 2168 et
1640 2135 1725 2168 Nov.
1750 2135 1873 2176 (Paris.
1891 2135 1990 2175 1689)
2011 2147 2045 2175 p.
2060 2135 2136 2168 693.

155 2210 297 2246 maiora
328 2220 436 2255 quam
466 2208 662 2244 secundum
693 2214 845 2245 veterem
876 2208 1169 2244 consuetudinem
1198 2210 1320 2256 pretia
1350 2209 1572 2245 mercedesve
1603 2210 1763 2255 exiqere.
1811 2207 1981 2245 Iubemus
2011 2214 2130 2246 autem
2162 2221 2224 2246 eos
2256 2221 2400 2265 quoque

157 2256 220 2303 qui
242 2254 491 2300 aedificiorum
515 2258 551 2289 et
574 2264 749 2300 aqrorum
773 2253 1006 2289 colendorum
1031 2253 1260 2300 aliorumque
1285 2265 1433 2300 operum
1458 2265 1647 2290 mensuras
1668 2255 1818 2300 faciunt
1840 2254 1933 2290 m'lzit
1951 2255 2109 2301 amplius
2132 2256 2312 2302 operariis
2335 2268 2398 2292 im-

151 2305 299 2348 putare,
323 2299 387 2335 sed
409 2300 498 2346 ipsis
523 2309 668 2345 quoque
691 2299 877 2345 antiquam
902 2299 1197 2335 consuetudinem
1219 2310 1373 2336 servare.
1421 2301 1540 2346 Atque
1562 2298 1660 2336 haec*
1675 2310 1736 2335 eos
1759 2311 1903 2346 quoque
1927 2299 2117 2336 observare
2139 2301 2310 2344 iubemus,
2336 2302 2401 2348 qui

157 2346 434 2392 qualiacumque
458 2355 572 2391 opera
595 2346 775 2390 imperant
798 2344 853 2380 vel
876 2345 984 2380 etiam
1007 2345 1144 2391 species
1168 2345 1345 2390 quasdam
1369 2345 1566 2381 redimunt:
1601 2345 1730 2398 quibus
1753 2356 1798 2380 ne
1821 2345 1912 2392 ipsis
1936 2345 2079 2391 quidem
2110 2349 2152 2382 ut
2169 2346 2259 2392 plus
2289 2358 2399 2393 quam

156 2403 255 2427 more
277 2391 510 2426 constitutum
533 2392 586 2424 est
607 2392 800 2435 praestare
824 2389 931 2425 liceat
948 2390 1204 2436 permittimus.
1253 2389 1381 2426 Sciant
1405 2393 1522 2426 autem
1553 2401 1615 2436 qui
1639 2390 1835 2436 quicquam
1867 2391 2026 2437 amplius
2056 2400 2166 2437 quam
2189 2395 2289 2428 vetus
2313 2403 2398 2428 con-

156 2436 309 2472 suetudo
332 2436 412 2482 fert
434 2435 600 2482 exiqunt,
629 2445 668 2470 se
694 2434 871 2481 triplicem
895 2435 1134 2486 quantitatem
1155 2435 1247 2480 fisco
1271 2436 1413 2482 inferre
1437 2439 1603 2472 coactum
1626 2435 1690 2480 iri,
1721 2436 1757 2472 si
1777 2439 1907 2472 contra
1930 2435 1971 2472 id
1992 2435 2093 2482 quod
2114 2436 2159 2472 ab
2183 2437 2288 2473 initio
2313 2448 2398 2474 con-

156 2483 320 2519 stitutum
345 2484 426 2516 erat
447 2491 510 2517 eos
534 2490 618 2515 acce
646 2480 715 2515 isse
740 2479 795 2515 vel
817 2479 958 2515 dedisse
982 2485 1171 2527 appareat.

292 2526 383 2573 Epi
389 2526 403 2561 l
410 2537 432 2561 ο
439 2536 535 2572 qus.
621 2535 686 2560 aec
706 2528 825 2561 autem
849 2525 1057 2561 examinari
1079 2529 1189 2572 atque
1209 2525 1387 2563 vindicari
1411 2526 1572 2562 iubemus
1602 2529 1638 2562 et
1667 2537 1690 2562 a
1713 2529 1776 2562 tua
1799 2526 2018 2563 sublimitate
2037 2529 2072 2563 et
2091 2538 2115 2562 a
2133 2526 2398 2573 qloriosissimo

157 2573 348 2620 praefecto
372 2571 480 2607 liuius
501 2570 624 2616 felicis
650 2570 759 2607 urbis.
808 2569 882 2606 Per
907 2581 971 2606 vos
994 2571 1088 2606 enim
1111 2571 1156 2607 ab
1179 2571 1226 2607 iis
1248 2573 1314 2618 qui
1335 2572 1429 2608 lianc
1453 2576 1616 2608 nostram
1641 2572 1931 2607 constitutionem
1955 2572 2129 2608 violaturi
2151 2572 2225 2608 sint
2248 2573 2398 2609 multam

157 2619 340 2665 definitam
364 2617 465 2663 exiqi
495 2626 629 2662 eosque
687 2616 788 2651 oenis
818 2615 936 2652 subici
963 2616 1126 2652 volumus
1133 2629 1148 2659 ;
1182 2627 1261 2652 cum
1293 2617 1430 2664 officiis
1459 2629 1553 2665 quae
1581 2617 1680 2653 vobis
1709 2621 1894 2664 apparent
1924 2617 2084 2664 quinque
2116 2617 2290 2654 librarum
2314 2618 2398 2655 auri

155 2675 277 2712 poena
299 2662 493 2706 immineat,
515 2662 548 2698 si
571 2661 635 2708 qui
682 2672 807 2697 eorum
831 2672 926 2707 quae
948 2672 972 2697 a
994 2661 1100 2697 nobis
1123 2663 1319 2699 constituta
1341 2665 1428 2699 sunt
1450 2663 1651 2709 neqlectum
1673 2661 1802 2708 fuerit.

528 2876 631 2928 DE
661 2876 751 2927 DI
758 2876 1005 2929 VERSJS
1039 2807 1412 2928 CAPIQTAZIZS
1444 2875 2029 2932 EOOLESIASTJOJS.

594 2955 696 2993 Idem
713 2956 901 3003 Auqustus
916 2955 1027 2992 Petro
1050 2955 1314 3002 qloriosissimo
1340 2956 1514 3002 maqistro
1536 2967 1727 2992 sacrorum
1750 2957 1971 3004 officiorum.

292 3024 559 3070 Praefatio.
608 3024 663 3060 De
686 3024 1000 3060 administratione
1023 3027 1058 3059 et
1073 3024 1280 3072 privileqiis
1311 3025 1464 3070 aliisque
1487 3023 1638 3061 diversis
1662 3025 1843 3073 capitibus
1873 3036 1967 3072 quae
1998 3025 2049 3061 ad
2070 3025 2318 3061 sanctissimas
2340 3034 2396 3062 ec-

159 3070 288 3107 elesias
318 3070 484 3123 aliasque
507 3070 727 3106 venerabiles
750 3069 877 3105 domos
897 3070 1083 3116 pertinent
1111 3070 1183 3106 iam
1207 3070 1385 3116 quaedam
1410 3070 1676 3113 constituimus,
1709 3071 1746 3106 in
1764 3070 1978 3117 praesentia
2008 3075 2127 3107 autem
2156 3082 2200 3106 ea
2232 3081 2326 3116 quae
2351 3070 2396 3107 de

159 3115 442 3162 reliqiosissimis
465 3115 646 3161 episcopis
669 3119 706 3151 et
729 3115 870 3150 clericis
893 3119 928 3150 et
953 3114 1139 3151 monachis
1162 3117 1199 3152 in
1215 3115 1366 3152 diversis
1390 3116 1707 3152 constitutionibus
1730 3120 1839 3152 antea
1855 3116 2033 3162 disposita
2048 3119 2144 3159 sunt,
2168 3126 2249 3152 cum
2264 3115 2396 3152 idonea

159 3161 408 3197 emendatione
432 3159 502 3196 hac
525 3160 604 3206 leqe
627 3159 930 3206 comprehendere
946 3160 1101 3207 placuit.

207 3243 222 3274 1
251 3237 290 3273 δὲ
309 3241 386 3275 add.
402 3240 567 3282 Scrimqer
584 3239 596 3283 ΙΙ
614 3241 636 3273 4
659 3236 734 3281 εἴδη
750 3239 791 3272 Μ
807 3240 861 3283 (cf
876 3252 946 3273 nov.
962 3240 1164 3274 CXXVIII
1172 3253 1199 3276 c.
1211 3242 1240 3277 1.

160 3288 190 3321 2.
206 3288 237 3320 3.
252 3287 283 3320 9.
299 3287 350 3320 15.
380 3286 519 3320 CXXX
529 3298 555 3318 c.
572 3287 601 3320 1.
616 3286 646 3319 2.
661 3286 706 3326 3)]
732 3281 800 3327 ἤδη
825 3297 893 3319 cum
916 3286 1100 3328 Scrimyero
1119 3287 1207 3330 uulq.
1230 3284 1244 3331 ΙΙ

163 3334 202 3366 12
217 3333 338 3365 subscr.
356 3331 386 3364 d.
403 3340 442 3365 11.
460 3331 493 3364 k.
510 3341 579 3373 apr.
598 3340 647 3372 cp.
664 3330 720 3362 dn.
738 3330 815 3363 iust.
833 3340 854 3372 p
882 3356 888 3363 .
906 3341 981 3372 aug.
999 3331 1076 3373 post
1090 3329 1242 3365 bilisario

160 3388 212 3410 uc.
229 3387 332 3410 conss.
349 3377 396 3409 M
397 3389 405 3414 ς
431 3374 576 3428 ἐγράφηε
592 3374 664 3420 πρὸ
686 3371 713 3408 ι’
731 3340 879 3408 natavi).
901 3371 1034 3430 Ἀπριλ.
1059 3374 1242 3420 βασιλείας

158 3418 413 3456 ’Ῑουστινιανοῦ
434 3420 477 3455 τὸ
496 3420 540 3463 ιζ’
558 3423 731 3455 υπατείας
743 3419 934 3454 Βασιλείου
949 3433 992 3454 το
1008 3419 1040 3466 γ’
1054 3422 1143 3463 Atta„
1158 3424 1243 3456 unde

160 3469 423 3511 subscriptionem
436 3468 574 3501 restituit
587 3467 774 3500 Zachariae
792 3465 806 3510 ΙΙ
823 3468 866 3500 14
878 3467 966 3508 rubr.
991 3468 1081 3511 Περὶ
1097 3465 1241 3502 ἐπισκό-

160 3524 244 3548 πων
266 3515 327 3546 καὶ
351 3510 530 3557 κληρικῶν
552 3513 629 3545 Ath.
645 3512 765 3545 Tkeod.
785 3513 841 3555 (cf.
856 3523 876 3547 ς
888 3518 918 3545 et
931 3513 1020 3553 infra
1031 3525 1063 3546 v.
1073 3514 1128 3554 24)
1153 3515 1242 3558 Περὶ

160 3559 238 3593 τῶν
252 3557 300 3592 τὰ
316 3562 536 3604 ψηφίσματα
555 3556 633 3591 τῶν
649 3553 862 3591 ἐπισκόπων
878 3553 1125 3591 ἐπιδιδόντων
1142 3553 1244 3592 ὅπως

161 3603 226 3648 χρὴ
245 3604 416 3650 γίνεσθαι
429 3605 457 3638 S
473 3603 485 3647 ΙΙ
506 3605 545 3637 18
557 3605 746 3649 μαγίστρω
758 3602 835 3636 τῶν
848 3601 967 3636 θείων
979 3598 1098 3647 (ἡμῶν
1110 3605 1188 3638 add.
1198 3605 1242 3647 L)

163 3646 348 3694 όφφικίων
372 3650 457 3691 ML]
481 3646 627 3692 ἐπάρχῳ
651 3650 888 3692 πραιτωρίων
912 3648 986 3682 Alb.
1006 3661 1036 3691 ς,
1065 3649 1243 3694 Greqorius

165 3695 310 3739 Maynus
331 3696 438 3738 Epist.
454 3697 507 3737 13,
521 3702 555 3728 45
579 3694 624 3727 II
637 3706 674 3737 p.
691 3694 777 3727 1252
802 3694 851 3728 ed.
868 3693 1037 3728 Benedict.
1065 3694 1245 3739 Exemplar

166 3741 399 3775 constitutionis
428 3742 475 3774 ad
498 3741 628 3774 Petrum
657 3741 770 3783 praefi
793 3747 898 3784 praet.
924 3741 1049 3774 missum
1070 3741 1180 3784 fuisse
1204 3741 1251 3775 M

234 3795 284 3822 III.

1312 3241 1482 3282 confirmat
1505 3241 1538 3274 in
1554 3241 1628 3281 fine
1653 3241 1797 3273 novellae
1820 3239 1833 3283 ΙΙ
1858 3241 1897 3274 21
1925 3236 2050 3273 ἄλλων
2074 3235 2135 3272 δια
2165 3235 2265 3284 όρων
2287 3251 2395 3284 κεφα·

1311 3284 1425 3319 λαίων
1446 3285 1622 3326 ΕΒςΙιιί.]
1655 3282 1845 3330 διαφόρων
1868 3283 2078 3331 κεφαλαίων
2102 3282 2126 3317 ἅ
2150 3282 2225 3318 λων
2247 3285 2293 3317 M
2311 3284 2323 3329 ΙΙ
2352 3286 2395 3319 22

1319 3328 1378 3374 ”377
1398 3332 1464 3374 μέν
1484 3343 1568 3364 τινα
1589 3331 1617 3364 S
1634 3329 1646 3375 ss
1663 3332 1705 3365 23
1726 3327 1933 3365 διετυπώσα
1961 3332 2012 3372 εν]
2038 3343 2108 3364 nov.
2131 3330 2291 3364 CXXXI
2303 3330 2315 3374 ΙΙ
2334 3330 2396 3365 ἐπὶ

1311 3344 1351 3410 δὲ
1373 3376 1438 3409 τοῦ
1463 3375 1644 3421 παρόντος
1666 3375 1713 3409 τὰ
1731 3378 1826 3422 περὶ]
1851 3375 1898 3410 τὰ
1945 3377 1962 3409 ὲ
1983 3378 2066 3420 περὶ
2088 3376 2160 3409 sola
2177 3376 2291 3419 leqisse
2307 3377 2396 3411 vide-

1313 3429 1362 3456 tur
1387 3433 1406 3457 ς
1432 3422 1443 3465 ΙΙ
1471 3423 1513 3455 25
1539 3416 1737 3463 διατάξεσι]
1763 3423 1804 3466 cs}
1830 3434 1903 3456 nov.
1925 3421 1983 3455 VI.
2016 3422 2100 3456 Val.

1358 3559 1400 3592 14
1423 3556 1638 3590 sanctissimis
1662 3558 1715 3591 cit.
1733 3557 1869 3601 Greqor.
1884 3570 1933 3601 ep.
1951 3559 2003 3599 13,
2016 3559 2063 3598 45]
2087 3555 2306 3590 sanctissimis
2326 3557 2394 3601 epi-

1311 3602 1419 3646 scopis
1443 3604 1533 3645 libri,
1557 3603 1645 3646 vuly.
1665 3601 1678 3646 ΙΙ
1708 3604 1748 3636 15
1774 3604 1818 3643 et]
1842 3613 1880 3635 ao
1908 3603 2044 3645 Greyor.
2069 3601 2082 3646 u
2113 3603 2151 3637 16
2173 3601 2338 3646 episcopis
2362 3605 2396 3637 et

1312 3648 1441 3681 clericis
1459 3649 1608 3693 Greyon]
1641 3648 1805 3691 episcopis
1829 3650 1862 3680 et
1886 3647 1926 3681 de
1946 3647 2077 3681 clericis
2097 3647 2132 3682 V
2156 3649 2188 3680 et
2212 3647 2342 3681 clericis
2363 3649 2394 3682 R,
2462 3677 2468 3682 .

1312 3693 1441 3727 clericis
1459 3694 1492 3727 T
1499 3695 1584 3738 vulq.
1603 3693 1615 3737 u
1637 3695 1674 3727 17
1703 3693 1741 3739 R:
1762 3693 1939 3726 L·XL·II·
1958 3695 2032 3736 (sic)
2050 3693 2083 3726 T
2099 3691 2111 3735 11
2141 3694 2182 3727 18
2206 3695 2274 3736 pp.]
2299 3704 2394 3736 prae-

1313 3741 1398 3774 fecto
1420 3739 1489 3791 VT(
1502 3750 1534 3783 p.
1552 3739 1586 3772 R
1603 3738 1616 3783 ΙΙ
1632 3740 1674 3772 25
1698 3749 1776 3773 oum
1799 3752 1858 3773 om.
1873 3739 1907 3773 T
1920 3738 1932 3783 ΙΙ
1948 3737 2156 3782 correptione
2180 3738 2213 3772 R
2226 3738 2242 3782 'fl
2259 3739 2345 3772 hanc
2367 3739 2401 3773 V

2081 3797 2122 3829 75
