2586 3990
156 150 214 181 ΕΤ
242 149 331 183 1)Εο
361 149 635 194 AMABILIBUS

153 245 336 297 γνώσταις
359 252 419 284 καὶ
438 251 551 285 παντὶ
572 245 671 293 ἄλλῳ
692 247 907 294 οἱουδήποτε
938 247 1087 297 εὐαγοῦς
1109 251 1247 298 τάγμα-

154 306 215 330 τος
237 292 262 339 ἢ
285 293 465 340 σχήματος
495 293 708 329 καθεστῶτι
736 295 922 341 ταβλίζειν
953 293 976 339 ἢ
999 296 1077 331 τῶν
1100 295 1148 331 τὰ
1171 308 1243 330 τοι·

156 342 251 375 αὖτα
279 339 494 382 παιζόντων
524 340 722 375 κοινωνοὺς
752 339 774 384 ἢ
806 341 996 387 θεωρητὰς
1017 342 1190 388 γίνεσθαι
1220 338 1244 384 ἢ

155 387 203 420 εἰς
225 383 446 429 οἱανδήποτε
477 385 574 419 θεάν
605 387 670 420 τοῦ
696 386 886 432 θεωρῆσαι
910 383 1023 441 χάριν
1051 388 1245 433 παραγίνε-

1242 132 1326 181 603

1900 137 2008 181 Nov.
2038 136 2220 181 CXXIII
2251 139 2316 179 10.
2350 138 2397 178 11

1318 252 1354 285 et
1378 249 1473 285 omni
1504 249 1566 285 alii
1598 248 1790 285 cuiuslibet
1818 249 2010 285 venerandi
2040 248 2179 294 collegii
2206 250 2271 285 aut
2299 247 2400 284 sche-

1313 295 1418 330 matis
1444 294 1649 331 constitutis
1673 294 1720 330 ad
1736 294 1896 330 tabulam
1916 294 2040 331 ludere
2062 300 2127 331 aut
2141 294 2231 330 talia
2247 293 2401 330 ludenti-

1314 341 1381 376 bus
1405 340 1601 385 participes
1624 343 1689 376 aut
1710 340 1932 385 inspectores
1956 340 2035 376 fieri
2057 342 2123 376 aut
2145 340 2192 375 ad
2217 339 2402 384 quodlibet

1315 385 1559 431 spectaculum
1583 385 1769 437 spectandi
1796 385 1914 429 gratia
1936 386 2067 422 venire.
2116 385 2154 421 Si
2178 386 2258 431 quis
2281 386 2400 421 autem

154 431 258 465 σθαι.
306 431 337 465 εἰ
360 428 403 464 δέ
423 441 476 465 τις
501 431 539 471 ἐξ
564 427 687 466 αὐτῶν
710 444 820 466 τουτο
843 432 1021 486 ᾁμαρτρι,
1054 431 1245 487 κελεύομεν
1282 434 1359 466 5ex
1382 431 1433 466 eis
1458 431 1527 466 hoc
1552 431 1756 476 deliquerit,
1788 431 1951 466 iubemus
1975 432 2072 467 hunc
2095 431 2133 466 in
2155 431 2272 466 tribus
2296 430 2400 465 annis

153 478 285 511 τοῦτον
309 477 370 511 ἐπὶ
387 478 480 520 τρεῖς
499 476 684 515 ἐνιαυτοὺς
709 473 782 513 ἀπὸ
799 488 919 519 πασης
942 478 1091 524 ευαγοῦς
1114 491 1244 522 υπηρε·

155 525 235 556 σίας
257 518 470 555 κωλύεσθαι
503 524 563 555 καὶ
586 526 820 568 μοναστηρίῳ
845 521 1106 567 ἐμβάλλεσθαι.
1153 523 1185 557 εἰ
1206 520 1245 557 δὲ

154 568 195 601 ἐν
217 566 271 610 τῷ
290 568 389 610 με’σῳ
413 565 535 612 χρόνῳ
562 565 668 608 δείξει
700 565 808 608 ἀξίαν
841 568 906 601 τοῦ
938 565 1028 602 ἰδίου
1061 571 1242 613 πταίσμα-

153 622 213 646 τος
234 612 442 656 μετάνοιαν,
467 609 597 646 ἄδειαν
620 613 713 647 εἶναι
736 613 789 655 τῷ
809 611 896 656 ἱερεῖ
917 609 982 658 ὑφ’
1005 610 1050 646 ὃν
1073 615 1244 647 τέτακται

1313 475 1505 511 venerabili
1534 476 1729 511 ministerio
1762 476 1945 520 prohiberi
1976 478 2013 512 et
2035 477 2253 512 monasterio
2277 475 2398 520 redigi.

1313 521 1351 557 Si
1383 524 1502 557 autem
1533 522 1571 556 in
1601 521 1715 557 medio
1750 525 1910 566 tempore
1945 522 2142 557 ostenderit
2172 521 2311 566 dignam
2344 520 2398 556 sui

1312 566 1388 602 vitii
1410 566 1686 611 paenitentiam,
1719 565 1827 601 liceat
1851 570 1886 601 et
1908 566 2087 602 sacerdoti
2119 566 2186 602 sub
2219 577 2289 611 quo
2314 576 2400 602 con-

1312 612 1459 647 stitutus
1496 613 1552 647 est
1587 611 1747 646 minuere
1785 614 1926 656 tempus
1962 614 1998 647 et
2029 612 2127 647 hunc
2158 622 2283 647 rursus
2313 621 2399 656 pro-

153 659 214 690 καὶ
243 655 419 691 ἐλαττοῦν
450 656 516 692 τὸν
547 657 679 703 χρόνον
711 661 771 692 καὶ
802 658 933 692 τοῦτον
957 657 1071 710 πάλιν
1097 656 1242 712 τῇιίδίᾳ
1259 660 1299 692 10
1313 658 1391 710 prio
1416 656 1565 692 reddere
1588 656 1795 699 ministerio,
1828 656 2022 692 scientibus
2051 667 2192 701 quoque
2216 656 2399 692 sanctissi—

154 699 373 756 ἀποδιδόναι
404 699 599 757 ὑπηρεσίᾳ·
637 701 792 738 εἰδότων
822 705 883 736 καὶ
912 703 991 737 τῶν
1023 714 1243 738 οσιωτατων

154 749 370 783 ἐπισκοπων
399 761 478 782 των
503 747 732 794 οφειλόντων
759 748 877 782 ταῦτα
903 745 1108 791 διεκδικεῖν,
1142 745 1190 783 αἷς
1213 748 1249 782 εἴ

152 806 190 826 τι
220 793 365 827 τοιοῦτο
395 790 584 836 μαθόντες
614 794 664 838 μὴ
697 791 958 835 ἐκδικήσουσιν,
994 789 1097 828 αὐτοὶ
1133 790 1244 840 λόγον

153 838 206 881 τῷ
232 837 312 880 θεῷ
339 834 430 884 ὑπὲρ
453 838 586 883 ταύτης
607 841 671 883 τῆς
696 839 812 893 αἰτίας
836 837 1006 885 ὑφέξουσι

1312 713 1378 737 mis
1402 701 1582 747 episcopis
1607 701 1819 737 debentibus
1842 701 1934 737 haec
1958 701 2148 744 vindicare,
2174 702 2257 747 quia
2281 702 2311 737 si
2329 701 2401 736 tale

1313 747 1449 791 aliquid
1472 750 1707 791 agnoscentes
1731 757 1803 782 non
1827 746 2102 792 vindicaverint,
2134 747 2204 792 ipsi
2227 746 2402 783 rationem

1312 792 1378 828 deo
1403 802 1469 838 pro
1493 792 1559 828 tali
1584 802 1694 829 causa
1718 792 1934 837 persolvent.

151 883 176 918 2
233 881 386 927 Μηδένα
421 881 461 917 δὲ
491 886 691 919 ἐπίσκοπον
726 897 863 938 ακοντα
897 882 1244 937 καταναγκάζεσθαι
1259 884 1335 920 152
1382 883 1530 920 Nullum
1552 886 1672 919 autem
1695 882 1905 928 episcopum
1932 881 2083 919 invitum
2107 883 2185 926 cogi
2208 879 2403 933 quemlibet

153 927 368 1008 ⁰5⁰v‘32'ff7‘3'2?
397 927 567 975 κληρικὸν
595 927 665 966 ὑπ’
693 926 806 964 αὐτὸν
836 942 930 964 οντα
958 942 1021 964 του
1046 926 1138 963 ἰδίου
1162 928 1242 973 κλή-

153 986 216 1019 ρου
237 985 311 1010 απο
335 986 421 1008 υειν.
667 985 670 990 ’

1313 929 1483 1010 01οἇ1011111
1517 929 1586 966 sub
1620 939 1661 966 se
1696 928 1930 966 constitutum
1964 927 2010 964 de
2039 928 2185 974 proprio
2219 927 2316 963 clero
2347 925 2401 962 di-

1312 986 1360 1010 mi
1393 984 1464 1010 ere.

1148 1063 1308 1101 CAPUT
1331 1064 1396 1100 XI.

219 1120 320 1155 Πᾶσι
345 1118 384 1154 δὲ
406 1122 480 1156 τοῖς
503 1121 714 1156 ἐπισκόποις
740 1123 803 1156 καὶ
826 1123 1080 1167 πρεσβυτέροις
1104 1118 1242 1168 ἀπαγο-

152 1165 303 1223 ρεύομεν
327 1162 514 1212 ἀφορίζειν
538 1166 621 1201 τινὰ
644 1168 706 1210 τῆς
731 1163 834 1213 ἁγίας
858 1170 1066 1211 κοινωνίας,
1099 1170 1189 1213 πρὶν
1220 1162 1242 1210 ἦ

1376 1119 1551 1157 Omnibus
1574 1122 1694 1158 autem
1719 1121 1896 1167 episcopis
1920 1124 1955 1156 et
1978 1120 2197 1166 presbyteris
2219 1119 2402 1156 interdici-

1313 1176 1392 1202 mus
1428 1176 1617 1211 segregare
1650 1167 1804 1212 aliquem
1839 1168 1966 1203 sancta
2001 1166 2266 1210 communione,
2300 1169 2402 1201 ante-

153 1214 253 1246 αιτία
277 1211 407 1258 δειχθῇ
439 1208 492 1246 δι’
519 1208 566 1255 ἢν
589 1211 625 1246 οἱ
647 1211 935 1256 ἐκκλησιαστικοὶ
958 1212 1108 1247 κανόνες
1134 1213 1243 1247 τοῦτο
1258 1213 1300 1246 20
1313 1221 1420 1257 quam
1438 1222 1548 1248 causa
1563 1215 1783 1247 monstretur
1803 1215 1953 1257 propter
1969 1221 2076 1257 quam
2095 1214 2244 1248 sanctae
2259 1212 2403 1257 regulae

151 1257 328 1304 γενέσθαι
351 1256 568 1291 κελεύουσιν.
615 1258 646 1291 εἰ
668 1255 709 1291 δέ
726 1269 779 1291 τις
796 1258 896 1304 παρὰ
917 1259 1033 1292 ταῦτα
1057 1259 1121 1302 τῆς
1140 1255 1244 1303 ἁγίας

152 1306 343 1337 κοινωνίας
374 1302 457 1342 τινὰ
487 1306 650 1348 χωρίσει,
683 1304 813 1337 ἐκεῖνος
842 1305 910 1348 μὲν
941 1300 980 1337 ὃς
1006 1300 1138 1338 ἀδίκως
1166 1301 1241 1338 ἀπὸ

152 1349 215 1392 τῆς
238 1351 428 1383 κοινωνίας
452 1348 637 1393 ἐχωρίσθη
670 1347 840 1393 λυομένου
864 1349 928 1383 τοῦ
953 1350 1138 1395 χωρισμοῦ
1167 1346 1241 1383 ὑπὸ

151 1394 217 1428 τοῦ
247 1395 411 1438 μείζονος
442 1393 655 1449 ἱερξέωςητῆς<
685 1391 788 1440 ἁγίας
820 1391 1009 1434 ἀξιούσθω
1041 1397 1244 1438 κοινωνίας,

1313 1257 1382 1293 hoc
1406 1257 1484 1292 fieri
1506 1257 1643 1293 iubent.
1692 1257 1729 1293 Si
1753 1258 1831 1302 quis
1856 1262 1976 1293 autem
1999 1260 2144 1302 praeter
2166 1258 2256 1293 haec
2275 1259 2403 1293 sancta

1314 1303 1561 1338 communione
1585 1313 1798 1348 quemquam
1821 1303 2070 1347 segregaverit,
2096 1303 2156 1338 ille
2180 1303 2320 1347 quidem
2341 1303 2403 1348 qui

1312 1348 1444 1384 iniuste
1466 1358 1488 1383 a
1513 1348 1760 1384 communione
1792 1353 1999 1393 segregatus
2024 1352 2078 1384 est
2109 1348 2228 1384 soluta
2260 1358 2402 1384 excom-

1313 1393 1556 1429 municatione
1587 1404 1609 1429 a
1640 1394 1774 1429 maiore
1806 1394 1994 1429 sacerdote
2030 1396 2190 1429 sanctam
2223 1398 2403 1429 mereatur

153 1435 173 1472 ὁ
199 1436 240 1473 δὲ
267 1435 399 1473 ἀδίκως
428 1453 511 1474 τινα
540 1451 603 1493 τηε
633 1443 736 1492 «gaytus
764 1444 957 1494 κοινωνίας
973 1443 1140 1495 ,χιῳρίσαι
1163 1438 1243 1474 vol.-
1258 1440 1300 1474 25
1315 1440 1616 1484 communionem;
1642 1440 1702 1484 qui
1722 1449 1803 1475 vero
1825 1439 1979 1484 aliquem
2003 1441 2132 1475 sancta
2152 1440 2403 1475 cummunione

151 1483 268 1529 μήσας
291 1486 382 1520 πᾶσι
406 1483 555 1530 τρόποις
578 1498 650 1519 υπο
684 1486 748 1519 τοῦ
775 1484 895 1531 ἱερέως
918 1499 967 1531 υφ
1003 1499 1048 1519 ον
1072 1488 1245 1520 τέτακται

151 1530 427 1575 χωρισθήσεται
458 1531 520 1574 τῆς
551 1534 743 1565 κοινωνίας
775 1527 838 1576 ἐφ’
860 1526 950 1565 ὅσον
966 1529 1098 1577 χρόνον
1114 1531 1245 1565 ἐκεῖνος

153 1574 310 1619 συνίδοι,
343 1575 404 1610 ἴνα
428 1571 519 1621 ὅπερ
552 1572 684 1610 ἀδίκως
708 1577 854 1619 ἐποίησε
883 1574 1029 1611 δικαίως
1052 1574 1240 1624 ὑπομείνῃ.

153 1624 175 1658 1
226 1617 323 1655 Ἀλλ’
350 1619 433 1655 οὐδὲ
457 1622 602 1656 οἰκείαις
625 1624 747 1667 χερσὶν
772 1622 915 1664 ἔξεστιν
941 1618 1133 1666 ἐπισκόπῳ
1158 1621 1243 1657 τινὰ

153 1665 344 1710 πλήττειν·
381 1669 490 1701 τοῦτο
512 1666 582 1713 γὰρ
606 1664 803 1712 ἀλλότριόν
835 1669 936 1702 ἐστιν
969 1667 1103 1713 ἱερέων.

1313 1495 1501 1530 segregare
1524 1485 1821 1530 praesumpserit,
1845 1485 1959 1520 modis
1980 1484 2145 1521 omnibus
2169 1495 2192 1520 a
2215 1485 2403 1521 sacerdote

1313 1530 1380 1566 sub
1418 1541 1487 1575 quo
1529 1531 1749 1567 constitutus
1793 1534 1847 1566 est
1889 1530 2117 1576 separabitur
2155 1531 2403 1566 communione

1314 1580 1449 1620 quanto
1473 1579 1632 1621 tempore
1655 1576 1715 1611 ille
1738 1576 1971 1621 perspexerit,
1994 1578 2034 1611 ut
2051 1576 2146 1621 quod
2168 1576 2300 1612 iniuste
2314 1575 2403 1611 fecit

1314 1624 1335 1658 1
1382 1622 1476 1657 iuste
1492 1621 1635 1658 sentiat.
1696 1622 1766 1657 Sed
1785 1632 1902 1667 neque
1925 1621 2080 1667 propriis
2106 1621 2271 1657 manibus
2295 1621 2403 1657 licere

1254 1668 1296 1702 30
1313 1667 1520 1713 episcopum
1551 1667 1706 1712 aliquem
1739 1670 1946 1713 percutere3
1982 1668 2052 1703 hoc
2076 1666 2169 1702 enim
2194 1670 2403 1703 extraneum

208 1748 235 1769 c.
260 1736 325 1770 XI
345 1748 383 1769 esc
406 1737 436 1770 S
458 1737 574 1779 repetit
596 1737 728 1771 Nomoc.
744 1738 776 1770 L
794 1738 840 1770 tit.
856 1738 897 1770 15
912 1741 949 1775 -1-
964 1739 1004 1771 17
1018 1750 1052 1780 p.
1069 1738 1144 1772 619.
1157 1738 1222 1771 625
1242 1735 1346 1771 Voell.
1396 1737 1453 1770 Pr.
1478 1737 1534 1777 (—
1550 1737 1606 1779 28)
1630 1738 1727 1770 lzabet
1746 1737 1953 1781 Epanaqoqe
1970 1738 2002 1779 9,
2016 1743 2044 1778 5,
2070 1749 2108 1770 ea·
2126 1737 2160 1769 Β
2173 1749 2226 1780 ρν.
2248 1739 2404 1780 repetitur

153 1780 334 1815 Nomoc.‘¹m
354 1781 456 1815 XIV
470 1784 515 1815 tit.
534 1783 565 1823 9,
580 1789 607 1823 9,
641 1781 662 1826 ξ
688 1783 708 1816 2
733 1784 774 1816 ib.
790 1783 879 1824 9,10‚
911 1782 932 1826 ξ
952 1784 968 1817 1
996 1783 1159 1817 Νοηιοε.’η
1179 1784 1220 1816 ib.
1239 1784 1270 1824 9,
1285 1789 1321 1817 26
1348 1789 1379 1816 et
1403 1783 1452 1815 B³
1474 1784 1510 1815 E
1532 1784 1585 1823 37,
1606 1790 1622 1817 5
1643 1795 1679 1827 p.
1706 1783 1772 1816 336
1798 1783 1902 1816 Zach.
1940 1801 1984 1807 —
2022 1783 2210 1816 Summaria
2235 1789 2347 1817 extant
2369 1784 2403 1817 in

153 1827 286 1860 Nomoc.
305 1827 461 1860 XIVtz't.
487 1828 566 1861 locis
589 1828 642 1861 cit.

153 1905 318 1942 omnibus
341 1904 425 1941 aliis
447 1905 486 1940 in
509 1905 763 1951 qualicumque
784 1906 958 1952 reliqioso
982 1905 1136 1952 colleqio
1161 1905 1219 1942 vet
1239 1905 1366 1943 habitu
1390 1906 1609 1949 constitutis,
1634 1916 1680 1941 ne
1698 1905 1823 1942 tabula
1847 1904 1978 1941 ludant
2000 1905 2056 1942 vel
2077 1916 2202 1942 eorum
2226 1907 2291 1953 qui
2314 1906 2403 1944 talia

154 1951 283 1987 ludunt
312 1950 405 1987 socii
432 1954 497 1986 aut
525 1954 751 1997 spectatores
777 1951 888 1997 fiant,
921 1951 979 1988 vel
1001 1951 1050 1987 ad
1072 1951 1185 1987 ullum
1215 1951 1462 1999 spectaculum
1491 1951 1685 1999 spectandi
1712 1951 1838 2003 qratia
1868 1951 2026 1987 veniant.
2074 1950 2116 1987 Si
2139 1951 2223 1998 quis
2244 1962 2330 1988 vero
2354 1963 2404 1989 ex

153 1997 199 2032 iis
222 1995 292 2031 hoc
323 1996 552 2037 commiserit,
585 1996 745 2032 iubemus
775 2007 855 2032 eum
886 2008 954 2042 per
979 2001 1052 2032 tres
1083 2007 1201 2033 annos
1230 1997 1274 2032 ab
1309 1998 1406 2033 omni
1434 1997 1608 2043 reliqioso
1639 1996 1839 2032 ministerio
1867 1996 2062 2044 prohiberi
2092 2000 2126 2033 et
2157 1997 2196 2032 in
2223 2002 2404 2034 monaste-

154 2042 248 2077 rium
270 2041 424 2076 immitti.
470 2039 609 2083 Quodsi
632 2041 749 2076 medio
775 2044 935 2087 tempore
957 2041 1106 2088 diqnam
1127 2046 1279 2088 peceato
1304 2053 1371 2077 suo
1384 2043 1651 2088 paenitentiam
1677 2041 1887 2084 ostenderit,
1913 2041 2022 2078 liceat
2040 2041 2226 2078 sacerdoti
2242 2043 2308 2079 sub
2329 2054 2402 2089 quo

154 2087 372 2122 constitutus
395 2088 450 2121 est
471 2089 507 2121 et
529 2086 688 2121 minuere
713 2089 852 2132 tempus
877 2091 912 2122 et
934 2097 1015 2121 cum
1038 2097 1168 2121 rursus
1190 2087 1390 2122 ministerio
1413 2098 1480 2122 suo
1504 2088 1714 2123 restituere:
1749 2097 1829 2122 cum
1851 2086 1970 2122 sciant
1993 2086 2214 2122 sanctissimi
2239 2088 2404 2135 episcopi

154 2132 219 2213 {ui
242 2131 333 2167 ltaec
356 2130 540 2166 vindicare
563 2130 702 2171 debent,
727 2130 759 2165 si
783 2130 872 2176 quid
895 2131 1071 2166 eiusmodi
1093 2132 1331 2176 coqnoverint
1354 2142 1471 2177 neque
1493 2131 1767 2173 vindicaverint,
1791 2141 1830 2167 se
1846 2131 2028 2167 rationem
2051 2131 2119 2167 deo
2135 2131 2205 2168 ltac
2228 2132 2273 2168 de
2291 2144 2403 2169 causa

224 2176 434 2212 reddituros
456 2186 541 2212 esse.

155 2222 342 2258 dimittere.

657 2174 789 2211 Nullus
813 2180 931 2212 autem
954 2176 1147 2222 episcopus
1170 2176 1303 2211 invitus
1326 2180 1481 2222 coqatur
1504 2176 1674 2212 clericum
1697 2175 1811 2211 ullum
1834 2175 1904 2211 sibi
1925 2176 2121 2212 subiectum
2145 2176 2190 2213 de
2214 2178 2311 2214 clero
2334 2189 2402 2214 suo

291 2267 354 2301 XI.
407 2265 579 2302 Omnibus
602 2269 721 2301 autem
746 2266 926 2312 episcopis
949 2269 985 2302 et
1001 2265 1229 2312 presbyteris
1253 2266 1511 2308 interdicimus,
1538 2277 1584 2302 ne
1599 2276 1816 2312 quemquam
1840 2276 1863 2300 a
1882 2276 1991 2301 sacra
2016 2265 2263 2302 communione
2282 2276 2400 2313 seqre-

154 2316 261 2360 qent,
293 2316 487 2358 antequam
518 2322 631 2346 causa
659 2310 837 2357 probetur
862 2315 1021 2358 propter
1044 2322 1153 2357 quam
1177 2311 1413 2347 ecclesiastici
1443 2321 1602 2347 canones
1633 2311 1701 2346 ltoc
1727 2311 1815 2356 fieri
1843 2310 1975 2347 iubent.
2024 2310 2162 2354 Quodsi
2185 2311 2268 2357 quis
2299 2322 2401 2358 quem

155 2358 330 2394 adversus
352 2368 396 2393 ea
420 2367 443 2392 a
466 2366 576 2392 sacra
600 2357 848 2392 communione
870 2356 1117 2402 separaverit,
1151 2356 1212 2392 ille
1235 2357 1299 2402 qui
1321 2356 1455 2392 iniuste
1478 2367 1501 2392 a
1525 2356 1776 2392 communione
1806 2362 2002 2402 separatus
2025 2359 2096 2399 est,
2128 2356 2273 2392 sublata
2295 2367 2402 2403 sepa-

155 2403 300 2438 ratione
324 2414 347 2438 a
370 2402 508 2438 maiore
529 2401 719 2437 sacerdote
750 2400 801 2436 ad
822 2412 964 2436 sacram
988 2402 1273 2437 communionem
1298 2401 1524 2445 admittatur,
1554 2402 1587 2437 is
1610 2411 1695 2438 vero
1727 2401 1790 2448 qui
1813 2402 1945 2437 iniuste
1976 2412 1999 2437 a
2022 2411 2131 2436 sacra
2155 2403 2403 2438 communione

156 2449 313 2494 aliquem
335 2458 514 2493 separare
536 2457 647 2482 ausus
670 2450 733 2488 est,
759 2446 924 2483 omnihus
943 2446 1058 2482 modis
1075 2458 1148 2493 per
1170 2446 1396 2482 sacerdotem
1419 2447 1484 2482 sub
1514 2457 1586 2493 quo
1613 2448 1834 2482 constitutus
1856 2450 1911 2483 est
1933 2457 1957 2481 a
1980 2446 2229 2482 communione
2251 2457 2403 2493 separa-

157 2496 179 2530 1
228 2494 334 2535 bitur,
359 2494 398 2527 in
422 2495 597 2539 quantum
624 2495 763 2544 tempus
785 2491 843 2527 illi
861 2491 1059 2538 placuerit,
1082 2496 1123 2527 ut
1145 2492 1245 2544 quod
1267 2492 1399 2527 iniuste
1420 2492 1512 2538 fecit
1534 2492 1627 2527 iuste
1677 2492 1824 2527 atiatur.

1907 2490 1982 2527 Sed
2004 2502 2049 2527 ne
2071 2491 2237 2527 manibus
2260 2491 2403 2538 quidem

155 2539 232 2574 suis
247 2538 403 2585 pulsare
427 2548 641 2583 quemquam
665 2547 836 2583 episcopo
862 2537 967 2578 licet;
1002 2536 1072 2573 stoc
1095 2548 1188 2572 enim
1213 2537 1369 2573 alienum
1393 2543 1448 2573 est
1470 2549 1494 2572 a
1517 2547 1621 2572 sacer
1648 2537 1775 2572 otibus.

216 2621 231 2652 1
258 2615 473 2660 οἱανδήποτε
499 2617 735 2651 ΜΒῙΝονηοο.
754 2619 784 2658 ς]
809 2612 1014 2659 οἱωδήποτε
1030 2617 1128 2651 LB⁶⁸
1151 2613 1246 2650 ὁσοι-

158 2661 294 2707 δήποτε
318 2664 346 2696 S
368 2663 380 2706 ΙΙ
407 2658 582 2706 εὖλαβοῦς
606 2662 634 2695 S
658 2662 670 2705 ΙΙ
696 2663 716 2695 2
737 2659 759 2703 ἢ
783 2661 960 2706 σχήματος
984 2675 1041 2695 om.
1056 2662 1088 2695 L
1114 2662 1127 2706 ΙΙ
1153 2661 1246 2695 καθ’·

158 2708 292 2742 εστῶσι
317 2708 385 2741 Sv.
401 2708 435 2750 L,
459 2708 510 2740 13⁶
526 2706 538 2752 ΙΙ
567 2707 646 2740 τῶν
668 2706 823 2740 τοιαῦτα
847 2707 979 2750 (ταῦτα
995 2707 1045 2740 Β*
1061 2720 1089 2740 υ.
1106 2709 1140 2749 ί.)
1162 2718 1246 2741 παι-

158 2753 304 2795 ζόντων
329 2753 357 2786 S
365 2753 442 2786 LB
473 2751 485 2796 ss
513 2754 533 2786 3
563 2751 740 2798 γενέσθαι
765 2752 851 2786 SB⁶
879 2752 891 2796 ΙΙ
920 2754 942 2787 4
971 2751 1248 2798 παραγενέσθαι

159 2799 241 2833 SBr
251 2801 262 2841 11
288 2800 308 2831 6
324 2794 397 2832 ἀπὸ
416 2809 472 2831 om.
488 2798 517 2831 S
534 2797 545 2836 ΙΙ
569 2794 742 2842 εὖλαβοῦς
756 2792 950 2843 ὑπουργίας
967 2798 995 2830 S
1011 2798 1023 2841 ΙΙ
1042 2799 1059 2830 7
1081 2798 1121 2830 ἐν
1135 2809 1246 2841 μονα-

157 2846 294 2889 στηρίῳ
312 2844 444 2878 Nomoc.
464 2842 477 2895 lJ
499 2844 518 2877 8
544 2839 651 2885 δείξει
672 2843 716 2883 L]
748 2839 860 2882 δείξοι
884 2843 960 2876 ΜΒ
985 2847 997 2886 ΙΙ
1027 2844 1047 2876 9
1071 2843 1123 2885 τῷ
1149 2841 1245 2888 ἱερεῖ]

158 2892 191 2922 et
208 2889 372 2922 sacerdoti
389 2900 408 2925 ς
425 2888 438 2932 ΙΙ
455 2884 523 2933 υφ’
545 2886 598 2922 ὠν
617 2889 648 2921 L
667 2887 679 2932 ΙΙ
698 2890 739 2923 10
755 2890 816 2920 καὶ
834 2896 907 2922 ante
924 2885 1100 2922 ἐλαττοῦν
1124 2899 1180 2921 om.
1194 2900 1213 2925 ς
1236 2887 1247 2933 ΙΙ

158 2932 273 2969 πάλαι
287 2934 339 2967 Bf
355 2933 367 2977 ΙΙ
394 2935 433 2968 12
459 2930 682 2975 διεκδικῆσαι
701 2933 755 2966 ΒΓ
772 2932 784 2975 ss
810 2930 870 2975 ὡς]
904 2929 952 2966 οὖς
975 2934 1035 2966 καὶ
1059 2933 1095 2966 Β
1122 2933 1133 2976 ΙΙ
1157 2932 1194 2966 εἴ
1210 2946 1247 2967 τι

158 2999 202 3003 -
227 2975 476 3020 ἐκδικήσουσιν
501 2989 556 3011 om.
580 2977 632 3010 ΒΓ
652 2977 665 3022 ΙΙ
693 2979 733 3011 15
758 2976 895 3011 ἄκοντα
921 2989 977 3011 om.
995 2978 1024 3011 S
1048 2976 1060 3021 ΙΙ
1086 2979 1127 3012 18
1147 2978 1247 3011 Πᾶσι

159 3021 199 3057 δὲ
223 3036 281 3056 om.
296 3024 419 3065 Epan„
434 3023 611 3056 Nomoc.L
626 3024 672 3056 tit.
691 3023 703 3066 ΙΙ
727 3024 800 3062 καὶ]
825 3020 847 3065 ἢ
870 3025 931 3055 καὶ
960 3024 990 3055 Β
1014 3023 1027 3066 ΙΙ
1057 3024 1097 3057 19
1121 3019 1144 3056 οἷ
1174 3026 1246 3068 ορί-

159 3070 235 3111 ζειν
259 3069 343 3108 ML]
367 3066 417 3110 μὴ
442 3062 629 3111 ἀφορίζειν
652 3068 688 3100 Β
722 3067 771 3111 μὴ
796 3067 857 3112 (μὴ
882 3068 985 3101 om.S
1001 3080 1093 3110 unus,
1148 3082 1245 3102 omoc.

160 3116 188 3146 L
209 3115 268 3156 tit.)
298 3114 466 3157 χωρίζειν
499 3114 526 3144 S
546 3113 656 3155 Epan.
687 3111 700 3156 ΙΙ
726 3111 825 3145 τινὰς
856 3113 967 3156 Epan.
996 3113 1009 3156 ss
1039 3110 1060 3154 ἦ
1087 3111 1246 3147 M⁶L⁶B

159 3160 282 3201 Epun„
307 3158 441 3192 Nomos.
456 3158 486 3190 L
502 3159 561 3198 tit.]
586 3152 609 3199 ἢ
636 3157 953 3191 ΜαῙιῦδΝοηιοεΜ
978 3157 990 3201 ΙΙ
1018 3159 1061 3191 20
1086 3155 1246 3201 δειχθείη

158 3205 270 3246 Epan.
295 3203 308 3246 ss
334 3204 375 3237 21
401 3201 574 3246 γίνεσθαι
598 3202 731 3235 Nomoc.
755 3203 786 3235 L
809 3204 856 3236 tit.
887 3202 900 3245 ΙΙ
928 3204 970 3236 22
994 3201 1079 3236 τινὰ
1101 3207 1247 3248 χωρίσει

160 3249 187 3282 S
204 3261 297 3288 unus,
314 3247 479 3288 Nomoc.‘¹]
503 3245 588 3280 τινὰ
611 3249 760 3291 χωρίσοι
785 3248 830 3280 M
833 3248 947 3280 LSB
960 3249 1071 3292 Epan.
1101 3252 1246 3293 χωρίσει

158 3291 243 3326 τινὰ
256 3293 389 3326 Nomoc.
403 3292 435 3325 L
450 3294 506 3331 tit,
522 3292 683 3325 Nomoc.m
705 3291 718 3336 ΙΙ
744 3287 795 3334 ὃς]
820 3288 868 3325 ais
882 3292 1071 3326 SNomoe.d
1087 3293 1099 3337 ΙΙ
1118 3294 1159 3327 23
1177 3306 1244 3335 χω-

159 3337 301 3382 ρισθεὶς
325 3338 353 3370 S
375 3336 387 3381 ΙΙ
417 3334 587 3380 λυόμενος
610 3337 721 3380 Epan.
749 3338 760 3380 ΙΙ
787 3337 852 3370 τοῦ
877 3333 1010 3380 δεσμοῦ
1034 3338 1213 3373 Nomoc.‘¹²'¹
1236 3341 1246 3374 11

160 3385 204 3417 24
226 3382 292 3416 τοῦ
317 3393 374 3416 om.
387 3382 416 3416 S
430 3381 442 3420 ΙΙ
462 3378 660 3421 ἀξιουσθαι
677 3382 747 3424 (sic)
760 3382 792 3415 L
810 3382 822 3425 ΙΙ
840 3383 881 3415 25
907 3377 927 3414 ὁ
949 3379 989 3415 δὲ
1007 3378 1141 3417 ἀδίκως
1160 3382 1245 3419 τινὰ

158 3428 222 3506 {a
246 3422 348 3506 νεῖν
371 3429 527 3505 ests
547 3429 740 3504 ςνενέὲν
762 3423 1100 3507 exstitiit.
1114 3430 1247 3507 Em

160 3486 294 3552 ἀδίὶιιὶιῖφς
318 3485 406 3554 cmxc
423 3517 428 3561 Ι
455 3518 497 3551 26
517 3512 582 3562 ὑφ’
603 3508 635 3558 ᾧ
660 3484 759 3550 Sv-ic.
777 3484 851 3561 „928
877 3485 1066 3560 ὑπομέίζκίοι
1086 3519 1136 3551 B⁶
1153 3488 1246 3554 ξῖῗτνδῖ

159 3566 274 3606 μείνει
286 3564 338 3596 ΒΓ
355 3565 476 3596 sentiat
496 3573 516 3598 ς
533 3562 544 3605 ΙΙ
563 3563 604 3595 29
626 3561 768 3602 ἐξέσται
787 3563 816 3596 S
828 3575 855 3595 v.
870 3566 900 3603 1.,
924 3562 1057 3602 ἐξέστω
1071 3564 1246 3599 Nomoc.L

162 3609 208 3641 tic.
232 3607 332 3641 licere
357 3607 404 3652 ςΙΙ
424 3608 625 3641 ἐπίσκοπον
651 3607 688 3649 S,
703 3607 745 3643 ςῗ
762 3607 774 3651 ΙΙ
799 3608 842 3641 30
868 3605 986 3652 ἱερέως
1011 3609 1067 3646 ,ὃς

209 3743 225 3776 1
248 3741 407 3775 chomatis
422 3743 456 3776 R
466 3743 500 3777 V
511 3742 524 3788 ΙΙ
541 3744 560 3777 2
575 3742 656 3777 talia
671 3742 867 3776 ludentibus
879 3743 984 3785 Beck]
1002 3743 1079 3777 aliis
1099 3743 1247 3777 ludenti-

1317 2617 1379 2650 bus
1392 2616 1600 2658 (ludentibus
1616 2616 1692 2650 aliis
1709 2617 1754 2660 V)
1768 2618 1855 2660 libri,
1867 2618 1953 2661 vulq.
1971 2616 1984 2661 ΙΙ
2003 2618 2024 2652 3
2036 2616 2109 2650 fieri
2126 2618 2186 2650 aut
2200 2617 2403 2660 inspectores

1320 2663 1352 2695 T
1364 2662 1376 2706 ss
1393 2662 1446 2704 ad]
1471 2673 1490 2695 a
1513 2663 1567 2706 Vn
1592 2664 1613 2696 4
1637 2662 1904 2705 spectaculorum
1927 2663 2014 2704 libri,
2031 2675 2114 2696 corr.
2131 2663 2227 2696 Beck
2244 2661 2258 2707 ss
2279 2664 2299 2696 5
2322 2663 2401 2697 reli-

1316 2708 1428 2749 querit
1441 2709 1473 2740 R
1490 2708 1503 2751 ΙΙ
1521 2709 1541 2741 6
1553 2707 1739 2741 uenerandi
1755 2707 1802 2741 R¹
1813 2708 1864 2741 Τ2
1878 2708 1890 2751 ΙΙ
1909 2707 2060 2740 misterio
2073 2707 2216 2741 R¹VT²
2239 2711 2402 2742 monaste-

1315 2753 1366 2785 rio
1382 2753 1415 2786 T
1421 2752 1489 2786 ¹13³
1506 2753 1518 2796 ΙΙ
1537 2755 1554 2786 7
1574 2752 1755 2786 ostenderit
1778 2754 1909 2797 Ινύιιίφ]
1926 2753 2079 2786 ostendat
2093 2753 2125 2786 T
2137 2753 2334 2787 ostendatur
2350 2754 2404 2797 Ru

1315 2799 1379 2839 sui]
1400 2798 1429 2830 si
1447 2798 1498 2831 R²
1513 2798 1525 2842 ss
1545 2799 1565 2832 8
1583 2798 1835 2842 paenitentiam]
1852 2798 2037 2841 penitentie
2052 2790 2072 2831 ³⁵
2088 2799 2160 2840 (sic)
2182 2798 2234 2831 V¹
2249 2798 2261 2842 ΙΙ
2280 2800 2313 2831 et
2329 2806 2403 2833 ante

1315 2842 1466 2876 minuere
1481 2845 1502 2878 9
1515 2845 1698 2886 transponit
1710 2844 1805 2877 Beck
1823 2843 1835 2886 ΙΙ
1851 2843 2031 2877 sacerdotii
2044 2843 2096 2877 T²
2111 2843 2124 2887 ΙΙ
2143 2844 2163 2877 9
2176 2843 2311 2877 reddere
2325 2855 2402 2888 pro-

1314 2888 1387 2931 prio
1403 2888 1435 2920 T
1442 2886 1454 2933 Η
1473 2890 1512 2922 10
1527 2888 1674 2922 misterio
1688 2889 1720 2921 R
1731 2887 1785 2932 VH
1801 2890 1945 2930 quoque]
1963 2899 2049 2930 quo·
2067 2888 2116 2922 T¹
2138 2898 2202 2930 que
2219 2888 2273 2933 VH
2295 2891 2333 2924 11
2349 2890 2402 2923 iu-

1315 2933 1426 2965 dicare
1444 2934 1476 2966 T
1490 2934 1502 2977 ΙΙ
1518 2935 1598 2975 quia
1613 2934 1653 2975 si]
1680 2933 1783 2975 qudi
1798 2934 1848 2967 R¹
1864 2934 1876 2977 ΙΙ
1895 2933 1997 2966 talem
2016 2935 2069 2967 T⁰
2086 2933 2099 2977 ΙΙ
2117 2935 2159 2967 12
2176 2933 2403 2967 iudicauerint

1315 2979 1347 3011 R
1359 2978 1440 3010 VT²
1461 2977 1473 3021 ΙΙ
1501 2981 1540 3012 13
1557 2978 1764 3022 persolueret
1779 2979 1813 3012 R
1831 2978 1843 3022 ΙΙ
1872 2981 1910 3012 15
1925 2981 2013 3012 ναὸν.
2035 2979 2082 3011 Ut
2097 2978 2214 3011 nullus
2231 2979 2404 3023 episcopus

1315 3024 1454 3065 cogatur
1469 3023 1655 3056 subiectum
1671 3023 1737 3056 sibi
1749 3023 1907 3056 clericum
1919 3023 1960 3056 de
1971 3034 2031 3056 suo
2044 3023 2133 3056 clero
2146 3023 2313 3057 dimittere
2326 3025 2360 3058 T
2368 3026 2402 3058 in

1315 3081 1417 3111 marq.
1432 3068 1484 3108 (etc
1496 3069 1575 3110 Iul.)
1593 3069 1605 3112 ΙΙ
1623 3068 1738 3114 nullus
1754 3071 1864 3101 autem
1882 3067 2055 3111 episcopus
2071 3069 2104 3100 R
2121 3068 2132 3111 ΙΙ
2150 3068 2313 3101 inuitium
2325 3068 2376 3102 R¹
2390 3069 2402 3113 ss

1315 3112 1498 3155 quamlibet
1512 3114 1544 3146 R
1560 3113 1573 3157 ΙΙ
1595 3115 1635 3148 16
1649 3114 1831 3146 constitum
1848 3114 1880 3146 Τ
1886 3113 1895 3132 ¹
1914 3113 1927 3156 ΙΙ
1945 3113 2032 3146 clero
2047 3113 2215 3145 dimittere
2232 3114 2295 3154 V²]
2312 3113 2402 3147 clero

1315 3158 1483 3191 dimittere
1507 3160 1540 3190 et
1563 3158 1624 3190 alii
1647 3158 1737 3199 (aliis
1759 3157 1823 3200 1⁷³)
1847 3158 1926 3190 dare
1948 3157 1998 3190 R²
2008 3157 2059 3191 V³
2093 3157 2215 3190 clerico
2239 3158 2300 3191 alii
2323 3159 2402 3192 dare

1314 3203 1484 3236 dimittere
1507 3203 1556 3235 R¹
1603 3203 1771 3236 dimittere
1794 3203 1883 3236 clero
1907 3202 1968 3235 alii
1993 3203 2039 3244 (et
2062 3201 2121 3235 alii
2149 3202 2212 3245 ΤΞ)
2235 3203 2314 3236 dare
2339 3204 2373 3237 T
2390 3203 2403 3248 Η

1318 3250 1358 3283 18
1373 3250 1461 3281 rubr.
1485 3248 1536 3280 De
1551 3248 1603 3280 his
1620 3248 1679 3289 qui
1694 3248 1767 3281 sine
1784 3258 1883 3280 causa
1900 3247 2188 3283 excommunicant
2210 3248 2285 3282 Tin
2298 3261 2401 3294 marq-

1316 3295 1367 3336 (εκ
1389 3293 1467 3334 Iul.)
1498 3292 1511 3337 ΙΙ
1541 3294 1582 3326 19
1605 3295 1776 3335 segregate
1799 3293 1849 3326 Β*
1876 3295 1887 3334 ΙΙ
1917 3292 2066 3334 aliquam
2088 3292 2177 3325 RT¹
2212 3293 2360 3335 aliquem
2382 3305 2404 3327 a

1315 3339 1401 3382 vulq.
1431 3337 1443 3381 ΙΙ
1472 3339 1621 3371 sanctam
1645 3338 1912 3371 communionem
1936 3337 2022 3371 RT²
2052 3337 2064 3380 ΙΙ
2094 3339 2135 3371 20
2162 3339 2269 3380 causa]
2303 3349 2402 3372 causa

1315 3383 1428 3425 aliqua
1444 3383 1495 3416 T2
1512 3383 1524 3426 ΙΙ
1541 3383 1675 3426 proprie
1691 3383 1740 3416 R²
1759 3382 1772 3427 ΙΙ
1787 3393 1877 3416 sacre
1889 3383 1924 3416 R
1942 3383 1954 3426 ΙΙ
1971 3384 2013 3417 22
2030 3393 2231 3424 quamquam
2242 3383 2368 3418 RVT¹
2390 3383 2403 3430 ΙΙ

1315 3430 1374 3471 qui
1395 3427 1444 3462 V2
1454 3427 1518 3469 ΤΞ]
1538 3428 1626 3470 quod
1640 3428 1672 3461 R
1697 3438 1796 3470 quam
1812 3429 1846 3462 T
1852 3427 1874 3470 ¹,
1888 3441 1948 3461 om.
1966 3427 2013 3460 V¹
2031 3427 2043 3471 ss
2063 3429 2104 3461 23
2121 3438 2140 3459 a
2156 3428 2400 3471 communione]

1315 3474 1444 3506 actione
1468 3473 1518 3513 R,
1554 3483 1575 3506 a
1598 3486 1656 3506 om.
1675 3474 1707 3506 T
1714 3473 1724 3493 ¹
1749 3473 1761 3517 ΙΙ
1786 3475 1836 3506 est
1860 3485 1918 3506 om.
1935 3473 1968 3506 T
1977 3473 1985 3492 ¹
2010 3473 2022 3514 n
2052 3472 2173 3513 soluto]
2206 3473 2337 3507 solutus
2360 3475 2402 3508 ab

1320 3518 1369 3552 Τ2
1384 3519 1397 3562 ss
1416 3519 1460 3552 24
1479 3520 1594 3551 sancta
1617 3519 1646 3551 V
1659 3518 1671 3562 ΙΙ
1690 3519 1731 3552 25
1753 3518 1899 3560 aliquam
1915 3517 2014 3562 RVn
2032 3520 2180 3550 sanctam
2197 3519 2402 3553 communio-

1316 3574 1390 3596 nem
1415 3564 1448 3596 R
1465 3563 1477 3606 ΙΙ
1496 3564 1538 3597 26
1563 3563 1717 3596 omnibus
1739 3564 1846 3596 modis
1874 3563 1929 3607 ΤΙΙ
1954 3564 1995 3596 27
2020 3564 2183 3596 constitus
2205 3564 2239 3597 R
2256 3563 2268 3608 ΙΙ
2287 3566 2329 3599 28
2353 3565 2402 3598 fe-

1316 3608 1399 3642 cerit
1421 3609 1479 3653 Vn
1504 3609 1546 3643 29
1570 3608 1657 3642 iuste
1680 3622 1740 3643 om.
1766 3610 1828 3643 VT
1837 3609 1847 3629 ¹
1871 3608 1883 3652 ΙΙ
1908 3608 2070 3641 sustineat
2093 3609 2179 3652 vulq.
2203 3608 2216 3652 ΙΙ
2239 3612 2328 3643 rubr.
2351 3610 2403 3643 De

1317 3654 1478 3696 episcopis
1501 3664 1603 3687 manu
1623 3664 1683 3687 sua
1698 3653 1893 3687 cedentibus
1912 3654 1986 3688 Tin
2000 3666 2103 3697 marq.
2118 3654 2169 3694 (ecc
2179 3654 2257 3697 Iul.)
2276 3654 2289 3699 ΙΙ
2303 3654 2404 3688 liceat

1315 3700 1420 3743 vulq.;
1448 3700 1508 3744 leq.
1521 3699 1623 3731 licet?
1640 3699 1651 3742 ΙΙ
1671 3702 1713 3735 30
1727 3699 1875 3742 aliquam
1896 3699 1954 3743 Vll
1970 3700 2176 3740 extraneum]
2198 3700 2403 3734 contrarium

1325 3746 1363 3786 V,
1388 3746 1436 3777 est
1455 3746 1531 3778 add.
1555 3743 1646 3778 V2T

2073 3789 2139 3822 76*
