2618 4010
267 100 375 145 Nov.
404 100 525 144 XVII
554 102 593 143 7.
624 102 648 144 8
678 119 682 122 ·
1261 168 1265 174 .
1333 97 1422 146 122
1892 114 1952 145 nn
1980 114 2213 147 MANDA'ris
2244 114 2490 171 ancirmr

267 225 306 246 τε
327 215 400 246 τοῖς
424 211 528 257 ἱεροῖς
550 214 610 245 καὶ
642 207 708 259 ὅλῃ
733 212 776 255 τῆ
800 210 965 256 πολιτεία
996 214 1190 258 συμφέρων
1215 224 1256 246 τε
1283 214 1344 246 καὶ
1366 252 1368 255 p
1413 215 1472 247 tae
1495 204 1712 256 reipublicae
1735 211 1833 251 utilis
1857 215 1894 249 et
1916 214 2120 250 necessaria
2140 218 2205 250 est.
2253 213 2489 250 Auxiliabun-
2556 208 2559 211 ⁴

267 254 335 291 ἀνα
359 254 545 291 καιότατός
568 258 679 291 ἐστιν.
723 248 965 302 Ἐπαμυνοῦσι
989 255 1032 292 δέ
1050 268 1107 291 σοι
1128 256 1215 304 πρὸς
1238 258 1345 296 τοῦτο
1364 294 1366 297 r
1412 258 1473 292 tur
1486 259 1605 292 autem
1617 255 1684 292 tibi
1703 255 1750 292 ad
1767 252 1836 293 hoc
1857 258 1963 296 etiam
1984 259 2048 296 deo
2069 259 2238 295 amabiles
2259 258 2490 294 ecclesiarum

267 301 303 335 οἱ
323 270 599 348 ἔεοφιλέστατοι
617 301 695 335 τῶν
712 300 910 345 ἐκκλησιῶν
926 300 1060 337 ἔκδικοι
1077 304 1135 335 καὶ
1153 298 1344 346 οἰκονόμοι,
1413 300 1620 337 defensores
1644 303 1680 336 et
1703 302 1903 346 oeconomi,
1933 304 2071 340 nullum
2102 304 2229 340 horum
2261 302 2323 349 qui
2352 303 2490 339 fiscalia

267 344 396 381 οὐδένα
419 347 498 380 τῶν
520 345 601 380 τοὺς
621 344 807 391 δημοσίους
831 345 959 395 φόρους
981 346 1073 382 κατὰ
1095 343 1220 392 χώραν
1239 343 1344 382 ἀπαι-
1413 346 1549 381 tributa
1563 345 1751 390 exiguntur
1762 345 1979 392 abripientes
1994 349 2181 393 exactioni,
2196 349 2258 385 sed
2277 358 2390 394 neque
2406 358 2487 394 per-

266 394 453 436 τουμένων
465 388 721 437 ἀφαιρούμενοι
740 393 802 437 τῆς
821 390 1042 440 εἰςπράξεως,
1059 389 1139 425 ἀλλ’
1161 387 1245 426 οὐδὲ
1265 403 1344 439 συγ·
1381 396 1400 427 5
1414 391 1594 426 mittentes
1619 390 1814 426 violentum
1837 396 1900 427 aut
1923 394 2129 430 seditiosum
2153 394 2287 438 aliquid
2310 394 2386 439 pati
2409 403 2489 429 exe—

266 437 464 482 χωροῦντες
487 439 610 481 βίαιον
627 435 651 480 ἢ
669 436 866 472 στασιῶδες
889 452 925 472 τι
949 438 1087 472 παθεῖν
1103 434 1183 471 τοὺς
1202 435 1269 471 τὸν
1291 438 1345 470 ἐκ-
1417 436 1595 471 cntionem
1619 435 1831 480 inferentes,
1861 437 2013 475 scientes
2037 440 2131 484 quia,
2156 443 2186 475 si
2209 439 2294 484 quid
2317 438 2389 474 tale
2411 448 2488 484 ges-

267 479 452 526 βιβασμὸν
476 480 691 529 ἐπάγοντας,
721 482 958 530 γινώσκοντες
989 480 1054 523 ὠς,
1087 481 1123 515 εἴ
1149 494 1186 515 τι
1209 482 1349 516 τοιοῦτο
1420 481 1542 524 serint,
1567 480 1612 516 de
1635 491 1700 517 suo
1725 479 1934 519 satisfacere
1952 482 2040 520 fisco
2065 487 2245 530 cogentur.

268 526 454 573 πράξαιεν,
473 526 622 562 οἴκοθεν
639 526 682 562 τὸ
701 527 827 563 ἱκανὸν
847 529 992 571 ποιῆσαι
1010 527 1063 570 τῷ
1088 524 1249 570 δημοσίῳ
1267 539 1348 561 κατ-

269 570 624 619 αναγκασθήσονται.
1241 616 1397 652 CAPUT
1421 615 1508 653 VIII

311 677 392 730 (11)
434 683 659 733 Ἀναγκάσεις
678 683 718 720 δὲ
733 684 813 720 τοὺς
830 683 1015 728 δημοσίους
1034 681 1235 731 πράκτορας
1255 681 1346 727 [ἦτοι
1362 688 1402 720 10
1461 684 1573 728 Coges
1604 687 1724 720 autem
1781 685 1919 721 ublicos
1950 688 2157 723 executores
2187 687 2226 723 in
2255 687 2330 723 suis
2365 686 2488 722 desus-

267 732 350 765 τοῦς
371 728 583 775 ἀπαιτητάς]
609 733 648 765 ἐν
671 734 748 765 ταῖς
773 730 912 764 ἑαυτῶν
935 726 1084 772 ἀποχαῖς
1107 727 1245 776 φανερὰ
1268 742 1345 764 ποι·
1417 729 1527 774 ceptis
1546 729 1735 766 manifesta
1772 740 1876 765 acere
1895 731 2024 773 omnia,
2040 732 2077 766 in
2098 732 2225 777 quibus
2244 742 2288 768 ea
2306 731 2488 774 dederunt,

268 778 322 810 εῖν
355 771 502 811 ἅπαντα
531 774 593 822 ἐφ’
628 775 677 810 οἷς
710 774 815 810 αὐτὰς
846 771 1006 815 διδόασι,
1038 777 1203 809 τουτέστι
1234 771 1277 809 τό
1306 787 1347 809 τε
1415 775 1733 820 zygocephalorum
1765 778 1829 810 aut
1851 776 2014 820 iugorum
2038 780 2102 812 aut
2127 777 2292 813 iuliarum
2316 779 2379 813 aut
2403 788 2488 821 quo-

268 819 384 856 ποσὸν
407 822 485 856 τῶν
510 819 759 868 ζυγοκεφάλων
782 817 804 863 ἢ
829 819 960 867 ἰούγων
984 817 1006 863 ἢ
1030 818 1176 853 ἰουλίων
1194 815 1216 863 ἢ
1233 816 1345 855 ὅπως·
1414 820 1501 855 libet
1525 820 1630 856 modo
1680 830 1717 855 er
1739 820 1901 865 regiones
1925 825 2187 866 nuncupantur,
2217 826 2253 858 et
2274 833 2340 867 pro
2361 822 2489 866 quibus

269 864 403 921 δήποτε
426 863 471 900 ἂν
496 865 586 901 αὐτὰ
610 865 702 900 κατὰ
725 864 847 910 χώραν
864 864 1015 906 καλοῖεν,
1040 868 1099 899 καὶ
1118 862 1208 909 ὑπὲρ
1232 869 1347 899 τίνων
1416 865 1505 901 haec
1529 867 1565 901 et
1588 875 1658 911 qua
1675 865 1753 901 ’bus
1776 866 1931 911 praediis
1957 866 2112 911 exigunt,
2136 870 2172 902 et
2191 866 2354 903 datorum
2377 877 2489 912 quan-

269 910 360 946 αυτοὶ
384 914 444 945 καὶ
467 915 585 946 ποίων
608 914 753 957 χωρίων
772 910 979 951 ἀπαιτοῦσι,
1003 912 1063 943 καὶ
1086 908 1128 944 τὸ
1150 912 1228 944 τῶν
1249 908 1345 945 δεδο-
1363 914 1401 947 15
1415 911 1553 946 titatem
1578 912 1651 946 sive
1674 910 1711 946 in
1735 912 1922 956 speciebus
1953 912 2025 947 sive
2057 911 2095 947 in
2123 922 2229 956 auro,
2259 912 2490 948 interminans

267 959 390 1001 μένων
414 956 530 992 ποσὸν
554 957 624 990 εἴτε
649 958 689 990 ἐν
712 953 843 989 εἴδεσιν
863 956 934 990 εἴτε
957 956 997 989 έν
1015 959 1161 1002 χρυσίῳ,
1186 952 1347 991 ἀπειλῶν
1415 956 1465 992 eis
1490 960 1526 991 et
1548 956 1714 991 damnum
1739 966 1904 1010 magnum
1930 959 1966 992 et
1992 967 2119 993 manus
2143 957 2436 1003 amputationem,
2460 957 2490 991 si

269 999 388 1036 αὐτοῖς
418 1004 477 1035 καὶ
510 1003 640 1057 ζημίαν
668 998 825 1048 μεγάλην
850 1003 909 1034 καὶ
940 1013 993 1043 χει
1017 1000 1053 1035 ὸς
1083 998 1283 1048 ἀφαίρεσιν,
1316 1001 1347 1035 εἰ
1414 1002 1501 1044 hoc,
1537 1001 1631 1046 quod
1654 1001 1776 1046 praeci
1801 1005 1873 1036 itur
1902 1001 2043 1047 quidem
2067 1012 2223 1047 semper,
2252 1012 2365 1047 usque
2396 1012 2490 1036 nunc

268 1046 311 1081 τὸ
334 1045 669 1094 παραγγελλομενον
691 1048 758 1090 μὲν
777 1046 842 1088 ἀεί,
865 1049 967 1093 μέχρι
991 1013 1031 1080 δὲ
1054 1047 1121 1080 νῦν
1143 1047 1192 1091 μὴ
1217 1045 1345 1093 φυλαχ-
1416 1051 1535 1082 autem
1566 1057 1637 1082 non
1669 1051 1770 1082 custo
1797 1047 1883 1082 ’tum
1915 1050 1987 1090 est,
2023 1058 2096 1083 non
2131 1048 2297 1092 deinceps
2328 1048 2490 1082 omnibus

268 1092 350 1133 θεν,
384 1091 431 1135 μὴ
466 1092 529 1126 τοῦ
567 1090 691 1126 λοιποῦ
724 1091 812 1138 γοῦν
847 1092 935 1126 πᾶσι
965 1089 1160 1137 φυλάξαιεν
1189 1089 1345 1137 τρόποις.
1416 1095 1557 1128 servent
1587 1092 1713 1127 modis.
1768 1092 1805 1127 Si
1836 1103 1935 1135 vero,
1966 1095 2007 1127 ut
2036 1093 2189 1137 adsolet,
2222 1091 2491 1128 declinationem

269 1138 314 1170 Εἰ
338 1135 378 1170 δὲ
401 1137 448 1171 ὠς
467 1135 557 1171 εἰκὸς
580 1135 770 1183 ἀποφυγὴν
793 1135 967 1183 ἐξεύροιέν
987 1150 1087 1178 τινα,
1116 1136 1277 1183 λέγοντες
1299 1136 1347 1181 μὴ
1360 1139 1402 1171 20
1415 1138 1597 1173 inveniant
1619 1137 1791 1182 aliquam,
1817 1138 1973 1173 dicentes
1998 1149 2069 1174 non
2093 1149 2199 1183 posse
2223 1138 2384 1183 iugorum
2406 1137 2491 1183 poni

269 1180 454 1216 δύνασθαι
477 1181 544 1224 τὴν
561 1183 639 1216 τῶν
663 1180 797 1229 ἰούγων
816 1182 1004 1217 ἐντιθέναι
1028 1179 1225 1225 ποσότητα,
1246 1179 1347 1236 μάλι-
1417 1183 1659 1229 quantitatem,
1684 1183 1835 1218 maxime
1856 1183 1997 1228 quidem
2021 1194 2081 1219 eos
2104 1183 2289 1228 malignari
2311 1185 2489 1228 putamus,

268 1239 335 1261 στα
359 1229 426 1271 μὲν
449 1230 656 1274 κακουργεῖν
677 1225 804 1261 αὐτοὺς
821 1229 1030 1272 νομίζομεν·
1055 1226 1149 1271 πλὴν
1172 1224 1259 1262 ἄλλα
1283 1241 1345 1272 μη·
1416 1229 1479 1263 sed
1501 1231 1620 1264 tamen
1644 1228 1731 1263 nihil
1754 1228 1838 1263 hinc
1862 1229 2024 1263 laedatur
2048 1229 2156 1264 fiscus
2191 1239 2257 1264 nec
2291 1228 2489 1263 collatores.

269 1271 330 1306 δὲν
353 1273 527 1307 ἐντεῦθεν
550 1272 777 1316 βλαπτέσθω
801 1270 891 1317 μήτε
921 1271 964 1307 τὸ
990 1270 1161 1316 δημόσιον
1192 1275 1281 1317 μήτε
1312 1272 1348 1306 οἱ
1415 1273 1544 1309 Fiscus
1575 1274 1702 1309 etenim
1727 1274 1802 1309 sine
1826 1274 2042 1319 praeiudicio
2067 1274 2185 1309 omnia
2215 1284 2281 1309 sua
2303 1272 2403 1318 perci
2428 1272 2490 1324 iat,

268 1317 453 1352 συντελεῖς.
500 1316 542 1352 τὸ
564 1319 631 1362 μὲν
654 1317 721 1365 γὰρ
748 1315 921 1362 δημόσιον
951 1315 1175 1365 ἀπροκρίτως
1198 1314 1347 1352 ἅπαντα
1415 1321 1451 1354 et
1475 1319 1690 1354 sollemniter
1710 1319 1888 1354 celebrata
1906 1323 2074 1364 suscepta
2090 1319 2301 1372 percipiant,
2326 1318 2386 1363 qui
2428 1328 2491 1352 aec

267 1363 312 1396 τὰ
336 1364 447 1397 οἰκεῖα
470 1362 628 1407 λαβέτω,
660 1366 720 1396 καὶ
751 1363 813 1397 τὰς
839 1363 878 1403 ἐξ
901 1363 1009 1397 ἔθους
1038 1366 1228 1410 γινομένας
1257 1361 1345 1397 ἀπο·
1360 1365 1402 1398 25
1414 1364 1647 1407 exsolverint,
1684 1364 1773 1399 nihil
1809 1364 1971 1407 exigendi
1995 1365 2165 1409 amphus,
2203 1374 2312 1399 causa
2347 1373 2429 1398 vero
2454 1363 2489 1397 in

267 1406 392 1449 δείξεις
415 1407 703 1453 λαμβανέτωσαν
732 1408 768 1442 οἱ
789 1410 905 1442 ταῦτα
928 1408 1204 1450 κατατιθέντες,
1233 1406 1346 1453 μηδὲν
1414 1409 1512 1445 nullo
1536 1409 1710 1444 laedatur.
1749 1409 1799 1444 Et
1822 1409 2016 1444 secundum
2041 1409 2329 1445 consuetudinem
2350 1408 2489 1453 quidem

266 1450 524 1498 ἀπαιτούμενοι
547 1452 687 1488 πλεῖον·
720 1454 869 1500 πρᾶγμα
901 1451 940 1487 δὲ
967 1451 1055 1498 μηδ’
1082 1451 1205 1488 ὁτιοῦν
1238 1467 1344 1487 κατα·
1414 1454 1550 1490 tributa
1579 1455 1762 1490 solvantur
1785 1454 1830 1489 ab
1857 1455 1907 1489 eis
1930 1456 1968 1489 et
1989 1454 2189 1490 inferantur
2211 1454 2318 1494 fisco,
2352 1453 2487 1488 nuntie-

266 1497 505 1543 βλαπτέσθω.
553 1502 612 1532 καὶ
643 1495 664 1541 ἦ
685 1500 753 1543 μὲν
783 1499 875 1533 κατὰ
904 1499 946 1533 τὸ
978 1498 1137 1541 σύνηθες
1159 1497 1345 1533 συντέλεια
1412 1502 1472 1534 tur
1505 1504 1623 1535 autem
1654 1499 1700 1534 ad
1731 1499 2005 1543 gloriosissimos
2040 1503 2182 1535 nostros
2213 1499 2415 1544 praefectos
2447 1498 2490 1532 de

266 1542 558 1588 καταβαλλε’σθ·ω
590 1541 678 1590 παρ’
707 1541 831 1578 αὐτῶν
862 1547 922 1577 καὶ
952 1545 1000 1578 εἰς
1030 1544 1173 1590 ερέσθω
1203 1545 1257 1588 τῷ
1286 1541 1343 1586 δη·
1412 1545 1507 1588 istis,
1538 1545 1702 1589 primitus
1728 1545 1893 1589 cogendis
1927 1545 2152 1580 censualibus
2176 1546 2399 1588 nuncupatas
2430 1553 2489 1578 ex-

266 1593 404 1633 μοσίῳ·
444 1589 641 1632 μηνυέσθω
678 1586 718 1623 δὲ
753 1590 801 1623 εἰς
833 1589 914 1623 τοὺς
956 1591 995 1622 ἐν
1020 1587 1208 1630 οξοτάτους
1241 1586 1345 1633 ἡμῶν
1358 1592 1400 1624 30
1412 1590 1607 1635 positiones
1633 1590 1810 1626 subtiliter
1834 1589 1935 1632 dare,
1960 1593 2001 1624 ut
2024 1601 2068 1624 ex
2091 1590 2159 1624 hoc
2183 1589 2248 1624 fiat
2277 1598 2407 1623 causae
2437 1588 2489 1622 di-

267 1631 438 1681 ἐπάρχους
467 1634 514 1669 τὰ
541 1637 623 1682 περὶ
651 1632 803 1676 τούτων,
836 1632 1013 1680 πρότερον
1042 1632 1345 1682 ἀναγκαζομένων
1411 1635 1600 1680 iudicati03
1638 1638 1673 1670 et
1708 1635 1761 1670 Sic
1795 1634 1938 1670 interim
1973 1635 2166 1670 secundum
2202 1633 2489 1669 consuetudinem

265 1681 345 1714 τῶν
379 1678 627 1723 κηνσουαλίων
657 1679 719 1713 τὰς
750 1678 966 1723 καλουμένας
997 1680 1157 1714 ἐκθέσεις
1191 1676 1345 1726 ἀκριβεῖς

266 1722 427 1767 διδόναι,
459 1720 547 1759 ὥςτε
577 1725 719 1759 ἐκεῖθεν
749 1723 921 1771 γίνέσθαι
950 1723 1017 1768 τὴν
1048 1727 1111 1758 τοῦ
1137 1724 1345 1772 πράγματος

267 1767 454 1816 διάκρισιν.
502 1766 598 1805 οὕτω
622 1783 662 1804 τε
685 1772 773 1804 τέως
802 1771 881 1804 τῶν
904 1769 996 1804 κατὰ
1019 1769 1219 1814 συνήθειαν
1249 1768 1345 1804 δεδο-

311 1852 384 1882 cap.
421 1839 509 1872 VIII
526 1841 729 1873 summarium
753 1847 838 1872 extat
860 1839 910 1872 ΒΓ
931 1843 962 1879 6,
987 1847 1013 1880 3,
1037 1847 1076 1873 11.
1101 1847 1134 1873 12
1158 1840 1204 1879 (18
1231 1852 1269 1872 ex
1293 1839 1437 1878 Theod.).

267 1929 360 1966 vatis
382 1933 418 1965 et
439 1929 531 1976 ipsis
549 1929 667 1965 sacris
687 1928 834 1964 aedibus
858 1931 894 1964 et
916 1928 1104 1964 universae
1123 1929 1180 1963 rei
1194 1927 1365 1974 publicae
1386 1938 1465 1962 cum
1485 1927 1586 1962 utilis
1607 1931 1680 1962 tum
1699 1927 1859 1962 maxime
1877 1929 2081 1963 necessaria
2101 1931 2164 1963 est.
2200 1928 2249 1963 At
2274 1939 2318 1963 ue
2335 1928 2374 1962 in
2392 1939 2435 1964 ea
2450 1939 2491 1963 re

267 1974 489 2010 adiuvabant
520 1978 553 2010 te
581 1974 648 2010 cleo
679 1974 856 2009 carissimi
885 1973 1117 2008 ecclesiarum
1149 1972 1362 2019 defensores
1388 1976 1424 2007 et
1455 1972 1659 2013 oeconomi,
1695 1972 1759 2017 qui
1788 1973 1963 2007 neminem
1998 1984 2120 2008 eorum
2143 1983 2167 2007 a
2190 1983 2250 2018 qui
2275 1983 2319 2007 us
2339 1972 2490 2019 publica

269 2019 404 2056 tributa
425 2019 464 2054 in
484 2019 680 2066 provincia
704 2019 916 2065 exiquntur,
947 2018 1133 2054 exactioni
1161 2017 1374 2053 subtrahent
1398 2027 1441 2051 ac
1464 2027 1509 2052 ne
1532 2017 1746 2063 permittent
1777 2016 1937 2062 quidem,
1967 2021 2006 2052 ut
2031 2017 2121 2063 quid
2142 2017 2290 2053 violenti
2313 2022 2378 2053 aut
2399 2017 2490 2053 sedi—

269 2065 354 2101 tiosi
381 2075 408 2112 p
436 2065 574 2100 tiantur
596 2065 659 2111 qui
682 2063 930 2100 executionem
951 2066 1153 2110 peraqunt:
1187 2074 1272 2098 nam
1294 2063 1425 2104 scient,
1456 2062 1489 2096 si
1514 2061 1585 2097 tale
1617 2061 1706 2107 quid
1726 2061 1901 2107 fecerint,
1930 2072 1970 2097 se
1993 2073 2042 2098 ex
2062 2063 2232 2108 propriis
2255 2062 2359 2098 bonis
2385 2063 2489 2098 satis-

265 2076 504 2191 facerekslco
529 2113 691 2145 coactum
714 2109 772 2144 iri.

471 2154 498 2189 I.
547 2155 662 2201 Coqes
685 2158 803 2190 autem
822 2153 993 2200 publicos
1015 2158 1218 2195 exactores,
1244 2155 1286 2188 ut
1309 2152 1348 2187 in
1373 2164 1396 2187 a
1425 2151 1526 2187 ochis
1547 2151 1623 2187 suis
1647 2152 1778 2193 omnia,
1803 2150 1847 2187 de
1870 2151 1999 2197 quibus
2023 2163 2085 2186 eas
2110 2151 2270 2194 tradunt,
2295 2152 2489 2198 manifesta

265 2200 422 2247 faciant,
444 2198 484 2235 id
504 2204 558 2235 est
576 2204 612 2235 et
629 2200 867 2246 quantitatem
891 2199 1049 2245 capitum
1069 2198 1125 2234 vel
1147 2198 1317 2244 iuqorum
1339 2207 1380 2232 ve
1416 2196 1587 2231 iuliarum
1605 2196 1660 2232 vel
1674 2197 1708 2231 si
1724 2207 1796 2242 quo
1814 2195 1888 2231 alio
1907 2196 2014 2232 modo
2033 2208 2075 2232 ea
2098 2196 2138 2232 in
2154 2197 2350 2243 provincia
2365 2197 2488 2244 appel-

268 2247 357 2288 lant,
381 2250 417 2281 et
432 2256 508 2292 pro
532 2244 661 2291 quibus
679 2249 715 2280 et
737 2244 904 2290 qualibus
920 2242 1088 2290 praediis
1107 2254 1151 2278 ea
1174 2243 1339 2288 exiqant,
1365 2245 1399 2277 et
1422 2242 1659 2287 quantitatem
1680 2252 1804 2276 eorum
1824 2252 1918 2287 quae
1935 2241 2021 2276 data
2044 2245 2129 2277 sunt
2150 2242 2223 2277 sive
2246 2242 2283 2276 in
2305 2242 2490 2288 speciebus

266 2292 341 2327 sive
359 2291 398 2325 in
419 2301 536 2332 auro;
558 2294 598 2325 ut
620 2289 795 2324 miniteris
810 2289 856 2324 iis
879 2292 916 2324 et
934 2288 1082 2323 multam
1101 2298 1269 2334 maqnam
1290 2291 1327 2322 et
1343 2296 1471 2321 manus
1489 2286 1785 2332 amputationem,
1806 2287 1878 2321 nisi
1899 2285 1949 2328 id,
1974 2285 2073 2332 quod
2094 2297 2167 2322 sem
2195 2297 2236 2322 er
2240 2290 2488 2366 ‹fii-acceptum

266 2347 332 2372 nec
357 2340 474 2371 tamen
502 2345 616 2380 usque
639 2333 758 2369 adbuc
788 2333 1012 2370 observatum
1040 2332 1137 2379 fuit,
1172 2336 1267 2368 certe
1295 2332 1334 2366 in
1356 2335 1548 2378 posterum
1577 2330 1740 2366 omnibus
1767 2330 1883 2366 modis
1915 2330 2111 2366 observent.
2216 2342 2237 2366 o
2289 2332 2297 2339 ’
2322 2331 2489 2367 nimirum

266 2393 286 2418 e
317 2381 441 2427 uqium
470 2380 669 2416 invenerint
693 2378 860 2426 aliquod,
894 2382 935 2414 ut
957 2378 1081 2414 dicant
1102 2389 1142 2414 se
1164 2377 1402 2424 quantitatem
1425 2376 1595 2422 iuqorum
1624 2376 1766 2422 referre
1793 2381 1867 2410 non
1890 2386 2023 2422 posse,
2058 2375 2203 2411 omnino
2227 2386 2291 2411 eos
2319 2375 2489 2422 fraudem

287 2437 392 2462 acere
412 2429 584 2473 putamus
590 2438 604 2466 ,ν
626 2425 698 2460 nisi
721 2423 821 2471 quod
843 2423 935 2459 nibil
958 2423 1042 2459 inde
1065 2422 1188 2458 damni
1205 2422 1385 2468 afferatur
1400 2432 1488 2457 neve
1507 2421 1599 2466 fisco
1614 2431 1701 2456 neve
1723 2420 1885 2456 subditis.
1923 2421 2018 2456 Nam
2038 2421 2151 2466 fiscus
2168 2421 2246 2456 sine
2266 2420 2490 2468 praeiudicio

265 2483 333 2507 sua
358 2471 479 2507 omnia
503 2470 670 2517 accipiat,
697 2474 733 2505 et
753 2469 967 2506 securitates
990 2479 1084 2514 quae
1103 2468 1188 2514 fieri
1209 2467 1327 2503 solent
1350 2466 1535 2512 accipiant
1557 2466 1621 2512 qui
1644 2466 1710 2501 illa
1735 2465 1926 2546 dfferunt,
1959 2476 2025 2502 nec
2075 2466 2242 2512 uicquam
2266 2466 2423 2513 amplius
2445 2466 2490 2502 ab

266 2517 313 2552 iis
339 2517 525 2563 exiqatur,
555 2526 671 2561 neque
701 2525 786 2550 vero
818 2525 878 2550 res
908 2514 986 2549 ulla
1016 2513 1146 2549 damno
1178 2512 1378 2559 afficiatur.
1435 2510 1486 2547 Et
1516 2511 1664 2547 collatio
1697 2511 1761 2557 qui
1786 2522 1840 2546 em
1871 2522 1972 2546 more
2003 2522 2045 2547 so
2061 2511 2112 2547 ito
2141 2511 2247 2557 facta
2277 2511 2322 2546 ab
2355 2511 2401 2546 iis
2431 2510 2490 2547 de-

260 2565 427 2610 ponatur
450 2565 559 2607 atque
581 2561 620 2596 in
641 2559 823 2607 publicum
847 2560 1045 2606 inferatur,
1069 2559 1255 2594 nuntietur
1278 2561 1398 2592 autem
1421 2556 1466 2592 de
1487 2555 1544 2591 bis
1564 2556 1614 2591 ad
1635 2556 1919 2603 qloriosissimos
1968 2556 2150 2608 raefectos
2173 2560 2331 2599 nostros,
2355 2557 2491 2592 coactis

261 2608 371 2655 prius
394 2605 621 2642 censualibus
643 2605 894 2652 expositiones
916 2615 1011 2650 quae
1036 2607 1213 2639 vocantur
1237 2606 1431 2638 accuratas
1453 2601 1567 2643 edere,
1588 2605 1630 2637 ut
1648 2601 1731 2636 inde
1753 2601 1807 2636 rei
1827 2601 1899 2646 fiat
1945 2600 2145 2636 iiudwatio.
2192 2599 2324 2647 Itaque
2347 2601 2489 2637 interim

312 2701 332 2734 3
356 2697 392 2732 οἱ
409 2697 530 2743 θἐοφ]
555 2697 653 2731 etiam
676 2697 736 2730 deo
757 2695 913 2729 amabiles
931 2707 950 2732 ς
968 2694 1017 2739 114
1041 2692 1131 2728 κατὰ
1145 2690 1269 2739 χώραν
1285 2706 1342 2727 om.
1415 2693 1447 2726 L
1470 2688 1617 2734 κηνσιτό
1643 2703 1697 2725 ων
1721 2693 1884 2735 Scriniyer
1913 2691 1926 2736 11
1952 2687 2108 2735 ἀκριβῶς
2130 2692 2184 2727 Le
2209 2691 2221 2736 11
2253 2693 2295 2726 34
2323 2704 2364 2725 τε
2387 2693 2487 2733 ΕΒς]

267 2757 286 2782 ς
310 2743 328 2800 11
355 2747 373 2778 7
412 2738 661 2790 ἐπαγαγόντας
683 2742 716 2775 L
744 2741 756 2786 11
778 2738 1023 2795 γινώσκοντες
1048 2741 1254 2780 Haloander]
1293 2751 1344 2784 γι·
1416 2751 1472 2771 om.
1497 2738 1545 2771 Μ
1552 2738 1564 2780 11
1583 2705 1785 2781 διδομένων
1809 2738 1879 2771 LB

266 2798 474 2825 νωσκοντας
501 2789 577 2822 libri
593 2786 692 2866 11110
716 2797 919 2833 πρακτορας
943 2787 1009 2827 Le]
1042 2783 1243 2831 πράκτορας
1266 2780 1345 2838 ᾗτοι
1885 2827 1892 2834 ι
2305 2827 2313 2834 .
2332 2827 2339 2834 ι

265 2833 348 2870 τοὺς
371 2830 570 2875 ἀπαιτητὰς
657 2828 855 2874 ἀπαιτητάς
877 2832 913 2865 Β
940 2830 953 2876 11
985 2832 1026 2865 12
1050 2832 1213 2863 τουτέστι
1237 2841 1279 2863 το
1305 2841 1345 2862 τε
1461 2831 1476 2862 1
1505 2830 1537 2861 et
1560 2841 1619 2862 om.
1639 2828 1689 2861 R¹
1705 2827 1717 2872 11
1736 2838 1914 2860 necessarie
1930 2827 1978 2861 V¹
1994 2828 2006 2869 11
2024 2829 2073 2860 est
2090 2840 2148 2861 om.
2164 2826 2219 2872 711
2237 2826 2488 2860 auxiliabuntur

266 2877 382 2915 ποσὸν
406 2892 464 2913 om.
490 2891 510 2915 ς
534 2877 547 2922 11
571 2879 611 2912 13
644 2873 895 2922 ζυκοκεφάλων
918 2877 951 2910 L
977 2875 990 2921 11
1021 2872 1154 2922 ἱούγων
1176 2875 1235 2917 Μ]
1265 2870 1345 2918 ἦοὺ-
1413 2873 1731 2907 autemxiliabuntur
1750 2872 1803 2906 R⁰
1829 2872 1842 2916 11
1872 2873 1892 2906 2
1922 2872 1964 2904 ad
1990 2873 2053 2905 hoc
2085 2874 2195 2905 autem
2224 2872 2288 2905 tibi
2309 2872 2343 2906 V
2369 2870 2382 2917 11
2411 2874 2430 2906 3
2455 2873 2488 2905 et

265 2938 344 2973 γων
367 2925 399 2958 L
428 2923 561 2970 ἰουγῶν
587 2923 708 2957 ΤΙιεοά.
739 2920 870 2958 zoegam
892 2922 967 2956 Atii.
995 2923 1076 2964 cod„
1112 2920 1249 2967 ζευγῶν
1277 2919 1345 2965 γῆν
1413 2932 1471 2954 om.
1490 2919 1533 2953 0¹
1552 2918 1675 2962 “nullo
1695 2918 1748 2952 V‘
1763 2917 1775 2962 ΙΙ
1793 2920 1815 2952 4
1839 2918 1978 2959 exigunt
1993 2917 2154 2969 ·V³·vulq.
2172 2918 2185 2961 11
2201 2918 2378 2960 eripientes
2393 2917 2458 2951 OT
2475 2917 2480 2959 1

266 2971 332 3015 Β11
354 2966 369 2978 ’“
395 2967 540 3003 ἰουλίων
560 2968 621 3005 Mc
642 2970 698 3012 (ch
717 2981 788 3001 nov.
807 2967 1013 3001 CXXVIII
1032 2979 1057 3001 c.
1078 2974 1102 3000 1.
1119 2973 1136 3001 3
1161 2978 1229 3000 cum
1252 2965 1343 3007 Iul.)]
1413 2964 1584 2998 exactiori·
1607 2963 1655 2998 V¹
1681 2962 1695 3008 11
1719 2966 1738 2998 5
1762 2962 1934 2996 uolentum
1957 2962 2086 3004 aliquid
2105 2964 2167 3014 aut
2190 2962 2380 2995 seditiosum
2404 2961 2452 2996 Β*
2474 2960 2480 3006 1

266 3011 290 3058 ἢ
309 3011 350 3049 οὗ
390 3027 444 3049 ων
466 3015 499 3048 L
530 3026 588 3048 om.
614 3013 650 3047 B
680 3009 702 3056 ἢ
726 3010 919 3059 ἰουγαλίων
938 3013 1134 3046 Haloander
1160 3006 1183 3053 ἢ
1212 3007 1344 3054 μιλίων
1412 3011 1483 3051 aut]
1516 3011 1615 3051 atque
1635 3008 1671 3042 V
1692 3007 1705 3051 11
1731 3008 1963 3041 *exactionem
1996 3010 2178 3046 (exactione
2199 3008 2304 3048 R¹V)
2331 3007 2410 3041 libri
2429 3007 2486 3050 (cf.

267 3061 455 3095 Zachariae
473 3072 534 3094 von
546 3059 749 3103 Linqentkal
766 3054 835 3092 ‘zur
849 3058 1027 3092 Kennmiss
1048 3059 1103 3091 des
1121 3062 1198 3090 ro'm.
1213 3057 1342 3090 Steuer-
1416 3057 1488 3097 121,
1513 3055 1571 3095 20)
1587 3053 1600 3099 ΙΙ
1618 3056 1638 3088 6
1662 3053 1801 3087 scientes
1824 3066 1882 3087 om.
1909 3053 1952 3087 0²
1967 3052 1980 3097 11
2000 3055 2018 3086 7
2043 3055 2209 3095 coguntur
2231 3052 2266 3085 R
2283 3050 2296 3096 11
2315 3053 2354 3086 10
2377 3053 2487 3084 autem

266 3101 402 3141 wesens'
440 3106 525 3140 1863
585 3130 593 3138 .
620 3105 661 3138 22
689 3102 701 3148 11
735 3106 775 3137 14
805 3100 946 3136 καλοῖεν
969 3103 1051 3144 LB]
1089 3099 1235 3135 καλοῦσι
1257 3102 1301 3135 Μ
1413 3113 1470 3134 om.
1483 3098 1561 3144 13¹1}
1580 3101 1745 3154 exagtores
1767 3097 1882 3143 υυ19.11
1901 3098 2100 3141 desuspectis
2118 3097 2192 3141 021
2212 3098 2248 3131 11
2276 3097 2387 3130 eadem
2402 3096 2452 3131 V¹

270 3154 309 3185 15
333 3149 376 3185 τὸ
397 3163 457 3185 om.
482 3150 515 3184 L
535 3157 542 3163 “
569 3146 738 3192 εδομένον
762 3149 793 3182 L
817 3147 830 3193 11
857 3151 895 3183 16
927 3148 967 3181 ἐν
999 3149 1131 3182 alterum
1157 3159 1216 3180 om.
1240 3147 1307 3180 Ma
1416 3147 1454 3180 12
1479 3143 1778 3187 zigocefalorumV
1795 3146 1891 3187 etygo
1912 3145 1958 3184 (et
1981 3154 2040 3186 ego
2059 3143 2121 3185 13¹)
2146 3141 2357 3185 cephalorum
2373 3141 2452 3176 013¹

269 3199 307 3231 17
333 3198 393 3230 καὶ
415 3208 468 3238 χει
491 3193 528 3229 ὸς
549 3191 642 3240 ἀφαί
664 3205 741 3228 εσιν
765 3207 822 3227 om.
840 3194 910 3227 LB
924 3194 936 3238 11
955 3192 1003 3227 εἰς
1024 3191 1066 3227 τὸ
1092 3192 1168 3226 ΜΒ
1186 3191 1199 3235 11
1217 3193 1257 3225 19
1280 3189 1340 3235 μὴ]
1415 3192 1454 3242 13
1464 3190 1682 3242 regionesqm.
1692 3189 1740 3223 12¹
1755 3188 1829 3242 1114
1842 3188 1996 3231 qualibus
2006 3188 2069 3240 V⁸J
2082 3187 2330 3240 qualibetRV¹
2346 3186 2362 3240 11
2376 3196 2484 3229 praes-

266 3242 298 3275 εἰ
329 3239 378 3284 μὴ
410 3243 445 3275 Β
516 3241 555 3275 19
592 3206 786 3285 φυῗάξαιεν
820 3239 910 3273 πᾶσι
939 3239 971 3272 L
1005 3237 1017 3283 11
1044 3240 1087 3272 20
1125 3233 1265 3283 ἀφογὴν
1295 3237 1341 3269 L¹
1411 3234 1551 3279 diisRn
1569 3237 1609 3270 15
1633 3245 1669 3267 ιιι
1693 3233 1863 3278 speciebus
1884 3246 1941 3267 om.
1957 3234 2005 3266 Β*
2020 3233 2032 3276 11
2050 3236 2269 3266 interminans
2293 3231 2482 3272 Hezmbaeh]

266 3283 430 3364 τεὴν
446 3285 503 3339 ε’
529 3284 555 3339 *t
571 3282 776 3371 τεν
796 3282 889 3336 νεῖ
907 3282 1069 3362 ὴτνν
1089 3281 1341 3370 <itam
1410 3280 1781 3359 {nauseet
1788 3279 1916 3356 {ta-,131
1923 3278 2226 3366 stigias
2234 3279 2346 3363 τε
2358 3275 2484 3362 essi

267 3333 606 3420 ᾑοωξῗζῖίζενὸζᾱ
627 3377 670 3420 cf·
690 3341 818 3409 8ἷῖΞῖ
842 3341 933 3415 Εἴ.)
960 3373 973 3417 11
1002 3342 1045 3408 {3
1058 3341 1165 3417 υμήτε
1187 3391 1231 3397 --
1253 3368 1341 3416 μήτε
1411 3371 1483 3423 deni
1495 3336 1705 3415 suplesgin
1713 3377 1796 3413 spat.
1804 3382 1872 3421 vac:
1885 3367 1898 3414 11
1909 3369 2135 3423 amputatione
2148 3367 2203 3409 011
2225 3368 2264 3400 17
2278 3364 2482 3418 praecipitur

268 3420 350 3460 LB]
381 3418 471 3463 μηδὲ
494 3439 536 3446 -
558 3416 649 3465 μὴδέ
674 3421 731 3462 M,
764 3420 963 3463 neqationem
981 3420 1093 3462 priore
1121 3419 1189 3452 loco
1208 3430 1266 3451 om.
1288 3429 1307 3453 ς
1410 3415 1543 3458 quidem
1561 3422 1590 3449 et
1610 3416 1650 3449 18
1663 3425 1731 3448 non
1748 3414 1947 3448 custoditum
1961 3416 2009 3447 est
2021 3411 2201 3448 bucer-13¹
2218 3409 2232 3455 11
2249 3411 2298 3462 18.
2311 3419 2378 3443 non
2387 3422 2481 3453 prius

268 3465 311 3498 24
341 3465 407 3506 μὲν
438 3479 495 3500 om.
521 3466 557 3499 B
585 3466 598 3509 11
627 3467 668 3500 25
705 3462 848 3505 λαβέτω
879 3482 923 3487 -
952 3459 1149 3504 ἀποδείξεις
1179 3475 1237 3496 om.
1262 3462 1308 3495 M
1411 3473 1469 3495 om.
1491 3459 1552 3503 711
1574 3462 1613 3494 19
1638 3460 1814 3493 obst->ruent
1832 3458 1893 3504 711
1922 3458 2073 3492 adsolnet
2091 3454 2232 3500 7”1120
2254 3453 2399 3496 aliquem
2420 3453 2482 3498 711

268 3510 311 3542 26
335 3509 554 3544 καταθέντες
572 3512 607 3544 Β
633 3510 645 3555 11
672 3512 712 3545 27
739 3509 885 3556 πρᾶγμα
909 3509 965 3550 M]
996 3506 1038 3543 τὸ
1068 3508 1142 3553 πρᾶ
1163 3519 1214 3552 μα
1238 3507 1307 3540 LB
1408 3506 1576 3547 iugorum]
1595 3506 1795 3548 poginorum
1812 3504 1861 3539 V·
1883 3512 2088 3547 p·ganorum
2106 3500 2154 3535 V*
2168 3509 2373 3543 paganorum
2399 3501 2436 3538 (s.
2450 3512 2479 3532 v.

267 3551 598 3597 καταβλαπτέσθω]
635 3551 727 3601 παρ’
760 3549 882 3588 αὐτῶν
917 3555 994 3588 add.
1027 3554 1063 3587 B
1091 3552 1104 3599 11
1153 3554 1173 3587 8
1208 3547 1230 3595 ἡ
1261 3552 1340 3595 μὲν]
1407 3549 1452 3583 al.
1475 3550 1643 3593 iugorum)
1670 3550 1720 3584 1⁷³
1745 3549 1758 3593 Ι
1787 3551 1827 3584 21
1866 3551 2055 3592 reputamus
2081 3544 2149 3599 VJ!
2176 3546 2217 3579 22
2253 3546 2382 3596 tantum
2411 3544 2445 3577 V
2467 3543 2482 3598 11

267 3592 355 3640 ἡμᾶς
379 3598 410 3630 L
432 3598 445 3642 11
468 3600 511 3632 29
535 3597 635 3634 αὐτῶ
660 3602 691 3634 L
707 3599 719 3645 11
738 3602 777 3635 31
807 3595 1008 3644 *ὑπάρχους
1033 3599 1109 3633 libri
1129 3598 1215 3640 (τοῖς
1235 3595 1339 3643 ἐπάρ-
1408 3596 1452 3629 24
1482 3597 1631 3638 suscepta
1653 3608 1712 3629 om.
1736 3595 1771 3629 R
1795 3594 2000 3637 (desuscepta
2020 3589 2178 3630 Baekms)
2207 3588 2220 3633 11
2245 3591 2407 3632 percipiat
2430 3589 2480 3621 R‘

268 3652 341 3683 χοις
364 3643 439 3675 Alli.
469 3643 602 3686 Theoti.)
627 3645 641 3688 11
664 3647 706 3679 32
737 3641 975 3678 κινσουαλίων
1002 3645 1059 3680 ,Βς
1090 3639 1338 3682 κινσουαλίων,
1417 3639 1476 3673 VO
1495 3640 1564 3682 1125
1590 3640 1766 3679 exsoluupt
1790 3640 1818 3673 Ο
1841 3638 2003 3672 soluerint
2021 3635 2069 3670 R*
2097 3633 2110 3678 11
2136 3635 2179 3668 26
2202 3632 2275 3667 ullo
2297 3634 2345 3668 Β*
2369 3633 2383 3678 11
2406 3634 2478 3666 red—

268 3699 295 3721 c.
319 3699 348 3720 v.
374 3688 420 3721 ad
445 3699 503 3721 κιν
527 3691 603 3722 add.
629 3686 749 3736 τύρων
779 3691 850 3729 (sir)
878 3689 924 3722 M
951 3686 1138 3734 κτητόρων
1162 3683 1340 3721 σουάλίων
1408 3684 1505 3718 datur
1529 3685 1571 3717 0¹
1590 3685 1661 3730 1129
1687 3684 1844 3727 primitiis
1866 3683 1988 3728 R1130
2014 3681 2076 3714 hoo
2099 3691 2157 3712 om.
2182 3678 2231 3712 12¹
