2586 3990
159 137 218 167 DE
250 135 484 167 sAMAm'rIs
676 182 679 185 .
1235 121 1318 169 649
1960 125 2067 169 Nov.
2091 118 2272 169 CXXIX
2303 127 2340 168 3.
2373 129 2399 168 4

158 234 372 279 βουληθεῖεν
407 238 467 269 καὶ
501 236 591 279 μετὰ
626 235 743 268 ταῦτα
778 234 868 282 πρὸς
906 234 975 279 την
1011 232 1132 281 ὀρθὴν
1167 236 1244 270 τῶν
1313 235 1358 270 ad
1382 238 1515 271 rectam
1542 235 1823 271 Christianorum
1849 236 1952 271 fidem
1976 237 2120 280 reverti,
2155 236 2214 281 qui
2238 247 2303 281 pro
2329 236 2397 271 hoc

159 282 393 325 Χριστιανῶν
426 283 551 315 πίστιν
584 280 803 314 ἐπανελθεῖν
835 280 869 314 οἱ
900 280 1000 325 παρὰ
1032 283 1139 315 τοῦτο
1163 282 1241 315 τῶν
1310 281 1506 316 hereditate
1539 281 1675 317 exclusi
1701 284 1786 316 sunt
1819 291 1902 316 suas
1927 281 2099 326 recipient
2122 282 2313 326 portiones,
2345 282 2397 317 ita

158 325 301 371 κλήρων
321 323 633 367 ἀποκλεισθέντες,
654 325 718 359 τὰς
739 327 869 360 οἰκείας
890 322 1144 372 ἀπολήψονται
1163 329 1242 370 μοι’-
1311 326 1461 361 vocandi
1497 327 1543 361 ad
1581 326 1813 362 hereditatem
1854 330 2033 370 tamquam
2071 327 2100 362 si
2134 332 2253 362 rectae
2288 327 2395 362 huius

158 382 238 414 ρας,
268 366 364 404 οὕτω
390 368 602 413 καλούμενοι
627 370 716 413 πρὸς
739 371 806 405 τὸν
831 369 961 416 κλῆρον
985 367 1032 405 αἱς
1057 369 1103 406 ἂν
1129 372 1158 405 εἰ
1182 374 1242 404 καὶ
1311 371 1490 414 religionis
1523 373 1742 414 extitissent,
1779 371 1863 407 solis
1898 372 2054 406 fraudati
2085 373 2190 407 medii
2222 372 2394 415 temporis

157 415 226 457 τὴν
246 412 358 460 ἀρχὴν
381 415 443 458 τῆς
467 412 583 459 ὀρθῆς
607 415 738 458 ταύτης
764 416 956 461 θρησκείας
975 415 1077 451 ὄντες
1098 415 1241 462 ἐτύγχα-
1278 415 1498 452 5fructibus.
1545 418 1581 451 Si
1611 428 1692 452 vero
1730 419 1766 452 et
1803 419 2015 452 testamenta
2050 417 2232 461 scripserit
2267 417 2394 461 aliquis

157 472 233 502 νον,
265 459 392 504 μόνων
416 459 646 504 στερούμενοι
677 462 754 494 τῶν
783 462 847 494 τοῦ
872 464 980 504 με’σου
1003 460 1134 507 χρόνου
1158 474 1240 507 καρ-
1310 470 1449 504 eorum,
1491 462 1608 497 valere
1644 462 1784 505 quidem
1820 472 1863 496 ea
1903 466 2073 505 quantum
2110 463 2155 496 ad
2191 462 2394 506 religionem

158 506 250 539 πῶν.
288 506 317 537 εἰ
334 503 374 538 δὲ
389 507 448 538 καὶ
465 502 645 546 διαθήκας
660 504 814 551 γράψειε1
827 517 879 539 τις
898 504 1029 547 αὐτῶν,
1053 507 1241 552 ἐρρῶσθαι
1310 506 1483 542 iubemus.
1534 507 1570 542 Si
1599 510 1717 542 autem
1747 510 1849 552 pater
1879 511 1940 540 aut
1971 508 2077 541 etiam
2108 507 2236 550 aliquis
2268 517 2394 541 ascen-

155 552 222 593 μὲν
245 550 378 583 ταύτας
410 549 451 583 τό
482 563 521 596 γε
546 546 634 584 ὅσον
667 553 726 585 ἐπὶ
766 552 809 598 τῇ
844 550 1020 595 θρησκείᾳ
1042 552 1230 594 κελεύομεν
1311 551 1466 585 dentium
1490 552 1579 586 alter
1596 555 1659 587 aut
1675 552 1802 596 aliquis
1820 551 2107 586 descendentium
2125 556 2180 586 est
2205 552 2263 595 qui
2285 555 2393 586 testa.-

157 595 186 627 εἰ
217 592 260 627 δέ
287 607 324 638 γε
356 594 477 640 πατὴρ
508 593 530 637 ἢ
562 599 624 628 καί
652 607 703 629 τις
735 598 813 629 τῶν
847 592 1033 630 ἀνιόντων
1066 599 1183 640 ἕτερος
1219 593 1241 638 ἢ
1310 600 1428 630 menta
1454 597 1658 639 conscribit,
1683 597 1714 631 si
1738 596 1878 640 quidem
1903 606 2024 631 omnes
2049 606 2092 631 ex
2117 596 2239 631 ordine
2264 597 2324 640 qui
2347 597 2393 630 ad

155 640 312 673 καὶτῶν
332 638 538 673 κατιόντων
563 638 581 673 ὁ
607 640 671 674 τὰς
692 638 872 684 διαθήκας
894 640 1048 687 γράφων
1075 639 1239 685 ὑπάρχοι,
1258 642 1296 673 10
1310 641 1543 676 hereditatem
1574 645 1748 677 vocantur
1779 641 1935 676 eiusdem
1969 651 2049 675 cum
2079 651 2120 675 eo
2151 642 2279 676 erroris
2311 642 2393 682 sint,

156 684 186 716 εἰ
210 685 276 727 μὲν
301 682 435 718 πάντες
460 685 583 729 ἐφεξῆς
615 684 650 719 οἱ
673 686 763 730 πρὸς
785 686 853 719 τὸν
876 686 1007 730 κλῆρον
1028 686 1240 730 καλούμενοι
1311 685 1478 730 disponat
1502 687 1545 722 de
1570 687 1770 721 substantia
1795 686 1887 721 sicut
1911 686 2075 729 voluerit3
2107 686 2136 720 si
2161 697 2242 721 vero
2268 687 2394 721 horum

155 730 217 770 τῆς
239 726 349 772 αὐτῆς
374 726 473 772 αὐτῷ
499 729 636 772 πλάνης
661 728 865 775 ὑπάρχοιεν,
892 729 1064 774 διοικήσει
1087 732 1134 765 τὰ
1159 733 1240 775 περὶ
1311 732 1369 774 qui
1395 741 1438 765 ex
1461 732 1574 774 gradu
1598 732 1667 767 hoc
1686 735 1860 766 vocantur
1883 731 1992 774 aliqui
2016 731 2173 765 eiusdem
2198 741 2267 775 quo
2291 734 2394 775 pater

155 775 217 815 τῆς
248 771 370 808 οὐσίας
405 772 452 808 οἱς
484 773 530 809 ἂν
562 772 746 818 ἐθελήσει·
787 777 818 809 εἰ
849 774 890 810 δέ
918 789 958 822 γε
992 777 1070 810 τῶν
1105 779 1143 809 ἐκ
1176 776 1239 809 τοῦ
1311 776 1442 810 erroris
1465 777 1552 819 sint,
1584 776 1639 811 his
1662 787 1733 811 non
1759 776 1935 819 relinquat
1959 776 2052 810 ultra
2076 776 2199 819 <duas>
2227 776 2393 810 substan-

157 816 267 852 αὐτοῦ
292 820 444 863 βαθμοῦ
470 819 700 864 καλουμένων
724 823 817 854 τινὲς
840 822 901 864 τῆς
926 817 1035 864 αὐτῆς
1058 822 1110 863 τῷ
1130 823 1240 864 πατρὶ
1310 820 1381 855 tiae
1405 821 1541 864 uncias,
1566 822 1711 866 reliquis
1733 821 1778 856 ad
1799 831 1859 855 eos
1885 822 1946 864 qui
1966 823 2067 855 recta
2088 821 2210 855 colunt
2234 821 2393 855 deferen-

155 863 294 905 πλάνης
324 862 529 909 ὑπάρχοιεν,
563 864 702 899 τούτοις
733 863 774 899 οὐ
800 869 1000 912 περαιτέρω
1030 865 1240 909 καταλείψει
1258 868 1296 899 15
1311 865 1376 907 dis,
1409 870 1527 900 tamen
1552 867 1620 901 nisi
1645 867 1753 911 aliqui
1784 866 1877 900 forte
1903 866 2113 901 Christianis
2144 876 2188 901 ex
2213 865 2263 900 eis
2288 866 2394 900 relin-

155 911 232 943 τιῡν
253 908 315 943 δύο
333 912 394 952 τῆς
411 914 615 955 περιουσίας
638 908 804 956 οὖγκιιῦν,
829 912 893 945 τοῦ
917 910 1128 954 λειπομένου
1152 910 1240 954 πρὸς
1310 913 1396 954 quat
1425 912 1558 954 legata:
1597 912 1769 947 servando
1803 911 1908 945 etiam
1946 912 2003 946 hic
2036 911 2240 955 paenitendi
2275 911 2395 946 locum

154 954 237 988 τοὺς
267 954 313 988 τὰ
345 953 443 999 ὀρθὰ
478 953 746 1002 θρησκεύοντας
777 953 960 1001 ἀγομένου,
997 955 1092 999 πλην
1129 956 1158 989 εἰ
1190 952 1239 999 μή
1310 956 1526 1000 volentibus,
1560 960 1600 991 ut
1631 958 1769 1001 possint
1800 956 2015 1000 aequalitate
2043 956 2115 991 frui
2147 966 2228 991 cum
2253 956 2302 991 eis
2334 955 2396 1000 qui

154 1010 208 1032 τις
228 1000 337 1041 τυχὸν
357 1003 588 1044 Χριστιανοῒς
613 1001 650 1041 ἐξ
675 997 798 1035 αὐτῶν
822 1000 1031 1047 καταλείψει
1056 1004 1238 1047 πρεσβεῖα.
1309 1001 1354 1035 ab
1388 1001 1489 1036 initio
1516 1001 1707 1037 Christiani
1737 1003 1898 1043 fuerunt,
1931 1002 2024 1036 sicut
2054 1001 2099 1036 ab
2131 1001 2300 1036 intestato
2329 1001 2394 1035 du-

155 1043 424 1089 φυλαττομένου
449 1043 645 1079 κάνταῦθα
671 1048 744 1079 τοῖς
766 1045 1049 1090 μεταμελεῖσθαι
1072 1046 1239 1091 βουλομέ-
1310 1045 1392 1080 dum
1417 1046 1646 1082 decrevimus.
1688 1048 1745 1082 Ad
1766 1048 1861 1082 huno
1882 1047 2002 1090 itaque
2023 1046 2181 1082 ordinem
2201 1049 2238 1082 et
2257 1049 2395 1091 partem

155 1101 228 1122 νοις
252 1092 316 1123 τοῦ
343 1088 529 1124 δύνασθαι
558 1092 620 1133 τῆς
644 1090 806 1134 ἰσότητος
830 1089 1026 1132 ἀπολαύειν
1051 1091 1140 1136 πρὸς
1159 1091 1240 1125 τοὺς
1255 1091 1296 1123 20
1311 1091 1544 1126 deinofficiosi
1576 1093 1698 1128 damus
1732 1091 2006 1128 ascendentibus
2039 1096 2073 1127 et
2098 1092 2394 1127 descendentibus

155 1134 193 1173 ἐξ
217 1132 324 1179 ἀρχῆς
348 1136 606 1180 Χριστιανούς,
638 1133 755 1182 ὥςπερ
780 1138 838 1171 ἐπὶ
870 1138 946 1170 τῶν
979 1137 1016 1177 ἐξ
1042 1134 1240 1170 ἅδιαθετου
1309 1138 1408 1170 recta
1432 1138 1652 1172 sectantibus
1686 1138 1851 1182 dogmata
1885 1140 1920 1172 et
1952 1138 2044 1172 forte
2076 1137 2181 1173 laesis
2212 1147 2276 1182 per
2303 1137 2394 1172 cele-

155 1179 368 1223 φθάσαντες
397 1178 627 1226 διωρίσαμεν.
671 1182 760 1225 πρὸς
780 1182 916 1223 ταύτην
937 1179 977 1216 δὲ
992 1180 1060 1225 τὴν
1076 1181 1182 1222 τάξιν
1201 1194 1240 1214 τε
1310 1180 1432 1217 bratas
1457 1182 1492 1218 in
1518 1183 1738 1219 testamentis
1763 1193 1882 1219 rerum
1906 1183 2107 1219 divisiones.

154 1228 214 1257 καὶ
239 1225 307 1267 τὴν
330 1229 461 1270 μοῖραν
490 1229 550 1259 καὶ
574 1226 617 1261 de
637 1226 838 1262 inofficioso
864 1225 1011 1270 δίδομεν
1035 1225 1180 1261 ἀνιοῦσί
1201 1238 1240 1260 τε

154 1273 214 1302 καὶ
238 1272 403 1304 κατιοῦσι
428 1273 500 1304 τοῖς
524 1271 570 1304 τὰ
595 1269 695 1316 ὀρθὰ
720 1269 962 1316 θρησκεύουσι
987 1271 1151 1318 δόγματα
1180 1275 1241 1304 καὶ

154 1314 240 1348 ἴσως
265 1313 472 1358 ἀδικηθεῖσι
504 1316 597 1350 κατὰ
621 1316 682 1350 τὰς
704 1321 898 1362 γενομένας
925 1319 985 1352 ἐπὶ
1009 1321 1085 1352 ταῖς
1111 1316 1239 1360 &tafft-
1254 1318 1296 1351 25

154 1371 231 1393 καις
255 1361 331 1394 τῶν
356 1362 584 1407 πραγμάτων
609 1359 792 1406 διανομάς.

1145 1474 1301 1510 CAPUT
1326 1474 1387 1510 IV.

211 1538 367 1585 Δι’δομεν
393 1539 431 1575 δὲ
456 1539 574 1576 αὐτοῖς
598 1546 657 1576 καὶ
683 1541 818 1588 δωρεὰς
842 1541 986 1577 διδόναι
1010 1555 1050 1577 τε
1073 1546 1131 1577 καὶ
1156 1556 1239 1588 πρε·
1367 1542 1600 1578 Concedimus
1632 1545 1750 1576 autem
1783 1541 1834 1577 eis
1867 1545 1902 1577 et
1927 1543 2134 1579 donationes
2160 1543 2243 1578 dare
2274 1546 2309 1579 et
2333 1553 2392 1578 ac-

155 1589 258 1630 σβεῖα
296 1586 586 1631 καταλιμπάνειν
623 1587 842 1632 ἐλευθερίαις
882 1602 920 1622 τε
957 1589 1094 1622 οἰκέτας
1131 1590 1239 1631 τιμᾶν
1311 1587 1428 1632 cipere
1454 1591 1489 1623 et
1513 1589 1630 1632 legat-a
1654 1588 1862 1632 relinquere,
1887 1589 2112 1624 libertatibus
2137 1599 2257 1624 servos
2281 1590 2393 1624 hono-

155 1630 411 1666 συναλλάττειν
434 1646 474 1666 τε
498 1636 556 1665 καὶ
581 1631 670 1678 πρὸς
695 1631 875 1676 ἀλλήλους,
900 1630 1007 1667 οὐδὲν
1031 1634 1094 1667 τοῦ
1112 1632 1240 1679 πρώην
1310 1643 1400 1675 rare,
1436 1634 1648 1668 contrahere
1680 1643 1819 1677 quoque
1852 1633 1897 1668 ad
1926 1634 2092 1675 invicem,
2125 1634 2211 1668 nihil
2238 1643 2279 1668 ea
2304 1644 2394 1678 quae

154 1673 242 1721 παρ’
278 1673 382 1720 ἡμῶν
416 1677 629 1720 τεθειμένον
663 1676 865 1712 κωλύοντος
900 1678 1020 1722 νόμου.
1069 1677 1137 1712 τὸν
1170 1679 1240 1725 γὰρ
1255 1680 1331 1713 30a
1354 1679 1456 1714 nobis
1481 1679 1617 1723 pridem
1641 1678 1758 1722 posita
1778 1682 1833 1713 est
1857 1679 2067 1723 prohibente
2091 1680 2176 1722 lege.
2224 1678 2395 1714 Nostrum

154 1720 327 1767 ἡμέτερον
352 1725 480 1767 φίσκον
508 1726 567 1755 καὶ
592 1724 714 1757 πᾶσαν
739 1722 850 1766 ἄλλην
880 1725 943 1757 τοῦ
969 1722 1139 1768 δημοσίου
1163 1727 1238 1768 μοῖ-
1309 1724 1401 1758 enim
1424 1724 1554 1759 fiscum
1585 1728 1621 1758 et
1650 1723 1756 1758 aliam
1781 1733 1919 1758 omnem
1943 1724 2077 1769 publici
2109 1726 2249 1768 partem
2273 1725 2394 1758 exclu-

153 1780 222 1810 ραν
241 1763 480 1811 ἀποκλείομεν
505 1767 708 1810 παντελῶς,
743 1766 915 1810 οὐδεμίαν
945 1769 983 1809 ἐξ
1008 1771 1143 1803 ἐκείνου
1173 1770 1238 1802 τοῦ
1308 1769 1422 1804 dimus
1448 1769 1607 1811 omnino,
1640 1769 1777 1803 nullum
1802 1778 1845 1803 ex
1868 1769 1928 1803 illa
1959 1770 2034 1812 lege
2067 1769 2111 1804 ad
2140 1780 2261 1803 eorum
2291 1770 2393 1804 here-

153 1810 263 1855 νόμου
289 1811 379 1856 πρὸς
403 1812 485 1846 τοὺς
516 1811 638 1847 αὐτῶν
662 1812 808 1858 κλήρους
840 1812 861 1856 ἢ
884 1812 948 1848 τὰς
970 1810 1094 1848 αὐτῶν
1119 1811 1240 1848 οὐσίας
1310 1814 1438 1850 ditates
1472 1824 1665 1859 eorumque
1696 1814 1917 1849 substantias
1950 1819 2013 1849 aut
2044 1815 2258 1850 documenta
2285 1815 2393 1858 parti-

152 1853 173 1897 ἢ
202 1855 248 1890 τὰ
280 1856 485 1900 συμβόλαια
513 1862 706 1900 μετουσίαν
739 1861 832 1901 ἐχειν
863 1856 1074 1903 δυνάμενον.
1123 1861 1239 1893 ταῦτα
1310 1859 1440 1904 cipium
1464 1860 1597 1895 habere
1621 1859 1833 1894 valentibus.
1882 1859 1981 1894 Haec
2006 1863 2124 1895 autem
2149 1860 2297 1894 dicimus
2322 1870 2395 1894 non

115 1902 117 1904 '
154 1900 195 1934 δέ
216 1915 334 1947 φαμεν
365 1900 428 1936 οὐκ
460 1904 520 1937 ἐπὶ
547 1906 619 1937 τοῖς
649 1902 814 1948 μέλλουσι
836 1902 962 1948 μόνον,
989 1902 1079 1938 ἀλλὰ
1102 1905 1169 1951 γὰρ
1195 1903 1237 1947 δὴ
1253 1905 1343 1939 35111
1368 1904 1499 1940 futuris
1530 1905 1661 1947 solum,
1696 1905 1758 1939 sed
1783 1905 1888 1939 etiam
1919 1905 1957 1940 in
1986 1906 2231 1950 praeteritum,
2265 1908 2305 1939 ut
2327 1914 2395 1939 nec

153 1950 213 1979 καὶ
230 1948 289 1981 ἐπὶ
308 1948 359 1989 τῷ
378 1947 582 1992 φθάσαντι,
609 1945 696 1982 ὤςτε
719 1949 808 1992 μηδὲ
832 1947 923 1994 ὑπὲρ
947 1951 1024 1984 τῶν
1039 1951 1238 1993 τηνικαῦτα
1307 1961 1372 1995 pro
1399 1951 1452 1985 his
1485 1960 1576 1994 quae
1606 1954 1692 1984 tunc
1718 1950 1813 1984 facta
1838 1954 1922 1985 sunt
1952 1954 2014 1985 aut
2038 1954 2160 1985 noster
2192 1950 2301 1986 fiscus
2333 1954 2396 1985 aut

153 1990 358 2037 γεγονότων
388 1990 411 2035 ἢ
434 1991 502 2026 τὸν
518 1990 691 2038 ἡμέτερον
715 1999 846 2038 φίσκον
870 1992 892 2036 ἢ
913 1996 1037 2039 ἕτερον
1052 1996 1129 2029 τῶν
1149 1994 1236 2029 πάν·
1308 1996 1398 2030 alter
1433 1996 1588 2030 omnium
1625 1995 1845 2030 substantias
1884 1998 2127 2039 perscrutetur
2164 2006 2286 2030 eorum
2321 1995 2395 2039 (qui

153 2049 230 2070 των
255 2037 338 2070 τινὰ
362 2037 426 2070 τὰς
450 2036 570 2072 οὐσίας
593 2037 907 2085 πολυπραγμονεῖν
931 2041 995 2073 τὰς
1024 2036 1155 2073 αὐτῶν.
1205 2039 1241 2073 οἱ
1309 2041 1401 2074 enim
1435 2041 1472 2075 in
1506 2040 1636 2075 futuris
1673 2041 1895 2075 clementiam
1932 2041 2102 2084 dedimus,
2139 2040 2315 2084 quomodo
2351 2040 2394 2074 de

154 2081 222 2126 γὰρ
256 2081 301 2114 τὰ
332 2080 508 2125 μέλλοντα
533 2081 948 2128 φιλανθρωπευσάμενοι
979 2085 1056 2118 πῶς
1086 2082 1133 2118 ἂν
1157 2087 1239 2128 περὶ
1307 2085 1507 2129 praeteritis
1544 2085 1708 2120 subtilem
1744 2087 1936 2119 tractatum
1966 2086 2192 2128 habemus?):
2230 2090 2270 2120 ut
2299 2085 2394 2120 omni

154 2128 230 2160 τῶν
261 2126 531 2171 παρελθόντων
563 2124 962 2174 ἀκριβολογησαίμεθα,·
999 2127 1086 2162 ὥςτε
1111 2126 1237 2163 αὐτοὺς
1251 2132 1291 2164 40
1307 2130 1411 2165 modo
1446 2133 1670 2174 praesentem
1701 2133 1861 2165 nostram
1897 2134 2140 2175 promerentes
2171 2131 2391 2166 clementiam

154 2173 216 2214 τῆς
240 2169 422 2218 παρούσης
453 2170 557 2216 ἡμῶν
581 2168 796 2217 ἠξιωμένους
826 2173 1109 2220 φιλανθρωπίας
1138 2173 1237 2219 χάρι-

155 2284 300 2319 duntur.
351 2282 494 2319 Etenim
518 2285 551 2319 si
568 2287 699 2330 postea
724 2283 773 2319 ad
794 2287 928 2319 rectam
954 2284 1238 2321 Christianorum
1267 2284 1376 2329 fidem
1400 2285 1520 2321 redire
1545 2285 1654 2321 velint
1685 2285 1748 2331 qui
1771 2284 1840 2320 hac
1864 2284 1907 2320 de
1931 2295 2042 2320 causa
2067 2284 2111 2319 ab
2136 2284 2392 2322 hereditatibus

154 2328 296 2364 exclusi
318 2333 412 2370 sunt,
443 2330 631 2375 portiones
654 2340 741 2364 suas
765 2330 952 2375 accipient,
985 2331 1036 2365 ita
1062 2330 1110 2364 ad
1133 2329 1366 2365 hereditatem
1391 2330 1545 2366 vocandi
1576 2335 1759 2376 tamquam
1782 2331 1816 2364 si
1838 2329 1882 2364 ab
1908 2330 2009 2364 initio
2033 2334 2154 2366 rectae
2178 2329 2284 2365 huius
2307 2332 2392 2367 reli-

155 2374 275 2420 qionis
297 2374 475 2419 fuissent,
511 2374 598 2410 solis
622 2375 728 2409 medii
754 2375 926 2420 temporis
954 2375 1137 2420 fructibus
1157 2375 1305 2420 privati.
1354 2374 1491 2418 Quodsi
1514 2376 1595 2421 quis
1619 2386 1743 2410 eorum
1774 2375 1881 2410 etiam
1915 2378 2161 2410 testamentum
2192 2376 2392 2422 scripserit,

155 2420 274 2455 valere
323 2418 439 2453 uidem
463 2418 532 2454 hoc
556 2425 729 2465 quantum
761 2420 810 2454 ad
832 2420 1042 2465 reliqionem
1066 2419 1235 2455 iubemus.
1284 2420 1325 2454 Si
1348 2431 1432 2455 vero
1451 2427 1563 2466 pater
1594 2421 1650 2456 vet
1672 2421 1778 2455 etiam
1811 2421 1893 2465 quis
1916 2419 2010 2454 alius
2042 2420 2308 2456 ascendentium
2338 2422 2394 2458 vel

155 2466 262 2500 etiam
312 2464 574 2500 ascendentium
597 2465 646 2499 sit
668 2465 730 2510 qui
756 2468 965 2500 testamenta
988 2465 1133 2507 scribat,
1162 2465 1194 2500 si
1218 2465 1360 2511 quidem
1386 2476 1507 2500 omnes
1531 2465 1700 2511 deinceps
1731 2465 1794 2511 qui
1819 2464 1868 2499 ad
1890 2464 2122 2500 hereditatem
2148 2470 2324 2501 vocantur
2354 2467 2392 2502 in

155 2509 278 2545 eodem
303 2520 382 2544 cum
406 2510 486 2555 ipso
512 2514 698 2545 versentur
721 2521 855 2552 errore,
887 2510 931 2545 de
953 2511 1154 2545 substantia
1185 2510 1364 2555 quomodo
1397 2511 1550 2546 voluerit
1574 2510 1741 2561 disponet
1748 2522 1763 2551 ;
1797 2510 1854 2544 sin
1879 2514 1997 2544 autem
2026 2520 2076 2545 ea:
2099 2510 2144 2545 iis
2175 2513 2237 2556 qui
2260 2522 2310 2546 ex
2333 2523 2391 2547 eo·-

155 2555 234 2590 dem
258 2554 377 2600 qradu
403 2559 576 2590 vocantur
608 2555 722 2600 aliqui
753 2555 791 2589 in
815 2555 938 2590 eodem
970 2565 1049 2590 cum
1071 2559 1185 2601 patre
1215 2566 1339 2590 errore
1361 2560 1558 2597 versentur,
1595 2555 1650 2590 his
1674 2566 1745 2590 non
1770 2555 1867 2590 ultra
1899 2555 1991 2589 duas
2014 2555 2141 2590 uncias
2171 2555 2393 2592 substantiae

154 2600 344 2644 relinquet,
374 2600 551 2644 reliquum
576 2604 693 2635 autem
718 2599 767 2634 ad
790 2611 850 2635 eos
881 2600 943 2645 qui
966 2604 1066 2635 recta
1089 2604 1285 2642 sectantur,
1317 2600 1514 2646 deferetur,
1546 2600 1619 2635 nisi
1665 2600 1720 2635 uis
1747 2600 1848 2645 forte
1879 2610 1929 2635 ex
1960 2600 2006 2634 iis
2033 2600 2155 2646 leqata
2182 2600 2393 2636 Christianis

154 2645 351 2689 reliquerit.
385 2645 502 2690 Atque
527 2645 584 2680 hic
608 2655 751 2690 quoque
775 2645 820 2680 iis
844 2646 907 2690 qui
923 2645 1186 2691 paenitentiam
1211 2656 1319 2690 aqere
1343 2646 1522 2681 voluerint
1543 2612 1707 2689 facuiltas
1730 2648 1892 2680 servetur
1915 2644 2135 2690 aequalitate
2158 2656 2237 2680 cum
2262 2647 2306 2681 iis
2331 2647 2392 2692 qui

156 2689 199 2724 ab
226 2690 327 2724 initio
355 2688 549 2724 Christiani
577 2691 733 2735 fuerunt
760 2690 927 2736 fruendi,
960 2689 1256 2735 quemadmodum
1280 2690 1323 2725 de
1346 2691 1391 2725 iis
1422 2691 1484 2736 qui
1511 2691 1555 2726 ab
1580 2691 1747 2725 intestato
1779 2694 1955 2725 vocantur
1983 2700 2098 2735 supra
2129 2692 2389 2726 constituimus.

155 2734 309 2769 Praeter
344 2733 439 2770 hune
473 2745 557 2770 vero
595 2734 756 2770 ordinem
792 2740 826 2770 et
856 2739 1000 2781 partem
1036 2735 1142 2770 etiam
1178 2734 1222 2769 de
1258 2736 1466 2780 inofficioso
1501 2735 1683 2780 querelam
1719 2735 1993 2770 ascendentibus
2027 2739 2063 2770 et
2098 2735 2392 2772 descendentibus

156 2779 402 2821 concedimus,
427 2780 490 2825 qui
513 2784 612 2816 recta
636 2780 809 2826 doqmata
831 2784 1016 2816 sectantur
1039 2783 1075 2815 et
1095 2780 1257 2825 forsitan
1276 2791 1348 2826 per
1371 2780 1641 2816 distributiones
1663 2791 1784 2816 rerum
1807 2780 1846 2814 in
1867 2781 2087 2815 testamentis
2107 2781 2233 2825 factas
2257 2782 2392 2817 iniuria

155 2836 177 2859 a
211 2825 279 2860 ecti
303 2829 394 2859 sunt.

177 2824 217 2870 ff
289 2869 350 2905 IV.
401 2868 634 2904 Concedimus
658 2875 775 2905 autem
807 2870 853 2904 iis
885 2870 992 2905 etiam
1023 2872 1063 2904 ut
1091 2874 1127 2905 et
1150 2869 1363 2906 donationes
1378 2870 1531 2949 saciant
1561 2874 1597 2905 et
1626 2870 1746 2916 leqata
1777 2870 1984 2916 relinquant
2013 2874 2048 2906 et
2074 2881 2198 2906 servos
2229 2870 2392 2906 libertate

155 2914 335 2949 honorent
365 2917 401 2949 et
423 2914 518 2949 inter
540 2925 578 2948 se
602 2925 744 2960 quoque
768 2914 1003 2956 contrahant,
1035 2925 1122 2950 neve
1145 2915 1220 2950 ullo
1245 2915 1352 2950 modo
1391 2926 1439 2950 ea:
1456 2915 1566 2960 prius
1595 2927 1617 2950 a
1642 2915 1744 2950 nobis
1768 2916 1843 2950 lata
1876 2915 1932 2950 his
1955 2915 2076 2950 obstet.
2125 2916 2273 2951 Fiscum
2298 2916 2390 2951 enim

155 2964 318 2994 nostrum
335 2963 371 2994 et
389 2969 527 2993 omnem
552 2958 660 2993 aliam
685 2959 739 2994 rei
752 2959 923 3005 publicae
943 2963 1086 3005 partem
1112 2961 1253 2995 omnino
1270 2960 1506 3001 excludimus,
1531 2971 1576 2995 ne
1622 2961 1788 3005 uicquam
1812 2971 1861 2996 eac
1877 2960 1941 2995 illa
1959 2960 2036 3005 leqe
2053 2971 2132 2995 cum
2148 2972 2271 2996 eorum
2292 2960 2391 2996 here-

156 3003 328 3038 ditatibus
349 3003 406 3038 vel
426 3003 637 3038 substantiis
657 3015 781 3038 eorum
806 3004 861 3040 vel
884 3005 1129 3040 contractibus
1152 3016 1337 3041 commune
1361 3004 1525 3040 habeant.
1613 3016 1676 3040 aec
1700 3010 1818 3040 autem
1843 3016 1915 3040 non
1940 3005 1983 3040 de
2004 3006 2146 3050 futuris
2168 3005 2296 3047 solum,
2327 3004 2393 3040 sed

156 3049 263 3084 etiam
288 3047 330 3083 de
356 3052 514 3094 tempore
531 3050 734 3094 praeterito
758 3049 920 3091 dicimus,
953 3053 992 3084 ut
1016 3060 1059 3084 ne
1077 3054 1233 3096 propter
1255 3062 1296 3086 ea
1322 3050 1463 3095 quidem
1494 3060 1586 3094 quae
1611 3051 1682 3085 iam
1704 3050 1810 3095 facta
1832 3054 1915 3085 sunt
1944 3055 2007 3084 aut
2034 3050 2146 3094 fiscus
2176 3054 2299 3085 noster
2328 3053 2392 3085 aut

156 3094 250 3128 alius
275 3093 431 3128 omnium
456 3092 552 3127 ullus
575 3092 795 3128 substantias
826 3105 950 3130 eorum
972 3100 1230 3139 perscrutetur.
1277 3094 1349 3137 Qut
1370 3096 1462 3129 enim
1487 3094 1531 3129 cle
1552 3095 1692 3140 futuris
1724 3094 1947 3130 humanitate
1970 3095 2030 3129 usi
2050 3096 2178 3137 simus,
2211 3095 2390 3140 quomodo

155 3138 200 3173 de
218 3137 430 3184 praeteritis
460 3138 622 3173 subtilem
653 3140 830 3174 rationem
861 3139 1047 3175 ineamus?
1092 3138 1222 3185 Itaque
1249 3140 1433 3187 praesenti
1464 3139 1685 3175 humanitate
1711 3143 1844 3175 nostra
1872 3139 1975 3186 diqni
2006 3139 2119 3174 habiti
2141 3140 2282 3185 ¹qratias
2303 3151 2391 3186 pro·

214 3253 234 3284 4
257 3253 317 3283 καὶ
340 3249 407 3292 τὴν
432 3247 542 3294 ἀρχὴν
560 3251 714 3292 211(Ιαὶ.)]
740 3264 795 3283 om.
816 3262 834 3286 ς
851 3250 864 3294 ΙΙ
882 3254 901 3285 9
926 3249 948 3293 ἢ
972 3254 1031 3283 καὶ
1057 3251 1133 3284 τῶν
1157 3265 1238 3286 κατ-
1310 3255 1329 3286 5
1354 3251 1482 3293 aliquid
1508 3253 1540 3284 T
1560 3251 1571 3295 ΙΙ
1597 3253 1617 3284 6
1641 3252 1751 3284 ualere
1777 3253 1808 3286 in
1834 3266 1899 3286 ras.
1928 3252 1960 3285 T
1980 3251 1992 3295 11
2017 3253 2037 3286 9
2062 3251 2248 3284 conscribat
2274 3251 2330 3296 ΤΙΙ
2350 3254 2388 3287 11

156 3292 302 3336 ιόντων]
339 3298 397 3328 aut
427 3296 549 3336 aliquis
579 3296 849 3328 descendentium
878 3308 896 3332 ς
926 3296 938 3340 ΙΙ
968 3298 1007 3330 13
1042 3295 1240 3340 *ἐθελήσαι
1309 3298 1486 3339 disponant
1510 3304 1540 3329 et
1561 3297 1733 3330 noluerint
1758 3299 1835 3331 libri
1850 3297 1862 3340 ΙΙ
1883 3298 1922 3331 12
1948 3299 2025 3338 quo]
2051 3298 2109 3338 qui
2135 3298 2167 3330 T
2185 3297 2196 3340 ΙΙ
2224 3299 2263 3330 13
2288 3297 2390 3330 relin-

156 3342 203 3374 M
219 3341 231 3378 ll
259 3342 296 3373 ἐκ
320 3341 385 3373 τοῦ
411 3337 520 3374 αὐτοῦ
545 3340 708 3384 βαθμοῦ]
742 3352 780 3373 ex
803 3342 909 3383 gradu
933 3342 996 3374 hoo
1020 3352 1039 3377 ς
1065 3342 1077 3385 ΙΙ
1103 3344 1144 3376 23
1164 3345 1240 3386 μοῖ-
1310 3345 1414 3384 quant
1441 3343 1471 3374 T
1486 3341 1497 3385 ΙΙ
1514 3341 1595 3374 duas
1619 3343 1796 3386 addwulq.
1817 3342 1829 3386 ll
1854 3344 1896 3376 14
1920 3342 2035 3374 *recte
2061 3343 2138 3375 libri
2151 3342 2163 3386 ss
2187 3342 2308 3375 uolunt
2330 3344 2363 3376 V
2379 3342 2391 3386 ΙΙ

156 3398 224 3431 ραν
242 3388 312 3427 καὶ]
337 3388 396 3418 καὶ
414 3398 502 3422 oms
519 3385 531 3429 ss
550 3383 808 3429 δεινοφφικίοςο
835 3386 903 3431 ΜΗ
923 3388 964 3420 30
989 3385 1114 3429 νόμου]
1139 3389 1181 3431 cf.
1197 3389 1242 3421 ad
1312 3390 1351 3421 15
1376 3387 1498 3429 aliquis
1521 3388 1607 3430 vulq.
1626 3387 1638 3430 ΙΙ
1663 3387 1832 3429 relinquat
1853 3388 1897 3428 V]
1921 3387 2132 3428 relinquatur
2162 3386 2191 3419 T
2211 3387 2224 3431 ΙΙ
2252 3389 2292 3421 16
2316 3387 2389 3420 loco

157 3433 232 3473 647,
247 3439 282 3466 26
302 3431 314 3474 ΙΙ
332 3433 375 3465 34
393 3427 605 3473 δυνάμενον]
630 3431 817 3464 valentibus
835 3433 867 3472 (i.
880 3444 907 3464 e.
923 3428 1170 3476 δυναμένωνῖ)
1196 3445 1215 3469 ς
1230 3432 1241 3478 ΙΙ
1308 3434 1394 3476 vulq.
1412 3432 1423 3475 ΙΙ
1452 3434 1490 3466 18
1515 3432 1600 3464 fiunt
1627 3433 1659 3465 T
1677 3432 1688 3476 ΙΙ
1709 3433 1831 3465 dudum
1858 3433 1901 3473 V]
1926 3445 1983 3465 om.
2000 3433 2123 3475 Tvulq.
2142 3431 2155 3475 ΙΙ
2176 3434 2216 3467 19
2241 3433 2389 3465 decerni-

157 3477 198 3510 39
223 3475 269 3509 τὰ
295 3477 460 3520 Scrz‘myer
478 3478 533 3519 (cf.
552 3478 595 3518 ς)]
620 3475 688 3509 τὸν
714 3477 758 3509 M
768 3476 779 3520 ΙΙ
798 3478 840 3510 40
859 3473 964 3518 ὥστε]
983 3480 1020 3509 ut
1037 3479 1127 3510 omni
1143 3479 1239 3511 modo
1308 3488 1380 3510 mus
1407 3478 1438 3510 T
1452 3477 1463 3520 ΙΙ
1481 3477 1589 3509 adhue
1613 3479 1753 3519 utraque
1778 3477 1925 3510 ordinem
1948 3477 2003 3520 Vss
2020 3479 2148 3519 partem
2171 3479 2269 3520 outa]
2294 3480 2390 3519 pater

156 3522 190 3562 (i.
206 3534 231 3553 e.
249 3516 344 3555 ὥστε
366 3524 479 3556 παντὶ
502 3519 644 3566 τρόπῳ)
669 3533 689 3557 ς
705 3525 717 3564 ΙΙ
744 3523 785 3556 41
812 3518 1021 3566 ἠξιωμένοις
1045 3523 1092 3556 M
1318 3523 1380 3555 VT
1398 3521 1410 3565 ΙΙ
1439 3524 1479 3556 20
1506 3522 1733 3563 deinofficiosi]
1760 3527 1791 3555 et
1816 3523 1853 3555 de
1878 3522 2061 3555 inofficioso
2086 3523 2170 3566 vulq.
2190 3523 2202 3565 ΙΙ
2225 3523 2390 3555 deficenti-

614 3586 624 3592 »
1308 3567 1370 3600 bus
1394 3567 1460 3600 VT
1482 3566 1494 3610 ΙΙ
1522 3568 1559 3601 21
1588 3568 1772 3600 delebratas
1792 3569 1823 3601 V
1843 3567 1855 3610 ss
1881 3569 1922 3601 28
1946 3566 2012 3612 <et>
2036 3567 2246 3600 libertatibus
2269 3570 2355 3611 vuly.
2380 3568 2391 3606 ΙΙ

1309 3613 1350 3646 29
1376 3612 1568 3645 contradere
1601 3613 1635 3646 V
1653 3614 1664 3655 ΙΙ
1696 3613 1726 3646 ei
1751 3614 1783 3645 T
1802 3613 1814 3657 ΙΙ
1845 3614 1887 3646 32
1912 3613 2125 3645 hereditatem
2154 3613 2186 3646 T
2205 3613 2218 3656 ΙΙ
2246 3614 2289 3646 33
2313 3612 2390 3646 sub-

216 3655 231 3687 1
253 3654 293 3686 ad
315 3667 372 3687 om.
395 3656 449 3699 Vl}
467 3656 562 3688 fidem
580 3656 846 3688 Christianorum
864 3657 960 3699 only„
985 3657 1080 3689 fidem
1106 3671 1163 3691 om.
1180 3659 1213 3691 T
1308 3658 1457 3698 stantias]
1482 3657 1683 3691 substantias
1704 3669 1813 3691 rerum
1835 3658 1891 3701 Vl}
1909 3659 1951 3691 35
1975 3658 2012 3690 in
2030 3658 2165 3698 suturis]
2190 3658 2225 3690 in
2251 3670 2308 3691 om.
2329 3658 2363 3692 V
2378 3657 2391 3703 ΙΙ

156 3699 296 3731 reuertis
314 3700 346 3732 T
360 3699 372 3744 ΙΙ
389 3701 408 3733 2
429 3701 645 3734 hereditatem
663 3702 696 3735 T
712 3701 725 3745 ll
744 3702 763 3735 3
779 3701 819 3742 si]
844 3701 884 3734 ab
901 3701 1000 3735 initio
1020 3704 1096 3736 add.
1111 3704 1205 3737 Beck
1307 3713 1413 3744 neque
1439 3703 1471 3735 T
1491 3702 1503 3746 ΙΙ
1522 3704 1563 3737 37
1587 3702 1670 3736 alter
1695 3716 1752 3737 om.
1777 3704 1809 3737 T
1830 3703 1842 3747 ΙΙ
1861 3713 1973 3736 eorum
1994 3702 2064 3744 qui]
2090 3713 2268 3745 eorumque
2296 3703 2328 3737 T

227 3754 279 3782 111.
2073 3761 2115 3794 82
