2618 4010
286 97 392 141 Nov.
423 97 523 140 VIII
553 97 716 141 Notitia
1368 93 1423 142 82
1904 110 1965 141 UT
1994 109 2173 141 mmcss
2202 109 2300 140 snm
2328 109 2508 165 Quoquo

329 209 374 256 τῇ
389 206 487 248 τάξει
509 209 585 243 τῶν
599 206 848 249 ἐνδοξοτάτων
864 206 1033 254 ἐπάρχων
1051 205 1140 253 ὑπὲρ
1478 207 1597 243 officio
1612 207 1947 252 gloriosissimorum
1963 208 2224 254 praefectorum
2248 208 2506 253 praetorIorum

373 252 642 300 προςτάγματος
1182 265 1262 293 νομ.
1286 249 1320 296 μ’
2224 254 2287 289 sol.
2313 264 2408 289 1111111.
2430 253 2504 289 XL.

285 298 327 351 ⁷„
347 295 435 332 Ἀπό
466 299 531 332 τοῦ
562 297 732 344 ἄρχοντος
762 297 1124 341 Παλαιστίνης
1154 295 1366 343 δευτέρας

283 353 414 376 ουτως·

329 391 401 421 τοῖς
414 386 666 433 περιβλέπτοις
682 387 948 436 χαρτουλαρίοις
961 391 1056 434 τρισὶ
1076 388 1140 422 τοῦ
1403 390 1423 422 5

374 433 479 466 θείου
503 432 750 478 κσυβουκλείου
1184 444 1264 476 νομ.
1289 431 1330 466 θ’

327 478 381 520 τῷ
394 482 615 524 πριμικηρίῳ
628 480 708 513 τῶν
723 477 989 524 λαμπροτάτων
1001 477 1144 523 τριβού-

372 535 450 556 νων
473 527 657 569 νοταρίων
1182 535 1263 567 νομ.
1287 520 1341 557 κδ’

327 568 381 611 τῷ
407 566 517 602 αὐτοῦ
537 569 644 622 fon&
658 569 674 577 ⁹
1183 581 1263 611 νομ.
1287 566 1317 614 γ’

326 613 371 659 τῇ
383 611 482 654 τάξει
501 626 580 648 των
599 582 848 654 ἐνδοξοτάτων
862 612 1029 659 ἐπάρχων
1049 610 1140 658 ὑπὲρ
1382 615 1421 647 10

372 655 640 706 προςτάγματος
1181 671 1261 703 νομ.
1285 657 1321 702 μ’
1618 699 1626 706 ⁶

283 703 306 738 8
349 699 436 736 Ἀπὸ
461 707 522 737 τοῦ
548 702 718 749 ἄρχοντος
743 706 965 746 Φοινίκης
997 700 1208 747 παράλου
1232 699 1362 738 οὕτως·
1432 697 1453 732 7
1497 698 1531 733 Α
1554 698 1671 734 iudice
1697 699 1923 735 Foenicae
1946 700 2199 736 maritimae
2223 700 2291 735 ita:

327 751 399 782 τοῖς
411 747 662 794 περιβλέπτοις
681 747 947 794 χαρτουλαρίοις
964 751 1060 795 τρισὶ
1074 748 1136 783 τοῦ
1477 744 1730 789 spectabilibus
1780 746 2006 780 chartulariis
2048 747 2162 781 tribus
2211 745 2304 781 sacri
2351 745 2506 780 cubiculi

372 793 476 827 θείου
500 792 743 838 κουβουκλείου
1179 807 1258 838 νομ.
1284 793 1324 828 θ’
1645 834 1652 841 ·
2244 791 2310 826 sol.
2334 801 2429 826 num.
2455 791 2506 824 IX

326 839 380 882 τῷ
393 843 613 884 πριμικηρίῳ
625 840 703 872 τῶν
717 837 983 884 λαμπροτάτων
996 836 1138 884 τριβού-
1187 846 1189 849 ’
1379 842 1417 874 15
1475 833 1676 878 primicerio
1714 835 1990 870 clarissimorum
2024 834 2248 870 tribunorum
2286 836 2506 870 notariorum

372 897 450 917 νων
473 888 656 928 νοταρίων
1179 897 1259 928 νομ.
1283 883 1334 918 κδ’
2157 881 2222 916 sol.
2246 890 2341 915 num.
2366 880 2506 915 XXIIII

325 929 379 971 τῷ
405 926 513 962 αὐτοῦ
536 929 668 972 βοηθῷ
1175 943 1255 974 vop.
1275 930 1305 977 γ’
1476 923 1554 959 eius
1578 923 1733 959 adiutori
2244 925 2308 960 sol.
2334 936 2430 960 num.
2455 925 2506 959 Ill

325 975 370 1017 τῆ
391 971 489 1014 τάξει
509 974 587 1007 τῶν
600 970 848 1014 ἐνδοξοτάτων
864 972 1033 1018 ἐπάρχων
1047 970 1138 1020 ὑπὲρ
1476 968 1595 1004 officio
1615 969 1949 1013 gloriosissimorum
1968 969 2230 1014 praefectorum
2248 971 2506 1014 praetoriorum

349 1009 358 1020 ι
371 1017 638 1073 προςτάῖματος
1178 1032 1257 1064 νομ.
1282 1018 1319 1064 μ’
1564 1058 1573 1066 ·
1627 1059 1635 1067 ·
1792 1059 1800 1067 ⁸
2135 1059 2142 1067 .
2217 1016 2282 1050 sol.
2307 1025 2401 1050 num.
2428 1014 2503 1050 XL.

280 1063 305 1098 9
347 1060 435 1097 Ἀπὸ
459 1076 522 1097 του
542 1063 712 1109 ἄρχοντος
736 1065 904 1106 Συρίας
927 1061 1151 1111 δευτέρας
1174 1062 1308 1099 οὕτως·
1374 1059 1453 1099 208
1499 1059 1532 1092 A
1562 1058 1680 1094 ludlce
1704 1058 1859 1105 Syrlae
1883 1059 2110 1095 secundae
2132 1063 2198 1094 lta:

325 1111 397 1142 τοῖς
410 1107 660 1156 περιβλέπτοις
676 1107 944 1156 χαρτουλαριόις
963 1112 1058 1155 τρισὶ
1070 1111 1134 1144 τοῦ
1474 1104 1729 1148 spectabilibus
1778 1105 2002 1140 chartulariis
2049 1105 2164 1140 tribus
2212 1104 2305 1140 sacri
2353 1104 2506 1140 cubiculi

370 1154 475 1187 θείου
499 1152 745 1197 κουβουκλείου
1178 1169 1258 1200 νομ.
1283 1155 1323 1190 θ’
2244 1150 2310 1185 sol.
2335 1160 2430 1185 num.
2455 1151 2506 1185 IX

325 1199 380 1242 τῷ
392 1202 610 1246 πριμικηρίῳ
623 1200 701 1233 τῶν
714 1196 981 1245 λαμπροτάτων
993 1198 1134 1247 τριβοῦ-
1473 1194 1673 1238 primicerio
1714 1194 1990 1230 Clarissimorum
2027 1195 2251 1230 tribunorum
2286 1196 2505 1230 notariorum

369 1257 448 1278 νων
470 1249 653 1290 νοταρίων
1177 1260 1256 1291 νομ.
1282 1245 1334 1281 κδ’
1495 1284 1503 1292 1
1621 1284 1628 1291 ι
1716 1284 1725 1293 .
2157 1241 2221 1275 sol.
2247 1251 2342 1275 num.
2368 1240 2506 1274 XXIIII

325 1290 378 1332 τῷ
403 1286 512 1324 αὐτοῦ
537 1289 671 1334 βοηθῷ
1178 1305 1256 1326 mm,
1281 1292 1310 1339 γ’
1373 1293 1413 1325 25
1473 1293 1548 1318 eius
1572 1283 1727 1320 adiutori
2242 1286 2307 1320 sol.
2332 1296 2428 1320 num.
2453 1286 2506 1320 111

323 1335 368 1380 τῇ
384 1332 484 1375 τάξει
502 1336 581 1369 τῶν
594 1332 842 1375 ἐνδοξοτάτων
860 1332 1029 1381 ἐπάρχων
1044 1333 1135 1382 ὑπὲρ
1220 1325 1224 1336 ’
1473 1329 1592 1364 officio
1610 1329 1944 1374 gloriosissimorum
1963 1330 2227 1376 praefectorum
2247 1332 2506 1375 praetoriorum

370 1380 637 1426 προςτάγματος
1176 1395 1254 1427 νομ.
1279 1381 1313 1427 μ’
2216 1376 2280 1411 801·
2307 1387 2402 1411 num·
2427 1375 2504 1412 XL·

279 1424 326 1459 10
367 1420 455 1460 Ἀπὸ
482 1426 547 1459 τοῦ
568 1423 738 1471 ἄρχοντος
763 1427 817 1460 Θε
826 1439 845 1460 o
855 1423 915 1460 δω
925 1439 945 1473 ρ
954 1441 966 1460 ι
975 1425 998 1460 ά
1008 1425 1057 1461 δο
1067 1439 1082 1461 ς
1107 1423 1221 1461 οὕτως
1230 1439 1238 1446 ·

325 1472 398 1504 τοῖς
412 1469 663 1515 περιβλέπτοις
673 1470 941 1517 χαρτουλαρίοις
958 1477 1054 1518 τρισὶ
1071 1474 1135 1506 τοῦ

369 1515 476 1550 θἐίου
497 1514 744 1560 κουβουκλείου
1179 1530 1257 1561 νομ.
1280 1516 1320 1551 θ’
1374 1519 1415 1551 30

324 1561 379 1604 τῷ
403 1565 623 1606 πριμικηρίῳ
651 1562 730 1594 τῶν
761 1558 1030 1608 λαμπροτάτων
1059 1575 1132 1607 τρι-

368 1605 514 1650 βούνων
539 1609 721 1652 νοταρίων
859 1643 865 1647 ,
1179 1620 1256 1652 νομ.
1281 1605 1334 1641 κδ’

324 1651 378 1694 τῷ
402 1648 511 1685 αὐτοῦ
534 1651 666 1695 βοηθῷ
1179 1666 1258 1697 νομ.
1283 1651 1315 1699 y'

324 1697 368 1743 τῇ
389 1695 486 1736 τάξει
501 1697 581 1730 τῶν
593 1694 842 1736 ἐνδοξοτάτων
859 1694 1027 1744 ἐπάρχων
1042 1693 1133 1743 ὑπὲρ

368 1737 636 1795 προςτάγμαὶτος
1177 1756 1255 1787 νομ.
1277 1742 1313 1788 μ’
1370 1745 1413 1777 35

279 1786 320 1820 ll
363 1784 451 1820 Ἀπο
475 1788 538 1820 τοῦ
561 1797 731 1832 αρχοντος
751 1782 789 1820 '0
798 1797 822 1820 σ
831 1800 852 1832 ρ
860 1800 880 1821 ο
888 1801 909 1830 η
917 1801 940 1821 ν
948 1788 970 1830 ἦ
979 1798 994 1821 ς
1017 1783 1131 1822 οὕτως
1139 1800 1146 1806 ·

323 1835 397 1865 τοῖς
409 1830 661 1879 περιβλέπτοις
674 1830 941 1877 χαρτουλαριόις
958 1836 1054 1879 τρισὶ
1070 1835 1134 1867 τοῦ

368 1877 475 1911 θείου
496 1874 744 1921 κουβουκλείου
1178 1892 1257 1924 νομ.
1284 1877 1324 1912 θ’

323 1923 377 1966 τῷ
394 1925 612 1967 πριμικηρίῳ
624 1923 703 1956 τῶν
716 1919 984 1968 λαμπροτάτων
994 1921 1134 1969 τριβού-

368 1980 446 2001 νων
463 1970 648 2013 νοταρίων
1179 1981 1259 2013 νομ.
1283 1967 1337 2002 κδ’
1373 1971 1416 2003 40

323 2013 378 2055 τῷ
404 2009 514 2046 αὐτοῦ
537 2012 671 2056 βοηθῷ
1183 2027 1261 2058 νομ.
1284 2013 1314 2060 γ’

324 2058 368 2105 τῇ
381 2055 480 2097 τάξει
492 2058 570 2092 τῶν
589 2055 838 2097 ἐνδοξοτάτων
858 2055 1026 2102 ἐπάρχων
1044 2055 1135 2104 ὑπὲρ
1311 2101 1318 2113 .

369 2101 637 2149 προςτάγματος
1179 2117 1258 2148 νομ.
1283 2118 1309 2148 μ

278 2146 325 2183 12
367 2145 457 2182 Ἀπὸ
485 2148 550 2182 τοῦ
578 2146 749 2191 ἄρχοντος
772 2145 986 2182 Κιλικίας
1015 2147 1132 2195 πρώ-

370 2203 446 2235 της
468 2188 598 2226 οὕτως·
1372 2196 1415 2229 45

323 2240 397 2271 τοῖς
409 2236 661 2282 περιβλέπτοις
673 2236 942 2283 χαρτουλαρίοις
961 2241 1057 2284 τρισὶ
1071 2239 1134 2273 τοῦ

369 2283 474 2316 θἐίου
496 2280 744 2327 κουβουκλείου
1179 2297 1258 2329 νομ.
1278 2282 1318 2317 θ’

323 2328 377 2372 τῷ
391 2331 608 2374 πριμικηρίῳ
623 2328 701 2361 τῶν
713 2325 982 2375 λαμπροτάτων
994 2328 1134 2372 τριβού-

368 2386 447 2407 νων
465 2376 649 2419 νοταρίων
1181 2387 1260 2418 νομ..
1283 2370 1336 2407 κδ’

323 2418 377 2462 τῷ
399 2416 508 2452 αὐτοῦ
528 2418 661 2462 βοηθῷ
1178 2433 1256 2463 νομ.
1281 2416 1311 2466 γ’
1373 2422 1416 2454 50

324 2464 369 2510 τῇ
382 2461 482 2504 τάξει
491 2464 578 2519 ’τῶν
596 2459 846 2503 ἐνδοξοτάτων
859 2461 1028 2509 ἐπάρχων
1043 2460 1134 2509 ὑπὲρ
1313 2508 1322 2521 Ι
1399 2470 1402 2473 ’

369 2519 637 2555 προςταγματος
1181 2523 1262 2554 νομ.
1285 2523 1312 2554 μ

279 2553 325 2590 13
365 2552 455 2588 Ἀπὸ
479 2554 543 2588 τοῦ
567 2553 736 2600 ἄρχοντος
760 2551 944 2599 Κύπρου
967 2551 1098 2588 οὕτως·
1427 2555 1451 2590 9
1497 2557 1530 2591 A
1550 2557 1666 2591 iudice
1690 2557 1822 2601 Cypri
1853 2557 1919 2592 ita:

324 2603 397 2633 τοῖς
407 2596 660 2646 περιβλέπτοις
675 2597 942 2644 χαρτουλαρίοις
958 2602 1054 2645 τρισὶ
1067 2600 1131 2634 τοῦ
1473 2602 1728 2646 spectabilibus
1776 2602 2002 2641 chartulariis
2049 2602 2163 2637 tribus
2213 2602 2307 2637 sacri
2347 2603 2502 2638 cubiculi

369 2644 474 2678 θείου
497 2642 743 2688 κουβουκλείου
1129 2655 1133 2660 ·
1180 2658 1259 2690 νομ.
1283 2644 1323 2679 θ’
1371 2649 1412 2681 55
2240 2648 2305 2682 sol.
2332 2659 2427 2683 num.
2452 2649 2501 2683 IX

280 2735 301 2773 ’1
341 2745 417 2781 pro
440 2734 599 2770 iussione
619 2735 686 2770 sol.
700 2738 754 2770 40.
845 2736 878 2770 A
903 2735 1076 2780 praeside
1099 2734 1389 2771 Palaestinae
1410 2737 1628 2772 secundae
1650 2737 1721 2772 sic:
1739 2736 1997 2783 spectabilibus
2019 2736 2255 2772 chartulariis
2273 2738 2386 2777 tribus
2405 2740 2504 2774 sacri

279 2778 434 2815 cubiculi
456 2778 522 2814 sol.
537 2782 570 2822 9,
587 2779 801 2826 primicerio
826 2779 1109 2815 clarissimorum
1135 2780 1360 2816 tribunorum
1383 2781 1611 2817 notariorum
1634 2782 1701 2816 sol.
1715 2785 1770 2824 24,
1794 2782 1872 2817 eius
1892 2781 2055 2817 adiutori
2075 2782 2141 2817 sol.
2156 2786 2188 2824 3,
2213 2782 2341 2828 officio
2363 2783 2502 2829 ylario-

278 2825 303 2864 8
347 2824 570 2860 sissimon
586 2825 863 2870 praefectorum
880 2835 955 2871 pro
978 2825 1139 2861 iussione
1168 2825 1235 2861 sol.
1261 2829 1315 2861 40.
1427 2829 1458 2862 A
1483 2826 1652 2872 praeside
1675 2825 1937 2862 Phoenices
1968 2827 2235 2862 maritimae
2255 2828 2328 2862 sic:
2361 2834 2501 2875 specta-

279 2869 409 2905 bilibus
431 2869 665 2904 chartulariis
697 2869 810 2905 tribus
831 2870 930 2905 sacri
960 2869 1114 2905 cubiculi
1136 2870 1202 2906 sol.
1224 2873 1258 2914 9,
1282 2871 1496 2918 primicerio
1527 2871 1808 2906 clarissimorum
1842 2870 2067 2906 tribunorum
2095 2873 2322 2907 notariorum
2354 2872 2420 2908 sol.
2445 2875 2501 2913 24,

279 2915 302 2953 9
348 2915 427 2950 eius
449 2913 610 2949 adiutori
627 2914 693 2950 sol.
720 2917 752 2957 3,
777 2915 904 2967 officio
954 2914 1272 2951 loriosissimorum
1287 2917 1565 2963 praefectorum
1583 2928 1658 2963 pro
1683 2917 1842 2951 iussione
1859 2915 1923 2951 sol.
1938 2919 1990 2951 40.
2083 2918 2115 2951 A
2133 2917 2307 2963 praeside
2319 2917 2442 2970 ‘Syri
2450 2929 2502 2953 ac

279 2958 510 2996 secundae
531 2960 601 2994 sic:
634 2960 888 3006 spectabilibus
906 2960 1141 2996 ctartulariis
1165 2961 1280 2996 tribus
1298 2961 1396 2997 sacri
1418 2961 1573 2996 cubiculi
1595 2961 1662 2997 sol.
1685 2965 1719 3004 9,
1738 2961 1948 3008 primicerio
1970 2960 2252 2997 clarissimorum
2277 2962 2501 2998 tribunorum

279 3004 507 3040 'notariorum
540 3004 607 3039 sol.
633 3008 696 3046 24,
731 3005 808 3040 eius
844 3005 1004 3040 adiutori
1036 3005 1102 3040 sol.
1128 3008 1167 3048 3,
1204 3006 1332 3086 cylicia
1363 3006 1710 3052 qlmtosissimorum
1738 3006 2016 3054 praefectorum
2085 3017 2128 3041 ro
2160 3007 2319 3042 iussione
2354 3007 2422 3043 sol.
2446 3010 2500 3043 40.

281 3051 326 3089 10
371 3050 404 3085 A
421 3049 594 3096 praeside
611 3049 756 3085 Theod
763 3050 832 3085 ori
839 3050 935 3085 adis
954 3051 1026 3086 sic:
1048 3050 1235 3097 spectabili
1259 3062 1302 3086 us
1317 3050 1551 3086 chartulariis
1576 3051 1689 3087 tribus
1710 3052 1808 3087 sacri
1831 3050 1984 3086 cubiculi
2006 3017 2119 3093 εοῗξ),
2137 3052 2352 3098 primicerio
2376 3052 2502 3088 claris-

278 3095 452 3130 simorum
478 3094 702 3130 tribunorum
726 3096 953 3130 notariorum
982 3095 1048 3130 sol.
1076 3098 1131 3139 24,
1167 3096 1244 3131 eius
1266 3095 1428 3131 adiutori
1458 3096 1524 3131 sol.
1551 3099 1584 3138 3,
1620 3097 1747 3143 officio
1767 3096 2112 3143 qloriosissimorum
2127 3096 2407 3143 praefectorum
2457 3108 2501 3132 ro

281 3141 324 3179 ll
369 3140 529 3175 iussione
551 3140 617 3174 sol.
639 3145 691 3174 40.
783 3141 815 3175 A
837 3140 1007 3187 praeside
1032 3140 1285 3176 Osrhocnae
1303 3141 1374 3176 sic:
1412 3141 1668 3188 spectabilibus
1690 3140 1924 3177 chartulariis
1947 3141 2061 3176 tribus
2080 3142 2178 3176 sacri
2201 3141 2356 3177 cubiculi
2377 3108 2456 3178 sol?
2468 3145 2500 3183 9,

278 3185 488 3231 primicerio
513 3184 795 3220 clarissimorum
822 3185 1046 3221 tribunorum
1066 3186 1293 3222 notariorum
1311 3186 1376 3221 sol.
1393 3188 1449 3229 24,
1469 3187 1547 3221 eius
1570 3186 1732 3222 adiutori
1750 3187 1817 3222 sol.
1832 3189 1864 3228 3,
1888 3185 2014 3231 officio
2031 3186 2374 3238 gloriosissimorum
2394 3197 2501 3234 prae-

283 3228 325 3268 12
369 3230 550 3281 sectorum
568 3241 643 3277 pro
666 3230 825 3266 iussione
846 3231 912 3265 sol.
933 3234 986 3266 40.
1102 3231 1134 3266 A
1156 3230 1326 3277 praeside
1351 3231 1537 3267 Ciliciae
1556 3230 1730 3278 primae
1751 3232 1824 3266 sic:
1852 3230 2106 3278 spectabilzbus
2129 3231 2365 3267 chartulariis
2389 3230 2501 3267 tribus

280 3286 374 3309 sacri
400 3275 554 3310 cubiculi
572 3275 639 3310 sol.
665 3278 697 3315 9,
721 3276 931 3321 primicerio
956 3275 1239 3311 clarissimorum
1264 3276 1489 3311 tribunorum
1511 3275 1741 3311 notariorum
1764 3276 1830 3311 sol.
1852 3278 1906 3317 24,
1937 3275 2015 3310 eius
2038 3276 2198 3311 adiutori
2219 3276 2284 3311 sol.
2309 3279 2342 3318 3,
2373 3275 2499 3321 officio

284 3321 324 3356 13
370 3320 714 3366 qtoriosissimorum
732 3321 1011 3366 praefectorum
1034 3332 1110 3368 pro
1134 3321 1293 3356 iussione
1315 3322 1381 3356 sol.
1407 3325 1461 3357 40.
1552 3321 1585 3356 A
1608 3321 1782 3367 praeside
1807 3320 1949 3368 Cypri
1976 3321 2047 3355 sic:
2080 3319 2334 3367 spectabilibus
2355 3319 2499 3355 chartu-

328 3413 346 3441 3
379 3409 615 3454 παλαιστίνης
635 3412 695 3453 Μ]
729 3411 791 3454 τῆς
821 3410 1059 3455 παλαιστίνης
1081 3414 1113 3446 L
1142 3412 1155 3458 11
1186 3415 1225 3447 13
1261 3425 1357 3457 περι·
1437 3412 1487 3446 17²
1512 3412 1524 3455 ΙΙ
1553 3414 1591 3445 15
1614 3412 1879 3454 primiceriorum
1899 3411 1999 3453 RVH
2014 3411 2281 3450 clarissimorum]
2304 3409 2499 3451 gloriosissi-

282 3452 437 3497 βλέπτου
462 3457 492 3489 L
520 3458 578 3497 (id.
604 3458 659 3494 21)
693 3456 706 3501 ΙΙ
737 3459 776 3490 15
808 3457 862 3500 τῷ
887 3460 1107 3501 πριμικηρίῳ
1131 3477 1175 3482 -
1202 3469 1281 3502 νομ.
1304 3455 1356 3490 κδ’
1426 3467 1551 3490 morum
1575 3456 1612 3496 V,
1637 3470 1695 3489 om.
1715 3459 1753 3499 tn
1778 3460 1814 3490 l-‘Z
1838 3456 2091 3500 praeteritorum
2109 3455 2142 3488 R
2156 3456 2168 3496 ΙΙ
2191 3456 2229 3488 19
2253 3456 2313 3495 xc]
2337 3456 2498 3497 quinqua-

284 3512 342 3538 οηι.
367 3499 398 3531 L
425 3499 438 3539 ΙΙ
469 3503 506 3534 17
528 3499 559 3547 y'
587 3502 631 3542 L]
653 3499 679 3534 ε’
706 3500 750 3535 M
771 3502 785 3546 Ι
810 3504 852 3535 23
878 3500 1121 3548 λαμπροτάτου
1143 3503 1174 3536 L
1200 3502 1213 3547 ΙΙ
1237 3506 1278 3537 25
1300 3499 1357 3535 αὖ·
1426 3503 1520 3544 ginta
1541 3501 1595 3545 Vll
1614 3502 1653 3535 21
1682 3502 1827 3534 sacrisR
1846 3503 1916 3542 1122
1937 3501 2010 3541 sol.]
2027 3500 2106 3533 solis
2118 3499 2164 3532 13¹
2183 3498 2197 3541 Ι
2214 3501 2255 3532 23
2277 3500 2498 3540 tribunorum]

282 3543 347 3576 τοῦ
367 3555 425 3577 om.
439 3544 485 3577 Μ
493 3546 506 3588 ΙΙ
524 3547 566 3579 32
586 3549 744 3592 νοταρίω
770 3554 800 3581 et
822 3549 870 3581 sic
891 3548 912 3589 ξ
929 3549 968 3581 13
994 3556 1024 3581 et
1047 3549 1121 3582 inde
1142 3561 1162 3582 a
1184 3549 1208 3599 ᾗ
1227 3550 1266 3582 15
1286 3561 1359 3582 con·
1425 3546 1666 3589 praefectorum
1691 3546 1902 3579 tribunorum
1924 3546 1970 3579 R*
1987 3545 2000 3589 11
2019 3542 2153 3588 nsok]
2177 3542 2255 3576 solis
2272 3544 2303 3576 R
2319 3543 2332 3587 ΙΙ
2349 3544 2407 3576 sol.
2433 3545 2500 3577 ιιιῖυ

282 3592 407 3621 stanter
431 3588 462 3621 L
1198 3602 1200 3604 ·
1425 3601 1469 3623 xx
1499 3592 1606 3633 suppl.
1640 3591 1690 3624 V²
1713 3593 1746 3624 in
1768 3598 1853 3634 spat.
1878 3603 1962 3630 wc.⁹
1985 3599 2042 3622 1111
2061 3589 2132 3621 eius
2155 3589 2299 3620 adiutori
2323 3589 2382 3621 sol.
2408 3599 2498 3622 uum.

1426 3649 1482 3669 om.
1518 3636 1550 3668 V
1570 3636 1582 3679 ΙΙ
1605 3637 1648 3670 26
1672 3635 1912 3679 praetoriorum
1946 3635 1990 3676 V]
2017 3646 2074 3669 om.
2099 3633 2132 3666 R
2156 3633 2198 3666 al.
2216 3633 2228 3676 u
2248 3634 2287 3666 27
2313 3633 2427 3667 solidis
2450 3635 2497 3668 R*

332 3679 371 3713 12
402 3678 577 3721 Poenicae]
603 3681 706 3714 sinice
729 3682 822 3717 RV’
846 3683 925 3716 siris
957 3682 1009 3711 V’
1039 3683 1174 3724 phinice
1198 3691 1212 3718 t
1239 3683 1253 3727 ll
1278 3682 1358 3715 item
