2586 3990
130 137 219 168 NON
247 138 365 168 FIERI
395 137 560 168 SAORAS
588 138 763 170 FORMAS

131 249 236 269 πτων
258 234 360 279 ἡμῶν
388 234 683 281 ῥεφερενδαρίων.
730 240 791 271 καὶ
822 236 938 272 ταῦτα’
970 250 1107 282 φαμεν,
1138 237 1208 270 εἴτε

130 283 167 313 ἐκ
194 281 296 314 θείου
319 278 421 323 ἡμῶν
444 281 696 324 θεσπίσματος
720 281 880 325 δικάζειν
902 294 955 317 τις
979 283 1117 324 ἐτάχθη
1141 282 1211 315 εἰτε

130 328 167 358 ἐκ
200 326 421 370 προςτάξεως
451 325 595 370 ἀρχικῆς
626 327 697 361 εἴτε
724 328 816 362 κατὰ
840 327 883 362 τὸ
908 328 985 362 τῶν
1009 327 1164 374 αἱρετῶν
1187 323 1210 369 ἢ

129 374 467 416 κομπρομισσαρίων
500 369 767 417 διαγνωμόνων
796 374 918 416 σχῆμα
946 374 1007 416 τῆς
1032 371 1210 415 ζητήσεως

128 418 312 458 ἀκροᾶται,
336 416 406 450 εἴτε
430 415 615 461 ἐγγράφως
634 419 704 451 εἴτε
714 417 946 471 γραμμάτων
966 421 1081 462 χωρίς.
1118 414 1208 449 ἀλλὰ

128 458 197 494 κιῗν
228 461 263 493 εἴ
287 472 340 494 τις
370 462 447 494 τῶν
478 460 661 496 δικαστῶν
688 475 748 504 της
772 461 863 496 ἰδίας
886 462 1116 508 περιφρονῶν
1139 474 1208 494 σω-

127 509 250 548 τηρίας
280 507 319 539 ἔκ
351 518 447 540 τινος
473 508 636 541 τοιουτου
668 507 855 551 τολμήσειε
887 509 1012 552 ψῆφον
1041 509 1097 539 ἐνε
1122 509 1207 547 κεῖν,

127 550 263 590 ταύτην
286 547 399 584 οὕτως
430 550 562 597 ἄκυρον
586 553 677 587 εἶναι
706 552 932 597 βουλόμεθα,
964 549 1011 585 ὠς
1039 565 1087 595 μη
1113 553 1129 584 ὲ
1153 553 1206 585 έκ-

128 594 253 635 κλήτου
277 594 514 651 προςδεῖσθαι
543 596 633 640 μηδὲ
661 598 791 651 τὴνυέκ
823 599 900 632 τῶν
924 600 1206 641 κομπρομίσσων

1201 124 1281 170 531

1942 128 2048 171 Νον.
2080 127 2216 171 CXIII
2251 130 2354 170 1—-3

1278 235 1452 272 cientibus
1474 237 1727 282 spectabilibus
1752 239 1883 274 nostris
1905 239 2162 274 referendariis.
2199 239 2249 274 Et
2265 239 2354 274 haec

1280 281 1446 324 dicimus,
1490 283 1563 317 sive
1599 293 1643 318 ex
1678 294 1782 318 sacra
1818 288 1940 319 nostra
1976 285 2159 319 sanctione
2196 284 2354 319 iudicare

1279 326 1453 371 quispiam
1483 327 1674 372 deputatus
1707 332 1761 363 est
1796 329 1866 363 sive
1900 340 1942 363 ex
1974 334 2167 373 praecepto
2199 330 2354 364 iudiciali

1278 371 1350 406 sive
1386 374 1581 408 secundum
1617 373 1832 407 arbitrorum
1869 379 1930 408 aut
1966 375 2353 419 compromissariorum

1244 419 1262 450 5
1279 416 1422 451 schema
1446 418 1688 461 quaestionem
1713 418 1822 458 audit,
1848 419 1919 453 sive
1945 420 2077 464 scripto
2102 420 2173 454 sive
2197 420 2272 454 sine
2296 421 2352 454 lit-

1277 461 1372 495 teris.
1422 463 1491 498 Sed
1515 464 1569 498 vel
1599 464 1628 498 si
1653 464 1731 507 quis
1762 463 1918 498 iudicum
1949 465 2129 509 propriam
2155 464 2353 508 despiciens

1277 506 1427 541 salutem
1452 518 1495 542 ex
1510 508 1628 552 aliquo
1653 509 1716 543 tali
1741 511 2019 554 praesumpserit
2043 510 2251 544 sententiam
2271 521 2352 554 pro-

1276 551 1379 592 ferre,
1405 553 1497 587 hanc
1521 554 1571 587 ita
1595 554 1769 588 infirmam
1794 564 1871 588 esse
1895 555 2066 596 volumus,
2093 560 2132 588 ut
2151 564 2265 599 neque
2289 565 2353 599 ap-

1275 597 1466 640 pellatione
1490 598 1646 642 indigeat
1678 608 1792 642 neque
1823 609 1866 633 ex
1892 600 2154 644 compromissis
2179 599 2353 634 inferatur

127 637 475 696 ,ἐπείγεινἱποινην·ἱ
492 646 589 696 ημεῖς
623 643 692 689 γὰρ
722 654 887 677 απαντας
916 641 999 676 τοὺς
1034 639 1206 676 δικαστὰς
1221 644 1261 677 10
1274 652 1407 686 poena:
1443 654 1509 678 nos
1533 644 1625 678 enim
1650 654 1771 678 omnes
1795 644 1928 679 iudices
1954 646 2148 679 secundum
2172 645 2351 687 generales

126 685 216 717 κατὰ
240 697 320 719 τους
341 699 498 730 γενικους
518 690 621 732 ημῶν
644 690 773 732 νόμους
796 684 858 721 τάς
880 700 919 721 τε
943 685 1119 727 ἐξετάσεις
1141 685 1205 720 τάς
1232 730 1235 733 ¹

125 742 165 762 τε
189 734 318 775 κρίσεις
343 733 531 766 ποιεῖσθαι
554 732 773 777 βουλόμεθα.
819 730 952 766 Ἐκεῖνο
978 730 1017 765 δὲ
1039 734 1116 765 τῶν
1140 731 1204 765 ἅν-

126 774 412 821 ωμολογημένων
436 781 546 819 ἐστίν,
573 776 619 812 ως
643 777 726 812 οὐδὲ
748 776 875 823 ἀρχική
892 789 944 811 τις
961 777 1129 820 κρατήσει
1151 780 1202 810 κέ-

126 817 239 854 λευσις
262 819 361 866 παρὰ
393 822 433 856 τὸ
460 822 739 870 διατεταγμένον
763 821 859 866 τῷδε
882 819 987 866 ἡμῶν
1010 823 1063 864 τῷ
1089 821 1202 865 νόμῳ.

1274 689 1416 723 nostras
1449 688 1545 731 leges
1578 693 1612 723 et
1637 689 1914 724 examinationes
1948 693 1984 724 et
2007 690 2203 724 sententias
2234 689 2353 724 facere

1274 732 1444 768 volumus.
1493 733 1584 768 Illud
1609 744 1748 778 quoque
1771 734 2010 769 indubitatum
2035 739 2103 777 est,
2132 735 2214 778 quia
2238 745 2353 778 neque

1274 777 1447 813 iudicialis
1478 779 1657 823 quaelibet
1689 779 1819 814 valebit
1847 779 1959 815 iussio
1996 786 2098 815 extra
2129 779 2224 824 quod
2257 779 2350 814 ordi-

1273 825 1397 857 natum
1421 828 1475 858 est
1498 825 1566 859 hac
1590 827 1714 859 nostra
1737 824 1824 868 lege.

1121 899 1277 935 CAPUT
1300 900 1344 936 ΙΙ.

171 954 266 1000 Πρὸς
298 954 437 990 τούτοις
472 955 510 990 δὲ
544 956 685 992 κάκεῖνο
719 956 799 992 τοὺς
834 955 1045 998 δικάζοντας
1073 955 1260 991 εἰδέναι15

125 1000 246 1042 χρεών,
269 997 315 1034 ὠς
339 1003 514 1046 προςῆκόν
539 1004 639 1037 ἐστιν
663 1000 788 1037 αὐτοὺς
812 1006 871 1036 καὶ
894 1002 958 1036 τὰς
980 1004 1036 1036 ἔτι
1059 1004 1118 1034 καὶ
1138 1002 1206 1034 νῦν

125 1048 332 1087 κινουμένας
357 1047 516 1089 ζητήσεις
540 1047 631 1081 κατὰ
657 1046 735 1082 τοὺς
754 1047 913 1094 γενικοὺς
936 1044 1040 1091 ἡμῶν
1063 1049 1206 1090 τέμνειν

125 1088 269 1132 νόμους,
302 1087 370 1125 κᾶν
402 1093 436 1125 εἴ
463 1104 516 1126 τις
545 1091 611 1135 ἤδη
641 1093 746 1127 θεῖον
776 1093 943 1138 ἔφθασεν
970 1089 1206 1136 πορισάμενος

126 1135 316 1179 θέσπισμα
353 1135 545 1171 διατάττων
581 1137 649 1181 τὴν
683 1139 746 1172 τοῦ
782 1138 952 1172 δικαστοῦ
986 1137 1150 1176 ἐξέτασιν
1181 1134 1204 1180 ἢ

1342 957 1456 1001 Super
1486 958 1575 992 haec
1612 961 1728 993 autem
1765 962 1800 994 et
1836 958 1923 993 illud
1956 958 2091 993 iudices
2124 968 2230 993 nosse
2261 970 2351 1003 opus

1274 1007 1345 1043 est,
1379 1003 1461 1046 quia
1486 1009 1689 1047 competens
1714 1008 1769 1038 est
1793 1014 1853 1038 eos
1885 1008 1920 1038 et
1945 1013 2035 1048 quae
2055 1004 2172 1038 adhuc
2197 1009 2231 1038 et
2256 1016 2351 1038 nunc

1274 1051 1460 1082 moventur
1494 1049 1720 1093 quaestiones
1752 1049 1946 1084 secundum
1976 1050 2157 1092 generales
2190 1050 2351 1084 determi-

1273 1102 1360 1127 nare
1394 1093 1505 1136 leges,
1545 1094 1598 1128 vel
1637 1094 1665 1128 si
1703 1094 1781 1138 quis
1816 1094 1887 1129 iam
1923 1095 2119 1138 praecessit
2155 1094 2351 1138 impetrans

1273 1137 1493 1172 sanctionem
1538 1139 1784 1183 disponentem
1826 1140 2015 1174 iudicantis
2055 1139 2352 1174 examinationem

126 1184 251 1224 κρίσιν.
305 1180 371 1215 τὸν
389 1182 458 1227 γὰρ
490 1183 631 1217 τοιοῦτό
662 1198 698 1216 τι
726 1184 967 1228 πορισάμενον
993 1180 1058 1234 ἤδη
1083 1181 1205 1237 ψήφου
1218 1185 1259 1217 20
1273 1186 1337 1217 aut
1361 1183 1581 1218 sententiam.
1631 1184 1675 1218 Ei
1700 1185 1808 1227 enim,
1842 1185 1902 1228 qui
1925 1186 1997 1219 tale
2026 1185 2159 1229 aliquid
2182 1186 2350 1229 impetra-

125 1239 164 1258 τε
196 1223 403 1260 αὐτοτελοῦς
433 1226 534 1261 οὔπω
565 1228 782 1270 τετυχηκότα
810 1225 915 1262 οὐδὲν
943 1229 981 1261 ἐκ
1004 1241 1081 1261 των
1106 1240 1205 1270 αυτῳ

126 1275 402 1314 πεπορισμένων
434 1268 656 1317 ὠφελεῖσθαι
685 1273 905 1318 βουλόμεθα.
953 1273 984 1306 εἰ
1010 1271 1077 1318 γὰρ
1108 1269 1206 1312 ἅπαξ

125 1316 268 1358 ἔφθασε
300 1318 416 1361 ψῆφος
450 1316 636 1361 αὐτοτελὴς
668 1317 838 1361 δοθεῖσα,
873 1315 1037 1362 οὐδαμῶς
1068 1316 1205 1360 ταύτην

126 1364 162 1392 ἐκ
187 1359 292 1415 τοῦδηει
316 1359 419 1405 ἡμῶν
443 1362 827 1409 πολυπραγμονεῖσθαι
847 1365 910 1397 τοῦ
934 1362 1046 1407 νόμου
1070 1361 1204 1396 κελεύο-

1273 1228 1324 1262 vit
1346 1229 1416 1262 iam
1433 1229 1715 1274 sententiamque
1739 1230 1952 1264 definitivam
1974 1230 2128 1264 nondum
2144 1230 2350 1274 promeruit,

1273 1273 1361 1308 nihil
1394 1284 1437 1307 ex
1468 1274 1523 1309 his
1557 1284 1648 1318 quae
1678 1275 1878 1318 impetravit
1901 1275 2070 1319 prodesse
2094 1276 2264 1310 volumus.
2314 1275 2352 1310 Si

1274 1319 1366 1353 enim
1398 1319 1504 1353 semel
1532 1320 1717 1364 praevenit
1747 1320 1923 1354 sententia
1956 1320 2132 1355 definitiva
2156 1321 2256 1362 data,
2288 1331 2350 1355 ne-

1274 1373 1451 1408 quaquam
1474 1364 1569 1399 hanc
1594 1375 1637 1399 ex
1662 1365 1730 1399 hac
1755 1369 1879 1400 nostra
1902 1365 2121 1410 perscrutari
2151 1366 2227 1409 lege
2251 1366 2350 1400 iube-

124 1419 207 1458 fltey,
238 1420 304 1440 καν
334 1420 365 1439 ει
389 1407 553 1449 ἔκκλητος
577 1408 875 1463 ἐπηκολούιξησεις
893 1406 915 1451 ἢ
940 1412 999 1442 καὶ
1021 1405 1092 1442 ἀνα
1125 1407 1204 1450 ηλα-
1219 1411 1260 1443 25
1273 1420 1363 1450 mus,
1388 1409 1471 1444 licet
1495 1410 1689 1454 appellatio
1713 1410 1906 1445 subsecuta
1931 1411 1976 1445 sit
2001 1414 2063 1445 aut
2086 1411 2349 1445 retractationis

125 1450 265 1494 φησεώς
299 1454 379 1485 ἐστί
406 1464 459 1486 τις
490 1452 589 1487 ἐλπὶς
619 1467 710 1488 κατα
740 1467 802 1498 της
825 1467 957 1500 ψηφου.
1004 1453 1072 1497 τὴν
1116 1455 1132 1486 ὲ
1155 1452 1203 1497 μὴ

124 1498 311 1530 ἰἰνποῦσαν
333 1499 400 1539 μὲν
421 1497 487 1531 τὸν
511 1497 706 1541 δικάζοντα
730 1498 752 1542 ἢ
774 1499 931 1541 δικάζειν
954 1498 1130 1543 μέλλοντα
1150 1502 1203 1532 κε’-

124 1540 260 1583 λευσιν,
293 1538 392 1576 ὅπως
422 1541 496 1576 δεόι
527 1543 596 1587 τὴν
626 1543 775 1587 ζήτησιν
808 1546 999 1579 ποιεῖσθαι
1030 1542 1052 1587 ἢ
1085 1548 1204 1590 κρίσιν

124 1585 289 1632 ἐπάγειν,
314 1586 394 1640 τὴν,ἱ
411 1586 461 1640 δὲῚ
481 1586 583 1632 δίκην
613 1588 753 1637 σπουδῇ
778 1588 1038 1634 παραδοθῆναι
1061 1594 1202 1633 νομίμῳ

1273 1457 1329 1489 est
1352 1455 1472 1498 aliqua
1493 1465 1576 1499 spes
1593 1460 1719 1490 contra
1736 1456 1958 1491 sententiam.
2006 1456 2097 1490 Eam
2118 1460 2235 1490 autem
2260 1467 2351 1500 quae

1272 1510 1344 1534 non
1369 1500 1534 1544 disponet
1566 1500 1707 1544 quidem
1737 1500 1953 1535 iudicantem
1985 1505 2048 1536 aut
2071 1501 2230 1536 iudicare
2253 1502 2349 1535 futu-

1272 1555 1350 1579 rum
1374 1546 1581 1587 iussionem,
1615 1546 1790 1590 quomodo
1816 1551 1980 1590 oporteat
2009 1547 2249 1590 quaestionem
2273 1547 2350 1580 fieri

1272 1594 1333 1624 aut
1356 1590 1525 1625 iudicium
1549 1591 1690 1633 inferri,
1724 1601 1867 1625 causam
1892 1602 1974 1627 vero
2007 1592 2123 1626 studio
2147 1591 2240 1626 tradi
2264 1592 2349 1635 legi-

124 1634 342 1684 βουλομξνην
373 1646 394 1673 η
425 1647 491 1676 την
519 1635 596 1668 τῶν
621 1639 887 1682 πεπραγμένων
912 1637 1125 1681 ἐπείγουσαν
1149 1636 1202 1667 ἔκ-
1218 1637 1258 1668 30
1272 1635 1356 1670 timo
1386 1637 1462 1670 vult
1491 1639 1555 1670 aut
1583 1639 1744 1671 actorum
1773 1636 1924 1680 imponit
1953 1637 2142 1672 editionem
2174 1639 2237 1671 aut
2260 1637 2349 1671 iudi-

124 1674 226 1710 δοσιν
250 1690 359 1728 ηλτον
380 1676 555 1721 δικαστὴν
579 1676 854 1726 ἀναγκαζουσαν
872 1679 1030 1723 νόμιμον
1047 1681 1202 1726 ἐνεγκεῖν

123 1723 246 1776 ψῆφον
268 1721 563 1775 η,συνδικαστὴν
594 1725 686 1759 κατὰ
717 1726 797 1760 τους
833 1725 1020 1771 ἡμετέρους
1054 1738 1202 1777 παρεχο-

1273 1691 1348 1715 66111
1379 1685 1481 1724 coget
1512 1681 1703 1725 legitimam
1732 1682 1892 1726 proferre
1917 1683 2128 1717 sententiam
2159 1685 2223 1717 aut
2247 1682 2351 1717 simul

1272 1727 1378 1760 alium
1410 1726 1563 1761 iudicem
1595 1727 1790 1761 secundum
1821 1730 1962 1762 nostras
1990 1730 2148 1771 praestat
2171 1728 2282 1771 leges,
2316 1731 2351 1761 et

121 1779 232 1819 μένην
264 1780 394 1820 νομους
421 1770 596 1813 γίνεσθαί
625 1784 664 1804 τε
695 1774 754 1805 καὶ
786 1774 931 1817 κρατεῖν
955 1773 1140 1816 ἐγγράφως
1164 1784 1203 1804 τε

1271 1771 1347 1805 fieri
1377 1775 1412 1806 et
1434 1772 1550 1807 valere
1581 1778 1618 1807 et
1641 1773 1774 1817 scripto
1807 1776 1841 1806 et
1865 1772 1940 1808 sine
1964 1773 2143 1818 scriptura
2171 1783 2243 1808 non
2266 1784 2348 1817 pro-

122 1815 181 1844 καὶ
205 1824 377 1858 αγραφως
400 1817 442 1847 ου
467 1813 661 1859 κωλύομεν.

1270 1816 1443 1852 bibemus.

1115 1894 1271 1930 CAPUT
1293 1895 1358 1930 ΙΙΙ.

158 1943 262 1981 Ὣςτε
283 1946 323 1981 δὲ
345 1947 486 1983 πάντας
509 1949 591 1984 τοὺς
614 1949 801 1994 ἡμετέρους
824 1949 997 1993 ὑπηκόους
1020 1954 1079 1984 καὶ
1101 1950 1201 1994 μάλι-
1217 1954 1259 1986 35
1340 1951 1389 1987 Ut
1420 1955 1539 1986 autem
1573 1962 1694 1987 omnes
1727 1952 1840 1987 nostri
1870 1952 2021 1987 subiecti
2052 1954 2088 1987 et
2110 1952 2262 1987 maxime
2291 1953 2350 1997 qui

123 2004 191 2026 στα
224 1992 302 2027 τοὺς
332 1992 444 2027 δίκαις
474 1997 764 2040 έπιτριβομένους
799 1994 867 2039 τὴν
900 1994 1077 2041 ἡμετέραν
1113 1994 1203 2042 ὑπὲρ
1272 1996 1394 2031 litibus
1419 2000 1623 2032 atteruntur
1646 1999 1805 2032 nostram
1829 2008 1895 2042 pro
1915 2008 1954 2032 se
1978 1997 2140 2032 noverint
2162 1998 2349 2042 providen-

181 2063 260 2103 5sq.
284 2063 488 2094 summarium
511 2076 548 2095 esc
563 2064 638 2096 Ath.
664 2066 818 2106 repetitur
841 2065 874 2096 in
894 2065 1063 2106 paratitlis
1086 2065 1161 2097 Ath.
1178 2066 1196 2097 7
1218 2069 1276 2103 §4-

121 2139 338 2184 positionem
359 2139 504 2184 faciant
526 2139 739 2184 spectabiles
761 2139 1007 2185 referendarii
1026 2141 1150 2175 nostri.
1198 2142 1316 2186 Atque
1332 2140 1420 2175 haec
1439 2140 1600 2183 dicimus,
1625 2141 1698 2176 sive
1714 2141 1796 2186 quis
1813 2152 1862 2176 ex
1878 2141 1998 2176 divina
2014 2143 2201 2177 sanctione
2222 2147 2349 2178 nostra

123 2184 285 2219 iudicare
314 2184 434 2218 iussus
463 2188 516 2219 est
547 2184 620 2219 sive
651 2195 700 2219 ex
724 2189 925 2230 praecepto
949 2185 1244 2230 maqistratuum,
1275 2185 1348 2220 sive
1370 2185 1565 2220 secundum
1587 2186 1747 2230 formam
1771 2186 1963 2221 electorum
1993 2187 2048 2221 vel
2075 2188 2349 2233 compromissa-

123 2230 260 2263 riorum
285 2229 504 2263 arbitrorum
529 2230 771 2274 quaestionem
790 2230 987 2270 examinat,
1011 2230 1084 2264 sive
1100 2230 1137 2263 in
1154 2230 1300 2275 seriptis
1315 2230 1388 2264 sive
1404 2230 1481 2264 sine
1496 2230 1654 2275 seriptis.
1692 2229 1766 2264 Sed
1779 2232 1846 2265 etsi
1870 2232 1951 2276 quis
1966 2231 2124 2266 iudicum
2142 2243 2210 2267 sua
2232 2232 2349 2268 salute

124 2278 328 2319 contempta
351 2285 400 2308 ex
423 2273 595 2308 eiusmodi
618 2274 741 2318 aliquo
765 2279 961 2319 praecepto
986 2274 1196 2309 sententiam
1228 2277 1331 2318 ferre
1355 2285 1465 2308 ausus
1488 2275 1554 2315 sit,
1587 2286 1664 2309 eam
1690 2276 1740 2309 ita
1760 2275 1901 2310 irritam
1932 2287 2007 2311 esse
2030 2277 2209 2318 volumus,
2242 2282 2282 2312 ut
2304 2289 2348 2313 ne

125 2319 368 2365 appellatione
392 2318 534 2364 quidem
557 2318 721 2364 indiqeat
753 2330 867 2363 neque
888 2329 1044 2364 poenam
1076 2330 1125 2354 ex
1149 2319 1404 2364 compromisso
1427 2319 1596 2353 inducat:
1633 2330 1701 2353 nos
1724 2320 1817 2354 enim
1842 2331 1965 2355 omnes
1987 2321 2122 2356 iudices
2153 2322 2347 2357 secundum

123 2364 309 2410 qenerales
333 2364 429 2409 leqes
452 2369 598 2398 nostras
620 2368 656 2398 et
679 2364 967 2398 examinationes
991 2367 1024 2398 et
1049 2363 1183 2398 iudicia
1205 2365 1332 2409 faeere
1355 2364 1527 2398 volumus.
1576 2362 1675 2398 Illud
1697 2369 1815 2399 autem
1840 2366 1877 2399 in
1902 2366 2071 2411 confesso
2095 2372 2149 2401 est
2171 2378 2215 2402 ne
2234 2368 2347 2413 maqi-

124 2413 303 2444 stratuum
327 2409 467 2454 quidem
492 2409 684 2443 iussionem
707 2409 817 2443 ullam
842 2408 1013 2443 adversus
1037 2408 1075 2442 id
1097 2409 1196 2453 quod
1218 2408 1286 2443 liae
1311 2409 1388 2454 leqe
1413 2413 1540 2443 nostra
1565 2410 1797 2444 constitutum
1821 2413 1875 2444 est
1895 2411 2089 2445 valituram
2112 2422 2198 2446 esse.

259 2454 305 2488 II.
355 2453 550 2488 Pmeterea
574 2454 681 2488 etiam
704 2454 795 2487 illud
817 2453 951 2488 iudices
974 2453 1066 2487 seire
1089 2464 1181 2499 opus
1201 2458 1270 2495 est,
1303 2453 1430 2488 debere
1452 2464 1490 2488 se
1522 2454 1600 2488 lites
1630 2465 1773 2499 quoque
1804 2465 1899 2500 quae
1929 2456 2133 2490 etiamnunc
2160 2457 2348 2502 aqitantur

124 2499 317 2534 seeundum
340 2498 525 2543 qenerales
549 2498 644 2544 leqes
668 2504 813 2533 nostras
836 2498 1010 2539 decidere,
1035 2498 1116 2533 lieet
1139 2498 1220 2543 quis
1242 2499 1313 2532 iam
1330 2503 1438 2532 antea
1461 2509 1603 2533 sacram
1618 2499 1839 2534 sanctionem
1863 2501 2117 2546 impetraverit,
2142 2513 2235 2546 quae
2255 2502 2345 2537 iudi-

125 2545 176 2578 eis
198 2544 501 2579 examinationem
525 2544 580 2578 vel
600 2545 811 2578 sententiam
832 2544 1047 2589 praecipiat.
1084 2543 1210 2588 Neque
1229 2543 1322 2578 enim
1346 2554 1437 2585 eum,
1461 2545 1526 2588 qui
1539 2544 1712 2578 eiusmodi
1735 2544 1823 2589 quid
1842 2546 1913 2579 iam
1933 2546 2179 2591 impetraverit
2198 2547 2346 2581 necdum

123 2589 334 2624 sententiam
359 2588 577 2632 definitivam
600 2589 811 2630 obtinuerit,
843 2589 1034 2633 quicquam
1067 2599 1115 2623 ex
1144 2588 1189 2622 iis
1220 2599 1313 2633 quae
1344 2588 1550 2633 impetravit
1580 2588 1747 2624 adiuvari
1770 2589 1941 2624 volumus.
1989 2590 2084 2624 Nam
2107 2591 2139 2626 si
2162 2591 2346 2635 definitiva

123 2635 298 2669 sententia
321 2634 429 2668 semel
452 2634 526 2668 lata
550 2639 613 2676 est,
637 2634 737 2669 nullo
761 2634 867 2668 modo
892 2644 970 2667 eam
993 2644 1042 2668 ex
1066 2632 1133 2667 liae
1156 2633 1233 2678 leqe
1256 2636 1381 2668 nostra
1405 2634 1537 2668 vexari
1557 2633 1733 2676 iubemus,
1766 2635 1905 2669 etiamsi
1929 2635 2128 2681 appellatio
2157 2637 2345 2672 subsecuta

123 2680 169 2713 sit
186 2679 242 2714 vel
255 2679 362 2714 etiam
377 2679 647 2713 retractationis
666 2689 749 2723 spes
765 2679 888 2724 aliqua
903 2679 951 2713 sit
972 2683 1100 2713 eontra
1116 2678 1336 2713 sententiam.
1386 2677 1444 2713 Ea
1461 2689 1544 2713 vero
1566 2679 1675 2713 iussio
1698 2690 1791 2724 quae
1809 2691 1883 2714 non
1893 2681 2079 2726 praecipit
2097 2681 2272 2716 iudicanti
2292 2683 2347 2717 vel

124 2724 327 2758 iudicaturo
352 2723 530 2769 quomodo
557 2725 800 2768 quaestionem
824 2724 1008 2758 instituere
1029 2723 1084 2757 vel
1100 2723 1312 2758 sententiam
1334 2723 1436 2768 ferre
1453 2723 1587 2764 debeat,
1613 2723 1677 2758 sed
1691 2725 1886 2769 leqitimum
1910 2725 2068 2760 studium
2091 2726 2148 2761 liti
2168 2727 2347 2773 impertiri

123 2769 198 2804 vult
218 2769 272 2804 vel
291 2773 453 2803 aetorum
478 2769 667 2803 editionem
691 2774 798 2814 urqet
820 2769 874 2804 vel
892 2768 1043 2803 iudicem
1065 2768 1257 2812 leqitimam
1277 2768 1487 2802 sententiam
1505 2769 1608 2813 ferre
1628 2769 1808 2814 compellit
1831 2770 1887 2804 vel
1906 2771 2057 2805 alterum
2073 2771 2182 2806 simul
2196 2773 2346 2807 iudicem

123 2814 319 2849 seeundum
342 2814 374 2848 le
401 2825 438 2848 es
457 2822 602 2848 nostras
620 2814 779 2860 praebet.
806 2814 996 2859 quominus
1015 2818 1049 2848 et
1061 2813 1130 2856 fiat
1150 2817 1185 2847 et
1205 2813 1323 2847 valeat
1345 2812 1417 2847 sive
1441 2814 1477 2847 in
1493 2813 1640 2859 seriptis
1662 2814 1736 2849 sive
1751 2815 1827 2850 sine
1845 2815 1991 2861 seriptis
2015 2827 2088 2850 non
2102 2816 2342 2862 prohibemus.

257 2859 320 2893 III.
405 2863 418 2893 t
440 2864 557 2893 autem
582 2870 703 2894 omnes
725 2858 875 2893 subiecti
901 2858 1017 2893 nostri
1049 2863 1085 2892 et
1107 2858 1262 2892 maxime
1285 2857 1312 2891 ii
1347 2858 1409 2902 qui
1433 2857 1552 2892 litibus
1576 2863 1782 2894 atteruntur
1812 2864 1973 2895 nostram
2002 2872 2073 2906 pro
2103 2862 2193 2906 ipsis
2222 2863 2344 2908 provi-

1268 2937 1409 2978 sumpsit
1435 2937 1467 2968 T
1488 2936 1500 2978 Η
1534 2939 1571 2970 11
1598 2940 1631 2969 et
1652 2939 1908 2971 examinationes
1932 2940 1976 2979 V]
2009 2942 2040 2972 et
2065 2954 2122 2972 om.
2147 2941 2309 2984 RTvulq.
2334 2942 2344 2983 Η

232 2937 239 2946 ¹
367 2941 380 2957 ο
459 2937 466 2946 ·
634 2937 643 2946 τ
755 2938 769 2943 -
841 2937 872 2958 ει)
1188 2955 1197 2960 .

169 2940 188 2971 3
202 2951 244 2971 w
260 2952 317 2971 om·
330 2939 363 2971 B
387 2938 403 2969 Ῡ
427 2950 495 2979 την
510 2937 560 2970 ΒΓ
573 2940 584 2980 Η
604 2937 838 2982 αιρετικωνΒ
860 2962 866 2968 ⁸
884 2936 921 2980 Η4
934 2947 1185 2992 κομσῖρομμξσα
1268 2982 1414 3021 *facereJ
1432 2981 1504 3013 fieri
1519 2982 1603 3022 libri,
1622 2983 1706 3015 ferre
1719 2986 1803 3028 vuly.
1821 2984 1832 3027 Η
1854 2986 1895 3018 12
1909 2984 2147 3025 indubitatum]
2162 2986 2234 3018 fieri
2247 2986 2343 3018 uolu-

124 2986 215 3024 ρίων
228 2985 485 3027 (κομισσαρίων
500 2984 574 3023 Ma)
592 2983 675 3022 ML]
699 2983 776 3015 τῶν
793 2979 963 3014 δικαστοῦ
987 2981 1093 3020 ταξιν
1114 2994 1199 3014 ανα-

125 3026 332 3068 δεξαμένων
344 3029 376 3060 Β
389 3027 399 3071 Η
413 3030 431 3060 5
445 3029 562 3071 χωρὶς]
575 3030 680 3071 χωρὶς
693 3024 831 3068 ἐτάχθη
846 3024 1000 3068 δικάζειν
1010 3028 1040 3059 L
1057 3027 1068 3070 Η
1088 3029 1106 3059 7
1120 3024 1200 3058 τού-

124 3085 186 3105 του
202 3073 231 3104 L
255 3071 419 3105 τοιούτου
443 3070 667 3115 τολμήματος
692 3072 743 3104 ΒΓ
766 3075 776 3114 Η
799 3071 992 3117 ἐξενεγκεῖν
1006 3073 1055 3104 Bc
1082 3070 1094 3114 Η
1120 3072 1199 3113 Ssq.

124 3115 214 3160 μηδὲ
223 3137 265 3140 ——
274 3115 363 3159 μηδὲ
373 3118 575 3157 MLBAtlt]
592 3119 650 3160 ley.
660 3116 750 3160 μήτε
762 3136 801 3140 —
811 3115 924 3158 μήτεῗ
938 3117 948 3160 Η
961 3114 1128 3161 ε’γκλήτου
1140 3116 1201 3159 ΜΗ

126 3166 145 3196 9
163 3165 471 3205 κομπρομμίσσων
486 3161 533 3195 L⁰
550 3163 562 3205 Η
582 3164 622 3195 12
636 3158 931 3206 ὁμολογουμένων
948 3161 997 3194 Bt
1011 3162 1023 3204 Η
1043 3163 1084 3195 14
1102 3159 1200 3205 παρὰ

125 3207 171 3240 τὰ
190 3205 451 3251 διατεταγμένα
467 3208 498 3239 L
522 3207 533 3250 Η
563 3209 603 3240 15
628 3207 690 3239 τοῦ
714 3204 916 3246 δικάζοντος
934 3207 981 3239 La
999 3207 1011 3249 Η
1037 3208 1077 3239 16
1102 3207 1201 3239 ἐστιν

126 3266 183 3285 om.
195 3253 244 3284 La
264 3252 274 3295 Η
291 3254 349 3283 καὶ
370 3254 450 3293 νῦν]
475 3254 533 3284 καὶ
553 3253 672 3285 om.L“
688 3251 699 3295 Η
721 3254 759 3285 17
778 3248 882 3293 ἡμῶν
901 3265 958 3285 om.
975 3263 993 3286 ς
1012 3250 1023 3291 ΙΙ
1042 3253 1083 3285 18
1095 3250 1201 3284 θεῖον

126 3311 184 3330 om.
199 3309 217 3334 ς
240 3296 252 3340 Η
280 3298 317 3330 21
345 3309 384 3329 τε
411 3310 467 3329 om.
483 3297 541 3337 Bt,
567 3294 606 3329 δὲ
630 3298 815 3329 Zachariae
831 3296 843 3340 Η
871 3297 912 3330 22
937 3298 1201 3340 πεπορισμένον

125 3342 192 3386 ΜΗ
213 3344 254 3375 25
269 3341 299 3374 εἰ
312 3342 509 3382 Zachariae]
526 3340 548 3383 ἡ
566 3340 656 3374 MR!
679 3338 702 3383 ἢ
718 3342 749 3374 L
763 3343 859 3383 vulq„
874 3355 931 3374 om.
944 3342 992 3373 B⁰
1009 3342 1020 3384 Η
1038 3340 1202 3386 ἔγκλητος

126 3388 194 3427 ΜΗ
211 3384 533 3431 παρηκολούθησεν
546 3388 576 3420 L
593 3386 604 3428 Η
631 3388 673 3420 30
693 3387 907 3431 ἐπείγουσαν
920 3385 997 3419 ΜΒ
1011 3389 1065 3427 (cf.
1080 3388 1198 3420 Theod.

126 3430 278 3465 κέλευσις
292 3436 551 3476 κατεπείγουσα
568 3430 634 3464 τὸν
651 3428 834 3472 δικαστήν,
848 3432 921 3464 Ath.
945 3430 1109 3471 ἐπείξεως
1124 3431 1200 3465 τῶν

127 3479 414 3521 πεπραγμε’νων)]
440 3475 646 3522 ἐπάγουσαν
671 3478 725 3512 Le
743 3478 754 3520 Η
780 3479 820 3510 35
847 3473 896 3517 δὲ]
922 3473 974 3509 δεῖ
997 3478 1037 3509 M

174 3568 189 3599 1
206 3567 466 3609 expectabilibus
489 3567 519 3599 V
532 3567 543 3609 Η
561 3567 682 3599 nostris
700 3580 757 3600 om.
772 3567 820 3599 R¹
839 3566 851 3610 Η
870 3568 888 3599 2
906 3569 1020 3598 nostra
1036 3577 1126 3599 sacra
1146 3567 1179 3600 V
1191 3566 1201 3611 Η

129 3612 298 3644 sanctione
322 3614 420 3655 vulq]
447 3612 617 3644 functione
640 3612 790 3644 V1‘?11’.T
820 3612 963 3644 iussione
986 3611 1034 3645 V²
1051 3614 1083 3645 in
1099 3625 1164 3645 ras.
1197 3612 1199 3654 Ι

129 3657 149 3688 4
163 3655 360 3689 arbitrorum
376 3659 615 3700 Osenbriiqqen]
630 3657 804 3689 arbitrium
817 3658 846 3689 R,
858 3657 936 3690 VT²
957 3657 1117 3690 arbitrum
1135 3657 1176 3690 T¹
1197 3657 1200 3702 Ι

130 3702 149 3734 5
175 3702 382 3742 quaestiones
407 3703 438 3736 Τ
446 3704 453 3722 ¹
475 3704 486 3746 Η
503 3702 635 3743 litteris]
662 3702 715 3735 uel
732 3701 864 3745 scriptis
887 3702 936 3734 T2
948 3716 972 3734 s.
989 3716 1017 3735 v.
1037 3702 1049 3746 Η
1071 3705 1088 3736 7
1106 3713 1199 3746 prae·

1267 3037 1340 3058 mus
1366 3028 1442 3058 add.
1459 3026 1513 3058 Ta
1530 3026 1542 3069 Η
1560 3030 1607 3059 est
1622 3028 1652 3059 R
1663 3028 1706 3069 V]
1732 3031 1795 3061 erit
1811 3029 1930 3071 Tvulq.
1950 3030 1961 3072 Η
1984 3032 2019 3064 13
2034 3030 2203 3071 quaelibet
2218 3031 2345 3064 ualebit

1277 3072 1325 3103 V²
1339 3073 1370 3104 in
1380 3084 1446 3104 ras.
1468 3081 1551 3112 quae
1564 3072 1750 3113 1131601111ι
1771 3075 1782 3113 Η
1801 3075 1841 3108 15
1855 3075 1959 3106 iudici
1977 3075 2010 3106 V
2022 3075 2032 3116 Η
2050 3086 2146 3107 nosce
2163 3076 2194 3107 T
2207 3075 2219 3118 Η
2238 3078 2278 3110 16
2291 3087 2344 3108 eas

1278 3116 1326 3148 V³
1344 3116 1356 3159 Η
1375 3119 1413 3149 17
1428 3120 1631 3149 monuntur
1646 3118 1690 3149 Τι
1709 3119 1720 3159 Η
1740 3120 1779 3152 18
1797 3119 1825 3150 si
1847 3119 1932 3159 quis]
1957 3118 1998 3151 al.
2017 3119 2047 3152 si
2067 3120 2230 3162 quispiam
2250 3120 2299 3152 1132
2312 3123 2342 3153 in

1268 3174 1368 3204 mai-9.
1386 3160 1398 3204 Η
1417 3163 1627 3202 praecesserit
1647 3162 1700 3204 VH
1721 3164 1762 3196 20
1787 3163 1915 3204 aliquid
1938 3165 2006 3204 cet]
2034 3163 2123 3208 {quid
2145 3184 2184 3188 —
2208 3166 2249 3198 25
2265 3165 2344 3198 licet

1267 3219 1328 3239 scr.
1342 3206 1390 3238 R²
1404 3208 1436 3238 in
1450 3219 1515 3239 ras.
1527 3208 1602 3240 3vv.
1621 3206 1633 3249 Η
1650 3206 1841 3249 impetrabit
1858 3209 1890 3241 V
1904 3209 2125 3250 inpetrauerit
2139 3210 2171 3242 T
2183 3210 2195 3253 Η
2213 3212 2251 3243 21
2269 3221 2342 3243 sen-

1267 3251 1372 3283 tentia
1385 3261 1447 3292 que
1461 3251 1674 3283 diffinitiuam
1689 3253 1721 3284 T
1727 3252 1738 3272 ¹
1762 3254 1959 3286 sententiam
1972 3254 2177 3286 definitiuam
2191 3265 2275 3296 quae
2298 3255 2343 3299 Vl]

1268 3297 1417 3328 nundum
1431 3297 1481 3328 Ra
1500 3297 1511 3337 Η
1536 3298 1577 3330 22
1594 3296 1815 3339 inpetrauerit
1830 3299 1861 3331 Τ
1874 3298 1886 3341 Η
1903 3298 2055 3340 prodesse
2077 3300 2126 3332 V2
2140 3301 2172 3332 in
2186 3313 2252 3332 ras.
2270 3301 2282 3342 Η
2301 3303 2341 3334 23

1266 3342 1420 3383 peruenit.
1438 3341 1491 3385 Vll
1511 3343 1553 3375 24
1569 3342 1630 3373 hac
1647 3355 1703 3374 om.
1718 3343 1748 3375 T
1761 3343 1773 3386 Η
1790 3343 1861 3384 lege
1877 3344 2077 3385 perscrutari
2092 3345 2123 3377 T
2135 3344 2146 3387 Η
2173 3345 2215 3378 25
2228 3345 2266 3377 fit
2284 3346 2316 3378 T
2332 3346 2343 3388 Η

1268 3388 1309 3420 26
1334 3397 1405 3428 spes
1435 3386 1509 3427 VT]
1541 3387 1663 3428 specics
1686 3387 1818 3431 Rvuly.
1846 3388 1857 3432 Η
1880 3389 1975 3429 Ε3111]
2000 3390 2060 3420 Est
2085 3389 2134 3421 Β*
2152 3390 2163 3430 Η
2187 3391 2228 3422 27
2254 3390 2341 3422 iudi-

1267 3435 1363 3463 cante
1381 3431 1427 3463 Τι
1439 3431 1450 3472 Η
1463 3432 1608 3463 futuram
1621 3432 1716 3464 R¹T¹
1733 3433 1846 3465 futura
1859 3434 1907 3465 R2
1923 3433 1935 3477 Η
1955 3435 1996 3467 29
2010 3434 2139 3466 *studio
2152 3435 2251 3476 tradi]
2271 3438 2341 3468 stu-

1268 3477 1356 3508 diose
1368 3476 1456 3508 tradi
1468 3478 1500 3509 R
1511 3477 1544 3510 V
1553 3477 1697 3509 studiose
1712 3479 1799 3510 tradi
1810 3478 1868 3510 fini
1887 3479 1922 3519 T,
1944 3478 2004 3510 fini
2019 3488 2091 3511 ante
2103 3480 2249 3512 studiose
2264 3482 2340 3514 add.

1275 3522 1336 3563 V³‚
1358 3530 1432 3564 post
1448 3521 1524 3553 uult
1541 3523 1617 3554 add.
1631 3521 1679 3554 R²
1695 3522 1706 3565 Η
1725 3525 1767 3556 30
1780 3527 1951 3555 auctorum
1967 3524 2020 3555 Ta
2035 3522 2047 3567 Η
2066 3523 2214 3566 imponet
2231 3526 2315 3569 valq.
2330 3525 2341 3568 Η

1267 3567 1447 3598 aditionem
1473 3567 1523 3599 Τι
1548 3567 1745 3600 edictionem
1766 3568 1820 3612 ῘῙΗ
1840 3570 1878 3601 31
1907 3572 2002 3610 coget
2025 3581 2082 3600 om.
2107 3569 2163 3611 Vl]
2180 3571 2222 3603 32
2247 3581 2339 3613 prae-

1266 3614 1341 3652 stat]
1367 3612 1489 3654 positas
1510 3612 1542 3644 T
1555 3612 1566 3654 Η
1585 3613 1626 3645 33
1648 3616 1680 3643 et
1703 3614 1835 3654 scripto]
1862 3616 1893 3645 et
1918 3627 1974 3646 om.
1994 3613 2042 3645 T¹
2059 3613 2071 3656 Η
2089 3614 2172 3654 sine]
2198 3625 2263 3647 non
2280 3616 2311 3647 T
2330 3616 2339 3655 ξ]

1268 3659 1309 3691 35
1332 3658 1387 3697 Ut]
1412 3661 1470 3688 aut
1492 3657 1543 3689 V²
1560 3657 1572 3700 Η
1590 3658 1632 3690 36
1656 3660 1830 3690 ateruntur
1856 3658 1911 3702 ΤΗ
1930 3661 2043 3690 nostra
2067 3670 2125 3700 pro
2150 3669 2183 3691 se
2208 3661 2340 3692 nouerit

1267 3703 1298 3735 lt
1317 3702 1328 3745 Η
1346 3703 1554 3744 prudentiam
1578 3703 1602 3734 V
1615 3702 1625 3722 ¹

2005 3758 2070 3792 67*
