2618 4010
146 112 395 147 sorensem
422 113 558 146 rum·
639 110 642 113 ’
1231 98 1285 146 69
1997 102 2103 145 Nov.
2134 101 2232 144 VIII
2263 103 2367 142 5-7

141 222 200 249 τος
230 215 299 259 μὲν
321 217 380 248 καὶ
415 212 458 249 τὸ
487 214 551 248 τοῦ
574 208 815 261 περιβλέπων
848 211 998 259 κόμητος
1028 214 1089 258 τῆς
1112 211 1223 258 Ἑῴας
1291 212 1631 249 administrationem
1655 215 1842 294 utramgue
1866 212 2027 255 facimus,
2053 213 2208 249 habente
2231 212 2371 256 quidem

133 258 274 304 ὄνομα,
306 257 442 301 τάξεως
465 257 505 294 δὲ
525 259 606 304 μιᾶς
632 258 802 305 ἄρχοντος
825 261 1030 304 κομιτιανῆς
1055 257 1160 303 οὔσης
1182 272 1223 294 τε
1291 262 1327 294 et
1357 258 1562 304 spectabilis
1594 258 1733 294 comitis
1800 258 1922 294 rientis
1952 268 2099 301 nomen,
2135 257 2254 294 officio
2285 268 2369 294 vero

140 307 200 339 καὶ
228 302 509 351 ὀνομαζομένης,
536 306 596 339 καὶ
622 305 683 347 τῆς
707 302 852 352 πρώτης
874 304 985 359 μόνης
1004 308 1136 351 Συρίας
1161 308 1222 339 καὶ
1290 314 1361 339 uno
1385 304 1630 349 praesidente,
1664 303 1854 339 comitiano
1879 304 2044 339 existenti
2074 306 2111 339 et
2142 302 2369 347 nominando,

139 351 218 384 τῶν
238 351 498 398 Κυρρηστικῶν
521 347 726 397 ἡγουμένου,
759 353 819 384 καὶ
843 361 903 385 τας
927 351 1093 399 ἑκατέρας
1117 347 1222 397 ἀρχῆς
1290 351 1326 384 et
1349 350 1486 402 primae
1508 350 1618 385 solius
1644 348 1765 394 Syriae
1790 350 1827 383 et
1848 349 2060 394 Cyristensis
2083 348 2310 394 praesidente
2333 350 2370 384 et

137 396 281 438 ἔχοντος
303 394 468 440 σιτήσεις.
515 397 555 429 ἐν
578 395 646 438 ἴσῳ
672 394 740 442 γὰρ
760 399 833 430 τοῖς
856 399 942 440 βικα
968 400 1032 430 ίοις
1056 393 1220 430 κάκεῖνον
1255 399 1274 431 5
1290 397 1475 439 utriusque
1493 393 1810 431 administrationis
1838 404 1998 429 annonas
2022 394 2187 430 habente.
2224 393 2368 438 Aequa-

139 441 303 486 τίθεμεν,
341 437 428 476 ὥςτε
457 437 533 485 ἅμα
563 443 623 474 καὶ
659 437 770 475 αὐτὸν
799 443 845 489 τῇ
880 409 1083 489 πειιςὶομένῃ
1120 438 1218 485 αὐτῷ
1288 440 1357 475 lem
1385 450 1538 485 namque
1568 439 1709 475 vicariis
1738 443 1774 474 et
1803 438 1901 474 illum
1938 439 2117 483 ponimus,
2155 443 2195 474 ut
2226 442 2262 475 et
2291 439 2369 483 ipse

139 483 236 527 τάξει
269 484 488 521 κινδυνεύειν
522 482 613 532 ὑπέρ
651 499 692 520 τε
731 487 793 529 τῆς
827 487 906 522 τῶν
940 485 1124 531 δημοσίων
1155 486 1216 521 εἰς·
1287 495 1368 520 cum
1401 486 1562 522 subiecto
1590 484 1660 521 sibi
1690 483 1810 520 officio
1847 484 2046 536 periculum
2076 485 2207 521 habeat
2234 487 2270 520 et
2301 495 2367 529 pro

138 528 300 585 πρᾴξεως
322 529 412 578 ὑπέρ
441 545 481 566 τε
511 531 572 575 τῆς
603 529 786 576 πολιτικῆς
816 535 876 566 καὶ
908 530 1079 577 δημοσίας
1109 545 1216 567 κατα·
1285 530 1460 566 fiscalium
1484 530 1670 567 exactione
1689 533 1725 566 et
1743 539 1810 576 pro
1831 528 1923 565 civili
1944 532 1980 565 et
2003 529 2147 575 publica
2166 529 2365 575 disciplina.

138 587 307 612 στασεως.

1133 633 1289 669 CAPUT
1319 633 1379 668 VI.

181 693 214 744 ξ
250 699 467 747 Βουλόμεθά
487 715 527 750 γε
545 700 617 747 μὴν
641 698 755 737 ἅπασι
782 704 856 737 τοῖς
872 699 1018 748 ἄρχουσι
1034 701 1113 735 τῶν
1136 698 1214 745 ἡμε-
1232 705 1272 737 10
1330 700 1502 737 Volumus
1526 701 1647 737 autem
1670 699 1836 736 omnibus
1856 699 2034 735 iudicibus
2057 701 2262 735 nostrarum
2309 710 2366 735 ro-

133 749 254 794 ,τέρων
276 748 462 794 ἐπαρχιῶν
485 743 625 782 πάντας
647 745 881 788 ὑποκεῖσθαι,
911 745 993 781 τοὺς
1022 747 1090 790 μὲν
1118 744 1217 780 ἰδιώ-
1284 746 1481 781 vinciarum
1506 756 1626 782 omnes
1655 745 1779 788 subdi,
1811 745 1969 790 privatos
2001 744 2142 790 quidem
2174 755 2283 780 secun
2309 757 2369 780 um

140 803 200 826 τας
222 792 313 827 κατὰ
336 792 378 827 τὸ
402 794 464 836 τῆς
494 790 600 839 ἀρχῆς
622 791 717 827 ἴδιον
749 794 808 827 ἐπὶ
840 789 972 827 πάσαις
1005 792 1134 825 αἰτίαις
1156 795 1217 825 καὶ
1285 791 1380 836 quod
1416 792 1545 836 cinguli
1577 791 1761 836 proprium
1797 792 1869 833 est,
1905 790 1943 826 in
1978 790 2143 826 omnibus
2180 790 2297 825 causis
2333 793 2369 826 et

137 834 270 873 πάσαις
299 841 532 885 χρηματικαῑς
561 851 601 872 τε
629 840 688 873 καὶ
713 836 981 885 ἐγκληματικαῖς
1003 833 1216 883 προφάσεσι,
1285 836 1457 872 universis
1498 836 1713 882 pecuniariis
1749 838 1785 872 et
1820 835 2064 871 criminalibus
2100 835 2365 880 occasionibus;

136 880 216 917 τοὺς
243 881 285 917 δέ
309 897 352 929 γε
377 885 418 917 ἐν
448 886 651 929 στρατείαις
679 881 786 917 ὄντας
812 885 871 916 καὶ
894 878 967 924 ὑπρ
996 879 1127 915 ἰδικοὺς
1156 880 1216 937 ἄρ·
1286 881 1348 925 qui
1390 892 1472 917 vero
1509 883 1545 917 in
1587 881 1721 918 militiis
1758 881 1946 917 constituti
1986 882 2088 924 sunt,
2130 882 2238 916 etiam
2277 881 2367 916 istos

136 940 266 970 χοντας
294 931 529 975 τεταγμένους
557 931 617 962 καὶ
644 925 789 962 τούτους
813 925 919 961 οὐδὲν
946 925 1056 969 ἦττον
1080 939 1217 972 προφα-
1234 929 1271 961 15
1285 926 1514 963 nihilominus
1550 927 1739 962 occasione
1774 927 1948 962 fiscalium
1979 928 2016 962 et
2048 926 2233 962 criminum
2264 926 2368 962 subdi

137 985 192 1019 eg
213 972 396 1018 δημοσίων
411 987 453 1008 τε
467 977 527 1007 καὶ
605 971 775 1016 λημάτων
791 969 1011 1007 ὑποκεῖσθαι
1029 972 1118 1006 πᾶσι
1135 969 1215 1019 τρό-
1284 972 1448 1007 omnibus
1472 972 1586 1008 modis
1610 972 1654 1008 ei.
1704 973 1773 1008 Sed
1796 973 1904 1008 etiam
1926 982 1989 1008 eos
2020 971 2081 1017 qui
2111 971 2195 1007 hinc
2219 971 2366 1007 descen-

137 1023 201 1067 <z>
224 1031 305 1055 ποις
324 1016 451 1054 αὐτοῖς.
516 1017 555 1053 Ἀ
577 1016 621 1052 λὰ
639 1021 698 1052 καὶ
721 1017 803 1052 τοὺς
827 1018 1002 1052 ἐντεῦθεν
1025 1015 1216 1051 κατιόντας
1284 1015 1376 1052 (lunt
1406 1027 1451 1052 ex
1481 1017 1639 1062 quolibet
1673 1017 1772 1061 foro,
1806 1018 1867 1063 qui
1897 1027 2140 1063 quascumque
2169 1019 2367 1053 execuntur

136 1067 175 1108 ἐξ
206 1062 416 1108 οἱουδὴποτε
445 1062 672 1109 δικαστηρίω
700 1066 760 1097 καὶ
791 1061 854 1097 τὰς
885 1062 1027 1097 οἱαςοῠν
1055 1075 1214 1106 μεταχει-
1283 1062 1498 1105 sententias,
1533 1063 1618 1097 licet
1647 1063 1909 1107 provinciarum
1940 1062 2118 1098 iudicibus
2150 1073 2223 1098 non
2250 1063 2367 1098 sinere

137 1113 340 1155 οιζομὲνους
373 1107 510 1155 ψήφους
545 1108 678 1149 ἐξεῖναι
712 1106 793 1143 τοὺς
822 1109 901 1143 τῶν
936 1108 1121 1155 ἐπαρχιῶν
1156 1107 1214 1154 ἄρ·
1284 1107 1435 1151 amplius
1460 1108 1594 1151 aliquid
1618 1117 1723 1152 quam
1747 1119 1851 1144 sacra
1874 1112 1999 1144 nostra
2022 1108 2276 1144 constitutione
2295 1108 2366 1143 dis-

137 1145 264 1199 χοντας
285 1154 342 1202 μὴ
371 1156 566 1201 συγχωρεῖν
596 1151 721 1189 πλεῖόν
751 1166 788 1188 τι
819 1154 898 1188 τῶν
921 1154 965 1201 τῇ
991 1153 1080 1195 θείᾳ
1110 1150 1215 1197 ἡμῶν
1229 1154 1269 1186 20
1283 1153 1439 1198 positum
1464 1154 1519 1187 est
1551 1154 1735 1198 percipere
1761 1155 2020 1198 sportularum,
2054 1153 2247 1189 scientibus
2272 1154 2365 1198 quia,

137 1198 297 1241 διατάξει
326 1198 610 1245 διηγορευμενων
640 1197 840 1244 λαμβάνειν
870 1198 1076 1244 sportulam,
1108 1195 1214 1245 γινώ-
1284 1198 1315 1234 si
1345 1198 1413 1233 hoc
1444 1198 1683 1242 neglexerint,
1719 1209 1822 1234 omne
1854 1199 2022 1234 damnum
2052 1209 2096 1234 ex
2130 1199 2199 1234 hoc
2233 1199 2366 1235 nostris

135 1256 285 1282 σκοντας
315 1240 379 1286 οἷς,
415 1245 446 1278 εἰ
476 1241 604 1278 τούτου
637 1244 897 1299 ῥᾳθυμήσειαν,
931 1245 1054 1279 πᾶσαν
1085 1244 1215 1288 ζημίαν
1285 1243 1517 1279 collatoribus
1547 1243 1685 1278 illatum
1719 1242 1788 1288 ipsi
1819 1245 2032 1289 persolvent.
2082 1244 2219 1279 Damus
2248 1248 2366 1279 autem

135 1291 309 1326 ἐντεῦθεν
331 1292 405 1323 τοῖς
427 1286 607 1334 ἡμετέροις
629 1288 840 1325 υποτελέσιν
860 1291 1087 1337 ἐπαγομένην
1111 1286 1214 1323 αὐτοὶ
1283 1289 1335 1325 eis
1359 1288 1539 1324 licentiam
1563 1292 1599 1324 et
1622 1289 1756 1324 referre
1780 1289 1824 1325 de
1855 1299 1897 1324 eo
1922 1300 1993 1324 non
2016 1289 2132 1325 solum
2161 1289 2207 1324 ad
2230 1289 2365 1325 iudices

134 1335 394 1378 καταθήσουσι.
442 1332 598 1379 Δίδομεν
621 1333 662 1370 δὲ
690 1332 809 1369 αὐτοῖς
839 1333 965 1369 ἄδειαν
995 1337 1055 1368 καὶ
1084 1337 1213 1382 γνωρί-
1282 1345 1306 1370 a
1329 1334 1457 1379 quibus
1482 1336 1567 1369 sunt
1588 1334 1707 1376 missi,
1732 1334 1795 1369 sed
1819 1334 1925 1370 etiam
1949 1334 1995 1369 ad
2019 1345 2084 1369 nos
2108 1335 2216 1379 ipsos,
2237 1338 2277 1369 ut
2300 1346 2366 1370 nos

134 1384 208 1425 §ew
239 1379 290 1420 4τιῐι
324 1383 406 1427 περὶ
435 1378 564 1414 τούτου
597 1379 648 1424 μὴ
680 1377 795 1424 μόνον
832 1381 879 1415 εἰς
913 1379 975 1415 τὰς
1012 1378 1136 1427 ἀρχάς,
1176 1379 1215 1420 ἐξ
1229 1381 1269 1414 25
1283 1380 1374 1415 haec
1411 1383 1645 1424 agnoscentes
1678 1389 1824 1415 causam
1860 1382 2103 1425 competenter
2138 1389 2365 1424 exequamur.

135 1426 190 1461 ὠν
213 1425 305 1460 εἰσὶν
328 1425 370 1459 οἱ
397 1422 640 1470 στελλόμενοι,
676 1423 765 1460 ἀλλὰ
795 1429 855 1459 καὶ
883 1426 930 1459 εἰς
960 1421 1048 1470 ἡμᾶς
1080 1422 1213 1467 αὐτούς,
1283 1425 1322 1461 Si
1354 1427 1474 1460 autem
1506 1425 1576 1470 ipsi
1605 1425 1743 1470 aliquos
1773 1425 1971 1461 invenerint
2006 1426 2153 1470 propter
2183 1425 2365 1469 dignitatis

133 1468 220 1506 ὥςτε
252 1467 340 1516 ἡμᾶς
376 1472 493 1505 ταῦτα
527 1468 772 1518 γινώσκοντας
802 1472 855 1528 τῷ
893 1468 1080 1518 πράγματι
1112 1482 1213 1517 προς·
1284 1474 1320 1506 et
1345 1470 1476 1515 cinguli
1500 1470 1731 1515 supercilium
1762 1471 1896 1506 nostris
1921 1470 2154 1506 collatoribus
2178 1471 2365 1506 violentias

131 1514 292 1560 ηκόντως
325 1515 513 1557 ἐπεξιέναι.
560 1516 607 1550 Εἰ
641 1514 682 1551 δὲ
711 1520 772 1550 καὶ
804 1520 908 1551 αυτοί
941 1527 1043 1550 τινας
1078 1512 1215 1561 εὕροιεν
1282 1516 1500 1561 irrogantes,
1536 1516 1718 1552 licentiam
1754 1516 1805 1551 eis
1836 1516 1962 1552 damus
1992 1517 2029 1551 et
2059 1516 2260 1551 examinare
2291 1516 2365 1552 vio-

132 1561 191 1597 διὰ
221 1560 289 1605 τὴν
318 1563 358 1595 ἐκ
388 1563 449 1605 τῆς
480 1559 581 1602 ἀξίας
613 1558 634 1605 ἢ
662 1563 724 1605 τῆς
756 1561 872 1604 ζώνης
901 1558 1105 1608 ὑπεροψίαν
1134 1560 1215 1596 τοὺς
1282 1562 1410 1597 lentias
1434 1565 1470 1597 et
1493 1571 1574 1597 reos
1598 1561 1761 1597 inventos
1794 1562 1937 1606 privare
1970 1561 2111 1605 cingulo
2144 1563 2180 1596 et
2203 1564 2366 1597 nostrum

131 1606 317 1654 ἡμετέρους
346 1603 528 1642 ὑποτελεῖς
557 1604 782 1649 ἀδικοῦντας,
817 1606 943 1641 ἄδειαν
975 1606 1092 1641 αὐτοῖς
1119 1604 1213 1641 δίδο-
1227 1609 1269 1641 30
1282 1607 1442 1642 ordinem
1476 1606 1514 1641 in
1545 1606 1737 1651 provinciis
1774 1607 1986 1652 adimplere,
2023 1607 2092 1642 hoc
2129 1607 2223 1652 quod
2258 1607 2366 1642 etiam

130 1667 199 1698 μεν
222 1655 283 1687 καὶ
306 1650 485 1694 ἐξετάζειν
508 1651 553 1687 τὰ
574 1650 778 1696 ἀδικήματα
801 1656 861 1687 καὶ
884 1651 966 1687 τοὺς
988 1648 1214 1687 ὑπευθύνους
1281 1652 1460 1688 veteribus
1486 1652 1620 1688 dictum
1645 1654 1700 1688 est
1728 1652 1878 1696 legibus.
1927 1653 2028 1688 Sicut
2059 1651 2152 1687 enim
2184 1662 2244 1687 eos
2270 1653 2366 1688 omni

131 1695 397 1745 εὑρισκομένους
412 1694 651 1744 ἀφαιρεῖσθαι
669 1698 730 1741 τῆς
748 1697 863 1741 ζώνης
879 1701 939 1732 καὶ
953 1696 1021 1741 τὴν
1038 1694 1213 1745 ἡμετέραν
1280 1698 1414 1734 iniusto
1446 1698 1546 1733 lucro
1582 1697 1830 1742 prohibemus,
1865 1697 1919 1733 ita
1949 1698 2056 1733 etiam
2091 1708 2180 1742 pure
2215 1698 2365 1742 cingulis

132 1743 235 1785 τάξιν
259 1745 300 1778 ἐν
323 1746 400 1777 ταῖς
424 1745 608 1790 ἐπαρχίαις
631 1741 802 1788 πληροῦν,
826 1744 932 1778 τοῦτο
957 1740 1045 1786 ὅπερ
1063 1745 1213 1777 καὶτοῖς
1281 1747 1422 1779 utentes
1447 1743 1542 1779 omni
1565 1743 1700 1779 honore
1731 1746 1766 1779 et
1796 1743 1994 1780 reverentia
2017 1745 2054 1779 et
2083 1742 2271 1780 honestate
2294 1743 2365 1779 frui

131 1791 287 1836 ἄρχαίοις
311 1785 535 1835 διηγόρευται
565 1789 643 1822 τῶν
666 1787 800 1833 νόμων.
849 1786 965 1835 ὥςπερ
994 1787 1061 1835 γὰρ
1086 1786 1214 1823 αὐτοὺς
1283 1789 1473 1824 sancimus.

131 1833 267 1869 παντὸς
296 1831 418 1868 ἀδίκου
442 1831 583 1881 κέρδους
613 1833 787 1881 εἵργομεν,
820 1830 916 1868 οὕτω
948 1836 1007 1868 καὶ
1038 1834 1212 1878 καθαρῶς
1226 1837 1267 1869 35

131 1883 207 1914 ταῖς
236 1879 358 1927 ἀρχαῖς
385 1881 616 1926 κεχρημένους
647 1878 762 1922 πάσης
793 1880 895 1924 τιμῆς
927 1893 968 1914 τε
998 1882 1058 1913 καὶ
1093 1877 1213 1913 αἰδοῦς

131 1929 191 1959 καὶ
214 1921 429 1970 σεμνότητος
451 1922 648 1960 ἀπολαύειν
667 1924 903 1969 θεσπίζομεν.

1134 1992 1283 2028 CAPUT
1304 1992 1381 2026 VII.

177 2053 206 2095 ἦ
252 2055 355 2095 Οὕτω
385 2062 511 2094 τοίνυν
546 2056 631 2104 ἡμῖν
660 2060 739 2095 τῶν
768 2056 891 2115 ἀρχῶν
927 2058 1210 2106 διακεκριμένων
1323 2060 1382 2095 Sic
1402 2060 1513 2105 igitur
1537 2069 1559 2095 a
1582 2060 1685 2096 nobis
1711 2060 1860 2106 cingulis
1886 2060 2051 2096 discretis
2083 2061 2247 2097 convenit
2270 2071 2361 2105 eum,

133 2104 294 2152 προςήκει
325 2103 392 2139 τὸν
421 2105 588 2139 ἐνταῦθα
611 2103 875 2152 παραλαβοντα
897 2103 965 2149 τὴν
986 2104 1099 2152 ἀρχὴν
1121 2105 1214 2151 μετὰ
1283 2105 1343 2150 qui
1366 2105 1426 2140 hic
1441 2105 1622 2150 acceperit
1639 2106 1992 2147 administrationem,
2018 2116 2098 2141 cum
2115 2106 2171 2141 dei
2194 2109 2364 2143 memoria

129 2153 190 2207 τῇς
211 2152 276 2186 τοῦ
306 2151 396 2184 θεοῦ
423 2147 560 2195 μνήμης
591 2152 760 2185 ἐναντίον
790 2148 905 2196 ἡμῶν,
939 2147 962 2194 ἢ
994 2152 1093 2197 εἴπερ
1125 2149 1210 2196 ἡμῖν
1222 2154 1265 2187 40
1279 2161 1399 2186 coram
1421 2151 1544 2193 nobis,
1569 2154 1632 2186 aut
1662 2152 1691 2186 si
1723 2162 1796 2187 non
1819 2154 1942 2193 vacat,
1975 2162 2096 2187 coram
2126 2156 2190 2187 tua
2219 2153 2362 2188 celsitu-

129 2210 192 2230 ουκ
215 2196 269 2239 εἴη
292 2193 409 2239 σχολή,
430 2197 599 2230 ἐναντίον
616 2197 678 2239 τῆς
701 2209 741 2230 τε
765 2197 827 2240 σῆς
849 2193 1030 2242 ὑπεροχῆς,
1051 2199 1112 2230 καὶ
1135 2197 1214 2231 τῶν
1282 2196 1384 2240 dine,
1416 2200 1451 2231 et
1483 2196 1543 2241 qui
1575 2200 1673 2231 tuam
1706 2197 1862 2232 rexerint
1892 2196 2029 2240 sedem,
2066 2199 2102 2232 et
2133 2197 2193 2242 qui
2225 2208 2364 2244 semper

129 2238 183 2276 ἀεὶ
213 2241 280 2276 τὸν
309 2240 376 2275 σὸν
414 2238 768 2285 κατακοσμησὸντων
799 2238 952 2287 θρόνον,
990 2243 1054 2275 τοῦ
1085 2255 1126 2276 τε
1157 2239 1212 2275 ἀεὶ

176 2302 216 2333 17
230 2312 278 2342 sq.
303 2299 402 2332 Hanc
422 2311 493 2341 cap.
515 2298 569 2330 VI
582 2305 706 2341 partem
723 2299 791 2339 (Ζ),
816 2299 887 2331 item
907 2310 979 2340 cap.
1004 2298 1080 2331 VII
1088 2306 1118 2330 et
1136 2298 1230 2330 VIII
1249 2299 1347 2334 (bl—1
1372 2299 1430 2334 in.)
1451 2299 1664 2341 multifariam
1685 2299 1853 2332 decurtata
1871 2300 1996 2332 exhibet
2009 2299 2215 2344 Epanaqoqe
2228 2303 2362 2343 7,1-5.

130 2397 273 2433 quoque
295 2397 406 2422 unum
428 2397 478 2422 ex
509 2385 649 2422 duobus
670 2385 924 2432 maqistratum
945 2384 1117 2431 facimus,
1142 2386 1206 2430 qui
1228 2385 1436 2437 ⁸spectabitis
1459 2385 1602 2431 quidem
1632 2386 1772 2420 comitis
1799 2385 1955 2422 Orientis
1978 2398 2108 2423 nomen
2133 2388 2273 2432 habeat,
2297 2390 2361 2424 uni

131 2435 249 2468 autem
265 2431 417 2478 imperet
434 2431 560 2477 officio
584 2430 684 2483 quod
706 2430 938 2465 comitianum
961 2433 998 2465 et
1018 2429 1067 2465 sit
1089 2433 1124 2465 et
1145 2434 1361 2472 nominetur,
1386 2435 1496 2482 atque
1519 2430 1590 2465 soli
1605 2430 1752 2477 primae
1776 2429 1908 2477 Syriae
1931 2436 1967 2467 et
1992 2432 2230 2479 Cyrrhesticis
2253 2445 2360 2480 prae-

130 2478 179 2512 sit
208 2480 245 2513 et
273 2476 463 2523 utriusque
493 2479 729 2523 maqistratus
759 2485 927 2510 annonas
958 2474 1097 2510 haheat.
1147 2474 1211 2511 Ex
1234 2486 1351 2521 aequo
1374 2485 1469 2511 enim
1492 2486 1572 2510 cum
1596 2475 1742 2511 vicariis
1764 2486 1843 2511 eum
1867 2488 2012 2523 quoque
2035 2478 2229 2524 ponimus:
2263 2483 2306 2515 ut
2326 2483 2361 2516 et

131 2523 208 2570 ipse
221 2533 297 2557 una
320 2532 400 2557 cum
417 2521 545 2601 ⁰[fi0i0
569 2521 602 2557 ei
624 2520 782 2557 subiecto
806 2524 843 2556 et
864 2519 908 2556 de
926 2520 1106 2566 fiscalium
1122 2520 1315 2556 exactione
1338 2524 1374 2556 et
1395 2520 1440 2556 de
1463 2520 1559 2556 civili
1582 2524 1692 2567 atque
1712 2520 1858 2567 publico
1880 2527 1978 2558 statu
2027 2523 2233 2559 ericlitetur.

264 2566 325 2602 VI.
380 2566 432 2602 Vo
447 2577 552 2602 umus
575 2569 711 2608 autem,
735 2569 776 2601 ut
800 2576 922 2601 omnes
946 2565 1109 2601 omnibus
1131 2569 1341 2601 nostrarum
1357 2565 1636 2612 provinciarum
1659 2566 1932 2612 maqistratibus
1955 2579 1998 2603 su
2023 2568 2192 2612 iciantur,
2221 2569 2358 2616 privati

155 2611 273 2648 uidem
295 2611 490 2647 secundum
511 2611 704 2659 propriam
726 2612 964 2657 maqistratus
983 2611 1162 2646 rationem
1179 2611 1218 2646 in
1242 2610 1407 2646 omnibus
1429 2611 1550 2646 causis
1575 2610 1809 2657 omnibusque
1831 2616 1867 2648 et
1882 2613 2111 2659 pecuniariis
2133 2618 2169 2650 et
2191 2615 2356 2651 crimina-

143 2657 223 2693 ibus
245 2656 399 2699 casibus,
423 2657 487 2709 qui
510 2668 594 2693 vero
619 2657 658 2692 in
681 2656 811 2691 militia
834 2659 920 2692 sunt
941 2659 978 2691 et
994 2656 1165 2708 propriis
1187 2655 1321 2691 subditi
1343 2656 1627 2702 maqistratibus,
1650 2656 1678 2691 ii
1701 2667 1845 2703 quoque
1868 2657 2101 2694 nihilominus
2119 2659 2299 2704 fiscalium
2322 2664 2358 2696 et

130 2702 317 2739 criminum
333 2713 477 2738 nomine
494 2702 656 2738 omnibus
677 2701 794 2737 modis
816 2702 862 2736 iis
883 2701 1034 2737 subiecti
1052 2705 1135 2737 smt.
1173 2700 1247 2737 Sed
1262 2701 1369 2737 etiam
1393 2702 1456 2748 qui
1479 2701 1564 2737 hinc
1581 2713 1631 2738 ex
1647 2702 1900 2748 qualicumque
1917 2703 2052 2739 iudicio
2069 2705 2358 2751 proficiscuntur

130 2752 166 2784 et
181 2747 459 2799 qualescumque
476 2747 672 2783 sententias
690 2750 933 2793 exequuntur,
958 2746 1151 2793 quominus
1167 2746 1256 2793 plus
1274 2757 1382 2792 quam
1400 2757 1508 2782 sacra
1526 2750 1655 2782 nostra
1672 2747 1930 2784 constitutione
1949 2749 2163 2796 dispositum
2177 2754 2232 2786 est
2253 2762 2355 2797 spor-

133 2793 290 2830 tularum
313 2803 457 2828 nomine
480 2793 674 2845 accipiant,
699 2791 971 2839 maqistratibus
987 2792 1263 2839 provinciarum
1288 2791 1371 2827 licet
1385 2791 1603 2839 prohibere:
1627 2792 1690 2839 qui
1712 2792 1745 2828 si
1768 2792 1837 2828 lzoc
1854 2794 2093 2840 neqlexerint,
2116 2795 2236 2831 sciant
2256 2807 2358 2831 omne

130 2838 298 2874 damnum
321 2837 405 2873 inde
427 2837 579 2873 subditis
602 2838 739 2873 nostris
761 2837 904 2873 illatum
926 2837 1028 2884 ipsos
1054 2837 1308 2883 persoluturos
1334 2848 1419 2872 esse.
1467 2837 1606 2873 Damus
1625 2841 1744 2873 autem
1767 2838 1813 2873 iis
1836 2839 1975 2874 veniam
1998 2843 2040 2875 ut
2062 2840 2107 2876 de
2129 2840 2198 2876 hac
2220 2852 2261 2877 re
2283 2852 2356 2877 non

129 2883 246 2919 solum
277 2882 532 2929 maqistratus,
568 2894 591 2918 a
647 2883 752 2918 uibus
780 2882 944 2930 pendent
969 2882 1026 2917 illi
1056 2882 1228 2929 deleqati,
1263 2881 1328 2918 sed
1357 2882 1465 2918 etiam
1487 2893 1556 2918 nos
1583 2883 1684 2934 ipsos
1707 2883 1880 2919 certiores
1910 2884 2081 2921 reddant:
2115 2889 2157 2921 ut
2178 2897 2246 2922 nos
2269 2886 2356 2922 haec

130 2932 385 2976 coqnoscentes
417 2939 511 2971 rem,
543 2933 585 2963 ut
639 2932 732 2970 ecet,
757 2938 1034 2975 persequamur.
1089 2926 1130 2963 Si
1160 2939 1253 2974 quos
1283 2938 1368 2963 vero
1398 2931 1435 2963 et
1456 2927 1534 2974 {ipsi
1561 2927 1738 2974 diqnitate
1768 2928 1824 2964 vel
1852 2929 1997 2976 cinqulo
2028 2931 2275 2978 superbientes
2303 2932 2355 2966 in-

129 2974 262 3009 iuriam
285 2972 437 3008 subditis
459 2973 596 3009 nostris
625 2974 768 3019 inferre
799 2973 1004 3019 reperiant,
1033 2976 1249 3020 potestatem
1271 2973 1317 3007 iis
1340 2972 1468 3007 damus
1499 2975 1534 3008 et
1562 2973 1602 3008 in
1624 2973 1803 3018 maleficia
1833 2974 2041 3021 inquirendi
2062 2979 2099 3011 et
2145 2988 2214 3012 uos
2235 2981 2357 3012 sontes

130 3017 433 3065 deprehenderint
459 3018 516 3054 cin
543 3018 605 3053 ulo
625 3017 818 3065 privandi,
843 3021 1078 3064 nostramque
1101 3018 1210 3054 vicem
1233 3018 1272 3053 in
1326 3017 1497 3053 revinciis
1517 3018 1690 3060 obeundi,
1710 3018 1751 3053 id
1771 3019 1870 3064 quod
1888 3020 1996 3055 etiam
2020 3024 2126 3056 veteri
2153 3033 2196 3056 us
2219 3021 2354 3068 leqibus

131 3064 362 3099 constitutum
386 3066 448 3099 est.
528 3063 800 3099 uemadmodum
824 3062 918 3098 enim
941 3074 1004 3098 eos
1029 3063 1125 3098 omni
1144 3063 1278 3098 iniusto
1313 3073 1400 3098 ucro
1425 3073 1598 3104 arcemuS,
1622 3063 1676 3098 ita
1695 3063 1814 3106 etiam,
1838 3065 1901 3110 qui
1924 3065 2064 3112 inteqre
2087 3066 2356 3112 maqistratibus

131 3109 188 3144 usi
210 3109 294 3150 sint,
319 3111 360 3143 ut
383 3108 480 3143 omni
502 3112 539 3144 et
558 3108 695 3144 honore
718 3112 755 3144 et
773 3108 974 3144 reverentia
996 3111 1033 3143 et
1050 3108 1267 3144 auctoritate
1287 3108 1467 3154 fruantur
1489 3108 1679 3143 sancimus.

264 3152 343 3188 VII.
392 3151 452 3188 Ita
481 3154 596 3200 iqitur
625 3152 898 3200 maqistratibus
921 3164 944 3187 a
967 3152 1072 3188 nobis
1095 3153 1275 3189 distinctis
1304 3164 1382 3199 par
1410 3155 1464 3188 est
1492 3163 1592 3195 eum,
1623 3153 1686 3199 qui
1715 3152 1774 3188 hic
1802 3155 2055 3206 maqistratum
2087 3156 2244 3203 accepit,
2277 3168 2356 3192 cum

131 3199 188 3234 dei
207 3198 379 3234 memoria
403 3209 527 3233 coram
551 3198 664 3240 nobis,
689 3203 754 3234 aut
774 3198 807 3232 si
830 3197 933 3232 nobis
952 3197 1063 3232 aaron
1088 3209 1161 3232 non
1185 3199 1242 3239 sit,
1267 3202 1444 3234 eteorum
1467 3197 1682 3233 sublimitate
1707 3201 1779 3240 tua,
1804 3210 1936 3244 quique
1962 3204 2058 3235 tuam
2078 3212 2219 3247 semper
2239 3201 2357 3237 sedem

176 3270 197 3302 4
232 3267 452 3311 κυρεστικῶν
484 3268 516 3300 L
551 3269 768 3313 κυριστικῶν
802 3268 838 3299 Β
874 3267 1104 3312 κυριευτικῶν
1130 3268 1176 3300 Μ
1199 3270 1211 3308 n
1328 3269 1342 3301 1
1377 3270 1517 3308 utraque
1540 3267 1574 3298 R.
1601 3266 1612 3311 ΙΙ
1642 3267 1817 3300 habentem
1850 3270 1927 3303 libri
1955 3269 1967 3314 ss
1995 3273 2013 3304 3
2044 3270 2203 3302 existente
2232 3272 2317 3315 vulq.
2348 3272 2360 3313 Η

131 3316 149 3344 5
175 3311 352 3346 κάκείνους
376 3313 411 3345 Β
430 3311 442 3355 ΙΙ
458 3314 475 3345 7
502 3311 563 3354 τῆς
583 3311 713 3345 τῶν-
727 3309 818 3356 ὑπέρ
841 3323 881 3345 τε
905 3324 964 3345 om.
990 3312 1034 3345 M
1046 3310 1058 3356 ΙΙ
1077 3313 1096 3345 8
1120 3307 1211 3358 ὑπέρ
1280 3315 1300 3346 4
1325 3312 1511 3355 eyristensis
1532 3311 1580 3352 V]
1605 3312 1759 3345 oritensis
1776 3313 1826 3346 R¹
1845 3314 2025 3347 sciritensis
2042 3314 2092 3347 12²
2114 3313 2126 3358 ΙΙ
2151 3318 2172 3349 6
2196 3317 2235 3348 ut
2257 3318 2301 3358 et]
2326 3318 2359 3350 et

130 3361 182 3399 τε]
207 3359 266 3391 καὶ
289 3355 380 3402 ὑπὲρ
404 3357 441 3390 Β
463 3356 476 3400 ΙΙ
508 3359 548 3390 13
573 3369 612 3390 τε
636 3370 694 3391 om.
720 3358 790 3391 LB
811 3356 823 3400 ΙΙ
853 3358 894 3390 14
918 3358 1104 3402 στρατιαῖς
1128 3358 1178 3390 B⁶
1201 3360 1212 3398 1!
1282 3371 1340 3391 om.
1357 3357 1426 3390 ΕΤ
1439 3355 1451 3400 ΙΙ
1470 3358 1509 3390 12
1534 3357 1705 3400 proprium
1727 3358 1873 3400 primum
1894 3361 1942 3391 est
1960 3359 2044 3392 RV¹
2067 3360 2239 3402 proprium
2262 3372 2356 3404 prae-

131 3406 190 3437 καὶ
213 3422 257 3428 --
280 3404 516 3448 τεταγμένους
540 3415 598 3435 om.
624 3414 643 3439 ς
660 3401 674 3447 ΙΙ
697 3405 736 3436 17
768 3398 867 3444 αὐτῷ
893 3402 991 3438 ΜΒς
1021 3401 1033 3446 ΙΙ
1062 3403 1103 3436 19
1135 3401 1213 3435 τῶν
1281 3403 1384 3435 mium
1403 3404 1450 3434 est
1463 3401 1501 3435 V
1504 3401 1519 3421 ²
1538 3403 1623 3446 vulq.
1643 3401 1712 3446 1117
1739 3404 1797 3444 qui
1822 3417 1879 3436 om.
1896 3404 1949 3437 V1
1964 3403 1976 3447 ΙΙ
1996 3406 2033 3437 21
2062 3405 2262 3447 negleserint
2273 3407 2323 3440 Β*
2346 3406 2358 3451 Η

1102 3441 1135 3473 θ’
1283 3449 1325 3482 22
1355 3446 1585 3490 persoluerent
1606 3447 1641 3480 R
1661 3447 1674 3492 ΙΙ
1700 3450 1741 3482 23
1767 3448 1806 3481 de
1831 3451 1880 3490 eo]
1906 3448 1966 3481 deo
1990 3449 2040 3482 R¹
2060 3449 2133 3493 1125
2157 3451 2357 3494 agnolagno-

132 3469 346 3558 auus
366 3467 895 3561 ingemueris
913 3470 1130 3558 {mn
1143 3470 1219 3561 τί
1283 3490 1480 3571 {suffen
1493 3492 2182 3586 ..22301530sff1u15125s1522!st
2195 3499 2358 3587 ”ssi

132 3559 337 3663 ῗέἓΐοῖέῑέ
359 3560 473 3671 {³me
486 3563 553 3649 2²1³„
572 3557 1216 3658 ἕὸϊὲῗέἑῖῑῖβλὲὶέἒεἲῗέοῗέῒῖιῑῗ
1283 3583 1366 3668 §2¹31
1386 3582 1448 3659 {503
1459 3580 1531 3660 ἰς
1547 3582 1719 3672 ,thesi
1739 3583 2355 3679 tril„3m;}¹;³3tstf‘¹¹22;ss¹¹aasz

135 3651 370 3741 {aovdegzsszriss
394 3663 538 3732 0231&
564 3654 583 3685 5
608 3652 685 3695 fere
710 3650 783 3693 lue.)
818 3660 878 3693 της
908 3661 949 3696 γε
975 3659 1037 3692 της
1065 3660 1126 3693 σης
1150 3651 1181 3683 L
1205 3647 1216 3695 ΙΙ
1285 3672 1378 3706 non?
1403 3673 1414 3714 ΙΙ
1434 3673 1503 3713 tua]
1528 3673 1585 3706 tue
1609 3673 1667 3707 V„
1690 3672 1702 3716 ΙΙ
1720 3674 1760 3707 41
1785 3673 1926 3707 erexerit
1944 3674 1979 3708 R
2053 3655 2062 3670 ’
2341 3664 2349 3677 κ
