2618 4010
160 125 359 158 SANCTAE
379 126 759 158 nnsunnnc'rioms
1234 112 1316 160 259
2081 119 2188 162 Nov.
2220 120 2298 162 XL
2327 133 2389 174 pr.

159 224 302 269 πλῆθος
325 223 475 270 ἄπειρον
498 226 624 268 εἰπεῖν,
650 230 708 260 καὶ
732 224 979 269 ὑποδέχεσθαι
1005 230 1064 262 καὶ
1084 231 1240 274 τρέφειν,
1310 228 1357 262 ibi
1381 227 1609 270 confluentes,
1637 238 1786 273 quorum
1804 229 1993 264 multitudo
2011 230 2151 274 inopior
2169 232 2234 273 est,
2260 233 2296 266 et
2313 241 2391 266 sus-

158 274 219 305 καὶ
245 271 434 305 ποιεῖσθαι
458 268 622 305 δαπάνας
645 270 817 319 ἇμέτρους
846 287 884 307 τε
916 276 975 306 καὶ
1000 275 1099 319 παρὰ
1124 275 1241 308 πάσας
1312 274 1429 317 cipere
1455 278 1490 308 et
1514 275 1618 316 alere,
1645 275 1680 308 et
1700 275 1820 309 facere
1837 286 2011 318 expensas
2036 276 2214 310 inmensas
2240 279 2276 311 et
2301 277 2392 311 citra

159 314 307 350 ἐλπίδας
331 319 404 350 τοῖς
427 317 538 349 ἐκεῖσε
567 314 841 362 ἀθροιζομένοις
866 317 1056 363 ἀρκούσας,
1090 322 1149 352 καὶ
1173 318 1240 362 τὴν
1312 329 1451 353 omnem
1476 329 1575 364 spem
1602 320 1824 363 congregatis
1852 320 1902 354 ibi
1926 320 2154 365 sufficientes,
2181 325 2216 355 et
2239 322 2390 357 miracu-

162 362 457 407 θαυματουργιάν
482 362 545 395 τοῦ
569 359 721 408 μεγάλου
747 364 836 396 θεοῦ
870 366 929 397 καὶ
954 366 1112 409 σωτῆρος
1136 361 1240 408 ἡμῶν
1309 363 1381 397 lum
1407 365 1523 409 magni
1545 365 1600 400 dei
1630 367 1663 399 et
1688 365 1874 400 salvatoris
1907 366 2020 400 nostri
2044 366 2126 400 Iesu
2151 366 2299 409 Christi,
2331 367 2391 412 qui

157 405 270 448 Ἰησοῦ
294 408 452 452 Χριστοῦ
478 408 541 440 τοῦ
566 406 708 449 πλῆθος
735 406 927 452 ἀμύθητον
960 410 998 449 ἐξ
1027 406 1160 456 ὀλίγων
1186 411 1236 443 ἐκ·
1276 414 1293 444 5
1309 409 1571 444 multitudinem
1595 409 1886 444 innumerabilem
1909 421 1952 444 ex
1973 411 2096 455 paucis
2118 412 2261 447 satiavit
2286 413 2389 457 pani-

160 452 368 498 θρέψαντος
388 450 510 498 ἄρτων
532 449 623 485 καθ’
642 449 778 497 ἡμέραν
800 452 1003 497 δεχομένην.
1042 452 1129 489 ὤςτε
1148 452 1236 501 αὐτῇ
1308 454 1386 495 bus,
1417 455 1545 489 cotidie
1570 455 1838 499 suscipientem:
1881 456 1973 490 uude
2003 459 2039 490 et
2070 457 2278 500 quaestibus
2311 459 2392 502 eget

157 499 216 530 καὶ
247 493 372 540 πόρων
397 495 472 530 δεῖν
503 495 683 531 πλειόνων
721 502 778 531 καὶ
813 498 1033 544 προφάσεων
1066 498 1237 543 εὐσεβῶν,
1308 499 1471 543 pluribus
1498 504 1532 535 et
1550 501 1798 535 occasionibus
1824 500 1903 544 piis,
1931 511 1995 545 per
2020 512 2108 546 quas
2135 502 2181 536 sit
2208 502 2389 546 possibilis

157 539 247 574 καθ’
274 538 314 574 ἅς
345 540 464 583 μέλλοι
496 540 632 585 δυνατὴ
662 543 889 578 καθεστάναι
923 542 1058 588 πλήθει
1083 546 1238 589 βοηθεῖν
1308 545 1525 580 multitudini
1549 545 1716 580 auxiliari
1740 548 1875 580 tantae.

155 587 176 621 1
223 586 397 640 τοσούτω.
464 587 649 632 Ἑγνωμεν
681 593 805 622 τοίνυν
839 588 887 623 ὠς
918 590 1008 624 κατὰ
1041 591 1082 623 τὸ
1117 589 1237 635 παρὸν
1307 591 1328 625 1
1390 590 1623 634 cognovimus
1659 591 1766 634 igitur
1800 590 1884 635 quia
1919 590 1956 624 in
1992 591 2174 634 praesenti
2211 592 2388 627 Eusebius

155 629 329 674 Εὐσέβιος
353 645 372 664 o
391 631 673 676 θεοφιλέστατος
693 632 934 680 πρεσβύτερος
956 638 1015 668 καὶ
1037 634 1237 681 κειμηλιάρ-
1255 640 1294 671 10
1308 635 1373 669 (leo
1399 636 1561 671 amabilis
1585 637 1773 681 'presbyter
1797 640 1832 671 et
1852 646 2017 671 vasorum
2035 637 2261 680 praepositus
2283 638 2389 673 huius

155 687 215 719 χης
246 677 307 718 τῆς
338 675 429 710 κατὰ
452 678 519 720 τὴν
543 677 715 720 βασιλίδα
746 678 883 720 ταύτην
908 679 1016 714 πόλιν
1039 679 1238 727 ἁγιωτάτης·
1307 681 1424 724 regiae
1458 681 1608 716 civitatis
1643 681 1890 717 sanctissimae
1923 681 2096 715 ecclesiae
2127 682 2318 718 adveniens
2352 684 2387 717 in

156 720 340 762 ἐκκλησίας
361 721 647 769 παράγει-(ἠιενος
673 727 711 758 ἐν
734 725 778 771 τῇ
803 725 959 771 ῥηθείσῃ
986 727 1064 758 τῶν
1095 724 1235 771 Ἱεροσο-
1306 725 1525 769 praedictam
1542 727 1865 771 Hierosolymorum
1879 726 2003 761 urbem
2023 730 2058 760 et
2076 726 2264 762 honestum
2285 739 2389 763 suum

156 765 317 810 λυμιτῶν
339 766 442 801 πόλει
465 771 523 801 καὶ
548 768 612 803 τὸν
631 768 763 813 σεμνὸν
789 768 898 811 αὐτοῦ
923 773 982 803 καὶ
1004 770 1160 816 θεοφιλῆ
1177 774 1236 803 καὶ
1307 774 1342 804 et
1367 771 1432 805 deo
1457 773 1645 807 amabilem
1670 774 1776 806 etiam
1802 783 1897 807 nunc
1922 772 2114 806 ostendens
2139 773 2291 815 modum,
2324 783 2389 818 per

155 813 221 844 νῦν
246 809 512 856 ἐνδεικνύμενος
543 813 690 857 τρόπον,
725 813 773 848 δι’
802 813 842 847 οὑ
869 814 1016 849 πολλαῖς
1047 819 1107 849 καὶ
1130 812 1234 861 μεγά-
1307 825 1409 858 quem
1430 817 1591 860 plurimis
1615 820 1650 852 et
1675 817 1810 860 magnis
1832 828 1876 852 ac
1899 817 2001 852 iustis
2024 818 2211 852 crementis
2240 823 2388 853 sanctae

156 855 229 890 λαις
253 860 312 889 καὶ
338 856 491 892 δικαίαις
516 855 684 902 αὖξησεσι
714 860 781 901 τὴν
806 861 866 901 τῆς
890 858 1091 906 ἁγιωτάτης
1116 859 1234 902 ἐκκλη-
1253 866 1290 897 15
1306 862 1478 895 ecclesiae
1502 872 1631 906 augere
1656 863 1791 898 reditus
1816 863 1937 903 valuit,
1964 862 2133 897 trecentis
2154 867 2189 897 et
2206 864 2388 906 octoginta

155 905 232 935 σίας
256 901 383 944 ηὔξησε
409 901 594 948 affection,
629 905 748 946 ἴσχυσε
773 909 990 948 τριακοσίων
1015 901 1233 951 ὀγδοήκοντα
1306 907 1382 939 auri
1419 907 1517 941 libris
1555 908 1639 941 emit
1673 908 1808 942 reditus
1841 908 1987 952 triginta
2016 908 2122 952 paulo
2157 908 2237 952 plus
2270 909 2387 943 minus

153 951 296 991 χρυσίου
320 947 454 993 λιτρῶν
477 946 695 991 ὠνήσασθαι
715 948 888 995 πρόςοὸον
908 952 1101 996 τριάκοντα
1116 953 1232 995 μικρῷ
1304 951 1382 984 auri
1403 951 1584 994 librarum,
1610 953 1698 987 alias
1721 953 1860 997 quidem
1885 953 2055 998 pecunias
2078 963 2297 997 congregans
2318 954 2386 997 pie,

154 992 279 1026 πλεῖον
304 990 323 1034 ἢ
349 995 503 1027 ἔλαττον
525 998 668 1037 χρυσίου
694 994 838 1039 λιτρῶν,
871 994 916 1028 τιὶ
946 998 1013 1037 μὲν
1045 997 1123 1029 τῶν
1154 1010 1233 1039 χρη·
1305 996 1392 1030 alias
1424 1002 1543 1031 autem
1576 998 1682 1032 etiam
1714 999 1870 1033 mutuari
1900 1009 2099 1043 procurans
2132 998 2198 1033 deo
2225 998 2387 1033 amabili-

153 1037 282 1080 μάτων
318 1036 496 1083 ἀθροίσας
531 1039 701 1082 εὐσεβῶς,
738 1039 782 1072 τὰ
818 1039 858 1072 δὲ
892 1044 950 1073 καὶ
989 1039 1233 1074 δανείσασθαι
1303 1041 1369 1075 bus
1406 1044 1606 1077 oeconomis
1645 1047 1859 1078 memoratae
1898 1048 2044 1079 sanctae
2077 1043 2385 1079 ResurrectioniS:

154 1082 428 1128 παρασκευάσας
447 1083 528 1118 τοὺς
550 1083 851 1129 θεοφιλεστάτους
871 1085 1078 1129 οἰκονόμους
1106 1088 1166 1129 τῆς
1187 1087 1232 1119 εἰ·
1247 1090 1289 1121 20
1304 1086 1496 1130 docuitque
1521 1099 1601 1129 nos,
1637 1089 1719 1132 quia
1744 1090 1939 1125 creditores
1972 1099 2062 1133 quae
2092 1099 2157 1124 sua
2181 1094 2265 1124 sunt
2296 1090 2386 1124 reci-

154 1131 304 1171 ρημείἠς
333 1126 434 1174 ἁγίας
456 1127 708 1163 Ἀναστάσεως.
757 1128 902 1170 ἐδίδαξε
927 1143 966 1164 τε
990 1128 1093 1174 ἡμᾶς,
1128 1129 1176 1165 ὡς
1200 1131 1234 1164 οἱ
1301 1142 1386 1175 pere
1420 1135 1605 1175 quaerunt,
1640 1138 1674 1167 et
1707 1135 1790 1178 quia
1821 1135 1927 1176 alium
1963 1135 2097 1169 invenit
2131 1134 2387 1179 inopinabilem

154 1171 339 1215 δανεισταὶ
363 1174 407 1207 τὰ
429 1175 539 1207 οἰκεῖα
564 1173 688 1218 λαβεῖν
713 1176 929 1218 ἐπιζητοῦσι,
956 1179 1015 1209 καὶ
1042 1175 1088 1210 ὡς
1109 1179 1233 1223 ἕτερον
1302 1181 1500 1220 quaestum.
1552 1178 1699 1212 Plurimi
1727 1180 1819 1213 enim
1853 1179 2108 1214 confluentium
2137 1183 2173 1214 et
2197 1180 2386 1214 advenien-

154 1217 231 1263 ι-ἷνρε
256 1217 462 1264 παράδοξον
487 1217 610 1264 πόρον.
660 1219 808 1254 πολλῶν
830 1220 898 1267 γαρ
923 1219 1152 1266 συρρεόντων
1174 1225 1233 1255 καὶ
1302 1223 1388 1255 tium
1415 1223 1459 1257 ad
1484 1228 1713 1258 memoratam
1739 1225 2066 1270 Hierosolymorum
2093 1225 2271 1260 civitatem
2293 1225 2386 1260 desi-

154 1264 434 1308 ἐπιφοιτώντων
457 1265 501 1310 τῇ
526 1264 681 1311 ῥηθείσῃ
713 1267 791 1299 τῶν
815 1264 1107 1311 Ἱεροσολυμιτῶν
1131 1266 1233 1301 πόλει
1302 1267 1399 1301 derio
1424 1267 1622 1302 dicatorum
1649 1269 1713 1304 deo
1731 1270 1891 1304 locorum
1916 1270 2065 1314 cupiunt
2089 1281 2298 1315 comparare
2322 1271 2387 1304 ha-

152 1308 264 1352 πόθω
296 1310 374 1342 τῶν
398 1307 598 1351 ἀνειμένων
629 1313 682 1352 τῴ
710 1311 789 1354 θεῷ
815 1311 952 1352 τόπων,
987 1313 1232 1356 ἐπιθυμοῦσιν
1247 1316 1287 1347 25
1303 1312 1463 1347 bitacula
1488 1315 1740 1348 ecclesiastica
1758 1325 1846 1350 auro
1871 1316 1994 1356 multo,
2022 1316 2189 1359 quatinus
2211 1316 2263 1350 eis
2280 1316 2387 1350 liceat

153 1351 373 1396 ὠνήσασθαι
410 1352 559 1396 οἰκήσεις
589 1355 879 1396 ἐκκλησιαστικὰς
913 1361 1057 1403 χρυσίου
1088 1357 1231 1400 πολλοῦ,
1303 1358 1498 1392 secundum
1530 1362 1763 1394 memoratum
1795 1361 1912 1394 locum
1944 1360 2016 1394 frui
2048 1361 2278 1402 habitatione,
2313 1371 2386 1396 non

152 1395 248 1433 ὅπως
272 1395 317 1432 ἂν
342 1398 461 1433 αὐτοῖς
486 1400 576 1443 ἐξείη
609 1401 669 1442 τῆς
692 1400 782 1435 κατὰ
814 1401 880 1435 τὸν
904 1404 1091 1447 εἰρημένον
1115 1402 1232 1437 τόπον
1303 1407 1422 1437 autem
1445 1414 1552 1448 posse
1576 1405 1664 1439 haec
1689 1415 1794 1448 agere
1821 1406 2048 1450 praepositos
2080 1410 2227 1440 sanctae
2253 1406 2385 1440 Resur-

150 1441 345 1478 άπολαύειν
379 1444 563 1487 οἰκήσεως,
593 1445 641 1489 μὴ
667 1444 852 1480 δύνασθαι
885 1446 923 1480 δὲ
957 1450 1072 1481 ταῦτα
1096 1449 1230 1493 πρᾶξαι
1303 1449 1472 1483 rectionis
1497 1449 1624 1484 timore
1648 1451 1734 1494 legis
1761 1461 1852 1494 quae
1877 1461 1898 1485 a
1919 1451 2022 1486 nobis
2043 1461 2151 1494 super
2169 1451 2385 1486 ecclesiasti-

151 1489 232 1523 τοὺς
255 1491 487 1535 προεστῶτας
518 1492 579 1533 τῆς
602 1487 702 1537 ἁγίας
724 1489 970 1526 Ἀναστάσεως
994 1491 1065 1527 δεέι
1089 1497 1152 1527 τοῦ
1174 1493 1230 1528 νό-
1304 1492 1355 1528 cis
1380 1494 1656 1530 alienationibus
1688 1497 1807 1540 posita
1839 1499 1910 1539 est,
1945 1507 2024 1531 cum
2058 1496 2181 1540 utique
2213 1500 2316 1530 tanta
2340 1497 2387 1531 sit

148 1548 217 1578 μου
247 1536 309 1569 τοῦ
342 1533 430 1581 παρ’
459 1533 562 1580 ἡμῶν
595 1538 653 1570 ἐπὶ
681 1540 758 1570 ταῖς
782 1537 1090 1580 ἐκκλησιαστικαῖς
1113 1541 1229 1573 ἐκποι-
1246 1542 1287 1574 30
1302 1539 1450 1582 utilitas,
1477 1543 1517 1574 ut
1541 1541 1577 1574 in
1601 1541 1704 1575 annis
1727 1542 1984 1585 quinquaginta
2001 1541 2110 1576 velint
2130 1542 2238 1586 aliqui
2258 1542 2384 1586 domus

150 1580 448 1622 vssaeeiveffe'vws,
469 1586 628 1628 καίτοιγε
644 1581 819 1625 τοσαύτης
838 1582 942 1626 οὔσης
963 1585 1023 1627 τῆς
1047 1582 1228 1630 ὠφελείας,
1299 1585 1364 1618 has
1399 1595 1623 1630 comparare3
1664 1592 1699 1621 et
1731 1596 1774 1621 ex
1805 1587 1873 1621 hoc
1902 1586 2091 1631 plurimam
2123 1589 2160 1621 et
2191 1597 2258 1622 nec
2288 1586 2387 1621 dictu

151 1622 238 1658 (ι’)’ςτε
269 1627 317 1659 εἰς
348 1626 530 1661 ἐνιαυτοὺς
561 1626 788 1668 πεντήκοντα
819 1627 1025 1672 βούλεσθαί
1054 1642 1155 1664 τινας
1186 1629 1231 1664 τὰ
1300 1630 1439 1664 facilem
1463 1631 1650 1675 provenire
1677 1633 1972 1675 commoditatem,
2006 1632 2180 1676 siquidem
2206 1632 2385 1676 pOSSeSSiO

150 1670 364 1717 στεγονόμια
389 1671 503 1705 ταῦτα
530 1669 768 1715 ὠνήσασθαι,
802 1671 1004 1708 κάντεῦθεν
1036 1674 1168 1710 πολλοῦ
1192 1689 1231 1710 τε
1302 1679 1448 1710 sanetae
1474 1677 1648 1711 ecclesiae
1667 1677 1847 1721 adquisita
1872 1682 1927 1712 est
1951 1677 2129 1712 redituum
2155 1677 2299 1712 circiter
2322 1677 2385 1711 tri-

150 1719 207 1754 καὶ
243 1714 326 1750 οὐδὲ
362 1717 477 1751 εἰπεῖν
509 1714 595 1751 ὅσου
627 1719 691 1751 τοῦ
723 1716 1001 1754 διαλλάττοντος
1031 1724 1230 1766 γινομένου,
1300 1721 1399 1764 ginta
1424 1722 1504 1755 auri
1529 1722 1697 1756 librarum
1732 1726 1780 1764 (et
1803 1724 1873 1757 hoc
1904 1722 2117 1757 mirabilium
2145 1722 2385 1762 existentium)

149 1761 248 1807 εἴπερ
274 1760 294 1804 ὴ
317 1763 384 1805 μὲν
409 1764 528 1804 κτῆσις
552 1764 597 1810 τῇ
619 1760 802 1810 ἁγιωτάτῃ
829 1763 995 1808 ἐκκλησίᾳ
1020 1768 1231 1813 προςγέγονε
1246 1769 1286 1800 35
1302 1766 1359 1800 vix
1382 1767 1416 1800 in
1443 1767 1612 1802 tredecim
1637 1768 1750 1808 annis,
1776 1768 2064 1803 habitaculorum
2089 1772 2209 1803 autem
2229 1768 2385 1803 venditio

149 1807 209 1849 τῆς
233 1805 406 1853 προςόὸου
432 1812 585 1853 περίπου
616 1810 694 1842 τῶν
719 1810 913 1853 τριάκοντα
941 1812 1004 1844 τοῦ
1027 1814 1157 1856 χρυσοῦ
1182 1810 1230 1844 λι·
1301 1811 1336 1845 in
1371 1813 1628 1856 quinquaginta
1661 1814 1764 1848 annis
1797 1815 1923 1858 agitur,
1957 1818 1992 1848 et
2024 1813 2175 1848 maxime
2207 1824 2317 1848 causa
2349 1813 2386 1848 in

148 1853 248 1897 τρῶν
280 1854 494 1892 (καὶταῦτα
527 1854 734 1897 θαυμασίας
765 1854 1017 1899 καθεστώσης)
1047 1855 1147 1900 μόλις
1171 1859 1231 1890 ἐπὶ
1302 1857 1517 1892 habitaculis
1555 1858 1740 1901 existente,
1779 1870 1871 1903 quae
1905 1859 2063 1894 fortuitis
2099 1858 2263 1893 omnibus
2299 1859 2384 1893 sub-

119 1895 373 1942 .τριςκαίδεκα
396 1900 526 1939 ἔτεσιν,
559 1895 579 1941 ἦ
604 1897 644 1932 δὲ
675 1901 752 1933 τῶν
776 1900 986 1944 οἰκημάτων
1018 1902 1146 1947 πρᾶσις
1171 1904 1229 1936 ἐπὶ
1299 1901 1418 1936 iacent
1451 1903 1622 1945 cladibus,
1656 1915 1739 1939 mox
1772 1905 1932 1948 peritura
1965 1908 1999 1939 et
2032 1905 2216 1948 vestigium
2247 1904 2385 1938 nullum

151 1941 376 1985 πεντήκοντα
391 1945 564 1978 ἐνιαυτοῖς
575 1943 775 1990 γενήσεται,
793 1949 852 1979 καὶ
867 1945 1025 1989 μάλιστα
1040 1948 1103 1981 τοῦ
1118 1948 1230 1994 πράγ-
1301 1947 1409 1982 facile
1441 1949 1579 1983 salvare
1611 1949 1782 1991 valentia,
1825 1951 1854 1984 Si
1886 1961 1930 1985 ex
1959 1950 2112 1994 quadam
2148 1949 2256 1993 (quod
2290 1950 2385 1984 absit

148 2000 259 2031 ματος
277 1990 316 2021 ἐν
334 1985 524 2031 οἰκήμασιν
546 1988 749 2033 ἱσταμένου,
775 1989 867 2035 ἅπερ
889 1995 1053 2035 τυχηραῖς
1076 1989 1232 2026 ἁπάσαις
1247 1996 1287 2027 40
1303 1993 1408 2027 etiam
1433 1994 1516 2038 dici)
1551 1994 1651 2029 clade
1683 1994 1885 2030 deiciantur
1915 1999 1979 2031 aut
2011 1996 2114 2030 aliter
2138 1996 2382 2030 absumantur.

147 2030 335 2067 ὑπόκειται
368 2034 632 2079 περιστάσεσιν,
670 2032 779 2069 εὐθὺς
812 2035 1112 2081 συναπολλύμενα
1144 2036 1227 2071 ταύ-

148 2090 225 2112 ταις
258 2081 317 2112 καὶ
342 2080 436 2120 ἴχνος
468 2077 549 2113 οὐδ’
578 2078 700 2114 ὁτιοῦν
726 2080 942 2125 περισώζειν
967 2081 1100 2128 ῥᾳδίως
1126 2081 1227 2116 δυνά-

146 2137 248 2167 μενα,
280 2124 380 2169 εἴπερ
404 2126 443 2157 ἔκ
467 2136 563 2157 τινος
597 2122 715 2169 (ἀπείη
742 2124 781 2159 δὲ
805 2129 911 2160 τοῦτο
940 2131 998 2160 καὶ
1023 2128 1086 2161 τοῦ
1112 2126 1229 2174 λόγου)

148 2168 390 2215 περιστάσεως
411 2170 644 2213 κατενεχθείη
670 2168 691 2213 ἢ
716 2170 830 2205 ἄλλως
855 2170 1077 2215 ἀναλωθείη.

147 2281 233 2315 illuc
258 2281 454 2325 confluunt,
487 2292 641 2326 quorum
665 2282 856 2316 multitudo
881 2283 1025 2326 infinita
1058 2287 1112 2318 est
1136 2283 1299 2324 dicenda,
1333 2288 1368 2318 et
1390 2284 1574 2328 suscipere
1597 2288 1633 2319 et
1655 2284 1765 2326 alere,
1797 2288 1834 2320 et
1854 2288 2020 2331 sumptus
2041 2285 2169 2330 facere
2192 2286 2385 2322 immensos

148 2337 191 2360 ac
215 2332 363 2371 praeter
386 2336 468 2370 spes
492 2337 613 2361 omnes
637 2327 681 2360 iis
706 2327 768 2371 qui
792 2327 867 2361 illic
892 2334 1163 2373 conqreqantw·
1187 2329 1424 2373 sufficientes,
1457 2332 1583 2375 utpote
1607 2340 1701 2374 quae
1724 2330 1843 2374 ipsum
1866 2330 2080 2364 miraculum
2105 2332 2228 2376 maqni
2258 2331 2317 2367 dei
2340 2343 2384 2367 ac

147 2371 344 2405 servatoris
368 2371 484 2404 nostri
506 2370 588 2405 Iesu
616 2371 755 2412 Christi,
781 2372 843 2416 qui
868 2373 1130 2407 ‘niultitudinem
1154 2373 1449 2407 innmnerabilem
1474 2374 1606 2418 paucis
1624 2374 1785 2419 panibus
1808 2375 1969 2415 nutrivit,
2002 2375 2133 2410 cotidie
2156 2377 2380 2422 experiatur.

149 2414 280 2461 Itaque
311 2417 344 2450 ei
368 2419 403 2450 et
425 2415 592 2461 pluribus
616 2416 791 2451 radicibus
823 2422 856 2451 et
878 2418 954 2462 piis
979 2418 1098 2451 causis
1131 2429 1223 2464 opus
1246 2422 1310 2458 est,
1343 2429 1392 2452 ex
1417 2418 1546 2463 quibus
1568 2418 1700 2453 idonea
1725 2420 1862 2454 existat
1893 2430 1987 2465 quae
2013 2424 2135 2455 tantae
2159 2421 2383 2456 multitudini

148 2463 164 2495 1
221 2460 416 2496 subveniat.
490 2460 733 2506 Comperimus
756 2461 869 2507 iqitur
892 2462 930 2495 in
946 2463 1136 2508 praesenti
1161 2462 1356 2497 Eusebium
1375 2462 1451 2509 deo
1478 2463 1702 2498 carissimum
1720 2464 1976 2509 presbyterum
2008 2470 2044 2500 et
2071 2466 2320 2502 sanctissimae
2343 2467 2382 2501 in

147 2506 250 2550 reqia
283 2505 351 2540 lzac
382 2507 469 2541 urbe
500 2507 670 2541 ecclesiae
702 2506 983 2548 cimeliarcliam,
1023 2518 1102 2542 eum
1135 2508 1184 2542 ad
1210 2508 1628 2553 Hierosolgsmitanorum
1660 2519 1768 2554 quam
1800 2509 1961 2544 diximus
1985 2509 2163 2546 civitatem
2186 2512 2382 2557 profectus

147 2556 237 2586 esset
269 2555 304 2585 et
325 2562 456 2595 qraves
479 2562 565 2585 suos
589 2558 698 2597 atque
722 2552 788 2586 deo
814 2557 982 2597 acceptos
1006 2563 1125 2587 mores
1149 2563 1243 2587 nunc
1267 2563 1412 2598 quoque
1437 2553 1651 2595 ostenderet,
1673 2565 1748 2633 Z{ier
1771 2565 1863 2599 quos
1885 2554 2009 2589 multis
2040 2557 2253 2601 maqnisque
2276 2557 2383 2592 iustis

146 2596 373 2631 incrementis
400 2597 648 2631 sanctissimae
679 2597 850 2632 ecclesiae
881 2597 1036 2632 reditum
1068 2598 1186 2639 auxit,
1226 2598 1394 2632 trecentis
1429 2599 1614 2643 octossinta
1645 2599 1670 2633 li
1695 2599 1748 2633 ris
1779 2600 1864 2634 auri
1891 2599 2046 2635 reditum
2080 2601 2231 2647 triqinta
2261 2602 2379 2648 paulo

141 2641 230 2688 plus
260 2641 419 2675 minusve
450 2641 625 2676 librarum
656 2643 738 2676 auri
770 2653 886 2677 emere
918 2643 1084 2684 valuisse,
1119 2653 1198 2677 cum
1227 2647 1370 2688 partem
1398 2644 1636 2688 pecuniarum
1665 2644 1726 2690 pie
1750 2644 1948 2690 colliqeret,
1976 2649 2123 2690 partem
2155 2651 2197 2681 ut
2219 2650 2381 2682 mutuam

145 2691 326 2721 sumerent
356 2686 423 2721 deo
454 2687 632 2721 carissimi
659 2688 845 2722 oeconomi
876 2687 994 2722 dictae
1025 2692 1173 2722 sanctae
1198 2687 1490 2722 Resurrectionis
1517 2693 1747 2734 procuraret.
1805 2689 1916 2734 Isque
1947 2690 2070 2725 docuit
2094 2702 2160 2726 nos
2184 2692 2381 2727 creditores

146 2742 320 2777 quaerere
343 2742 411 2766 sua
437 2732 608 2777 recipere,
633 2743 742 2778 seque
767 2733 877 2767 cilium
894 2737 1048 2779 praeter
1072 2733 1278 2778 opinionem
1302 2734 1508 2778 repperisse
1531 2733 1697 2769 reditum.
1744 2733 1881 2770 Multos
1905 2735 1997 2770 enim
2022 2746 2101 2770 cum
2125 2747 2167 2771 eo
2193 2738 2383 2783 confluant

146 2777 349 2822 dictamque
376 2776 790 2822 Hierosolymitanorum
817 2778 994 2813 clvitatem
1019 2778 1196 2813 desiderio
1222 2778 1382 2812 locorum
1407 2777 1473 2812 deo
1500 2778 1704 2813 dicatorum
1730 2779 1872 2821 obeant,
1902 2791 2034 2826 cupere
2057 2780 2301 2817 habitationes
2325 2793 2380 2818 ec-

146 2821 366 2856 clesiasticas
386 2833 518 2868 maqnu
540 2823 622 2856 αιινὶ
641 2823 677 2857 υἱ
695 2833 922 2868 comparare,
948 2827 988 2858 ut
1008 2823 1097 2869 ipsis
1121 2823 1342 2857 habitatione
1366 2823 1403 2856 in
1428 2823 1507 2858 loco
1534 2835 1638 2869 quem
1662 2824 1823 2860 diximus
1844 2826 1926 2870 frui
1951 2826 2079 2867 liceat;
2103 2838 2147 2861 ne
2174 2839 2218 2862 ue
2238 2838 2322 2863 vero
2345 2827 2383 2863 id

145 2877 273 2901 sacrae
297 2866 586 2902 Resurrectionis
609 2868 788 2902 antistites
810 2869 937 2913 facere
964 2879 1073 2914 posse
1097 2873 1191 2903 metu
1216 2869 1305 2913 leqis
1329 2867 1372 2902 dc
1397 2868 1651 2903 ecclesiasticis
1675 2870 1955 2905 alienationibus
1979 2882 2002 2905 a
2025 2872 2128 2906 nobis
2167 2877 2261 2915 atae,
2299 2873 2383 2908 licet

147 2916 249 2947 tanta
272 2912 319 2947 sit
341 2912 394 2946 rei
419 2912 567 2954 utilitas,
592 2917 634 2947 ut
657 2913 803 2958 quidam
827 2913 865 2947 in
889 2924 1007 2947 annos
1029 2913 1296 2958 quinquaqinta
1322 2913 1541 2957 computatis
1558 2914 1797 2959 pensionibus
1822 2915 2064 2951 habitationes
2087 2917 2172 2952 illas
2192 2928 2309 2953 emere
2326 2929 2381 2954 ve-

146 2957 224 2998 lint,
257 2961 365 3002 atque
388 2956 471 2991 inde
494 2968 628 3002 maqna
652 2968 696 2992 ac
719 2969 763 2993 ne
788 2958 862 2992 dici
883 2958 1025 3003 quidem
1042 2963 1167 3005 potest
1192 2962 1328 3003 quanta
1354 2958 1560 3003 differentia
1584 2959 1630 2994 sit
1652 2959 1797 3004 futura,
1828 2961 1861 2995 si
1885 2961 2028 3006 quidem
2050 2962 2301 2998 sanctissimae
2325 2974 2380 2998 ec-

146 3001 275 3036 clesiae
304 3003 486 3046 possessio
518 3002 698 3037 redituum
729 3003 873 3038 circiter
907 3004 1057 3048 ti'iqinta
1089 3003 1263 3038 librarum
1296 3004 1389 3045 auri,
1422 3014 1617 3049 eorumque
1648 3014 1737 3039 sane
1759 3005 1967 3050 insiqnium‚
2001 3006 2065 3041 vix
2087 3007 2253 3042 tredecim
2275 3008 2382 3042 annis

146 3046 325 3090 acquisita
349 3046 413 3088 sit,
445 3047 692 3092 aedificiorum
717 3058 800 3082 vero
827 3048 981 3083 venditio
1012 3059 1080 3099 per
1105 3049 1372 3094 quinquaqinta
1404 3059 1522 3083 annos
1551 3049 1683 3093 futura
1706 3049 1764 3091 sit,
1798 3059 1877 3084 cum
1898 3052 2114 3096 praesertim
2138 3063 2196 3086 res
2219 3053 2258 3086 in
2283 3052 2380 3087 aedi-

144 3091 239 3135 ficiis
263 3094 412 3133 constet,
441 3103 534 3131 auae
557 3093 726 3136 fortuitis
757 3093 900 3128 casibus
925 3093 1088 3127 omnibus
1113 3093 1275 3128 obnoxia
1298 3098 1384 3128 sunt
1415 3094 1537 3128 statim
1561 3104 1635 3128 una
1660 3104 1740 3128 cum
1766 3095 1839 3129 illis
1855 3096 2027 3140 peritura
2059 3107 2103 3132 ac
2126 3108 2170 3131 ne
2191 3098 2380 3142 vestiqium

147 3135 287 3214 quig'em
310 3135 423 3179 facile
443 3130 557 3170 ‘villum
582 3137 766 3179 relictura,
790 3138 822 3171 si
846 3138 986 3182 quidem
1012 3149 1061 3173 ex
1084 3149 1171 3174 casu
1196 3139 1318 3185 aliquo
1343 3138 1451 3181 (absit
1474 3143 1593 3173 autem
1618 3138 1686 3173 lzoc
1710 3139 1754 3174 ab
1775 3140 1856 3185 ipso
1883 3143 1959 3183 ore)
1983 3145 2191 3177 evertantur
2215 3146 2280 3177 aut
2303 3142 2378 3177 alio

146 3191 202 3214 mo
233 3191 252 3214 o
279 3185 547 3215 consumantur.

195 3296 208 3326 1
233 3291 381 3337 ἄπειρον
400 3293 526 3334 εἰπεῖν]
551 3293 684 3335 inopior
708 3295 756 3326 est
781 3296 813 3334 (i.
831 3307 856 3327 e.
874 3291 1011 3340 ἄπορον
1033 3296 1158 3329 ἑστίνῩ
1184 3299 1225 3339 cs:

146 3351 216 3371 nov.
237 3339 334 3371 LIII
355 3342 373 3372 5
399 3344 413 3377 ᾖ
438 3340 466 3377 1)
485 3350 504 3374 ς
528 3339 538 3379 Η
570 3339 588 3371 3
614 3341 674 3370 καὶ
699 3352 736 3371 ex
761 3351 780 3374 ς
803 3340 1003 3380 Zachariae]
1037 3339 1130 3374 κατὰ
1156 3343 1201 3375 M
1216 3340 1228 3387 Η

150 3385 189 3417 10
209 3382 390 3426 Εὐσέβιος]
415 3386 457 3425 cf.
477 3383 563 3416 Acta
584 3385 714 3417 concilii
733 3385 1024 3428 Hierosolymitani
1039 3399 1068 3418 a.
1085 3389 1149 3421 536
1172 3400 1225 3429 ap.

147 3430 263 3461 Mansi
278 3430 493 3462 conciliorum
515 3429 586 3461 coll.
603 3429 736 3472 VIIIp.
753 3431 836 3463 1166
864 3428 875 3473 ΙΙ
912 3432 949 3463 16
972 3430 1101 3473 ηὔξησε
1125 3432 1226 3477 πρός·
1300 3435 1339 3466 16
1353 3432 1454 3464 libras
1470 3432 1500 3463 T
1520 3430 1531 3474 ΙΙ
1565 3433 1599 3464 17
1616 3430 1717 3463 libras
1737 3433 1817 3465 Tae.
1843 3432 1855 3477 Η
1881 3433 2041 3475 pecunias
2058 3435 2130 3475 (sic)
2154 3435 2188 3468 V
2206 3434 2218 3478 H
2244 3437 2284 3470 18
2304 3436 2380 3470 aliis

147 3470 242 3513 οδον,
267 3473 399 3514 ἴσχυσε]
438 3484 558 3515 augere
583 3474 708 3506 reditus
735 3473 839 3506 valuit
863 3486 882 3510 ς
901 3474 912 3518 ΙΙ
939 3477 979 3508 22
1004 3472 1227 3522 Ἱεροσολυμι-
1305 3477 1359 3520 VH
1383 3478 1420 3510 19
1436 3477 1602 3507 oconomis
1628 3477 1662 3509 V
1678 3477 1869 3519 ychonomis
1885 3480 1916 3511 T
1942 3478 1954 3522 ΙΙ
1983 3480 2023 3511 22
2049 3480 2299 3513 comfluentium
2321 3481 2381 3527 Vss

147 3518 224 3551 τῶν
248 3519 305 3559 Μ]
339 3519 625 3561 Hiersolymorum
651 3531 670 3555 ς
693 3520 704 3562 Η
742 3521 783 3553 33
806 3516 1033 3565 στεγονόμια]
1059 3522 1173 3554 domus
1198 3534 1225 3558 ς.
1261 3545 1263 3565 ,
1297 3524 1341 3555 24
1357 3522 1428 3561 deo]
1451 3521 1492 3553 do
1516 3520 1628 3565 V1127
1650 3523 1707 3554 hec
1724 3534 1816 3565 posse
1838 3523 1871 3556 V
1888 3534 1979 3565 posse
1994 3524 2055 3556 hoe
2071 3525 2103 3557 T
2120 3523 2132 3567 ΙΙ
2161 3527 2203 3559 29
2216 3539 2264 3568 sq.
2279 3526 2380 3559 sit—

152 3563 202 3601 Cf.
229 3565 305 3604 260,
329 3570 366 3596 42
392 3572 421 3597 et
444 3566 565 3598 Iulian.
593 3577 618 3597 c.
640 3567 680 3597 47
705 3572 780 3598 extr.
805 3566 894 3605 (Am.
922 3567 1078 3598 ἐκποιεῖν
1110 3567 1157 3600 εἰς
1187 3566 1224 3600 ν’
1261 3570 1263 3574 ”
1297 3567 1541 3608 quinquaginta
1560 3568 1739 3600 ὀίεαι-,ΙΝ
1765 3568 1776 3609 Η
1799 3570 1840 3601 30
1856 3568 1971 3608 velint]
1985 3569 2039 3601 uel
2053 3569 2089 3601 in
2107 3570 2162 3614 Vss
2188 3573 2227 3604 31
2244 3571 2376 3613 *dictu]

149 3599 194 3642 (λ’
215 3610 300 3650 cod.)
332 3611 395 3650 ἔτη
419 3610 483 3642 τοῦ
509 3607 769 3653 ἀθροιζομένου
795 3610 936 3651 ἐτησίων
972 3615 1226 3656 στεγονομίου),
1262 3641 1263 3646 ,
1297 3614 1354 3644 diu
1374 3614 1458 3651 libri,
1482 3611 1589 3643 dicere
1605 3613 1696 3645 Beck-
1714 3612 1725 3654 Η
1745 3615 1786 3645 313
1805 3615 1922 3654 agetur
1940 3615 2025 3657 only.
2044 3615 2054 3657 ΙΙ
2076 3616 2115 3648 37
2133 3615 2295 3648 habitulis
2318 3617 2351 3649 V
2367 3616 2379 3660 ΙΙ

150 3653 219 3684 item
235 3666 305 3686 nov.
324 3655 427 3687 CXX
441 3668 465 3688 c.
482 3657 563 3699 9pr.
586 3655 597 3698 ΙΙ
623 3658 660 3688 41
682 3653 978 3698 συναπολλύμενα
999 3653 1146 3691 ταύταις
1170 3659 1224 3698 M]
1261 3650 1263 3684 l
1296 3658 1414 3689 fortius
1436 3657 1468 3688 V
1486 3656 1497 3697 Η
1526 3658 1568 3688 39
1590 3657 1690 3690 facire
1714 3658 1745 3690 V
1758 3657 1769 3701 Η
1794 3659 1979 3690 ualentium
2001 3660 2078 3693 libri
2098 3659 2110 3704 Η
2138 3663 2180 3694 40
2202 3662 2378 3693 adsuman-

149 3698 297 3741 peritura
321 3710 341 3738 ς
1260 3694 1264 3745 Ι
1296 3706 1352 3734 tur
1378 3703 1404 3735 V
1421 3704 1629 3735 assumantur
1650 3703 1731 3735 Tat.

1343 3299 1363 3330 4
1376 3296 1488 3337 magni
1503 3296 1536 3328 T
1545 3296 1602 3336 αλ]
1628 3296 1735 3328 sancti
1755 3296 1789 3329 V
1805 3296 1816 3339 ΙΙ
1844 3299 1863 3330 5
1877 3297 2131 3330 innumerabilis
2153 3299 2206 3332 Va
2222 3298 2233 3344 ΙΙ
2261 3301 2280 3334 8
2294 3300 2380 3334 mul-

1297 3341 1441 3374 titudine
1467 3341 1500 3373 V
1523 3340 1534 3383 ΙΙ
1566 3342 1606 3373 12
1635 3341 1921 3375 hierosolimarum
1947 3343 1980 3376 V
1999 3342 2011 3387 ΙΙ
2038 3345 2077 3377 13
2099 3346 2131 3376 et
2152 3345 2212 3377 deo
2233 3358 2292 3379 om.
2320 3346 2355 3379 V

1300 3390 1338 3421 15
1361 3386 1509 3419 redditus
1530 3386 1591 3418 VT
1604 3386 1647 3422 (et
1663 3388 1709 3419 sic
1728 3388 1830 3428 infra)
1848 3387 1860 3431 ss
1879 3390 1910 3420 et
1929 3389 2100 3430 octoginta
2121 3390 2167 3430 V]
2189 3392 2222 3422 et
2243 3403 2302 3424 om.
2318 3392 2351 3424 T
2368 3347 2382 3436 ll

2037 3761 2107 3794 33*
