2618 4010
176 101 286 134 FILII
318 100 620 133 EFFIGIUNTUR
636 100 708 131 'LE
714 98 861 132 GITIMI

176 205 270 237 σίων
302 198 399 245 αὐτῷ
435 198 583 236 παίδων
617 198 684 244 τὴν
714 202 867 248 γυναῖκα
900 201 1077 247 γενέσθαι
1110 203 1260 246 μητέρα,

176 246 240 282 οὐκ
259 244 305 282 ἂν
322 249 462 294 γένοιτο
481 243 635 280 δυνατὸς
655 245 738 280 τούς
757 248 796 280 ἐκ
816 248 894 281 τῶν
915 245 1093 281 τοιούτων
1111 247 1259 290 τεχθέν·

176 304 241 327 τας
269 291 396 340 γάμων
426 281 535 325 αὖθις
562 292 611 326 εἰς
649 292 804 325 νοθείαν
836 291 1012 372 sufficiat,
1048 289 1134 326 οὐδέ
1161 291 1262 326 τινας

177 335 327 392 ἕστερον
350 337 437 391 ἴσως
457 334 589 383 γάμους
610 337 702 381 μετὰ
734 337 801 380 τὴν
824 350 865 371 τε
926 338 994 382 τὴν
1022 339 1086 380 τῆς
1106 338 1261 385 γαμετῆς

1263 84 1354 134 377

1328 203 1369 236 ut
1392 199 1521 236 mulier
1547 199 1785 244 legitimorum
1810 200 1841 236 ei
1866 200 2020 236 filiorum
2045 200 2147 236 fieret
2169 203 2301 242 mater,
2338 210 2409 235 non

1977 87 2086 131 Νον.
2109 87 2286 131 LXXIV
2315 91 2353 130 5.
2384 90 2409 130 6

1329 247 1451 291 potest
1486 256 1530 281 ex
1565 245 1628 280 tali
1665 253 1770 280 natos
1805 246 1962 290 germine
1996 257 2122 282 rursus
2158 249 2200 282 ut
2226 247 2410 281 naturales

1331 292 1491 335 abicere,
1525 301 1640 333 neque
1672 291 1845 336 quasdam
1872 296 2000 337 postea
2030 293 2124 327 forte
2154 291 2299 337 nuptias
2327 293 2411 344 post

1330 340 1481 372 mortem
1505 336 1628 372 uxoris
1652 339 1717 371 aut
1739 337 1926 382 repudium
1951 338 2166 373 contrahens
2190 347 2252 373 eos
2281 346 2342 382 qui
2366 346 2410 372 ex

230 382 272 418 τὸ
302 381 494 430 ρεπούὸιον
525 381 787 417 συναλλάττων
818 383 901 418 τοὺς
933 383 973 424 ἐξ
1005 384 1155 417 ἐκείνων
1177 382 1259 427 βού-
1297 385 1316 417 5
1329 382 1399 418 illis
1424 386 1625 418 nascuntur
1647 381 1782 427 nuptiis
1806 383 1896 418 velle
1917 383 2073 425 [habere]
2098 384 2194 418 solos
2219 392 2306 418 esse>
2322 382 2408 426 legi-

176 397 308 463 λισθαι
339 428 417 461 τῶν
446 426 576 473 γάμων
602 427 732 472 μόνους
760 427 854 462 εἶναι
876 431 1057 476 γνησίους,
1090 426 1199 471 ἀλλὰ*
1210 427 1259 472 μὴ

175 476 236 507 καὶ
258 472 340 507 τοὺς
357 473 583 519 ἔμπροσθεν.
619 474 905 529 συζευχθείησαν
922 474 991 521 γὰρ
1010 470 1057 508 ἂν
1075 477 1136 528 καὶ
1156 472 1258 508 οὗτοι

1328 428 1452 471 1111108,
1489 428 1560 463 nisi
1589 426 1641 463 eis
1674 428 1781 462 etiam
1815 427 1867 462 illi
1899 428 2036 473 priores
2066 427 2202 463 fuerint
2236 427 2408 473 copulati,

1329 484 1479 519 quorum
1505 473 1669 509 similiter
1684 477 1786 519 pater
1804 478 1869 516 est,
1894 476 1986 508 teste
2009 473 2183 508 existente
2199 474 2408 517 nuptiarum

175 521 247 552 τοῖς
262 515 446 563 δευτέροις,
471 521 531 551 καὶ
555 519 659 552 ἔσται
682 518 837 553 πάντων
861 523 994 563 ομοίως
1012 531 1145 564 πατηρ,
1167 517 1257 564 μάρ-
1327 519 1486 564 priorum
1504 519 1644 563 quidem
1665 518 1742 560 deo,
1760 518 1997 562 secundarum
2014 522 2134 553 autem
2151 519 2237 563 lege.
2271 518 2408 553 Eadem

175 574 277 610 τυρος
300 563 404 597 ὄντος
425 564 504 597 τῶν
519 562 648 610 γάμων
671 566 835 618 τοῖςῒμὲν
858 568 1044 610 προτέροις
1067 564 1160 598 θεοῦ
1184 567 1257 598 τοῖς

174 607 215 641 δὲ
237 605 413 652 δευτέροις
443 609 506 642 τοῦ
535 608 656 653 νόμου.
867 607 876 619 ‘
985 606 994 619 ‘

174 652 368 699 ἀσφαλείας
391 654 533 688 κείσθω
556 657 634 688 τῶν
653 653 784 702 γάμους
808 653 1115 698 συμβαλλόντων·
1143 659 1202 688 καὶ
1223 655 1258 688 οἱ

174 695 309 740 παῖδες,
333 700 364 732 εί
386 701 455 743 μὲν
478 701 517 733 ἐκ
542 699 719 734 τοιούτων
741 700 960 745 προέλθοιεν
982 704 1132 746 γονέων,
1156 702 1255 734 ἔσον-

175 756 235 777 ται
257 742 396 791 γνήσιοι
418 747 479 778 καὶ
503 746 582 779 τῶν
605 748 666 780 ἐπὶ
689 748 763 780 τοῖς
785 750 945 793 γνησίοις
968 744 1144 789 κεὶμένων
1167 741 1256 780 oino-

175 787 345 824 λαύσουσι
367 789 510 833 νόμων·

1326 565 1430 600 nobis
1450 565 1509 599 lex
1530 574 1596 608 pro
1622 564 1765 599 cautela
1789 564 1836 599 sit
1859 564 2005 608 nuptias
2030 563 2337 606 contrahentium,
2373 566 2409 598 et

713 612 823 644 Ουτος
857 614 942 654 ημῖν
976 622 995 644 ο
1027 607 1135 653 νόμος
1164 607 1256 654 ὑπὲρ
1273 613 1312 644 10
1326 611 1356 644 si
1380 609 1445 644 filii
1469 609 1612 654 quidem
1630 619 1682 649 ,ex
1705 609 1839 644 talibus
1860 610 2102 653 processerint
2121 608 2274 653 nuptiis,
2305 612 2410 643 erunt

1326 654 1383 690 sui
1406 657 1444 690 et
1462 654 1519 690 his
1538 654 1676 698 legibus
1701 664 1793 699 quae
1817 657 1903 688 sunt
1917 653 1962 688 de
1982 654 2056 689 suis
2071 655 2211 699 positae
2226 654 2406 697 fruentur;

1174 903 1334 939 CAPUT
1358 901 1421 938 VI.

219 971 251 1004 εἰ
274 969 314 1004 δὲ
337 972 435 1019 παρὰ
458 973 573 1005 ταῦτα
596 973 747 1018 γένοιτο,
777 970 827 1015 μὴ
848 973 974 1015 μέντοι
1005 973 1044 1005 ἐκ
1067 969 1255 1006 καταδεδι-
1269 973 1310 1005 15

175 1020 351 1060 κασμένης
379 1017 596 1064 προέλθοιεν
621 1020 830 1061 συναφείας,
863 1019 1009 1051 ἔσονται
1050 1014 1162 1051 νόθοι
1194 1020 1255 1050 καὶ

174 1063 253 1095 τῶν
277 1060 368 1109 παρ’
392 1061 497 1106 ἡμῶν
521 1061 842 1108 φιλοτιμηθέντων
865 1065 939 1096 τοῖς
962 1061 1091 1097 νόθοις
1119 1063 1191 1096 εἴτε
1216 1063 1255 1094 ἐκ

175 1106 352 1150 διαθὴοὶης·
374 1109 446 1142 εἴτε
466 1107 504 1148 ἐξ
524 1105 723 1141 άδιαθέτου
744 1105 943 1147 τεύξονται.
990 1107 1071 1142 τοὺς
1090 1107 1158 1155 γὰρ
1182 1105 1254 1141 ἀπὸ

174 1154 254 1187 τῶν
282 1152 460 1194 καθάπαξ
493 1150 584 1199 παρ’,
610 1149 713 1207 ἡμῶν
736 1156 992 1196 μεμισημένων
1024 1166 1064 1187 τε
1099 1157 1158 1187 καὶ
1195 1152 1255 1186 διὰ

1380 970 1411 1005 si
1436 970 1519 1022 qnid
1550 974 1667 1005 autem
1701 974 1845 1016 praeter
1877 971 1966 1006 haec
1996 971 2078 1014 fiat,
2115 981 2186 1006 non
2217 973 2337 1006 tamen
2366 982 2410 1007 ex

1326 1022 1533 1060 conscripta
1557 1016 1755 1060 procedant
1780 1017 2020 1062 copulatione.
2041 1022 2147 1051 erunt
2167 1019 2349 1052 naturales
2374 1022 2423 1056 et

1326 1071 1417 1105 quae
1441 1071 1463 1096 a
1487 1061 1591 1096 nobis
1615 1062 1744 1106 largita
1768 1067 1853 1097 sunt
1877 1062 2103 1098 naturalibus
2133 1062 2206 1098 sive
2231 1073 2273 1097 ex
2298 1065 2408 1098 testa-

1325 1109 1444 1141 mento
1478 1107 1552 1142 sive
1586 1106 1633 1141 ab
1667 1107 1837 1142 intestato
1869 1109 2062 1153 potientur.
2109 1107 2185 1143 Eos
2221 1110 2313 1143 enim
2348 1108 2410 1153 qui

1325 1152 1435 1187 semel
1467 1161 1512 1187 ex
1550 1151 1741 1188 odibilibus
1781 1153 1884 1188 nobis
1920 1157 1956 1188 et
1987 1157 2179 1199 propterea
2220 1153 2408 1198 prohibitis

175 1199 283 1232 τοῦτο
318 1197 577 1243 κεκωλυμένων
609 1210 738 1245 γαμων
771 1197 965 1240 προϊόντας
1001 1196 1085 1232 οὐδὲ
1120 1199 1255 1233 νόθους
1269 1200 1311 1232 20
1325 1197 1459 1242 nuptiis
1488 1198 1702 1242 procedunt,
1739 1209 1855 1243 neque
1886 1199 2068 1234 naturales
2105 1200 2257 1234 vocandi
2294 1210 2410 1245 neque

175 1242 323 1286 κλητέον
352 1242 435 1278 οὐδὲ
463 1241 684 1288 μεταδοτέον
717 1240 835 1277 αὐτοῖς
858 1241 1021 1288 οὐδεμιᾶς
1044 1242 1258 1291 φιλανθρω-

176 1294 271 1332 πίας,
296 1287 377 1323 ἀλλ’
404 1290 498 1323 ἔστω
522 1292 582 1323 καὶ
605 1290 713 1323 τοῦτο
735 1293 893 1334 τιμωρία
916 1291 996 1323 τῶν
1018 1293 1190 1337 πατέρων
1214 1289 1256 1323 τὸ

174 1334 367 1381 γινώσκειν
398 1332 448 1369 ως
477 1332 556 1368 οὐδ’
583 1331 708 1368 ἇτιοῦν
730 1334 767 1368 οἱ
788 1336 850 1377 τῆς
874 1332 1149 1382 ἁμαρτανούσης
1180 1337 1256 1370 ἐπι-

176 1379 311 1424 θυμίας
335 1378 462 1415 atsaiw
485 1379 603 1420 ἕξουσι
627 1377 761 1415 παῖδες.

1325 1243 1575 1287 participanda
1606 1244 1657 1278 eis
1688 1243 1761 1279 ulla
1782 1245 1969 1279 cle-mentia
1992 1249 2065 1287 est,
2099 1245 2163 1280 sed
2194 1244 2242 1279 sit
2271 1245 2408 1290 suppli-

1328 1289 1421 1323 cium
1446 1289 1550 1323 etiam
1582 1288 1652 1323 hoc
1683 1294 1826 1333 patrum
1858 1294 1898 1324 ut
1930 1295 2147 1334 agnoscant,
2183 1291 2266 1334 quia
2295 1301 2410 1336 neque

1327 1334 1516 1414 guicgpfflm
1547 1336 1760 1379 peccatricis
1792 1336 2105 1383 concupiscentiae
2140 1346 2263 1371 eorum
2299 1337 2408 1371 habe-

1354 1390 1400 1414 un
1480 1390 1515 1415 11.

219 1423 501 1473 <Ἐπίλογος.>
552 1425 601 1458 Τὰ
618 1425 1016 1480 παραστάνταποίνυν,
1026 1423 1112 1469 ἡμῖν
1130 1428 1191 1459 καὶ
1211 1425 1259 1458 εἰς
1272 1428 1314 1461 25
1371 1425 1648 1478 (Epilogus.)
1695 1425 1795 1469 Quae
1819 1426 1927 1470 igitur
1945 1426 2160 1472 placuerunt
2183 1426 2286 1462 nobis
2304 1428 2342 1462 et
2364 1427 2410 1463 ad

175 1468 394 1518 ἀνθρώπων
418 1472 622 1516 θεραπείαν
648 1473 708 1504 καὶ
739 1473 801 1513 τῆς
826 1483 965 1517 φυσεως
997 1469 1259 1516 αναπληρωσιν

175 1515 236 1550 διὰ
258 1514 364 1550 τοῦδε
391 1517 455 1550 τοῦ
480 1515 590 1560 νόμου
616 1513 854 1562 διορισθέντα
882 1514 904 1559 ἡ
936 1516 981 1559 σὴ
1004 1514 1158 1562 ὑπεροχὴ
1192 1530 1258 1562 φα-

175 1561 261 1609 νερὰ
290 1564 379 1596 πᾶσι
411 1561 599 1604 ποιησάτω
629 1561 926 1608 προγραμμάτων
948 1562 1170 1606 τιθεμένων,
1203 1559 1255 1595 δι’

177 1606 231 1644 ὠν
254 1604 393 1642 ἅπασιν
414 1605 433 1641 ὁ
458 1606 566 1661 νᾷμος
589 1609 693 1641 ἔσται
714 1606 838 1662 σαφής,
861 1607 1079 1654 γινώσκουσι
1103 1604 1195 1641 καθ’
1215 1602 1259 1640 ὃν

1327 1470 1511 1506 hominum
1534 1471 1708 1506 medelam
1732 1475 1769 1507 et
1792 1478 1944 1507 naturae
1960 1472 2218 1524 plenitudinem
2238 1483 2304 1517 per
2317 1473 2412 1508 hanc

1327 1516 1440 1560 legem
1475 1520 1614 1551 statuta
1649 1519 1753 1559 sunt,
1790 1521 1855 1552 tua
1888 1518 2062 1552 celsitudo
2086 1518 2277 1553 manifesta
2299 1518 2413 1554 faciat

1328 1562 1503 1597 universis
1529 1562 1853 1607 programmatibus
1878 1563 2018 1608 positis,
2041 1572 2107 1607 per
2131 1573 2222 1607 quae
2248 1565 2411 1599 omnibus

1327 1608 1386 1642 lex
1411 1608 1479 1642 erit
1503 1610 1639 1652 aperta,
1666 1609 1966 1652 cognoscentibus
1987 1607 2183 1643 secundum
2197 1619 2301 1652 quem
2315 1609 2413 1645 circa

176 1656 258 1708 περὶ
288 1655 366 1687 τῶν
397 1665 577 1686 τοιουτων
608 1651 886 1687 πολιτευσονται
917 1653 1066 1699 τρόπον,
1099 1656 1159 1686 καὶ
1190 1652 1259 1695 τὴν
1273 1656 1315 1688 30
1328 1654 1417 1687 talia
1441 1657 1697 1688 conversentur
1721 1654 1883 1697 modum,
1906 1659 1942 1688 et
1965 1657 2126 1688 nostram
2151 1654 2412 1690 consideranti-

175 1701 352 1743 ημετέραν
377 1700 540 1732 ἐννοοῦσι
564 1697 743 1745 πρόνοιαν
775 1696 833 1732 ὅτι
857 1696 972 1742 πάσης
996 1696 1163 1741 ἀσχολίας
1186 1698 1257 1732 ἑτέ-

175 1755 238 1790 ρας
257 1743 324 1787 τὴν
349 1746 473 1778 αὐτῶν
497 1741 678 1790 ὠφέλειαν
701 1744 938 1790 προτίθεμεν.

219 1790 303 1825 Dat.
329 1790 457 1835 (prid.)
481 1801 563 1825 non.
589 1789 667 1824 lun.
694 1789 763 1824 ΟΡ.
788 1789 874 1835 imp.
901 1790 959 1825 dn.
980 1789 1172 1825 Iustiniani
1196 1800 1257 1834 pp.

1328 1698 1396 1733 bus
1419 1698 1697 1743 providentiam*
1715 1700 1799 1743 quia
1822 1700 1918 1735 omni
1931 1699 2161 1744 occupationi
2173 1700 2276 1735 alteri
2291 1710 2413 1736 eorum

1330 1744 1520 1779 utilitatem
1545 1745 1812 1790 praeponimus.
2417 1754 2419 1757 “

1375 1789 1460 1824 Dat.
1494 1791 1585 1834 prid.
1617 1801 1701 1826 non.
1735 1790 1850 1835 (Iun.)
1884 1790 2195 1835 Constantinopoli
2231 1790 2321 1836 imp„
2352 1791 2411 1827 dn.

176 1847 267 1891 Aug.
292 1857 374 1882 ann.
396 1846 477 1882 XII.
505 1846 665 1882 Iohanne
688 1856 720 1881 v.
749 1856 778 1880 c.
806 1856 904 1882 cons.
930 1847 1001 1883 ind.
1028 1846 1057 1882 I.
1082 1847 1146 1880 τοῦ
1171 1838 1261 1890 θ-μω
1276 1850 1319 1882 34
1334 1846 1525 1882 Iustiniani
1557 1845 1619 1891 pp}
1656 1847 1748 1891 Aug.
1782 1857 1877 1882 anno
1901 1846 1983 1882 XII.
2016 1846 2176 1882 Iohanne
2199 1859 2231 1883 v.
2257 1858 2288 1884 c.
2314 1859 2412 1884 cons.

175 1894 284 1927 ἔτους.

1233 1896 1278 1935 [α.
1294 1896 1371 1934 538]

119 2007 123 2011 ,
177 1973 417 2020 leqitimorum
441 1971 509 2006 sibi
523 1971 718 2018 'liberorum
739 1972 807 2016 siat
824 1978 951 2013 mater,
970 1971 1055 2017 fieri
1078 1982 1153 2006 non
1176 1972 1318 2018 poterit
1342 1977 1381 2007 ut
1397 1983 1459 2007 eos
1483 1972 1546 2017 qui
1570 1983 1619 2007 ea:
1635 1972 1811 2007 eiusmodi
1835 1974 1974 2018 nuptiis
1997 1972 2075 2007 nati
2098 1976 2200 2014 sunt,
2225 1983 2354 2007 rursus
2377 1974 2415 2008 in

178 2018 401 2054 naturalium
421 2017 669 2061 condicionem
693 2016 876 2058 detrudat,
900 2027 1016 2062 neque
1038 2016 1071 2051 si
1094 2028 1188 2064 quas
1208 2019 1310 2063 forte
1330 2023 1466 2064 postea
1496 2018 1646 2064 nuptias
1669 2024 1760 2064 post
1789 2024 1938 2053 mortem
1965 2019 2098 2053 uxoris
2128 2021 2194 2052 aut
2225 2018 2414 2064 repudium

177 2063 381 2105 contrahat,
406 2073 468 2099 eos
490 2064 589 2098 solos
611 2062 674 2107 qui
697 2072 747 2097 ex
769 2062 843 2096 illis
867 2062 1005 2108 nuptiis
1028 2062 1101 2097 sint
1118 2062 1298 2114 leqitimos
1317 2069 1393 2098 esse
1412 2063 1496 2098 velit
1519 2073 1635 2142 nef-ue
1658 2073 1743 2098 vero
1769 2073 1830 2098 eos
1854 2074 2023 2116 quoque·
2048 2063 2087 2097 ui
2103 2067 2212 2098 antea
2227 2064 2306 2098 nati
2321 2071 2414 2100 sunt.

1571 2119 1583 2142 ι

180 2110 452 2155 Coniunqentur
475 2108 568 2143 enim
592 2106 631 2142 kz·
653 2118 797 2152 quoque
821 2117 900 2142 cum
926 2107 1105 2149 secundis,
1129 2112 1270 2153 eritque
1293 2108 1451 2143 omnium
1475 2108 1555 2143 simi

1586 2112 1640 2144 ter
1657 2113 1778 2154 pater,
1803 2119 1883 2143 eum
1898 2119 2021 2155 priori
2047 2118 2090 2143 us
2113 2109 2255 2153 quidem
2279 2110 2417 2156 nuptiis

182 2155 279 2190 testis
301 2156 350 2189 sit
372 2153 471 2194 deus,
494 2152 669 2188 secundis
683 2161 803 2187 autem
824 2151 896 2187 lex.
943 2151 1047 2187 Haeo
1071 2152 1175 2187 nobis
1199 2155 1262 2188 lex
1285 2164 1362 2199 pro
1387 2154 1580 2188 securitate
1609 2164 1734 2188 eorum
1766 2155 1829 2198 qui
1863 2155 2011 2201 nuptias
2045 2152 2266 2188 contrahunt
2288 2155 2416 2201 posita

180 2200 246 2235 sit:
282 2203 391 2244 atque
414 2198 536 2239 liberi,
560 2197 592 2231 si
616 2197 766 2242 quidem*
783 2207 833 2232 ex
856 2196 1032 2232 eiusmodi
1043 2233 1046 2236 ,
1049 2197 1267 2243 parentibus
1287 2198 1476 2244 proqeniti
1497 2198 1582 2240 sint,
1607 2206 1713 2233 erunt
1738 2198 1888 2244 leqitimi
1910 2205 1947 2235 et
1967 2200 2141 2244 fruentur
2165 2198 2302 2244 leqibus
2322 2211 2417 2245 quae

181 2245 224 2280 cle
249 2244 415 2290 leqitimis
440 2243 535 2278 latae
558 2247 663 2283 sunt;

316 2289 377 2324 VI.
426 2288 483 2323 sin
507 2292 635 2322 eontra
659 2298 702 2322 ea
719 2287 867 2332 sactum
889 2287 949 2329 sit,
973 2287 1080 2322 modo
1105 2298 1180 2323 non
1204 2299 1254 2323 ex
1278 2287 1451 2323 damnata
1475 2286 1710 2334 copulatione
1757 2288 1982 2330 rovenerint,
2019 2292 2129 2324 erunt
2150 2289 2339 2326 naturales
2362 2296 2415 2327 at-

183 2326 253 2382 que
275 2334 321 2369 iis
344 2345 438 2380 quae
461 2344 485 2368 a
508 2332 614 2367 nobis
636 2332 866 2367 naturalibus
882 2333 1055 2378 praebita
1078 2338 1165 2368 sunt
1186 2334 1261 2368 sive
1284 2344 1334 2369 ex
1358 2338 1570 2368 testamento
1601 2333 1675 2368 sive
1698 2344 1721 2367 a
1776 2333 1947 2367 intestato

558 2377 640 2413 lane
669 2378 794 2413 invisis
824 2382 859 2412 et
882 2382 1087 2429 propterea
1115 2377 1311 2424 prohibitis
1341 2383 1562 2419 naseuntur,
1593 2389 1638 2412 ne
1669 2377 1858 2413 naturales
1891 2378 1954 2423 qui
1979 2390 2033 2413 em
2063 2384 2148 2414 sunt
2179 2381 2335 2416 vocandi
2357 2393 2415 2418 ne-

182 2394 202 2416 e
227 2380 364 2426 nuptiis
395 2378 500 2414 nobis

184 2438 254 2473 que
277 2425 387 2460 ullius
410 2423 523 2459 libera
540 2423 641 2459 itatis
662 2422 862 2470 participes
883 2422 1071 2468 faciendi;
1103 2433 1225 2458 verum
1249 2424 1298 2459 sit
1320 2422 1389 2458 hoo

2009 2335 2178 2369 otientur.
2226 2335 2321 2370 Nam
2353 2338 2419 2382 qui

1438 2433 1558 2468 uoque
1581 2422 1799 2469 supplicium
1821 2429 2032 2469 parentum,
2065 2429 2107 2460 ut
2136 2426 2257 2472 sciant
2283 2426 2416 2463 liberos

182 2483 232 2507 ex
255 2470 422 2518 improba
445 2470 609 2516 ipsorum
633 2468 833 2520 cupiditate
853 2474 960 2503 natos
980 2467 1074 2503 nihil
1095 2469 1289 2514 quiequam
1312 2479 1389 2504 esse
1413 2434 1611 2504 Zabituros.

318 2515 555 2562 Epilogus.

602 2513 703 2557 Quae
724 2514 839 2560 iqitur
862 2513 966 2552 nobis
979 2513 1202 2560 placuerunt
1233 2519 1267 2549 et
1297 2514 1346 2549 ad
1376 2513 1560 2549 hominum
1588 2513 1741 2549 salutem
1773 2524 1817 2549 ae
1847 2517 2002 2549 naturae
2033 2514 2321 2562 supplementum
2343 2529 2417 2598 per

2337 2574 2347 2597 ι
2374 2575 2416 2599 us

182 2562 277 2598 hane
301 2562 413 2608 leqem
430 2560 582 2606 *definita
605 2564 700 2601 sunt,
726 2563 788 2594 tua
810 2559 1011 2595 sublimitas
1031 2559 1229 2604 manifesta
1254 2559 1417 2594 omnihus
1438 2559 1560 2604 faeiat
1582 2559 1709 2594 edictis
1724 2560 1945 2606 propositis,
1959 2571 2033 2606 per
2052 2571 2147 2606 quae
2171 2561 2234 2596 lex
2253 2573 2335 2597 omn

182 2608 253 2644 erit
275 2606 447 2648 dilucida,
472 2604 566 2640 unde
589 2610 815 2651 coqnoseant
837 2604 1135 2650 quemadmodum
1159 2603 1229 2639 sibi
1246 2605 1285 2639 in
1308 2604 1483 2640 eiusmodi
1505 2603 1613 2639 rebus
1629 2604 1815 2640 vivendum
1831 2605 1879 2640 sit
1895 2609 2130 2652 nostramque
2147 2606 2415 2653 providentiam

183 2653 406 2699 intelleqant,
431 2650 531 2697 quod
551 2651 648 2686 omni
673 2651 738 2685 alii
761 2651 907 2696 neqotio
931 2650 1094 2696 ipsorum
1120 2650 1311 2686 utilitatem
1333 2650 1606 2697 praeponimus.

239 2746 259 2779 6
284 2741 373 2778 ἀλλὰ
394 2741 444 2788 μὴ
467 2762 511 2766 -
537 2744 555 2776 8
581 2739 713 2786 ὁμοίως
737 2740 868 2787 πατήρ]
901 2742 968 2774 11181
999 2743 1052 2774 eis·
1079 2744 1178 2775 etiam
1211 2742 1265 2774 ilii

183 2791 312 2835 priores
334 2790 462 2822 fuerint
486 2788 652 2831 copulati,
678 2798 820 2829 quorum
841 2788 997 2820 similiter
1020 2790 1115 2831 pater
1140 2791 1188 2821 est
1212 2799 1231 2824 ς
1253 2787 1258 2830 Ι

187 2839 226 2871 10
242 2826 362 2877 Οὗτος]
377 2835 503 2868 Eadem
518 2846 537 2870 ς
553 2835 565 2877 Ι]
586 2835 626 2867 12
639 2835 790 2880 γονέων]
807 2834 936 2876 nuptiis
955 2835 989 2874 (i.
1005 2846 1030 2866 e.
1049 2831 1190 2879 γάμων)
1211 2845 1230 2869 ς
1253 2832 1258 2875 Ι

187 2885 229 2917 13
240 2895 288 2925 sq.
313 2881 391 2914 τῶν
411 2899 451 2904 -
467 2877 604 2922 νόμων]
629 2879 682 2912 his
704 2879 835 2920 legibus
859 2890 878 2914 ς
905 2879 917 2921 ΙΙ
943 2881 982 2912 15
1007 2879 1039 2911 εἰ
1063 2876 1114 2920 δὲ]
1139 2879 1265 2920 siquid

184 2930 294 2960 autem
311 2938 330 2962 ς
346 2926 359 2970 ss
385 2927 427 2959 33
444 2928 566 2958 subscr.
581 2937 639 2958 om.
654 2925 717 2957 Iul.
736 2925 748 2967 Ι]
771 2924 858 2966 prid.
872 2934 949 2956 non.
963 2923 1077 2968 (Iun.)
1090 2936 1120 2965 ς,
1145 2923 1216 2969 πρὸ
1230 2921 1262 2955 α’

184 2985 259 3006 νον.
282 2970 442 3004 Ἰουνίων
457 2971 547 3012 Ailz.]
578 2981 657 3003 non.
682 2970 757 3002 Iun.
783 2968 827 3002 M
858 2971 945 3012 μηνὶ
968 2970 1091 3012 ἰουνίῳ
1110 2970 1229 3003 ΊἸιοοά.
1254 2968 1264 3012 il

186 3018 252 3050 GP.
277 3016 332 3048 dn.
356 3018 435 3059 imp.
461 3015 643 3048 Iustiniani
667 3015 762 3055 (corr.
779 3015 981 3056 Iustiniano)
1006 3026 1060 3058 pp.
1085 3025 1161 3057 aug.
1187 3025 1264 3047 ann.

185 3062 268 3095 XII.
291 3062 338 3094 Μ
343 3062 398 3104 (cf.
413 3063 456 3102 ς),
487 3058 672 3103 βασιλείας
685 3056 940 3092 Ἰουστινιανοῦ
964 3057 1007 3092 τὸ
1024 3058 1079 3102 ιβ’
1093 3060 1168 3093 Aila.
1194 3060 1266 3092 ἔτει

187 3104 239 3151 ιβ’
266 3106 327 3148 τῆς
349 3103 532 3148 βασιλείας
560 3107 680 3138 Theoti.
698 3106 709 3148 ΙΙ
728 3107 772 3139 34
794 3106 946 3137 lohanno
965 3115 1016 3137 uc.
1037 3116 1125 3138 cons.
1148 3106 1217 3137 ind.
1232 3107 1265 3137 ἆ.

186 3163 250 3196 τοῦ
262 3162 352 3206 θ’μω
364 3163 463 3195 ἔτους
472 3164 505 3203 (ι’.
517 3175 543 3195 e.
556 3163 637 3195 anni
647 3163 712 3195 849
728 3174 826 3194 aerae
839 3161 999 3205 Syriacae
1010 3162 1266 3203 Seleucidarum,

188 3221 270 3252 quae
285 3210 346 3242 inc.
361 3210 401 3241 ab
419 3220 449 3240 a.
463 3207 606 3251 312s311
625 3220 655 3240 a.
676 3208 751 3240 Clzr.
766 3208 811 3248 n.)
835 3208 876 3240 M
906 3203 1078 3240 ’ὑπατείας
1100 3202 1267 3240 Ἰωάννου

187 3251 411 3287 ἰνδικτίωνος
434 3251 606 3298 τετάρτης
629 3253 751 3293 (errore
772 3265 811 3285 ea:
834 3259 910 3285 nota
934 3250 968 3284 δ’
983 3265 1047 3295 pro
1072 3248 1109 3284 α’
1132 3255 1266 3296 scripta)

186 3300 262 3333 Aila.
294 3298 452 3340 ὑπατείᾳ
473 3294 640 3331 Ἰωάννου
663 3298 784 3331 ΤΙιεοιί.
810 3297 961 3330 Iohanne
983 3296 1168 3339 (Bilisiario
1189 3311 1218 3331 v.
1234 3300 1268 3340 l.)

186 3356 239 3378 uo.
264 3344 399 3378 consule
422 3355 442 3380 ς

246 3426 262 3458 1
288 3426 338 3465 111]
364 3427 396 3456 et
419 3422 528 3456 R¹V¹
544 3423 556 3466 Ι]
586 3422 667 3454 fient
687 3422 720 3454 R
745 3421 757 3465 ΙΙ
788 3423 807 3455 3
831 3425 945 3464 postea
969 3432 1049 3454 uero
1075 3405 1159 3454 forte
1184 3422 1242 3455 R1·
1257 3422 1268 3464 ΙΙ

171 3503 173 3505 ,
190 3471 209 3503 5
233 3469 326 3502 illius
346 3468 402 3513 Vn
429 3468 548 3501 habere
571 3467 704 3515 valq„
740 3466 876 3499 habebit
900 3467 976 3508 ΒΤ,
997 3479 1060 3507 ονε.
1078 3469 1148 3500 cod.
1166 3468 1267 3501 Ham—

191 3517 355 3558 burycneis
377 3514 391 3558 Ι]
418 3516 437 3548 8
463 3514 596 3555 quidem
619 3513 770 3555 priorum
793 3512 844 3545 R²
874 3512 1009 3554 quidem
1033 3524 1092 3545 om.
1113 3511 1170 3556 Vn
1194 3512 1267 3555 deo]

271 3749 325 3779 111.

1335 2742 1375 2774 de
1392 2753 1430 2774 eo
1452 2742 1498 2774 V¹
1516 2741 1528 2785 Ι]
1546 2741 1649 2782 91011]
1670 2741 1743 2782 lege
1766 2742 1814 2773 V¹
1831 2741 1843 2786 Ι]
1865 2744 1905 2775 10
1923 2742 1963 2783 81]
1985 2743 2032 2775 sci
2046 2744 2078 2776 R
2097 2744 2109 2788 ΙΙ
2127 2744 2315 2787 111egin*
2340 2746 2388 2780 V¹
2411 2747 2416 2792 Ι

1335 2787 1536 2820 fruebuntur
1551 2787 1626 2820 ΒΤ
1644 2790 1656 2830 u
1683 2788 1723 2820 15
1743 2789 1802 2819 aut
1821 2787 1870 2820 R²
1894 2788 1907 2831 Ι]
1933 2793 2064 2830 praeter
2087 2792 2186 2834 vulq]
2215 2795 2290 2833 post
2314 2792 2392 2826 libri
2411 2793 2415 2836 ]

1338 2834 1378 2867 16
1404 2833 1590 2874 conscripta
1614 2832 1784 2875 VTvul9.]
1819 2833 1943 2875 scripta
1966 2834 1999 2866 R
2034 2836 2222 2878 proscripta
2247 2838 2415 2871 Heraldus

1335 2891 1397 2910 rer.
1416 2879 1537 2921 quotid.
1553 2878 1578 2910 I
1595 2879 1630 2916 3;
1666 2879 1725 2921 leq.
1747 2879 1961 2920 contempta?
1990 2878 2002 2922 ss
2030 2880 2211 2922 procedant
2233 2882 2414 2924 Heraldus]

1336 2923 1494 2966 procedat
1508 2923 1586 2956 libri
1601 2925 1613 2965 Ι]
1632 2924 1671 2957 17
1683 2923 1904 2965 naturalibus]
1919 2924 1958 2956 de
1971 2925 2182 2958 naturalibus
2199 2926 2248 2959 V³
2262 2929 2274 2970 ss
2300 2929 2337 2961 18
2346 2929 2415 2961 sive

1336 2970 1376 3001 ab
1394 2970 1551 3001 intestato
1576 2981 1634 3001 om.
1648 2969 1681 3001 R
1700 2968 1712 3011 ΙΙ
1738 2970 1779 3003 19
1800 2969 1946 3002 odilibus
1968 2970 1999 3002 V
2006 2970 2017 2990 ²
2036 2970 2048 3014 Ι]
2073 2972 2116 3004 20
2136 2970 2279 3005 *uocari
2304 2975 2382 3006 libri
2403 2973 2415 3016 ΙΙ

1337 3016 1377 3048 21
1395 3025 1453 3046 eus
1465 3013 1515 3046 R1
1531 3012 1543 3057 ΙΙ
1568 3017 1616 3045 est
1632 3013 1807 3046 clementia
1819 3015 1851 3047 R
1867 3014 1879 3058 ss
1905 3016 1947 3048 22
1967 3015 2077 3056 etiam]
2100 3018 2132 3048 et
2149 3017 2182 3049 R
2205 3016 2218 3061 Ι]
2245 3019 2286 3052 23
2299 3028 2413 3060 pecca-

1336 3060 1434 3092 trices
1450 3059 1542 3092 R¹T
1549 3059 1558 3078 ¹
1577 3058 1589 3101 ΙΙ
1613 3059 1655 3092 25
1673 3058 1873 3101 placuerunt
1892 3059 1999 3101 igitur
2014 3060 2048 3092 R
2066 3064 2078 3103 Ι]
2095 3063 2135 3095 27
2154 3065 2232 3094 811111
2256 3076 2315 3096 om.
2339 3064 2385 3096 V·
2403 3063 2415 3108 ΙΙ

1337 3106 1379 3138 28
1403 3104 1655 3146 programaticis
1680 3105 1711 3136 R
1734 3103 1746 3147 Ι]
1774 3106 1816 3138 30
1841 3108 2058 3137 couersentur
2080 3107 2112 3139 V
2131 3107 2143 3150 ΙΙ
2171 3118 2300 3140 1110111111
2323 3109 2373 3141 R¹
2403 3109 2415 3153 Ι]

1336 3152 1449 3183 nostra
1461 3150 1494 3182 B.
1513 3151 1524 3191 n
1540 3149 1827 3181 considerantibus
1840 3151 1939 3193 vul9.]
1958 3151 2240 3184 considerauimus
2258 3154 2321 3187 VT
2335 3164 2413 3186 con-

1336 3196 1518 3227 sideramus
1536 3195 1570 3227 R
1593 3194 1605 3237 1]
1638 3195 1678 3228 31
1704 3195 1959 3237 providentiam]
1984 3206 2043 3238 per
2061 3198 2308 3238 prouidentiam
2325 3200 2413 3241 (pro-

1337 3241 1489 3273 uidentia
1504 3238 1564 3280 R2)
1589 3239 1622 3271 R
1650 3239 1663 3282 ΙΙ
1692 3241 1734 3274 32
1759 3241 1993 3283 praeponimus
2014 3241 2063 3274 V³
2075 3243 2174 3285 vulo]
2199 3245 2415 3286 proponimus

1335 3286 1428 3320 RV¹
1443 3287 1474 3318 T
1492 3284 1504 3330 Ι]
1534 3286 1576 3318 33
1602 3287 1723 3318 subscr.
1745 3293 1918 3328 praestant
1940 3286 2101 3319 VBamb.
2115 3287 2381 3323 IAmbracensis
2403 3291 2415 3334 ΙΙ

1336 3342 1441 3364 nonos
1472 3329 1609 3363 VAmbr.
1639 3330 1651 3374 Η
1681 3331 1756 3363 11111.
1783 3332 1860 3363 add.
1884 3332 1972 3374 vulq.
2001 3330 2013 3375 ss
2042 3332 2153 3365 Const.
2166 3333 2233 3376 pol.
2263 3335 2292 3367 V
2325 3335 2414 3369 Con—

1335 3375 1589 3418 stantinopolim
1603 3376 1722 3408 Bamb.
1733 3377 1755 3408 I
1764 3376 1875 3409 Ambr.
1902 3376 1913 3419 ΙΙ
1939 3376 2015 3408 ᾶόιῖ.
2039 3378 2073 3410 V
2090 3378 2244 3411 dominus
2259 3380 2379 3416 Bamb.
2394 3382 2419 3415 I

1335 3423 1446 3455 Ambr.
1459 3421 1470 3465 Ι]
1484 3421 1621 3454 341ust.
1640 3421 1777 3454 VAmbr.
1802 3421 2012 3454 Iustinianus
2026 3423 2145 3456 Bamb.
2158 3424 2183 3456 I
2190 3422 2202 3461 ΙΙ
2214 3423 2285 3457 XII
2301 3426 2413 3460 Ambr.

1337 3467 1530 3500 duodecimo
1541 3466 1660 3499 Bamb.
1670 3467 1707 3508 I]
1723 3467 1833 3499 XIIII
1851 3467 1885 3500 V
1895 3466 1907 3510 ΙΙ
1924 3467 2075 3500 Iohanne
2087 3479 2139 3501 uc.
2154 3469 2232 3509 (uic.
2247 3471 2366 3505 Bamb.
2377 3473 2399 3506 I
2402 3475 2413 3514 )

1337 3522 1424 3545 cons.
1450 3511 1609 3545 Rama]
1618 3514 1743 3553 Arnim]
1769 3511 1940 3545 Bilisiario
1965 3513 2030 3546 uio.
2055 3513 2156 3547 consl.
2180 3515 2213 3548 V

2104 3752 2149 3786 48
