2586 3990
244 118 355 164 Nov.
372 116 528 162 CXXX
557 130 616 172 pr.
650 119 669 159 1
1312 112 1396 161 650

243 238 308 262 τας
329 225 514 281 ᾷμολογεῒν
546 225 627 277 θεῷ
656 236 698 259 τε
720 222 901 279 ναζῆμῒν,
931 227 991 258 καὶ
1016 227 1127 271 Σεργί
1185 237 1227 271 γε
1247 226 1323 269 μὴν
1357 210 1360 213 ”
1389 225 1522 271 gratias
1554 224 1790 271 prefiteantur
1819 225 1884 263 deo
1915 229 1951 264 et
1978 228 2081 264 nobis
2114 231 2150 264 et
2173 228 2294 274 Sergio
2318 228 2471 266 sanctis·
2493 208 2496 220 ⁸

902 267 912 279 Κ
945 269 960 277 ο
1023 267 1032 278 (
1115 267 1124 279 Ι

242 273 297 314 τῷ
320 268 514 312 οσιωτάτῳ
542 282 597 311 τῳ
621 269 711 314 πρὸς
733 282 870 312 ταυτην
892 280 980 312 ημας
1005 280 1052 303 ως
1074 283 1126 314 μα
1163 281 1233 305 στα
1255 271 1324 314 τὴν
1392 271 1481 306 simo
1512 270 1558 305 ad
1588 270 1683 306 hanc
1701 281 1780 307 ⁴nos
1811 280 1917 316 quam
1946 273 2099 309 maxime
2129 273 2226 310 circa
2257 283 2318 310 808
2342 282 2471 319 provo·
2516 289 2518 292 ⁴

243 318 326 360 περὶ
350 311 478 348 αὐτοὺς
501 311 773 358 ἐκκαλεσαμένφ
797 313 1097 360 φιλανθρωπίαν.
1394 315 1490 351 canti
1516 315 1747 351 clementiam.

297 357 578 405 <Ἐπίλογος.>
622 355 670 392 Ἡ
694 362 818 393 τοίνυν
849 358 894 400 σὴ
917 355 1106 402 ἐνδοξότης
1136 358 1206 402 τὴν
1229 356 1320 407 παρ’
1447 359 1724 404 (Epilogus.)
1777 359 1857 396 Tua
1886 359 1996 406 igitur
2024 362 2137 408 gloria
2166 365 2326 399 nostram
2359 363 2396 398 in
2420 363 2471 398 eis

241 402 346 448 ἡμῶν
377 404 425 437 εἰς
456 400 585 437 αὐτοὺς
617 400 910 449 ἑπιδεδειγμένην
941 402 1231 450 φιλανθρωπίαν
1263 403 1322 438 διὰ
1359 408 1379 440 5
1393 404 1611 440 declaratam
1645 404 1900 440 humanitatem
1922 405 2032 453 (per)
2060 411 2285 453 praesentem
2313 409 2472 444 nostram

240 449 305 482 τοῦ
330 444 511 495 παρόντος
534 445 640 492 ἡμῶν
662 448 775 491 νόμον
798 448 1026 493 γινωσκουσα
1049 445 1141 491 δῆλα
1163 452 1242 483 ταῖς
1261 450 1322 482 ἐπ-
1391 449 1504 494 legem
1528 459 1745 494 cognoscens
1769 449 1959 486 manifesta
1985 461 2049 496 per
2070 452 2270 498 provincias
2295 453 2471 488 sollemni-

241 495 377 538 αρχίαις
401 490 462 526 διὰ
484 492 563 527 τῶν
585 492 876 536 συνειθισμᾰνων
900 490 1049 528 ἰδίκτων
1076 492 1123 527 τὰ
1147 493 1216 528 νῦν
1238 490 1323 537 ἡμῖν
1391 494 1459 530 bus
1490 493 1615 530 edictis
1647 504 1739 540 quae
1767 505 1864 530 nunc
1895 495 1999 532 nobis
2054 497 2242 534 Iacuerunt
2271 497 2399 541 faciat,
2431 499 2473 533 ut

239 535 483 615 παρῖσῖάντα
491 535 684 616 ηποιὴσῧη
702 532 791 571 ὥςτιι
822 535 1003 581 διηνεκοῦς
1033 536 1165 582 ταύτης
1196 535 1324 573 αὐτοὺς
1392 542 1566 584 perpetuo
1590 539 1660 576 hoc
1682 539 1754 586 ipsi
1775 539 1942 575 fruantur
1963 507 2105 578 auxflio.

239 593 526 662 unberga-13?
546 585 616 662 ftis]
640 593 816 680 gffgimp.
841 626 901 662 dn.
926 626 1116 664 Iustiniani
1142 637 1204 674 pp.
1230 628 1322 673 Aug.
1338 630 1379 663 10
1449 628 1533 664 Dat.
1558 639 1652 664 xvn.
1677 629 1749 664 kal.
1775 629 1841 681 Iul.
1866 629 1935 664 GP.
1966 629 2012 664 im
2043 657 2049 665 .
2075 629 2134 666 dn.
2158 630 2347 668 Iustiniani
2377 640 2472 668 anno

238 680 332 708 anno
355 671 470 709 XXV.
493 681 551 718 pc.
576 671 699 708 Bas1h1
721 681 774 708 vc.
800 681 896 708 anno
919 670 965 707 X.
1283 675 1329 714 [a.
1345 676 1423 716 551]
1505 673 1618 711 XXV.
1643 684 1700 720 pc.
1725 674 1850 711 Basilii
1873 683 1967 710 anno
2027 700 2036 709 .

1997 128 2211 168 QUOMODO
2240 128 2473 162 OPORTEAT

747 888 813 932 ἶ(
1859 897 2001 934 CXXX.
2197 898 2308 935 Auth.
2322 897 2473 934 CXVIII

237 963 416 1019 ΠΕΡΙ
455 962 796 1018 ΠΑΡΟΔΟῩ
835 961 1318 1019 ΣΤΡΑΤῙῼΤῼΝ.
1390 965 1737 1025 QUOMODO
1782 965 2148 1017 OPORTEAT
2189 966 2471 1017 MILITES

578 1040 580 1042 ’
1388 1033 1820 1085 TRANSITUM
1876 1035 1953 1084 IN
2000 1033 2471 1084 CIVITATIBUS

1333 1114 1373 1147 15
1453 1100 1745 1163 FACERE,
1792 1103 1882 1151 ET
1919 1102 2012 1151 DE
2049 1101 2400 1152 INTROITU.

272 1173 311 1211 ‘O
333 1172 442 1211 αὐτὸς
464 1174 782 1231 βασιλξὺςμέτρῳ
805 1177 858 1220 τῷ
885 1173 1112 1219 ἐνδοξοτάτῳ
1137 1176 1283 1222 ἐπάρχῳ
1722 1178 1818 1214 Idem
1841 1179 1933 1224 Aug.
1957 1179 2065 1215 Petro
2089 1189 2148 1224 pp.

537 1234 614 1255 των
639 1235 746 1266 ιερων
770 1226 1017 1267 πραιτωρίων.

290 1288 589 1334 (Προοίμιον.)
634 1289 792 1334 Πρώτην
828 1292 887 1322 καὶ
920 1291 1095 1335 μεγίστην
1129 1285 1321 1335 ἡγούμεθα
1442 1289 1734 1335 (Praefatio.)
1788 1291 1944 1326 PrImum
1975 1295 2011 1326 et
2037 1291 2228 1326 maximum
2258 1291 2473 1327 arbitramur

236 1334 412 1368 σύστασιν
443 1334 537 1368 εἶναι
559 1334 623 1377 τῆς
647 1332 818 1379 ἡμετέρας
842 1332 1021 1369 πολιτείας
1051 1331 1094 1367 τὸ
1127 1337 1188 1367 καὶ
1212 1331 1320 1378 ἀμέμ-
1391 1337 1524 1369 statum
1548 1344 1627 1370 esse
1651 1338 1797 1371 nostrae
1821 1336 2056 1380 reipublicae,
2089 1339 2130 1372 ut
2152 1339 2188 1371 et
2210 1336 2474 1382 inculpabiliter

236 1390 335 1414 πτως
365 1379 408 1413 τὸ
433 1376 608 1424 ἡμέτερον
633 1379 838 1425 στράτευμα
871 1381 910 1412 ἐν
934 1382 1011 1413 ταῖς
1035 1377 1208 1423 παρόδοις
1231 1376 1321 1413 ἄπο·
1335 1382 1376 1413 20
1390 1384 1512 1414 noster
1553 1381 1731 1416 exercitus
1773 1381 1810 1416 in
1844 1380 2032 1416 itineribus
2074 1383 2305 1417 conversetur
2347 1384 2383 1416 et
2416 1382 2472 1416 in·

235 1424 438 1470 τρέφεσθαι
461 1427 521 1458 καὶ
543 1423 588 1459 τὸ
606 1420 763 1469 ἀβλαβὲς
786 1427 846 1457 καὶ
867 1421 1022 1467 ἀζήμιον
1046 1426 1120 1458 τοῖς
1142 1421 1321 1469 ἡμετέροις
1391 1424 1553 1460 noxietas
1577 1427 1687 1471 atque
1707 1425 1921 1462 indemnitas
1944 1426 2075 1462 nostris
2100 1426 2330 1462 collatoribus
2355 1430 2472 1463 custo-

235 1467 425 1504 ὑποτελέσι
449 1467 713 1515 φυλάττεσθαι.
1391 1469 1520 1505 diatur.

1253 1581 1410 1618 CAPUT
1429 1581 1457 1617 Ι.

304 1648 508 1693 Κελεύομεν
541 1652 677 1692 τοίνυν,
714 1645 838 1683 ὁσάκις
872 1646 1030 1694 πάροδος
1063 1651 1211 1695 γένηται
1245 1650 1323 1683 τῶν
1456 1649 1625 1685 Iubemus
1657 1651 1774 1695 igitur,
1805 1651 1970 1696 quotiens
1999 1652 2171 1688 transitus
2202 1653 2243 1687 fit
2269 1653 2473 1688 nostrorum

236 1692 420 1740 ἡμετέρων
441 1691 632 1741 ἀρχόντων
650 1706 691 1728 τε
710 1697 769 1727 καὶ
786 1694 1080 1739 στρατευμάτων,
1102 1694 1323 1737 delegatorac
1391 1694 1548 1730 iudicum
1580 1698 1617 1730 et
1647 1696 1884 1738 exercituum,
1918 1696 2136 1741 delegatores
2161 1697 2265 1733 simul
2290 1707 2369 1734 esse
2393 1708 2474 1733 cum

237 1741 396 1773 συνιέναι
427 1736 546 1773 αὐτοῖς
576 1739 658 1773 τοὺς
693 1739 761 1782 τὴν
790 1738 968 1783 φροντίδα
998 1742 1229 1783 ποιουμένους
1260 1740 1322 1781 τῆς
1337 1742 1377 1774 25
1392 1740 1453 1782 eis,
1486 1740 1548 1784 qui
1571 1750 1694 1775 curam
1725 1742 1882 1776 habeant
1906 1751 2029 1777 eorum
2053 1743 2227 1785 alimenti,
2258 1747 2294 1779 et
2315 1742 2472 1787 singula-

237 1780 362 1818 αὐτῶν
384 1781 604 1830 ἀποτροφῆς,
627 1784 709 1818 τοὺς
733 1781 772 1817 δὲ
787 1783 934 1827 ἑκάστης
956 1785 1127 1829 ἐπαρχίας
1147 1782 1322 1828 ἄρχοντας
1391 1795 1469 1818 rum
1493 1784 1755 1829 provinciarum
1774 1786 1910 1821 iudices
1934 1796 1999 1830 per
2016 1798 2104 1831 quas
2121 1789 2291 1823 transitus
2307 1787 2348 1822 fit
2370 1797 2471 1832 prae-

238 1825 290 1862 δι’
317 1821 372 1863 οἷν
406 1826 564 1875 πάροδος
598 1833 737 1875 γίνεται
772 1829 984 1872 ἑτοιμασιάν
1020 1828 1210 1863 ποιεῖσθαι
1244 1829 1322 1862 τῶν
1390 1830 1614 1873 parationem
1645 1830 1765 1866 facere
1796 1841 2051 1875 expensarum,
2083 1836 2123 1867 ut
2154 1833 2267 1868 nostri
2297 1834 2473 1868 exercitus

237 1871 465 1928 «ξφειλόντων
494 1874 667 1920 γίνεσθαι
699 1871 987 1929 δαπανημάτων,
1024 1870 1112 1907 ὥςτε
1144 1873 1226 1908 τοὺς
1256 1875 1320 1907 τοῦ
1391 1874 1428 1908 in
1453 1884 1737 1920 unamquamque
1769 1876 1985 1921 provinciam
2017 1878 2248 1913 ascendentes
2272 1877 2473 1922 inculpabi-

236 1921 409 1974 ημετέρου
433 1920 697 1973 στρατεύματος
723 1920 762 1952 ἐν
785 1930 919 1964 εκαστῃ
945 1919 1098 1964 ἐπαρχίᾳ
1122 1916 1322 1964 παριόντας
1391 1920 1471 1954 liter
1495 1925 1768 1964 conversentur3
1793 1924 1828 1956 et
1848 1921 2127 1967 uniuscuiusque
2150 1922 2286 1959 numeri
2311 1923 2473 1967 optiones

238 1966 433 2009 αμέμπτως
452 1964 740 2010 αποτρέφεσθαι.
787 1966 847 1996 καὶ
870 1963 952 1997 τοὺς
974 1965 1042 2007 μὲν
1062 1964 1213 1997 ἑκάστου
1235 1963 1322 2008 ‘coty-
1337 1966 1379 1998 30

284 2055 368 2088 Νου.
386 2055 526 2088 CXXX
535 2054 590 2095 (=
599 2053 748 2086 Anthent.
763 2053 943 2095 CXVIII)
963 2053 1089 2087 Graece
1105 2061 1192 2087 extat
1208 2055 1242 2087 in
1259 2054 1342 2086 ML.
1359 2073 1401 2078 —·
1419 2054 1512 2097 Epic.
1532 2055 1652 2088 Theod.
1670 2056 1744 2096 130,
1769 2056 1890 2089 Athan.
1906 2057 1959 2098 20,
1972 2063 2000 2089 2.
2048 2057 2168 2090 Iulian.
2186 2065 2283 2092 const.
2304 2059 2472 2092 CXXIII.

235 2143 410 2188 fiteantur
432 2145 469 2193 et
491 2141 557 2194 deo
581 2145 617 2176 et
638 2140 741 2176 nobis
764 2145 799 2175 et
822 2152 905 2176 vero
931 2140 1060 2187 Serqio
1085 2127 1426 2184 viro‘sanotissimo,
1460 2143 1525 2188 qui
1547 2143 1774 2189 potissimum
1803 2143 1852 2179 act
1883 2143 1978 2179 hano
2008 2155 2074 2180 nos
2106 2156 2195 2191 erpa
2225 2156 2288 2181 eos
2311 2145 2474 2182 humani-

239 2191 346 2223 tatem
369 2190 554 2278 {5155}ng
559 2241 620 2266 us.
670 2229 748 2266 Tua
771 2230 886 2276 iqitur
909 2230 1030 2276 yloria
1064 2230 1322 2268 humanitatem
1354 2242 1444 2277 erqa
1466 2232 1550 2268 illos
1573 2244 1596 2268 a
1618 2232 1723 2268 nobis
1746 2244 1820 2280 per
1841 2236 2068 2280 praesentem
2092 2235 2205 2281 leqem
2229 2238 2393 2271 nostram
2415 2235 2474 2272 de-

238 2280 476 2313 monstratam
497 2275 709 2328 intelleqens
732 2286 826 2321 quae
847 2275 951 2311 nobis
973 2286 1070 2311 nunc
1090 2275 1311 2322 placuerunt
1330 2277 1532 2323 provinciis
1547 2289 1621 2325 per
1645 2281 1816 2314 consueta
1840 2277 1958 2313 edicta
1978 2280 2176 2326 manifesta
2195 2281 2323 2327 faciet,
2355 2284 2397 2316 ut
2418 2280 2474 2316 illi

231 2326 413 2369 perpetuo
438 2320 508 2357 hoe
531 2320 676 2357 auxilio
698 2321 887 2366 fruantur.

928 2534 1029 2585 DE
1058 2467 1429 2586 TRANSII‘YUX
1447 2513 1786 2587 MJLJTUM.

708 2610 811 2648 Idem
834 2614 1021 2659 Auquscus
1044 2612 1155 2649 Petro
1178 2613 1442 2660 gloriosissimo
1464 2615 1657 2661 praefecto
1680 2626 1787 2650 sacro
1804 2614 2009 2661 praetorio.

375 2678 641 2726 Praefatio.
687 2678 850 2715 Primam
881 2684 919 2716 et
948 2680 1143 2716 maximam
1174 2680 1395 2727 reipublicae
1425 2685 1573 2718 nostrae
1603 2681 1851 2718 condicionem
1881 2692 1957 2718 esse
1981 2681 2213 2725 arbitramur,
2245 2685 2289 2718 ut
2309 2686 2347 2719 et
2367 2694 2474 2720 exer-

241 2726 334 2761 citus
362 2729 486 2805 ittoster
517 2725 555 2759 in
587 2724 800 2760 transitibus
829 2725 908 2760 sine
936 2725 1216 2771 reprehensione
1247 2725 1370 2762 alatur
1401 2731 1438 2762 et
1466 2726 1616 2762 subiecti
1647 2727 1763 2763 nostri
1795 2727 1840 2762 ab
1864 2727 1960 2762 omni
1982 2726 2114 2762 damno
2143 2727 2349 2774 iniuriaque
2371 2730 2476 2764 vacui

239 2781 364 2807 serven
380 2781 438 2805 ur.

375 2815 405 2850 Ι.
453 2813 622 2850 labemus
645 2813 767 2860 mitur,
793 2815 958 2860 quotiens
982 2815 1157 2850 transitus
1176 2815 1246 2860 fiat
1268 2818 1474 2851 nostrorum
1497 2816 1627 2851 ducum
1650 2818 1685 2851 et
1707 2816 1943 2858 exercituum,
1975 2815 2203 2862 deleqatores
2225 2826 2288 2852 eos
2311 2818 2476 2853 comitari

241 2860 305 2906 qui
328 2859 506 2895 alimentis
529 2869 652 2894 eorum
676 2869 800 2894 curam
824 2859 1031 2902 adhibeant,
1059 2859 1250 2906 praesides
1272 2864 1391 2896 autem
1416 2861 1589 2907 cuiusque
1603 2861 1819 2908 provinciae
1837 2871 1909 2907 per
1932 2871 2040 2907 quam
2066 2861 2241 2896 transitus
2260 2862 2306 2907 fit
2327 2862 2476 2907 efficere

240 2909 281 2941 ut
304 2914 488 2956 expensae
518 2914 612 2949 quae
639 2903 724 2948 fieri
754 2904 908 2940 debeant
937 2905 976 2939 in
997 2909 1173 2951 promptu
1202 2905 1293 2947 sint,
1323 2915 1396 2951 quo
1429 2906 1493 2952 qui
1523 2917 1573 2942 ex
1595 2906 1759 2942 exercitu
1789 2910 1916 2942 nostro
1940 2916 2013 2952 per
2044 2916 2223 2952 quamque
2249 2908 2476 2952 provinciam

243 2954 435 2986 transitum
462 2949 606 2994 facturi
634 2950 707 2984 sint
735 2950 813 2984 sine
843 2949 1121 2996 reprehensione
1143 2949 1293 2986 alantur
1299 2962 1314 2992 ;
1349 2955 1458 2996 atque
1481 2951 1653 2997 cuiusque
1685 2951 1825 2987 numeri
1849 2951 2014 2998 optiones
2036 2950 2173 2997 species
2194 2951 2378 2998 suscipere
2399 2953 2477 2988 sine

290 3053 331 3085 10
345 3053 467 3084 subscr.
486 3063 545 3083 om.
558 3050 621 3085 Iul.
638 3049 651 3094 ss
668 3059 758 3084 XVII.
776 3051 808 3083 k.
826 3050 887 3083 iul.
906 3051 948 3084 M
954 3062 973 3087 ς
982 3051 1070 3092 Am]
1093 3053 1180 3094 μηνὶ
1204 3048 1326 3093 ἰουλίῳ
1394 3050 1477 3085 τοὺς
1501 3065 1559 3086 om.
1585 3053 1615 3085 L
1637 3052 1651 3097 ΙΙ
1679 3054 1721 3086 29
1745 3052 1941 3097 παριόντος
1965 3053 1996 3085 L

247 3097 367 3130 Theoti.
385 3094 399 3138 ΙΙ
415 3095 481 3129 ΟΡ.
493 3095 538 3127 im
567 3120 575 3128 .
589 3114 630 3119 -
645 3095 757 3128 XXV.
774 3097 831 3138 (ς)]
856 3105 905 3138 cp.
923 3096 979 3129 dn.
997 3097 1073 3128 iust.
1090 3107 1145 3139 pp.
1159 3106 1236 3138 aug.
1248 3106 1326 3129 ann.

244 3140 355 3175 XXV.
373 3140 417 3173 M
443 3143 531 3184 βασι
555 3142 628 3173 είας
649 3136 904 3174 Ἰουστινιανοῦ
927 3139 971 3173 τὸ
997 3139 1045 3173 κε’
1062 3142 1138 3174 Ath.
1171 3140 1243 3174 ἔτει
1263 3138 1325 3184 κβ’

243 3186 306 3228 τῆς
320 3182 502 3229 βασιλείας
519 3186 640 3218 Theoti.
657 3184 669 3229 ΙΙ
691 3187 729 3220 11
752 3196 804 3228 pc.
821 3185 943 3218 Basilii
959 3196 1007 3218 vc.
1025 3196 1115 3218 anno
1130 3185 1175 3219 X.
1193 3197 1213 3222 ς
1234 3183 1326 3229 μετὰ

244 3230 312 3273 τὴν
336 3226 514 3265 ὑπατείαν
538 3228 726 3263 Βασιλείαν
750 3229 793 3263 τὸ
819 3230 842 3263 ι’
863 3232 939 3264 Ath.
960 3232 1095 3272 Theoti]
1130 3230 1251 3264 basilio
1275 3240 1326 3263 uc.

245 3286 351 3309 conss.
373 3276 419 3309 M
441 3275 455 3319 ss
485 3276 525 3310 13
549 3276 638 3308 rubr.
663 3277 754 3319 Περὶ
785 3272 947 3319 παρόδου
978 3275 1218 3321 στρατιωτῶν
1250 3275 1328 3310 ML

248 3321 367 3355 Theod.
389 3320 493 3362 (Iul.)]
516 3322 606 3364 Περὶ
630 3321 694 3354 τοῦ
719 3322 820 3364 (Περὶ
844 3321 908 3354 τοῦ
933 3333 992 3354 om.
1019 3323 1115 3354 indea-
1137 3321 1227 3360 Am.)
1252 3320 1330 3355 πῶς

247 3362 301 3397 δεῖ
328 3363 410 3398 τοὺς
440 3363 665 3408 στρατιώτας
695 3365 764 3407 τὴν
787 3362 950 3410 πάροδον
974 3365 1163 3400 ποιεῖσθαι
1193 3365 1233 3398 ἐν
1252 3366 1330 3399 ταῖς

247 3405 398 3442 πόλεσιν
421 3411 480 3443 καὶ
504 3412 586 3454 περὶ
608 3410 785 3443 introitum
807 3412 883 3451 Act.
899 3423 918 3447 ς
935 3411 947 3454 ΙΙ
967 3413 1008 3446 16
1032 3408 1184 3454 ὑπάρχω
1205 3411 1237 3443 L
1254 3409 1268 3448 ll
1286 3411 1327 3445 19

247 3456 322 3486 ταῖς
338 3450 524 3498 ἡμετέραις
541 3456 589 3488 Lfl
606 3454 619 3498 ΙΙ
636 3456 698 3487 καὶ
722 3467 780 3488 om.
794 3455 826 3488 L
843 3455 856 3498 ΙΙ
873 3452 1065 3499 ἄμεμπτον
1080 3456 1131 3489 La
1146 3454 1158 3499 ss
1178 3456 1220 3489 20
1238 3450 1327 3489 ἀπο-

248 3495 1130 3587 ς’ἰῑῑῇιέοζῑΐῗᾝ(ζαὶῖῆττὲἐῖῑῖῗτἶ),
1142 3497 1329 3589 Ἱὲέρῖξὲί

250 3595 335 3618 στας
351 3588 381 3619 L
400 3587 413 3630 ΙΙ
429 3589 471 3621 25
495 3590 654 3621 συνιέναι
674 3554 806 3630 αῇτοῖς]
831 3589 932 3623 simul
950 3600 1019 3623 esse
1033 3570 1068 3631 ⁹(i.
1083 3602 1109 3624 e.
1130 3591 1290 3623 συνεῖναι
1297 3588 1328 3631 t)

250 3639 323 3660 cum
348 3631 394 3663 eis
417 3642 436 3666 ς
458 3631 471 3673 ΙΙ
497 3633 539 3666 28
563 3628 789 3676 ὀφειλόντων
811 3633 983 3679 γίνεσθαι
1006 3635 1049 3676 L]
1082 3630 1328 3679 ὀφειλομένων

250 3674 419 3719 γίνεσθαι
443 3675 488 3708 Μ
506 3678 563 3719 (cs.
588 3678 634 3710 ad
657 3679 793 3720 639,13.
826 3679 933 3712 Edict.
958 3680 1029 3713 Vll
1049 3692 1075 3712 c.
1098 3682 1143 3721 7),
1178 3691 1237 3712 om.
1260 3690 1282 3715 e
1313 3678 1327 3722 ΙΙ

1455 3143 1470 3176 1
1497 3141 1558 3174 deo
1582 3143 1706 3185 (vulq.)]
1731 3142 1793 3174 hoc
1818 3141 1921 3185 tibriss
1947 3142 1967 3175 2
1990 3140 2087 3174 nobis
2109 3139 2166 3184 Vn
2187 3142 2362 3184 prouocati
2385 3142 2476 3188 VTu

1395 3188 1416 3219 4
1439 3188 1553 3219 nostra
1573 3186 1627 3230 Vll
1647 3188 1666 3220 5
1690 3196 1749 3229 per
1767 3187 1842 3220 add.
1856 3187 1943 3229 only.
1960 3185 1973 3230 ΙΙ
1994 3188 2011 3219 7
2037 3187 2087 3227 ut]
2112 3186 2148 3218 in
2173 3186 2207 3219 T
2218 3185 2231 3229 ΙΙ
2249 3187 2268 3220 8
2292 3185 2365 3229 ipso
2386 3187 2441 3220 T⁰
2465 3189 2477 3233 n

1398 3233 1438 3265 10
1461 3233 1584 3265 subscr.
1604 3238 1756 3275 praestat
1779 3243 1861 3265 unus
1882 3231 2138 3272 Escorialensis,
2167 3232 2224 3264 ubi
2240 3233 2476 3274 praescribitur

1395 3278 1614 3310 constitutione·
1627 3277 1794 3310 CXXIII
1806 3277 1864 3318 (=
1876 3289 1945 3309 nov.
1959 3276 2054 3309 CXL
2065 3276 2111 3317 V)
2129 3277 2211 3309 inter
2228 3283 2476 3321 extravayantu

1392 3323 1520 3363 positae
1565 3321 1597 3354 d.
1618 3322 1688 3355 ntri
1711 3321 1802 3354 iusti.
1828 3331 1882 3354 an.
1906 3320 2014 3354 XXII
2037 3321 2108 3362 (sic)
2133 3331 2184 3364 po.
2208 3320 2277 3354 bas.
2301 3331 2350 3355 vo.
2373 3320 2474 3354 an.X

1396 3366 1510 3400 Escor.
1574 3367 1614 3401 12
1639 3379 1710 3400 nov.
1733 3367 1870 3400 CXXX
1882 3383 1927 3396 =
1942 3366 2039 3399 Auth.
2060 3365 2227 3399 CXVIII
2246 3378 2303 3399 om.
2323 3366 2368 3407 B,
2393 3366 2475 3399 inter

1396 3418 1647 3455 extravaqantes
1671 3413 1704 3445 in
1723 3413 1903 3455 appendice
1926 3413 1968 3444 ab
1989 3411 2055 3444 alio
2077 3411 2212 3444 librario
2234 3411 2356 3453 ocripta
2380 3410 2475 3443 habet

1398 3455 1430 3488 T
1440 3457 1473 3499 s.
1492 3455 1584 3499 17911
1612 3457 1652 3490 13
1669 3458 1758 3490 rubr.
1783 3469 1841 3490 om.
1866 3455 1921 3498 1711
1941 3457 1983 3489 14
2006 3455 2183 3488 transitum
2206 3453 2244 3487 in
2266 3453 2472 3496 civitatibus]

1394 3499 1431 3532 in
1455 3500 1650 3534 ciuitatibus
1673 3501 1849 3534 transitum
1875 3501 1907 3534 T
1920 3499 1992 3544 11-18
2015 3500 2219 3534 arbitramus
2234 3496 2291 3541 Vn
2310 3500 2350 3531 19
2375 3502 2407 3531 et
2429 3500 2473 3541 V]

1395 3557 1454 3577 om.
1471 3545 1596 3589 Tvulq.
1616 3545 1629 3584 ΙΙ
1651 3546 1692 3580 20
1716 3549 1830 3579 nostra
1850 3546 1885 3579 V
1902 3545 1915 3590 ΙΙ
1936 3544 2100 3578 exercitus
2122 3543 2222 3586 vala]
2247 3542 2418 3585 expeditus
2445 3544 2478 3577 T

1395 3589 1439 3622 αἱ.
1465 3590 1626 3631 expeditis
1645 3590 1681 3624 V
1696 3591 1751 3634 (cf.
1777 3591 1854 3633 652,
1867 3593 1916 3633 36)
1937 3589 1950 3635 fl
1979 3589 2015 3622 in
2038 3586 2226 3627 itineribus]
2263 3591 2301 3619 ut
2324 3587 2473 3621 inex-ibus

1402 3632 1462 3677 V}
1483 3635 1524 3669 21
1550 3635 1736 3668 cultoribus
1759 3636 1853 3677 libri,
1876 3646 1958 3669 corr.
1979 3633 2064 3677 only.
2088 3631 2102 3675 Ι
2126 3633 2170 3666 25
2194 3630 2347 3665 alimenti
2371 3633 2471 3678 vulo]

1394 3677 1561 3713 alimentis
1586 3680 1663 3714 libri
1678 3679 1691 3724 11
1707 3680 1750 3714 26
1774 3689 1857 3722 quas
1871 3679 1973 3723 vulg]
1995 3678 2079 3719 qno·
2100 3676 2177 3709 libri
