2618 4010
170 156 229 185 DE
258 154 433 185 NUPTIIS

169 258 290 298 μιαιάς
322 252 455 299 δωρεᾶς
489 250 571 286 οὔτε
609 253 662 296 τῷ
702 253 927 287 συνοικοῦντι
958 251 1048 287 κατὰ
1079 250 1144 286 τὸν
1174 250 1249 286 δεύ-

169 312 275 346 τερον
303 296 419 346 γάμον
449 299 650 344 περαιτέρω
687 299 748 340 τῆς
779 302 900 344 τρίτης
937 299 997 341 τῆς
1028 299 1158 332 οἰκείας
1190 310 1249 333 πε-

170 348 327 390 ριουσίας
358 341 530 378 ἐπιδώσει
560 346 695 389 μοίρας.
743 340 783 376 οὗ
812 343 884 387 μὴν
908 342 991 377 οὐδὲ
1020 345 1081 387 τῆς
1104 343 1249 383 ἔξωθεν

171 388 387 432 αἰσθήσεται
414 387 619 435 φιλοτιμίας
645 385 728 422 οὐδὲ
758 385 910 433 λήψεται
941 387 1126 424 παντελῶς
1158 386 1247 436 παρ’

169 433 312 469 οὐδενὸς
346 435 423 468 τῶν
458 433 603 473 ἔξωθεν
637 429 677 466 οὗ
706 432 837 480 κλῆρον
873 432 913 467 οὗ
950 432 1248 479 φιὸεϊκόμμισσον

169 476 208 514 ού
242 477 395 526 ληγάτον
431 475 472 513 ού
503 477 627 525 μόρτις
660 480 776 512 καῦσα
809 477 966 526 δωρεάν·
1010 476 1098 513 ἀλλὰ
1134 480 1250 513 ταῦτα

169 523 349 559 ἐλεύσεται
379 523 399 566 ἢ
423 527 524 568 μενεῖ
554 523 653 569 παρὰ
683 527 756 558 τοῖς
786 522 1017 570 κληρονόμοις
1047 526 1110 559 τοῦ
1135 523 1247 558 τελευ-

168 568 342 612 τήσαντος
366 568 388 612 ἢ
411 573 470 604 καὶ
494 567 790 616 συγκληρονόμοις
821 570 941 611 αὐτῆς,
975 570 1011 603 εἴ
1028 583 1068 617 γε
1089 567 1248 612 ἠδύνατο

169 615 399 668 κληρονομεῖν
434 611 542 655 ὅλως,
586 614 645 648 οἶα
680 612 811 658 ταύτης
847 613 926 648 οὐδ’
966 612 1089 649 ὁτιοῦν
1124 613 1249 659 ὄφελος

169 662 322 703 ἐχούσης.

169 704 382 751 κληρονόμοι
424 707 495 738 εἱτε
531 708 590 738 καὶ
627 706 664 745 ἐξ
703 703 902 739 α’διαθέτου
941 703 1126 745 καλοῖντο,
1162 704 1248 750 πρὸς

168 752 321 784 ἐκείνους
345 748 527 784 ἐλεύσεται
550 748 594 783 τὰ
618 752 663 798 τῇ
690 748 840 796 τοιαύτῃ
859 754 1001 797 γυναικὶ
1020 748 1246 791 καταλελειμ-

167 799 270 838 μένα.
312 793 351 829 ού
377 795 443 842 γὰρ
470 794 511 829 τὸ
538 793 712 839 δημόσιον
737 792 825 829 αὐτὰ
851 792 1085 836 οἰκειώσεται,
1109 794 1248 838 μήποτε

169 839 331 885 δόξωμεν
362 839 407 875 τὰ
441 842 593 875 τοιαῦτα
625 842 910 886 σωφρονίζοντες
944 841 1005 883 τῆς
1041 840 1104 873 τοῦ
1143 838 1247 882 δημο-

168 890 246 920 σίου
277 889 447 931 προνοεῖν
479 884 659 931 ὠφελείας.

166 933 244 965 τῶν
276 931 421 973 ἔξωθεν
450 928 540 978 αὐτῇ
574 929 878 974 καταλελειμμένα
907 929 994 976 πρὸς
1018 930 1157 975 ἑτέρους
1180 943 1246 971 χω-

167 976 281 1023 ρήσει,
312 975 358 1011 τά
391 975 432 1011 δέ
462 989 502 1023 γε
534 975 633 1020 παρὰ
663 976 728 1009 τοῦ
760 974 936 1022 πρότερον
971 973 1247 1017 συνοικήσαντος

171 1019 355 1067 ἀφίξεται,
391 1019 479 1067 παρ’
519 1018 625 1063 αὐτῆς
657 1018 922 1066 ἀφαιρούμενα,
958 1019 1045 1065 πρὸς
1080 1019 1126 1053 τὰ
1163 1017 1248 1053 δέκα

168 1067 343 1112 πρόςωπα
367 1068 427 1110 τῆς
451 1067 514 1100 τοῦ
537 1064 799 1100 καταλιπόντος
822 1064 951 1119 ἀνδρός
977 1068 1177 1119 συγγενείας
1201 1063 1246 1099 τὰ

1250 137 1326 185 163

2053 140 2159 183 Nov.
2192 140 2315 181 XXII
2346 142 2398 180 22

1320 251 1443 287 salicia
1467 251 1647 295 largitate,
1682 260 1795 294 neque
1828 251 1955 285 marito
1990 251 2225 286 secundarum
2257 251 2399 295 nuptia-

1320 308 1399 332 rum
1431 297 1526 331 ultra
1559 296 1701 331 tertiam
1733 306 1819 330 suae
1852 297 2073 331 substantiae
2098 296 2224 331 offeret
2248 298 2396 340 partem.

1319 342 1389 377 Sed
1412 352 1527 387 neque
1551 341 1772 377 extrinsecus
1796 341 1926 376 sentiet
1955 342 2154 385 largitatem
2182 351 2297 386 neque
2317 351 2398 386 per-

1320 388 1427 431 cipiet
1477 388 1592 422 enitus
1617 387 1663 421 ab
1688 386 1759 421 ullo
1786 390 2034 421 extraneorum
2059 398 2130 422 non
2155 386 2398 428 hereditatem,

1285 437 1303 468 5
1318 444 1388 468 non
1413 432 1437 467 fi
1464 432 1733 473 eicommissum‚
1760 442 1830 466 non
1851 432 2022 475 legatum,
2049 443 2120 467 non
2145 433 2266 467 mortis
2289 442 2400 467 causa

1319 478 1561 513 donationem:
1592 477 1655 513 sed
1678 477 1766 511 haec
1792 476 1933 511 venient
1963 480 2027 511 aut
2049 480 2194 512 manent
2218 477 2313 522 apud
2336 477 2397 512 he-

1319 523 1421 558 redes
1454 523 1614 559 defuncti
1638 526 1701 557 aut
1726 522 1915 557 coheredes
1941 522 2033 563 eius,
2068 522 2098 556 si
2130 527 2271 567 poterat
2295 523 2398 557 heres

1320 579 1416 611 esse,
1454 571 1579 613 utpote
1609 579 1652 604 ea
1683 567 1816 602 nullam
1849 567 2037 601 utilitatem
2061 567 2224 602 habente.
2274 567 2343 602 Sed
2368 567 2399 602 si

1319 614 1444 659 scripti
1477 619 1512 649 et
1543 614 1602 648 alii
1634 613 1707 648 sint
1729 612 1898 653 heredes,
1932 612 2004 647 sive
2028 613 2134 646 etiam
2158 613 2203 647 ab
2228 612 2398 648 intestato

379 657 459 713 dit}
502 660 533 693 εἰ
571 663 810 706 γεγραμμένοι
853 663 913 693 καὶ
952 662 1068 704 ἕτεροι
1107 658 1248 701 τύχοιεν
1266 663 1305 694 10
1318 663 1502 700 vocentur,
1528 659 1574 694 ad
1597 659 1676 694 illos
1700 658 1841 693 venient
1865 667 1956 702 quae
1980 657 2045 692 tali
2069 658 2207 692 mulieri
2229 658 2399 692 derelicta

1319 708 1414 739 sunt.
1463 705 1543 739 Non
1578 705 1670 739 enim
1701 703 1810 738 fiscus
1842 703 1932 737 haec
1963 702 2174 745 vindicabit,
2209 713 2253 737 ne
2280 703 2397 747 aliquo

1318 750 1422 784 modo
1441 750 1623 784 videamur
1642 749 1728 784 talia
1749 748 1980 792 corripientes
1998 748 2077 782 fisci
2097 747 2279 792 providere
2302 748 2397 782 utili-

1317 796 1401 829 tati:
1437 795 1500 829 sed
1526 796 1577 829 ita
1602 795 1760 839 quidem,
1794 803 1884 838 quae
1911 793 2132 828 extrinsecus
2165 793 2196 827 ei
2228 792 2399 827 derelicta

1318 843 1417 882 sunt,
1451 840 1497 874 ad
1530 841 1618 875 alios
1647 840 1803 881 venient,
1833 849 1923 883 quae
1954 849 2036 874 vero
2066 849 2088 873 a
2117 838 2235 882 priore
2269 838 2397 873 marito

717 883 797 918 ἀλλ’
837 882 933 919 οὕτω
968 887 1036 929 μὲν
1069 883 1114 918 τὰ
1150 883 1248 928 παρὰ
1265 888 1302 918 15
1318 889 1419 927 sunt,
1452 887 1498 920 ab
1525 896 1566 920 ea
1591 886 1732 920 sublata
1756 884 1897 919 venient
1926 884 1972 918 ad
1997 884 2119 918 decem
2143 893 2315 928 personas
2341 893 2397 917 re-

1317 930 1509 974 linquentis
1535 931 1598 964 viri
1625 930 1865 974 cognationis,
1898 940 1990 974 quae
2013 930 2130 964 edicto
2157 928 2397 970 continentur,

1316 975 1385 1009 hoc
1410 978 1466 1010 est
1490 977 1724 1010 ascendentes
1745 978 1781 1009 et
1800 974 2054 1009 descendentes
2079 978 2114 1009 et
2138 984 2181 1008 ex
2206 974 2316 1008 latere
2337 985 2396 1008 us-

1317 1031 1385 1064 que
1416 1021 1461 1054 ad
1486 1021 1681 1055 secundum
1711 1020 1877 1064 gradum,
1910 1020 2078 1063 gradibus
2102 1019 2138 1054 in
2164 1030 2228 1054 suo
2255 1029 2396 1054 servan-

1315 1065 1368 1099 dis
1403 1065 1535 1100 ordine.
1586 1065 1723 1109 Quibus
1759 1076 1831 1100 non
1866 1065 2098 1100 existentibus
2136 1064 2182 1099 ad
2219 1063 2397 1099 aerarium

166 1115 219 1156 τῷ
253 1111 382 1155 ἐδίκτῳ
415 1108 666 1164 περιεζόμενα,
694 1113 883 1144 τουτέστιν
914 1122 1085 1144 ανιοντας
1115 1124 1155 1143 τε
1186 1112 1245 1143 καὶ
1260 1112 1300 1144 20
1313 1110 1468 1145 veniunt.

167 1157 357 1192 κατιόντας
389 1160 447 1190 καὶ
471 1167 552 1190 τους
583 1157 621 1189 ἐκ
644 1154 797 1202 πλαγίου
828 1158 930 1202 μέχρι
959 1154 1123 1200 δευτέρου
1147 1155 1243 1199 βαθ-

165 1205 250 1246 μοῦ,
285 1205 367 1244 τῶν
398 1202 562 1246 βαθμῶν
600 1202 659 1235 ἐπὶ
696 1202 757 1243 τῆς
794 1201 924 1234 οἰκείας
962 1199 1244 1245 φυλαττομένων

167 1247 317 1288 τάξεως·
338 1246 390 1281 ὡν
408 1244 471 1289 οὐχ
488 1243 712 1291 ὑφεστώτων
729 1247 789 1281 ἐπὶ
809 1245 851 1280 τὸ
869 1249 1032 1290 ταμιεῖον
1052 1244 1243 1279 ἐλεύσεται.

166 1295 187 1328 1
238 1290 333 1327 Ἀλλ’
360 1288 443 1326 οὐδὲ
466 1294 686 1345 πορρωτέρω
719 1289 959 1337 κληρονομίαν
983 1291 1021 1331 ἐξ
1045 1289 1244 1325 ἆδιαθέτου

1314 1293 1333 1325 l
1380 1290 1450 1325 Sed
1472 1300 1585 1335 neque
1610 1290 1746 1333 longius
1765 1290 1945 1325 hereditas
1970 1291 2015 1325 ab
2039 1291 2208 1326 intestato
2233 1291 2395 1335 proprio-

165 1339 242 1372 τῶν
273 1339 416 1371 οἰκείων
453 1334 560 1379 αὐτῆς
595 1335 878 1371 υπειςελεύσεται
915 1338 1117 1383 συγγενῶν,
1157 1334 1245 1389 ἀλλὰ
1259 1339 1300 1371 25
1315 1347 1394 1371 rum
1425 1336 1502 1370 eius
1526 1336 1644 1370 veniet
1668 1339 1918 1379 cognatorum,
1954 1336 2016 1370 sed
2041 1347 2154 1380 usque
2183 1337 2229 1372 ad
2252 1337 2398 1371 tertium

164 1386 265 1429 μέχρι
289 1386 412 1429 τρίτου
434 1382 585 1426 βαθμοῦ
616 1382 870 1428 θεωρουμένου
899 1381 1138 1424 πανταχόθεν
1163 1394 1245 1424 στη-

165 1440 268 1462 σεται
297 1428 409 1472 μόνον
441 1426 487 1461 τὰ
516 1428 577 1470 τῆς
609 1425 773 1469 διαδοχῆς
805 1425 911 1473 αὐτῇ·
957 1426 992 1460 οἱ
1022 1430 1243 1475 πορρωτέρω

165 1471 204 1507 δὲ
227 1474 327 1507 ὄντες
351 1473 491 1519 ἑτέρους
515 1472 631 1512 ἕξουσι
656 1471 903 1516 κληρονόμους.
952 1475 1025 1505 Καὶ
1050 1470 1071 1515 ἢ
1101 1486 1141 1518 γε
1174 1471 1244 1516 πρὸ

164 1520 242 1552 τῶν
270 1517 391 1553 ἄλλων
424 1516 513 1565 αὐτῇ
545 1519 687 1551 ποινῶν
712 1518 934 1559 ἐπαχθεῖσα,
968 1520 1086 1563 φαμὲν
1111 1516 1154 1559 δὴ
1178 1517 1245 1560 τὴν

1314 1381 1464 1425 gradum
1488 1381 1748 1425 inspiciendum
1766 1381 1923 1425 undique
1947 1381 2057 1415 stabit
2081 1382 2196 1416 solum
2216 1382 2397 1416 successio

1315 1427 1365 1468 ei,
1391 1427 1530 1470 longius
1555 1430 1675 1461 autem
1700 1426 1894 1461 existentes
1919 1426 2008 1460 alios
2032 1426 2216 1461 habebunt
2237 1427 2396 1461 heredes.

1315 1473 1363 1506 Et
1387 1482 1479 1516 quae
1503 1482 1588 1516 prae
1614 1472 1691 1506 aliis
1717 1471 1749 1506 ei
1772 1471 1899 1515 poenis
1919 1471 2080 1514 infertur,
2106 1471 2254 1506 dicimus
2276 1476 2397 1507 autem

1315 1518 1514 1559 infamiam,
1550 1517 1580 1551 si
1611 1517 1751 1561 quidem
1783 1517 1859 1552 sine
1889 1516 1971 1551 filiis
2003 1528 2047 1552 ex
2079 1517 2258 1561 prioribus
2289 1517 2398 1552 fuerit

164 1561 328 1607 ἀτιμίαν,
359 1564 389 1596 εἰ
412 1565 479 1608 μὲν
503 1562 610 1597 ἅπαις
640 1564 678 1596 ἐκ
709 1564 787 1597 τῶν
812 1566 1002 1609 προτέρων
1031 1564 1083 1605 εἴη
1130 1561 1244 1607 άμων,
1260 1565 1301 1597 30
1316 1563 1461 1607 nuptiis,
1489 1563 1636 1597 solvitur
1655 1562 1882 1606 imperatoris
1907 1562 2034 1596 litteris
2051 1562 2217 1597 iubentis.
2256 1562 2292 1596 Si
2311 1573 2394 1597 vero

165 1608 348 1643 λελύσεται
371 1607 548 1653 βασιλέως
577 1605 759 1655 γράμμασι
789 1607 1009 1649 κελεύοντος,
1044 1610 1074 1642 εἰ
1123 1611 1139 1641 ὲ
1163 1611 1243 1643 παῖ-

164 1652 220 1688 δες
243 1651 365 1689 ὑπεῖεν
389 1652 599 1696 οἱαςδήποτε
622 1655 744 1699 γονῆς,
777 1653 894 1694 ἔξεστι
926 1656 992 1698 μὲν
1021 1651 1110 1700 αὐτῇ
1142 1658 1244 1698 βασι-

165 1698 250 1733 λέως
273 1697 362 1744 ὑπὲρ
385 1701 445 1742 τῆς
465 1695 606 1742 ἀτιμίας
626 1696 784 1740 δεῖσθαι,
809 1696 849 1732 ού
869 1698 940 1743 μὴν
960 1698 1085 1744 ὄφελός
1108 1712 1144 1733 τι
1164 1700 1243 1733 τῶν

163 1742 484 1792 ἂντιγραφομένων
516 1746 627 1786 ἔχειν·
664 1743 759 1787 πλὴν
789 1745 820 1777 εἰ
842 1743 891 1788 μὴ
914 1744 1083 1788 βούλεται
1114 1743 1181 1786 τὴν
1205 1746 1243 1777 ἐκ

1313 1607 1377 1642 filii
1412 1608 1546 1642 fuerint
1585 1607 1840 1652 cuiuscumque
1873 1617 2001 1649 sexus,
2033 1607 2155 1642 licebit
2193 1607 2333 1652 quidem
2364 1608 2398 1642 ei

1313 1653 1520 1697 imperatori
1543 1663 1608 1698 pro
1632 1653 1780 1687 infamia
1805 1653 2028 1697 supplicare,
2062 1664 2134 1688 non
2159 1656 2279 1688 tamen
2302 1653 2397 1688 utili-

1312 1701 1421 1733 tatem
1443 1699 1596 1743 aliquam
1620 1698 1876 1743 rescriptorum
1901 1698 2050 1734 habere:
2085 1698 2155 1733 nisi
2186 1702 2306 1733 tamen
2336 1709 2397 1734 vo-

1311 1744 1417 1779 luerit
1442 1755 1486 1779 ex
1509 1744 1658 1789 imperio
1690 1744 1823 1779 habere
1847 1744 2037 1778 utilitatem
2074 1747 2110 1778 et
2139 1743 2220 1779 aliis
2254 1744 2398 1779 liberari

163 1802 224 1833 της
252 1789 436 1834 βασιλείας
467 1791 562 1831 ἔχειν
596 1786 774 1834 ὠφέλειαν
797 1793 857 1823 καὶ
887 1791 965 1823 τῶν
988 1788 1109 1823 ἄλλων
1129 1786 1242 1823 ἇπαλ-
1258 1792 1298 1823 35

164 1891 256 1926 quae
279 1891 328 1915 σω
349 1880 476 1926 priore
500 1879 670 1925 coniuqio
702 1879 734 1914 ei
756 1879 885 1915 relicta
909 1883 1010 1922 sunt,
1043 1891 1158 1926 neque
1179 1880 1376 1914 donatione
1401 1883 1485 1914 ante
1509 1879 1658 1925 nupcias
1678 1879 1840 1924 fruetur,
1870 1890 1985 1924 neque
2006 1879 2152 1925 coniuqi
2177 1890 2250 1926 per
2272 1890 2397 1915 secun-

163 1925 247 1960 dum
270 1925 536 1960 matrimonium
558 1926 661 1970 facto
689 1924 777 1970 plus
799 1925 904 1960 tertia
927 1924 1104 1960 bonorum
1127 1936 1276 1961 suorum
1296 1928 1409 1970 parte
1432 1924 1542 1959 dabit.
1591 1923 1686 1967 Quin
1710 1935 1754 1958 ne
1778 1928 1993 1959 extraneam
2017 1924 2161 1970 quidem
2185 1925 2398 1971 experietur

164 1970 415 2005 liberalitatem
445 1981 559 2016 neque
591 1970 735 2005 omnino
765 1969 809 2004 ab
839 1970 915 2005 ullo
946 1976 1208 2006 extraneorum
1235 1975 1300 2005 aut
1330 1969 1565 2005 hereditatem
1605 1974 1669 2004 aut
1696 1969 2012 2015 fideicommissum
2049 1974 2115 2004 aut
2145 1970 2303 2015 leqatum
2334 1974 2400 2006 aut

163 2016 290 2051 mortis
321 2026 431 2050 causa
461 2015 693 2050 donationem
723 2015 895 2061 accipiet:
929 2016 994 2051 sed
1023 2016 1113 2051 haec
1142 2015 1330 2051 devenient
1359 2015 1432 2051 sive
1455 2015 1691 2050 remanebunt
1714 2026 1831 2060 penes
1855 2014 2004 2050 heredes
2027 2014 2071 2050 de
2093 2016 2194 2050 uncti
2212 2015 2268 2050 vet
2290 2016 2396 2051 etiam

165 2060 356 2096 coheredes
380 2061 512 2107 ipsius,
546 2061 578 2094 si
601 2060 708 2095 modo
733 2060 837 2095 heres
860 2071 937 2096 esse
961 2062 1107 2096 omnino
1130 2061 1271 2107 potuit,
1302 2071 1381 2095 cum
1405 2060 1470 2095 iila
1494 2060 1631 2095 nullam
1653 2060 1766 2106 plane
1798 2059 1988 2107 utititatem
2015 2058 2061 2094 lia
2086 2060 2185 2095 itura
2209 2062 2265 2096 sit.
2326 2059 2399 2096 Sed

164 2107 195 2141 si
217 2107 319 2151 forte
342 2107 449 2141 etiam
473 2105 538 2152 atii
569 2105 718 2141 heredes
746 2106 876 2152 scripti
906 2106 997 2149 sint,
1028 2107 1103 2142 sive
1126 2107 1233 2142 etiam
1266 2105 1309 2140 ab
1340 2106 1512 2141 intestato
1537 2110 1721 2147 vocentur,
1753 2104 1803 2140 ad
1825 2105 1909 2140 illos
1932 2106 2150 2151 pervenient
2180 2117 2274 2152 quae
2304 2106 2397 2141 eius-

163 2151 260 2186 modi
287 2151 427 2186 mulieri
457 2150 585 2186 relicta
615 2155 708 2185 sunt.
758 2151 884 2196 Neque
916 2152 1008 2186 enim
1037 2152 1151 2196 fiscus
1181 2163 1224 2186 ea
1254 2150 1469 2185 vindicabit:
1504 2162 1549 2185 ne
1578 2151 1680 2196 forte
1711 2150 1907 2192 videamur,
1943 2150 2026 2184 dum
2054 2150 2142 2185 talia
2168 2151 2397 2197 corriqimus,

160 2197 242 2241 fisci
263 2196 509 2231 emolumentis
526 2196 733 2242 providere.
782 2195 859 2230 Sed
881 2197 934 2231 ita
958 2197 1123 2242 quidem,
1155 2208 1248 2242 quae
1279 2195 1323 2230 ab
1354 2196 1543 2231 extraneis
1576 2196 1609 2230 ei
1632 2195 1761 2230 relicta
1784 2199 1886 2237 sunt,
1919 2195 1969 2230 ad
1991 2195 2085 2230 alios
2108 2197 2268 2239 venient,
2303 2207 2398 2242 quae

164 2253 247 2277 vero
273 2253 296 2276 a
347 2241 445 2277 riore
469 2241 621 2283 marito,
654 2241 742 2275 llaec
767 2241 799 2276 ei
824 2241 947 2276 ablata
969 2242 1181 2287 pervenient
1203 2241 1252 2275 ad
1275 2240 1393 2275 decem
1417 2240 1502 2283 illas
1524 2251 1703 2285 personas
1727 2251 1776 2275 ea:
1801 2241 2019 2284 coynatione
2043 2240 2130 2283 viri,
2159 2242 2223 2286 qui
2246 2253 2290 2277 ea
2313 2241 2396 2276 reli-

163 2287 257 2332 quit,
282 2298 315 2321 ec
327 2287 398 2321 icto
424 2285 719 2331 comprehensas,
753 2285 820 2320 lzoc
843 2290 896 2320 est
919 2290 953 2321 et
983 2286 1216 2321 ascendentes
1240 2289 1276 2320 et
1298 2284 1552 2320 descendentes
1576 2289 1612 2320 et
1637 2286 1702 2330 qui
1724 2296 1774 2320 esc
1806 2284 1918 2320 latere
1940 2289 2026 2320 sunt
2054 2296 2169 2331 usque
2196 2286 2246 2321 ad
2272 2297 2397 2321 secun-

163 2332 247 2366 dum
268 2331 435 2376 aradum,
461 2330 637 2376 qradibus
660 2331 698 2364 in
721 2341 788 2365 suo
811 2331 937 2365 ordine
960 2331 1123 2366 servatis.
1172 2329 1273 2372 Quae
1296 2330 1328 2364 si
1351 2341 1425 2364 non
1449 2333 1590 2372 extant,
1615 2329 1664 2364 ad
1687 2330 1870 2364 aerarium
1893 2330 2044 2365 venient.

163 2379 183 2411 1
241 2375 314 2411 Sed
334 2387 378 2410 ne
401 2375 555 2410 ulterius
601 2374 719 2409 uidem
739 2376 784 2410 ab
805 2375 974 2410 intestato
997 2375 1229 2410 hereditatem
1254 2385 1402 2409 suorum
1426 2375 1542 2420 ipsius
1565 2379 1805 2420 eoqnatorum
1827 2374 1893 2409 ilia
1918 2379 2169 2420 consequetur,
2194 2386 2317 2411 verum
2338 2387 2396 2411 us-

164 2433 233 2467 que
257 2421 306 2455 ad
330 2421 473 2455 tertium
497 2431 567 2465 qra
594 2431 652 2454 um
673 2420 790 2454 solum
814 2420 973 2465 undique
994 2420 1254 2456 observandum
1274 2419 1513 2454 successionis
1536 2420 1618 2454 iura
1640 2419 1673 2454 ei
1693 2420 1972 2460 coercebuntur;
1996 2420 2059 2471 qui
2079 2432 2162 2456 vero
2183 2421 2398 2456 remotiores

162 2471 249 2501 sunt
270 2466 363 2501 alios
386 2465 566 2500 habebunt
589 2464 744 2499 heredes.

163 2512 242 2547 dem
274 2511 407 2546 liberos
435 2521 509 2545 non
541 2509 684 2545 habebit
706 2521 755 2545 ea:

804 2466 923 2511 Atque
945 2476 1039 2511 quae
1065 2476 1162 2511 prae
1186 2465 1335 2510 reliquis
1355 2464 1490 2510 poenis
1520 2465 1552 2500 ei
1577 2465 1749 2510 imposita
1773 2468 1845 2506 est,
1877 2465 2068 2510 infamiam
2094 2465 2256 2507 dicimus,
2284 2466 2396 2511 siqui-

805 2511 904 2545 riore
927 2511 1177 2553 matrimonio,
1209 2510 1354 2544 sublata
1386 2510 1455 2544 erit
1485 2509 1705 2556 imperatore
1725 2520 1798 2556 per
1823 2509 1962 2544 litteras
1995 2510 2034 2544 id
2056 2510 2220 2552 iubente;
2254 2511 2286 2545 si
2310 2522 2395 2547 vero

164 2557 267 2591 liberi
287 2556 541 2600 cuiuscumque
557 2566 670 2590 sescus
689 2561 775 2590 exta
803 2561 878 2597 unt,
900 2555 984 2591 licet
995 2555 1143 2634 lquidem
1161 2556 1194 2590 ei
1213 2555 1389 2600 infamiae
1404 2566 1515 2589 causa
1535 2555 1750 2601 imperatori
1768 2555 1989 2606 supplicare,
2009 2566 2076 2590 nec
2097 2561 2214 2591 tamen
2231 2556 2396 2600 fructum

1008 2612 1018 2634 i

163 2602 274 2636 ultum
297 2613 347 2637 ex
369 2602 545 2646 rescripto
570 2599 721 2635 habere:
744 2601 814 2635 nisi
837 2600 920 2636 velit
940 2601 994 2635 uti

214 2697 223 2726 1
252 2689 362 2726 *οὐδὲ
387 2693 464 2726 libri
489 2692 500 2736 11
530 2691 597 2726 τὸν
622 2707 678 2726 om.
703 2693 812 2735 Epan.
843 2692 854 2735 11
886 2695 905 2725 2
938 2693 1000 2734 τῆς
1026 2694 1159 2725 alterum
1184 2705 1242 2724 om.

163 2738 276 2772 Nom.d
295 2739 306 2780 11
337 2741 354 2772 3
379 2741 511 2784 μοίραν
535 2738 581 2771 L¹
610 2737 621 2782 11
650 2741 668 2771 4
692 2735 856 2782 λήψεται]
882 2749 919 2770 τι
945 2740 1021 2770 add.
1039 2738 1088 2770 ΒΓ
1107 2736 1118 2780 11
1151 2734 1239 2782 παρ’

163 2780 308 2816 οὐδενὸς
332 2782 519 2816 παντελῶς
544 2784 653 2826 Epan.
681 2791 776 2816 aucta
805 2783 817 2827 11
849 2787 865 2816 5
900 2779 940 2815 οὐ
972 2780 1243 2827 φιδεικόμισσον

162 2825 428 2873 (φιδικόμισσον
441 2830 484 2870 L)
503 2829 587 2868 ΑΜΒ,
606 2842 663 2861 om.
682 2828 841 2869 BNom.d,
857 2829 986 2868 Procli„
1004 2829 1113 2870 Epan.
1135 2826 1145 2870 11
1163 2829 1182 2860 6
1202 2823 1242 2858 ού

164 2871 312 2918 λεγάτον
338 2874 386 2906 Βε
400 2875 509 2916 Εραυ.
534 2870 617 2906 οὐδὲ
642 2871 790 2918 λεγάτον
816 2874 932 2905 Procli.
952 2872 963 2916 11
981 2870 1104 2918 μόρτις
1128 2872 1243 2904 καῦσα

164 2920 220 2959 M]
237 2916 403 2952 θανάτου
417 2918 515 2960 αἰτίᾳ
535 2917 718 2951 LBN0n1.d
741 2916 808 2959 τὴν
820 2915 911 2961 μετὰ
931 2915 1098 2951 θάνατον
1112 2917 1243 2957 Procli„

162 2965 271 3007 Epan.
292 2964 336 3005 117
364 2964 541 2996 ένοίσεται
566 2962 680 2996 Nom.d
696 2963 707 3005 11
738 2959 759 3004 ἢ
782 2965 884 3004 μενεῖ
907 2964 960 3003 Μ]
989 2959 1010 3005 ἢ
1032 2964 1172 3005 μενεῖεν
1196 2962 1244 2994 L2

163 3009 194 3041 εἰ
217 3009 283 3051 μὲν
307 3007 379 3040 εἷεν
403 3010 438 3041 Β
455 3007 570 3042 Nom.d
596 3009 713 3041 Procli.
755 3008 785 3040 εἰ
808 3021 877 3050 με*
904 3007 975 3041 εἶεν
999 3008 1047 3040 L¹
1080 3009 1152 3047 (aut
1176 3017 1243 3038 ma-

166 3057 246 3085 nent
267 3058 295 3089 ς)
318 3052 329 3096 11
346 3051 454 3098 παρὰ]
478 3065 571 3098 ww*
598 3053 646 3085 L¹
666 3052 676 3096 11
694 3050 981 3093 τελευτήσαντος]
1013 3049 1243 3093 συνοικήσαν-

164 3096 222 3130 τός
236 3109 324 3130 ποτε
339 3098 447 3140 Εραυ.
459 3106 555 3131 aucta
572 3097 584 3140 11
603 3099 621 3131 8
643 3093 735 3138 ἢοιυ.
751 3099 809 3138 Βδ,
829 3099 1095 3135 xaion1.P1-oeh.,
1112 3099 1220 3140 Epan.
1233 3095 1244 3141 11

164 3139 283 3176 αὐτοῖς
297 3142 353 3181 L²,
380 3143 496 3175 Procli.
511 3156 539 3175 v.
555 3144 573 3175 Z.
592 3143 603 3184 11
622 3138 801 3183 ἠδύναντο
825 3142 973 3175 LNomfl
989 3142 999 3184 11
1025 3144 1044 3175 9
1069 3138 1161 3175 ὅλως
1185 3154 1243 3174 om.

165 3200 183 3224 ς
200 3187 212 3231 11
230 3183 336 3228 αὐτῆς
352 3188 478 3228 Procli„
492 3188 600 3230 Epan.
620 3186 632 3231 11
654 3190 692 3220 10
718 3187 760 3227 εἰ]
782 3187 853 3219 εἴτε
869 3189 977 3229 Epan.
995 3188 1074 3231 leqis
1093 3188 1103 3229 11
1124 3190 1157 3220 11
1185 3189 1244 3219 καὶ

165 3246 223 3266 om.
243 3233 286 3265 ΒΣ
303 3233 412 3274 Epan.
426 3240 520 3265 aucta
539 3233 550 3275 11
571 3235 608 3266 15
636 3228 812 3276 ὠφελείαν
825 3232 871 3265 L¹
890 3231 901 3275 11
919 3230 1019 3277 παρὰ
1045 3245 1103 3265 om.
1118 3233 1243 3272 Procli„

164 3279 272 3320 Epan.
285 3285 379 3310 aucta
396 3276 407 3320 Ι1
433 3280 466 3310 17
492 3289 532 3322 γε
546 3290 602 3310 om.
614 3278 722 3319 Epan.
735 3285 832 3309 aucta
848 3277 859 3320 11
879 3279 1052 3323 προτέρου
1070 3278 1115 3310 BS
1132 3278 1242 3319 Epan.

166 3331 261 3356 aucta
278 3322 290 3366 11
314 3324 349 3356 18
375 3320 463 3367 πρὸς
486 3320 542 3362 τὰ]
569 3322 616 3354 εἰς
640 3322 699 3363 L2,
725 3336 782 3354 ουι.
811 3322 853 3353 L¹
872 3321 883 3365 11
909 3325 943 3353 19
958 3335 1005 3365 sq.
1031 3320 1076 3355 τὰ
1093 3342 1130 3346 -
1146 3334 1242 3363 περι-

164 3365 313 3411 εχόμενα
335 3381 391 3400 om.
410 3368 536 3408 Procli,
550 3368 658 3409 Epan.
676 3368 687 3409 11
707 3369 748 3400 20
773 3364 915 3408 έδίκτῳ]
941 3365 1042 3410 νόμῳ
1064 3366 1214 3401 BNom.d
1233 3366 1244 3412 11

164 3425 203 3446 τε
216 3425 275 3446 om.
292 3413 326 3445 B
337 3412 458 3453 Νουμᾶ,
473 3413 602 3449 Ρνοεῇ..
615 3413 724 3455 Epan.
745 3412 756 3451 11
772 3414 832 3444 καὶ
857 3425 913 3446 om.
929 3412 975 3445 Bl
991 3413 1100 3454 Epon.
1115 3420 1209 3445 aucta
1233 3414 1244 3458 11

165 3460 204 3491 21
233 3460 303 3498 καὶ]
328 3454 349 3499 ἣ
373 3459 480 3500 Epan.
497 3465 690 3497 auctasom.
715 3457 762 3490 Bl
789 3456 801 3500 11
826 3459 867 3489 22
893 3457 970 3489 τῶν
994 3457 1158 3500 βαθμῶν
1184 3470 1241 3491 om.

167 3503 214 3536 L¹
243 3503 255 3546 11
285 3505 326 3536 24
358 3505 558 3547 περαιτέρω
586 3502 712 3542 Procli„
734 3502 842 3544 Epan.
868 3501 880 3544 11
909 3500 1124 3546 κληρονομία
1149 3500 1197 3535 L⁶
1232 3502 1243 3546 11

165 3549 207 3581 25
231 3544 463 3581 ὗπελεύσεται
488 3549 518 3580 L
543 3548 672 3587 Procli,
700 3547 806 3589 Epan.
829 3545 1113 3580 ἐπεισελεύσεται
1137 3547 1189 3580 Bs

166 3594 207 3625 26
238 3594 338 3637 μέχρι
361 3591 475 3635 μόνον
497 3595 619 3637 τρίτου
645 3591 695 3624 Rs
729 3590 841 3634 μόνον
864 3593 964 3635 μέχρι
989 3594 1111 3635 τρίτου
1136 3586 1183 3625 Bt
1233 3548 1244 3640 11

169 3636 418 3682 θεωρουμένου
443 3651 500 3671 om.
523 3639 633 3680 Epan.
655 3645 766 3677 aucta,
791 3636 905 3682 θεωρ.
931 3657 974 3660 -—
999 3639 1039 3670 27
1068 3633 1157 3680 αύτῆ
1184 3651 1241 3673 ουι.

169 3682 215 3714 B⁸
234 3683 245 3723 11
262 3685 301 3715 27
319 3680 422 3729 αὐτῇ]
441 3681 546 3725 αὐτῆς
559 3683 668 3725 Εραυ.
683 3691 789 3723 aucta,
805 3695 862 3715 om.
878 3694 897 3718 ς
912 3683 922 3725 11
942 3679 1067 3727 πόρρω
1081 3683 1112 3715 L
1124 3672 1240 3717 Procli.

170 3740 197 3758 υ.
210 3727 242 3767 l.,
258 3729 366 3772 Epan.
382 3735 477 3761 aucta
494 3727 505 3772 11
525 3730 567 3763 28
593 3725 703 3768 ὄντες]
731 3723 819 3774 αὐτῇ
834 3728 943 3771 Epan.
961 3736 1066 3768 aucta,
1091 3741 1148 3761 om.
1166 3728 1213 3760 Β3
1232 3730 1243 3770 11

1024 2605 1131 2635 tatem
1155 2611 1249 2646 qnae
1273 2599 1316 2634 ab
1340 2600 1561 2645 imperatore
1584 2600 1693 2635 datur
1712 2611 1904 2646 percipere
1928 2603 1963 2635 et
1985 2600 2136 2646 reliquis
2159 2601 2289 2646 poenis
2312 2601 2396 2635 libe-

1312 2693 1371 2723 καὶ
1397 2691 1433 2724 εἴ
1449 2704 1489 2737 γε
1511 2691 1559 2724 L¹
1584 2691 1595 2735 11
1628 2693 1698 2723 Καὶ
1723 2686 1744 2733 ἧ
1767 2704 1808 2736 γε
1832 2712 1875 2715 -
1899 2695 1937 2726 31
1966 2690 2167 2725 κελεύοντος
2191 2705 2249 2724 om.
2266 2692 2395 2734 Proca„

1313 2738 1422 2779 Epan.
1449 2744 1560 2778 aucta,
1600 2739 1641 2769 30
1668 2749 1715 2779 sq.
1747 2737 1779 2769 εἰ
1808 2738 1876 2780 μὲν
1899 2757 1942 2761 —
1966 2735 2170 2770 κελεύοντος
2199 2750 2257 2770 om.
2283 2739 2395 2780 Epan.

1314 2783 1392 2824 leyis
1421 2781 1432 2825 11
1464 2784 1502 2816 31
1531 2779 1715 2814 λελύσεται
1736 2783 1819 2814 LB⁸
1836 2782 1963 2823 Nomi]
1990 2780 2134 2815 λέλυται
2151 2783 2189 2814 M
2212 2780 2333 2815 λύεται
2346 2783 2399 2816 ΒΓ

1312 2828 1370 2867 (id.
1386 2828 1471 2867 Am,
1495 2828 1628 2867 Theod,
1649 2827 1742 2859 Nom.
1754 2828 1910 2861 XIVtit.
1928 2829 1979 2869 13,
1994 2831 2023 2868 2)
2041 2827 2052 2872 11
2072 2824 2165 2868 εἰδὲ]
2186 2826 2269 2873 εἴγε
2282 2828 2392 2871 Εραυ.

1315 2873 1394 2914 leqis
1421 2870 1433 2915 11
1464 2874 1505 2906 32
1543 2868 1754 2913 οἱαςδὴποτε
1776 2872 1881 2917 γονῆς
1905 2886 1964 2906 om.
1989 2873 2122 2914 Procli„
2146 2873 2257 2915 Epan.
2278 2873 2289 2916 11
2317 2874 2396 2906 ἔστι

1313 2918 1441 2957 Procli„
1466 2917 1580 2948 licebit
1594 2928 1613 2952 ς
1630 2916 1642 2960 11
1661 2919 1702 2950 33
1723 2917 1784 2959 τῆς
1808 2931 1866 2950 ουι.
1886 2918 1932 2950 Bt
1948 2917 1960 2960 11
1980 2920 2022 2952 34
2039 2931 2087 2960 sq.
2116 2915 2212 2959 πλὴν
2235 2937 2277 2942 —
2301 2919 2396 2959 ἔχειν

1313 2975 1369 2994 om.
1384 2962 1431 2994 L¹
1451 2960 1462 3005 11
1489 2959 1538 3004 μὴ
1561 2975 1618 2994 om.
1634 2961 1692 2994 Β18
1702 2962 1816 2995 Nom.d
1846 2961 1858 3006 11
1887 2961 2062 3005 βούληται
2083 2963 2202 2996 Procli.
2227 2960 2396 3006 βούλοιτο

1312 3008 1422 3049 Epan.
1439 3008 1518 3050 leqz's
1542 3006 1699 3047 (voluerit
1720 3009 1751 3048 ς)
1771 3005 1782 3051 11
1799 3004 1865 3049 τὴν
1880 3027 1917 3030 —
1935 3004 2127 3052 ὠφέλειαν]
2152 3005 2215 3041 τὰς
2236 3026 2278 3032 —-
2303 3006 2395 3052 ῶφε-

1313 3050 1406 3084 λείας
1420 3053 1528 3094 Epan.
1544 3059 1639 3084 aucta

1358 3144 1377 3175 2
1402 3142 1507 3174 oferet
1526 3141 1560 3173 R
1584 3142 1700 3174 offerre
1715 3141 1794 3173 licet
1814 3141 1869 3184 Vl}
1898 3143 1917 3175 3
1941 3142 2063 3173 sentiat
2089 3142 2119 3173 R
2139 3140 2150 3184 11
2166 3142 2287 3183 pertiet
2317 3142 2360 3173 V¹
2384 3141 2397 3187 11

1314 3190 1331 3221 5
1353 3198 1419 3219 non
1439 3194 1510 3219 onte
1524 3186 1809 3218 fideicommissum
1824 3199 1880 3218 om.
1898 3186 1932 3219 V
1944 3186 1954 3227 11
1972 3189 1990 3219 6
2012 3186 2186 3220 donato-em
2202 3186 2236 3218 R
2253 3186 2265 3230 11
2283 3189 2301 3220 7
2322 3190 2394 3229 pot-

1313 3235 1406 3265 erant
1438 3231 1572 3263 heredcs
1597 3233 1629 3264 R
1660 3231 1671 3272 11
1707 3234 1726 3265 8
1758 3231 1852 3263 nulla
1876 3231 2023 3263 utilitate
2054 3232 2086 3263 V
2108 3231 2119 3276 11
2153 3234 2172 3264 9
2202 3235 2280 3263 sunt
2304 3233 2337 3264 R
2382 3232 2394 3273 11

1315 3280 1348 3311 11
1380 3277 1572 3309 uendicabit
1598 3276 1662 3309 VT
1693 3276 1889 3309 uindicabat
1911 3276 1944 3308 R
1974 3275 1985 3319 11
2018 3278 2055 3309 12
2084 3277 2264 3308 uideantur
2287 3276 2337 3309 Β*
2382 3275 2395 3322 11

1319 3325 1354 3356 13
1390 3322 1439 3354 ita
1470 3322 1603 3363 quidem
1637 3339 1678 3344 —
1722 3324 1761 3355 15
1793 3321 1990 3362 reliqueritis
2019 3323 2125 3364 suppl.
2160 3321 2210 3355 V²
2243 3323 2274 3354 in
2306 3331 2392 3366 spat.

1311 3380 1381 3400 vac.
1399 3369 1417 3399 4
1431 3380 1481 3398 υυ.
1503 3365 1514 3409 11
1530 3366 1646 3398 relicta
1667 3366 1731 3399 VT
1742 3365 1753 3410 11
1777 3368 1816 3400 14
1841 3366 1894 3406 ad]
1922 3368 1954 3398 et
1976 3365 2017 3398 V¹
2043 3368 2075 3397 et
2092 3366 2134 3398 ad
2159 3366 2204 3399 [7³
2222 3365 2234 3410 11
2250 3368 2394 3400 ueniunt

1313 3414 1385 3444 RV
1399 3411 1410 3455 11
1427 3413 1547 3443 marito
1571 3416 1649 3443 sunt
1671 3411 1720 3444 V¹
1735 3413 1833 3454 vala]
1860 3411 1997 3442 maritos
2017 3411 2065 3442 R*
2091 3412 2211 3444 marito
2236 3411 2393 3445 derelicta

1311 3457 1441 3499 (relicta
1463 3456 1524 3497 V³)
1557 3458 1636 3488 sunt
1658 3456 1708 3489 R2
1718 3456 1767 3490 V³
1795 3456 1806 3500 11
1841 3458 1879 3489 15
1907 3455 2103 3496 reliquentis
2127 3461 2180 3494 (en
2202 3469 2262 3489 scr.
2286 3457 2335 3490 V³
2360 3460 2392 3491 in

1313 3509 1390 3539 νας.)
1417 3502 1484 3533 uiri
1506 3502 1537 3534 V
1556 3501 1673 3533 relicto
1696 3502 1769 3533 iuro
1798 3502 1826 3533 R
1846 3500 1857 3543 11
1878 3502 1915 3533 17
1942 3503 1974 3532 et
1998 3501 2230 3535 descendentes
2250 3515 2307 3535 om.
2331 3503 2366 3536 V

1316 3549 1354 3580 19
1380 3547 1540 3579 crrarium
1564 3546 1641 3579 RV
1657 3545 1668 3590 11
1699 3549 1741 3579 20
1767 3546 1901 3578 venient
1925 3547 2009 3589 vuly.
2034 3545 2045 3590 11
2077 3548 2119 3580 25
2145 3547 2285 3580 uenient
2309 3547 2358 3580 Β*
2389 3561 2393 3591 ‚¹

1314 3594 1353 3625 27
1371 3592 1399 3623 oi
1411 3592 1455 3632 V]
1465 3591 1667 3634 ciusRvulq.
1688 3591 1698 3633 11
1716 3591 1851 3623 heredes
1861 3601 1923 3631 quc
1933 3593 2050 3633 etprae
2060 3591 2136 3623 aliis
2153 3592 2197 3624 R¹
2217 3594 2227 3634 11
2246 3595 2286 3625 29
2300 3593 2391 3634 filiis]

1311 3637 1425 3669 liberis
1452 3638 1481 3669 R
1498 3636 1509 3680 11
1529 3637 1656 3668 fuerint
1680 3636 1784 3669 RVT
1801 3638 1812 3677 11
1839 3638 1881 3669 30
1906 3635 2052 3668 iubentis
2074 3637 2172 3678 Vah]
2198 3638 2391 3670 iubentibus

1311 3683 1440 3724 Rvuly.
1460 3681 1471 3724 11
1498 3683 1535 3715 31
1560 3681 1623 3713 filii
1649 3694 1707 3714 om.
1724 3681 1772 3714 [ἐι
1796 3680 1808 3724 11
1833 3682 1875 3714 32
1903 3682 2135 3723 imperatorem
2155 3682 2210 3727 Vl}
2239 3685 2280 3716 33
2307 3684 2383 3722 nisi]

1311 3727 1338 3759 si
1360 3726 1406 3759 R*
1421 3728 1504 3770 vulq.
1526 3727 1536 3768 11
1554 3726 1699 3759 noluerit
1717 3727 1750 3759 R
1767 3726 1779 3769 11
1798 3728 1839 3759 34
1863 3725 2004 3758 liberare
2026 3727 2088 3759 VT

2051 3784 2122 3816 21*
