2618 4010
125 119 372 156 SUFFRAGIO
400 119 536 152 FIAN'I'

123 220 189 255 τὸν
213 218 393 264 δεσπότην
415 217 518 262 θεόν,
550 215 646 264 ὑμεῖς
669 216 709 254 δὲ
734 215 1006 266 ἇπολογήσεσθε
1029 219 1117 267 πρὸς
1140 216 1200 253 αὖ·

123 264 187 300 τὸν
210 261 300 312 ὑπὲρ
322 265 384 310 τῆς
405 265 484 300 τῶν
506 262 626 299 ἄλλων
656 260 793 299 ἀδικίας
795 291 810 319 3
842 265 880 299 εἴ
897 278 933 300 τι
961 263 1060 321 παρὰ
1081 263 1125 300 τὸ
1153 262 1202 309 μὴ

122 310 259 355 μαθεῖν
291 306 377 366 ἡμᾶς
409 308 542 355 βλάβος
565 312 638 344 τοῖς
669 307 759 365 παρ’
785 313 870 354 υμῖν
899 307 1111 358 ἀνθρωποις
1139 311 1200 344 ἐπ-

123 355 256 402 άγοιτο.
303 353 393 389 αλλὰ
421 353 475 389 δεῖ
502 353 686 410 παρόντας
715 356 803 408 vua-s
824 356 870 403 τῇ
894 355 996 403 χώρᾳ
1027 358 1087 410 καὶ
1109 351 1200 402 ὑπὲρ

124 397 247 435 αὐτῶν
278 403 339 434 καὶ
367 401 446 435 τῶν
478 398 618 434 λοιπων
649 411 883 447 αγωνιωντας
914 411 1086 447 φανερους
1116 397 1201 445 ἡμῖν
1235 403 1388 436 58611188
1417 408 1480 434 vos

122 445 307 480 καθιστᾶν
336 447 396 479 καὶ
425 445 506 479 τοὺς
533 443 657 491 ὀρθῶς
680 443 853 492 ἄρχοντας
884 449 943 480 καὶ
975 446 1055 480 τοὺς
1085 457 1199 492 παρα-

122 493 318 535 βαίνοντας
340 487 448 524 τόνδε
471 487 574 534 ἡμῶν
590 489 657 524 τὸν
680 490 804 535 νόμον,
829 487 927 526 ὅπως
948 488 995 526 ἂν
1019 491 1200 536 ἑκατέρους

120 533 359 595 ἵινιόσκυντες
377 534 459 588 τοὺς
473 537 541 579 μὲν
559 533 778 580 κολάζωμεν,
791 536 872 570 τοὺς
890 534 930 570 δὲ
946 533 1198 590 ἇμειβώμεθα.

887 585 894 595 r

122 638 222 660 νοιτο
247 624 416 672 φανερός,
440 626 637 669 τηνικαῦτα
667 625 736 671 ληφ
770 629 817 659 εἰς
849 627 890 660 ἔν
914 638 956 660 ον
988 623 1135 660 ἇποκείσ

123 673 163 705 ἐν
192 671 238 718 τῇ
269 667 453 717 ἁγιωτάτῃ
485 670 651 714 ἐκκλησίᾳ
681 670 771 716 μετὰ
801 672 878 705 τῶν
909 669 1017 717 ἱερῶν
1049 671 1198 712 σκευῶν,

122 715 180 750 οἶα
204 719 263 749 καὶ
288 713 393 751 αὐτὸς
416 707 695 759 ἀνατεθειμένος
719 717 798 759 θεῷ
823 718 883 749 καὶ
903 715 992 761 πρὸς
1016 720 1199 762 σωτηρίαν

114 762 200 796 ,τῶν
227 757 293 796 ὑπ’
329 759 438 795 αὐτοῦ
468 773 552 808 γενο
581 764 675 795 ένων
705 758 922 807 ἀνθρώπων
949 764 1200 808 γεγραμμένος.

123 804 312 850 ποιήσαιτε
336 804 376 840 δὲ
404 802 449 840 ἂν
473 804 538 840 κάλ
561 819 618 840 ιον
645 809 705 840 καὶ
735 808 807 840 τοῖς
831 802 966 840 αὐτόθι
995 807 1109 840 πᾶσιν
1140 802 1198 839 ἇν-

126 577 289 614 Επειδὰν
312 578 352 614 δὲ
374 576 394 615 ὁ
417 592 524 624 νομος
544 578 699 625 δημοσίᾳ
716 594 743 615 π
767 581 913 660 οτεθειὲ
932 584 991 614 καὶ
1006 593 1122 616 απασι
1138 583 1197 659 Ξέ-

1169 638 1198 659 ω
1216 627 1255 659 10

1212 103 1267 152 79
1889 106 1930 149 Ν
1931 119 1995 150 ov.
2026 105 2126 150 VIII
2154 105 2346 151 Edictum

1270 219 1375 254 ratis:
1401 216 1540 253 anobis
1556 217 1696 263 quidem
1716 220 1925 254 consecrata
1942 217 1990 253 sit
2012 217 2152 254 domino
2177 217 2255 260 deo,
2279 228 2342 254 vos

1269 265 1390 299 autem
1412 262 1585 298 rationem
1608 262 1763 298 reddetis
1788 263 1884 308 apud
1915 273 1995 299 eum
2025 273 2091 308 pro
2114 262 2267 299 aliorum
2290 263 2344 299 in-

1269 309 1426 352 iustitia,
1458 307 1491 344 si
1521 307 1605 352 quid
1634 318 1705 343 non
1735 309 2008 352 agnoscentibus
2040 308 2144 344 nobis
2179 307 2346 344 damnum

1268 354 1366 399 apud
1400 363 1463 390 vos
1497 352 1698 389 hominibus
1730 353 1916 388 inferatur.
1966 353 2035 389 Sed
2067 355 2211 433 oportet
2226 363 2344 434 ‹frae-

1535 397 1713 434 rovinciae
1745 400 1781 433 et
1809 409 1874 443 pro
1900 399 1950 434 eis
1975 408 2019 434 ac
2051 408 2089 434 re
2102 398 2194 444 iquis
2250 408 2345 434 ecer—

1268 447 1386 479 tantes
1419 443 1511 479 man'
1529 446 1624 479 estos
1653 442 1756 479 nobis
1787 442 1906 478 facere
1937 447 1973 478 et
2003 447 2120 479 rectos
2152 443 2287 480 iudices
2312 447 2347 479 et

1268 489 1560 524 transcendentes
1580 489 1675 524 hanc
1692 491 1851 524 nostram
1867 488 1989 533 legem,
2015 493 2190 534 quatenus
2209 492 2345 524 utrum-

1269 545 1337 579 que
1361 535 1616 579 cognoscentes
1639 534 1704 570 hos
1730 533 1871 579 quidem
1920 534 2100 577 uniamus,
2132 534 2202 570 illis
2226 538 2346 570 autem

1268 590 1507 626 repensemus.
1556 579 1714 624 Cumque
1746 579 1806 615 lex
1840 590 1890 624 pu
1916 579 1984 614 lice
2018 579 2205 624 proposita
2238 580 2346 615 fuerit

1268 629 1304 660 et
1332 624 1497 661 omnibus
1528 623 1771 668 manifestata,
1803 626 1890 659 tunc
1919 629 2062 669 sumpta
2091 625 2187 660 intus
2219 635 2345 660 recon-

1268 670 1374 705 datur
1403 670 1440 705 in
1465 670 1690 706 sanctissima
1713 669 1865 705 ecclesia
1898 679 1978 705 cum
2008 669 2119 704 sacris
2143 670 2255 712 vasis,
2289 674 2346 704 ut-

1267 717 1351 760 pote
1380 719 1415 751 et
1445 715 1525 760 ipsa
1556 715 1675 750 dicata
1705 715 1770 750 deo
1802 718 1839 750 et
1869 714 1916 750 ad
1944 715 2096 750 salutem
2119 715 2165 750 ab
2196 725 2238 750 eo
2271 715 2346 750 fac-

1268 765 1385 795 torum
1419 760 1602 795 hominum
1633 761 1778 806 scripta.
1826 759 1983 796 Facietis
2014 764 2134 795 autem
2163 760 2288 795 melius
2312 764 2348 795 ct

1268 805 1340 840 illic
1365 805 1610 841 habitantibus
1634 806 1807 841 universis
1831 805 2034 841 hominibus
2058 805 2192 848 utilius,
2217 806 2248 840 si
2271 815 2348 840 eam

124 851 291 899 θρώποις
318 863 385 896 συμ
416 849 606 899 οριύτερον,
637 851 736 900 εἴπερ
758 849 880 904 αὐτὸνς
894 849 1156 902 ἑγκολάψαντες
1179 847 1255 893 ἢ15
1269 851 1472 895 sculpentes
1507 854 1570 886 aut
1601 851 1733 886 tabulis
1768 854 1831 886 aut
1864 849 2046 903 lapidibus
2075 850 2113 885 in
2147 850 2348 895 porticibus

124 901 269 931 σανίσιν
291 894 314 939 ἢ
338 895 374 930 λί
405 908 456 932 οις
480 899 520 931 έν
541 900 620 931 ταῖς
642 899 762 931 στοαῖς
779 907 839 938 της
862 907 1059 942 αγιωτατης
1083 893 1200 938 ἐκκλη-

124 946 201 976 σίας
232 939 496 989 ἀναγράψαιτε,
531 940 720 989 πρόχειρον
749 940 985 986 παρεχόμενοι
1015 941 1104 975 πᾶσι
1133 939 1200 984 τὴν

124 989 201 1022 τῶν
223 988 558 1032 νομοθετηθέντων
580 984 787 1033 ἀνάγνωσίν
809 998 850 1019 τε
872 988 933 1019 καὶ
955 986 1092 1029 κτῆσιν.

1269 895 1513 931 sanctissimae
1531 896 1701 932 ecclesiae
1718 896 1939 939 describaus,
1963 905 2113 941 pronam
2136 896 2348 941 praebentes

1269 940 1432 992 omnibus
1464 941 1591 975 horum
1621 952 1713 987 quae
1742 941 1882 978 sancita
1914 944 1999 977 sunt
2029 941 2218 977 lectionem
2242 945 2349 986 atque

1268 996 1541 1031 possessionem.

1133 1097 1289 1135 CAPUT
1309 1097 1338 1133 1.

170 1171 215 1204 Εἰ
249 1167 290 1204 δὲ
319 1169 379 1212 τῆς
407 1169 486 1202 τῶν
518 1164 706 1215 ἀρχόντων
736 1164 987 1214 καθαρότητος
1019 1164 1201 1210 τοσαύτην

1314 1166 1352 1201 Si
1374 1176 1457 1202 vero
1480 1176 1546 1211 pro
1570 1166 1727 1202 iudicum
1750 1168 1905 1212 puritate
1932 1168 2027 1203 hanc
2050 1166 2240 1204 habuimus
2264 1178 2347 1221 pro-

126 1214 291 1260 ἐθέμεθα
318 1211 503 1260 πρόνοιαν,
534 1211 717 1259 πρόδηλον
748 1210 795 1247 ὠς
824 1211 946 1256 πολλῷ
970 1211 1105 1257 μᾶλλον
1127 1215 1201 1246 τοῖς
1213 1215 1255 1247 20
1269 1212 1615 1265 videntium-palam
1634 1217 1698 1255 est,
1723 1213 1808 1265 quia
1830 1215 1942 1249 multo
1966 1213 2077 1267 magis
2102 1213 2349 1249 defensonbus

125 1259 273 1294 ἐκδίκοις
309 1256 373 1292 οὐκ
408 1260 426 1291 ἐ
454 1258 584 1303 ησομεν
615 1257 696 1292 οὐδ’
734 1255 856 1292 ὁτιοῦν
889 1259 972 1292 οὔτε
1002 1255 1201 1302 λαμβάνειν

124 1304 206 1339 οὔτε
229 1301 381 1338 διδόναι.
427 1272 587 1337 δώσουσι
614 1305 681 1348 μὲν
703 1302 771 1350 γὰρ
795 1301 885 1350 ὑπὲρ
907 1305 986 1337 τῶν
1009 1305 1200 1349 παρεχομέ-

123 1363 200 1384 νων
225 1346 342 1383 αὐτοῖς
362 1346 646 1396 προςταγμάτων
668 1351 708 1382 ἐν
727 1350 782 1392 τῷ
801 1346 1021 1396 δικαστηρίῳ
1045 1350 1124 1382 τῶν
1148 1350 1201 1382 ἐν·

124 1393 330 1435 δοξοτάτων
359 1391 538 1439 ἐπάρχων,
571 1395 603 1427 εἰ
633 1396 698 1436 μὲν
728 1395 887 1438 μείζονες
910 1394 949 1428 αἱ
978 1392 1097 1428 πόλεις
1120 1394 1201 1435 εἶεν,

1269 1268 1341 1292 non
1372 1258 1595 1302 permisimus
1619 1267 1686 1293 nec
1710 1268 1899 1303 qumquam
1924 1269 2087 1303 accipere
2111 1269 2226 1304 neque
2250 1259 2347 1294 dare.

1270 1303 1420 1338 Dabunt
1445 1302 1536 1337 enim
1560 1303 1660 1347 (pro)
1692 1303 1870 1339 concessis
1895 1304 1963 1339 sibi
1987 1305 2186 1349 praeceptis
2210 1305 2247 1339 in
2270 1303 2349 1339 foro

1270 1348 1605 1392 gloriosissimorum
1666 1349 1921 1392 raefectorum‚
1958 1349 1988 1384 si
2023 1349 2164 1394 quidem
2198 1349 2350 1385 maiores

1271 1394 1344 1428 sint
1368 1393 1536 1436 civitates,
1561 1393 1628 1428 soli
1654 1404 1694 1429 os
1718 1396 1899 1439 quattuor,
1931 1395 1962 1430 si
1985 1404 2072 1429 vero
2097 1395 2270 1437 minores,
2293 1405 2350 1430 so-

123 1439 256 1476 solidos
281 1441 461 1484 quattuor,
493 1440 525 1472 εἰ
548 1437 589 1473 δὲ
609 1440 688 1473 τῶν
711 1437 928 1480 ἐλαττόνων,
960 1439 1092 1475 solidos
1115 1443 1187 1474 tres
1214 1442 1255 1475 25
1268 1439 1359 1474 lidos
1395 1443 1484 1483 tres,
1530 1440 1566 1473 et
1605 1439 1700 1474 ultra
1741 1439 1832 1474 haec
1867 1439 1972 1475 nihil:
2021 1440 2200 1485 accipient
2233 1442 2351 1475 autem

123 1488 181 1519 καὶ
199 1487 291 1532 πέρα
309 1482 450 1519 τούτων
469 1482 592 1519 οὐδέν·
617 1483 794 1530 λήψονται
812 1482 852 1518 δὲ
869 1481 948 1518 οὐδ’
969 1481 1090 1519 ὁτιοῦν
1106 1498 1180 1531 παρ

123 1528 281 1571 οὐδενός,
313 1528 408 1573 πλὴν
431 1530 462 1563 εἰ
483 1527 533 1574 μή
556 1541 609 1564 τις
633 1532 670 1563 ἐκ
701 1531 765 1564 τοῦ
796 1528 967 1577 δημοσίου
995 1531 1201 1574 νενομισμέ-

123 1587 182 1611 νος
206 1573 325 1609 αὐτοῖς
350 1579 473 1622 προςίῃ
498 1575 620 1619 πόρος·
645 1572 667 1618 ἢ
691 1575 790 1622 εἴπερ
809 1573 922 1619 μηδὲν
946 1577 984 1608 ἐκ
1008 1575 1071 1609 τοῦ
1096 1573 1202 1618 δημο-

125 1625 203 1655 σίου
225 1618 454 1665 λαμβάνοιεν,
476 1619 590 1676 μηδὲν
614 1624 815 1667 περαιτέρω
835 1621 912 1655 τῶν
927 1621 972 1666 τῇ
990 1621 1077 1663 θείᾳ
1101 1618 1204 1665 ἡμῶν

1269 1484 1360 1519 nihil
1390 1484 1437 1519 ab
1466 1483 1557 1528 ullo,
1590 1484 1661 1519 nisi
1689 1485 1818 1530 aliquis
1849 1494 1893 1520 ex
1922 1485 2010 1521 fisco
2043 1485 2223 1521 sollemnis
2254 1485 2306 1520 eis
2332 1499 2348 1516 e

1271 1531 1452 1574 quaestus,
1478 1533 1542 1564 aut
1565 1529 1595 1564 si
1619 1530 1706 1564 nihil
1730 1540 1774 1565 ex
1793 1529 1881 1565 fisco
1905 1530 2120 1575 percipiunt,
2145 1530 2235 1565 nihil
2257 1531 2353 1566 ultra

1272 1585 1378 1619 quam
1410 1585 1514 1610 sacra
1543 1578 1668 1610 nostra
1699 1578 1874 1611 statutum
1906 1579 1961 1610 est
1986 1575 2239 1611 constitutione
2270 1586 2350 1621 per-

1274 1620 1416 1665 cipiant.
1449 1620 1619 1664 Alioquin
1636 1620 1668 1656 si
1688 1621 1772 1665 quid
1796 1621 1959 1666 accipere
1983 1621 2172 1665 capiantur
2196 1623 2259 1656 aut
2282 1621 2353 1666 ipsi

125 1664 408 1721 διηγρρευμένων
440 1663 600 1719 διατάξει
632 1667 859 1722 κομίζεσθαι.
908 1667 1083 1711 ἐπείτοιγε
1115 1666 1150 1699 εἴ
1169 1679 1204 1700 τι
1217 1668 1260 1701 30
1273 1668 1337 1717 aut
1361 1666 1421 1710 qui
1444 1670 1618 1701 vocantur
1648 1676 1771 1701 eorum
1800 1666 2009 1701 chartularii
2039 1670 2101 1701 aut
2130 1667 2222 1702 alter
2256 1667 2352 1710 quis-

126 1711 296 1756 λαβοντες
318 1708 436 1746 ἁλοῖεν
460 1725 481 1754 η
506 1708 608 1745 αὐτοὶ
632 1725 654 1754 η
678 1724 711 1744 οι
741 1710 951 1755 καλούμενοι
976 1709 1100 1745 αὐτῶν
1122 1725 1203 1758 χαρ-

125 1755 304 1804 τουλάριοι
329 1753 350 1799 ἢ
370 1756 489 1803 ἕτερός
505 1768 559 1790 τις
578 1757 655 1791 τῶν
678 1759 762 1802 περὶ
784 1755 919 1798 αὐτούς,
945 1757 1057 1790 ἐκεῖνο
1080 1770 1204 1804 τετρα-

126 1799 279 1837 πλάσιον
309 1798 563 1837 ἀποδώσουσιν
597 1798 687 1849 ὅπερ
725 1800 868 1846 ὲλαβον,
903 1805 963 1835 καὶ
996 1802 1061 1836 τοῦ
1098 1815 1204 1849 φρον-

125 1851 296 1892 τίσματος
336 1843 651 1890 ἆπελαθήσονται·
695 1850 755 1880 καὶ
790 1846 879 1900 πρός
914 1860 955 1894 γε
989 1850 1048 1880 καὶ
1084 1847 1206 1894 ἐξορίᾳ

127 1890 283 1935 διηνεκεῖ
311 1892 558 1947 ζημιωθέντες
588 1895 647 1925 καὶ
679 1892 727 1926 εἰς
755 1904 862 1948 σῶμα
893 1893 1207 1945 σωφρονισθέντες
1220 1895 1260 1927 35

127 1936 284 1972 δώσουσι
299 1950 423 1984 χωραν
437 1934 611 1984 ἀνδράσιν
623 1935 776 1985 ἀγαθοῖς
786 1941 870 1973 αντὶ
885 1938 1007 1972 κακῶν
1022 1950 1085 1972 του
1099 1951 1208 1985 φρον-

1273 1721 1385 1756 piam,
1411 1711 1472 1756 qui
1495 1711 1591 1746 circa
1614 1721 1676 1746 eos
1700 1714 1802 1753 sunt,
1827 1712 1879 1746 illi
1925 1711 2142 1756 uadruplum
2165 1712 2354 1747 restituent

1274 1755 1369 1800 quod
1407 1760 1641 1801 acceperunt,
1677 1760 1713 1791 et
1748 1757 1818 1792 hac
1850 1757 2087 1792 solicitudine
2123 1757 2351 1803 repellentur,

1273 1802 1420 1846 insuper
1452 1801 1556 1837 exilio
1589 1804 1763 1846 perpetuo
1795 1802 2040 1837 multabuntur
2071 1806 2107 1837 et
2136 1803 2172 1838 in
2203 1813 2354 1847 corpore

1274 1847 1438 1891 castigati
1468 1846 1618 1883 reddent
1652 1847 1871 1893 provinciam
1901 1847 1984 1884 viris
2020 1848 2122 1884 bonis
2152 1858 2218 1894 pro
2250 1847 2353 1883 malis

128 2050 360 2093 denuntietis,
383 2061 407 2085 a
430 2049 534 2085 nobis
557 2049 699 2096 quidem
723 2049 845 2085 abesto
863 2049 1052 2097 piaculum
1077 2050 1250 2085 adversus
1273 2050 1455 2086 dominum
1478 2050 1594 2094 deum,
1618 2061 1683 2086 vos
1706 2055 1825 2087 autem
1847 2052 2026 2086 rationem
2049 2051 2105 2086 illi
2127 2050 2287 2086 reddetis
2310 2050 2354 2086 de

128 2096 282 2131 aliorum
304 2095 460 2138 iniuriis,
489 2095 521 2130 si
544 2095 633 2141 quid
653 2094 886 2130 inscientibus
907 2094 1011 2130 nobis
1034 2094 1158 2130 damni
1182 2094 1386 2130 bominibus
1409 2095 1472 2141 qui
1496 2095 1598 2142 apud
1619 2106 1683 2132 vos
1705 2100 1791 2131 sunt
1812 2096 2008 2142 inferatur.
2055 2096 2186 2132 Verum
2209 2099 2356 2142 oportet

127 2151 192 2177 vos
237 2145 418 2176 raesentes
439 2141 478 2175 in
495 2140 690 2187 provincia
713 2144 749 2176 et
765 2151 835 2186 pro
858 2140 933 2175 illis
956 2150 1000 2174 ac
1023 2139 1174 2185 reliquis
1193 2140 1370 2176 sollicitos
1389 2139 1491 2175 nobis
1514 2145 1550 2176 et
1569 2152 1631 2176 eos

127 2186 191 2232 qui
223 2196 321 2232 eqem
340 2185 434 2221 hanc
456 2189 619 2221 nostram
645 2185 783 2222 violant
804 2185 1021 2231 manifestos
1037 2185 1183 2230 facere,
1207 2188 1247 2219 ut
1270 2186 1433 2231 utrisque
1456 2185 1612 2237 coqnitis

1681 2142 1719 2175 ui
1736 2145 1832 2176 recte
1851 2142 2069 2188 maqistratu
2084 2142 2297 2188 funqzcntur
2319 2144 2355 2176 et

1672 2186 1727 2221 ios
1750 2185 1893 2232 quidem
1908 2187 2126 2232 puniamus,
2152 2186 2246 2221 alios
2269 2197 2353 2222 vero

127 2241 401 2267 remuneremus.
447 2230 530 2266 Lex
553 2234 671 2266 autem
696 2230 758 2266 ubi
780 2230 929 2276 publice
953 2229 1151 2276 proposita
1176 2230 1409 2276 omnibusque
1439 2230 1636 2276 manifesta
1656 2232 1763 2276 facta
1788 2231 1874 2274 erit,
1908 2236 1992 2266 tunc
2015 2231 2232 2278 deprompta
2255 2231 2354 2266 intus

127 2277 166 2311 in
188 2276 415 2311 sanctissima
429 2276 579 2311 ecclesia
599 2276 707 2311 iuxta
729 2286 837 2310 sacra
860 2285 948 2310 vasa
970 2273 1191 2309 recondatur
1212 2279 1394 2320 tamquam
1418 2278 1455 2310 et
1475 2275 1557 2320 ipsa
1581 2275 1648 2310 deo
1671 2275 1839 2311 dedicata
1863 2279 1900 2310 et
1922 2275 1972 2310 ad
1992 2276 2145 2311 salutem
2169 2275 2353 2311 hominum

129 2321 173 2356 ab
197 2321 261 2356 illo
283 2325 488 2356 creatorum
511 2320 727 2366 conscripta.
774 2318 907 2354 Melius
930 2322 1048 2354 autem
1071 2323 1107 2353 et
1128 2318 1253 2353 utilius
1278 2319 1440 2354 omnibus
1482 2319 1520 2354 ui
1537 2319 1613 2355 illic
1628 2324 1714 2355 sunt
1736 2319 1939 2355 hominibus
1959 2321 2119 2366 facietis,
2141 2321 2174 2355 si
2198 2331 2276 2355 eam
2300 2320 2357 2356 vel

132 2365 264 2401 tabulis
286 2364 342 2400 vel
364 2365 546 2411 lapidibus
567 2364 785 2410 insculptam
815 2364 853 2398 in
878 2363 1083 2410 porticibus
1113 2363 1362 2399 sanctissimae
1392 2364 1564 2399 eccesiae
1582 2365 1841 2411 perscribatis,
1873 2365 2082 2411 expeditam
2111 2376 2237 2402 eorum
2261 2376 2355 2412 quae

130 2410 272 2445 sancita
294 2414 380 2444 sunt
401 2414 438 2445 et
459 2409 643 2445 lectionem
663 2412 699 2444 et
712 2408 980 2455 possessionem
1005 2407 1168 2442 omnibus
1183 2408 1415 2454 praestituri.

264 2454 292 2488 Ι.
340 2453 477 2497 Quodsi
505 2453 726 2500 inteqritatis
747 2453 1027 2505 magistratuum
1052 2456 1189 2487 tantam
1213 2462 1337 2488 curam
1359 2453 1550 2499 qessimus,
1581 2454 1680 2489 mani
1701 2457 1815 2490 esium
1837 2459 1893 2491 est
1914 2466 1982 2490 nos
2010 2454 2123 2491 multo
2154 2455 2272 2501 maqis
2295 2454 2354 2490 de-

129 2499 350 2546 fensoribus,
373 2510 419 2534 ne
441 2499 634 2545 quicquam
657 2502 722 2534 aut
744 2498 927 2544 accipiant
943 2502 1009 2533 aut
1030 2497 1125 2539 dent,
1142 2498 1389 2544 permissuros
1412 2509 1497 2534 esse.
1546 2498 1640 2534 Nam
1689 2500 1802 2536 abunt
1823 2499 1966 2546 quidem
1981 2511 2058 2547 pro
2083 2500 2263 2535 concessis
2285 2499 2356 2534 sibi

130 2545 258 2580 edictis
279 2545 318 2579 in
328 2544 466 2581 iudicio
480 2544 823 2591 qloriosissimorum
840 2543 1135 2590 praefectorum,
1161 2542 1194 2577 si
1216 2543 1372 2578 maiores
1394 2544 1469 2579 sint
1490 2544 1607 2586 urbes,
1631 2544 1771 2580 solidos
1793 2549 1980 2591 quattuor,
2004 2546 2037 2580 si
2059 2556 2144 2581 vero
2165 2556 2215 2581 eoe
2238 2545 2353 2580 mino—

130 2589 241 2632 ribus,
260 2588 398 2624 solidos
415 2595 498 2632 tres,
516 2599 582 2624 nec
601 2589 698 2624 ultra
715 2588 804 2623 baec
819 2588 1030 2668 quiciuam:
1052 2598 1118 2623 nec
1131 2588 1247 2640 maqis
1262 2588 1442 2634 accipient
1456 2589 1649 2640 quicquam
1665 2589 1709 2625 ab
1727 2590 1814 2633 ullo,
1833 2590 1903 2642 nisi
1921 2590 1984 2636 qui
2002 2601 2051 2626 ea:
2063 2591 2155 2636 fisco
2173 2590 2355 2636 leqitimus

131 2634 180 2670 ad
202 2645 265 2670 eos
280 2635 475 2681 perveniat
497 2638 689 2680 quaestus,·
711 2633 843 2679 quodsi
865 2644 901 2668 ni

929 2633 957 2668 il
978 2643 1027 2668 ex
1047 2633 1138 2678 fisco
1162 2633 1363 2685 accipiant,
1387 2633 1479 2669 nilul
1499 2639 1649 2680 praeter
1671 2646 1734 2678 ea,
1759 2646 1854 2681 quae
1877 2646 1914 2670 in
1937 2646 2045 2671 sacra
2068 2639 2197 2671 nostra
2221 2635 2354 2671 consti-

133 2680 269 2716 tutione
291 2680 432 2715 sancita
455 2683 556 2722 sunt,
586 2679 770 2725 auferant.
818 2678 966 2724 Alioqui
988 2678 1021 2713 si
1044 2677 1133 2724 quid
1154 2677 1210 2713 vel
1231 2688 1300 2725 zpsz
1324 2678 1381 2714 vel
1403 2678 1619 2715 chartularii
1642 2680 1706 2726 qui
1729 2684 1906 2716 vocantur
1929 2692 2052 2716 eorum
2076 2681 2132 2717 vel
2154 2680 2249 2716 alius
2272 2681 2355 2727 quis

131 2736 254 2760 eorum

297 2725 336 2760 ui
358 2725 456 2760 circa
473 2724 559 2760 illos
577 2728 662 2760 sunt
673 2724 854 2770 accepisse
872 2722 1195 2770 deprehendentur,
1216 2723 1461 2770 quadruplum
1473 2723 1566 2776 illud
1585 2725 1685 2771 quod
1703 2730 1920 2772 acceperunt
1935 2725 2097 2769 reddent,
2118 2730 2189 2762 eta
2208 2736 2355 2761 munere

130 2735 415 2813 removebuntur,
447 2773 556 2816 atque
586 2770 736 2816 insuper
756 2773 792 2805 et
815 2772 995 2815 perpetuo
1019 2767 1133 2803 exilio
1162 2767 1284 2814 puniti
1305 2772 1342 2804 et
1363 2778 1533 2815 corporis
1554 2770 1735 2816 supplicio
1760 2771 1931 2818 castiqati
1955 2771 2073 2806 locum
2096 2771 2240 2817 facient
2268 2771 2356 2807 viris

179 2887 194 2918 1
220 2881 514 2928 ἀπολογήσεσθαι
542 2884 614 2917 ML
644 2884 656 2926 ΙΙ
685 2887 704 2918 3
728 2879 813 2927 ὑμῖν
837 2885 1033 2917 Ηαῑοοπᾱεν
1056 2885 1087 2924 ς]
1122 2878 1207 2926 ἡμῖν

133 2931 210 2985 libri
225 2928 238 2973 ΙΙ
254 2932 274 2964 4
295 2926 361 2970 δεῖ]
382 2926 426 2972 δὴ
445 2930 476 2962 L
492 2928 504 2973 11
522 2926 610 2982 ἡμᾷς
623 2929 669 2962 Μ
679 2929 691 2971 ΙΙ
708 2932 727 2964 5
747 2929 911 2981 φανερῶς
923 2929 954 2962 L
970 2928 982 2972 ss
1002 2930 1020 2961 7
1046 2923 1172 2980 ἡμῖνΕ
1196 2925 1208 2972 ΙΙ

133 2986 299 3019 εκατερον
316 2975 406 3010 ΕΒς
423 2973 437 3018 ΙΙ
453 2976 730 3025 8-γινωσκηντες
748 2975 779 3007 L
795 2971 1036 3028 ΙῘΙκολαζοιμεν
1055 2992 1102 3026 -3
1113 2985 1208 3016 αμει-

132 3019 294 3063 βοίμεθα
318 3020 354 3053 Β
369 3021 381 3063 u
399 3021 420 3053 9
441 3029 531 3072 πασι
556 3019 625 3051 LB
643 3019 654 3060 ΙΙ
673 3021 714 3053 14
738 3029 926 3072 ποιησαιτε
948 3019 994 3059 Β]
1020 3028 1209 3071 ποιησεται

135 3065 207 3116 ML
225 3062 238 3108 ΙΙ
257 3066 296 3119 ’15
321 3074 608 3152 συμφορωτατρν
631 3064 667 3096 Β
687 3074 964 3118 Ισυμφεροτατρν
986 3064 1019 3096 L
1037 3062 1056 3118 ΙΙΙ
1069 3065 1108 3097 16
1131 3072 1209 3095 ταις

134 3119 350 3161 αγιωταταις
372 3110 421 3142 L¹
472 3111 509 3142 17
534 3108 804 3155 *αναγραψοιτε
826 3109 897 3141 LB
920 3119 1149 3154 αναγραφητε
1170 3107 1216 3160 *V

134 3151 554 3205 dvayqawnnsscrimyer
572 3152 584 3197 11
600 3156 651 3231 369,
667 3150 867 3239 Ἰτῦῗατξέηαέ
884 3152 1208 3238 ὴὶῐΐύἔὲῃῇιῑᾶἐζλ-

135 3201 259 3288 ῗῖιεῧ
280 3208 527 3296 {332¹}ssssss
535 3198 625 3276 1110ἷῦ
639 3243 676 3276 Β
694 3211 787 3287 nug
799 3255 856 3277 om.
910 3243 941 3275 L
956 3243 968 3286 ιι
987 3244 1029 3277 23
1045 3222 1210 3288 πραγμάᾼ

136 3301 212 3322 των
226 3289 258 3322 L
273 3288 286 3332 11
304 3290 348 3322 24
366 3299 539 3335 υπαρχων
551 3287 618 3342 21111
636 3290 678 3323 25
698 3288 821 3321 solidos
834 3288 1046 3342 quatuwr.(s.
1059 3301 1088 3321 v.
1102 3290 1151 3320 2713
1168 3289 1199 3320 A
1203 3294 1211 3327 )

136 3335 183 3367 M
203 3334 437 3378 νομισμάτων
464 3342 651 3376 τεσ-σαρων
670 3334 702 3367 L
734 3336 937 3386 νομίσματα
959 3343 1116 3384 τεσσαρα
1141 3333 1177 3366 Β
1201 3333 1212 3377 ΙΙ

135 3379 255 3412 solidas
277 3381 344 3412 tres
359 3379 420 3420 M]
440 3380 488 3412 ὤν’
512 3380 547 3412 Γ
564 3391 591 3411 s.
605 3390 634 3411 v.
655 3378 703 3412 M
715 3387 950 3421 νομισματων
973 3388 1087 3424 τριων
1100 3378 1132 3411 L
1155 3389 1211 3411 νο-

134 3419 700 3513 6303255222‘0‘530122322‘02'22
723 3424 792 3501 ¹³25
804 3422 823 3510 ,1
839 3424 883 3501 ἐξ,
904 3424 1213 3501 3520‘222222'2025-,2

136 3483 253 3558 Lpnaem
281 3493 385 3548 aizoi
403 3509 426 3556 ἢ
448 3512 485 3547 οἱ
503 3527 560 3547 om.
585 3480 628 3554 1⁶2³,
649 3509 671 3555 ἢ
691 3480 749 3547 όῖηι.
771 3513 807 3546 Β
823 3511 835 3557 fl
854 3513 896 3546 32
917 3479 1043 3545 §uagum
1066 3480 1124 3549 ,εΒς

169 3597 199 3639 v1
225 3604 359 3647 quidem
382 3622 427 3629 —
447 3604 509 3638 deo
533 3603 640 3648 suppl.
663 3602 700 3636 V
704 3602 719 3622 ²
742 3603 775 3636 in
799 3609 883 3646 spat.
908 3614 978 3635 vac.
994 3602 1007 3646 ss
1026 3605 1214 3635 consecrata

136 3648 180 3681 sit
190 3648 255 3683 R²t
269 3650 367 3694 vulq]
393 3651 614 3682 consecratam
634 3647 667 3682 V
689 3648 775 3689 (ante
783 3648 818 3680 Ah.
832 3660 861 3681 v.
877 3648 994 3679 contra
1011 3645 1117 3689 legem
1134 3650 1212 3682 add.

138 3693 176 3727 V
180 3692 206 3736 ³)
222 3704 289 3726 non
303 3697 523 3727 consecratam
538 3694 602 3733 R¹;
626 3706 667 3726 an
681 3691 910 3725 consecrator?
926 3691 938 3736 ΙΙ
957 3701 1016 3724 uos
1028 3694 1137 3725 autem
1150 3692 1214 3726 R²c

1275 2883 1374 2926 υιιῖφ]
1396 2895 1454 2916 om.
1470 2883 1559 2917 R¹V
1568 2884 1581 2927 ss
1600 2885 1619 2917 2
1641 2885 1729 2927 apud
1747 2887 1832 2926 eum]
1859 2885 1889 2918 ei
1907 2886 1996 2928 apud
2010 2896 2084 2918 eum
2100 2885 2173 2919 RV
2185 2884 2198 2930 ΙΙ
2215 2888 2234 2919 3
2260 2886 2352 2928 quid]

1277 2928 1351 2969 quis
1369 2927 1406 2961 V
1418 2927 1506 2969 quod
1521 2929 1607 2972 vuly.
1624 2928 1636 2972 ΙΙ
1655 2932 1676 2963 4
1695 2930 1848 2962 omnibus
1864 2931 1913 2963 R¹
1932 2929 1944 2974 ΙΙ
1960 2933 1978 2964 5
1997 2932 2068 2971 uos]
2089 2941 2165 2963 suos
2182 2931 2232 2964 R¹
2250 2929 2263 2975 [Ι
2278 2931 2355 2964 reli-

1277 2973 1351 3014 quis
1370 2985 1452 3006 corr.
1472 2986 1510 3006 ea·
1523 2974 1693 3015 prouintie
1710 2975 1742 3007 R
1758 2974 1770 3019 ΙΙ
1789 2975 2014 3009 *detestantes
2031 2977 2110 3009 libri
2125 2975 2137 3019 ΙΙ
2154 2977 2171 3009 7
2197 2978 2356 3018 utrosque

1277 3019 1362 3060 vulo.
1378 3017 1391 3061 ΙΙ
1410 3019 1429 3051 8
1453 3020 1667 3060 agnoscentes
1692 3020 1724 3052 R
1745 3018 1750 3062 Ι
1781 3021 1802 3053 9
1825 3021 2053 3062 repetissemus
2075 3021 2126 3054 R¹
2140 3020 2153 3064 ss
2171 3020 2224 3053 lex
2247 3022 2354 3064 suppl.

1279 3063 1315 3096 V
1319 3063 1332 3082 2
1356 3063 1389 3096 in
1413 3070 1497 3105 spat.
1521 3076 1590 3097 vac.
1612 3062 1625 3107 ΙΙ
1649 3063 1745 3106 publi
1758 3064 1822 3098 lice
1841 3066 1874 3099 R
1898 3069 1910 3110 ΙΙ
1937 3068 1978 3099 10
1998 3066 2172 3098 manifesta
2196 3073 2208 3099 t
2230 3067 2316 3110 vulq.
2340 3065 2353 3105 ΙΙ

1278 3108 1453 3150 *sumptus
1463 3107 1501 3141 V
1497 3115 1509 3141 t
1518 3111 1668 3150 sumptus
1679 3119 1791 3142 omnes
1800 3110 1832 3142 R
1850 3108 1863 3154 ΙΙ
1878 3110 2068 3144 reconditus
2075 3110 2147 3143 RV
2142 3118 2154 3144 t
2160 3124 2172 3151 ‚·
2186 3123 2227 3143 an
2240 3121 2355 3143 recon-

1279 3152 1389 3185 ditor?
1401 3151 1413 3197 Η
1429 3154 1465 3186 11
1477 3154 1516 3185 ut
1526 3155 1609 3195 puta
1619 3160 1631 3187 t
1643 3152 1655 3198 ΙΙ
1668 3153 1791 3186 deicata
1800 3156 1829 3196 (e
1839 3167 1998 3198 super-scr.
2007 3157 2040 3197 2)
2051 3155 2089 3189 V
2091 3155 2241 3188 dedicata
2249 3152 2348 3199 vuly.l

1283 3199 1321 3232 13
1346 3198 1470 3230 faciens
1493 3198 1542 3230 R¹
1571 3198 1723 3231 facientis
1748 3198 1788 3243 ιΙΙ
1807 3202 1847 3234 14
1867 3199 1951 3242 illic]
1975 3200 2030 3233 hic
2058 3199 2096 3244 tss
2115 3200 2267 3232 omnibus
2291 3201 2324 3235 R
2344 3198 2351 3244 Ι

1283 3246 1322 3277 15
1354 3242 1552 3285 sculpentes]
1584 3242 1655 3276 seul
1679 3243 1714 3277 V
1713 3243 1728 3263 2
1760 3245 1793 3278 in
1824 3252 1908 3288 spat.
1930 3258 2000 3279 vac.
2027 3246 2039 3288 ss
2069 3247 2139 3286 aut]
2173 3248 2283 3278 autem
2307 3245 2357 3279 12¹

1280 3290 1300 3322 Ξ
1317 3295 1328 3321 t
1342 3287 1354 3332 ΙΙ
1373 3289 1442 3328 aut]
1465 3288 1486 3320 5
1500 3295 1512 3321 t
1529 3286 1541 3332 ΙΙ
1559 3288 1754 3330 porticibus]
1778 3299 1794 3321 c
1811 3288 1847 3323 in
1861 3302 1926 3323 ras.
1942 3290 1980 3323 V
1987 3290 2164 3333 portibust
2180 3289 2193 3333 ΙΙ
2212 3293 2252 3324 16
2272 3300 2356 3323 sces-

1279 3333 1415 3365 simeR¹
1432 3332 1443 3376 ΙΙ
1462 3332 1641 3375 *pronamJ
1655 3344 1771 3376 penam
1779 3334 1853 3367 RV
1849 3342 1876 3373 ις
1890 3334 2019 3377 plenam
2035 3336 2119 3378 vulq.
2133 3335 2144 3378 ΙΙ
2160 3337 2198 3369 17
2213 3335 2356 3369 lectione

1280 3380 1380 3419 atque
1391 3377 1591 3420 possessione
1606 3386 1617 3411 t
1629 3378 1640 3422 ἥ
1655 3380 1695 3412 19
1702 3379 1861 3412 iuditium
1868 3380 1902 3412 R
1915 3378 1928 3424 ΙΙ
1940 3380 2119 3422 puritatem
2125 3379 2183 3424 Vll
2195 3381 2236 3415 21
2248 3391 2356 3423 neque

1281 3423 1358 3455 dare
1377 3423 1431 3463 Rc]
1456 3432 1518 3454 nec
1541 3423 1717 3465 quicquam
1730 3424 1851 3458 dareV
1866 3423 1879 3469 ΙΙ
1895 3426 1937 3458 22
1958 3435 2019 3467 pro
2035 3426 2112 3458 add.
2129 3426 2214 3470 vulq.
2233 3423 2247 3470 ΙΙ
2260 3436 2356 3469 prae-

2211 3472 2255 3505 24
2277 3471 2356 3505 soli-

2152 3514 2166 3560 ΙΙ
2185 3517 2226 3550 27
2253 3526 2356 3558 quae-

1281 3559 1361 3598 stus]
1387 3557 1450 3589 erit
1474 3558 1551 3590 add.
1575 3559 1679 3602 vuly.;
1706 3559 1766 3602 leq.
1790 3558 1957 3603 <acoednt>
1980 3560 2185 3604 quaestus?fl
2203 3562 2246 3596 28
2279 3573 2356 3594 oon-

1281 3603 1434 3634 stitutum
1455 3604 1504 3635 est
1520 3602 1554 3635 R
1568 3602 1581 3647 11
1599 3604 1836 3636 constitutione
1860 3605 1908 3637 bis
1920 3616 1982 3638 scr.
1994 3603 2073 3650 12¹1!
2086 3607 2134 3639 *30
2158 3606 2358 3639 chartularis

1281 3647 1333 3680 Ra
1348 3646 1360 3690 ΙΙ
1380 3648 1421 3681 32
1445 3649 1632 3689 aoceperint
1656 3648 1694 3681 V
1709 3648 1722 3694 ΙΙ
1741 3650 1773 3682 et
1796 3649 1869 3682 hac]
1893 3640 1964 3682 niae
1986 3651 2020 3684 et
2035 3650 2116 3691 haec
2138 3650 2182 3684 ¹3¹
2200 3650 2356 3695 “replen-

1282 3694 1338 3725 tur
1366 3692 1402 3742 ‘2¹'
1422 3694 1464 3727 33
1485 3694 1625 3735 pel-etun
1649 3693 1679 3724 R

1281 3467 1394 3510 ceptis]
1415 3467 1556 3509 priuatis
1580 3468 1618 3502 V
1634 3468 1646 3511 ΙΙ
1671 3468 1708 3500 in
1732 3482 1789 3502 om.
1815 3469 1849 3501 R
1874 3469 1944 3512 1123
1970 3470 2095 3503 maiore
2114 3470 2164 3504 13¹
2179 3471 2194 3514 ΙΙ

1281 3515 1347 3547 tres
1370 3512 1419 3544 R¹
1438 3511 1450 3555 ΙΙ
1466 3513 1508 3546 25
1535 3514 1656 3554 autem]
1683 3515 1742 3546 aut
1765 3513 1802 3547 V
1805 3512 1833 3547 ¹³1
1853 3512 1866 3554 ΙΙ
1893 3515 1935 3548 26
1960 3516 2011 3555 ex]
2034 3517 2067 3548 et
2089 3515 2137 3548 R¹
