2618 4010
181 161 242 197 ΠΤ
271 160 562 199 PROTOCOLLA
586 159 834 196 DIMITTAN'P

178 264 326 308 τιόνων,
349 267 409 300 καὶ
429 261 449 299 ὖ
470 259 562 310 παρ’
583 261 707 296 αὐτῶν
726 260 867 296 σταλεὶς
887 259 946 308 ἐφ’
970 252 1002 306 ᾧ
1025 276 1065 297 τε
1088 262 1254 309 ἐπιταγῆ-

177 325 239 346 ναι
266 310 309 345 τὸ
341 306 560 355 συμβόλαιον
588 311 648 342 καὶ
679 306 968 354 παραγενόμενος
1000 305 1104 342 αὐτὸς
1138 306 1255 352 κύριος

177 358 239 400 τῆς
262 358 322 392 ἐπὶ
345 356 406 398 τῆς
428 357 613 388 στατίονος
637 350 832 386 αὖθεντίας
854 355 972 387 ἔσται·
997 356 1058 387 καὶ
1076 351 1252 398 μεταβλη-

178 401 335 444 θήσεται
354 399 397 435 τὸ
419 400 578 446 πρᾶγμα,
602 400 661 431 καὶ
686 395 705 431 ὁ
729 400 795 441 μὲν
818 396 860 432 τὸ
881 396 1009 454 λοιπὸν
1031 398 1252 454 ταύτηνὶἐφ-

1261 140 1343 193 275

2073 140 2181 189 Nov.
2212 143 2348 188 XLIV
2379 143 2398 186 1

1323 261 1374 297 eis
1399 260 1561 305 dirigitur
1591 258 1640 295 ad
1662 258 1914 303 iniungendum
1947 258 2201 294 documentum
2234 261 2270 293 et
2292 258 2400 292 inter-

1323 309 1389 349 est,
1414 306 1426 341 i
1453 316 1491 342 se
1515 304 1677 340 dominus
1701 314 1810 349 super
1833 304 1998 340 stationis
2016 303 2232 340 auctoritate
2253 303 2339 347 erit3
2364 306 2401 337 et

1321 356 1420 387 muta
1446 351 1519 386 itur
1543 359 1670 392 causa,
1705 352 1741 384 et
1763 349 1823 384 ille
1855 349 1996 394 quidem
2025 349 2070 385 de
2094 351 2211 385 cetero
2242 348 2311 384 hoc
2335 348 2399 383 ob-

1321 397 1450 433 tinebit
1473 395 1629 432 officium
1652 395 1689 430 in
1713 394 1883 438 statione,
1920 394 2025 439 quale
2048 394 2109 439 qui
2141 395 2178 430 in
2201 404 2245 430 ea
2267 393 2399 440 prIma-

178 447 248 487 ε’ξει
273 445 341 489 τὴν
370 443 476 485 τάξιν
504 445 544 477 ἐν
568 444 611 487 τῆ
637 447 800 477 στατιόνι
831 439 962 478 ὃποίαν
984 457 1003 478 o
1026 457 1095 478 κατ
1141 457 1254 486 αυτην
1289 446 1308 478 5
1322 445 1397 478 tum
1420 442 1578 483 tenebat,
1606 441 1667 477 ille
1690 450 1773 475 vero
1799 440 1902 475 cadet
1924 450 1969 475 ea
1999 444 2062 475 aut
2085 450 2178 475 unus
2201 439 2270 475 erit
2297 439 2398 474 mini-

177 489 376 538 πρωτεύων
398 489 500 532 εῖχεν,
524 486 543 522 ὁ
563 480 605 522 δὲ’
619 502 660 535 γε
676 491 876 523 ἐκπεσεῖται
900 485 1070 532 ταύτης-,ἢ
1085 488 1133 523 εἷς
1150 491 1252 523 ἔσται

176 539 255 571 τῶν
284 533 575 582 ὑπογραφόντων
604 536 739 577 ἐκείνῳ.
788 532 912 577 ἐπειδὴ
938 532 1008 581 ’γὰρ
1039 532 1059 568 ὁ
1088 536 1155 578 μὲν
1186 532 1252 569 ἆπ-

176 582 308 625 ηξίωσε
323 581 429 615 τοῦτο
452 576 630 625 πράττειν
652 575 740 626 ὅπερ
761 571 805 622 ἦν
830 580 1018 624 ἐφειμένον
1043 575 1153 623 αὐτῷ,
1175 575 1195 613 ὃ
1214 576 1254 612 δὲ

176 625 268 661 κατὰ
285 624 353 670 τὴν
361 626 503 680 ’ἐκείνου
525 623 675 678 γνώμην
697 625 805 678 τοῦτο
821 624 964 678 ἔπραξε,
990 622 1050 658 διὰ
1066 625 1174 658 τοῦτο
1193 626 1252 657 καὶ

1321 488 1510 524 strantium
1533 486 1595 522 illi.
1643 485 1818 530 Quoniam
1845 484 1906 520 ille
1938 485 2076 529 quidem
2110 484 2320 529 dedignatus
2344 488 2401 519 est

1320 533 1391 569 hoc
1413 543 1517 577 agere
1550 531 1644 576 quod
1668 534 1746 566 erat
1770 540 1979 566 concessum
2002 530 2050 572 ei,
2082 530 2142 565 ille
2163 540 2246 566 vero
2271 539 2398 565 seeun-

1321 579 1405 613 dum
1423 578 1518 613 illius
1538 577 1756 612 voluntatem
1776 576 1847 611 hoc
1865 575 1986 620 egerit,
2010 579 2201 620 propterea
2218 585 2285 611 nos
2306 575 2399 610 hanc

1320 623 1503 659 intulimus
1527 622 1578 658 eis
1602 631 1766 667 poenam,
1790 624 1832 656 ut
1856 621 1901 656 ob
1921 620 2084 655 timorem
2107 620 2196 655 fiant
2217 620 2313 655 circa
2336 619 2399 655 do-

175 670 274 725 ἡμεῖς
303 683 442 714 ταύτην
473 671 652 716 ἐπαγομεν
682 672 801 703 αυτοῖς
826 683 848 703 τ
871 683 894 703 ν
916 668 1059 712 ποινήν,
1091 669 1153 703 ἵνα
1181 667 1253 703 δέει
1267 671 1308 703 10
1322 670 1488 704 cumenta
1517 671 1553 703 et
1575 667 1660 703 iusti
1691 671 1728 703 et
1751 665 1941 709 cautiores,
1974 669 2010 700 et
2033 676 2106 701 non
2129 667 2276 710 propter
2299 674 2400 701 suam

176 729 307 751 τούτου
335 719 513 763 γίνωνται
544 717 626 769 περὶ
656 714 702 749 τὰ
731 713 847 759 συμβό
871 727 933 748 αια
966 711 1100 748 δίκαιοί
1125 726 1166 748 τε
1192 716 1252 747 καὶ

175 759 452 808 ἀσφαλέστεραι,
483 763 543 794 καὶ
566 773 616 804 μη
639 757 698 794 διὰ
729 758 796 802 τὴν
820 759 961 793 ἑαυτῶν
983 756 1107 793 ἄνεσίν
1130 771 1170 793 τε
1193 761 1252 792 καὶ

175 807 216 862 2²
245 805 386 854 τρυφὴν
408 804 490 860 τοὺς
507 802 709 859 ἀλλοτρίους
729 803 974 850 διαφθείρωσι
991 807 1101 848 βίους.
1147 804 1194 837 Εἰ
1215 801 1254 837 δὲ

1320 714 1477 759 requiem
1501 717 1537 749 et
1560 712 1705 748 delicias
1729 712 1865 747 alienas
1889 714 2121 755 corrumpant
2143 710 2247 746 vitas.

1320 803 1344 839 2
1390 803 1428 838 Si
1462 813 1546 839 vero
1582 802 1746 847 indignus
1777 802 1871 838 forte
1906 801 1955 837 sit
1984 802 2200 846 potestatem
2235 801 2400 836 stationis

176 865 241 887 ουκ
274 850 371 892 ἄξιος
392 864 501 905 ταχον
532 852 584 893 εἰη
614 863 677 884 του
701 848 769 893 τὴν
793 849 958 898 ἐξουσίαν
981 850 1042 904 τῆς
1064 852 1254 883 στατίονος
1321 849 1503 893 suscipere
1527 848 1558 883 is
1584 848 1641 883 cui
1665 848 1917 883 documentum
1937 850 2039 882 extra
2059 856 2112 890 ea,
2137 855 2230 899 quae
2251 855 2274 880 a
2296 846 2401 882 nobis

174 895 402 943 παραλαβεῖν
425 909 444 930 ο
466 894 507 949 τὸ
533 894 755 949 σνμβόλαιον
778 893 877 947 παρὰ
899 893 944 928 τὰ
963 892 1012 939 ὑφ
1049 890 1153 938 ἡμῶν
1177 891 1252 927 δια·
1268 896 1307 927 15
1322 893 1495 938 disposita
1520 897 1603 928 sunt
1626 903 1690 938 per
1713 896 1935 938 praesentem
1958 892 1992 927 le
2015 902 2081 945 em,
2112 891 2321 935 iniungitur,
2345 895 2400 926 ta-

174 945 376 989 τεταγμένα
406 954 494 986 μετα
528 954 594 975 τον
622 939 788 986 παρόντα
819 951 932 983 νυμον
963 936 1252 983 ἐπιταττόμενος,

176 985 195 1021 ὁ
216 990 284 1032 μὲν
305 985 637 1032 συμβολαιογράφος
656 987 864 1019 ἐκπιπτέτω
879 982 1025 1028 τρόποις
1040 980 1156 1019 ἅπασι
1173 980 1252 1018 τού-

174 1046 250 1075 του,
282 1034 399 1078 ἕτερος
423 1029 462 1066 δὲ
484 1027 569 1065 ἀντ’
599 1028 707 1064 αὐτοῦ
736 1027 1021 1074 προβαλλέσθω·
1057 1025 1163 1063 οὐδὲν
1195 1030 1252 1071 ζη-

173 1079 365 1123 μιουμένου
389 1074 575 1113 παντελῶς
605 1075 779 1109 ἐντεῦθεν
809 1075 872 1107 τοῦ
901 1074 963 1127 τῆς
986 1078 1173 1108 στατίονος
1196 1087 1253 1107 κυ-

1322 939 1428 974 bellio
1453 938 1594 983 quidem
1617 938 1723 973 cadat
1747 938 1909 973 omnibus
1933 947 1989 973 mo
2030 948 2046 972 s
2070 937 2139 972 hac
2163 946 2284 978 causa,
2309 936 2402 972 alter

1321 993 1404 1018 vero
1429 994 1495 1028 pro
1520 993 1562 1018 eo
1588 983 1841 1027 constituatur3
1867 982 1957 1018 nihil
1977 982 2119 1018 omnino
2140 981 2401 1017 damnificando

1322 1038 1366 1064 ex
1389 1028 1459 1063 hoc
1484 1028 1649 1064 stationis
1667 1028 1820 1069 domino,
1845 1028 2058 1073 quicumque
2080 1027 2190 1062 fuerit
2213 1030 2400 1063 extraneo-

1321 1084 1401 1109 rum
1431 1077 1469 1108 et
1499 1084 1571 1109 non
1594 1074 1673 1118 ipse
1696 1073 1852 1115 tabellio,
1884 1082 2000 1118 neque
2033 1072 2182 1108 cadente
2205 1073 2315 1108 lucris
2340 1082 2401 1107 ex-

176 1127 264 1170 ρίου,
298 1123 334 1157 εἴ
359 1133 413 1157 τις
436 1122 489 1164 εἴη
511 1122 589 1155 τῶν
612 1119 757 1160 ἔξωθεν
788 1116 877 1152 ἀλλά
901 1131 951 1163 μη
973 1117 1253 1174 συμβολαιῖογρά-
1266 1119 1308 1152 20
1320 1119 1403 1154 inde
1426 1118 1659 1160 venientibus,
1691 1118 1754 1153 sed
1782 1118 1843 1154 illo
1868 1118 1944 1154 solo
1976 1118 2037 1163 qui
2066 1118 2154 1153 talia
2184 1118 2403 1170 perpetravit

177 1180 242 1214 φος
277 1165 400 1209 αὐτός,
435 1164 518 1200 οὐδὲ
553 1167 789 1200 ἐκπίπτοντος
822 1164 901 1198 τῶν
935 1164 1078 1198 ἐκεῖθεν
1108 1174 1251 1209 πορων·

178 1211 262 1248 ἀλλ’
286 1210 395 1247 αὐτοῦ
417 1210 527 1256 μόνου
550 1211 614 1244 τοῦ
637 1208 683 1244 τὰ
704 1210 856 1244 τοιαῦτα
875 1211 1170 1254 κομψευσαμένου
1193 1212 1253 1242 καὶ

176 1255 454 1299 ἀπαξιώσαντος
475 1255 542 1299 τὴν
563 1255 689 1289 ἑαυτοῦ
713 1252 873 1300 πληροῦν
891 1256 1064 1302 ἐργασίαν
1086 1256 1148 1297 τῆς
1167 1266 1251 1300 προ-

176 1306 325 1337 στασίας
347 1303 594 1342 ἐκπίπτοντος,
618 1298 771 1335 πάντων
790 1301 915 1343 μέντοι
935 1300 1014 1334 τῶν
1034 1298 1155 1334 ἄλλων
1174 1300 1253 1334 τῶν

177 1350 238 1383 ἐπὶ
260 1348 307 1401 (τῇ
330 1349 494 1381 στατίονι
517 1343 670 1379 δικαίων
693 1342 873 1391 ἀκεραίων
895 1347 968 1379 τοῖς
991 1348 1122 1390 κυρίοις
1146 1342 1253 1388 αὐτῆς
1265 1346 1308 1379 25

175 1405 273 1436 παρα
296 1390 377 1426 τούς
405 1389 452 1426 τὰ
473 1391 624 1425 τοιαῦτα
651 1393 878 1426 πταίσαντας
901 1388 1253 1438 συμβολαιογράφους

174 1438 200 1474 3
245 1435 535 1483 φυλαττομένων.
594 1438 667 1469 Καὶ
690 1433 739 1480 μὴ
762 1433 1026 1471 πλαττέτωσαν
1056 1435 1093 1469 οἱ
1121 1439 1251 1480 συμβο-

175 1480 386 1530 λαιογράφοι
409 1480 613 1527 προφάσεις,
637 1481 686 1515 εἰς
708 1479 833 1515 νόσους
852 1479 961 1523 τυχὸν
983 1478 1253 1527 ἀναχωροῦντες

174 1525 196 1571 ἢ
219 1528 268 1562 εἰς
287 1525 453 1570 ἀσχολίας
475 1525 652 1561 τοιαύτας.
688 1526 806 1566 ἔξεστι
821 1524 888 1573 γὰρ
912 1524 1045 1567 αὐτοῖς,
1067 1526 1103 1559 εἴ
1121 1540 1158 1560 τι
1180 1539 1251 1560 τοι·

1321 1168 1358 1199 et
1381 1163 1592 1207 dedignatus
1625 1165 1680 1198 est
1705 1173 1807 1198 suum
1833 1164 2011 1208 complere
2041 1173 2133 1208 opus
2160 1167 2316 1208 prlmatu
2341 1172 2400 1198 ca-

1321 1209 1442 1252 dente,
1483 1208 1647 1243 omnibus
1683 1208 1823 1253 quidem
1864 1209 1942 1244 aliis
1981 1219 2024 1244 su
2052 1218 2090 1243 er
2125 1208 2288 1244 stationis
2323 1209 2402 1243 iure

1320 1254 1465 1298 integris
1491 1253 1640 1288 dominis
1672 1254 1748 1288 eius
1772 1255 1817 1290 ab
1841 1253 1928 1298 ipsis
1950 1254 2032 1290 tabe
2046 1253 2201 1290 lienibus
2229 1254 2291 1300 qui
2313 1253 2401 1289 talia

1321 1301 1562 1346 peccaverunt
1586 1298 1780 1334 servandis.

1320 1436 1345 1472 3
1392 1435 1442 1470 Et
1464 1445 1538 1470 non
1561 1434 1697 1479 fingant
1720 1434 1930 1470 tabelliones
1955 1434 2174 1476 occasiones,
2200 1444 2264 1479 per
2288 1435 2400 1479 aegri-

1320 1480 1479 1516 tudinem
1508 1480 1602 1516 forte
1625 1479 1881 1516 descendentes
1912 1483 1977 1515 aut
2000 1480 2252 1525 occupationes
2277 1480 2401 1515 huius-

1321 1526 1428 1561 modi.
1475 1525 1616 1561 Licebit
1639 1525 1732 1560 enim
1756 1525 1819 1567 eis,
1852 1526 1884 1561 si
1908 1524 1991 1570 quid
2014 1525 2087 1560 tale
2109 1524 2229 1567 fuerit,
2253 1535 2403 1560 evocare

174 1574 282 1607 οῦτον
304 1573 385 1627 εἴη,κ
391 1571 707 1625 μεταπέμψασθαι
730 1571 812 1605 τοὺς
834 1568 1095 1606 ἐπιτάττοντας
1118 1574 1178 1605 καὶ
1197 1568 1249 1605 δι’
1266 1573 1308 1606 30
1321 1581 1383 1607 eos
1407 1571 1468 1615 qui
1493 1571 1710 1606 contrahunt
1733 1574 1769 1606 et
1788 1580 1853 1615 per
1873 1580 1915 1606 se.
1933 1580 2079 1605 causam
2099 1570 2294 1615 complere;
2319 1580 2402 1616 pro-

175 1618 316 1652 ἑαυτῶν
345 1630 389 1652 το
418 1629 568 1664 πραγμα
598 1615 806 1663 πληρῶσαι·
847 1615 962 1651 ἄλλως
992 1629 1033 1650 τε
1061 1617 1177 1651 ταῦτα
1209 1614 1253 1659 δὴ

174 1662 221 1698 τὰ
243 1674 288 1697 συ
315 1666 494 1708 βαίνοντα
517 1665 680 1697 σπανίως
703 1659 765 1695 οὐκ
788 1658 834 1695 ἂν
853 1659 1026 1706 ἐμποδὼν
1050 1665 1156 1705 σταίη
1179 1665 1254 1696 τοῖς

174 1708 272 1742 καθό
338 1735 346 1751 ,
365 1705 457 1742 διότι
474 1705 587 1752 μηδὲν
607 1708 647 1741 ἐν
665 1705 880 1753 ἀνθρώποις
895 1702 1008 1741 οὕτως
1022 1708 1124 1741 ἐστὶν
1140 1705 1253 1751 ἀναμ-

175 1752 408 1808 φισβήτητον,
438 1750 486 1787 αἱς
507 1752 557 1806 μῂ
581 1750 775 1792 δύνασθαι,
806 1749 873 1786 κᾶν
896 1752 933 1786 εἴ
951 1765 988 1787 τι
1010 1753 1089 1788 τῶν
1112 1750 1254 1799 σφόδρα

1320 1616 1404 1652 inde
1427 1616 1517 1651 haec
1549 1626 1640 1661 quae
1665 1616 1876 1660 contingunt
1906 1626 1988 1651 raro
2017 1626 2091 1651 non
2113 1615 2403 1661 impedimentum

1320 1662 1455 1698 facient
1478 1661 1664 1703 universis,
1689 1671 1732 1697 eo
1753 1661 1848 1707 quod
1870 1661 1960 1696 nihil
1980 1661 2074 1696 inter
2090 1660 2251 1697 homines
2275 1660 2328 1697 sic
2347 1664 2403 1696 est

1321 1707 1580 1750 indubitatum,
1611 1710 1652 1741 ut
1683 1717 1756 1742 non
1787 1707 1912 1752 possit,
1944 1706 2031 1742 licet
2058 1706 2194 1752 aliquid
2223 1705 2271 1741 sit
2301 1705 2403 1741 valde

1322 1752 1567 1795 iustissimum,
1592 1754 1711 1787 tamen
1732 1752 1915 1797 suscipere
1933 1751 2111 1797 quandam
2130 1751 2318 1787 sollicitam
2337 1751 2402 1787 du—

175 1801 228 1842 εὶη
250 1797 500 1840 δικαιοτάτων,
524 1795 621 1843 ὅμως
639 1795 821 1838 δέξασθαί
838 1810 924 1832 τινα
941 1800 1254 1853 μεμεριμνημένην
1268 1800 1309 1833 35
1323 1797 1556 1834 bitationem:
1593 1798 1656 1832 sed
1687 1807 1754 1833 nec
1789 1801 1959 1842 quaestus
1991 1807 2114 1833 eorum
2142 1796 2297 1832 minores
2325 1795 2403 1832 fieri

175 1842 456 1890 ἀμφισβήτησιν.
501 1840 590 1877 ἀλλὰ
619 1841 710 1888 μηδὲ
742 1843 822 1876 τοὺς
853 1841 983 1889 πόρους
1012 1846 1132 1878 αυτοῖς
1156 1842 1254 1878 ἐλάτ-

175 1900 257 1924 τους
274 1889 447 1936 γίνεσθαι
471 1887 561 1923 κατὰ
582 1890 689 1922 τοῦτο
714 1885 772 1922 διὰ
793 1886 861 1930 τὴν
879 1889 959 1922 τῶν
979 1887 1255 1924 ἐπιταττόντων

175 1937 361 1977 συνέχειαν
384 1933 756 1979 προφασιζέσθωσαν,
782 1931 927 1968 κάλλιον
950 1930 994 1968 ὂν
1015 1932 1118 1981 ὀλίγα
1142 1933 1254 1980 πράτ-

174 1993 252 2014 τειν
288 1976 458 2025 ἀσφαλῶς
494 1978 516 2021 ἢ
550 1977 692 2032 πολλοῖς
732 1980 966 2034 ἐπεμβαίνειν
1005 1977 1253 2014 ἐπικινδύνως.

1323 1854 1388 1889 per
1407 1843 1476 1879 hoc
1501 1845 1650 1888 propter
1675 1843 1959 1878 contrahentium
1982 1842 2217 1888 frequentiam
2242 1842 2401 1877 occasio·

1323 1898 1404 1925 nem
1433 1889 1628 1930 habentes,
1670 1899 1750 1923 cum
1782 1888 1906 1923 melius
1938 1887 1985 1923 sit
2014 1897 2132 1933 pauca
2162 1897 2267 1932 agere
2297 1890 2403 1923 caute

1324 1944 1430 1979 quam
1453 1934 1574 1969 multis
1598 1933 1772 1969 interesse
1796 1933 2006 1979 periculose.

173 2025 200 2060 4
237 2021 314 2059 Ἵνα
346 2023 386 2059 δὲ
415 2020 512 2078 ὅμως
542 2037 592 2068 μη
619 2021 762 2070 σφόδρα
796 2026 915 2059 αυτοῖς
945 2021 1082 2068 ἀπηνὴς
1105 2022 1124 2059 ὁ
1149 2022 1256 2070 νόμος
1269 2025 1346 2061 404
1391 2025 1442 2061 Ut
1471 2027 1591 2061 tamen
1619 2035 1692 2061 non
1721 2024 1948 2060 vehementer
1978 2024 2030 2060 eis
2054 2024 2145 2060 dura
2166 2024 2225 2060 lex
2248 2035 2327 2060 esse
2350 2022 2402 2060 vi-

173 2070 266 2104 εἴναι
283 2067 429 2112 δόξειεν,
453 2071 550 2113 ημεῖς
565 2071 822 2113 ἐστοχασμένοι
845 2070 906 2112 τῆς
926 2067 1166 2116 ἀνθρωπίνης
1188 2068 1252 2115 φύ-

1322 2071 1459 2113 fleatur,
1488 2081 1554 2106 nos
1573 2070 1787 2106 conicientes
1811 2070 2003 2105 humanam
2019 2072 2185 2106 naturam
2205 2070 2401 2106 mediocres

173 2193 325 2234 eumque
356 2181 420 2228 qui
427 2181 488 2233 ‘ab
520 2181 566 2217 iis
589 2181 776 2228 deleqatus
798 2182 858 2225 sit,
889 2185 931 2218 ut
952 2182 1227 2234 instrumentum
1256 2182 1468 2233 faciendum
1498 2182 1663 2228 recipiat,
1694 2185 1730 2218 et
1759 2181 1934 2227 adfuerit,
1965 2183 2083 2234 ipsum
2114 2182 2333 2233 auctoritate
2362 2184 2401 2219 in

174 2232 331 2263 statione
347 2231 555 2306 gotaturum
578 2237 676 2268 esse;
710 2230 820 2277 atque
841 2237 901 2262 res
924 2226 1212 2269 commutabatur,
1242 2232 1283 2263 ut
1312 2227 1405 2262 alter
1435 2238 1473 2261 in
1502 2232 1688 2273 posterum
1717 2238 1797 2262 eum
1828 2226 1946 2262 locum
1974 2238 2012 2262 tn
2042 2230 2200 2263 statione
2231 2227 2399 2271 obtineat,

175 2282 279 2317 quem
303 2271 350 2306 ha

178 2316 272 2352 tibus
294 2317 441 2358 futurus
462 2319 520 2351 stt.

374 2270 458 2306 ebat
487 2271 550 2323 qui
579 2271 619 2305 in
650 2281 700 2322 ea·
722 2275 919 2316 primatum
951 2271 1120 2322 yerebat,
1144 2271 1238 2307 alter
1268 2277 1387 2307 autem
1418 2282 1497 2306 eam
1520 2272 1665 2307 amittat
1694 2271 1750 2306 vel
1771 2282 1866 2306 unus
1894 2282 1944 2307 ex
1965 2271 2095 2307 scribis
2116 2271 2172 2306 illi
2194 2272 2399 2308 ministran-

183 2362 189 2367 .
524 2360 530 2366 .
566 2314 759 2367 'Quoniam
786 2316 879 2350 enim
912 2315 1006 2367 alter
1037 2315 1254 2362 dediqnatus
1283 2321 1339 2352 est
1368 2315 1408 2350 id
1437 2327 1460 2351 a
1486 2327 1546 2351 ere
1573 2315 1674 2367 quod
1701 2315 1774 2362 ipsi
1797 2316 2021 2351 commissum
2042 2320 2133 2359 erat,
2164 2317 2257 2352 alter
2281 2322 2399 2353 autem

176 2360 269 2396 idem
293 2360 488 2396 secundum
517 2359 615 2395 illius
638 2359 856 2396 voluntatem
879 2364 965 2406 eqtt,
992 2364 1194 2411 propterea
1217 2361 1322 2397 etiam
1355 2371 1423 2396 nos
1598 2362 1605 2369 ‘
1829 2361 1836 2367 ’

1477 2371 1546 2395 anc
1575 2371 1622 2396 ns
1638 2371 1796 2407 poenam
1821 2360 2035 2406 mfliqimus,
2067 2365 2109 2408 ut
2117 2365 2282 2412 propter
2304 2361 2400 2398 hunc

176 2410 305 2442 metum
327 2405 426 2440 circa
443 2406 681 2440 instrumenta
697 2408 732 2440 et
747 2404 834 2440 iusti
849 2409 886 2440 et
900 2410 1083 2440 cautiores
1093 2405 1199 2450 fiant,
1224 2416 1290 2441 nec
1299 2409 1458 2452 propter
1472 2416 1575 2441 suam
1590 2404 1797 2441 socordiam
1812 2410 1849 2441 et
1863 2406 2049 2441 luxuriam
2072 2406 2211 2441 alienas
2223 2407 2400 2453 fortunas

175 2452 200 2487 2
246 2454 418 2487 evertant.

488 2449 626 2493 Quodsi
645 2450 689 2492 is,
713 2450 772 2484 cui
788 2453 881 2496 post
897 2453 1129 2496 praesentem
1154 2450 1266 2496 leqem
1292 2455 1421 2486 contra
1445 2462 1489 2486 ea
1512 2461 1606 2497 quae
1629 2462 1652 2486 a
1675 2450 1779 2485 nobis
1802 2451 1998 2486 constituta
2020 2456 2107 2486 sunt
2123 2451 2398 2488 instrumentum

177 2495 436 2542 conficiendum
469 2495 677 2537 mandatur,
708 2495 810 2541 forte
839 2506 914 2530 non
945 2495 994 2530 sit
1023 2495 1155 2541 diqnus
1187 2495 1250 2541 qui
1273 2499 1492 2543 potestatem
1523 2495 1694 2531 stationis
1723 2495 1910 2542 suscipiat,
1944 2495 2088 2531 tabellio
2116 2496 2260 2542 quidem
2282 2498 2400 2533 modis

177 2542 341 2577 omnibus
363 2551 405 2577 eo
428 2541 508 2576 iure
527 2540 702 2587 privetur,
734 2539 828 2575 alter
850 2543 969 2576 autem
999 2540 1037 2575 in
1068 2540 1145 2575 eius
1169 2540 1286 2576 locum
1303 2544 1578 2587 promoveatur,
1610 2541 1662 2575 ita
1687 2544 1804 2576 tamen
1835 2544 1877 2576 ut
1898 2540 2036 2576 nullum
2061 2542 2205 2577 omnino
2228 2541 2397 2578 damnum

177 2586 261 2622 inde
280 2585 447 2633 patiatur
468 2585 637 2621 stationis
660 2585 836 2626 dominus,
869 2585 902 2620 si
924 2585 1007 2636 quis
1028 2586 1076 2620 sit
1097 2596 1148 2621 ea:
1170 2586 1358 2621 extraneis
1388 2596 1453 2621 nec
1475 2596 1560 2621 vero
1586 2585 1729 2621 tabellio
1753 2585 1843 2632 ipse,
1875 2597 1961 2622 neve
1983 2585 2122 2622 reditus
2150 2587 2214 2632 qui
2235 2587 2319 2623 inde
2341 2599 2397 2624 re-

175 2630 341 2667 dundant
368 2631 528 2666 amittat:
561 2630 627 2666 sed
657 2630 719 2666 ille
748 2629 849 2666 solus
879 2641 941 2676 qut
974 2630 1064 2665 talia
1095 2634 1314 2666 commentus
1342 2635 1379 2666 et
1397 2630 1566 2682 ‘officium
1596 2641 1699 2666 suum
1730 2630 1880 2677 explere
1903 2630 2119 2677 dediqnatus
2143 2635 2207 2675 est,

2231 2633 2397 2679 primatu

174 2681 347 2718 exuatur,
377 2676 520 2722 reliqua
551 2686 636 2711 vero
667 2675 788 2711 omnia
819 2676 902 2711 iura
933 2675 1102 2710 stationis
1132 2676 1274 2721 inteqra
1307 2675 1461 2711 dominis
1491 2676 1569 2711 eius
1591 2680 1780 2712 serventur
1803 2680 1956 2722 praeter
1981 2676 2189 2712 tabelliones
2219 2677 2284 2723 qui
2307 2678 2397 2714 talia

174 2721 208 2774 3·
245 2721 481 2802 deliquerunt.

174 2777 309 2803 eiusmo

574 2720 672 2756 Neve
695 2731 826 2756 causas
845 2720 990 2767 finqant
1013 2720 1230 2763 tabelliones,
1265 2724 1305 2755 ut
1335 2720 1385 2755 ad
1413 2720 1530 2756 morbi
1558 2721 1660 2766 forte
1683 2722 1954 2757 excusationem
1985 2721 2203 2769 confuqiant
2224 2722 2283 2758 vel
2302 2723 2398 2759 alias

336 2767 351 2802 i
373 2766 638 2812 occupationes.
682 2765 784 2801 Licet
804 2766 896 2801 enim
918 2765 974 2807 iis,
998 2766 1031 2800 si
1053 2765 1144 2811 quid
1165 2765 1341 2801 eiusmodi
1363 2765 1423 2809 sit,
1446 2776 1628 2801 arcessere
1651 2776 1714 2801 eos
1736 2765 1799 2812 qui
1822 2766 1997 2802 mandant
2019 2772 2055 2803 et
2070 2778 2143 2814 per
2164 2768 2398 2815 semetipsos

177 2812 360 2859 neqotium
381 2822 459 2847 com
490 2811 580 2847 lere.-
615 2821 694 2846 cum
710 2811 931 2862 praesertim
954 2821 1049 2856 quae
1078 2821 1167 2846 raro
1191 2810 1371 2852 accidunt,
1404 2810 1656 2856 impedimento
1683 2821 1757 2846 non
1780 2811 1853 2846 sint
1881 2811 1928 2847 iis
1958 2822 2053 2858 quae
2075 2812 2242 2848 universe
2264 2814 2395 2857 valent,

175 2858 347 2903 quoniam
375 2855 452 2891 nihi
495 2856 591 2892 inter
619 2855 781 2891 homines
808 2855 899 2891 adeo
929 2855 1169 2891 indubitatum
1192 2859 1255 2897 est,
1290 2855 1388 2901 quod
1410 2856 1572 2901 quamvis
1601 2855 1710 2902 lonqe
1740 2856 1973 2892 iustissimum
1999 2857 2059 2900 sit,
2095 2860 2213 2894 tamen
2240 2864 2395 2905 nequeat

175 2902 334 2948 aliquam
359 2901 547 2937 admittere
576 2900 771 2936 sollicitam
801 2900 1070 2936 dubitationem.
1130 2899 1204 2936 Sed
1224 2911 1269 2935 ne
1292 2906 1463 2947 quaestus
1486 2900 1628 2946 quidem
1660 2900 1728 2936 sibi
1751 2901 1834 2937 inde
1856 2902 2015 2938 minores
2035 2903 2117 2948 fieri
2134 2908 2294 2950 propter
2317 2904 2395 2940 diu-

176 2949 287 2983 tinam
310 2946 557 2982 mandantium
580 2957 717 2981 moram
741 2950 946 2988 causentur,
970 2956 1050 2981 cum
1078 2946 1203 2982 melius
1225 2946 1270 2981 sit
1291 2956 1413 2992 pauca
1437 2956 1546 2991 aqere
1570 2949 1646 2981 tuto
1671 2956 1778 2991 quam
1802 2947 1916 2982 multa
1939 2947 2093 2994 aqqredi
2118 2958 2198 2983 cum
2211 2949 2394 2995 periculo.

174 2994 199 3027 4
256 2992 312 3028 Ne
336 2996 452 3028 tamen
472 2991 578 3026 nimis
599 2991 646 3026 iis
668 2990 761 3026 dura
785 2990 848 3026 lea:
870 3001 947 3027 esse
969 2990 1145 3033 videatur,
1176 3002 1244 3026 nos
1267 2990 1448 3026 humanae
1471 2994 1625 3026 naturae
1654 2991 1797 3027 ratione
1819 2991 1943 3027 habita
1967 2992 2260 3030 accommodatas
2282 2994 2394 3031 eidem

221 3107 241 3139 5
266 3101 359 3136 κατὰ
383 3102 522 3145 ταύτην
546 3104 577 3137 L
599 3103 612 3148 ΙΙ
637 3106 655 3138 7
679 3099 969 3150 ὑπογραφόντων
992 3105 1075 3145 LB]
1099 3099 1253 3149 ὑπογρα-

177 3151 322 3195 φέντων
347 3149 393 3182 Μ
411 3149 673 3181 ministrantium
697 3160 718 3185 ς
735 3151 836 3192 (quod
855 3150 1015 3183 lectionem
1038 3145 1254 3195 ὑπουργούν-

176 3207 254 3228 των
268 3195 320 3228 vel
331 3189 612 3238 ὑπηρετούντων
622 3196 784 3238 flaqitare
802 3201 930 3228 censent
940 3195 1128 3238 Homberyk
1144 3202 1174 3228 et
1186 3195 1254 3228 Za-

177 3240 323 3280 chariae)
352 3237 365 3283 ΙΙ
391 3240 412 3272 9
437 3240 497 3271 καὶ
524 3251 582 3272 om.
607 3249 627 3274 ς
656 3237 669 3282 ΙΙ
704 3241 744 3273 10
768 3237 959 3282 ἐπάγομεν]
989 3238 1166 3272 intulimus
1190 3251 1210 3276 ς·
1235 3238 1254 3291 j]

179 3287 220 3319 15
233 3285 433 3329 τεταγμένα
447 3284 482 3316 Β
503 3283 515 3326 ΙΙ
539 3285 578 3317 17
592 3281 731 3325 τούτου]
750 3282 881 3326 ταύτης
893 3284 1079 3317 Zachariae
1094 3283 1107 3328 ΙΙ
1137 3285 1176 3318 19
1189 3296 1252 3318 του
1284 3272 1290 3319 l
1322 3286 1485 3325 timorem]
1506 3284 1628 3327 optime
1644 3283 1768 3318 R¹VT
1786 3285 1903 3327 optimi
1916 3285 2059 3330 R²vu19.
2086 3286 2098 3330 ΙΙ

176 3329 326 3382 βαθμοῦ
349 3329 412 3362 τοῦ
435 3331 562 3381 κυρίοιζ
582 3329 617 3362 Β
642 3327 654 3372 ΙΙ
678 3325 831 3381 2οηἆλλὰ
856 3327 906 3372 μὴ
918 3329 983 3406 M}
1001 3325 1088 3362 ἀλλὰ
1111 3326 1161 3373 μὴ
1184 3325 1253 3363 &B

176 3371 259 3408 ἀλλ’
286 3386 305 3407 ο
329 3375 360 3407 L
390 3373 402 3418 ΙΙ
440 3375 484 3407 24
507 3385 586 3406 των
618 3373 679 3406 ἐπὶ
700 3385 744 3416 τη
769 3376 934 3407 στατιόνι
985 3376 1123 3415 ικαίων]
1156 3384 1253 3417 super

176 3419 330 3453 stationis
346 3420 420 3452 iure
442 3432 460 3455 ς
475 3418 488 3463 [Ι
515 3420 556 3452 25
573 3414 690 3452 αὐτοῖς
702 3408 734 3451 Z
750 3418 761 3463 ΙΙ
789 3420 830 3452 26
846 3418 945 3463 παρὰ
958 3416 1040 3452 τοὺς
1051 3419 1252 3460 Zachariae]

177 3466 259 3542 {⁸⁹²
282 3462 363 3498 ‘⁰²³³
389 3460 1008 3552 ‘3⁶0Jii122'ff23ss1'122'1'fit285„aim&
1024 3474 1084 3542 ¹235
1106 3465 1253 3542 81θὲἔίΨί

177 3520 336 3598 πιόιιῗῐλῖς]
355 3509 397 3589 ξλ8
411 3552 782 3599 προφασιζέσθωσαν]
808 3519 1010 3586 οοοαείό11ηοιι1
1030 3522 1254 3597 ὴαδόῖἱεερῖη

176 3597 321 3690 ἶέέλῗζ
343 3595 388 3633 ὂν
410 3600 606 3633 Haloander
618 3611 685 3632 cum
707 3599 812 3641 ς(Β)]
836 3596 981 3632 κάλλιον
994 3598 1081 3632 ML¹
1109 3596 1253 3632 κάλλιον

226 3735 241 3767 1
267 3733 490 3775 iniugundum
511 3736 544 3768 R
568 3735 581 3780 ΙΙ
606 3736 626 3768 2
651 3735 847 3768 stationibus
868 3734 923 3780 Vn
946 3737 965 3769 3
987 3734 1027 3767 de
1047 3736 1166 3776 cetero]
1191 3735 1246 3768 de-

1323 3106 1412 3137 creto
1432 3105 1467 3138 V
1483 3104 1496 3148 ΙΙ
1523 3107 1544 3138 4
1569 3105 1628 3146 qui
1652 3104 1772 3138 οννι.1·ἶι
1798 3103 1810 3148 ss
1832 3105 2023 3147 primatum]
2045 3106 2240 3149 primatorio
2263 3107 2298 3141 R
2324 3109 2394 3152 pri-

1322 3150 1466 3182 maturio
1486 3149 1553 3188 V¹;
1580 3152 1638 3192 leq.
1659 3149 1839 3192 primatum
1858 3149 2001 3195 <gerit>?
2020 3153 2032 3195 ΙΙ
2052 3154 2071 3185 5
2085 3152 2217 3185 tebatur
2229 3153 2278 3186 R¹
2295 3153 2308 3197 ΙΙ
2331 3154 2394 3186 mi-

1322 3196 1554 3227 nistrunum
1566 3194 1616 3227 R¹
1634 3193 1639 3238 Ι
1668 3196 1688 3229 6
1708 3195 1766 3238 leq.
1782 3195 1947 3232 Quoniam
1965 3195 2112 3241 <enim)'!
2135 3196 2149 3241 ss
2173 3199 2221 3230 est
2239 3210 2296 3231 om.
2310 3199 2360 3232 Β*
2382 3197 2396 3244 ss

1323 3242 1341 3273 7
1364 3242 1445 3280 erat]
1470 3250 1552 3272 esu
1571 3239 1620 3272 Β*
1649 3238 1654 3282 Ι
1679 3241 1699 3273 8
1719 3239 1793 3280 hoc]
1812 3240 1891 3273 haec
1909 3240 1943 3273 R
1959 3240 1971 3284 ΙΙ
1994 3243 2014 3275 9
2036 3241 2201 3275 intulibus
2219 3243 2269 3275 Ra
2286 3242 2299 3286 ΙΙ
2325 3242 2394 3276 *ob

2123 3290 2160 3322 11
2177 3287 2394 3322 alienationes

1322 3330 1371 3363 R¹
1389 3330 1401 3373 ΙΙ
1420 3331 1459 3363 13
1473 3329 1623 3362 stationis
1636 3329 1827 3371 Heimbach]
1849 3330 2048 3364 stationibus
2062 3332 2315 3373 (statutionibus
2331 3333 2393 3374 V1)

1322 3376 1400 3409 libri
1432 3375 1479 3415 (in
1504 3373 1702 3407 stationibus
1724 3375 1824 3419 vuly.)
1850 3374 1863 3419 ΙΙ
1894 3377 1934 3410 15
1959 3376 2110 3419 dispositi
2133 3378 2183 3411 R·
2211 3377 2224 3420 ss
2253 3380 2294 3412 16
2317 3378 2403 3420 hae]

1321 3421 1402 3453 haec
1418 3420 1467 3453 Β*
1490 3430 1510 3452 a
1525 3418 1574 3452 R²
1600 3417 1612 3459 ΙΙ
1638 3421 1677 3453 17
1702 3419 1987 3462 dampnificandu
2013 3422 2063 3455 V²
2093 3422 2392 3465 dampnificandum

1324 3465 1385 3509 ΤΠ
1414 3466 1453 3498 18
1478 3464 1544 3496 fuit
1566 3464 1600 3497 R
1622 3464 1635 3507 ss
1660 3466 1699 3498 19
1723 3464 1793 3507 ipse
1816 3465 1953 3498 tabellio
1972 3468 2091 3509 neque]
2117 3468 2190 3510 ipso
2213 3467 2393 3502 tabellione

1324 3511 1371 3543 8²
1389 3509 1400 3553 ΙΙ
1417 3511 1455 3543 21
1473 3509 1669 3551 dedignatus
1685 3511 1744 3551 est]
1764 3510 1951 3552 dedigner-E
1964 3511 2014 3544 R¹
2029 3511 2043 3556 ΙΙ
2061 3513 2104 3546 22
2123 3513 2321 3546 stationibus
2337 3514 2372 3548 V

1322 3556 1363 3588 23
1384 3554 1456 3587 eius
1476 3567 1534 3588 om.
1547 3554 1594 3587 R¹
1617 3553 1629 3599 ΙΙ
1662 3556 1703 3588 27
1725 3555 1905 3588 occasionis
1925 3556 2038 3590 VR¹T
2046 3557 2055 3577 ¹
2083 3556 2096 3602 ΙΙ
2124 3560 2194 3602 per]
2218 3559 2277 3603 leq.
2291 3558 2357 3592 ad?

1322 3602 1364 3633 28
1377 3599 1578 3632 discedentes
1590 3600 1676 3644 vulq.
1696 3598 1708 3644 ΙΙ
1733 3601 1775 3634 29
1797 3601 1844 3634 eis
1863 3601 1909 3641 V]
1936 3601 1966 3633 ei
1978 3602 2048 3636 ΒΤ
2058 3601 2070 3647 ΙΙ
2090 3605 2132 3637 30
2145 3603 2301 3647 compleri
2312 3604 2361 3637 Β*

1321 3644 1439 3677 deinde
1460 3644 1494 3677 V
1507 3644 1519 3687 ΙΙ
1543 3645 1581 3678 31
1599 3647 1694 3686 quae]
1718 3645 1806 3687 quod
1822 3645 1895 3689 R¹fl
1919 3647 1962 3680 36
1974 3648 2205 3682 occasionesR
2219 3650 2232 3693 ΙΙ
2257 3650 2299 3683 37
2314 3659 2392 3682 cau-

1321 3692 1385 3722 tem
1399 3689 1445 3722 R¹
1466 3688 1478 3732 ΙΙ
1501 3691 1541 3724 38
1563 3690 1701 3723 interest
1720 3690 1903 3733 periculos·
1928 3691 2006 3735 V¹ss
2028 3694 2072 3727 40
2092 3693 2174 3727 dura
2194 3695 2294 3740 ναῖς]
2319 3694 2391 3727 dira

1323 3735 1399 3769 libri
1420 3734 1434 3778 ΙΙ
1461 3736 1501 3768 41
1530 3736 1599 3776 nos]
1625 3738 1656 3768 et
1679 3746 1738 3768 nos
1760 3736 1794 3769 R
1823 3735 1837 3781 ΙΙ
1863 3737 2096 3772 comi-cientes
2119 3739 2167 3772 Β*

2069 3794 2136 3830 35⁴¹
