<?xml version="1.0" encoding="UTF-8"?>
<!DOCTYPE html PUBLIC "-//W3C//DTD XHTML 1.0 Transitional//EN"
    "http://www.w3.org/TR/xhtml1/DTD/xhtml1-transitional.dtd">
<html xmlns="http://www.w3.org/1999/xhtml" xml:lang="en" lang="en">
 <head>
  <title>
</title>
<meta http-equiv="Content-Type" content="text/html;charset=utf-8" />
  <meta name='ocr-system' content='tesseract 3.04.00' />
  <meta name='ocr-capabilities' content='ocr_page ocr_carea ocr_par ocr_line ocrx_word'/>
</head>
<body>
  <div class='ocr_page' id='page_1' title='image "./corpusiuriscivil03krueuoft_0426.png"; bbox 0 0 2618 4010; ppageno 0'>
   <div class='ocr_carea' id='block_1_1' title="bbox 296 126 2503 184">
    <p class='ocr_par' dir='ltr' id='par_1_1' title="bbox 296 126 2503 184">
     <span class='ocr_line' id='line_1_1' title="bbox 296 126 2503 184; baseline 0 -6"><span class='ocrx_word' id='word_1_1' title='bbox 296 132 405 178; x_wconf 82' lang='lat' dir='ltr'><strong>Nov.</strong></span> <span class='ocrx_word' id='word_1_2' title='bbox 425 133 587 177; x_wconf 88' lang='lat' dir='ltr'>LXXX</span> <span class='ocrx_word' id='word_1_3' title='bbox 615 135 655 176; x_wconf 83' lang='lat'><strong>9.</strong></span> <span class='ocrx_word' id='word_1_4' title='bbox 688 135 739 175; x_wconf 88' lang='grc'><strong>10</strong></span> <span class='ocrx_word' id='word_1_5' title='bbox 1361 126 1447 176; x_wconf 74' lang='grc'><strong>396</strong></span> <span class='ocrx_word' id='word_1_6' title='bbox 2154 145 2216 176; x_wconf 73' lang='grc' dir='ltr'><strong>ΒΕ</strong></span> <span class='ocrx_word' id='word_1_7' title='bbox 2244 143 2503 184; x_wconf 68' lang='lat' dir='ltr'><strong>Qum&#39;ronn</strong></span> 
     </span>
    </p>
   </div>
   <div class='ocr_carea' id='block_1_2' title="bbox 296 238 2518 510">
    <p class='ocr_par' dir='ltr' id='par_1_2' title="bbox 296 238 2518 472">
     <span class='ocr_line' id='line_1_2' title="bbox 298 238 2518 321; baseline 0.003 -48"><span class='ocrx_word' id='word_1_8' title='bbox 298 242 495 300; x_wconf 62' lang='grc' dir='ltr'><strong><em>συγχύσεως</em></strong></span> <span class='ocrx_word' id='word_1_9' title='bbox 525 240 873 296; x_wconf 50' lang='lat' dir='ltr'><strong>{leuthone-&amp;hanam</strong></span> <span class='ocrx_word' id='word_1_10' title='bbox 919 241 969 297; x_wconf 53' lang='grc' dir='ltr'><strong>ξί</strong></span> <span class='ocrx_word' id='word_1_11' title='bbox 998 238 1041 298; x_wconf 48' lang='grc' dir='ltr'><strong>δὲ,</strong></span> <span class='ocrx_word' id='word_1_12' title='bbox 1067 243 1131 275; x_wconf 75' lang='grc' dir='ltr'><strong>καί</strong></span> <span class='ocrx_word' id='word_1_13' title='bbox 1149 252 1260 295; x_wconf 57' lang='grc' dir='ltr'><strong>ατινας</strong></span> <span class='ocrx_word' id='word_1_14' title='bbox 1282 253 1364 276; x_wconf 75' lang='grc' dir='ltr'><strong><em>συν·</em></strong></span> <span class='ocrx_word' id='word_1_15' title='bbox 1434 240 1643 319; x_wconf 49' lang='grc' dir='ltr'><strong><em>οομῐιιιὲριξρ</em></strong></span> <span class='ocrx_word' id='word_1_16' title='bbox 1664 241 1889 321; x_wconf 61' lang='lat' dir='ltr'><strong>iliberabilmn</strong></span> <span class='ocrx_word' id='word_1_17' title='bbox 1935 241 1975 279; x_wconf 76' lang='lat' dir='ltr'><strong>Si</strong></span> <span class='ocrx_word' id='word_1_18' title='bbox 1998 252 2082 280; x_wconf 79' lang='lat' dir='ltr'><strong>vero</strong></span> <span class='ocrx_word' id='word_1_19' title='bbox 2099 243 2252 296; x_wconf 41' lang='lat' dir='ltr'><strong>&#39;aliquos</strong></span> <span class='ocrx_word' id='word_1_20' title='bbox 2283 245 2518 299; x_wconf 57' lang='lat' dir='ltr'><strong>perspexerit</strong></span> 
     </span>
     <span class='ocr_line' id='line_1_3' title="bbox 298 286 2502 383; baseline 0.002 -18"><span class='ocrx_word' id='word_1_21' title='bbox 298 286 463 374; x_wconf 57' lang='lat' dir='ltr'><strong>{iziz-‚025</strong></span> <span class='ocrx_word' id='word_1_22' title='bbox 481 286 772 376; x_wconf 52' lang='lat'><strong>05:222155222‘</strong></span> <span class='ocrx_word' id='word_1_23' title='bbox 785 287 1366 376; x_wconf 49' lang='lat'><strong>522012‘2325222022‘1272‘552</strong></span> <span class='ocrx_word' id='word_1_24' title='bbox 1433 295 1544 382; x_wconf 56' lang='lat' dir='ltr'><strong>{ffl</strong></span> <span class='ocrx_word' id='word_1_25' title='bbox 1556 294 1702 382; x_wconf 57' lang='lat' dir='ltr'><strong>93¹0AE</strong></span> <span class='ocrx_word' id='word_1_26' title='bbox 1718 286 2177 383; x_wconf 55' lang='grc' dir='ltr'><strong><em>νῗιῗῑῗέιῗᾷᾞωέἓξὶὼὲἕ</em></strong></span> <span class='ocrx_word' id='word_1_27' title='bbox 2197 289 2502 370; x_wconf 56' lang='grc' dir='ltr'><strong><em>εἳὲῗοΐιξέωἳὲἐ</em></strong></span> 
     </span>
     <span class='ocr_line' id='line_1_4' title="bbox 298 372 2500 428; baseline 0.002 -19"><span class='ocrx_word' id='word_1_28' title='bbox 298 376 421 415; x_wconf 85' lang='grc' dir='ltr'><strong><em>ξονιαι</em></strong></span> <span class='ocrx_word' id='word_1_29' title='bbox 437 376 598 410; x_wconf 75' lang='grc' dir='ltr'><strong><em>καὶτοὺς</em></strong></span> <span class='ocrx_word' id='word_1_30' title='bbox 627 375 805 411; x_wconf 67' lang='grc' dir='ltr'><strong><em>ἐντεῦθεν</em></strong></span> <span class='ocrx_word' id='word_1_31' title='bbox 834 378 1080 421; x_wconf 72' lang='grc' dir='ltr'><strong><em>πεμπομένους</em></strong></span> <span class='ocrx_word' id='word_1_32' title='bbox 1112 372 1296 419; x_wconf 84' lang='grc' dir='ltr'><strong><em>δεχόμενοι</em></strong></span> <span class='ocrx_word' id='word_1_33' title='bbox 1319 376 1366 409; x_wconf 79' lang='grc' dir='ltr'><strong>εἰς</strong></span> <span class='ocrx_word' id='word_1_34' title='bbox 1432 376 1667 426; x_wconf 73' lang='lat' dir='ltr'><strong>suscipientes</strong></span> <span class='ocrx_word' id='word_1_35' title='bbox 1705 373 1752 410; x_wconf 71' lang='lat' dir='ltr'><strong>ad</strong></span> <span class='ocrx_word' id='word_1_36' title='bbox 1781 375 1984 428; x_wconf 59' lang='lat' dir='ltr'><strong>provincias</strong></span> <span class='ocrx_word' id='word_1_37' title='bbox 2017 378 2190 423; x_wconf 75' lang='lat' dir='ltr'><strong>dirigant,</strong></span> <span class='ocrx_word' id='word_1_38' title='bbox 2227 383 2263 414; x_wconf 84' lang='lat' dir='ltr'><strong>et</strong></span> <span class='ocrx_word' id='word_1_39' title='bbox 2299 379 2368 414; x_wconf 84' lang='lat' dir='ltr'><strong>hoc</strong></span> <span class='ocrx_word' id='word_1_40' title='bbox 2406 382 2500 423; x_wconf 65' lang='lat' dir='ltr'><strong>agat,</strong></span> 
     </span>
     <span class='ocr_line' id='line_1_5' title="bbox 296 418 2364 472; baseline 0.003 -19"><span class='ocrx_word' id='word_1_41' title='bbox 296 419 360 455; x_wconf 75' lang='grc' dir='ltr'><strong>τὰς</strong></span> <span class='ocrx_word' id='word_1_42' title='bbox 382 421 552 472; x_wconf 76' lang='grc' dir='ltr'><strong><em>ἐπαρχίας</em></strong></span> <span class='ocrx_word' id='word_1_43' title='bbox 575 421 795 466; x_wconf 72' lang='grc' dir='ltr'><strong><em>ἐκπέμψουσι</em></strong></span> <span class='ocrx_word' id='word_1_44' title='bbox 806 446 820 472; x_wconf 37' lang='grc'><strong>,1</strong></span> <span class='ocrx_word' id='word_1_45' title='bbox 843 423 903 455; x_wconf 78' lang='grc' dir='ltr'><strong>καὶ</strong></span> <span class='ocrx_word' id='word_1_46' title='bbox 926 421 1034 455; x_wconf 79' lang='grc' dir='ltr'><strong><em>τοῦτο</em></strong></span> <span class='ocrx_word' id='word_1_47' title='bbox 1055 418 1183 464; x_wconf 77' lang='grc' dir='ltr'><strong><em>πράξει</em></strong></span> <span class='ocrx_word' id='word_1_48' title='bbox 1208 419 1251 455; x_wconf 85' lang='grc' dir='ltr'><strong>τὸ</strong></span> <span class='ocrx_word' id='word_1_49' title='bbox 1280 432 1363 464; x_wconf 88' lang='grc' dir='ltr'><strong><em>συμ-</em></strong></span> <span class='ocrx_word' id='word_1_50' title='bbox 1401 423 1419 454; x_wconf 88' lang='grc'>5</span> <span class='ocrx_word' id='word_1_51' title='bbox 1434 418 1529 464; x_wconf 83' lang='lat' dir='ltr'><strong>quod</strong></span> <span class='ocrx_word' id='word_1_52' title='bbox 1552 419 1638 454; x_wconf 76' lang='lat' dir='ltr'><strong>utne</strong></span> <span class='ocrx_word' id='word_1_53' title='bbox 1661 422 1718 454; x_wconf 78' lang='lat' dir='ltr'><strong>est</strong></span> <span class='ocrx_word' id='word_1_54' title='bbox 1740 420 1956 465; x_wconf 73' lang='lat' dir='ltr'><strong>reipublicae</strong></span> <span class='ocrx_word' id='word_1_55' title='bbox 1977 430 2042 467; x_wconf 75' lang='lat' dir='ltr'><strong>per</strong></span> <span class='ocrx_word' id='word_1_56' title='bbox 2065 424 2182 459; x_wconf 70' lang='lat' dir='ltr'><strong>omnia</strong></span> <span class='ocrx_word' id='word_1_57' title='bbox 2205 429 2364 460; x_wconf 77' lang='lat' dir='ltr'><strong>venatus.</strong></span> 
     </span>
    </p>

    <p class='ocr_par' dir='ltr' id='par_1_3' title="bbox 298 463 1207 510">
     <span class='ocr_line' id='line_1_6' title="bbox 298 463 1207 510; baseline -0.002 -11"><span class='ocrx_word' id='word_1_58' title='bbox 298 468 405 510; x_wconf 66' lang='grc' dir='ltr'><strong><em>φέρον</em></strong></span> <span class='ocrx_word' id='word_1_59' title='bbox 427 478 480 508; x_wconf 73' lang='grc' dir='ltr'><strong><em>τῳ</em></strong></span> <span class='ocrx_word' id='word_1_60' title='bbox 505 463 739 510; x_wconf 74' lang='grc' dir='ltr'><strong><em>πολιτεύματι</em></strong></span> <span class='ocrx_word' id='word_1_61' title='bbox 765 463 824 499; x_wconf 90' lang='grc' dir='ltr'><strong>δια</strong></span> <span class='ocrx_word' id='word_1_62' title='bbox 850 465 1004 501; x_wconf 84' lang='grc' dir='ltr'><strong><em>πάντων</em></strong></span> <span class='ocrx_word' id='word_1_63' title='bbox 1029 463 1207 510; x_wconf 71' lang='grc' dir='ltr'><strong><em>θηρεύων.</em></strong></span> 
     </span>
    </p>
   </div>
   <div class='ocr_carea' id='block_1_3' title="bbox 1287 597 1511 634">
    <p class='ocr_par' dir='ltr' id='par_1_4' title="bbox 1287 597 1511 634">
     <span class='ocr_line' id='line_1_7' title="bbox 1287 597 1511 634; baseline 0 0"><span class='ocrx_word' id='word_1_64' title='bbox 1287 597 1443 634; x_wconf 83' lang='lat' dir='ltr'>CAPUT</span> <span class='ocrx_word' id='word_1_65' title='bbox 1467 597 1511 634; x_wconf 88' lang='lat' dir='ltr'><strong>X.</strong></span> 
     </span>
    </p>
   </div>
   <div class='ocr_carea' id='block_1_4' title="bbox 296 674 2508 2119">
    <p class='ocr_par' dir='ltr' id='par_1_5' title="bbox 296 674 2508 2037">
     <span class='ocr_line' id='line_1_8' title="bbox 348 674 2501 722; baseline 0.001 -11"><span class='ocrx_word' id='word_1_66' title='bbox 348 677 468 711; x_wconf 80' lang='grc' dir='ltr'><strong><em>Ταῦτα</em></strong></span> <span class='ocrx_word' id='word_1_67' title='bbox 492 674 640 713; x_wconf 77' lang='grc' dir='ltr'><strong><em>ἅπαντα</em></strong></span> <span class='ocrx_word' id='word_1_68' title='bbox 665 676 937 721; x_wconf 67' lang='grc' dir='ltr'><strong>νομοθετοῦμεν</strong></span> <span class='ocrx_word' id='word_1_69' title='bbox 967 677 1044 710; x_wconf 81' lang='grc' dir='ltr'><strong>τῶν</strong></span> <span class='ocrx_word' id='word_1_70' title='bbox 1068 674 1251 722; x_wconf 74' lang='grc' dir='ltr'><strong>ἡμετέρων</strong></span> <span class='ocrx_word' id='word_1_71' title='bbox 1276 675 1365 721; x_wconf 58' lang='grc' dir='ltr'><strong><em>’ὑπη-</em></strong></span> <span class='ocrx_word' id='word_1_72' title='bbox 1479 676 1576 712; x_wconf 79' lang='lat' dir='ltr'><strong>Haec</strong></span> <span class='ocrx_word' id='word_1_73' title='bbox 1601 677 1718 712; x_wconf 78' lang='lat' dir='ltr'><strong>omnia</strong></span> <span class='ocrx_word' id='word_1_74' title='bbox 1743 677 1921 713; x_wconf 80' lang='lat' dir='ltr'>sancimus</span> <span class='ocrx_word' id='word_1_75' title='bbox 1952 681 2153 714; x_wconf 72' lang='lat' dir='ltr'><strong>nostrorum</strong></span> <span class='ocrx_word' id='word_1_76' title='bbox 2180 681 2416 717; x_wconf 77' lang='lat' dir='ltr'><strong>subiectorum</strong></span> <span class='ocrx_word' id='word_1_77' title='bbox 2440 690 2501 715; x_wconf 87' lang='lat' dir='ltr'><strong>cu-</strong></span> 
     </span>
     <span class='ocr_line' id='line_1_9' title="bbox 297 718 2501 768; baseline 0.002 -13"><span class='ocrx_word' id='word_1_78' title='bbox 297 721 396 756; x_wconf 80' lang='grc' dir='ltr'><strong><em>κόων</em></strong></span> <span class='ocrx_word' id='word_1_79' title='bbox 426 719 634 767; x_wconf 78' lang='grc' dir='ltr'><strong><em>κηδόμενοι.</em></strong></span> <span class='ocrx_word' id='word_1_80' title='bbox 672 725 730 755; x_wconf 81' lang='grc' dir='ltr'><strong>καὶ</strong></span> <span class='ocrx_word' id='word_1_81' title='bbox 761 719 850 756; x_wconf 67' lang='lat' dir='ltr'><strong>«iim</strong></span> <span class='ocrx_word' id='word_1_82' title='bbox 883 722 933 765; x_wconf 83' lang='grc' dir='ltr'><strong>μὴ</strong></span> <span class='ocrx_word' id='word_1_83' title='bbox 963 722 1027 755; x_wconf 74' lang='grc' dir='ltr'><strong><em>τὰς</em></strong></span> <span class='ocrx_word' id='word_1_84' title='bbox 1055 724 1184 755; x_wconf 80' lang='grc' dir='ltr'><strong><em>οἰκείας</em></strong></span> <span class='ocrx_word' id='word_1_85' title='bbox 1215 718 1366 767; x_wconf 64' lang='grc' dir='ltr'><strong><em>ἇπολιμ·</em></strong></span> <span class='ocrx_word' id='word_1_86' title='bbox 1434 730 1510 757; x_wconf 81' lang='lat' dir='ltr'><strong>ram</strong></span> <span class='ocrx_word' id='word_1_87' title='bbox 1532 721 1717 765; x_wconf 78' lang='lat' dir='ltr'><strong>habentes,</strong></span> <span class='ocrx_word' id='word_1_88' title='bbox 1741 725 1783 757; x_wconf 88' lang='lat' dir='ltr'><strong>ut</strong></span> <span class='ocrx_word' id='word_1_89' title='bbox 1799 733 1870 758; x_wconf 90' lang='lat' dir='ltr'><strong>non</strong></span> <span class='ocrx_word' id='word_1_90' title='bbox 1892 733 1976 758; x_wconf 86' lang='lat' dir='ltr'><strong>suas</strong></span> <span class='ocrx_word' id='word_1_91' title='bbox 2000 724 2200 768; x_wconf 86' lang='lat' dir='ltr'><strong>provincias</strong></span> <span class='ocrx_word' id='word_1_92' title='bbox 2223 726 2423 761; x_wconf 85' lang='lat' dir='ltr'><strong>deserentes</strong></span> <span class='ocrx_word' id='word_1_93' title='bbox 2443 725 2501 759; x_wconf 91' lang='lat' dir='ltr'><strong>hic</strong></span> 
     </span>
     <span class='ocr_line' id='line_1_10' title="bbox 297 765 2503 815; baseline 0.001 -13"><span class='ocrx_word' id='word_1_94' title='bbox 297 766 481 802; x_wconf 81' lang='grc' dir='ltr'><strong><em>πάνοντας</em></strong></span> <span class='ocrx_word' id='word_1_95' title='bbox 504 765 679 813; x_wconf 76' lang='grc' dir='ltr'><strong><em>πατρίδας</em></strong></span> <span class='ocrx_word' id='word_1_96' title='bbox 702 767 869 800; x_wconf 67' lang='grc' dir='ltr'><strong><em>ἐνταῦθα</em></strong></span> <span class='ocrx_word' id='word_1_97' title='bbox 891 765 1207 812; x_wconf 77' lang='grc' dir='ltr'><strong><em>ταλαιπωρεῖσθαι</em></strong></span> <span class='ocrx_word' id='word_1_98' title='bbox 1231 770 1290 801; x_wconf 81' lang='grc' dir='ltr'><strong>καὶ</strong></span> <span class='ocrx_word' id='word_1_99' title='bbox 1311 780 1366 801; x_wconf 77' lang='grc' dir='ltr'><strong>τε·</strong></span> <span class='ocrx_word' id='word_1_100' title='bbox 1434 766 1644 802; x_wconf 80' lang='lat' dir='ltr'><strong>adterantur</strong></span> <span class='ocrx_word' id='word_1_101' title='bbox 1683 771 1718 802; x_wconf 83' lang='lat' dir='ltr'><strong>et</strong></span> <span class='ocrx_word' id='word_1_102' title='bbox 1748 768 1943 803; x_wconf 73' lang='lat' dir='ltr'><strong>moriantur</strong></span> <span class='ocrx_word' id='word_1_103' title='bbox 1975 767 2097 804; x_wconf 79' lang='lat' dir='ltr'><strong>forsan</strong></span> <span class='ocrx_word' id='word_1_104' title='bbox 2127 770 2279 815; x_wconf 75' lang='lat' dir='ltr'><strong>propriis</strong></span> <span class='ocrx_word' id='word_1_105' title='bbox 2334 770 2436 806; x_wconf 75' lang='lat' dir='ltr'><strong>rivati</strong></span> <span class='ocrx_word' id='word_1_106' title='bbox 2468 774 2503 805; x_wconf 87' lang='lat' dir='ltr'><strong>et</strong></span> 
     </span>
     <span class='ocr_line' id='line_1_11' title="bbox 297 810 2503 859; baseline 0.001 -14"><span class='ocrx_word' id='word_1_107' title='bbox 297 811 428 847; x_wconf 79' lang='grc' dir='ltr'><strong><em>λευτᾶν</em></strong></span> <span class='ocrx_word' id='word_1_108' title='bbox 469 812 555 847; x_wconf 75' lang='grc' dir='ltr'><strong><em>ἴσως</em></strong></span> <span class='ocrx_word' id='word_1_109' title='bbox 596 813 674 846; x_wconf 82' lang='grc' dir='ltr'><strong>τῶν</strong></span> <span class='ocrx_word' id='word_1_110' title='bbox 708 813 850 846; x_wconf 86' lang='grc' dir='ltr'><strong><em>οἰκείων</em></strong></span> <span class='ocrx_word' id='word_1_111' title='bbox 893 812 1143 856; x_wconf 74' lang='grc' dir='ltr'><strong><em>ἐστερημένους</em></strong></span> <span class='ocrx_word' id='word_1_112' title='bbox 1185 815 1243 845; x_wconf 83' lang='grc' dir='ltr'><strong>καὶ</strong></span> <span class='ocrx_word' id='word_1_113' title='bbox 1277 810 1422 857; x_wconf 81' lang='grc' dir='ltr'><strong><em>μηδὲ10</em></strong></span> <span class='ocrx_word' id='word_1_114' title='bbox 1435 822 1549 857; x_wconf 91' lang='lat' dir='ltr'><strong>neque</strong></span> <span class='ocrx_word' id='word_1_115' title='bbox 1573 812 1731 856; x_wconf 83' lang='lat' dir='ltr'><strong>paternis</strong></span> <span class='ocrx_word' id='word_1_116' title='bbox 1755 812 1915 847; x_wconf 83' lang='lat' dir='ltr'><strong>fruentes</strong></span> <span class='ocrx_word' id='word_1_117' title='bbox 1939 813 2140 857; x_wconf 77' lang='lat' dir='ltr'>sepulturis,</span> <span class='ocrx_word' id='word_1_118' title='bbox 2172 824 2214 849; x_wconf 91' lang='lat' dir='ltr'><strong>eo</strong></span> <span class='ocrx_word' id='word_1_119' title='bbox 2238 825 2306 859; x_wconf 91' lang='lat' dir='ltr'><strong>qno</strong></span> <span class='ocrx_word' id='word_1_120' title='bbox 2362 819 2397 850; x_wconf 89' lang='lat' dir='ltr'><strong>et</strong></span> <span class='ocrx_word' id='word_1_121' title='bbox 2420 819 2503 850; x_wconf 82' lang='lat' dir='ltr'><strong>ante</strong></span> 
     </span>
     <span class='ocr_line' id='line_1_12' title="bbox 297 854 2502 903; baseline 0.001 -12"><span class='ocrx_word' id='word_1_122' title='bbox 297 856 483 902; x_wconf 75' lang='grc' dir='ltr'><strong><em>πατρῴων</em></strong></span> <span class='ocrx_word' id='word_1_123' title='bbox 514 855 764 892; x_wconf 82' lang='grc' dir='ltr'><strong><em>ἀπολαύοντας</em></strong></span> <span class='ocrx_word' id='word_1_124' title='bbox 794 856 939 902; x_wconf 59' lang='grc' dir='ltr'><strong><em>τάφων</em></strong></span> <span class='ocrx_word' id='word_1_125' title='bbox 984 854 1078 891; x_wconf 83' lang='grc' dir='ltr'><strong><em>διότι</em></strong></span> <span class='ocrx_word' id='word_1_126' title='bbox 1110 860 1169 890; x_wconf 79' lang='grc' dir='ltr'><strong>καὶ</strong></span> <span class='ocrx_word' id='word_1_127' title='bbox 1193 860 1265 891; x_wconf 82' lang='grc' dir='ltr'><strong><em>τοῖς</em></strong></span> <span class='ocrx_word' id='word_1_128' title='bbox 1295 857 1365 903; x_wconf 83' lang='grc' dir='ltr'><strong>πρὸ</strong></span> <span class='ocrx_word' id='word_1_129' title='bbox 1435 867 1500 892; x_wconf 92' lang='lat' dir='ltr'><strong>nos</strong></span> <span class='ocrx_word' id='word_1_130' title='bbox 1530 857 1746 901; x_wconf 87' lang='lat' dir='ltr'><strong>ponentibus</strong></span> <span class='ocrx_word' id='word_1_131' title='bbox 1777 858 1870 902; x_wconf 85' lang='lat' dir='ltr'><strong>leges</strong></span> <span class='ocrx_word' id='word_1_132' title='bbox 1902 859 1939 892; x_wconf 86' lang='lat' dir='ltr'><strong>et</strong></span> <span class='ocrx_word' id='word_1_133' title='bbox 1970 858 2224 902; x_wconf 72' lang='lat' dir='ltr'>rempublicam</span> <span class='ocrx_word' id='word_1_134' title='bbox 2256 861 2502 895; x_wconf 88' lang='lat' dir='ltr'><strong>constituenti-</strong></span> 
     </span>
     <span class='ocr_line' id='line_1_13' title="bbox 297 900 2502 950; baseline 0.002 -14"><span class='ocrx_word' id='word_1_135' title='bbox 297 900 402 947; x_wconf 83' lang='grc' dir='ltr'><strong><em>ἡμῶν</em></strong></span> <span class='ocrx_word' id='word_1_136' title='bbox 437 902 620 937; x_wconf 83' lang='grc' dir='ltr'><strong><em>τεθεικόσι</em></strong></span> <span class='ocrx_word' id='word_1_137' title='bbox 652 902 733 935; x_wconf 78' lang='grc' dir='ltr'><strong><em>τοὺς</em></strong></span> <span class='ocrx_word' id='word_1_138' title='bbox 767 902 897 946; x_wconf 79' lang='grc' dir='ltr'><strong><em>νόμους</em></strong></span> <span class='ocrx_word' id='word_1_139' title='bbox 930 905 989 935; x_wconf 81' lang='grc' dir='ltr'><strong>καὶ</strong></span> <span class='ocrx_word' id='word_1_140' title='bbox 1024 901 1205 936; x_wconf 81' lang='grc' dir='ltr'><strong><em>πολιτείας</em></strong></span> <span class='ocrx_word' id='word_1_141' title='bbox 1240 914 1366 946; x_wconf 81' lang='grc' dir='ltr'><strong><em>συστη-</em></strong></span> <span class='ocrx_word' id='word_1_142' title='bbox 1435 902 1502 937; x_wconf 86' lang='lat' dir='ltr'><strong>bus</strong></span> <span class='ocrx_word' id='word_1_143' title='bbox 1526 902 1615 937; x_wconf 86' lang='lat' dir='ltr'><strong>haec</strong></span> <span class='ocrx_word' id='word_1_144' title='bbox 1640 912 1711 937; x_wconf 92' lang='lat' dir='ltr'><strong>non</strong></span> <span class='ocrx_word' id='word_1_145' title='bbox 1735 902 1941 937; x_wconf 82' lang='lat' dir='ltr'><strong>transitorio</strong></span> <span class='ocrx_word' id='word_1_146' title='bbox 1974 903 2090 938; x_wconf 88' lang='lat' dir='ltr'><strong>studio</strong></span> <span class='ocrx_word' id='word_1_147' title='bbox 2113 902 2275 946; x_wconf 80' lang='lat' dir='ltr'><strong>fuerunt,</strong></span> <span class='ocrx_word' id='word_1_148' title='bbox 2307 905 2368 940; x_wconf 86' lang='lat' dir='ltr'><strong>sed</strong></span> <span class='ocrx_word' id='word_1_149' title='bbox 2391 909 2426 939; x_wconf 89' lang='lat' dir='ltr'><strong>et</strong></span> <span class='ocrx_word' id='word_1_150' title='bbox 2448 905 2502 950; x_wconf 89' lang='lat' dir='ltr'><strong>pi-</strong></span> 
     </span>
     <span class='ocr_line' id='line_1_14' title="bbox 297 944 2502 994; baseline 0.001 -13"><span class='ocrx_word' id='word_1_151' title='bbox 297 949 464 991; x_wconf 77' lang='grc' dir='ltr'><strong><em>σαμένσις</em></strong></span> <span class='ocrx_word' id='word_1_152' title='bbox 486 949 603 982; x_wconf 84' lang='grc' dir='ltr'><strong><em>ταῦτα</em></strong></span> <span class='ocrx_word' id='word_1_153' title='bbox 633 944 675 981; x_wconf 71' lang='grc' dir='ltr'><strong>οὗ</strong></span> <span class='ocrx_word' id='word_1_154' title='bbox 699 950 884 994; x_wconf 72' lang='grc' dir='ltr'><strong><em>παρέργως</em></strong></span> <span class='ocrx_word' id='word_1_155' title='bbox 907 944 1161 990; x_wconf 78' lang='grc' dir='ltr'><strong><em>ἐσπουδάσθη,</em></strong></span> <span class='ocrx_word' id='word_1_156' title='bbox 1192 945 1282 981; x_wconf 80' lang='grc' dir='ltr'><em>ἀλλὰ</em></span> <span class='ocrx_word' id='word_1_157' title='bbox 1306 951 1366 981; x_wconf 81' lang='grc' dir='ltr'><strong>καὶ</strong></span> <span class='ocrx_word' id='word_1_158' title='bbox 1435 947 1560 991; x_wconf 82' lang='lat' dir='ltr'><strong>gritiae</strong></span> <span class='ocrx_word' id='word_1_159' title='bbox 1593 947 1662 981; x_wconf 86' lang='lat' dir='ltr'><strong>fuit</strong></span> <span class='ocrx_word' id='word_1_160' title='bbox 1684 947 1856 991; x_wconf 75' lang='lat' dir='ltr'><strong>quaedam</strong></span> <span class='ocrx_word' id='word_1_161' title='bbox 1881 947 2058 992; x_wconf 88' lang='lat' dir='ltr'><strong>scriptura</strong></span> <span class='ocrx_word' id='word_1_162' title='bbox 2089 952 2124 983; x_wconf 86' lang='lat' dir='ltr'><strong>et</strong></span> <span class='ocrx_word' id='word_1_163' title='bbox 2154 949 2357 993; x_wconf 79' lang='lat' dir='ltr'><strong>peregrinos</strong></span> <span class='ocrx_word' id='word_1_164' title='bbox 2381 960 2502 985; x_wconf 87' lang='lat' dir='ltr'><strong>omnes</strong></span> 
     </span>
     <span class='ocr_line' id='line_1_15' title="bbox 298 987 2503 1040; baseline 0.002 -15"><span class='ocrx_word' id='word_1_165' title='bbox 298 989 422 1039; x_wconf 73' lang='grc' dir='ltr'><strong><em>ἀργίας</em></strong></span> <span class='ocrx_word' id='word_1_166' title='bbox 445 987 492 1036; x_wconf 71' lang='grc' dir='ltr'><strong>ἦν</strong></span> <span class='ocrx_word' id='word_1_167' title='bbox 514 1004 568 1026; x_wconf 75' lang='grc' dir='ltr'><strong>τις</strong></span> <span class='ocrx_word' id='word_1_168' title='bbox 589 990 709 1039; x_wconf 78' lang='grc' dir='ltr'><strong><em>γραφὴ</em></strong></span> <span class='ocrx_word' id='word_1_169' title='bbox 733 995 793 1025; x_wconf 81' lang='grc' dir='ltr'><strong>καὶ</strong></span> <span class='ocrx_word' id='word_1_170' title='bbox 816 993 858 1026; x_wconf 83' lang='grc' dir='ltr'><strong>τὸ</strong></span> <span class='ocrx_word' id='word_1_171' title='bbox 877 990 1019 1033; x_wconf 78' lang='grc' dir='ltr'><strong><em>ξενικὸν</em></strong></span> <span class='ocrx_word' id='word_1_172' title='bbox 1042 988 1146 1027; x_wconf 75' lang='grc' dir='ltr'><strong><em>ἅπαν</em></strong></span> <span class='ocrx_word' id='word_1_173' title='bbox 1168 993 1366 1040; x_wconf 75' lang='grc' dir='ltr'><strong><em>περιειργά-</em></strong></span> <span class='ocrx_word' id='word_1_174' title='bbox 1436 991 1766 1036; x_wconf 74' lang='lat' dir='ltr'><strong>perscrutabantur.</strong></span> <span class='ocrx_word' id='word_1_175' title='bbox 1814 992 1864 1027; x_wconf 83' lang='lat' dir='ltr'><strong>Et</strong></span> <span class='ocrx_word' id='word_1_176' title='bbox 1887 1003 2000 1037; x_wconf 87' lang='lat' dir='ltr'><strong>neque</strong></span> <span class='ocrx_word' id='word_1_177' title='bbox 2031 1003 2160 1029; x_wconf 80' lang='lat' dir='ltr'><strong>novum</strong></span> <span class='ocrx_word' id='word_1_178' title='bbox 2193 1003 2306 1038; x_wconf 75' lang='lat' dir='ltr'><strong>neque</strong></span> <span class='ocrx_word' id='word_1_179' title='bbox 2334 993 2409 1029; x_wconf 76' lang='lat' dir='ltr'><strong>leve</strong></span> <span class='ocrx_word' id='word_1_180' title='bbox 2436 995 2503 1030; x_wconf 84' lang='lat' dir='ltr'><strong>hoc</strong></span> 
     </span>
     <span class='ocr_line' id='line_1_16' title="bbox 299 1033 2503 1085; baseline 0.001 -14"><span class='ocrx_word' id='word_1_181' title='bbox 299 1039 414 1079; x_wconf 83' lang='grc' dir='ltr'><strong><em>ζοντο.</em></strong></span> <span class='ocrx_word' id='word_1_182' title='bbox 461 1039 520 1071; x_wconf 86' lang='grc' dir='ltr'><strong>καὶ</strong></span> <span class='ocrx_word' id='word_1_183' title='bbox 543 1034 585 1071; x_wconf 90' lang='grc' dir='ltr'><strong>ού</strong></span> <span class='ocrx_word' id='word_1_184' title='bbox 609 1037 739 1071; x_wconf 81' lang='grc' dir='ltr'><strong><em>καινὸν</em></strong></span> <span class='ocrx_word' id='word_1_185' title='bbox 771 1033 854 1071; x_wconf 73' lang='grc' dir='ltr'><strong><em>οὐδὲ</em></strong></span> <span class='ocrx_word' id='word_1_186' title='bbox 884 1035 998 1080; x_wconf 74' lang='grc' dir='ltr'><strong><em>ἄηθες</em></strong></span> <span class='ocrx_word' id='word_1_187' title='bbox 1020 1038 1127 1071; x_wconf 77' lang='grc' dir='ltr'><strong><em>τοῦτο</em></strong></span> <span class='ocrx_word' id='word_1_188' title='bbox 1158 1041 1231 1072; x_wconf 83' lang='grc' dir='ltr'><strong><em>τοῖς</em></strong></span> <span class='ocrx_word' id='word_1_189' title='bbox 1254 1038 1366 1085; x_wconf 76' lang='grc' dir='ltr'><strong><em>πράγ-</em></strong></span> <span class='ocrx_word' id='word_1_190' title='bbox 1382 1037 1552 1072; x_wconf 80' lang='lat' dir='ltr'><strong>15causis</strong></span> <span class='ocrx_word' id='word_1_191' title='bbox 1577 1037 1749 1080; x_wconf 84' lang='lat' dir='ltr'><strong>studium,</strong></span> <span class='ocrx_word' id='word_1_192' title='bbox 1781 1037 1912 1073; x_wconf 90' lang='lat' dir='ltr'><strong>bonum</strong></span> <span class='ocrx_word' id='word_1_193' title='bbox 1937 1038 2076 1082; x_wconf 83' lang='lat' dir='ltr'><strong>quidem</strong></span> <span class='ocrx_word' id='word_1_194' title='bbox 2100 1041 2136 1073; x_wconf 84' lang='lat' dir='ltr'><strong>et</strong></span> <span class='ocrx_word' id='word_1_195' title='bbox 2153 1039 2355 1082; x_wconf 82' lang='lat' dir='ltr'><strong>antiquum,</strong></span> <span class='ocrx_word' id='word_1_196' title='bbox 2387 1039 2503 1083; x_wconf 78' lang='lat' dir='ltr'><strong>negle-</strong></span> 
     </span>
     <span class='ocr_line' id='line_1_17' title="bbox 296 1078 2506 1136; baseline 0.001 -21"><span class='ocrx_word' id='word_1_197' title='bbox 296 1094 410 1127; x_wconf 83' lang='grc' dir='ltr'><strong><em>μασιν</em></strong></span> <span class='ocrx_word' id='word_1_198' title='bbox 434 1083 511 1116; x_wconf 76' lang='grc' dir='ltr'><strong><em>ἐστι</em></strong></span> <span class='ocrx_word' id='word_1_199' title='bbox 534 1080 577 1115; x_wconf 86' lang='grc' dir='ltr'><strong>τὸ</strong></span> <span class='ocrx_word' id='word_1_200' title='bbox 603 1079 836 1126; x_wconf 85' lang='grc' dir='ltr'><strong><em>σπούδασμα,</em></strong></span> <span class='ocrx_word' id='word_1_201' title='bbox 868 1078 958 1116; x_wconf 77' lang='grc' dir='ltr'><strong>ἀλλὰ</strong></span> <span class='ocrx_word' id='word_1_202' title='bbox 982 1081 1095 1116; x_wconf 78' lang='grc' dir='ltr'><strong><em>καλὸν</em></strong></span> <span class='ocrx_word' id='word_1_203' title='bbox 1123 1084 1192 1128; x_wconf 75' lang='grc' dir='ltr'><strong>μὲν</strong></span> <span class='ocrx_word' id='word_1_204' title='bbox 1222 1086 1281 1116; x_wconf 81' lang='grc' dir='ltr'><strong>καὶ</strong></span> <span class='ocrx_word' id='word_1_205' title='bbox 1306 1080 1366 1128; x_wconf 82' lang='grc' dir='ltr'><strong>ἀρ-</strong></span> <span class='ocrx_word' id='word_1_206' title='bbox 1438 1086 1532 1116; x_wconf 87' lang='lat' dir='ltr'><strong>ctum</strong></span> <span class='ocrx_word' id='word_1_207' title='bbox 1552 1091 1634 1117; x_wconf 87' lang='lat' dir='ltr'><strong>vero</strong></span> <span class='ocrx_word' id='word_1_208' title='bbox 1653 1082 1690 1116; x_wconf 90' lang='lat' dir='ltr'><strong>in</strong></span> <span class='ocrx_word' id='word_1_209' title='bbox 1709 1082 1823 1118; x_wconf 90' lang='lat' dir='ltr'><strong>medio</strong></span> <span class='ocrx_word' id='word_1_210' title='bbox 1847 1084 1892 1118; x_wconf 87' lang='lat' dir='ltr'><strong>ab</strong></span> <span class='ocrx_word' id='word_1_211' title='bbox 1914 1084 2079 1118; x_wconf 87' lang='lat' dir='ltr'><strong>universa</strong></span> <span class='ocrx_word' id='word_1_212' title='bbox 2104 1083 2266 1118; x_wconf 83' lang='lat' dir='ltr'><strong>laedente</strong></span> <span class='ocrx_word' id='word_1_213' title='bbox 2290 1083 2506 1136; x_wconf 76' lang='lat' dir='ltr'><strong>neglegentia</strong></span> 
     </span>
     <span class='ocr_line' id='line_1_18' title="bbox 296 1123 2504 1173; baseline 0.001 -12"><span class='ocrx_word' id='word_1_214' title='bbox 296 1130 418 1170; x_wconf 86' lang='grc' dir='ltr'><strong><em>χαῖον,</em></strong></span> <span class='ocrx_word' id='word_1_215' title='bbox 461 1124 646 1171; x_wconf 76' lang='grc' dir='ltr'><strong><em>ἀμεληθὲν</em></strong></span> <span class='ocrx_word' id='word_1_216' title='bbox 685 1125 725 1160; x_wconf 77' lang='grc' dir='ltr'><strong><em>δὲ</em></strong></span> <span class='ocrx_word' id='word_1_217' title='bbox 762 1129 803 1161; x_wconf 84' lang='grc' dir='ltr'><strong>έν</strong></span> <span class='ocrx_word' id='word_1_218' title='bbox 841 1129 941 1171; x_wconf 80' lang='grc' dir='ltr'><strong><em>με’σῳ</em></strong></span> <span class='ocrx_word' id='word_1_219' title='bbox 985 1127 1083 1173; x_wconf 85' lang='grc' dir='ltr'><strong><em>παρὰ</em></strong></span> <span class='ocrx_word' id='word_1_220' title='bbox 1120 1128 1182 1162; x_wconf 76' lang='grc' dir='ltr'><strong><em>τ”ς</em></strong></span> <span class='ocrx_word' id='word_1_221' title='bbox 1219 1123 1366 1162; x_wconf 80' lang='grc' dir='ltr'><strong><em>ἅπαντα</em></strong></span> <span class='ocrx_word' id='word_1_222' title='bbox 1436 1127 1606 1171; x_wconf 87' lang='lat' dir='ltr'><strong>paulatim</strong></span> <span class='ocrx_word' id='word_1_223' title='bbox 1630 1127 1865 1172; x_wconf 87' lang='lat' dir='ltr'><strong>periclitatum</strong></span> <span class='ocrx_word' id='word_1_224' title='bbox 1889 1134 1943 1163; x_wconf 86' lang='lat' dir='ltr'><strong>est</strong></span> <span class='ocrx_word' id='word_1_225' title='bbox 1967 1128 2145 1173; x_wconf 85' lang='lat' dir='ltr'><strong>corrumpi</strong></span> <span class='ocrx_word' id='word_1_226' title='bbox 2168 1131 2204 1164; x_wconf 89' lang='lat' dir='ltr'><strong>et</strong></span> <span class='ocrx_word' id='word_1_227' title='bbox 2227 1129 2368 1173; x_wconf 77' lang='lat' dir='ltr'><strong>perimi,</strong></span> <span class='ocrx_word' id='word_1_228' title='bbox 2393 1129 2504 1164; x_wconf 90' lang='lat' dir='ltr'><strong>donec</strong></span> 
     </span>
     <span class='ocr_line' id='line_1_19' title="bbox 297 1170 2506 1219; baseline 0.001 -14"><span class='ocrx_word' id='word_1_229' title='bbox 297 1170 580 1218; x_wconf 78' lang='grc' dir='ltr'><strong><em>καταβλαψάσης</em></strong></span> <span class='ocrx_word' id='word_1_230' title='bbox 602 1172 784 1219; x_wconf 74' lang='grc' dir='ltr'><strong><em>ῥᾳθυμίας</em></strong></span> <span class='ocrx_word' id='word_1_231' title='bbox 805 1172 898 1206; x_wconf 81' lang='grc' dir='ltr'><strong><em>κατὰ</em></strong></span> <span class='ocrx_word' id='word_1_232' title='bbox 913 1173 1044 1217; x_wconf 82' lang='grc' dir='ltr'><strong><em>μικρὸν</em></strong></span> <span class='ocrx_word' id='word_1_233' title='bbox 1067 1173 1144 1206; x_wconf 80' lang='grc' dir='ltr'><strong><em>έκιν</em></strong></span> <span class='ocrx_word' id='word_1_234' title='bbox 1169 1172 1268 1207; x_wconf 64' lang='lat' dir='ltr'><strong>evm</strong></span> <span class='ocrx_word' id='word_1_235' title='bbox 1290 1171 1367 1208; x_wconf 88' lang='grc' dir='ltr'><strong><em>δια-</em></strong></span> <span class='ocrx_word' id='word_1_236' title='bbox 1436 1182 1501 1207; x_wconf 89' lang='lat' dir='ltr'><strong>nos</strong></span> <span class='ocrx_word' id='word_1_237' title='bbox 1525 1172 1693 1217; x_wconf 84' lang='lat' dir='ltr'><strong>prodesse</strong></span> <span class='ocrx_word' id='word_1_238' title='bbox 1716 1172 1785 1208; x_wconf 89' lang='lat' dir='ltr'><strong>hoc</strong></span> <span class='ocrx_word' id='word_1_239' title='bbox 1811 1177 1848 1207; x_wconf 89' lang='lat' dir='ltr'><strong>et</strong></span> <span class='ocrx_word' id='word_1_240' title='bbox 1871 1173 2057 1208; x_wconf 86' lang='lat' dir='ltr'><strong>utillimum</strong></span> <span class='ocrx_word' id='word_1_241' title='bbox 2081 1173 2298 1209; x_wconf 86' lang='lat' dir='ltr'><strong>invenientes</strong></span> <span class='ocrx_word' id='word_1_242' title='bbox 2321 1184 2444 1208; x_wconf 87' lang='lat' dir='ltr'><strong>rursus</strong></span> <span class='ocrx_word' id='word_1_243' title='bbox 2467 1173 2506 1208; x_wconf 90' lang='lat' dir='ltr'><strong>in</strong></span> 
     </span>
     <span class='ocr_line' id='line_1_20' title="bbox 298 1214 2505 1264; baseline 0 -13"><span class='ocrx_word' id='word_1_244' title='bbox 298 1217 492 1262; x_wconf 82' lang='grc' dir='ltr'><strong><em>φθαρῆναί</em></strong></span> <span class='ocrx_word' id='word_1_245' title='bbox 528 1229 568 1250; x_wconf 87' lang='grc' dir='ltr'><strong>τε</strong></span> <span class='ocrx_word' id='word_1_246' title='bbox 601 1220 660 1250; x_wconf 79' lang='grc' dir='ltr'><strong>καὶ</strong></span> <span class='ocrx_word' id='word_1_247' title='bbox 695 1214 924 1264; x_wconf 79' lang='grc' dir='ltr'><strong><em>ἀνῃρῆσθαι,</em></strong></span> <span class='ocrx_word' id='word_1_248' title='bbox 963 1219 1029 1251; x_wconf 80' lang='grc' dir='ltr'><strong>ἕως</strong></span> <span class='ocrx_word' id='word_1_249' title='bbox 1063 1215 1160 1261; x_wconf 79' lang='grc' dir='ltr'><strong><em>ἡμεῖς</em></strong></span> <span class='ocrx_word' id='word_1_250' title='bbox 1193 1218 1368 1262; x_wconf 78' lang='grc' dir='ltr'><strong><em>χρήσιμον</em></strong></span> <span class='ocrx_word' id='word_1_251' title='bbox 1436 1217 1690 1262; x_wconf 79' lang='lat' dir='ltr'><strong>rempublicam</strong></span> <span class='ocrx_word' id='word_1_252' title='bbox 1714 1218 1981 1254; x_wconf 81' lang='lat' dir='ltr'><strong>introducimus.</strong></span> <span class='ocrx_word' id='word_1_253' title='bbox 2030 1218 2131 1253; x_wconf 88' lang='lat' dir='ltr'><strong>Sicut</strong></span> <span class='ocrx_word' id='word_1_254' title='bbox 2153 1219 2244 1254; x_wconf 90' lang='lat' dir='ltr'><strong>enim</strong></span> <span class='ocrx_word' id='word_1_255' title='bbox 2263 1219 2429 1264; x_wconf 82' lang='lat' dir='ltr'><strong>praemiis</strong></span> <span class='ocrx_word' id='word_1_256' title='bbox 2452 1219 2505 1254; x_wconf 86' lang='lat' dir='ltr'><strong>in-</strong></span> 
     </span>
     <span class='ocr_line' id='line_1_21' title="bbox 299 1257 2507 1307; baseline 0.002 -12"><span class='ocrx_word' id='word_1_257' title='bbox 299 1257 388 1295; x_wconf 82' lang='grc' dir='ltr'><strong><em>αὗτὸ</em></strong></span> <span class='ocrx_word' id='word_1_258' title='bbox 421 1265 481 1295; x_wconf 82' lang='grc' dir='ltr'><strong>καὶ</strong></span> <span class='ocrx_word' id='word_1_259' title='bbox 512 1259 807 1296; x_wconf 74' lang='grc' dir='ltr'><strong><em>λυσιτελέστατον</em></strong></span> <span class='ocrx_word' id='word_1_260' title='bbox 836 1260 881 1296; x_wconf 79' lang='grc' dir='ltr'><strong>ὂν</strong></span> <span class='ocrx_word' id='word_1_261' title='bbox 905 1258 1068 1307; x_wconf 73' lang='grc' dir='ltr'><strong><em>εὑρόντες</em></strong></span> <span class='ocrx_word' id='word_1_262' title='bbox 1090 1262 1202 1297; x_wconf 76' lang='grc' dir='ltr'><strong><em>πάλιν</em></strong></span> <span class='ocrx_word' id='word_1_263' title='bbox 1231 1264 1278 1297; x_wconf 81' lang='grc' dir='ltr'><strong>εἰς</strong></span> <span class='ocrx_word' id='word_1_264' title='bbox 1299 1262 1368 1306; x_wconf 84' lang='grc' dir='ltr'><strong>τὴν</strong></span> <span class='ocrx_word' id='word_1_265' title='bbox 1382 1265 1423 1297; x_wconf 83' lang='grc'>20</span> <span class='ocrx_word' id='word_1_266' title='bbox 1438 1267 1643 1307; x_wconf 87' lang='lat' dir='ltr'><strong>corruptum</strong></span> <span class='ocrx_word' id='word_1_267' title='bbox 1678 1272 1757 1297; x_wconf 86' lang='lat' dir='ltr'><strong>eum</strong></span> <span class='ocrx_word' id='word_1_268' title='bbox 1792 1265 1829 1298; x_wconf 84' lang='lat' dir='ltr'><strong>et</strong></span> <span class='ocrx_word' id='word_1_269' title='bbox 1863 1263 1937 1298; x_wconf 80' lang='lat' dir='ltr'><strong>eius</strong></span> <span class='ocrx_word' id='word_1_270' title='bbox 1973 1262 2129 1298; x_wconf 81' lang='lat' dir='ltr'><strong>officium</strong></span> <span class='ocrx_word' id='word_1_271' title='bbox 2165 1274 2243 1299; x_wconf 79' lang='lat' dir='ltr'><strong>esse</strong></span> <span class='ocrx_word' id='word_1_272' title='bbox 2275 1264 2435 1299; x_wconf 85' lang='lat' dir='ltr'><strong>volumus</strong></span> <span class='ocrx_word' id='word_1_273' title='bbox 2469 1266 2507 1299; x_wconf 87' lang='lat' dir='ltr'><strong>et</strong></span> 
     </span>
     <span class='ocr_line' id='line_1_22' title="bbox 297 1304 2507 1354; baseline 0 -12"><span class='ocrx_word' id='word_1_274' title='bbox 297 1309 318 1342; x_wconf 92' lang='lat'>1</span> <span class='ocrx_word' id='word_1_275' title='bbox 355 1305 542 1341; x_wconf 85' lang='grc' dir='ltr'><strong><em>πολιτείαν</em></strong></span> <span class='ocrx_word' id='word_1_276' title='bbox 565 1306 799 1354; x_wconf 75' lang='grc' dir='ltr'><strong><em>εἰςηγάγσμεν.</em></strong></span> <span class='ocrx_word' id='word_1_277' title='bbox 835 1304 966 1352; x_wconf 81' lang='grc' dir='ltr'><strong><em>Ὥςπερ</em></strong></span> <span class='ocrx_word' id='word_1_278' title='bbox 990 1306 1029 1340; x_wconf 83' lang='grc' dir='ltr'><strong><em>δὲ</em></strong></span> <span class='ocrx_word' id='word_1_279' title='bbox 1045 1304 1158 1342; x_wconf 81' lang='grc' dir='ltr'><strong><em>αὐτὸν</em></strong></span> <span class='ocrx_word' id='word_1_280' title='bbox 1182 1306 1367 1352; x_wconf 78' lang='grc' dir='ltr'><strong><em>ἀδωρότα-</em></strong></span> <span class='ocrx_word' id='word_1_281' title='bbox 1436 1307 1523 1342; x_wconf 87' lang='lat' dir='ltr'><strong>nihil</strong></span> <span class='ocrx_word' id='word_1_282' title='bbox 1556 1311 1657 1342; x_wconf 85' lang='lat' dir='ltr'><strong>extra</strong></span> <span class='ocrx_word' id='word_1_283' title='bbox 1685 1318 1775 1352; x_wconf 86' lang='lat' dir='ltr'><strong>quae</strong></span> <span class='ocrx_word' id='word_1_284' title='bbox 1806 1317 1828 1342; x_wconf 82' lang='lat' dir='ltr'><strong>a</strong></span> <span class='ocrx_word' id='word_1_285' title='bbox 1859 1308 1961 1344; x_wconf 89' lang='lat' dir='ltr'><strong>nobis</strong></span> <span class='ocrx_word' id='word_1_286' title='bbox 1999 1308 2095 1343; x_wconf 89' lang='lat' dir='ltr'><strong>dicta</strong></span> <span class='ocrx_word' id='word_1_287' title='bbox 2126 1311 2212 1344; x_wconf 89' lang='lat' dir='ltr'><strong>sunt</strong></span> <span class='ocrx_word' id='word_1_288' title='bbox 2243 1308 2423 1353; x_wconf 87' lang='lat' dir='ltr'><strong>accipere,</strong></span> <span class='ocrx_word' id='word_1_289' title='bbox 2456 1309 2507 1343; x_wconf 91' lang='lat' dir='ltr'><strong>ita</strong></span> 
     </span>
     <span class='ocr_line' id='line_1_23' title="bbox 296 1348 2507 1398; baseline 0.001 -12"><span class='ocrx_word' id='word_1_290' title='bbox 296 1364 363 1386; x_wconf 86' lang='grc' dir='ltr'><strong>τον</strong></span> <span class='ocrx_word' id='word_1_291' title='bbox 386 1354 444 1385; x_wconf 82' lang='grc' dir='ltr'><strong>καὶ</strong></span> <span class='ocrx_word' id='word_1_292' title='bbox 477 1351 545 1395; x_wconf 80' lang='grc' dir='ltr'><strong>τὴν</strong></span> <span class='ocrx_word' id='word_1_293' title='bbox 570 1348 680 1385; x_wconf 74' lang='grc' dir='ltr'><strong><em>αὐτοῦ</em></strong></span> <span class='ocrx_word' id='word_1_294' title='bbox 709 1352 816 1392; x_wconf 78' lang='grc' dir='ltr'><strong><em>τάξιν</em></strong></span> <span class='ocrx_word' id='word_1_295' title='bbox 838 1352 930 1386; x_wconf 85' lang='grc' dir='ltr'><strong><em>εἶναι</em></strong></span> <span class='ocrx_word' id='word_1_296' title='bbox 951 1351 1165 1396; x_wconf 74' lang='grc' dir='ltr'><strong><em>βουλόμεθα</em></strong></span> <span class='ocrx_word' id='word_1_297' title='bbox 1196 1357 1254 1386; x_wconf 75' lang='grc' dir='ltr'><strong>καὶ</strong></span> <span class='ocrx_word' id='word_1_298' title='bbox 1278 1351 1364 1397; x_wconf 75' lang='grc' dir='ltr'><strong><em>μηδ’</em></strong></span> <span class='ocrx_word' id='word_1_299' title='bbox 1436 1351 1615 1387; x_wconf 83' lang='lat' dir='ltr'><strong>indemnes</strong></span> <span class='ocrx_word' id='word_1_300' title='bbox 1647 1362 1708 1388; x_wconf 90' lang='lat' dir='ltr'><strong>eos</strong></span> <span class='ocrx_word' id='word_1_301' title='bbox 1740 1354 1872 1388; x_wconf 85' lang='lat' dir='ltr'><strong>servari</strong></span> <span class='ocrx_word' id='word_1_302' title='bbox 1902 1353 2076 1396; x_wconf 88' lang='lat' dir='ltr'><strong>iubemus,</strong></span> <span class='ocrx_word' id='word_1_303' title='bbox 2108 1356 2145 1389; x_wconf 90' lang='lat' dir='ltr'><strong>et</strong></span> <span class='ocrx_word' id='word_1_304' title='bbox 2173 1364 2287 1398; x_wconf 89' lang='lat' dir='ltr'><strong>neque</strong></span> <span class='ocrx_word' id='word_1_305' title='bbox 2318 1354 2507 1390; x_wconf 80' lang='lat' dir='ltr'><strong>occasione</strong></span> 
     </span>
     <span class='ocr_line' id='line_1_24' title="bbox 298 1392 2505 1443; baseline 0.001 -13"><span class='ocrx_word' id='word_1_306' title='bbox 298 1394 424 1431; x_wconf 79' lang='grc' dir='ltr'><strong><em>ὁτιοῦν</em></strong></span> <span class='ocrx_word' id='word_1_307' title='bbox 455 1396 527 1437; x_wconf 73' lang='grc' dir='ltr'><strong>ἔξω</strong></span> <span class='ocrx_word' id='word_1_308' title='bbox 558 1397 635 1432; x_wconf 80' lang='grc' dir='ltr'><strong>τῶν</strong></span> <span class='ocrx_word' id='word_1_309' title='bbox 666 1393 754 1442; x_wconf 73' lang='grc' dir='ltr'><strong><em>παρ’</em></strong></span> <span class='ocrx_word' id='word_1_310' title='bbox 781 1394 884 1441; x_wconf 80' lang='grc' dir='ltr'><strong><em>ἡμῶν</em></strong></span> <span class='ocrx_word' id='word_1_311' title='bbox 915 1392 1126 1442; x_wconf 82' lang='grc' dir='ltr'><strong><em>ὦρισμένων</em></strong></span> <span class='ocrx_word' id='word_1_312' title='bbox 1157 1396 1366 1442; x_wconf 78' lang='grc' dir='ltr'><strong><em>λαμβάνειν,</em></strong></span> <span class='ocrx_word' id='word_1_313' title='bbox 1438 1397 1678 1432; x_wconf 69' lang='lat' dir='ltr'><strong>codicillorum</strong></span> <span class='ocrx_word' id='word_1_314' title='bbox 1709 1408 1823 1442; x_wconf 88' lang='lat' dir='ltr'><strong>neque</strong></span> <span class='ocrx_word' id='word_1_315' title='bbox 1853 1409 1918 1443; x_wconf 88' lang='lat' dir='ltr'><strong>per</strong></span> <span class='ocrx_word' id='word_1_316' title='bbox 1941 1399 2164 1434; x_wconf 83' lang='lat' dir='ltr'><strong>occasionem</strong></span> <span class='ocrx_word' id='word_1_317' title='bbox 2194 1408 2413 1434; x_wconf 86' lang='lat' dir='ltr'><strong>annonarum</strong></span> <span class='ocrx_word' id='word_1_318' title='bbox 2444 1408 2505 1434; x_wconf 88' lang='lat' dir='ltr'><strong>ne-</strong></span> 
     </span>
     <span class='ocr_line' id='line_1_25' title="bbox 297 1438 2507 1488; baseline 0.002 -13"><span class='ocrx_word' id='word_1_319' title='bbox 297 1438 395 1475; x_wconf 73' lang='grc' dir='ltr'><strong><em>οῧτω</em></strong></span> <span class='ocrx_word' id='word_1_320' title='bbox 429 1445 488 1475; x_wconf 82' lang='grc' dir='ltr'><strong>καὶ</strong></span> <span class='ocrx_word' id='word_1_321' title='bbox 524 1438 693 1485; x_wconf 74' lang='grc' dir='ltr'><strong><em>ἀζημίους</em></strong></span> <span class='ocrx_word' id='word_1_322' title='bbox 728 1438 856 1476; x_wconf 74' lang='grc' dir='ltr'><strong><em>αὖτοὺς</em></strong></span> <span class='ocrx_word' id='word_1_323' title='bbox 891 1441 1140 1487; x_wconf 71' lang='grc' dir='ltr'><strong><em>φυλάττεσθαι</em></strong></span> <span class='ocrx_word' id='word_1_324' title='bbox 1171 1441 1368 1487; x_wconf 73' lang='grc' dir='ltr'><strong><em>κελεύομεν,</em></strong></span> <span class='ocrx_word' id='word_1_325' title='bbox 1437 1452 1504 1486; x_wconf 87' lang='lat' dir='ltr'><strong>que</strong></span> <span class='ocrx_word' id='word_1_326' title='bbox 1538 1452 1603 1487; x_wconf 84' lang='lat' dir='ltr'><strong>per</strong></span> <span class='ocrx_word' id='word_1_327' title='bbox 1637 1442 1742 1477; x_wconf 73' lang='lat' dir='ltr'><strong>aliam</strong></span> <span class='ocrx_word' id='word_1_328' title='bbox 1779 1443 1973 1488; x_wconf 72' lang='lat' dir='ltr'><strong>quamlibet</strong></span> <span class='ocrx_word' id='word_1_329' title='bbox 2006 1454 2152 1479; x_wconf 79' lang='lat' dir='ltr'><strong>causam</strong></span> <span class='ocrx_word' id='word_1_330' title='bbox 2192 1447 2256 1479; x_wconf 83' lang='lat' dir='ltr'><strong>aut</strong></span> <span class='ocrx_word' id='word_1_331' title='bbox 2293 1444 2330 1478; x_wconf 91' lang='lat' dir='ltr'><strong>in</strong></span> <span class='ocrx_word' id='word_1_332' title='bbox 2366 1454 2507 1479; x_wconf 74' lang='lat' dir='ltr'><strong>sacrum</strong></span> 
     </span>
     <span class='ocr_line' id='line_1_26' title="bbox 298 1486 2505 1532; baseline 0.002 -12"><span class='ocrx_word' id='word_1_333' title='bbox 298 1490 357 1520; x_wconf 81' lang='grc' dir='ltr'><strong>καὶ</strong></span> <span class='ocrx_word' id='word_1_334' title='bbox 388 1486 479 1531; x_wconf 81' lang='grc' dir='ltr'><strong><em>μήτε</em></strong></span> <span class='ocrx_word' id='word_1_335' title='bbox 510 1486 689 1532; x_wconf 84' lang='grc' dir='ltr'><strong><em>προφάσει</em></strong></span> <span class='ocrx_word' id='word_1_336' title='bbox 721 1489 797 1520; x_wconf 81' lang='grc' dir='ltr'><strong>τῶν</strong></span> <span class='ocrx_word' id='word_1_337' title='bbox 828 1486 1023 1531; x_wconf 73' lang='grc' dir='ltr'><strong><em>συμβόλων</em></strong></span> <span class='ocrx_word' id='word_1_338' title='bbox 1053 1487 1142 1531; x_wconf 82' lang='grc' dir='ltr'><strong><em>μήτε</em></strong></span> <span class='ocrx_word' id='word_1_339' title='bbox 1172 1488 1265 1521; x_wconf 72' lang='grc' dir='ltr'><strong><em>κατὰ</em></strong></span> <span class='ocrx_word' id='word_1_340' title='bbox 1299 1487 1368 1531; x_wconf 84' lang='grc' dir='ltr'><strong>τὴν</strong></span> <span class='ocrx_word' id='word_1_341' title='bbox 1382 1490 1423 1522; x_wconf 85' lang='lat'><strong>25</strong></span> <span class='ocrx_word' id='word_1_342' title='bbox 1437 1491 1596 1522; x_wconf 87' lang='lat' dir='ltr'><strong>nostrum</strong></span> <span class='ocrx_word' id='word_1_343' title='bbox 1619 1487 1791 1532; x_wconf 85' lang='lat' dir='ltr'><strong>palatium</strong></span> <span class='ocrx_word' id='word_1_344' title='bbox 1817 1491 1881 1524; x_wconf 83' lang='lat' dir='ltr'><strong>aut</strong></span> <span class='ocrx_word' id='word_1_345' title='bbox 1911 1489 1948 1523; x_wconf 89' lang='lat' dir='ltr'><strong>in</strong></span> <span class='ocrx_word' id='word_1_346' title='bbox 1977 1488 2056 1524; x_wconf 82' lang='lat' dir='ltr'><strong>foro</strong></span> <span class='ocrx_word' id='word_1_347' title='bbox 2089 1494 2173 1524; x_wconf 84' lang='lat' dir='ltr'><strong>tuae</strong></span> <span class='ocrx_word' id='word_1_348' title='bbox 2205 1488 2421 1524; x_wconf 84' lang='lat' dir='ltr'><strong>celsitudinis</strong></span> <span class='ocrx_word' id='word_1_349' title='bbox 2445 1499 2505 1524; x_wconf 91' lang='lat' dir='ltr'><strong>oc-</strong></span> 
     </span>
     <span class='ocr_line' id='line_1_27' title="bbox 297 1530 2507 1578; baseline 0.002 -13"><span class='ocrx_word' id='word_1_350' title='bbox 297 1533 374 1565; x_wconf 82' lang='grc' dir='ltr'><strong>τῶν</strong></span> <span class='ocrx_word' id='word_1_351' title='bbox 406 1531 585 1575; x_wconf 80' lang='grc' dir='ltr'><strong><em>σιτήσεων</em></strong></span> <span class='ocrx_word' id='word_1_352' title='bbox 617 1531 803 1577; x_wconf 85' lang='grc' dir='ltr'><strong><em>πρόφασιν</em></strong></span> <span class='ocrx_word' id='word_1_353' title='bbox 836 1532 926 1576; x_wconf 87' lang='grc' dir='ltr'><strong><em>μήτε</em></strong></span> <span class='ocrx_word' id='word_1_354' title='bbox 957 1530 1040 1566; x_wconf 47' lang='grc' dir='ltr'><strong><em>κατ)</em></strong></span> <span class='ocrx_word' id='word_1_355' title='bbox 1073 1531 1185 1575; x_wconf 75' lang='grc' dir='ltr'><strong><em>ἄλλην</em></strong></span> <span class='ocrx_word' id='word_1_356' title='bbox 1219 1532 1368 1567; x_wconf 83' lang='grc' dir='ltr'><strong><em>οἱανοῦν</em></strong></span> <span class='ocrx_word' id='word_1_357' title='bbox 1437 1533 1579 1567; x_wconf 87' lang='lat' dir='ltr'><strong>casione</strong></span> <span class='ocrx_word' id='word_1_358' title='bbox 1603 1532 1844 1568; x_wconf 87' lang='lat' dir='ltr'><strong>codicillorum</strong></span> <span class='ocrx_word' id='word_1_359' title='bbox 1876 1539 1940 1568; x_wconf 86' lang='lat' dir='ltr'><strong>aut</strong></span> <span class='ocrx_word' id='word_1_360' title='bbox 1963 1536 2236 1578; x_wconf 81' lang='lat' dir='ltr'><strong>praeceptorum</strong></span> <span class='ocrx_word' id='word_1_361' title='bbox 2267 1534 2313 1569; x_wconf 85' lang='lat' dir='ltr'><strong>ali</strong></span> <span class='ocrx_word' id='word_1_362' title='bbox 2339 1534 2399 1569; x_wconf 91' lang='lat' dir='ltr'><strong>uid</strong></span> <span class='ocrx_word' id='word_1_363' title='bbox 2422 1533 2507 1569; x_wconf 75' lang='lat' dir='ltr'><strong>dare</strong></span> 
     </span>
     <span class='ocr_line' id='line_1_28' title="bbox 299 1574 2507 1624; baseline 0.002 -15"><span class='ocrx_word' id='word_1_364' title='bbox 299 1577 420 1611; x_wconf 80' lang='grc' dir='ltr'><strong><em>αἰτίαν</em></strong></span> <span class='ocrx_word' id='word_1_365' title='bbox 448 1575 471 1620; x_wconf 87' lang='grc' dir='ltr'><em>ἢ</em></span> <span class='ocrx_word' id='word_1_366' title='bbox 495 1578 534 1611; x_wconf 79' lang='grc' dir='ltr'><strong>ἐν</strong></span> <span class='ocrx_word' id='word_1_367' title='bbox 557 1578 610 1620; x_wconf 80' lang='grc' dir='ltr'><strong>τῷ</strong></span> <span class='ocrx_word' id='word_1_368' title='bbox 635 1577 730 1620; x_wconf 84' lang='grc' dir='ltr'><strong><em>θείῳ</em></strong></span> <span class='ocrx_word' id='word_1_369' title='bbox 754 1574 857 1621; x_wconf 81' lang='grc' dir='ltr'><strong><em>ἡμῶν</em></strong></span> <span class='ocrx_word' id='word_1_370' title='bbox 882 1576 1047 1620; x_wconf 79' lang='grc' dir='ltr'><strong><em>παλατίῳ</em></strong></span> <span class='ocrx_word' id='word_1_371' title='bbox 1083 1576 1105 1621; x_wconf 83' lang='grc' dir='ltr'><em>ἢ</em></span> <span class='ocrx_word' id='word_1_372' title='bbox 1129 1579 1169 1611; x_wconf 80' lang='grc' dir='ltr'><strong>ἐν</strong></span> <span class='ocrx_word' id='word_1_373' title='bbox 1192 1578 1244 1621; x_wconf 77' lang='grc' dir='ltr'><strong>τῷ</strong></span> <span class='ocrx_word' id='word_1_374' title='bbox 1270 1576 1367 1612; x_wconf 82' lang='grc' dir='ltr'><strong><em>δικα-</em></strong></span> <span class='ocrx_word' id='word_1_375' title='bbox 1437 1588 1532 1612; x_wconf 88' lang='lat' dir='ltr'><strong>nunc</strong></span> <span class='ocrx_word' id='word_1_376' title='bbox 1549 1578 1668 1612; x_wconf 89' lang='lat' dir='ltr'><strong>autin</strong></span> <span class='ocrx_word' id='word_1_377' title='bbox 1687 1577 1807 1614; x_wconf 81' lang='lat' dir='ltr'><strong>futuro</strong></span> <span class='ocrx_word' id='word_1_378' title='bbox 1828 1584 1997 1623; x_wconf 86' lang='lat' dir='ltr'><strong>tempore,</strong></span> <span class='ocrx_word' id='word_1_379' title='bbox 2020 1580 2099 1624; x_wconf 86' lang='lat' dir='ltr'><strong>&lt;aut</strong></span> <span class='ocrx_word' id='word_1_380' title='bbox 2115 1579 2328 1624; x_wconf 81' lang='lat' dir='ltr'><strong>praepositis</strong></span> <span class='ocrx_word' id='word_1_381' title='bbox 2364 1588 2507 1615; x_wconf 79' lang='lat' dir='ltr'><strong>mensae</strong></span> 
     </span>
     <span class='ocr_line' id='line_1_29' title="bbox 299 1618 2508 1669; baseline 0.002 -14"><span class='ocrx_word' id='word_1_382' title='bbox 299 1633 343 1655; x_wconf 84' lang='grc' dir='ltr'><strong>στ</strong></span> <span class='ocrx_word' id='word_1_383' title='bbox 367 1625 433 1667; x_wconf 77' lang='grc' dir='ltr'><strong>ρίῳ</strong></span> <span class='ocrx_word' id='word_1_384' title='bbox 457 1623 519 1665; x_wconf 84' lang='grc' dir='ltr'><strong>τῆς</strong></span> <span class='ocrx_word' id='word_1_385' title='bbox 539 1622 602 1665; x_wconf 81' lang='grc' dir='ltr'><strong><em>σῆς</em></strong></span> <span class='ocrx_word' id='word_1_386' title='bbox 621 1618 794 1667; x_wconf 77' lang='grc' dir='ltr'><strong><em>ὑπεροχῆς</em></strong></span> <span class='ocrx_word' id='word_1_387' title='bbox 817 1622 992 1668; x_wconf 81' lang='grc' dir='ltr'><strong><em>προφάσει</em></strong></span> <span class='ocrx_word' id='word_1_388' title='bbox 1018 1621 1212 1667; x_wconf 80' lang='grc' dir='ltr'><strong><em>συμβόλων</em></strong></span> <span class='ocrx_word' id='word_1_389' title='bbox 1226 1621 1251 1666; x_wconf 83' lang='grc' dir='ltr'><em>ἢ</em></span> <span class='ocrx_word' id='word_1_390' title='bbox 1265 1634 1365 1668; x_wconf 81' lang='grc' dir='ltr'><strong><em>προς·</em></strong></span> <span class='ocrx_word' id='word_1_391' title='bbox 1437 1626 1521 1658; x_wconf 83' lang='lat' dir='ltr'><strong>tuae</strong></span> <span class='ocrx_word' id='word_1_392' title='bbox 1541 1623 1760 1658; x_wconf 86' lang='lat' dir='ltr'><strong>celsitudinis</strong></span> <span class='ocrx_word' id='word_1_393' title='bbox 1785 1624 1975 1659; x_wconf 88' lang='lat' dir='ltr'><strong>occasione</strong></span> <span class='ocrx_word' id='word_1_394' title='bbox 1995 1624 2309 1659; x_wconf 79' lang='lat' dir='ltr'><strong>emolumentorum</strong></span> <span class='ocrx_word' id='word_1_395' title='bbox 2332 1634 2423 1669; x_wconf 84' lang='lat' dir='ltr'><strong>quae</strong></span> <span class='ocrx_word' id='word_1_396' title='bbox 2442 1634 2508 1668; x_wconf 85' lang='lat' dir='ltr'><strong>per</strong></span> 
     </span>
     <span class='ocr_line' id='line_1_30' title="bbox 297 1635 2505 1713; baseline 0.002 -13"><span class='ocrx_word' id='word_1_397' title='bbox 297 1635 438 1706; x_wconf 58' lang='grc' dir='ltr'><strong><em>τάὲεών</em></strong></span> <span class='ocrx_word' id='word_1_398' title='bbox 466 1679 503 1700; x_wconf 89' lang='grc' dir='ltr'><strong>τι</strong></span> <span class='ocrx_word' id='word_1_399' title='bbox 533 1664 678 1701; x_wconf 77' lang='grc' dir='ltr'><strong><em>διδόναι</em></strong></span> <span class='ocrx_word' id='word_1_400' title='bbox 707 1668 775 1701; x_wconf 76' lang='grc' dir='ltr'><strong>νῦν</strong></span> <span class='ocrx_word' id='word_1_401' title='bbox 807 1666 829 1710; x_wconf 85' lang='grc' dir='ltr'><em>ἢ</em></span> <span class='ocrx_word' id='word_1_402' title='bbox 859 1668 906 1700; x_wconf 83' lang='grc' dir='ltr'><strong>εἰς</strong></span> <span class='ocrx_word' id='word_1_403' title='bbox 934 1667 1001 1701; x_wconf 82' lang='grc' dir='ltr'><strong>τὸν</strong></span> <span class='ocrx_word' id='word_1_404' title='bbox 1024 1669 1150 1702; x_wconf 80' lang='grc' dir='ltr'><strong><em>ἔπειτα</em></strong></span> <span class='ocrx_word' id='word_1_405' title='bbox 1172 1667 1314 1712; x_wconf 82' lang='grc' dir='ltr'><strong><em>χρόνον,</em></strong></span> <span class='ocrx_word' id='word_1_406' title='bbox 1345 1666 1368 1711; x_wconf 85' lang='grc' dir='ltr'><em>ἢ</em></span> <span class='ocrx_word' id='word_1_407' title='bbox 1437 1677 1497 1702; x_wconf 90' lang='lat' dir='ltr'><strong>eos</strong></span> <span class='ocrx_word' id='word_1_408' title='bbox 1522 1668 1770 1713; x_wconf 86' lang='lat' dir='ltr'><strong>expenduntur</strong></span> <span class='ocrx_word' id='word_1_409' title='bbox 1800 1669 1831 1704; x_wconf 91' lang='lat' dir='ltr'><strong>ei</strong></span> <span class='ocrx_word' id='word_1_410' title='bbox 1862 1672 1925 1704; x_wconf 84' lang='lat' dir='ltr'><strong>aut</strong></span> <span class='ocrx_word' id='word_1_411' title='bbox 1949 1669 2149 1704; x_wconf 86' lang='lat' dir='ltr'><strong>consiliario</strong></span> <span class='ocrx_word' id='word_1_412' title='bbox 2181 1673 2244 1704; x_wconf 91' lang='lat' dir='ltr'><strong>aut</strong></span> <span class='ocrx_word' id='word_1_413' title='bbox 2273 1669 2348 1704; x_wconf 88' lang='lat' dir='ltr'><strong>eius</strong></span> <span class='ocrx_word' id='word_1_414' title='bbox 2375 1668 2505 1711; x_wconf 82' lang='lat' dir='ltr'><strong>officio,</strong></span> 
     </span>
     <span class='ocr_line' id='line_1_31' title="bbox 297 1709 2507 1759; baseline 0.002 -15"><span class='ocrx_word' id='word_1_415' title='bbox 297 1714 370 1745; x_wconf 82' lang='grc' dir='ltr'><strong><em>τοῖς</em></strong></span> <span class='ocrx_word' id='word_1_416' title='bbox 393 1712 598 1757; x_wconf 82' lang='grc' dir='ltr'><strong><em>προεστῶσι</em></strong></span> <span class='ocrx_word' id='word_1_417' title='bbox 628 1714 691 1756; x_wconf 80' lang='grc' dir='ltr'><strong><em>τῆς</em></strong></span> <span class='ocrx_word' id='word_1_418' title='bbox 722 1714 896 1756; x_wconf 66' lang='grc' dir='ltr'><strong><em>τραπέζης</em></strong></span> <span class='ocrx_word' id='word_1_419' title='bbox 919 1714 981 1755; x_wconf 81' lang='grc' dir='ltr'><strong>τῆς</strong></span> <span class='ocrx_word' id='word_1_420' title='bbox 1004 1713 1066 1755; x_wconf 81' lang='grc' dir='ltr'><strong><em>σῆς</em></strong></span> <span class='ocrx_word' id='word_1_421' title='bbox 1090 1709 1262 1758; x_wconf 79' lang='grc' dir='ltr'><strong><em>ὑπεροχῆς</em></strong></span> <span class='ocrx_word' id='word_1_422' title='bbox 1281 1724 1367 1759; x_wconf 88' lang='grc' dir='ltr'><strong><em>προ-</em></strong></span> <span class='ocrx_word' id='word_1_423' title='bbox 1381 1716 1422 1748; x_wconf 84' lang='lat'><strong>30</strong></span> <span class='ocrx_word' id='word_1_424' title='bbox 1438 1712 1499 1748; x_wconf 92' lang='lat' dir='ltr'><strong>sed</strong></span> <span class='ocrx_word' id='word_1_425' title='bbox 1522 1713 1677 1756; x_wconf 89' lang='lat' dir='ltr'><strong>undique</strong></span> <span class='ocrx_word' id='word_1_426' title='bbox 1707 1714 1757 1749; x_wconf 89' lang='lat' dir='ltr'><strong>eis</strong></span> <span class='ocrx_word' id='word_1_427' title='bbox 1792 1724 1883 1758; x_wconf 80' lang='lat' dir='ltr'><strong>pura</strong></span> <span class='ocrx_word' id='word_1_428' title='bbox 1912 1714 2046 1749; x_wconf 86' lang='lat' dir='ltr'><strong>servari</strong></span> <span class='ocrx_word' id='word_1_429' title='bbox 2080 1723 2171 1758; x_wconf 90' lang='lat' dir='ltr'><strong>quae</strong></span> <span class='ocrx_word' id='word_1_430' title='bbox 2199 1717 2323 1749; x_wconf 77' lang='lat' dir='ltr'><strong>nostra</strong></span> <span class='ocrx_word' id='word_1_431' title='bbox 2345 1715 2507 1758; x_wconf 83' lang='lat' dir='ltr'><strong>largitate</strong></span> 
     </span>
     <span class='ocr_line' id='line_1_32' title="bbox 298 1755 2506 1803; baseline 0.002 -13"><span class='ocrx_word' id='word_1_432' title='bbox 298 1755 406 1802; x_wconf 84' lang='grc' dir='ltr'><strong><em>φάσει</em></strong></span> <span class='ocrx_word' id='word_1_433' title='bbox 429 1756 609 1800; x_wconf 83' lang='grc' dir='ltr'><strong><em>σιτήσεων</em></strong></span> <span class='ocrx_word' id='word_1_434' title='bbox 631 1758 709 1791; x_wconf 86' lang='grc' dir='ltr'><strong>τῶν</strong></span> <span class='ocrx_word' id='word_1_435' title='bbox 734 1755 784 1791; x_wconf 83' lang='grc' dir='ltr'><strong>δι’</strong></span> <span class='ocrx_word' id='word_1_436' title='bbox 813 1755 936 1791; x_wconf 72' lang='grc' dir='ltr'><strong><em>αὐτῶν</em></strong></span> <span class='ocrx_word' id='word_1_437' title='bbox 964 1770 1048 1802; x_wconf 86' lang='grc' dir='ltr'><strong><em>χορη</em></strong></span> <span class='ocrx_word' id='word_1_438' title='bbox 1073 1761 1236 1802; x_wconf 82' lang='grc' dir='ltr'><strong><em>ουμένων</em></strong></span> <span class='ocrx_word' id='word_1_439' title='bbox 1267 1755 1366 1801; x_wconf 81' lang='grc' dir='ltr'><strong><em>αὐτῷ</em></strong></span> <span class='ocrx_word' id='word_1_440' title='bbox 1437 1757 1577 1792; x_wconf 85' lang='lat' dir='ltr'><strong>dantur.</strong></span> <span class='ocrx_word' id='word_1_441' title='bbox 1623 1757 1786 1794; x_wconf 86' lang='lat' dir='ltr'><strong>Sufficiet</strong></span> <span class='ocrx_word' id='word_1_442' title='bbox 1809 1759 1902 1794; x_wconf 89' lang='lat' dir='ltr'><strong>enim</strong></span> <span class='ocrx_word' id='word_1_443' title='bbox 1924 1759 2087 1794; x_wconf 89' lang='lat' dir='ltr'><strong>omnibus</strong></span> <span class='ocrx_word' id='word_1_444' title='bbox 2118 1769 2183 1803; x_wconf 91' lang='lat' dir='ltr'><strong>pro</strong></span> <span class='ocrx_word' id='word_1_445' title='bbox 2206 1758 2344 1794; x_wconf 86' lang='lat' dir='ltr'><strong>medela</strong></span> <span class='ocrx_word' id='word_1_446' title='bbox 2367 1759 2506 1795; x_wconf 88' lang='lat' dir='ltr'><strong>decenti</strong></span> 
     </span>
     <span class='ocr_line' id='line_1_33' title="bbox 299 1771 2503 1849; baseline 0.001 -14"><span class='ocrx_word' id='word_1_447' title='bbox 299 1804 362 1844; x_wconf 84' lang='grc' dir='ltr'><strong><em>[τε]</em></strong></span> <span class='ocrx_word' id='word_1_448' title='bbox 386 1800 409 1844; x_wconf 88' lang='grc' dir='ltr'><em>ἢ</em></span> <span class='ocrx_word' id='word_1_449' title='bbox 431 1800 599 1847; x_wconf 72' lang='grc' dir='ltr'><strong><em>παρέδρῳ</em></strong></span> <span class='ocrx_word' id='word_1_450' title='bbox 624 1799 647 1845; x_wconf 84' lang='grc' dir='ltr'><em>ἢ</em></span> <span class='ocrx_word' id='word_1_451' title='bbox 669 1802 713 1849; x_wconf 79' lang='grc' dir='ltr'><strong>τῇ</strong></span> <span class='ocrx_word' id='word_1_452' title='bbox 739 1800 849 1836; x_wconf 77' lang='grc' dir='ltr'><strong><em>αὐτοῦ</em></strong></span> <span class='ocrx_word' id='word_1_453' title='bbox 873 1802 991 1842; x_wconf 83' lang='grc' dir='ltr'><strong><em>τάξει,</em></strong></span> <span class='ocrx_word' id='word_1_454' title='bbox 1015 1771 1105 1836; x_wconf 54' lang='lat' dir='ltr'><strong>(illa</strong></span> <span class='ocrx_word' id='word_1_455' title='bbox 1130 1802 1369 1845; x_wconf 71' lang='grc' dir='ltr'><strong><em>πανταχόθεν</em></strong></span> <span class='ocrx_word' id='word_1_456' title='bbox 1435 1812 1600 1846; x_wconf 77' lang='lat' dir='ltr'><strong>germane</strong></span> <span class='ocrx_word' id='word_1_457' title='bbox 1621 1813 1702 1838; x_wconf 81' lang='lat' dir='ltr'><strong>eum</strong></span> <span class='ocrx_word' id='word_1_458' title='bbox 1718 1805 1974 1848; x_wconf 76' lang='lat' dir='ltr'><strong>gubernantem</strong></span> <span class='ocrx_word' id='word_1_459' title='bbox 1999 1803 2176 1848; x_wconf 75' lang='lat' dir='ltr'><strong>cingulum</strong></span> <span class='ocrx_word' id='word_1_460' title='bbox 2199 1804 2372 1840; x_wconf 66' lang='lat' dir='ltr'><strong>universis</strong></span> <span class='ocrx_word' id='word_1_461' title='bbox 2396 1804 2503 1839; x_wconf 81' lang='lat' dir='ltr'><strong>utilli-</strong></span> 
     </span>
     <span class='ocr_line' id='line_1_34' title="bbox 299 1843 1643 1894; baseline 0.003 -15"><span class='ocrx_word' id='word_1_462' title='bbox 299 1843 418 1880; x_wconf 83' lang='grc' dir='ltr'><strong><em>αύτοῖς</em></strong></span> <span class='ocrx_word' id='word_1_463' title='bbox 449 1846 598 1892; x_wconf 77' lang='grc' dir='ltr'><strong><em>καθαρὰ</em></strong></span> <span class='ocrx_word' id='word_1_464' title='bbox 623 1846 873 1893; x_wconf 71' lang='grc' dir='ltr'><strong><em>φυλάττεσθαι</em></strong></span> <span class='ocrx_word' id='word_1_465' title='bbox 905 1848 950 1881; x_wconf 84' lang='grc' dir='ltr'><strong>τὰ</strong></span> <span class='ocrx_word' id='word_1_466' title='bbox 975 1848 1073 1892; x_wconf 83' lang='grc' dir='ltr'><strong><em>παρὰ</em></strong></span> <span class='ocrx_word' id='word_1_467' title='bbox 1098 1848 1160 1891; x_wconf 83' lang='grc' dir='ltr'><strong>τῆς</strong></span> <span class='ocrx_word' id='word_1_468' title='bbox 1183 1846 1288 1892; x_wconf 78' lang='grc' dir='ltr'><strong><em>ἡμῶν</em></strong></span> <span class='ocrx_word' id='word_1_469' title='bbox 1311 1861 1368 1894; x_wconf 73' lang='lat' dir='ltr'><strong>‹pc-</strong></span> <span class='ocrx_word' id='word_1_470' title='bbox 1435 1858 1530 1883; x_wconf 89' lang='lat' dir='ltr'><strong>mum</strong></span> <span class='ocrx_word' id='word_1_471' title='bbox 1554 1857 1643 1884; x_wconf 79' lang='lat' dir='ltr'><strong>esse.</strong></span> 
     </span>
     <span class='ocr_line' id='line_1_35' title="bbox 297 1888 1368 1938; baseline 0.001 -13"><span class='ocrx_word' id='word_1_472' title='bbox 297 1890 457 1936; x_wconf 71' lang='grc' dir='ltr'><strong><em>λοτιμίας</em></strong></span> <span class='ocrx_word' id='word_1_473' title='bbox 479 1889 661 1936; x_wconf 79' lang='grc' dir='ltr'><strong><em>διδόμενα.</em></strong></span> <span class='ocrx_word' id='word_1_474' title='bbox 710 1888 851 1937; x_wconf 73' lang='grc' dir='ltr'><strong><em>ἀρκέσει</em></strong></span> <span class='ocrx_word' id='word_1_475' title='bbox 880 1892 950 1938; x_wconf 75' lang='grc' dir='ltr'><strong><em>γὰρ</em></strong></span> <span class='ocrx_word' id='word_1_476' title='bbox 978 1888 1119 1927; x_wconf 76' lang='grc' dir='ltr'><strong><em>ἅπασιν</em></strong></span> <span class='ocrx_word' id='word_1_477' title='bbox 1150 1889 1234 1927; x_wconf 63' lang='lat' dir='ltr'><strong>(ivri</strong></span> <span class='ocrx_word' id='word_1_478' title='bbox 1258 1893 1368 1938; x_wconf 74' lang='grc' dir='ltr'><strong><em>θερα-</em></strong></span> 
     </span>
     <span class='ocr_line' id='line_1_36' title="bbox 297 1934 1422 1983; baseline 0.003 -13"><span class='ocrx_word' id='word_1_479' title='bbox 297 1940 400 1970; x_wconf 87' lang='grc' dir='ltr'><strong><em>πείας</em></strong></span> <span class='ocrx_word' id='word_1_480' title='bbox 431 1936 635 1981; x_wconf 79' lang='grc' dir='ltr'><strong><em>πρεπούσης</em></strong></span> <span class='ocrx_word' id='word_1_481' title='bbox 663 1936 705 1971; x_wconf 84' lang='grc' dir='ltr'><strong>τὸ</strong></span> <span class='ocrx_word' id='word_1_482' title='bbox 729 1941 885 1983; x_wconf 76' lang='grc' dir='ltr'><strong><em>γνησίως</em></strong></span> <span class='ocrx_word' id='word_1_483' title='bbox 909 1934 1024 1971; x_wconf 79' lang='grc' dir='ltr'><strong><em>αὐτὸν</em></strong></span> <span class='ocrx_word' id='word_1_484' title='bbox 1046 1939 1277 1983; x_wconf 83' lang='grc' dir='ltr'><strong><em>κυβερνῶντα</em></strong></span> <span class='ocrx_word' id='word_1_485' title='bbox 1301 1938 1369 1982; x_wconf 82' lang='grc' dir='ltr'><strong>τὴν</strong></span> <span class='ocrx_word' id='word_1_486' title='bbox 1381 1940 1422 1973; x_wconf 83' lang='grc'><strong>35</strong></span> 
     </span>
     <span class='ocr_line' id='line_1_37' title="bbox 297 1978 1008 2037; baseline 0.001 -23"><span class='ocrx_word' id='word_1_487' title='bbox 297 1978 411 2037; x_wconf 52' lang='grc' dir='ltr'><strong><em>ἇρζὴν</em></strong></span> <span class='ocrx_word' id='word_1_488' title='bbox 434 1978 575 2017; x_wconf 80' lang='grc' dir='ltr'><strong><em>ἅπασιν</em></strong></span> <span class='ocrx_word' id='word_1_489' title='bbox 598 1979 882 2029; x_wconf 73' lang='grc' dir='ltr'><strong><em>ὠφελιμώτατον</em></strong></span> <span class='ocrx_word' id='word_1_490' title='bbox 907 1982 1008 2016; x_wconf 85' lang='grc' dir='ltr'><strong><em>εἶναι.</em></strong></span> 
     </span>
    </p>

    <p class='ocr_par' dir='ltr' id='par_1_6' title="bbox 296 2023 2504 2119">
     <span class='ocr_line' id='line_1_38' title="bbox 340 2023 2504 2074; baseline 0.001 -13"><span class='ocrx_word' id='word_1_491' title='bbox 340 2025 607 2074; x_wconf 64' lang='lat' dir='ltr'><strong>&lt;Exti-070⁶.)</strong></span> <span class='ocrx_word' id='word_1_492' title='bbox 652 2027 701 2060; x_wconf 85' lang='grc' dir='ltr'><strong>Τὰ</strong></span> <span class='ocrx_word' id='word_1_493' title='bbox 722 2031 846 2061; x_wconf 85' lang='grc' dir='ltr'><strong><em>τοίνυν</em></strong></span> <span class='ocrx_word' id='word_1_494' title='bbox 865 2027 918 2070; x_wconf 76' lang='grc' dir='ltr'><strong>τῷ</strong></span> <span class='ocrx_word' id='word_1_495' title='bbox 943 2023 1103 2073; x_wconf 81' lang='grc' dir='ltr'><strong><em>ἡμετέρῳ</em></strong></span> <span class='ocrx_word' id='word_1_496' title='bbox 1126 2027 1366 2073; x_wconf 84' lang='grc' dir='ltr'><strong><em>παραστάντα</em></strong></span> <span class='ocrx_word' id='word_1_497' title='bbox 1477 2027 1746 2072; x_wconf 81' lang='lat' dir='ltr'><strong>(Epilogus.)</strong></span> <span class='ocrx_word' id='word_1_498' title='bbox 1787 2027 1886 2069; x_wconf 87' lang='lat' dir='ltr'><strong>Quae</strong></span> <span class='ocrx_word' id='word_1_499' title='bbox 1908 2027 2016 2072; x_wconf 83' lang='lat' dir='ltr'><strong>igitur</strong></span> <span class='ocrx_word' id='word_1_500' title='bbox 2040 2031 2183 2063; x_wconf 78' lang='lat' dir='ltr'><strong>nostrae</strong></span> <span class='ocrx_word' id='word_1_501' title='bbox 2206 2028 2420 2073; x_wconf 88' lang='lat' dir='ltr'><strong>placuerunt</strong></span> <span class='ocrx_word' id='word_1_502' title='bbox 2440 2040 2504 2074; x_wconf 89' lang='lat' dir='ltr'><strong>po·</strong></span> 
     </span>
     <span class='ocr_line' id='line_1_39' title="bbox 296 2068 2504 2119; baseline 0.001 -13"><span class='ocrx_word' id='word_1_503' title='bbox 296 2071 419 2119; x_wconf 75' lang='grc' dir='ltr'><strong><em>κράτει</em></strong></span> <span class='ocrx_word' id='word_1_504' title='bbox 447 2071 673 2119; x_wconf 78' lang='grc' dir='ltr'><strong><em>γινώσκουσα</em></strong></span> <span class='ocrx_word' id='word_1_505' title='bbox 703 2069 726 2116; x_wconf 85' lang='grc' dir='ltr'><em>ἡ</em></span> <span class='ocrx_word' id='word_1_506' title='bbox 758 2072 803 2116; x_wconf 83' lang='grc' dir='ltr'><strong><em>σὴ</em></strong></span> <span class='ocrx_word' id='word_1_507' title='bbox 833 2069 986 2118; x_wconf 82' lang='grc' dir='ltr'><strong><em>ὑπεροχὴ</em></strong></span> <span class='ocrx_word' id='word_1_508' title='bbox 1011 2068 1161 2107; x_wconf 81' lang='grc' dir='ltr'><strong><em>ἅπαντα</em></strong></span> <span class='ocrx_word' id='word_1_509' title='bbox 1188 2073 1235 2106; x_wconf 87' lang='grc' dir='ltr'><strong>εἰς</strong></span> <span class='ocrx_word' id='word_1_510' title='bbox 1261 2074 1366 2119; x_wconf 77' lang='grc' dir='ltr'><strong><em>ἔργον</em></strong></span> <span class='ocrx_word' id='word_1_511' title='bbox 1434 2074 1571 2114; x_wconf 77' lang='lat' dir='ltr'><strong>testati,</strong></span> <span class='ocrx_word' id='word_1_512' title='bbox 1606 2082 1823 2117; x_wconf 74' lang='lat' dir='ltr'><strong>cognoscens</strong></span> <span class='ocrx_word' id='word_1_513' title='bbox 1847 2076 1910 2107; x_wconf 81' lang='lat' dir='ltr'><strong>tua.</strong></span> <span class='ocrx_word' id='word_1_514' title='bbox 1930 2072 2102 2108; x_wconf 83' lang='lat' dir='ltr'><strong>celsitudo</strong></span> <span class='ocrx_word' id='word_1_515' title='bbox 2127 2074 2245 2109; x_wconf 72' lang='lat' dir='ltr'><strong>omnia</strong></span> <span class='ocrx_word' id='word_1_516' title='bbox 2269 2073 2315 2108; x_wconf 68' lang='lat' dir='ltr'><strong>ad</strong></span> <span class='ocrx_word' id='word_1_517' title='bbox 2339 2073 2504 2109; x_wconf 85' lang='lat' dir='ltr'><strong>effectum</strong></span> 
     </span>
    </p>
   </div>
   <div class='ocr_carea' id='block_1_5' title="bbox 294 2226 2508 3042">
    <p class='ocr_par' dir='ltr' id='par_1_7' title="bbox 296 2226 2506 2365">
     <span class='ocr_line' id='line_1_40' title="bbox 296 2226 2506 2276; baseline 0.001 -12"><span class='ocrx_word' id='word_1_518' title='bbox 296 2229 400 2265; x_wconf 86' lang='lat' dir='ltr'><strong>bitur.</strong></span> <span class='ocrx_word' id='word_1_519' title='bbox 448 2228 491 2264; x_wconf 84' lang='lat' dir='ltr'><strong>Si</strong></span> <span class='ocrx_word' id='word_1_520' title='bbox 513 2238 605 2274; x_wconf 90' lang='lat' dir='ltr'><strong>quos</strong></span> <span class='ocrx_word' id='word_1_521' title='bbox 627 2238 710 2263; x_wconf 88' lang='lat' dir='ltr'><strong>vero</strong></span> <span class='ocrx_word' id='word_1_522' title='bbox 738 2226 782 2262; x_wconf 87' lang='lat' dir='ltr'><strong>de</strong></span> <span class='ocrx_word' id='word_1_523' title='bbox 803 2227 929 2273; x_wconf 81' lang='lat' dir='ltr'><strong>officio</strong></span> <span class='ocrx_word' id='word_1_524' title='bbox 953 2238 1018 2263; x_wconf 86' lang='lat' dir='ltr'><strong>suo</strong></span> <span class='ocrx_word' id='word_1_525' title='bbox 1035 2227 1222 2274; x_wconf 78' lang='lat' dir='ltr'><strong>placuerit</strong></span> <span class='ocrx_word' id='word_1_526' title='bbox 1250 2228 1284 2264; x_wconf 89' lang='lat' dir='ltr'><strong>ei</strong></span> <span class='ocrx_word' id='word_1_527' title='bbox 1306 2228 1344 2263; x_wconf 87' lang='lat' dir='ltr'><strong>in</strong></span> <span class='ocrx_word' id='word_1_528' title='bbox 1366 2227 1583 2263; x_wconf 84' lang='lat' dir='ltr'><strong>stationibus</strong></span> <span class='ocrx_word' id='word_1_529' title='bbox 1606 2238 1699 2273; x_wconf 89' lang='lat' dir='ltr'><strong>quae</strong></span> <span class='ocrx_word' id='word_1_530' title='bbox 1724 2232 1826 2262; x_wconf 86' lang='lat' dir='ltr'><strong>trans</strong></span> <span class='ocrx_word' id='word_1_531' title='bbox 1848 2238 1947 2262; x_wconf 88' lang='lat' dir='ltr'><strong>mare</strong></span> <span class='ocrx_word' id='word_1_532' title='bbox 1974 2233 2058 2264; x_wconf 87' lang='lat' dir='ltr'><strong>sunt</strong></span> <span class='ocrx_word' id='word_1_533' title='bbox 2081 2228 2271 2272; x_wconf 88' lang='lat' dir='ltr'><strong>collocare,</strong></span> <span class='ocrx_word' id='word_1_534' title='bbox 2302 2231 2367 2276; x_wconf 85' lang='lat' dir='ltr'><strong>qui</strong></span> <span class='ocrx_word' id='word_1_535' title='bbox 2386 2235 2423 2267; x_wconf 88' lang='lat' dir='ltr'><strong>et</strong></span> <span class='ocrx_word' id='word_1_536' title='bbox 2443 2242 2506 2267; x_wconf 85' lang='lat' dir='ltr'><strong>eos</strong></span> 
     </span>
     <span class='ocr_line' id='line_1_41' title="bbox 324 2271 2505 2320; baseline 0.001 -11"><span class='ocrx_word' id='word_1_537' title='bbox 324 2275 362 2309; x_wconf 83' lang='lat' dir='ltr'><strong>ui</strong></span> <span class='ocrx_word' id='word_1_538' title='bbox 382 2274 606 2309; x_wconf 76' lang='lat' dir='ltr'><strong>extrinsecus</strong></span> <span class='ocrx_word' id='word_1_539' title='bbox 629 2272 824 2308; x_wconf 85' lang='lat' dir='ltr'><strong>adveniunt</strong></span> <span class='ocrx_word' id='word_1_540' title='bbox 839 2277 1117 2318; x_wconf 74' lang='lat' dir='ltr'><strong>perscrutentur</strong></span> <span class='ocrx_word' id='word_1_541' title='bbox 1139 2277 1177 2309; x_wconf 88' lang='lat' dir='ltr'><strong>et</strong></span> <span class='ocrx_word' id='word_1_542' title='bbox 1189 2283 1249 2309; x_wconf 90' lang='lat' dir='ltr'><strong>eos</strong></span> <span class='ocrx_word' id='word_1_543' title='bbox 1272 2273 1335 2319; x_wconf 89' lang='lat' dir='ltr'><strong>qui</strong></span> <span class='ocrx_word' id='word_1_544' title='bbox 1357 2272 1441 2308; x_wconf 76' lang='lat' dir='ltr'><strong>hinc</strong></span> <span class='ocrx_word' id='word_1_545' title='bbox 1458 2271 1686 2308; x_wconf 86' lang='lat' dir='ltr'><strong>dimittuntur</strong></span> <span class='ocrx_word' id='word_1_546' title='bbox 1704 2272 1939 2318; x_wconf 81' lang='lat' dir='ltr'><strong>suscipientes</strong></span> <span class='ocrx_word' id='word_1_547' title='bbox 1961 2273 1999 2307; x_wconf 90' lang='lat' dir='ltr'><strong>in</strong></span> <span class='ocrx_word' id='word_1_548' title='bbox 2015 2274 2229 2320; x_wconf 87' lang='lat' dir='ltr'><strong>provincias</strong></span> <span class='ocrx_word' id='word_1_549' title='bbox 2249 2276 2505 2319; x_wconf 82' lang='lat' dir='ltr'><strong>transmittant,</strong></span> 
     </span>
     <span class='ocr_line' id='line_1_42' title="bbox 297 2285 1504 2365; baseline -0.002 -10"><span class='ocrx_word' id='word_1_550' title='bbox 297 2285 365 2355; x_wconf 57' lang='lat' dir='ltr'><strong>Zoc</strong></span> <span class='ocrx_word' id='word_1_551' title='bbox 388 2329 460 2365; x_wconf 90' lang='lat' dir='ltr'><strong>quo</strong></span> <span class='ocrx_word' id='word_1_552' title='bbox 488 2329 530 2354; x_wconf 86' lang='lat' dir='ltr'><strong>ue</strong></span> <span class='ocrx_word' id='word_1_553' title='bbox 553 2322 642 2365; x_wconf 80' lang='lat' dir='ltr'><strong>aqat</strong></span> <span class='ocrx_word' id='word_1_554' title='bbox 663 2317 882 2363; x_wconf 85' lang='lat' dir='ltr'><strong>reipublicae</strong></span> <span class='ocrx_word' id='word_1_555' title='bbox 907 2317 1095 2353; x_wconf 76' lang='lat' dir='ltr'><strong>utilitatem</strong></span> <span class='ocrx_word' id='word_1_556' title='bbox 1118 2329 1186 2364; x_wconf 85' lang='lat' dir='ltr'><strong>per</strong></span> <span class='ocrx_word' id='word_1_557' title='bbox 1210 2318 1331 2354; x_wconf 87' lang='lat' dir='ltr'><strong>omnia</strong></span> <span class='ocrx_word' id='word_1_558' title='bbox 1351 2322 1504 2354; x_wconf 86' lang='lat' dir='ltr'><strong>sectans.</strong></span> 
     </span>
    </p>

    <p class='ocr_par' dir='ltr' id='par_1_8' title="bbox 294 2329 2508 2995">
     <span class='ocr_line' id='line_1_43' title="bbox 432 2329 2506 2410; baseline 0.001 -11"><span class='ocrx_word' id='word_1_559' title='bbox 432 2329 485 2399; x_wconf 42' lang='lat' dir='ltr'><strong>X?</strong></span> <span class='ocrx_word' id='word_1_560' title='bbox 526 2362 628 2399; x_wconf 84' lang='lat' dir='ltr'><strong>Haec</strong></span> <span class='ocrx_word' id='word_1_561' title='bbox 653 2363 774 2398; x_wconf 86' lang='lat' dir='ltr'><strong>omnia</strong></span> <span class='ocrx_word' id='word_1_562' title='bbox 796 2362 978 2398; x_wconf 82' lang='lat' dir='ltr'><strong>sancimus</strong></span> <span class='ocrx_word' id='word_1_563' title='bbox 1007 2363 1175 2399; x_wconf 87' lang='lat' dir='ltr'><strong>subiectis</strong></span> <span class='ocrx_word' id='word_1_564' title='bbox 1206 2363 1341 2399; x_wconf 83' lang='lat' dir='ltr'><strong>nostris</strong></span> <span class='ocrx_word' id='word_1_565' title='bbox 1369 2363 1652 2410; x_wconf 84' lang='lat' dir='ltr'><strong>prospicientes,</strong></span> <span class='ocrx_word' id='word_1_566' title='bbox 1681 2374 1727 2398; x_wconf 85' lang='lat' dir='ltr'><strong>ne</strong></span> <span class='ocrx_word' id='word_1_567' title='bbox 1747 2363 1881 2409; x_wconf 84' lang='lat' dir='ltr'><strong>patriis</strong></span> <span class='ocrx_word' id='word_1_568' title='bbox 1903 2363 1981 2398; x_wconf 83' lang='lat' dir='ltr'><strong>suis</strong></span> <span class='ocrx_word' id='word_1_569' title='bbox 2004 2363 2206 2399; x_wconf 83' lang='lat' dir='ltr'><strong>civitatibus</strong></span> <span class='ocrx_word' id='word_1_570' title='bbox 2228 2365 2365 2401; x_wconf 87' lang='lat' dir='ltr'><strong>relictis</strong></span> <span class='ocrx_word' id='word_1_571' title='bbox 2388 2365 2446 2402; x_wconf 75' lang='lat' dir='ltr'><strong>hic</strong></span> <span class='ocrx_word' id='word_1_572' title='bbox 2468 2367 2506 2402; x_wconf 85' lang='lat' dir='ltr'><strong>in</strong></span> 
     </span>
     <span class='ocr_line' id='line_1_44' title="bbox 296 2407 2507 2461; baseline 0.001 -16"><span class='ocrx_word' id='word_1_573' title='bbox 296 2409 441 2444; x_wconf 89' lang='lat' dir='ltr'><strong>miseria</strong></span> <span class='ocrx_word' id='word_1_574' title='bbox 470 2413 668 2450; x_wconf 86' lang='lat' dir='ltr'><strong>versentur,</strong></span> <span class='ocrx_word' id='word_1_575' title='bbox 708 2407 796 2454; x_wconf 87' lang='lat' dir='ltr'><strong>quin</strong></span> <span class='ocrx_word' id='word_1_576' title='bbox 826 2408 929 2453; x_wconf 83' lang='lat' dir='ltr'><strong>forte</strong></span> <span class='ocrx_word' id='word_1_577' title='bbox 960 2407 1164 2443; x_wconf 86' lang='lat' dir='ltr'><strong>moriantur</strong></span> <span class='ocrx_word' id='word_1_578' title='bbox 1201 2408 1308 2444; x_wconf 86' lang='lat' dir='ltr'><strong>rebus</strong></span> <span class='ocrx_word' id='word_1_579' title='bbox 1337 2408 1414 2444; x_wconf 87' lang='lat' dir='ltr'><strong>suis</strong></span> <span class='ocrx_word' id='word_1_580' title='bbox 1442 2408 1580 2461; x_wconf 87' lang='lat' dir='ltr'><strong>privati</strong></span> <span class='ocrx_word' id='word_1_581' title='bbox 1615 2418 1660 2443; x_wconf 91' lang='lat' dir='ltr'><strong>ac</strong></span> <span class='ocrx_word' id='word_1_582' title='bbox 1691 2419 1736 2442; x_wconf 87' lang='lat' dir='ltr'><strong>ne</strong></span> <span class='ocrx_word' id='word_1_583' title='bbox 1766 2407 1945 2454; x_wconf 83' lang='lat' dir='ltr'><strong>sepulcris</strong></span> <span class='ocrx_word' id='word_1_584' title='bbox 1975 2408 2116 2454; x_wconf 89' lang='lat' dir='ltr'><strong>quidem</strong></span> <span class='ocrx_word' id='word_1_585' title='bbox 2142 2410 2309 2455; x_wconf 87' lang='lat' dir='ltr'><strong>paternis</strong></span> <span class='ocrx_word' id='word_1_586' title='bbox 2366 2411 2507 2447; x_wconf 77' lang='lat' dir='ltr'><strong>orituri:</strong></span> 
     </span>
     <span class='ocr_line' id='line_1_45' title="bbox 296 2452 2506 2500; baseline 0.001 -11"><span class='ocrx_word' id='word_1_587' title='bbox 296 2454 466 2500; x_wconf 83' lang='lat' dir='ltr'><strong>quoniam</strong></span> <span class='ocrx_word' id='word_1_588' title='bbox 490 2453 597 2490; x_wconf 87' lang='lat' dir='ltr'><strong>etiam</strong></span> <span class='ocrx_word' id='word_1_589' title='bbox 621 2453 687 2499; x_wconf 87' lang='lat' dir='ltr'><strong>qui</strong></span> <span class='ocrx_word' id='word_1_590' title='bbox 709 2456 793 2488; x_wconf 88' lang='lat' dir='ltr'><strong>ante</strong></span> <span class='ocrx_word' id='word_1_591' title='bbox 816 2463 883 2488; x_wconf 88' lang='lat' dir='ltr'><strong>nos</strong></span> <span class='ocrx_word' id='word_1_592' title='bbox 907 2453 1005 2499; x_wconf 77' lang='lat' dir='ltr'><strong>leqes</strong></span> <span class='ocrx_word' id='word_1_593' title='bbox 1029 2453 1189 2489; x_wconf 85' lang='lat' dir='ltr'><strong>tulerunt</strong></span> <span class='ocrx_word' id='word_1_594' title='bbox 1210 2457 1247 2490; x_wconf 90' lang='lat' dir='ltr'><strong>et</strong></span> <span class='ocrx_word' id='word_1_595' title='bbox 1268 2463 1327 2489; x_wconf 87' lang='lat' dir='ltr'><strong>res</strong></span> <span class='ocrx_word' id='word_1_596' title='bbox 1342 2452 1803 2500; x_wconf 70' lang='lat' dir='ltr'><strong>publicas-constituerunt</strong></span> <span class='ocrx_word' id='word_1_597' title='bbox 1832 2452 1887 2488; x_wconf 70' lang='lat' dir='ltr'><strong>liis</strong></span> <span class='ocrx_word' id='word_1_598' title='bbox 1912 2463 1984 2488; x_wconf 91' lang='lat' dir='ltr'><strong>non</strong></span> <span class='ocrx_word' id='word_1_599' title='bbox 2010 2453 2126 2489; x_wconf 84' lang='lat' dir='ltr'><strong>obiter</strong></span> <span class='ocrx_word' id='word_1_600' title='bbox 2149 2465 2296 2499; x_wconf 86' lang='lat' dir='ltr'><strong>operam</strong></span> <span class='ocrx_word' id='word_1_601' title='bbox 2345 2456 2506 2499; x_wconf 86' lang='lat' dir='ltr'><strong>ederunt,</strong></span> 
     </span>
     <span class='ocr_line' id='line_1_46' title="bbox 296 2497 2508 2548; baseline 0.002 -14"><span class='ocrx_word' id='word_1_602' title='bbox 296 2510 419 2535; x_wconf 72' lang='lat' dir='ltr'><strong>vetum</strong></span> <span class='ocrx_word' id='word_1_603' title='bbox 452 2503 487 2534; x_wconf 90' lang='lat' dir='ltr'><strong>et</strong></span> <span class='ocrx_word' id='word_1_604' title='bbox 518 2498 730 2535; x_wconf 80' lang='lat' dir='ltr'><strong>cessationis</strong></span> <span class='ocrx_word' id='word_1_605' title='bbox 761 2498 937 2543; x_wconf 84' lang='lat' dir='ltr'><strong>quaedam</strong></span> <span class='ocrx_word' id='word_1_606' title='bbox 970 2498 1066 2534; x_wconf 82' lang='lat' dir='ltr'><strong>actio</strong></span> <span class='ocrx_word' id='word_1_607' title='bbox 1097 2503 1179 2534; x_wconf 90' lang='lat' dir='ltr'><strong>erat</strong></span> <span class='ocrx_word' id='word_1_608' title='bbox 1209 2502 1245 2535; x_wconf 88' lang='lat' dir='ltr'><strong>et</strong></span> <span class='ocrx_word' id='word_1_609' title='bbox 1299 2499 1550 2545; x_wconf 80' lang='lat' dir='ltr'><strong>ereqrinorum</strong></span> <span class='ocrx_word' id='word_1_610' title='bbox 1580 2509 1640 2533; x_wconf 88' lang='lat' dir='ltr'><strong>res</strong></span> <span class='ocrx_word' id='word_1_611' title='bbox 1670 2508 1793 2533; x_wconf 85' lang='lat' dir='ltr'><strong>omnes</strong></span> <span class='ocrx_word' id='word_1_612' title='bbox 1820 2497 1974 2534; x_wconf 83' lang='lat' dir='ltr'><strong>sollicite</strong></span> <span class='ocrx_word' id='word_1_613' title='bbox 1999 2499 2333 2545; x_wconf 81' lang='lat' dir='ltr'><strong>perscrutabantur.</strong></span> <span class='ocrx_word' id='word_1_614' title='bbox 2382 2500 2508 2548; x_wconf 84' lang='lat' dir='ltr'><strong>Neque</strong></span> 
     </span>
     <span class='ocr_line' id='line_1_47' title="bbox 296 2542 2507 2590; baseline 0.001 -10"><span class='ocrx_word' id='word_1_615' title='bbox 296 2555 427 2580; x_wconf 87' lang='lat' dir='ltr'><strong>novum</strong></span> <span class='ocrx_word' id='word_1_616' title='bbox 443 2543 542 2579; x_wconf 85' lang='lat' dir='ltr'><strong>istud</strong></span> <span class='ocrx_word' id='word_1_617' title='bbox 556 2548 611 2579; x_wconf 87' lang='lat' dir='ltr'><strong>est</strong></span> <span class='ocrx_word' id='word_1_618' title='bbox 625 2549 689 2579; x_wconf 86' lang='lat' dir='ltr'><strong>aut</strong></span> <span class='ocrx_word' id='word_1_619' title='bbox 706 2542 889 2578; x_wconf 87' lang='lat' dir='ltr'><strong>insolitum</strong></span> <span class='ocrx_word' id='word_1_620' title='bbox 913 2553 962 2579; x_wconf 78' lang='lat' dir='ltr'><strong>eoe</strong></span> <span class='ocrx_word' id='word_1_621' title='bbox 977 2553 1098 2579; x_wconf 86' lang='lat' dir='ltr'><strong>rerum</strong></span> <span class='ocrx_word' id='word_1_622' title='bbox 1113 2554 1182 2579; x_wconf 90' lang='lat' dir='ltr'><strong>usu</strong></span> <span class='ocrx_word' id='word_1_623' title='bbox 1197 2547 1256 2580; x_wconf 79' lang='lat' dir='ltr'><strong>stu</strong></span> <span class='ocrx_word' id='word_1_624' title='bbox 1289 2543 1366 2586; x_wconf 59' lang='grc' dir='ltr'><strong><em>ἀτη,</em></strong></span> <span class='ocrx_word' id='word_1_625' title='bbox 1389 2543 1454 2579; x_wconf 88' lang='lat' dir='ltr'><strong>sed</strong></span> <span class='ocrx_word' id='word_1_626' title='bbox 1468 2543 1598 2579; x_wconf 88' lang='lat' dir='ltr'><strong>bonum</strong></span> <span class='ocrx_word' id='word_1_627' title='bbox 1617 2546 1652 2578; x_wconf 90' lang='lat' dir='ltr'><strong>et</strong></span> <span class='ocrx_word' id='word_1_628' title='bbox 1667 2543 1743 2578; x_wconf 83' lang='lat' dir='ltr'><strong>anti</strong></span> <span class='ocrx_word' id='word_1_629' title='bbox 1771 2553 1873 2587; x_wconf 88' lang='lat' dir='ltr'><strong>uum,</strong></span> <span class='ocrx_word' id='word_1_630' title='bbox 1895 2542 1994 2589; x_wconf 88' lang='lat' dir='ltr'><strong>quod</strong></span> <span class='ocrx_word' id='word_1_631' title='bbox 2009 2547 2126 2579; x_wconf 86' lang='lat' dir='ltr'><strong>tamen</strong></span> <span class='ocrx_word' id='word_1_632' title='bbox 2142 2544 2342 2590; x_wconf 78' lang='lat' dir='ltr'><strong>neqlectum</strong></span> <span class='ocrx_word' id='word_1_633' title='bbox 2365 2546 2507 2582; x_wconf 82' lang='lat' dir='ltr'><strong>interim</strong></span> 
     </span>
     <span class='ocr_line' id='line_1_48' title="bbox 294 2587 2508 2637; baseline 0.001 -12"><span class='ocrx_word' id='word_1_634' title='bbox 294 2600 364 2637; x_wconf 89' lang='lat' dir='ltr'><strong>per</strong></span> <span class='ocrx_word' id='word_1_635' title='bbox 386 2599 465 2625; x_wconf 85' lang='lat' dir='ltr'><strong>cam</strong></span> <span class='ocrx_word' id='word_1_636' title='bbox 487 2599 581 2635; x_wconf 88' lang='lat' dir='ltr'><strong>quae</strong></span> <span class='ocrx_word' id='word_1_637' title='bbox 605 2588 725 2624; x_wconf 88' lang='lat' dir='ltr'><strong>omnia</strong></span> <span class='ocrx_word' id='word_1_638' title='bbox 749 2587 962 2624; x_wconf 75' lang='lat' dir='ltr'><strong>detrimento</strong></span> <span class='ocrx_word' id='word_1_639' title='bbox 987 2588 1107 2634; x_wconf 82' lang='lat' dir='ltr'><strong>afficit</strong></span> <span class='ocrx_word' id='word_1_640' title='bbox 1129 2588 1335 2624; x_wconf 85' lang='lat' dir='ltr'><strong>socordiam</strong></span> <span class='ocrx_word' id='word_1_641' title='bbox 1352 2588 1548 2636; x_wconf 85' lang='lat' dir='ltr'><strong>paullatim</strong></span> <span class='ocrx_word' id='word_1_642' title='bbox 1568 2587 1736 2635; x_wconf 82' lang='lat' dir='ltr'><strong>periclita</strong></span> <span class='ocrx_word' id='word_1_643' title='bbox 1761 2592 1845 2623; x_wconf 90' lang='lat' dir='ltr'><strong>atur</strong></span> <span class='ocrx_word' id='word_1_644' title='bbox 1868 2588 2052 2634; x_wconf 88' lang='lat' dir='ltr'><strong>corrumpi</strong></span> <span class='ocrx_word' id='word_1_645' title='bbox 2070 2593 2105 2624; x_wconf 86' lang='lat' dir='ltr'><strong>et</strong></span> <span class='ocrx_word' id='word_1_646' title='bbox 2123 2589 2268 2635; x_wconf 82' lang='lat' dir='ltr'><strong>perimi,</strong></span> <span class='ocrx_word' id='word_1_647' title='bbox 2302 2590 2417 2627; x_wconf 85' lang='lat' dir='ltr'><strong>donec</strong></span> <span class='ocrx_word' id='word_1_648' title='bbox 2439 2603 2508 2628; x_wconf 84' lang='lat' dir='ltr'><strong>nos</strong></span> 
     </span>
     <span class='ocr_line' id='line_1_49' title="bbox 296 2632 2506 2681; baseline 0 -10"><span class='ocrx_word' id='word_1_649' title='bbox 296 2637 318 2671; x_wconf 94' lang='lat'><strong>1</strong></span> <span class='ocrx_word' id='word_1_650' title='bbox 364 2640 609 2681; x_wconf 83' lang='lat' dir='ltr'><strong>opportunum</strong></span> <span class='ocrx_word' id='word_1_651' title='bbox 632 2638 667 2669; x_wconf 88' lang='lat' dir='ltr'><strong>et</strong></span> <span class='ocrx_word' id='word_1_652' title='bbox 689 2632 914 2669; x_wconf 84' lang='lat' dir='ltr'><strong>utilissimum</strong></span> <span class='ocrx_word' id='word_1_653' title='bbox 937 2633 977 2669; x_wconf 84' lang='lat' dir='ltr'><strong>id</strong></span> <span class='ocrx_word' id='word_1_654' title='bbox 999 2644 1077 2670; x_wconf 88' lang='lat' dir='ltr'><strong>esse</strong></span> <span class='ocrx_word' id='word_1_655' title='bbox 1099 2634 1246 2681; x_wconf 79' lang='lat' dir='ltr'><strong>experti</strong></span> <span class='ocrx_word' id='word_1_656' title='bbox 1268 2634 1306 2669; x_wconf 89' lang='lat' dir='ltr'><strong>in</strong></span> <span class='ocrx_word' id='word_1_657' title='bbox 1329 2633 1585 2680; x_wconf 87' lang='lat' dir='ltr'><strong>rempublicam</strong></span> <span class='ocrx_word' id='word_1_658' title='bbox 1608 2632 1724 2668; x_wconf 88' lang='lat' dir='ltr'><strong>denuo</strong></span> <span class='ocrx_word' id='word_1_659' title='bbox 1748 2633 2025 2669; x_wconf 75' lang='lat' dir='ltr'><strong>introduximus.</strong></span> <span class='ocrx_word' id='word_1_660' title='bbox 2094 2632 2397 2676; x_wconf 81' lang='lat' dir='ltr'><strong>Quemadmodum</strong></span> <span class='ocrx_word' id='word_1_661' title='bbox 2421 2647 2506 2672; x_wconf 85' lang='lat' dir='ltr'><strong>vero</strong></span> 
     </span>
     <span class='ocr_line' id='line_1_50' title="bbox 297 2678 2506 2726; baseline 0.001 -11"><span class='ocrx_word' id='word_1_662' title='bbox 297 2680 568 2726; x_wconf 82' lang='lat' dir='ltr'><strong>inteqerrimum</strong></span> <span class='ocrx_word' id='word_1_663' title='bbox 600 2678 772 2715; x_wconf 85' lang='lat' dir='ltr'><strong>adversus</strong></span> <span class='ocrx_word' id='word_1_664' title='bbox 803 2678 900 2713; x_wconf 85' lang='lat' dir='ltr'><strong>dona</strong></span> <span class='ocrx_word' id='word_1_665' title='bbox 931 2678 1048 2725; x_wconf 86' lang='lat' dir='ltr'><strong>ipsum</strong></span> <span class='ocrx_word' id='word_1_666' title='bbox 1080 2680 1227 2725; x_wconf 85' lang='lat' dir='ltr'><strong>eiusque</strong></span> <span class='ocrx_word' id='word_1_667' title='bbox 1258 2690 1279 2714; x_wconf 95' lang='lat' dir='ltr'><strong>o</strong></span> <span class='ocrx_word' id='word_1_668' title='bbox 1299 2679 1422 2724; x_wconf 82' lang='lat' dir='ltr'><strong>ficium</strong></span> <span class='ocrx_word' id='word_1_669' title='bbox 1453 2689 1529 2714; x_wconf 84' lang='lat' dir='ltr'><strong>esse</strong></span> <span class='ocrx_word' id='word_1_670' title='bbox 1557 2678 1735 2720; x_wconf 87' lang='lat' dir='ltr'><strong>volumus,</strong></span> <span class='ocrx_word' id='word_1_671' title='bbox 1767 2688 1882 2723; x_wconf 85' lang='lat' dir='ltr'><strong>neque</strong></span> <span class='ocrx_word' id='word_1_672' title='bbox 1904 2678 2094 2724; x_wconf 88' lang='lat' dir='ltr'><strong>quicquam</strong></span> <span class='ocrx_word' id='word_1_673' title='bbox 2126 2679 2268 2714; x_wconf 87' lang='lat' dir='ltr'><strong>omnino</strong></span> <span class='ocrx_word' id='word_1_674' title='bbox 2293 2685 2441 2726; x_wconf 82' lang='lat' dir='ltr'><strong>praeter</strong></span> <span class='ocrx_word' id='word_1_675' title='bbox 2463 2693 2506 2717; x_wconf 86' lang='lat' dir='ltr'><strong>ea</strong></span> 
     </span>
     <span class='ocr_line' id='line_1_51' title="bbox 297 2722 2507 2772; baseline 0 -12"><span class='ocrx_word' id='word_1_676' title='bbox 297 2736 391 2772; x_wconf 88' lang='lat' dir='ltr'><strong>quae</strong></span> <span class='ocrx_word' id='word_1_677' title='bbox 406 2735 429 2759; x_wconf 90' lang='lat' dir='ltr'><strong>a</strong></span> <span class='ocrx_word' id='word_1_678' title='bbox 444 2724 548 2760; x_wconf 86' lang='lat' dir='ltr'><strong>nobis</strong></span> <span class='ocrx_word' id='word_1_679' title='bbox 563 2723 713 2769; x_wconf 81' lang='lat' dir='ltr'><strong>definita</strong></span> <span class='ocrx_word' id='word_1_680' title='bbox 731 2727 817 2758; x_wconf 85' lang='lat' dir='ltr'><strong>sunt</strong></span> <span class='ocrx_word' id='word_1_681' title='bbox 831 2725 1008 2770; x_wconf 86' lang='lat' dir='ltr'><strong>accipere,</strong></span> <span class='ocrx_word' id='word_1_682' title='bbox 1033 2724 1085 2759; x_wconf 90' lang='lat' dir='ltr'><strong>ita</strong></span> <span class='ocrx_word' id='word_1_683' title='bbox 1101 2724 1208 2759; x_wconf 87' lang='lat' dir='ltr'><strong>etiam</strong></span> <span class='ocrx_word' id='word_1_684' title='bbox 1225 2724 1262 2759; x_wconf 88' lang='lat' dir='ltr'><strong>in</strong></span> <span class='ocrx_word' id='word_1_685' title='bbox 1290 2735 1408 2760; x_wconf 85' lang='lat' dir='ltr'><strong>emnes</strong></span> <span class='ocrx_word' id='word_1_686' title='bbox 1422 2724 1523 2770; x_wconf 88' lang='lat' dir='ltr'><strong>ipsos</strong></span> <span class='ocrx_word' id='word_1_687' title='bbox 1536 2723 1674 2759; x_wconf 88' lang='lat' dir='ltr'><strong>servari</strong></span> <span class='ocrx_word' id='word_1_688' title='bbox 1696 2722 1867 2766; x_wconf 84' lang='lat' dir='ltr'><strong>iubemus,</strong></span> <span class='ocrx_word' id='word_1_689' title='bbox 1890 2733 2005 2769; x_wconf 87' lang='lat' dir='ltr'><strong>neque</strong></span> <span class='ocrx_word' id='word_1_690' title='bbox 2021 2729 2085 2758; x_wconf 91' lang='lat' dir='ltr'><strong>aut</strong></span> <span class='ocrx_word' id='word_1_691' title='bbox 2102 2723 2348 2760; x_wconf 85' lang='lat' dir='ltr'><strong>codicillorum</strong></span> <span class='ocrx_word' id='word_1_692' title='bbox 2364 2726 2507 2762; x_wconf 84' lang='lat' dir='ltr'><strong>nomine</strong></span> 
     </span>
     <span class='ocr_line' id='line_1_52' title="bbox 298 2768 2506 2816; baseline 0 -11"><span class='ocrx_word' id='word_1_693' title='bbox 298 2775 363 2805; x_wconf 85' lang='lat' dir='ltr'><strong>aut</strong></span> <span class='ocrx_word' id='word_1_694' title='bbox 383 2780 452 2816; x_wconf 89' lang='lat' dir='ltr'><strong>per</strong></span> <span class='ocrx_word' id='word_1_695' title='bbox 474 2780 701 2804; x_wconf 88' lang='lat' dir='ltr'><strong>annonarum</strong></span> <span class='ocrx_word' id='word_1_696' title='bbox 734 2769 957 2804; x_wconf 86' lang='lat' dir='ltr'><strong>occasionem</strong></span> <span class='ocrx_word' id='word_1_697' title='bbox 989 2774 1054 2804; x_wconf 90' lang='lat' dir='ltr'><strong>aut</strong></span> <span class='ocrx_word' id='word_1_698' title='bbox 1076 2768 1151 2803; x_wconf 85' lang='lat' dir='ltr'><strong>alia</strong></span> <span class='ocrx_word' id='word_1_699' title='bbox 1174 2769 1426 2815; x_wconf 86' lang='lat' dir='ltr'><strong>qualicumque</strong></span> <span class='ocrx_word' id='word_1_700' title='bbox 1454 2768 1498 2804; x_wconf 88' lang='lat' dir='ltr'><strong>de</strong></span> <span class='ocrx_word' id='word_1_701' title='bbox 1522 2778 1633 2804; x_wconf 89' lang='lat' dir='ltr'><strong>causa</strong></span> <span class='ocrx_word' id='word_1_702' title='bbox 1664 2768 1737 2803; x_wconf 85' lang='lat' dir='ltr'><strong>sive</strong></span> <span class='ocrx_word' id='word_1_703' title='bbox 1767 2768 1806 2802; x_wconf 88' lang='lat' dir='ltr'><strong>in</strong></span> <span class='ocrx_word' id='word_1_704' title='bbox 1835 2778 1940 2803; x_wconf 89' lang='lat' dir='ltr'><strong>sacro</strong></span> <span class='ocrx_word' id='word_1_705' title='bbox 1973 2771 2098 2803; x_wconf 86' lang='lat' dir='ltr'><strong>nostro</strong></span> <span class='ocrx_word' id='word_1_706' title='bbox 2116 2768 2263 2815; x_wconf 87' lang='lat' dir='ltr'><strong>palatio</strong></span> <span class='ocrx_word' id='word_1_707' title='bbox 2292 2769 2366 2806; x_wconf 85' lang='lat' dir='ltr'><strong>sive</strong></span> <span class='ocrx_word' id='word_1_708' title='bbox 2393 2771 2431 2805; x_wconf 89' lang='lat' dir='ltr'><strong>in</strong></span> <span class='ocrx_word' id='word_1_709' title='bbox 2452 2771 2506 2806; x_wconf 87' lang='lat' dir='ltr'><strong>iu-</strong></span> 
     </span>
     <span class='ocr_line' id='line_1_53' title="bbox 297 2812 2506 2862; baseline 0 -12"><span class='ocrx_word' id='word_1_710' title='bbox 297 2814 393 2850; x_wconf 87' lang='lat' dir='ltr'><strong>dicio</strong></span> <span class='ocrx_word' id='word_1_711' title='bbox 417 2819 500 2850; x_wconf 86' lang='lat' dir='ltr'><strong>tuae</strong></span> <span class='ocrx_word' id='word_1_712' title='bbox 522 2814 750 2850; x_wconf 83' lang='lat' dir='ltr'><strong>sublimitatis</strong></span> <span class='ocrx_word' id='word_1_713' title='bbox 772 2814 914 2849; x_wconf 85' lang='lat' dir='ltr'><strong>nomine</strong></span> <span class='ocrx_word' id='word_1_714' title='bbox 936 2813 1186 2849; x_wconf 84' lang='lat' dir='ltr'><strong>codicillorum</strong></span> <span class='ocrx_word' id='word_1_715' title='bbox 1208 2818 1273 2850; x_wconf 88' lang='lat' dir='ltr'><strong>aut</strong></span> <span class='ocrx_word' id='word_1_716' title='bbox 1296 2814 1493 2850; x_wconf 81' lang='lat' dir='ltr'><strong>iussionum</strong></span> <span class='ocrx_word' id='word_1_717' title='bbox 1518 2813 1710 2860; x_wconf 83' lang='lat' dir='ltr'><strong>quicquam</strong></span> <span class='ocrx_word' id='word_1_718' title='bbox 1734 2812 1824 2848; x_wconf 87' lang='lat' dir='ltr'><strong>dare</strong></span> <span class='ocrx_word' id='word_1_719' title='bbox 1854 2817 1919 2849; x_wconf 89' lang='lat' dir='ltr'><strong>aut</strong></span> <span class='ocrx_word' id='word_1_720' title='bbox 1941 2823 2037 2848; x_wconf 86' lang='lat' dir='ltr'><strong>nunc</strong></span> <span class='ocrx_word' id='word_1_721' title='bbox 2067 2819 2132 2848; x_wconf 88' lang='lat' dir='ltr'><strong>aut</strong></span> <span class='ocrx_word' id='word_1_722' title='bbox 2153 2815 2315 2860; x_wconf 83' lang='lat' dir='ltr'><strong>sequenti</strong></span> <span class='ocrx_word' id='word_1_723' title='bbox 2335 2819 2506 2862; x_wconf 82' lang='lat' dir='ltr'><strong>tempore,</strong></span> 
     </span>
     <span class='ocr_line' id='line_1_54' title="bbox 297 2858 2506 2907; baseline 0 -12"><span class='ocrx_word' id='word_1_724' title='bbox 297 2861 371 2896; x_wconf 87' lang='lat' dir='ltr'><strong>sive</strong></span> <span class='ocrx_word' id='word_1_725' title='bbox 391 2859 614 2907; x_wconf 86' lang='lat' dir='ltr'><strong>praepositis</strong></span> <span class='ocrx_word' id='word_1_726' title='bbox 639 2869 782 2895; x_wconf 86' lang='lat' dir='ltr'><strong>mensae</strong></span> <span class='ocrx_word' id='word_1_727' title='bbox 814 2863 896 2894; x_wconf 84' lang='lat' dir='ltr'><strong>tuae</strong></span> <span class='ocrx_word' id='word_1_728' title='bbox 924 2858 1154 2895; x_wconf 82' lang='lat' dir='ltr'><strong>sublimitatis</strong></span> <span class='ocrx_word' id='word_1_729' title='bbox 1182 2870 1410 2895; x_wconf 87' lang='lat' dir='ltr'><strong>annonarum</strong></span> <span class='ocrx_word' id='word_1_730' title='bbox 1437 2859 1580 2894; x_wconf 85' lang='lat' dir='ltr'><strong>nomine</strong></span> <span class='ocrx_word' id='word_1_731' title='bbox 1610 2869 1704 2904; x_wconf 87' lang='lat' dir='ltr'><strong>quae</strong></span> <span class='ocrx_word' id='word_1_732' title='bbox 1731 2869 1799 2904; x_wconf 90' lang='lat' dir='ltr'><strong>per</strong></span> <span class='ocrx_word' id='word_1_733' title='bbox 1821 2868 1884 2894; x_wconf 89' lang='lat' dir='ltr'><strong>eos</strong></span> <span class='ocrx_word' id='word_1_734' title='bbox 1914 2858 1986 2905; x_wconf 87' lang='lat' dir='ltr'><strong>ipsi</strong></span> <span class='ocrx_word' id='word_1_735' title='bbox 2015 2858 2071 2894; x_wconf 86' lang='lat' dir='ltr'><strong>vel</strong></span> <span class='ocrx_word' id='word_1_736' title='bbox 2094 2859 2269 2894; x_wconf 83' lang='lat' dir='ltr'><strong>assessori</strong></span> <span class='ocrx_word' id='word_1_737' title='bbox 2299 2859 2357 2895; x_wconf 86' lang='lat' dir='ltr'><strong>vel</strong></span> <span class='ocrx_word' id='word_1_738' title='bbox 2378 2861 2506 2907; x_wconf 82' lang='lat' dir='ltr'><strong>officio</strong></span> 
     </span>
     <span class='ocr_line' id='line_1_55' title="bbox 297 2901 2506 2952; baseline 0 -11"><span class='ocrx_word' id='word_1_739' title='bbox 297 2906 374 2941; x_wconf 86' lang='lat' dir='ltr'><strong>eius</strong></span> <span class='ocrx_word' id='word_1_740' title='bbox 394 2908 643 2951; x_wconf 85' lang='lat' dir='ltr'><strong>praestantur,</strong></span> <span class='ocrx_word' id='word_1_741' title='bbox 672 2905 738 2940; x_wconf 89' lang='lat' dir='ltr'><strong>sed</strong></span> <span class='ocrx_word' id='word_1_742' title='bbox 759 2903 918 2949; x_wconf 84' lang='lat' dir='ltr'><strong>undique</strong></span> <span class='ocrx_word' id='word_1_743' title='bbox 941 2904 986 2939; x_wconf 82' lang='lat' dir='ltr'><strong>iis</strong></span> <span class='ocrx_word' id='word_1_744' title='bbox 1003 2914 1104 2950; x_wconf 87' lang='lat' dir='ltr'><strong>pura</strong></span> <span class='ocrx_word' id='word_1_745' title='bbox 1126 2904 1267 2940; x_wconf 88' lang='lat' dir='ltr'><strong>servari</strong></span> <span class='ocrx_word' id='word_1_746' title='bbox 1294 2915 1387 2951; x_wconf 90' lang='lat' dir='ltr'><strong>quae</strong></span> <span class='ocrx_word' id='word_1_747' title='bbox 1411 2915 1433 2939; x_wconf 93' lang='lat' dir='ltr'><strong>a</strong></span> <span class='ocrx_word' id='word_1_748' title='bbox 1457 2903 1673 2939; x_wconf 83' lang='lat' dir='ltr'><strong>liberalitate</strong></span> <span class='ocrx_word' id='word_1_749' title='bbox 1695 2907 1822 2939; x_wconf 85' lang='lat' dir='ltr'><strong>nostra</strong></span> <span class='ocrx_word' id='word_1_750' title='bbox 1845 2903 1989 2938; x_wconf 85' lang='lat' dir='ltr'><strong>dantur.</strong></span> <span class='ocrx_word' id='word_1_751' title='bbox 2044 2901 2214 2947; x_wconf 82' lang='lat' dir='ltr'><strong>Sufficiet</strong></span> <span class='ocrx_word' id='word_1_752' title='bbox 2235 2905 2327 2939; x_wconf 83' lang='lat' dir='ltr'><strong>enim</strong></span> <span class='ocrx_word' id='word_1_753' title='bbox 2354 2915 2427 2952; x_wconf 87' lang='lat' dir='ltr'><strong>pro</strong></span> <span class='ocrx_word' id='word_1_754' title='bbox 2450 2916 2506 2942; x_wconf 89' lang='lat' dir='ltr'><strong>re-</strong></span> 
     </span>
     <span class='ocr_line' id='line_1_56' title="bbox 298 2947 2425 2995; baseline 0 -10"><span class='ocrx_word' id='word_1_755' title='bbox 298 2949 414 2986; x_wconf 85' lang='lat' dir='ltr'><strong>medio</strong></span> <span class='ocrx_word' id='word_1_756' title='bbox 438 2950 567 2985; x_wconf 87' lang='lat' dir='ltr'><strong>idoneo</strong></span> <span class='ocrx_word' id='word_1_757' title='bbox 592 2949 765 2990; x_wconf 90' lang='lat' dir='ltr'><strong>omnibus,</strong></span> <span class='ocrx_word' id='word_1_758' title='bbox 787 2948 888 2995; x_wconf 87' lang='lat' dir='ltr'><strong>quod</strong></span> <span class='ocrx_word' id='word_1_759' title='bbox 909 2948 970 2984; x_wconf 89' lang='lat' dir='ltr'><strong>ille</strong></span> <span class='ocrx_word' id='word_1_760' title='bbox 993 2948 1340 2985; x_wconf 85' lang='lat' dir='ltr'><strong>administrationem</strong></span> <span class='ocrx_word' id='word_1_761' title='bbox 1365 2949 1520 2995; x_wconf 81' lang='lat' dir='ltr'><strong>leqitime</strong></span> <span class='ocrx_word' id='word_1_762' title='bbox 1541 2948 1749 2995; x_wconf 81' lang='lat' dir='ltr'><strong>qubernans</strong></span> <span class='ocrx_word' id='word_1_763' title='bbox 1773 2947 1936 2984; x_wconf 82' lang='lat' dir='ltr'><strong>omnibus</strong></span> <span class='ocrx_word' id='word_1_764' title='bbox 1957 2947 2168 2984; x_wconf 84' lang='lat' dir='ltr'><strong>utilissimus</strong></span> <span class='ocrx_word' id='word_1_765' title='bbox 2189 2948 2341 2994; x_wconf 79' lang='lat' dir='ltr'><strong>futurus</strong></span> <span class='ocrx_word' id='word_1_766' title='bbox 2363 2954 2425 2986; x_wconf 84' lang='lat' dir='ltr'><strong>est.</strong></span> 
     </span>
    </p>

    <p class='ocr_par' dir='ltr' id='par_1_9' title="bbox 434 2992 2507 3042">
     <span class='ocr_line' id='line_1_57' title="bbox 434 2992 2507 3042; baseline 0.001 -12"><span class='ocrx_word' id='word_1_767' title='bbox 434 2994 523 3042; x_wconf 82' lang='lat' dir='ltr'><strong>Epi</strong></span> <span class='ocrx_word' id='word_1_768' title='bbox 533 2994 678 3041; x_wconf 75' lang='lat' dir='ltr'><strong>loqus.</strong></span> <span class='ocrx_word' id='word_1_769' title='bbox 724 2992 825 3037; x_wconf 83' lang='lat' dir='ltr'><strong>Quae</strong></span> <span class='ocrx_word' id='word_1_770' title='bbox 842 2993 958 3040; x_wconf 76' lang='lat' dir='ltr'><strong>iqitur</strong></span> <span class='ocrx_word' id='word_1_771' title='bbox 980 2998 1128 3030; x_wconf 84' lang='lat' dir='ltr'><strong>nostrae</strong></span> <span class='ocrx_word' id='word_1_772' title='bbox 1145 2994 1323 3041; x_wconf 86' lang='lat' dir='ltr'><strong>potestati</strong></span> <span class='ocrx_word' id='word_1_773' title='bbox 1343 2994 1559 3041; x_wconf 87' lang='lat' dir='ltr'><strong>placuerunt</strong></span> <span class='ocrx_word' id='word_1_774' title='bbox 1583 3003 1804 3040; x_wconf 80' lang='lat' dir='ltr'><strong>coqnoscens</strong></span> <span class='ocrx_word' id='word_1_775' title='bbox 1828 2998 1890 3029; x_wconf 86' lang='lat' dir='ltr'><strong>tua</strong></span> <span class='ocrx_word' id='word_1_776' title='bbox 1908 2992 2107 3029; x_wconf 88' lang='lat' dir='ltr'><strong>sublimitas</strong></span> <span class='ocrx_word' id='word_1_777' title='bbox 2131 2993 2251 3029; x_wconf 87' lang='lat' dir='ltr'><strong>omnia</strong></span> <span class='ocrx_word' id='word_1_778' title='bbox 2273 2995 2324 3030; x_wconf 86' lang='lat' dir='ltr'><strong>ad</strong></span> <span class='ocrx_word' id='word_1_779' title='bbox 2342 2995 2507 3042; x_wconf 84' lang='lat' dir='ltr'><strong>effectum</strong></span> 
     </span>
    </p>
   </div>
   <div class='ocr_carea' id='block_1_6' title="bbox 299 3148 2507 3737">
    <p class='ocr_par' dir='ltr' id='par_1_10' title="bbox 299 3148 2507 3645">
     <span class='ocr_line' id='line_1_58' title="bbox 357 3148 2507 3198; baseline 0.001 -13"><span class='ocrx_word' id='word_1_780' title='bbox 357 3155 374 3188; x_wconf 88' lang='lat'>1</span> <span class='ocrx_word' id='word_1_781' title='bbox 399 3153 459 3185; x_wconf 70' lang='grc' dir='ltr'><strong>καὶ</strong></span> <span class='ocrx_word' id='word_1_782' title='bbox 483 3164 541 3186; x_wconf 88' lang='lat' dir='ltr'><strong>om.</strong></span> <span class='ocrx_word' id='word_1_783' title='bbox 566 3164 586 3189; x_wconf 74' lang='grc' dir='ltr'><strong><em>ς</em></strong></span> <span class='ocrx_word' id='word_1_784' title='bbox 603 3151 616 3195; x_wconf 65' lang='grc' dir='ltr'>Η</span> <span class='ocrx_word' id='word_1_785' title='bbox 631 3148 787 3185; x_wconf 82' lang='grc' dir='ltr'><strong><em>συνείδοι</em></strong></span> <span class='ocrx_word' id='word_1_786' title='bbox 810 3152 857 3185; x_wconf 85' lang='grc' dir='ltr'><em>Μ</em></span> <span class='ocrx_word' id='word_1_787' title='bbox 865 3152 878 3195; x_wconf 79' lang='grc' dir='ltr'><strong>ΙΙ</strong></span> <span class='ocrx_word' id='word_1_788' title='bbox 904 3152 924 3185; x_wconf 87' lang='grc'><strong>3</strong></span> <span class='ocrx_word' id='word_1_789' title='bbox 947 3153 1025 3185; x_wconf 83' lang='grc' dir='ltr'><strong><em>ταῖς</em></strong></span> <span class='ocrx_word' id='word_1_790' title='bbox 1047 3152 1124 3195; x_wconf 77' lang='lat' dir='ltr'><strong>L¹ss</strong></span> <span class='ocrx_word' id='word_1_791' title='bbox 1147 3154 1167 3186; x_wconf 87' lang='lat'><strong>6</strong></span> <span class='ocrx_word' id='word_1_792' title='bbox 1191 3151 1370 3198; x_wconf 72' lang='grc' dir='ltr'><strong><em>θηρεῦσαι</em></strong></span> <span class='ocrx_word' id='word_1_793' title='bbox 1438 3152 1534 3186; x_wconf 83' lang='lat' dir='ltr'><strong>RT²</strong></span> <span class='ocrx_word' id='word_1_794' title='bbox 1553 3153 1652 3197; x_wconf 63' lang='lat' dir='ltr'><strong>vuly„</strong></span> <span class='ocrx_word' id='word_1_795' title='bbox 1677 3152 1830 3186; x_wconf 86' lang='lat' dir='ltr'><strong>ciuitates</strong></span> <span class='ocrx_word' id='word_1_796' title='bbox 1852 3165 1879 3186; x_wconf 74' lang='lat' dir='ltr'><strong>e.</strong></span> <span class='ocrx_word' id='word_1_797' title='bbox 1899 3164 1930 3185; x_wconf 89' lang='grc' dir='ltr'><strong>υ.</strong></span> <span class='ocrx_word' id='word_1_798' title='bbox 1954 3151 2006 3185; x_wconf 81' lang='lat' dir='ltr'><strong>T2</strong></span> <span class='ocrx_word' id='word_1_799' title='bbox 2031 3150 2044 3195; x_wconf 80' lang='grc' dir='ltr'><strong>ΙΙ</strong></span> <span class='ocrx_word' id='word_1_800' title='bbox 2075 3154 2095 3186; x_wconf 83' lang='lat'><strong>5</strong></span> <span class='ocrx_word' id='word_1_801' title='bbox 2118 3161 2178 3195; x_wconf 85' lang='lat' dir='ltr'><strong>per</strong></span> <span class='ocrx_word' id='word_1_802' title='bbox 2201 3151 2312 3186; x_wconf 77' lang='lat' dir='ltr'><strong>omnia</strong></span> <span class='ocrx_word' id='word_1_803' title='bbox 2334 3165 2393 3187; x_wconf 80' lang='lat' dir='ltr'><strong>om.</strong></span> <span class='ocrx_word' id='word_1_804' title='bbox 2414 3150 2463 3187; x_wconf 71' lang='lat'><strong>1⁷²</strong></span> <span class='ocrx_word' id='word_1_805' title='bbox 2493 3152 2507 3197; x_wconf 89' lang='grc' dir='ltr'>Ι</span> 
     </span>
     <span class='ocr_line' id='line_1_59' title="bbox 299 3194 2505 3243; baseline -0.001 -11"><span class='ocrx_word' id='word_1_806' title='bbox 299 3198 350 3232; x_wconf 76' lang='lat'><strong>13⁶</strong></span> <span class='ocrx_word' id='word_1_807' title='bbox 372 3197 458 3232; x_wconf 78' lang='lat' dir='ltr'><strong>unde</strong></span> <span class='ocrx_word' id='word_1_808' title='bbox 480 3194 662 3242; x_wconf 76' lang='grc' dir='ltr'><strong><em>θηρεύσας</em></strong></span> <span class='ocrx_word' id='word_1_809' title='bbox 687 3197 865 3230; x_wconf 79' lang='grc' dir='ltr'><strong><em>Ηείιιιόασίι</em></strong></span> <span class='ocrx_word' id='word_1_810' title='bbox 890 3195 903 3240; x_wconf 77' lang='grc' dir='ltr'><strong>ΙΙ</strong></span> <span class='ocrx_word' id='word_1_811' title='bbox 931 3197 971 3230; x_wconf 89' lang='grc'><strong>12</strong></span> <span class='ocrx_word' id='word_1_812' title='bbox 995 3199 1262 3240; x_wconf 77' lang='grc' dir='ltr'><strong><em>συστησαμένης</em></strong></span> <span class='ocrx_word' id='word_1_813' title='bbox 1285 3198 1337 3232; x_wconf 75' lang='lat' dir='ltr'><strong>B⁰</strong></span> <span class='ocrx_word' id='word_1_814' title='bbox 1358 3199 1371 3243; x_wconf 73' lang='grc' dir='ltr'><strong>ΙΙ</strong></span> <span class='ocrx_word' id='word_1_815' title='bbox 1439 3196 1714 3242; x_wconf 72' lang='lat' dir='ltr'><strong>9ateranturRfl</strong></span> <span class='ocrx_word' id='word_1_816' title='bbox 1735 3199 1776 3232; x_wconf 87' lang='lat'><strong>10</strong></span> <span class='ocrx_word' id='word_1_817' title='bbox 1789 3197 1943 3230; x_wconf 79' lang='lat' dir='ltr'><strong>fruantur</strong></span> <span class='ocrx_word' id='word_1_818' title='bbox 1960 3195 2009 3242; x_wconf 78' lang='lat'><strong>1⁷11</strong></span> <span class='ocrx_word' id='word_1_819' title='bbox 2019 3195 2210 3240; x_wconf 86' lang='lat' dir='ltr'><strong>sepulturus</strong></span> <span class='ocrx_word' id='word_1_820' title='bbox 2227 3197 2275 3231; x_wconf 87' lang='lat' dir='ltr'><strong>V¹</strong></span> <span class='ocrx_word' id='word_1_821' title='bbox 2293 3197 2306 3240; x_wconf 79' lang='grc' dir='ltr'>Ι</span> <span class='ocrx_word' id='word_1_822' title='bbox 2321 3199 2354 3230; x_wconf 85' lang='lat' dir='ltr'><strong>et</strong></span> <span class='ocrx_word' id='word_1_823' title='bbox 2364 3199 2452 3238; x_wconf 76' lang='lat' dir='ltr'><strong>ante]</strong></span> <span class='ocrx_word' id='word_1_824' title='bbox 2473 3198 2505 3230; x_wconf 78' lang='lat' dir='ltr'><strong>et</strong></span> 
     </span>
     <span class='ocr_line' id='line_1_60' title="bbox 300 3234 2502 3296; baseline -0.001 -19"><span class='ocrx_word' id='word_1_825' title='bbox 300 3245 344 3278; x_wconf 78' lang='lat'><strong>14</strong></span> <span class='ocrx_word' id='word_1_826' title='bbox 367 3235 413 3286; x_wconf 82' lang='grc' dir='ltr'><strong>ἦν</strong></span> <span class='ocrx_word' id='word_1_827' title='bbox 434 3251 489 3276; x_wconf 78' lang='grc' dir='ltr'><strong>τις</strong></span> <span class='ocrx_word' id='word_1_828' title='bbox 511 3242 601 3283; x_wconf 89' lang='grc' dir='ltr'><strong>ΜΒ]</strong></span> <span class='ocrx_word' id='word_1_829' title='bbox 633 3245 688 3275; x_wconf 83' lang='grc' dir='ltr'><strong>τίς</strong></span> <span class='ocrx_word' id='word_1_830' title='bbox 709 3234 756 3285; x_wconf 82' lang='grc' dir='ltr'><strong>ἦν</strong></span> <span class='ocrx_word' id='word_1_831' title='bbox 779 3241 811 3274; x_wconf 90' lang='lat' dir='ltr'><em>L</em></span> <span class='ocrx_word' id='word_1_832' title='bbox 837 3239 850 3285; x_wconf 91' lang='grc' dir='ltr'><strong>ΙΙ</strong></span> <span class='ocrx_word' id='word_1_833' title='bbox 880 3242 919 3275; x_wconf 88' lang='grc'><strong>15</strong></span> <span class='ocrx_word' id='word_1_834' title='bbox 942 3239 1163 3296; x_wconf 72' lang='grc' dir='ltr'><strong><em>πράγμασιν]</em></strong></span> <span class='ocrx_word' id='word_1_835' title='bbox 1188 3240 1370 3288; x_wconf 85' lang='grc' dir='ltr'><strong><em>πατράσιν</em></strong></span> <span class='ocrx_word' id='word_1_836' title='bbox 1438 3255 1497 3276; x_wconf 89' lang='lat' dir='ltr'><strong>om.</strong></span> <span class='ocrx_word' id='word_1_837' title='bbox 1518 3242 1575 3286; x_wconf 74' lang='lat' dir='ltr'><strong>Vn</strong></span> <span class='ocrx_word' id='word_1_838' title='bbox 1595 3244 1632 3278; x_wconf 91' lang='grc'><strong>11</strong></span> <span class='ocrx_word' id='word_1_839' title='bbox 1652 3245 1722 3284; x_wconf 86' lang='lat' dir='ltr'><strong>nos]</strong></span> <span class='ocrx_word' id='word_1_840' title='bbox 1746 3253 1850 3275; x_wconf 82' lang='lat' dir='ltr'><strong>annos</strong></span> <span class='ocrx_word' id='word_1_841' title='bbox 1867 3241 1917 3276; x_wconf 88' lang='lat' dir='ltr'><strong>T¹</strong></span> <span class='ocrx_word' id='word_1_842' title='bbox 1935 3241 1948 3286; x_wconf 88' lang='grc' dir='ltr'><strong>ΙΙ</strong></span> <span class='ocrx_word' id='word_1_843' title='bbox 1967 3243 2008 3276; x_wconf 91' lang='grc'><strong>12</strong></span> <span class='ocrx_word' id='word_1_844' title='bbox 2026 3252 2093 3275; x_wconf 90' lang='lat' dir='ltr'><strong>non</strong></span> <span class='ocrx_word' id='word_1_845' title='bbox 2110 3243 2211 3286; x_wconf 55' lang='lat' dir='ltr'><strong>outa]</strong></span> <span class='ocrx_word' id='word_1_846' title='bbox 2235 3252 2295 3275; x_wconf 81' lang='lat' dir='ltr'><strong>nos</strong></span> <span class='ocrx_word' id='word_1_847' title='bbox 2316 3241 2427 3283; x_wconf 81' lang='lat' dir='ltr'><em>RVT,</em></span> <span class='ocrx_word' id='word_1_848' title='bbox 2441 3241 2502 3275; x_wconf 75' lang='lat' dir='ltr'><strong>del.</strong></span> 
     </span>
     <span class='ocr_line' id='line_1_61' title="bbox 299 3284 2503 3331; baseline -0.002 -9"><span class='ocrx_word' id='word_1_849' title='bbox 299 3288 495 3322; x_wconf 81' lang='lat' dir='ltr'><strong>Haloander</strong></span> <span class='ocrx_word' id='word_1_850' title='bbox 508 3287 538 3329; x_wconf 90' lang='lat' dir='ltr'><strong>(c</strong></span> <span class='ocrx_word' id='word_1_851' title='bbox 556 3311 564 3320; x_wconf 90' lang='lat'>.</span> <span class='ocrx_word' id='word_1_852' title='bbox 582 3288 660 3321; x_wconf 82' lang='lat' dir='ltr'><strong>Cod.</strong></span> <span class='ocrx_word' id='word_1_853' title='bbox 678 3288 729 3323; x_wconf 84' lang='lat'><strong>11.</strong></span> <span class='ocrx_word' id='word_1_854' title='bbox 744 3293 780 3320; x_wconf 83' lang='lat'><strong>26</strong></span> <span class='ocrx_word' id='word_1_855' title='bbox 795 3288 872 3328; x_wconf 79' lang='lat'><strong>(25))</strong></span> <span class='ocrx_word' id='word_1_856' title='bbox 889 3286 901 3330; x_wconf 84' lang='grc' dir='ltr'><strong>ΙΙ</strong></span> <span class='ocrx_word' id='word_1_857' title='bbox 922 3288 962 3320; x_wconf 84' lang='grc'><strong>16</strong></span> <span class='ocrx_word' id='word_1_858' title='bbox 982 3287 1060 3320; x_wconf 78' lang='grc' dir='ltr'><strong><em>ἐστὶ</em></strong></span> <span class='ocrx_word' id='word_1_859' title='bbox 1084 3294 1115 3320; x_wconf 83' lang='lat' dir='ltr'><strong>et</strong></span> <span class='ocrx_word' id='word_1_860' title='bbox 1137 3284 1228 3320; x_wconf 77' lang='grc' dir='ltr'><strong><em>αλλὰ</em></strong></span> <span class='ocrx_word' id='word_1_861' title='bbox 1249 3301 1307 3322; x_wconf 81' lang='lat' dir='ltr'><strong>om.</strong></span> <span class='ocrx_word' id='word_1_862' title='bbox 1321 3299 1340 3325; x_wconf 74' lang='grc' dir='ltr'><strong><em>ς</em></strong></span> <span class='ocrx_word' id='word_1_863' title='bbox 1359 3287 1370 3331; x_wconf 85' lang='grc' dir='ltr'><strong>ΙΙ</strong></span> <span class='ocrx_word' id='word_1_864' title='bbox 1447 3286 1496 3319; x_wconf 69' lang='lat'><strong>17³</strong></span> <span class='ocrx_word' id='word_1_865' title='bbox 1511 3287 1524 3331; x_wconf 85' lang='grc' dir='ltr'><strong>ΙΙ</strong></span> <span class='ocrx_word' id='word_1_866' title='bbox 1544 3289 1583 3322; x_wconf 92' lang='grc'><strong>13</strong></span> <span class='ocrx_word' id='word_1_867' title='bbox 1598 3287 1757 3330; x_wconf 76' lang='lat' dir='ltr'><strong>quaedam</strong></span> <span class='ocrx_word' id='word_1_868' title='bbox 1771 3288 1873 3331; x_wconf 65' lang='lat' dir='ltr'><strong>vulq]</strong></span> <span class='ocrx_word' id='word_1_869' title='bbox 1890 3286 2025 3329; x_wconf 86' lang='lat' dir='ltr'><strong>quidam</strong></span> <span class='ocrx_word' id='word_1_870' title='bbox 2041 3287 2076 3322; x_wconf 84' lang='lat' dir='ltr'><strong><em>V</em></strong></span> <span class='ocrx_word' id='word_1_871' title='bbox 2091 3286 2247 3329; x_wconf 74' lang='lat' dir='ltr'><strong>quiddam</strong></span> <span class='ocrx_word' id='word_1_872' title='bbox 2259 3287 2350 3330; x_wconf 71' lang='grc' dir='ltr'><strong>ΒΤ.</strong></span> <span class='ocrx_word' id='word_1_873' title='bbox 2369 3287 2411 3321; x_wconf 78' lang='lat'><strong>14</strong></span> <span class='ocrx_word' id='word_1_874' title='bbox 2428 3295 2503 3328; x_wconf 82' lang='lat' dir='ltr'><strong>per-</strong></span> 
     </span>
     <span class='ocr_line' id='line_1_62' title="bbox 299 3328 2502 3385; baseline -0.001 -19"><span class='ocrx_word' id='word_1_875' title='bbox 299 3334 359 3366; x_wconf 80' lang='grc' dir='ltr'><strong>καὶ</strong></span> <span class='ocrx_word' id='word_1_876' title='bbox 383 3345 441 3366; x_wconf 86' lang='lat' dir='ltr'><strong>om.</strong></span> <span class='ocrx_word' id='word_1_877' title='bbox 462 3332 513 3365; x_wconf 81' lang='lat' dir='ltr'><strong>L·</strong></span> <span class='ocrx_word' id='word_1_878' title='bbox 562 3332 602 3366; x_wconf 88' lang='lat'><strong>18</strong></span> <span class='ocrx_word' id='word_1_879' title='bbox 627 3328 829 3365; x_wconf 73' lang='grc' dir='ltr'><strong><em>ἐκινδύνευε</em></strong></span> <span class='ocrx_word' id='word_1_880' title='bbox 854 3332 907 3372; x_wconf 88' lang='grc' dir='ltr'><strong>Μ]</strong></span> <span class='ocrx_word' id='word_1_881' title='bbox 931 3328 1156 3366; x_wconf 76' lang='grc' dir='ltr'><strong><em>ἐκινδύνευσε</em></strong></span> <span class='ocrx_word' id='word_1_882' title='bbox 1180 3333 1211 3366; x_wconf 90' lang='lat' dir='ltr'><em>L</em></span> <span class='ocrx_word' id='word_1_883' title='bbox 1228 3333 1241 3385; x_wconf 65' lang='lat' dir='ltr'>fl</span> <span class='ocrx_word' id='word_1_884' title='bbox 1259 3333 1301 3368; x_wconf 86' lang='lat'><strong>20</strong></span> <span class='ocrx_word' id='word_1_885' title='bbox 1324 3328 1370 3366; x_wconf 72' lang='grc' dir='ltr'><strong>ὃν</strong></span> <span class='ocrx_word' id='word_1_886' title='bbox 1438 3332 1676 3366; x_wconf 83' lang='lat' dir='ltr'><strong>scrutabuntur</strong></span> <span class='ocrx_word' id='word_1_887' title='bbox 1700 3333 1793 3374; x_wconf 84' lang='lat' dir='ltr'><strong>libri,</strong></span> <span class='ocrx_word' id='word_1_888' title='bbox 1817 3345 1898 3366; x_wconf 81' lang='lat' dir='ltr'><strong>corr.</strong></span> <span class='ocrx_word' id='word_1_889' title='bbox 1913 3333 1970 3365; x_wconf 85' lang='lat' dir='ltr'><strong>vu!</strong></span> <span class='ocrx_word' id='word_1_890' title='bbox 1994 3357 2001 3364; x_wconf 94' lang='lat'><strong>.</strong></span> <span class='ocrx_word' id='word_1_891' title='bbox 2021 3332 2033 3375; x_wconf 77' lang='grc' dir='ltr'><strong>ΙΙ</strong></span> <span class='ocrx_word' id='word_1_892' title='bbox 2048 3338 2114 3366; x_wconf 68' lang='lat' dir='ltr'><strong>nou</strong></span> <span class='ocrx_word' id='word_1_893' title='bbox 2134 3332 2212 3375; x_wconf 74' lang='lat' dir='ltr'><strong>R¹u</strong></span> <span class='ocrx_word' id='word_1_894' title='bbox 2233 3333 2273 3366; x_wconf 75' lang='lat'><strong>15</strong></span> <span class='ocrx_word' id='word_1_895' title='bbox 2290 3330 2422 3371; x_wconf 80' lang='lat' dir='ltr'><strong>bonum]</strong></span> <span class='ocrx_word' id='word_1_896' title='bbox 2445 3330 2502 3363; x_wconf 77' lang='lat' dir='ltr'><strong>sed</strong></span> 
     </span>
     <span class='ocr_line' id='line_1_63' title="bbox 300 3373 2503 3454; baseline -0.002 -43"><span class='ocrx_word' id='word_1_897' title='bbox 300 3378 346 3411; x_wconf 85' lang='lat' dir='ltr'><em>M</em></span> <span class='ocrx_word' id='word_1_898' title='bbox 361 3377 374 3421; x_wconf 82' lang='grc' dir='ltr'>Ι</span> <span class='ocrx_word' id='word_1_899' title='bbox 399 3379 440 3412; x_wconf 92' lang='grc'><strong>21</strong></span> <span class='ocrx_word' id='word_1_900' title='bbox 465 3374 704 3454; x_wconf 58' lang='grc' dir='ltr'><strong><em>είςηγάγομειὲ</em></strong></span> <span class='ocrx_word' id='word_1_901' title='bbox 741 3376 985 3410; x_wconf 84' lang='lat' dir='ltr'><strong>introducimus</strong></span> <span class='ocrx_word' id='word_1_902' title='bbox 1008 3388 1028 3413; x_wconf 77' lang='grc' dir='ltr'><strong><em>ς</em></strong></span> <span class='ocrx_word' id='word_1_903' title='bbox 1056 3376 1069 3420; x_wconf 71' lang='lat' dir='ltr'><strong>{l</strong></span> <span class='ocrx_word' id='word_1_904' title='bbox 1098 3373 1150 3421; x_wconf 75' lang='grc' dir='ltr'><strong>δὲ]</strong></span> <span class='ocrx_word' id='word_1_905' title='bbox 1183 3387 1271 3411; x_wconf 86' lang='lat' dir='ltr'><strong>emm</strong></span> <span class='ocrx_word' id='word_1_906' title='bbox 1294 3390 1315 3415; x_wconf 80' lang='grc' dir='ltr'><strong><em>ς</em></strong></span> <span class='ocrx_word' id='word_1_907' title='bbox 1358 3378 1370 3420; x_wconf 76' lang='grc' dir='ltr'><strong>ΙΙ</strong></span> <span class='ocrx_word' id='word_1_908' title='bbox 1437 3377 1560 3410; x_wconf 89' lang='lat' dir='ltr'><strong>bonum</strong></span> <span class='ocrx_word' id='word_1_909' title='bbox 1573 3378 1665 3412; x_wconf 83' lang='lat' dir='ltr'><strong>Beck</strong></span> <span class='ocrx_word' id='word_1_910' title='bbox 1681 3377 1694 3421; x_wconf 71' lang='lat' dir='ltr'><strong>ll</strong></span> <span class='ocrx_word' id='word_1_911' title='bbox 1713 3378 1754 3413; x_wconf 86' lang='grc'><strong>16</strong></span> <span class='ocrx_word' id='word_1_912' title='bbox 1765 3377 1907 3410; x_wconf 88' lang='lat' dir='ltr'><strong>medium</strong></span> <span class='ocrx_word' id='word_1_913' title='bbox 1921 3377 1955 3410; x_wconf 86' lang='lat' dir='ltr'><strong><em>R</em></strong></span> <span class='ocrx_word' id='word_1_914' title='bbox 1991 3376 2179 3410; x_wconf 77' lang='lat' dir='ltr'><strong>uniuersale</strong></span> <span class='ocrx_word' id='word_1_915' title='bbox 2190 3377 2288 3410; x_wconf 70' lang='lat' dir='ltr'><strong>dente</strong></span> <span class='ocrx_word' id='word_1_916' title='bbox 2304 3374 2381 3427; x_wconf 52' lang='grc' dir='ltr'><strong>νζ]</strong></span> <span class='ocrx_word' id='word_1_917' title='bbox 2400 3376 2439 3409; x_wconf 84' lang='grc'><strong>17</strong></span> <span class='ocrx_word' id='word_1_918' title='bbox 2454 3378 2503 3407; x_wconf 83' lang='lat' dir='ltr'><strong>est</strong></span> 
     </span>
     <span class='ocr_line' id='line_1_64' title="bbox 301 3417 2501 3466; baseline -0.001 -11"><span class='ocrx_word' id='word_1_919' title='bbox 301 3423 343 3457; x_wconf 84' lang='lat'><strong>23</strong></span> <span class='ocrx_word' id='word_1_920' title='bbox 368 3418 581 3466; x_wconf 75' lang='grc' dir='ltr'><strong><em>ὡρισμένων</em></strong></span> <span class='ocrx_word' id='word_1_921' title='bbox 599 3422 655 3463; x_wconf 89' lang='grc' dir='ltr'><strong>Μ]</strong></span> <span class='ocrx_word' id='word_1_922' title='bbox 703 3423 931 3466; x_wconf 79' lang='grc' dir='ltr'><strong><em>ιωρισμένων</em></strong></span> <span class='ocrx_word' id='word_1_923' title='bbox 951 3422 982 3455; x_wconf 90' lang='lat' dir='ltr'><em>L</em></span> <span class='ocrx_word' id='word_1_924' title='bbox 999 3422 1012 3465; x_wconf 85' lang='grc' dir='ltr'><strong>ΙΙ</strong></span> <span class='ocrx_word' id='word_1_925' title='bbox 1030 3422 1073 3456; x_wconf 79' lang='lat'><strong>24</strong></span> <span class='ocrx_word' id='word_1_926' title='bbox 1093 3417 1190 3455; x_wconf 69' lang='grc' dir='ltr'><strong><em>οὕτω</em></strong></span> <span class='ocrx_word' id='word_1_927' title='bbox 1214 3424 1286 3464; x_wconf 79' lang='grc' dir='ltr'><strong><em>καὶ]</em></strong></span> <span class='ocrx_word' id='word_1_928' title='bbox 1309 3424 1370 3456; x_wconf 79' lang='grc' dir='ltr'><strong>καὶ</strong></span> <span class='ocrx_word' id='word_1_929' title='bbox 1432 3434 1495 3457; x_wconf 70' lang='lat' dir='ltr'><strong>om.</strong></span> <span class='ocrx_word' id='word_1_930' title='bbox 1517 3421 1572 3466; x_wconf 73' lang='lat' dir='ltr'><strong>Vll</strong></span> <span class='ocrx_word' id='word_1_931' title='bbox 1594 3423 1634 3457; x_wconf 86' lang='lat'><strong>18</strong></span> <span class='ocrx_word' id='word_1_932' title='bbox 1658 3422 1828 3455; x_wconf 85' lang='lat' dir='ltr'><strong>utilimum</strong></span> <span class='ocrx_word' id='word_1_933' title='bbox 1853 3423 1901 3456; x_wconf 89' lang='lat' dir='ltr'><strong>T¹</strong></span> <span class='ocrx_word' id='word_1_934' title='bbox 1926 3421 2081 3455; x_wconf 80' lang='lat' dir='ltr'><strong>ultimum</strong></span> <span class='ocrx_word' id='word_1_935' title='bbox 2101 3422 2134 3455; x_wconf 85' lang='lat' dir='ltr'><em>R</em></span> <span class='ocrx_word' id='word_1_936' title='bbox 2151 3421 2165 3464; x_wconf 91' lang='grc' dir='ltr'>Ι</span> <span class='ocrx_word' id='word_1_937' title='bbox 2181 3422 2222 3456; x_wconf 83' lang='grc'><strong>19</strong></span> <span class='ocrx_word' id='word_1_938' title='bbox 2233 3428 2385 3464; x_wconf 69' lang='lat' dir='ltr'><strong>pneuma</strong></span> <span class='ocrx_word' id='word_1_939' title='bbox 2401 3419 2501 3453; x_wconf 83' lang='lat' dir='ltr'><strong>Osen-</strong></span> 
     </span>
     <span class='ocr_line' id='line_1_65' title="bbox 301 3463 2501 3514; baseline -0.001 -15"><span class='ocrx_word' id='word_1_940' title='bbox 301 3479 358 3499; x_wconf 86' lang='lat' dir='ltr'><strong>om.</strong></span> <span class='ocrx_word' id='word_1_941' title='bbox 374 3479 393 3503; x_wconf 77' lang='grc' dir='ltr'><strong><em>ς</em></strong></span> <span class='ocrx_word' id='word_1_942' title='bbox 412 3468 424 3509; x_wconf 83' lang='grc' dir='ltr'><strong>ΙΙ</strong></span> <span class='ocrx_word' id='word_1_943' title='bbox 448 3469 488 3502; x_wconf 86' lang='grc'>27</span> <span class='ocrx_word' id='word_1_944' title='bbox 514 3466 630 3500; x_wconf 75' lang='grc' dir='ltr'><strong><em>αἰτίας</em></strong></span> <span class='ocrx_word' id='word_1_945' title='bbox 654 3466 733 3510; x_wconf 68' lang='lat' dir='ltr'><strong>L0ss</strong></span> <span class='ocrx_word' id='word_1_946' title='bbox 763 3468 806 3501; x_wconf 83' lang='lat'><strong>28</strong></span> <span class='ocrx_word' id='word_1_947' title='bbox 836 3463 1032 3511; x_wconf 77' lang='grc' dir='ltr'><strong><em>συμβόλων</em></strong></span> <span class='ocrx_word' id='word_1_948' title='bbox 1055 3485 1098 3492; x_wconf 89' lang='grc'><strong>--</strong></span> <span class='ocrx_word' id='word_1_949' title='bbox 1122 3468 1165 3501; x_wconf 88' lang='grc'><strong>30</strong></span> <span class='ocrx_word' id='word_1_950' title='bbox 1189 3466 1368 3514; x_wconf 82' lang='grc' dir='ltr'><strong><em>προφάσει</em></strong></span> <span class='ocrx_word' id='word_1_951' title='bbox 1437 3468 1590 3510; x_wconf 71' lang='lat' dir='ltr'><strong>brilqyen]</strong></span> <span class='ocrx_word' id='word_1_952' title='bbox 1626 3467 1818 3511; x_wconf 82' lang='lat' dir='ltr'><strong>praebemus</strong></span> <span class='ocrx_word' id='word_1_953' title='bbox 1842 3468 1922 3502; x_wconf 82' lang='lat' dir='ltr'><strong>libri</strong></span> <span class='ocrx_word' id='word_1_954' title='bbox 1947 3468 1960 3510; x_wconf 81' lang='grc' dir='ltr'><strong>ΙΙ</strong></span> <span class='ocrx_word' id='word_1_955' title='bbox 1988 3468 2030 3501; x_wconf 89' lang='grc'>20</span> <span class='ocrx_word' id='word_1_956' title='bbox 2053 3469 2088 3500; x_wconf 82' lang='lat' dir='ltr'><strong>et</strong></span> <span class='ocrx_word' id='word_1_957' title='bbox 2111 3464 2198 3499; x_wconf 82' lang='lat' dir='ltr'><strong>nihil</strong></span> <span class='ocrx_word' id='word_1_958' title='bbox 2216 3463 2318 3508; x_wconf 76' lang='lat' dir='ltr'><strong>vu19.]</strong></span> <span class='ocrx_word' id='word_1_959' title='bbox 2353 3467 2391 3496; x_wconf 86' lang='lat' dir='ltr'><strong>ut</strong></span> <span class='ocrx_word' id='word_1_960' title='bbox 2414 3464 2501 3497; x_wconf 84' lang='lat' dir='ltr'><strong>nihil</strong></span> 
     </span>
     <span class='ocr_line' id='line_1_66' title="bbox 302 3508 2501 3565; baseline 0 -21"><span class='ocrx_word' id='word_1_961' title='bbox 302 3522 359 3544; x_wconf 85' lang='lat' dir='ltr'><strong>om.</strong></span> <span class='ocrx_word' id='word_1_962' title='bbox 375 3512 422 3544; x_wconf 83' lang='lat' dir='ltr'><strong>Bc</strong></span> <span class='ocrx_word' id='word_1_963' title='bbox 437 3511 452 3565; x_wconf 63' lang='lat' dir='ltr'>fl</span> <span class='ocrx_word' id='word_1_964' title='bbox 469 3513 507 3546; x_wconf 86' lang='lat'><strong>31</strong></span> <span class='ocrx_word' id='word_1_965' title='bbox 534 3513 818 3558; x_wconf 77' lang='grc' dir='ltr'><strong><em>χωρηγουμένων</em></strong></span> <span class='ocrx_word' id='word_1_966' title='bbox 831 3512 903 3545; x_wconf 81' lang='lat' dir='ltr'><strong>ML</strong></span> <span class='ocrx_word' id='word_1_967' title='bbox 921 3511 934 3556; x_wconf 75' lang='grc' dir='ltr'><strong>ΙΙ</strong></span> <span class='ocrx_word' id='word_1_968' title='bbox 950 3512 992 3546; x_wconf 85' lang='grc'>32</span> <span class='ocrx_word' id='word_1_969' title='bbox 1015 3523 1056 3545; x_wconf 79' lang='grc' dir='ltr'><strong>τε</strong></span> <span class='ocrx_word' id='word_1_970' title='bbox 1071 3513 1189 3547; x_wconf 77' lang='lat' dir='ltr'><strong>seclusi</strong></span> <span class='ocrx_word' id='word_1_971' title='bbox 1204 3514 1218 3557; x_wconf 72' lang='lat' dir='ltr'>fl</span> <span class='ocrx_word' id='word_1_972' title='bbox 1231 3509 1256 3556; x_wconf 85' lang='grc' dir='ltr'><em>ἢ</em></span> <span class='ocrx_word' id='word_1_973' title='bbox 1278 3524 1368 3558; x_wconf 87' lang='grc' dir='ltr'><strong><em>παρ-</em></strong></span> <span class='ocrx_word' id='word_1_974' title='bbox 1437 3511 1540 3556; x_wconf 73' lang='lat' dir='ltr'><strong>libri!</strong></span> <span class='ocrx_word' id='word_1_975' title='bbox 1570 3513 1608 3546; x_wconf 89' lang='grc'><strong>21</strong></span> <span class='ocrx_word' id='word_1_976' title='bbox 1637 3515 1730 3546; x_wconf 83' lang='lat' dir='ltr'><strong>extra</strong></span> <span class='ocrx_word' id='word_1_977' title='bbox 1752 3514 1847 3555; x_wconf 77' lang='lat' dir='ltr'><strong>qnae]</strong></span> <span class='ocrx_word' id='word_1_978' title='bbox 1873 3522 1911 3545; x_wconf 80' lang='lat' dir='ltr'><strong>ex</strong></span> <span class='ocrx_word' id='word_1_979' title='bbox 1935 3513 2076 3554; x_wconf 76' lang='lat' dir='ltr'><strong>utraque</strong></span> <span class='ocrx_word' id='word_1_980' title='bbox 2097 3509 2148 3545; x_wconf 63' lang='grc' dir='ltr'><strong>Β*</strong></span> <span class='ocrx_word' id='word_1_981' title='bbox 2162 3508 2244 3562; x_wconf 50' lang='grc'>..22</span> <span class='ocrx_word' id='word_1_982' title='bbox 2267 3509 2300 3541; x_wconf 69' lang='lat' dir='ltr'><strong>et</strong></span> <span class='ocrx_word' id='word_1_983' title='bbox 2323 3511 2440 3551; x_wconf 77' lang='lat' dir='ltr'><strong>neque]</strong></span> <span class='ocrx_word' id='word_1_984' title='bbox 2462 3512 2501 3544; x_wconf 83' lang='lat' dir='ltr'><strong>ut</strong></span> 
     </span>
     <span class='ocr_line' id='line_1_67' title="bbox 301 3551 2502 3602; baseline -0.002 -13"><span class='ocrx_word' id='word_1_985' title='bbox 301 3551 405 3598; x_wconf 77' lang='grc' dir='ltr'><strong><em>έδρῳ]</em></strong></span> <span class='ocrx_word' id='word_1_986' title='bbox 429 3568 451 3598; x_wconf 90' lang='grc' dir='ltr'><strong><em>η</em></strong></span> <span class='ocrx_word' id='word_1_987' title='bbox 473 3556 525 3597; x_wconf 80' lang='grc' dir='ltr'><strong>τῷ</strong></span> <span class='ocrx_word' id='word_1_988' title='bbox 546 3552 656 3590; x_wconf 79' lang='grc' dir='ltr'><strong><em>αὐτοῦ</em></strong></span> <span class='ocrx_word' id='word_1_989' title='bbox 681 3554 850 3602; x_wconf 75' lang='grc' dir='ltr'><strong><em>παρέδρῳ</em></strong></span> <span class='ocrx_word' id='word_1_990' title='bbox 870 3557 961 3591; x_wconf 85' lang='lat' dir='ltr'><strong>malit</strong></span> <span class='ocrx_word' id='word_1_991' title='bbox 981 3556 1170 3592; x_wconf 74' lang='lat' dir='ltr'><strong>Zachariae</strong></span> <span class='ocrx_word' id='word_1_992' title='bbox 1251 3579 1254 3582; x_wconf 84' lang='lat'><strong>·</strong></span> <span class='ocrx_word' id='word_1_993' title='bbox 1435 3566 1542 3598; x_wconf 83' lang='lat' dir='ltr'><strong>neque</strong></span> <span class='ocrx_word' id='word_1_994' title='bbox 1564 3557 1656 3601; x_wconf 60' lang='grc' dir='ltr'><strong>ΕΤΕΙ</strong></span> <span class='ocrx_word' id='word_1_995' title='bbox 1674 3559 1716 3593; x_wconf 85' lang='grc'>23</span> <span class='ocrx_word' id='word_1_996' title='bbox 1732 3568 1791 3602; x_wconf 82' lang='lat' dir='ltr'><strong>per</strong></span> <span class='ocrx_word' id='word_1_997' title='bbox 1811 3557 1980 3591; x_wconf 78' lang='lat' dir='ltr'><strong>occasione</strong></span> <span class='ocrx_word' id='word_1_998' title='bbox 1998 3555 2096 3599; x_wconf 74' lang='lat' dir='ltr'><strong>RV}</strong></span> <span class='ocrx_word' id='word_1_999' title='bbox 2121 3555 2163 3589; x_wconf 76' lang='lat'><strong>25</strong></span> <span class='ocrx_word' id='word_1_1000' title='bbox 2185 3563 2221 3586; x_wconf 83' lang='lat' dir='ltr'><strong>m</strong></span> <span class='ocrx_word' id='word_1_1001' title='bbox 2246 3552 2353 3586; x_wconf 76' lang='lat' dir='ltr'><strong>torum</strong></span> <span class='ocrx_word' id='word_1_1002' title='bbox 2376 3554 2464 3598; x_wconf 70' lang='lat' dir='ltr'><strong>cuiq.</strong></span> <span class='ocrx_word' id='word_1_1003' title='bbox 2489 3555 2502 3599; x_wconf 74' lang='lat' dir='ltr'>fl</span> 
     </span>
     <span class='ocr_line' id='line_1_68' title="bbox 307 3598 2501 3645; baseline -0.002 -7"><span class='ocrx_word' id='word_1_1004' title='bbox 307 3616 1368 3626; x_wconf 50' lang='grc' dir='ltr'>Ἢ</span> <span class='ocrx_word' id='word_1_1005' title='bbox 1437 3602 1478 3635; x_wconf 84' lang='grc'>27</span> <span class='ocrx_word' id='word_1_1006' title='bbox 1503 3603 1561 3634; x_wconf 78' lang='lat' dir='ltr'><strong>aut</strong></span> <span class='ocrx_word' id='word_1_1007' title='bbox 1583 3603 1778 3645; x_wconf 81' lang='lat' dir='ltr'><strong>praepositis</strong></span> <span class='ocrx_word' id='word_1_1008' title='bbox 1800 3603 1920 3636; x_wconf 71' lang='lat' dir='ltr'><strong>addidi</strong></span> <span class='ocrx_word' id='word_1_1009' title='bbox 1938 3601 1951 3645; x_wconf 89' lang='grc' dir='ltr'>Ι</span> <span class='ocrx_word' id='word_1_1010' title='bbox 1974 3601 2105 3642; x_wconf 61' lang='grc'>28911·</span> <span class='ocrx_word' id='word_1_1011' title='bbox 2126 3598 2156 3631; x_wconf 86' lang='lat' dir='ltr'><strong><em>V</em></strong></span> <span class='ocrx_word' id='word_1_1012' title='bbox 2211 3598 2253 3633; x_wconf 83' lang='grc'>29</span> <span class='ocrx_word' id='word_1_1013' title='bbox 2278 3600 2501 3633; x_wconf 79' lang='lat' dir='ltr'><strong>extenduntur</strong></span> 
     </span>
    </p>

    <p class='ocr_par' dir='ltr' id='par_1_11' title="bbox 304 3642 2501 3737">
     <span class='ocr_line' id='line_1_69' title="bbox 359 3642 2501 3724; baseline 0.001 -49"><span class='ocrx_word' id='word_1_1014' title='bbox 359 3645 373 3676; x_wconf 90' lang='grc'><strong>1</strong></span> <span class='ocrx_word' id='word_1_1015' title='bbox 401 3646 603 3686; x_wconf 72' lang='lat' dir='ltr'><strong>prospexerit</strong></span> <span class='ocrx_word' id='word_1_1016' title='bbox 627 3646 660 3679; x_wconf 84' lang='lat' dir='ltr'><em>R</em></span> <span class='ocrx_word' id='word_1_1017' title='bbox 691 3646 704 3688; x_wconf 85' lang='grc' dir='ltr'>Ι</span> <span class='ocrx_word' id='word_1_1018' title='bbox 740 3647 761 3680; x_wconf 89' lang='grc'>2</span> <span class='ocrx_word' id='word_1_1019' title='bbox 783 3646 936 3689; x_wconf 79' lang='lat' dir='ltr'><strong>portibus</strong></span> <span class='ocrx_word' id='word_1_1020' title='bbox 963 3648 1192 3692; x_wconf 68' lang='lat' dir='ltr'><strong>Oeenbrayqen</strong></span> <span class='ocrx_word' id='word_1_1021' title='bbox 1223 3648 1280 3690; x_wconf 76' lang='lat' dir='ltr'><strong>(id.</strong></span> <span class='ocrx_word' id='word_1_1022' title='bbox 1302 3646 1367 3680; x_wconf 81' lang='lat' dir='ltr'><strong>Iul.</strong></span> <span class='ocrx_word' id='word_1_1023' title='bbox 1444 3645 1501 3724; x_wconf 63' lang='lat' dir='ltr'><strong>V!</strong></span> <span class='ocrx_word' id='word_1_1024' title='bbox 1522 3647 1734 3682; x_wconf 75' lang='lat' dir='ltr'><strong>consciliario</strong></span> <span class='ocrx_word' id='word_1_1025' title='bbox 1756 3647 1825 3682; x_wconf 82' lang='lat' dir='ltr'><strong>BT</strong></span> <span class='ocrx_word' id='word_1_1026' title='bbox 1838 3646 1852 3691; x_wconf 86' lang='grc' dir='ltr'><strong>ΙΙ</strong></span> <span class='ocrx_word' id='word_1_1027' title='bbox 1872 3647 1915 3681; x_wconf 85' lang='grc'>32</span> <span class='ocrx_word' id='word_1_1028' title='bbox 1939 3644 2115 3679; x_wconf 72' lang='lat' dir='ltr'><strong>uniamus</strong></span> <span class='ocrx_word' id='word_1_1029' title='bbox 2135 3642 2169 3676; x_wconf 80' lang='lat' dir='ltr'><em>R</em></span> <span class='ocrx_word' id='word_1_1030' title='bbox 2209 3643 2386 3677; x_wconf 73' lang='lat' dir='ltr'><strong>uniuem·</strong></span> <span class='ocrx_word' id='word_1_1031' title='bbox 2414 3644 2464 3678; x_wconf 86' lang='lat' dir='ltr'><strong>V¹</strong></span> <span class='ocrx_word' id='word_1_1032' title='bbox 2488 3647 2501 3689; x_wconf 73' lang='lat' dir='ltr'>ss</span> 
     </span>
     <span class='ocr_line' id='line_1_70' title="bbox 304 3687 2211 3737; baseline 0 -17"><span class='ocrx_word' id='word_1_1033' title='bbox 304 3699 331 3720; x_wconf 87' lang='lat' dir='ltr'><strong>c.</strong></span> <span class='ocrx_word' id='word_1_1034' title='bbox 345 3688 434 3727; x_wconf 72' lang='lat' dir='ltr'><strong>277ss</strong></span> <span class='ocrx_word' id='word_1_1035' title='bbox 457 3689 606 3729; x_wconf 76' lang='lat' dir='ltr'><strong>partibus</strong></span> <span class='ocrx_word' id='word_1_1036' title='bbox 629 3691 705 3725; x_wconf 81' lang='lat' dir='ltr'><strong>libri</strong></span> <span class='ocrx_word' id='word_1_1037' title='bbox 731 3691 744 3734; x_wconf 82' lang='grc' dir='ltr'>Ι</span> <span class='ocrx_word' id='word_1_1038' title='bbox 772 3693 792 3725; x_wconf 82' lang='grc'>3</span> <span class='ocrx_word' id='word_1_1039' title='bbox 817 3692 987 3725; x_wconf 69' lang='lat' dir='ltr'><strong>ueniente·</strong></span> <span class='ocrx_word' id='word_1_1040' title='bbox 1006 3692 1101 3733; x_wconf 75' lang='lat' dir='ltr'><strong><em>VT&#39;]</em></strong></span> <span class='ocrx_word' id='word_1_1041' title='bbox 1134 3691 1368 3726; x_wconf 75' lang='lat' dir='ltr'><strong>conueniente·</strong></span> <span class='ocrx_word' id='word_1_1042' title='bbox 1435 3689 1487 3723; x_wconf 82' lang='lat' dir='ltr'><strong>uti</strong></span> <span class='ocrx_word' id='word_1_1043' title='bbox 1503 3690 1605 3725; x_wconf 86' lang='lat' dir='ltr'><strong>imum</strong></span> <span class='ocrx_word' id='word_1_1044' title='bbox 1627 3691 1715 3726; x_wconf 85' lang='lat' dir='ltr'><strong>BT¹</strong></span> <span class='ocrx_word' id='word_1_1045' title='bbox 1735 3691 1750 3737; x_wconf 86' lang='grc' dir='ltr'>Ι</span> <span class='ocrx_word' id='word_1_1046' title='bbox 1775 3692 1819 3726; x_wconf 78' lang='grc'><strong>38</strong></span> <span class='ocrx_word' id='word_1_1047' title='bbox 1842 3697 2043 3733; x_wconf 67' lang='lat' dir='ltr'><strong>cognoscem</strong></span> <span class='ocrx_word' id='word_1_1048' title='bbox 2066 3699 2125 3721; x_wconf 69' lang='lat' dir='ltr'><strong>on.</strong></span> <span class='ocrx_word' id='word_1_1049' title='bbox 2140 3687 2211 3721; x_wconf 76' lang='grc' dir='ltr'><strong>ΒΤ</strong></span> 
     </span>
    </p>
   </div>
  </div>
 </body>
</html>
