2580 4022
151 158 210 188 DE
239 157 475 190 SAMARITIS
1239 143 1322 191 709
2025 147 2132 190 Nov.
2164 143 2331 187 CXLIV
2367 147 2384 187 1

1231 319 1322 362 Ρ-ΜΔ

905 404 1083 456 ΠΕΡΙ
1131 404 1630 458 ΣΑΜΑΡΕΙΤῼΝ.

600 490 850 540 Αὐτοκράτωρ
872 493 1059 529 Ἰουστῖνος
1084 493 1256 538 Διομήδει
1281 495 1428 540 ἐπάρχῳ
1453 496 1531 529 τῶν
1556 494 1664 541 ἱερῶν
1689 496 1936 540 πραιτωρίων.

281 573 586 617 (Προοίμιον.)
640 573 710 616 Τὴν
737 573 850 617 ἀσεβῆ
873 575 951 607 τῶν
977 575 1217 618 Σαμαρειτῶν
1249 574 1385 617 αἵρεσιν
1416 577 1474 607 καὶ
1506 575 1573 617 τὴν
1606 571 1812 619 παράλογον
1844 571 1987 607 τούτων
2010 576 2147 616 μανιάν
2172 570 2341 607 πολλάκις
2363 567 2385 606 ὅ

147 630 187 651 τε
218 618 280 659 τῆς
312 616 479 660 εὐσεβοῦς
511 616 641 660 λήξεως
671 618 776 662 ἡμῶν
800 619 921 664 πατὴρ
947 622 1005 652 καὶ
1030 615 1127 661 ἡμεῖς
1153 615 1254 652 αὐτοὶ
1279 617 1339 652 διὰ
1365 617 1521 653 σπουδῖς
1545 619 1712 660 ἐθέμεθα
1737 617 1824 662 πρὶς
1847 618 1889 651 τὸ
1917 617 2064 651 κάλλιον
2086 622 2302 664 μεταγαγεῖν
2326 620 2384 651 καὶ

147 661 211 696 τὰς
241 658 364 695 αὐτῶν
397 660 641 707 ἐλευθερῶσαι
675 662 788 708 ψυχὰς
811 664 874 705 τῆς
900 663 1157 709 ἐπικρατούσης
1182 661 1292 697 αὐτὰς
1316 663 1444 697 νόσου·
1482 660 1557 697 ἀλλ’
1585 660 1649 696 οὐκ
1674 663 1870 705 ἰσχύσαμεν
1895 664 1954 696 ἐπὶ
1978 667 2050 696 τοῖς
2075 662 2217 696 πολλοῖς
2238 661 2384 697 τούτων

146 705 190 739 τὸ
224 706 519 748 ἐσπουδασμένον
547 708 633 751 ἡμῖν
657 707 749 742 κατὰ
773 708 816 742 τὸ
843 707 956 742 πάλαι
982 708 1207 751 πράξασθαι.
1256 709 1478 755 κεχωρήκασι
1501 709 1568 762 γὰρ
1593 710 1640 742 εἷς
1663 707 1841 741 τοσοῦτόν
1866 719 1959 741 τινες
1983 706 2106 741 αὐτῶν
2128 712 2267 752 μανίας,
2300 705 2386 741 diste

148 749 191 792 δη
219 754 278 784 καὶ
308 753 371 785 τοῦ
404 752 654 797 σωτηριιόδους
685 755 851 795 τυχόντες
879 757 1131 797 βαπτίσματος
1162 752 1273 787 πάλιν
1306 753 1519 796 ἐπανῆλθον
1552 751 1646 787 όθεν
1677 751 1835 795 ἐξῆλθον
1859 753 1980 794 κακοῦ,
2005 755 2098 796 <καὶ>
2122 751 2238 786 ταύτὰ
2263 756 2385 796 Σαμα·

147 800 278 840 ρείταις
309 798 485 839 τιμῶντές
517 812 555 832 τε
587 801 645 831 καὶ
677 798 877 832 λυττῶντες
908 796 1184 842 διηλέγχθησαν.
1232 796 1333 837 ἔδοξε
1363 803 1488 832 τοίνυν
1514 796 1599 842 ἡμῖν
1631 795 1754 843 ὀρθῶς
1777 800 1872 839 ἔχειν
1895 797 1962 831 τὸν
1987 796 2100 832 πάλαι
2125 801 2183 831 καὶ
2209 798 2387 843 πρότερον

147 839 222 874 κατ’
252 838 374 876 αὐτῶν
399 843 558 876 τεθέντα
583 842 681 888 παρὰ
706 844 770 877 τοῦ
794 842 965 888 ἡμετέρου
989 843 1126 887 πατρὸς
1149 842 1265 886 νόμον
1290 840 1590 878 ἀνανεώσασθαι.

1171 956 1327 991 CAPUT
1348 957 1375 991 Ι.

283 1036 356 1066 Καὶ
381 1031 440 1066 διὰ
465 1035 573 1067 τοῦτο
599 1035 835 1078 θεσπίζομεν,
868 1035 917 1078 μὴ
940 1033 1171 1079 κληρονομεῖν
1196 1032 1324 1068 αὖτοὺς
1348 1036 1385 1068 ἐκ
1409 1033 1602 1076 διαθηκῶν
1626 1032 1647 1077 ἢ
1673 1034 1815 1068 τούτων
1836 1039 1953 1079 χωρίς,
1986 1034 2076 1078 μηδὲ
2100 1038 2273 1080 πρεσβεῖα
2297 1034 2385 1077 λαμ-

146 1075 273 1121 βάνειν
294 1076 316 1120 ἢ
337 1078 429 1111 κατὰ
456 1077 589 1123 δωρεᾶς
611 1077 752 1125 τρόπον
772 1081 989 1123 κομίζεσθαι
1013 1082 1181 1124 πρᾶγμα·
1206 1077 1297 1113 ἀλλὰ
1321 1079 1412 1123 μηδὲ
1435 1080 1527 1114 κατὰ
1551 1079 1620 1122 τὴν
1645 1080 1683 1119 ἐξ
1707 1077 1907 1114 άδιαθέτου
1932 1080 2057 1123 κλῆσιν
2083 1079 2270 1122 διαδόχους
2294 1082 2386 1121 ἔχειν

147 1126 373 1166 Σαμαρείτας
404 1122 426 1166 ἢ
459 1120 551 1157 ὅλως
583 1123 790 1167 αἱρετικούς,
821 1123 912 1168 μηδὲ
942 1127 1262 1169 σχηματιζομένους
1291 1127 1357 1168 μὲν
1379 1125 1447 1168 τὴν
1467 1123 1588 1170 ὀρθὴν
1608 1126 1684 1158 τῶν
1708 1127 1944 1171 Χριστιανῶν
1967 1124 2228 1170 προςόἐχεσθαι
2249 1129 2386 1166 πίστιν,

147 1171 223 1201 ταῖς
248 1166 287 1201 δὲ
311 1164 501 1210 ἀληθείαις
524 1165 588 1211 οὐχ
611 1166 709 1203 οὕτω
735 1171 959 1215 φρονοῦντας
983 1169 1005 1212 ἢ
1029 1168 1257 1214 πράττοντας
1280 1170 1325 1204 τὰ
1348 1171 1463 1212 ταύτῃ
1486 1173 1745 1213 συμβαίνοντα,
1768 1168 1860 1213 μηδὲ
1882 1170 1956 1214 μὴν
1973 1169 2152 1214 διαθήκας
2169 1172 2239 1213 [εἰς]
2258 1167 2386 1203 αὐτοὺς

146 1210 300 1257 γράφειν
332 1211 356 1255 ἢ
385 1212 523 1269 ληγάτα
554 1213 844 1258 καταλιμπάνειν
874 1213 897 1257 ἢ
929 1213 1140 1260 δωρεῖσθαι,
1173 1213 1269 1258 πλὴν
1302 1216 1332 1248 εἰ
1357 1215 1406 1258 μὴ
1439 1206 1638 1259 ἕρθόδοξοι
1668 1215 1739 1247 εἷεν
1762 1219 1821 1247 καὶ
1846 1219 1967 1249 πίστει
1991 1219 2049 1249 καὶ
2075 1218 2188 1262 ἔργοις
2211 1215 2247 1249 οἱ
2269 1216 2386 1248 ταῦτα

147 1257 356 1301 ληψόμενοι.
405 1272 435 1292 ει
458 1257 528 1304 γὰρ
550 1257 671 1302 μηδεὶς
694 1260 838 1293 τούτων
861 1260 925 1301 εἴη,
951 1262 1004 1302 τῴ
1031 1259 1215 1304 ἱερωτάτῳ
1241 1264 1392 1303 ταμιείῳ
1417 1260 1480 1294 τὰς
1503 1257 1647 1294 τούτων
1670 1264 1875 1305 περιουσίας
1898 1260 1989 1302 μετὰ
2014 1260 2181 1303 τελευτὴν
2199 1260 2388 1305 προςήκειν

147 1301 344 1346 κελεύομεν.
393 1300 480 1337 diste.
512 1308 572 1336 καὶ
605 1301 624 1337 ὁ
656 1304 785 1349 πρώην
817 1304 1069 1349 φιλοτιμηθεὶς
1099 1305 1238 1339 τούτοις
1266 1305 1366 1349 παρὰ
1399 1307 1463 1338 τοῦ
1494 1304 1667 1349 ἡμετέρου
1700 1305 1838 1350 πατρὸς
1866 1306 1965 1339 θεῖος
1995 1307 2106 1340 τύπος
2137 1305 2248 1349 νόμου
2280 1305 2386 1344 τάξιν

148 1349 299 1390 ἐπέχων,
330 1346 449 1382 διδοὺς
478 1345 597 1383 αῦτοῖς
628 1348 858 1394 κληρονομεῖν
889 1363 928 1383 τε
956 1353 1015 1383 καὶ
1039 1349 1343 1394 κληρονομεῖσθαι
1367 1354 1426 1383 καὶ
1449 1350 1630 1393 τιμᾶσθαι
1653 1349 1815 1395 ληγάτοις
1840 1349 1863 1392 ἢ
1886 1350 2175 1394 καταλιμπάνειν
2200 1353 2386 1396 πρεσβεῖα,

148 1391 314 1433 σχολάσει
341 1394 383 1426 τὸ
413 1393 544 1428 λοιπὸν
575 1397 635 1427 καὶ
667 1394 846 1434 καθάπαξ
878 1394 978 1436 ἰσχὺν
1010 1391 1180 1437 οὗδεμίαν
1210 1395 1290 1434 ἕξει.
1337 1396 1400 1438 τῆς
1429 1395 1499 1441 γὰρ
1524 1397 1562 1428 ἐκ
1587 1393 1717 1428 τούτου
1742 1393 2026 1439 φιλανθρωπίας
2051 1393 2217 1436 ἀναξίους
2241 1393 2386 1428 ἑαυτοὺς

146 1433 400 1478 ἀποδείξαντες
432 1439 524 1471 εἶναι
554 1439 590 1472 οἱ
618 1438 665 1473 τὰ
690 1440 930 1484 Σαμαρειτῶν
960 1439 1175 1483 μαινόμενοι
1204 1437 1268 1481 οὐχ
1299 1442 1422 1485 ἕτερον
1453 1437 1474 1483 ἢ
1507 1441 1600 1485 σφᾶς
1631 1437 1761 1473 αὐτοί-ς
1791 1442 2069 1486 ἐπιμέμψονται,
2094 1439 2387 1485 ἅλλοτριούμενοι

146 1483 213 1525 μὲν
237 1483 300 1524 τῆς
320 1483 357 1515 ἐκ
381 1485 444 1516 τοῦ
467 1482 620 1528 μεγάλου
641 1484 732 1518 θεοῦ
757 1489 816 1518 καὶ
840 1486 1001 1529 σωτῆρος
1024 1481 1128 1528 ἡμῶν
1143 1482 1256 1527 Ἰησοῦ
1273 1486 1432 1529 Χριστοῦ
1458 1484 1751 1539 φιλανθρωπίας,
1776 1486 2011 1519 ἐκπίπτοντες
2027 1485 2066 1519 δὲ
2090 1490 2149 1519 καὶ
2165 1487 2243 1520 τῶν
2259 1482 2388 1530 πρώην

149 1524 267 1561 αὗτοῒς
298 1528 336 1560 ἐκ
367 1529 429 1570 τῆς
459 1525 629 1573 ἡμετέρας
661 1527 847 1562 δοθεισῶν
870 1529 1053 1573 βασιλείας
1077 1528 1293 1574 φιλοτιμιῶν
1317 1530 1408 1575 πρὸς
1430 1544 1472 1564 το
1500 1531 1560 1573 τῆς
1584 1527 1770 1573 ἀμείνονος
1788 1531 1964 1576 γενέσθαι
1989 1531 2141 1575 γνώμης,
2167 1528 2206 1565 οὗ
2230 1530 2304 1575 μὴν
2328 1530 2388 1563 ἵνα

146 1575 247 1616 μέχρι
271 1572 410 1606 παντὸς
434 1575 494 1607 ἐπὶ
518 1575 580 1616 τῆς
601 1575 728 1608 οἰκείας
754 1572 976 1618 διαμείναιεν
999 1573 1217 1614 κακοδοξίας.

282 1663 367 1696 Νου.
391 1664 549 1696 CXLIV
565 1664 686 1698 Iustini
709 1665 834 1698 Graece
865 1672 984 1698 tantum
1014 1672 1100 1698 extat
1131 1667 1163 1698 in
1188 1665 1232 1698 M
1260 1666 1306 1707 (f.
1331 1666 1396 1698 413
1430 1667 1513 1698 inter
1545 1666 1691 1698 novellas
1714 1666 1837 1699 luscini
1867 1666 1992 1707 quinta)
2017 1673 2048 1698 et
2073 1667 2115 1707 L,
2140 1679 2165 1699 c.
2194 1668 2223 1700 1.
2250 1667 2270 1698 2
2295 1667 2327 1698 in
2355 1666 2388 1697 B

151 1710 179 1748 1,
196 1716 220 1748 1,
238 1715 274 1742 56
299 1710 365 1748 [52;
392 1710 433 1750 cf.
452 1709 639 1742 Zachariae
665 1711 772 1743 Beitr.
796 1723 823 1742 z.
849 1710 938 1743 Krit.
964 1723 994 1742 u.
1013 1711 1126 1743 Restit.
1153 1711 1210 1743 der
1226 1710 1414 1750 Basiliken‚
1441 1711 1491 1744 St.
1509 1712 1650 1743 Petersb.
1672 1712 1768 1752 1877,
1785 1723 1820 1753 p.
1838 1712 1871 1744 4.
1898 1712 1963 1750 14].
1987 1730 2034 1735 -
2057 1712 2150 1755 Epit.
2170 1711 2292 1744 Theod.
2313 1712 2388 1750 144,

146 1754 266 1785 ΑτΙιαη.
287 1754 317 1792 3,
335 1760 350 1786 3
375 1753 462 1791 (inde
492 1754 573 1786 Coll.
601 1762 698 1787 const.
721 1755 796 1787 eccl.
813 1754 918 1794 III3,
935 1756 975 1795 3),
1001 1756 1160 1788 Balsama
1185 1756 1231 1787 ad
1253 1755 1385 1788 Nomoc.
1403 1755 1557 1788 XIVtit.
1575 1756 1608 1796 4,
1629 1763 1654 1787 7.

214 1810 240 1830 c.
258 1798 282 1829 I
302 1805 330 1830 et
352 1797 398 1830 II
413 1810 466 1840 pr.
493 1810 531 1830 ex
555 1798 591 1830 Β
613 1800 708 1832 habet
731 1798 910 1832 Nomocflm
927 1800 1081 1833 XIVtit.
1105 1801 1156 1839 10,
1174 1807 1201 1839 8,
1227 1801 1431 1832 summarium
1455 1800 1588 1832 Nomoc.
1606 1801 1761 1835 XIVtit.
1787 1802 1828 1835 ib.
1849 1813 1886 1844 p.
1905 1802 1969 1834 586
1995 1800 2102 1833 Pitra.

213 1855 230 1875 c
257 1843 279 1875 1
300 1844 342 1876 in.
367 1843 423 1884 (-—
441 1843 480 1876 13
508 1838 600 1875 ὅλως
625 1841 835 1887 αἱρετικούς)
861 1846 956 1878 habet
979 1843 1031 1877 ΒΤ
1046 1847 1117 1886 1,1,
1136 1852 1170 1878 53
1195 1845 1329 1887 reliquis
1354 1846 1489 1878 omissis.

1186 1997 1353 2034 CXLIV.

995 2075 1097 2124 DE
1138 2074 1547 2126 SAMARITIS.

686 2162 894 2210 Imperator
918 2162 1082 2199 Iustinus
1106 2163 1272 2199 Diomedi
1293 2163 1484 2209 praefecto
1508 2173 1615 2198 sacro
1638 2163 1839 2209 praetorio.

285 2242 547 2287 Praefatio.
595 2240 750 2287 Impiam
792 2242 1058 2277 Samaritarum
1095 2241 1260 2277 haeresin
1297 2247 1330 2277 et
1366 2242 1461 2276 omni
1496 2242 1640 2277 ratione
1674 2246 1853 2278 carentem
1890 2253 2013 2278 eorum
2048 2244 2229 2279 vesaniam
2263 2255 2388 2291 saepe-

148 2299 298 2323 numero
333 2293 404 2322 tam
433 2288 518 2333 piae
546 2287 739 2322 memoriae
765 2298 902 2333 parens
932 2292 1056 2322 noster
1085 2298 1192 2332 quam
1224 2297 1292 2321 nos
1321 2287 1394 2332 ipsi
1422 2297 1570 2331 operam
1601 2286 1762 2327 dedimus
1791 2291 1831 2322 ut
1855 2287 1903 2322 ad
1924 2288 2073 2323 meliora
2091 2289 2387 2334 perduceremus,

149 2344 341 2378 eorumque
373 2333 512 2366 animas
543 2343 566 2366 a
598 2331 721 2372 morbo
752 2343 824 2376 quo
855 2332 1059 2367 detinentur
1090 2332 1338 2367 liberaremus:
1369 2342 1484 2376 neque
1517 2334 1641 2378 tamen
1663 2332 1700 2366 in
1729 2332 1914 2377 plerisque
1944 2343 2068 2367 eorum
2097 2333 2137 2367 id
2165 2334 2264 2379 quod
2285 2335 2389 2370 nobis

149 2377 269 2413 studio
300 2378 377 2422 fuit
408 2376 602 2411 secundum
634 2381 786 2412 veterem
812 2387 915 2410 usum
945 2377 1119 2422 perlicere
1151 2377 1338 2411 valuimus.
1385 2377 1479 2410 Nam
1509 2376 1675 2411 nonnulli
1701 2387 1750 2411 ex
1778 2377 1823 2411 iis
1854 2377 1904 2411 ad
1936 2381 2071 2412 tantam
2096 2379 2278 2412 vesaniam
2296 2391 2387 2425 pro-

149 2423 266 2469 qressi
297 2426 400 2463 sunt,
434 2426 474 2456 ut
504 2421 560 2456 vel
581 2421 736 2456 salutari
760 2422 974 2467 baptismate
998 2422 1190 2466 impetrato
1215 2421 1331 2456 denuo
1357 2420 1407 2455 ad
1428 2420 1466 2455 id
1489 2421 1622 2455 matum
1647 2421 1741 2455 unde
1762 2421 2000 2456 discesserant
2023 2422 2185 2457 redirent
2207 2427 2241 2457 et
2264 2423 2388 2458 eadem

150 2478 229 2502 cum
258 2466 451 2501 Samaritis
480 2465 663 2500 honorare
694 2470 730 2500 et
757 2466 879 2501 eodem
909 2466 1040 2510 furore
1070 2466 1135 2511 aqi
1164 2466 1458 2511 comperirentm·.
1507 2463 1638 2509 Itaque
1661 2476 1739 2511 par
1765 2476 1841 2500 esse
1873 2466 1976 2501 nobis
2006 2466 2117 2502 visum
2150 2471 2204 2502 est
2236 2472 2387 2503 veterem

150 2512 248 2546 illam
273 2515 307 2546 et
330 2523 353 2546 a
367 2515 479 2557 patre
501 2514 625 2545 nostro
651 2510 823 2545 adversus
846 2521 908 2546 eos
926 2510 1035 2555 prius
1059 2510 1169 2545 latam
1194 2510 1307 2556 leqem
1330 2520 1515 2545 renovare.

284 2556 310 2590 Ι.
361 2559 412 2590 Ac
437 2559 639 2602 propterea
670 2556 862 2596 sancimus,
894 2560 934 2590 ut
965 2554 1113 2590 heredes
1144 2565 1218 2589 non
1247 2555 1341 2599 fiant
1368 2565 1417 2589 ex
1448 2554 1667 2589 testamentis
1695 2553 1751 2588 vel
1772 2554 1849 2588 sine
1872 2553 1939 2596 his,
1964 2565 2033 2590 neu
2059 2555 2180 2600 leqata
2204 2556 2389 2601 accipiant

150 2605 215 2636 aut
246 2601 455 2636 donationis
486 2600 592 2634 modo
624 2610 682 2634 res
706 2600 914 2644 adquirant,
942 2599 1007 2634 sed
1029 2606 1069 2634 ut
1093 2610 1136 2634 ne
1161 2599 1204 2634 ab
1229 2600 1397 2634 intestato
1423 2599 1563 2644 quidem
1588 2602 1735 2634 vocatos
1758 2609 1982 2634 successores
2005 2598 2159 2634 habeant
2184 2598 2388 2635 Samaritas

151 2646 205 2682 vel
229 2646 374 2681 omnino
399 2644 610 2686 haereticos,
636 2648 699 2679 ant
723 2655 783 2679 eos
806 2645 869 2690 qui
891 2644 1057 2679 simulent
1081 2644 1222 2695 quidem
1246 2655 1283 2679 se
1307 2648 1441 2679 rectam
1468 2643 1751 2678 Christianorum
1771 2643 1880 2687 fidem
1905 2644 2084 2689 amplecti,
2107 2655 2148 2679 re
2168 2655 2251 2680 vera
2268 2650 2388 2681 autem

150 2702 222 2725 non
247 2691 299 2725 ita
324 2691 481 2724 sentiant
505 2700 620 2734 neque
643 2688 726 2723 huic
750 2693 991 2724 consentanea
1014 2689 1170 2733 faciant,
1194 2699 1280 2724 neve
1303 2689 1420 2734 maqis
1445 2691 1655 2723 testamenta
1679 2688 1697 2721 i*
1718 2688 1750 2722 si
1773 2688 1933 2723 scribant
1957 2693 2021 2723 aut
2045 2689 2165 2733 leqata
2180 2689 2390 2735 relinquant

151 2741 215 2770 aat
239 2735 384 2775 donent,
409 2734 480 2768 nisi
504 2733 702 2769 orthodoxi
725 2735 798 2768 sint
822 2738 857 2769 et
876 2733 950 2778 fide
973 2738 1007 2767 et
1029 2733 1144 2778 factis
1168 2734 1230 2778 qui
1254 2744 1297 2768 ea
1321 2733 1506 2779 accepturi
1529 2737 1623 2767 sztnt.
1701 2743 1758 2766 am
1782 2733 1814 2766 si
1832 2743 1934 2767 nemo
1958 2733 2088 2767 horum
2110 2733 2168 2775 sit,
2190 2734 2239 2768 ad
2261 2745 2386 2769 sacra-

152 2781 324 2815 tissimum
348 2780 530 2814 aerarium
556 2779 648 2814 bona
673 2789 796 2814 eorum
816 2784 901 2824 post
924 2782 1073 2813 mortem
1097 2779 1278 2822 pertinere
1302 2778 1468 2813 iubemus.
1517 2775 1648 2822 Itaque
1671 2778 1778 2812 etiam
1803 2788 1897 2822 quae
1920 2778 2003 2812 olim
2028 2778 2072 2812 iis
2096 2789 2118 2812 a
2133 2783 2244 2824 patre
2261 2784 2388 2814 nostro

148 2826 326 2870 praestita
351 2828 405 2858 est
426 2833 533 2858 sacra
556 2823 683 2868 forma
709 2823 799 2868 leqis
823 2823 931 2858 vicem
956 2822 1129 2866 obtinens,
1153 2833 1246 2867 quae
1270 2822 1315 2857 iis
1340 2821 1501 2857 concedit
1523 2821 1755 2856 nereditatem
1779 2822 1882 2856 adire
1896 2826 1931 2857 et
1947 2823 2190 2858 transmittere
2204 2827 2239 2858 ct
2259 2824 2390 2869 leqatis

150 2869 325 2904 honorari
359 2869 414 2904 vel
433 2869 552 2913 leqata
577 2868 792 2913 relinquere,
825 2868 862 2902 in
880 2871 1071 2913 posterum
1095 2866 1258 2908 cessabit,
1291 2877 1405 2912 neque
1428 2877 1584 2912 prorsus
1608 2866 1718 2900 ullam
1742 2866 1810 2901 vim
1835 2865 1986 2901 habebit.
2037 2867 2122 2902 Cum
2146 2868 2238 2902 enim
2263 2868 2388 2903 liuma-

150 2914 263 2949 nitate
286 2914 363 2948 eius
387 2913 477 2957 leqis
500 2924 539 2947 se
562 2913 633 2957 ipsi
656 2912 828 2957 indiqnos
852 2911 1073 2947 ostenderint
1096 2912 1161 2956 qui
1183 2910 1446 2946 Samaritarum
1471 2911 1618 2947 vesania
1642 2911 1840 2955 aqitantur,
1866 2922 1937 2945 non
1962 2911 2071 2946 alium
2097 2923 2203 2957 quam
2226 2923 2265 2948 se
2287 2914 2389 2959 ipsos

150 2958 380 2998 accusabunt,
405 2957 468 3001 qui
487 2957 629 3001 quidem
654 2961 688 2991 et
713 2967 735 2990 a
759 2956 946 2992 clementia
971 2956 1094 3000 maqni
1117 2955 1174 2990 dei
1198 2961 1230 2990 et
1254 2956 1451 2990 servatoris
1467 2955 1582 2989 nostri
1597 2953 1681 2990 Iesu
1700 2954 1830 2990 Christi
1846 2956 2046 2991 alienentur
2061 2962 2094 2991 et
2114 2957 2389 2993 liberalitatibus

146 3003 336 3047 priventur
361 3002 445 3035 olim
471 3001 560 3046 ipsis
584 3001 628 3035 ab
653 3001 804 3046 imperio
830 3005 955 3036 nostro
981 3000 1058 3034 ideo
1084 3000 1271 3041 concessis,
1297 3005 1337 3035 ut
1360 3000 1408 3035 ad
1427 3000 1606 3035 meliorem
1623 3004 1771 3035 mentem
1789 2999 1948 3042 redeant,
1973 3012 2038 3037 nec
2057 3013 2139 3037 vero
2156 3006 2194 3036 ut
2205 3008 2388 3048 perpetuo

150 3049 187 3081 in
205 3056 382 3092 perversa
408 3046 578 3090 opinione
601 3055 669 3079 sua
687 3050 928 3090 perseverent.

197 3194 216 3225 3
242 3192 337 3224 inscr.
363 3203 421 3223 om.
448 3191 477 3222 L
502 3187 745 3234 Αὐτοκράτωρ
768 3184 1017 3221 ’[ουστιιίανὸς
1031 3189 1104 3221 Ath.
1122 3184 1159 3222 ‘0
1174 3187 1236 3222 αῦ-
1306 3191 1411 3222 hiatus
1443 3197 1489 3222 est
1516 3191 1536 3222 4
1560 3192 1638 3231 fere
1662 3191 1734 3227 liu.)
1761 3190 1806 3222 M
1829 3189 1841 3231 ΙΙ
1875 3191 1912 3222 13
1937 3190 2003 3231 μὲν
2029 3190 2110 3230 LB]
2136 3203 2193 3222 om.
2221 3192 2266 3223 M
2282 3193 2359 3225 Am.
2377 3191 2389 3236 Η

151 3236 211 3269 τὸς
236 3233 401 3277 βασιλεὺς
426 3237 459 3274 (ι’.
478 3246 502 3267 e.
520 3236 676 3274 Iustinus)
695 3232 760 3274 Mn
780 3231 925 3276 ἐπάρχῳ
945 3235 1060 3273 (Atl1.)]
1087 3230 1235 3278 ὑπάρχω
1307 3236 1347 3267 14
1372 3231 1594 3276 πράττοντος
1622 3235 1647 3266 L
1665 3233 1676 3272 ΙΙ
1702 3231 1748 3266 τοὶ
1776 3233 1822 3266 τὰ
1846 3231 1960 3276 ταί-τη
1986 3236 2055 3274 (sic)
2082 3236 2111 3267 L
2135 3233 2181 3267 τά
2207 3231 2294 3281 αὐτῇ
2320 3237 2388 3270 Νο-

153 3283 195 3314 M
208 3282 219 3322 ΙΙ
239 3283 258 3313 4
282 3280 408 3312 τούτου
426 3280 540 3321 L¹116
566 3274 658 3311 αὐτοὶ
678 3279 708 3310 L
728 3277 740 3320 ΙΙ
757 3280 774 3310 7
802 3276 920 3309 *κατὰ
942 3277 984 3310 τὸ
1002 3276 1127 3318 πάλαι]
1144 3277 1235 3311 κατὰ
1304 3278 1426 3311 nzoc.d''²
1461 3278 1507 3310 τὰ
1541 3275 1646 3318 αὗτῆς
1671 3279 1720 3310 Bc
1755 3279 1869 3311 ταῦτα
1897 3280 1942 3311 M
1962 3279 1973 3321 ΙΙ
2004 3279 2052 3312 εἰς
2078 3281 2139 3312 del.
2167 3282 2361 3314 Ilatoander

152 3326 259 3358 τοῦτο
283 3322 395 3357 πάλαι
420 3325 450 3356 L
487 3326 546 3356 καὶ
569 3326 636 3356 τὸν
659 3320 702 3355 τὸ
724 3319 838 3355 πάλαι
865 3323 909 3354 M
938 3325 996 3354 καὶ
1027 3325 1099 3355 τοῖς
1123 3322 1236 3356 πάλαι
1305 3320 1414 3355 αὐτας
1441 3324 1488 3355 La
1506 3323 1516 3365 ΙΙ
1540 3326 1578 3356 15
1603 3326 1725 3356 πίστοι
1751 3324 1780 3355 l)
1797 3323 1808 3366 ΙΙ
1833 3322 1868 3355 οἱ
1890 3324 2005 3357 ταῦτα
2032 3325 2099 3357 LB
2123 3325 2212 3364 Alli]
2238 3338 2295 3358 om.
2322 3327 2367 3359 M

153 3384 219 3403 cum
246 3370 462 3411 Hombequio
486 3370 572 3410 vuly.
603 3368 614 3410 ΙΙ
645 3364 738 3400 ὥστε
764 3367 821 3406 M]
853 3362 909 3398 ὅτι
930 3369 960 3399 L
989 3367 1000 3410 ΙΙ
1033 3369 1051 3400 8
1080 3370 1139 3399 καὶ
1159 3370 1235 3401 add.
1308 3370 1346 3401 16
1372 3367 1423 3408 εἴη
1449 3369 1504 3408 τῷ
1528 3367 1612 3407 (εἷεν
1636 3381 1693 3400 om.
1719 3368 1771 3409 τῷ
1797 3369 1859 3407 La)
1887 3369 1954 3401 LB
1979 3370 2068 3409 Am]
2094 3362 2116 3410 ἦ
2140 3369 2193 3401 τῶ
2220 3370 2265 3402 B!
2285 3369 2297 3413 ΙΙ
2327 3383 2389 3403 τα-

153 3416 340 3448 Zachariae
359 3413 371 3456 ΙΙ
388 3413 503 3446 ταῦτα
528 3413 600 3445 ML
626 3425 706 3445 corr.
728 3412 920 3444 Haloander
936 3411 949 3452 11
967 3414 986 3444 9
1012 3424 1050 3444 τε
1074 3414 1133 3444 καὶ
1158 3410 1234 3445 λυτ-
1303 3415 1392 3455 μείῳ
1419 3412 1488 3444 LB
1513 3414 1587 3446 Atlt.
1605 3412 1616 3453 11
1640 3414 1676 3445 17
1703 3411 1802 3456 παρὰ
1816 3431 1858 3437 -
1872 3411 2009 3456 πατρὸς
2034 3426 2091 3446 om.
2110 3415 2144 3446 Β
2161 3413 2172 3457 ΙΙ
2192 3413 2304 3448 τύπος
2329 3429 2390 3450 om.

152 3461 286 3493 τῶντες
310 3460 352 3497 L]
385 3460 444 3489 καὶ
476 3455 661 3490 ἐλάττονες
691 3458 761 3497 (sic)
787 3456 829 3487 M
852 3455 864 3498 Η
894 3453 1153 3501 διελεγχθησαν
1180 3458 1209 3490 L
1226 3457 1236 3500 Η
1307 3459 1365 3490 Μ.
1398 3458 1461 3490 Est
1484 3470 1554 3490 nov.
1578 3458 1737 3490 CXXIX
1762 3461 1772 3498 ΙΙ
1800 3459 1840 3491 18
1870 3453 1995 3490 αὖτοὺς
2018 3459 2177 3492 Νοηιοε.’”
2194 3458 2206 3502 ΙΙ
2231 3456 2390 3504 λεγάτοις

156 3507 196 3537 10
221 3501 296 3536 κατ’
325 3499 436 3535 αὐτὸν
455 3501 634 3542 τεχθέντα
653 3502 681 3533 L
699 3501 710 3544 ΙΙ
729 3499 865 3542 πατρὸς
883 3514 920 3533 ετ
937 3514 1017 3533 corr.
1036 3502 1063 3533 L
1081 3502 1092 3544 ΙΙ
1110 3502 1235 3544 νόμον]
1306 3503 1464 3535 Νοηιοε.”ι
1476 3501 1487 3545 ΙΙ
1503 3504 1542 3536 19
1560 3500 1725 3543 σχολάσοι
1742 3501 1788 3534 τὰ
1805 3500 1934 3535 λοιπὸν
1952 3503 2014 3545 Ml!
2027 3505 2086 3535 καὶ
2105 3516 2161 3536 om.
2183 3504 2246 3546 ᾹΙΙΙ
2259 3506 2296 3538 21
2315 3507 2390 3547 τοῦ]

153 3548 268 3591 μόνον
294 3549 351 3581 L¹.
399 3549 459 3580 Est
489 3549 563 3580 Cocl.
585 3549 703 3587 1,5‚1·1
730 3546 742 3588 ΙΙ
771 3548 805 3578 11
837 3546 1060 3588 Θεσπίζομεν
1082 3545 1130 3588 μὴ
1157 3545 1235 3587 κλη-
1305 3547 1367 3587 τῆς
1390 3547 1550 3580 Nomoc.⁷'‘
1566 3546 1578 3589 ΙΙ
1602 3545 1755 3591 μεγάλου
1779 3560 1836 3580 on1.
1864 3548 1894 3579 L
1918 3547 1930 3590 ΙΙ
1957 3549 2016 3579 καὶ
2047 3548 2207 3592 σωτῆρος
2228 3562 2286 3581 om.
2313 3550 2392 3596 B⁶11

154 3595 320 3636 ρονομεῖν
352 3594 577 3635 Σαμαρείτας
613 3591 651 3622 ἐκ
684 3587 877 3631 διαθηκῶν
909 3593 968 3622 imr.
1001 3591 1036 3622 B
1067 3590 1078 3634 ΙΙ
1113 3589 1237 3634 λαβεῖν
1307 3591 1465 3634 Χριστοῦ
1491 3604 1549 3624 om.
1576 3591 1754 3634 Nomocstfl
1775 3593 1816 3624 22
1842 3592 1879 3623 ἐκ
1903 3592 1965 3633 τῆς
1989 3587 2159 3635 ἡμετέρας
2183 3590 2304 3628 αὐτοῖς
2318 3595 2389 3628 Νο-

156 3639 315 3671 Νοιηοε.7η
342 3637 354 3680 ΙΙ
388 3639 427 3670 12
459 3635 674 3679 κομίζεσθαι
707 3636 774 3666 LB
799 3636 885 3674 Am]
919 3634 1147 3668 έκποιεῖσθαι
1173 3636 1237 3680 Ml}
1307 3636 1429 3668 moestu·
1445 3637 1455 3674 ΙΙ
1485 3639 1526 3669 ‘23
1551 3638 1652 3679 μέχρι
1676 3636 1739 3668 τοῦ
1765 3635 1902 3669 παντὸς
1926 3637 2086 3671 Νοιιιοε.”“
2104 3638 2116 3681 ΙΙ
2142 3635 2389 3681 *διαμείνοιεν

156 3679 340 3723 διαδόχους
377 3682 468 3722 ἔχειν
499 3682 565 3714 LB
590 3681 676 3719 Am]
714 3675 923 3719 ιῖδιαὸόχους
958 3681 1044 3720 (ante
1081 3681 1138 3712 hoc
1167 3693 1236 3713 voc.
1307 3681 1417 3713 MLB
1442 3678 1642 3723 διαμένοιεν
1666 3694 1732 3713 cum
1759 3682 1941 3724 Scrimqero
1965 3682 2053 3725 vulq.

2413 849 2453 879 10

2413 1218 2453 1250 15

2412 1442 2452 1473 20
