2618 4010
116 188 118 190 '
164 181 226 213 AD
255 180 625 214 APPELLATIONEM

1233 163 1310 234 291
1986 171 2092 216 Nov.
2124 172 2262 216 XLIX
2297 177 2327 214 1.
2356 176 2379 216 2

164 281 286 339 ψήφου
317 285 435 339 τυχεῖν
462 284 584 327 κυρίας
606 279 874 328 ἀποφαινούσης
903 279 1022 316 αὐτοῖς
1044 281 1107 317 τὰς
1130 285 1239 326 νίκας,
1310 281 1552 318 declarantem
1571 291 1693 318 eorum
1711 281 1887 327 victorias,
1912 283 1966 320 his
1989 294 2048 320 eos
2072 285 2143 321 frui
2167 285 2267 329 (nihil
2289 285 2382 322 enim

164 340 306 363 τουτων
330 325 456 362 αυτούς
487 323 684 362 ἀπολαύειν
720 325 838 368 (οὐδὲν
867 325 937 374 γὰρ
972 328 1049 363 τῶν
1079 325 1146 371 ἤδη
1179 340 1239 362 πε·
1308 337 1429 363 eorum
1453 337 1544 373 quae
1565 327 1638 363 iam
1661 326 1893 363 determinata
1917 333 2001 365 sunt
2025 334 2314 375 commovemus);
2351 331 2381 366 si

163 376 400 420 περασμᾰνων
421 372 618 417 κινοῦμεν)·
649 372 681 406 εἰ
705 370 744 406 δὲ
767 375 821 407 ἔτι
843 376 944 420 μέχρι
967 374 1034 408 νῦν
1054 372 1238 420 ἤρτηνται,
1307 383 1388 421 vero
1420 373 1592 409 hactenus
1622 371 1789 417 pendent,
1822 373 1963 410 biennio
1987 375 2144 410 instante
2168 380 2204 411 et
2227 376 2382 412 nondum

162 419 223 461 τῆς
259 415 389 452 ὃιετίας
423 419 657 462 ἐνισταμένης
690 420 749 451 καὶ
781 417 891 462 μήπω
927 415 1237 465 παραδραμούσης,
1306 421 1498 462 transacto,
1524 417 1682 454 nondum
1704 417 1846 453 decreto
1867 419 2038 462 firmatae,
2058 420 2164 455 etiam
2185 421 2276 457 istae
2297 431 2380 456 ean—

163 462 264 498 ούπω
283 460 324 496 δὲ
340 463 401 506 τῆς
420 459 472 509 ψὴ
501 475 541 497 ου
560 466 813 508 κεκυρωμένης,
837 467 897 497 καὶ
921 454 1028 498 αὗται
1050 465 1111 507 τῆς
1132 460 1239 507 αὐτῆς
1273 467 1290 498 5
1305 463 1385 499 dem
1402 467 1606 499 mereantur
1623 462 1930 503 examinationem,
1951 467 1987 500 et
2002 465 2052 499 ita
2071 467 2254 509 potiantur
2270 467 2380 502 victo-

162 510 437 554 τυγχανέτωσαν
456 475 657 551 ἐξετάσεως,
678 511 738 542 καὶ
759 506 873 543 οὕτως
896 505 1178 544 ἀπολαυέτωσαν
1202 507 1238 542 οἱ
1304 519 1362 546 res
1387 509 1585 554 sententiis,
1613 508 1645 545 si
1668 518 1729 545 eas
1754 509 1852 544 recte
1876 509 2006 546 habere
2031 512 2312 547 monstraverint.

162 550 371 595 νικήσαντες
401 553 479 588 τῶν
512 550 657 599 ψήφων,
695 554 794 600 εἴπερ
826 552 960 597 ταύτας
996 552 1118 601 ὀρθῶς
1149 557 1244 598 ἔχειν

161 594 401 638 ἆποδείξαιεν.

1161 688 1317 725 CAPUT
1342 689 1388 725 11.

213 752 364 790 Κάκεῖνο
387 753 428 790 δὲ
446 752 633 803 ἡγούμεθα
655 755 751 802 τῷδε
768 758 896 803 χρῆναι
914 756 1159 802 προετεθῆναι
1181 757 1236 800 τῷ
1358 756 1451 791 Illud
1483 757 1589 792 etiam
1622 757 1854 794 iudicavimus
1885 757 1968 792 huic
1992 758 2157 802 oportere
2187 757 2281 794 adici
2303 758 2379 803 legi.

159 798 277 846 νόμῳ·
309 799 434 845 ἐπειδὴ
447 801 514 848 γὰρ
537 800 604 845 ἤδη
627 802 855 850 γεγράφαμεν
877 801 990 846 νόμον
1013 800 1233 846 βουλόμενον
1253 804 1292 837 10
1306 801 1395 845 Quia
1415 801 1509 837 enim
1529 802 1662 838 dudum
1683 803 1891 848 scripsimus
1911 803 2023 848 legem
2043 804 2218 839 volentem
2238 814 2281 838 ex
2299 814 2380 849 pro-

160 846 198 886 ἐξ
228 844 429 893 ἱδιοχείρων
459 844 638 891 μηδεμίαν
659 847 832 894 γίνεσθαι
855 846 1053 895 σύγκρισιν,
1088 843 1169 880 ἀλλ’
1197 847 1236 880 ἐκ
1305 847 1403 891 priae
1426 857 1553 883 manus
1587 848 1766 893 scriptura
1795 848 1930 884 nullam
1961 847 2039 883 fieri
2069 849 2381 902 comparationem,

158 889 284 935 μόνων
306 892 384 926 τῶν
414 891 605 939 ἀγοραίων,
638 890 781 939 ὁρῶμεν
813 890 853 927 δὲ
881 892 949 937 τὴν
972 893 1050 926 τῶν
1073 890 1235 938 πραγμά-
1304 892 1367 927 sed
1391 902 1434 926 ex
1458 893 1543 928 solis
1568 893 1789 929 documentis
1818 894 1961 938 publice
1994 893 2191 938 celebratis,
2224 893 2381 929 videmus

158 949 236 971 των
259 939 390 983 πεῖραν
414 935 587 981 δεομένην
615 936 852 983 προςηκούσης
879 939 993 973 ἐπανο
1017 934 1173 972 θώσεως
1196 938 1236 970 ἐν
1304 938 1423 971 autem
1444 947 1632 974 causarum
1653 939 1933 984 experimentum
1950 949 2052 984 egere
2070 939 2284 993 competenti
2303 949 2380 975 cor-

157 983 211 1025 τῷ
235 979 349 1027 νόμῳ,
378 986 439 1016 καὶ
462 984 569 1017 τοῦτο
592 983 631 1024 ἐξ
661 980 767 1027 αὐτῆς
795 985 856 1026 τῆς
887 984 965 1017 τῶν
1012 984 1236 1026 ικαζομένων
1305 982 1462 1017 rectione
1490 983 1527 1017 in
1551 984 1638 1028 lege,
1671 988 1707 1019 et
1732 984 1802 1020 hoc
1835 994 1878 1020 ex
1908 985 1987 1030 ipso
2011 984 2225 1029 litigantmm
2248 985 2381 1020 inveni-

157 1026 308 1073 εῧρομεν
331 1031 466 1074 πείρας,
489 1029 603 1063 ἐπανο
628 1028 753 1062 θῶσαι
778 1024 889 1063 αύτὸν
911 1026 1003 1063 κατὰ
1025 1029 1133 1062 τοῦτο
1153 1030 1235 1071 βου-
1251 1028 1290 1062 15
1303 1037 1382 1061 mus
1408 1028 1658 1072 experimento,
1691 1029 1878 1065 emendare
1901 1039 1979 1065 eam
2003 1030 2199 1066 secundum
2227 1030 2298 1066 hoc
2321 1041 2382 1065 vo-

351 1071 360 1082 *
432 1074 448 1081 “
1303 1072 1421 1107 lumus
1457 1073 1610 1108 schema.
1659 1074 1791 1110 Crebro
1828 1085 1981 1120 namque
2016 1075 2204 1120 proferens
2241 1075 2383 1120 quidam

158 1069 303 1116 λόμεθα
322 1085 365 1107 το
385 1084 511 1118 σχημα.
557 1085 605 1109 πο
629 1071 724 1129 totuis
745 1072 814 1120 γὰρ
835 1076 1053 1120 προκομίσας
1072 1084 1125 1107 τις
1150 1070 1235 1107 ἰδιό-

771 1119 787 1127 *
909 1117 918 1129 '
1055 1116 1071 1128 ³*
1305 1117 1490 1152 cuiusdam
1522 1127 1647 1154 manus
1678 1120 1927 1155 documentum
1960 1122 1996 1155 et
2019 1130 2063 1155 ex
2095 1130 2138 1156 ea
2161 1120 2296 1156 faciens
2320 1122 2383 1156 aut

156 1130 277 1172 χειρον
295 1117 515 1174 συμβᾷλαιον
538 1121 597 1152 καὶ
622 1118 661 1159 ἐξ
681 1131 789 1152 αυτου
816 1130 1025 1172 ποιουμενος
1049 1132 1071 1162 η
1094 1116 1161 1161 τὴν
1181 1119 1234 1151 ἐν·

159 1176 305 1219 αγωγην
327 1177 349 1206 η
372 1176 439 1206 την
450 1165 539 1217 ,τῶν
558 1163 701 1198 οἰκείων
718 1161 870 1198 δικαίων
891 1161 1088 1218 απόδειξιν,
1112 1160 1236 1205 ἐπειδὴ
1305 1162 1576 1198 conventionem
1600 1167 1663 1198 aut
1683 1174 1837 1200 suarum*
1852 1166 2104 1210 allegationum
2120 1166 2379 1211 probationem,

157 1219 219 1250 της
243 1209 349 1252 αυτῆς
367 1219 480 1255 χειρος
502 1207 544 1243 τὸ
567 1210 735 1243 ἐναντίον
757 1211 862 1254 μέρος
886 1219 1100 1255 προεκομισε
1126 1205 1234 1255 γράμ-

1304 1218 1384 1242 cum
1409 1208 1564 1244 eiusdem
1587 1218 1713 1244 manus
1737 1210 1889 1245 adversa
1912 1221 1995 1255 pars
2019 1211 2228 1256 protulisset
2244 1211 2382 1247 litteras

157 1266 272 1297 ματα,
303 1254 381 1288 εἶτα
402 1252 555 1308 νόμιμόν
583 1253 761 1308 σῇστασιν
792 1254 935 1288 ἐκεῖθεν
965 1250 1153 1310 ἠβρυλήθη
1183 1256 1234 1300 yl-
1249 1255 1289 1287 20
1304 1257 1339 1288 et
1362 1253 1551 1297 legItimam
1575 1254 1823 1298 probationem
1847 1255 1971 1290 exinde
2002 1256 2107 1291 vellet
2129 1256 2207 1291 fieri
2239 1266 2282 1292 ex
2306 1257 2382 1301 qui·

157 1299 293 1333 νεσθαι
324 1298 362 1339 ἐξ
393 1311 447 1332 ων
470 1297 576 1333 αυτὸς
600 1311 620 1333 ο
645 1301 945 1346 αντιτεταγμένος
977 1312 1076 1343 αυτῳ
1110 1311 1234 1344 προκε-

157 1342 312 1387 κόμικεν,
345 1340 365 1377 ὁ
389 1340 429 1376 δὲ
451 1340 671 1390 ἆπεκέχρητο
690 1345 744 1388 τῷ
769 1343 870 1388 νόμῳ
901 1345 956 1389 τῷ
981 1342 1058 1378 δεῖν
1089 1344 1127 1385 ἐξ
1151 1340 1233 1391 ἀγο-

157 1391 273 1433 ραίων
296 1387 530 1433 συμβολαίων
551 1390 727 1436 γενέσθαι
756 1388 821 1424 τὰς
843 1393 1055 1436 συγκρίσεις,
1087 1387 1166 1424 ἀλλ’
1193 1386 1234 1423 οὗ

156 1434 178 1468 l
222 1433 302 1467 τῶν
317 1430 567 1480 αὗτογράφων.
616 1436 840 1479 Θεσπίζομεν
859 1438 994 1478 τοίνυν,
1019 1435 1141 1470 εἴποτε
1161 1447 1233 1469 τοι·

1302 1298 1369 1334 bus
1408 1298 1486 1343 ipse
1519 1299 1745 1334 adversarius
1770 1300 1859 1335 illud
1891 1301 2088 1346 optulerat,
2123 1301 2183 1336 ille
2214 1302 2384 1337 utebatur

1302 1344 1378 1388 lege
1409 1344 1491 1389 quia
1524 1347 1705 1389 oporteret
1727 1355 1772 1380 ex
1800 1345 1944 1389 publice
1968 1346 2139 1382 confectis
2161 1346 2383 1383 documentis

1302 1389 1381 1424 fieri
1419 1389 1720 1434 comparationem
1755 1394 1791 1425 et
1824 1401 1897 1426 non
1932 1401 1976 1426 ex
2010 1390 2089 1427 aliis
2122 1402 2214 1436 quae
2242 1402 2264 1427 a
2296 1402 2383 1437 quo-

1303 1437 1324 1470 1
1378 1444 1484 1479 quam
1510 1436 1726 1470 scribuntur.
1782 1435 1978 1479 Sancimus,
2017 1436 2046 1471 si
2078 1437 2219 1481 quando
2251 1437 2384 1482 aliquid

156 1476 241 1512 οῧτό
272 1491 309 1512 τι
341 1482 498 1523 συμβαίη
534 1483 596 1514 καί
624 1491 678 1514 τις
709 1479 907 1524 βουληθείη
942 1479 1031 1535 πρὸς
1067 1478 1159 1514 αὐτὰ
1190 1478 1235 1514 τὰ
1248 1482 1288 1514 25
1305 1480 1376 1515 tale
1406 1480 1594 1524 contigerit
1630 1484 1665 1515 et
1700 1480 1876 1526 quispiam
1910 1481 2062 1516 voluerit
2097 1482 2292 1517 secundum
2323 1492 2383 1518 eas

156 1522 256 1570 παρὰ
285 1525 350 1558 τοῦ
380 1523 563 1559 ἀντιδίκου
597 1525 896 1572 προκομισθέντα
925 1538 1118 1573 γραμματα
1139 1527 1235 1572 γενέ-

157 1568 250 1602 σθαι
279 1568 347 1612 τὴν
379 1569 553 1612 ἐξέτασιν,
587 1569 637 1615 μὴ
660 1569 926 1615 διαβάλλεσθαι
958 1572 1064 1605 τοῦτο
1095 1568 1144 1605 οὖς
1172 1569 1234 1604 οὐκ

156 1610 282 1659 ὀρθῶς
308 1614 513 1660 γενόμενον.
554 1606 584 1659 ᾧ
615 1614 684 1663 γὰρ
719 1614 766 1650 ἂν
797 1612 901 1651 αὐτὸς
930 1614 1094 1651 πιστεύοι
1123 1619 1183 1650 καὶ
1214 1613 1236 1650 ὃ

157 1658 390 1704 προκεκόμικε
414 1663 473 1694 καὶ
498 1660 537 1700 ἐξ
559 1652 600 1694 οὗ
623 1660 668 1695 τὰ
691 1662 802 1695 οἰκεῖα
834 1658 1077 1709 ἐπιρρώννυσι
1103 1660 1234 1704 δίκαια,

1305 1535 1396 1570 quae
1416 1526 1462 1561 ab
1484 1525 1687 1561 adversario
1707 1526 1870 1571 prolatae
1892 1530 1976 1562 sunt
1995 1526 2132 1562 litteras
2153 1527 2234 1562 fieri
2253 1528 2383 1563 exami-

1304 1570 1502 1614 nationem,
1538 1581 1610 1606 non
1646 1575 1837 1607 accusetur
1871 1572 1940 1607 hoc
1971 1575 2151 1616 tamquam
2183 1582 2256 1608 non
2287 1576 2385 1608 recte

1305 1616 1351 1651 sit
1370 1616 1516 1652 factum.
1566 1617 1633 1652 Cui
1657 1617 1749 1652 enim
1772 1617 1850 1662 ipse
1871 1616 2020 1652 credidit
2051 1620 2087 1652 et
2118 1618 2214 1662 quod
2261 1618 2385 1653 rotulit

1305 1661 1346 1704 [is
1371 1665 1497 1697 contra
1520 1665 1635 1707 quem]
1670 1664 1707 1697 et
1736 1672 1781 1698 ex
1811 1672 1881 1707 quo
1914 1672 1999 1698 suas
2023 1662 2180 1698 affirmat
2203 1673 2224 1698 a
2252 1663 2383 1707 egatio-

156 1704 263 1738 τοῦτο
294 1702 356 1739 οὐκ
387 1702 433 1739 ἂν
464 1703 651 1750 διαβάλλοι
685 1704 768 1741 οὐδὲ
797 1705 967 1741 κωλύσειε
986 1706 1077 1762 μὴν*
1096 1706 1234 1754 σύγκρι-
1249 1708 1291 1741 30
1304 1717 1378 1749 nes,
1404 1707 1474 1742 hoc
1498 1718 1571 1743 non
1595 1710 1742 1743 accuset
1766 1708 2029 1750 [accusandum]
2057 1718 2173 1752 neque
2196 1708 2384 1754 prohibeat

157 1760 217 1783 σιν
239 1749 317 1784 τῶν
347 1748 571 1798 γραμμάτων
592 1752 768 1799 γενέσθαι
797 1751 885 1800 πρὸς
909 1750 1008 1794 αὐτο,
1032 1765 1100 1787 καν
1123 1753 1155 1786 εἰ
1176 1752 1234 1786 τύ-

156 1806 212 1836 χοι
234 1794 427 1830 καθεστὼς
458 1793 657 1844 ἰδιόχειρον.
712 1794 753 1831 οὗ
784 1796 853 1845 γὰρ
890 1795 937 1832 ἂν
972 1795 1078 1832 αὐτὸς
1117 1798 1234 1841 ἑαυτῷ

158 1837 329 1884 πολεμοίη
359 1843 418 1875 καὶ
449 1837 541 1887 ἅπερ
573 1842 790 1888 ἰσχυρίζεται
821 1843 938 1877 ταῦτα
970 1841 1167 1887 διαβάλλοι.

157 1884 181 1919 2
238 1886 285 1919 Εἰ
319 1884 359 1920 δὲ
393 1888 453 1921 καὶ
487 1888 526 1920 ἐκ
562 1884 746 1932 δημοσίων
781 1885 936 1935 ἀρχείων
971 1888 1235 1942 προκομισθείη

1305 1752 1607 1797 comparationem
1626 1753 1826 1788 litterarum
1843 1753 1889 1788 ad
1905 1763 1985 1788 eum
1998 1753 2086 1797 fieri,
2104 1754 2187 1789 licet
2204 1754 2384 1798 contingat

1305 1808 1384 1833 esse
1417 1798 1667 1834 documentum
1703 1808 1811 1834 manu
1844 1799 2097 1843 cuiuscumque
2129 1799 2382 1844 conscriptum.

1305 1843 1387 1878 Non
1410 1844 1504 1879 enim
1535 1843 1614 1889 ipse
1638 1844 1706 1879 sibi
1737 1844 1871 1880 resistit
1902 1847 1938 1879 et
1962 1854 2054 1888 quae
2078 1843 2267 1880 affirmavit
2294 1844 2384 1879 haec

1305 1888 1329 1924 2
1375 1889 1571 1925 accusabit.
1632 1889 1670 1925 Si
1704 1899 1787 1925 vero
1824 1889 1931 1925 etiam
1967 1899 2011 1924 ex
2046 1889 2200 1934 publicis
2231 1889 2383 1925 archivis

156 1927 299 1977 χάρτης,
331 1930 408 1966 οἷον
437 1928 618 1973 ἀπόδειξις
647 1934 710 1977 τῆς
731 1936 909 1978 τραπέζης
941 1947 1018 1968 των
1048 1930 1232 1974 ἐνδοξοτά·
1248 1935 1290 1970 35
1304 1933 1509 1979 proferatur
1529 1935 1664 1978 charta,
1688 1935 1796 1970 veluti
1820 1935 2073 1980 desusceptum
2093 1945 2237 1971 mensae
2253 1935 2383 1979 glorio-

157 1987 234 2010 των
257 1974 426 2022 ἐπάρχων
449 1977 566 2021 (ἴσμεν
587 1976 654 2026 γὰρ
675 1971 724 2021 »δὴ
747 1982 807 2012 καὶ
831 1979 937 2013 τοῦτο
962 1979 1147 2023 ζητηθέν),
1176 1981 1236 2012 καὶ

156 2019 199 2054 τὸ
231 2022 270 2055 ἐκ
299 2023 377 2057 τῶν
408 2020 591 2067 δημοσίων
626 2023 934 2069 προκομιζόμενον
967 2027 1028 2058 καὶ
1059 2022 1236 2069 δημοσίαν

155 2067 239 2109 ἕχον
259 2071 462 2115 μαρτυρίαν
485 2071 545 2102 καὶ
562 2070 671 2104 τοῦτο
695 2067 822 2104 δεκτὸν
846 2069 939 2104 εἶναι
962 2068 1051 2114 πρὸς
1073 2070 1136 2104 τὰς
1153 2081 1233 2116 συγ-

1304 1979 1524 2016 sissimorum
1539 1979 1804 2026 praefectorum
1821 1980 1995 2022 (novimus
2013 1980 2107 2016 enim
2127 1981 2235 2016 etiam
2251 1980 2384 2025 aliquid

1303 2025 1375 2061 tale
1393 2025 1640 2078 ‘quaesitum)‚
1680 2028 1728 2078 et·
1748 2025 1843 2071 quod
1875 2036 1919 2062 ex
1950 2025 2103 2079 publicis
2135 2025 2318 2071 profertur
2340 2030 2384 2079 ‘et

1303 2070 1485 2115 pubhcum
1516 2071 1626 2107 habet
1648 2072 1888 2108 testimonium
1919 2074 2028 2107 etiam
2058 2071 2127 2107 hoc
2152 2071 2384 2117 susceptibile

202 2172 274 2204 cap.
287 2160 334 2194 II
351 2168 438 2195 extat
461 2161 497 2194 B
522 2162 576 2202 22,
600 2169 627 2203 3,
653 2169 665 2195 1
691 2162 754 2203 (B⁸
768 2175 803 2205 p.
820 2163 884 2195 132
898 2162 1024 2203 Zach.).
1051 2181 1094 2185 —
1118 2162 1208 2204 Epit.
1235 2174 1273 2194 ex
1298 2162 1418 2195 Theod.
1446 2162 1541 2195 habet
1565 2159 1624 2195 ΒΣ
1649 2164 1691 2196 ib.

156 2261 311 2296 victores
341 2261 412 2295 iam
444 2263 552 2296 antea
580 2261 793 2296 sententiam
821 2260 1004 2296 consecuti
1026 2260 1116 2302 sint,
1148 2270 1242 2305 quae
1271 2260 1360 2312 ipsis
1382 2261 1555 2296 victorias
1580 2261 1708 2306 firmas
1737 2261 1882 2303 reddat,
1918 2261 1974 2297 his
1998 2262 2248 2308 perfruantur
2279 2261 2386 2305 (nibil

158 2305 252 2340 enim
275 2315 399 2340 eorum
421 2315 514 2351 quae
537 2305 609 2340 iam
633 2304 871 2341 determinata
901 2309 988 2340 sunt
1008 2307 1225 2347 movemus);
1258 2316 1289 2340 si
1314 2316 1399 2341 vero
1431 2317 1544 2352 usque
1575 2305 1694 2341 adbuc
1716 2306 1882 2353 pendent
1904 2306 2047 2342 biennio
2073 2306 2228 2342 durante
2251 2317 2382 2352 neque-

158 2349 243 2385 dum
269 2353 452 2385 transacto
483 2360 549 2386 nec
571 2360 655 2386 vero
679 2350 856 2386 sententia
887 2350 959 2385 iam
992 2349 1217 2394 confirmata,
1247 2349 1332 2386 illae
1355 2361 1499 2396 quoque
1523 2350 1677 2386 eiusdem
1709 2351 1889 2387 examinis
1917 2351 2120 2398 participes
2139 2352 2244 2396 fiant,
2274 2357 2382 2398 atque

158 2395 212 2431 ita
235 2394 375 2431 demum
398 2395 460 2451 qui
483 2395 647 2431 vicerunt
668 2395 855 2431 sententiis
871 2394 1133 2442 perfruantur,
1159 2394 1335 2440 siquidem
1358 2405 1420 2430 eas
1442 2398 1537 2431 recte
1558 2406 1596 2431 se
1621 2395 1752 2431 habere
1777 2395 2007 2432 ostenderint.

294 2440 340 2476 Π.
397 2439 470 2476 bed
498 2440 591 2476 illud
617 2451 760 2486 quoque
792 2439 876 2475 huic
908 2439 980 2485 leqi
1011 2438 1235 2475 adiciendum
1265 2440 1567 2476 existimavimus:
1603 2441 1773 2486 quoniam
1806 2441 1899 2477 enim
1931 2442 2004 2482 iam
2035 2441 2148 2489 leqem
2172 2441 2383 2488 scripsimus

184 2496 253 2522 uae
276 2496 326 2522 ex
348 2485 593 2522 instrumentis
609 2485 772 2532 propria
795 2496 904 2520 manu
927 2484 1073 2531 scriptis
1096 2484 1236 2519 nullam
1256 2485 1340 2530 fieri
1362 2485 1439 2521 vult
1461 2486 1781 2532 comparationem,
1810 2486 1875 2522 sed
1896 2497 1945 2522 ex
1969 2486 2059 2522 solis
2081 2486 2300 2532 forensibus,
2331 2487 2382 2523 vi-

158 2497 282 2567 gemus
304 2534 422 2567 autem
444 2542 566 2567 rerum
588 2542 638 2567 ex
665 2530 851 2566 erientiam
874 2529 1006 2566 idonea
1029 2529 1278 2565 emendatione
1302 2530 1393 2576 leqis
1416 2542 1532 2577 eqere,
1564 2530 1674 2576 idque
1704 2542 1754 2567 ex
1776 2531 1858 2578 ipso
1890 2531 2110 2584 litigantium
2132 2532 2381 2578 experimento

158 2576 368 2623 reperimus,
392 2575 583 2612 emendare
605 2542 707 2612 illim
730 2574 925 2612 secundum
949 2574 1043 2610 lianc
1064 2575 1225 2620 formam
1249 2575 1421 2611 volumus.
1470 2575 1587 2623 Saepe
1609 2576 1701 2612 enim
1717 2577 1872 2628 prolato
1897 2576 2030 2623 aliquis
2054 2576 2302 2623 cbiroqraplio
2327 2582 2381 2613 at-

159 2633 229 2668 que
251 2632 301 2657 ex
329 2631 372 2656 eo
404 2621 460 2657 vel
482 2621 625 2657 actione
655 2621 712 2658 vel
734 2621 994 2667 alleqationum
1025 2630 1174 2655 suarum
1190 2620 1413 2672 probatione
1430 2621 1567 2673 petita,
1598 2632 1678 2657 cum
1702 2620 1859 2657 eiusdem
1883 2632 2012 2657 manus
2043 2622 2184 2658 litteras
2204 2633 2296 2668 pars
2318 2622 2382 2658 ad-

158 2677 261 2703 versa
277 2677 354 2713 pro
377 2670 474 2702 erret
496 2670 605 2713 atque
629 2666 823 2712 leqitimam
873 2665 1097 2702 robationem
1117 2665 1199 2709 fieri
1224 2665 1329 2701 vellet
1352 2677 1401 2702 ex
1424 2666 1497 2701 illis
1528 2677 1622 2712 quae
1642 2666 1721 2712 ipse
1743 2666 1975 2703 adversarius
2004 2666 2073 2702 sibi
2088 2667 2318 2714 protulisset,
2351 2668 2383 2703 is

158 2711 301 2758 quidem
322 2722 345 2747 a
369 2711 536 2748 utebatur
556 2711 634 2758 leqe
654 2722 747 2758 quae
766 2722 816 2748 ex
857 2710 1045 2748 orensibus
1060 2710 1308 2746 instrumentis
1326 2711 1410 2756 sieri
1428 2711 1722 2758 comparationes
1740 2722 1806 2748 nec
1826 2722 1911 2748 vero
1933 2723 1983 2748 ex
1997 2711 2253 2759 cbiroqraplzis
2274 2712 2380 2748 iubet.

157 2760 180 2793 l
237 2755 429 2793 Sancimus
458 2757 583 2809 iqitur,
618 2757 651 2792 si
679 2756 769 2803 quid
799 2755 976 2792 eiusmodi
1005 2755 1146 2792 eveniat
1183 2766 1227 2791 ac
1258 2755 1343 2792 velit
1380 2756 1462 2802 quis
1498 2756 1548 2792 ad
1577 2757 1678 2803 ipsas
1709 2757 1850 2793 litteras
1886 2757 1930 2793 ab
1964 2757 2176 2793 adversario
2209 2757 2383 2804 prolatas

158 2813 313 2838 eoeamen
334 2802 486 2845 institui,
518 2813 563 2838 ne
593 2802 633 2838 id
665 2806 846 2848 tamquam
869 2813 944 2837 non
965 2805 1062 2837 recte
1091 2801 1233 2846 factum
1257 2801 1492 2837 insimuletur.
1547 2801 1642 2837 Nam
1667 2802 1725 2838 cui
1747 2802 1826 2849 ipse
1845 2801 1954 2848 fidem
1978 2802 2085 2838 habet
2107 2801 2274 2854 quodque
2289 2813 2381 2850 pro-

160 2847 242 2884 tulit
271 2850 309 2884 et
329 2847 425 2883 unde
441 2858 516 2894 pro
544 2847 602 2883 ria
632 2848 715 2883 iura
738 2846 965 2889 corroborat,
997 2846 1037 2882 id
1058 2857 1131 2881 non
1155 2849 1281 2893 potest
1312 2846 1522 2882 insimulare
1553 2858 1668 2893 neque
1699 2848 1890 2893 quominus
1921 2852 2147 2895 comparatio
2181 2847 2381 2884 litterarum

158 2903 239 2928 cum
261 2892 326 2929 illo
346 2893 418 2939 fiat
438 2903 510 2939 pro
537 2892 644 2936 ibere,
671 2892 752 2928 licet
773 2893 875 2938 forte
895 2893 1042 2939 privata
1064 2892 1251 2938 scriptura
1274 2891 1331 2927 sit.
1390 2891 1517 2937 Neque
1540 2892 1633 2928 enim
1656 2903 1775 2928 secum
1798 2893 1876 2940 ipse
1892 2893 2078 2939 puqnabit
2100 2896 2137 2928 et
2184 2904 2252 2929 uae
2275 2893 2382 2939 affir-

157 2938 182 2974 2
227 2941 302 2974 mat
332 2949 376 2974 ea
407 2937 638 2974 insimulabit.
730 2936 868 2981 Quodsi
898 2938 1006 2973 etiam
1037 2948 1086 2973 ex
1106 2936 1268 2989 publicis
1304 2935 1461 2972 archivis
1491 2936 1620 2972 charta
1645 2938 1882 2984 proferatur,
1919 2938 2028 2974 veluti
2061 2948 2156 2985 apoc
2182 2949 2205 2973 a
2239 2949 2383 2974 mensae

157 2982 503 3029 qloriosissimorum
523 2983 804 3030 praefectorum
831 2982 1021 3030 praetorio
1053 2985 1198 3026 (scimus
1228 2982 1322 3017 enim
1351 2981 1395 3017 de
1427 2981 1497 3018 boc
1526 2992 1670 3028 quoque
1701 2982 1902 3029 quaesitum
1933 2985 2039 3026 esse),
2072 2983 2180 3018 etiam
2211 2983 2312 3029 quod
2333 2994 2383 3019 ex

155 3027 311 3074 publicis
334 3029 570 3064 monumentis
590 3029 810 3075 proferatur
833 3032 869 3063 et
884 3027 1070 3074 publicum
1094 3026 1227 3062 habeat
1250 3026 1488 3062 testimonium
1512 3026 1629 3072 ipsum
1654 3038 1797 3073 quoque
1817 3028 1866 3063 ad
1879 3028 2171 3074 comparationes
2194 3027 2381 3064 admitten-

205 3131 220 3162 1
237 3141 284 3172 sq.
305 3126 426 3174 ψήφου
451 3149 494 3154 -—-
516 3128 583 3173 ἤδη
607 3144 664 3164 om.
679 3131 711 3164 L
730 3130 742 3172 11
765 3132 784 3164 2
809 3126 1008 3173 ἀπολαβεῖν
1028 3129 1108 3175 Β611
1132 3131 1151 3164 3
1173 3128 1232 3175 ἧρ-

157 3185 264 3217 τηται
276 3174 349 3208 Ecl.
368 3173 380 3218 11
404 3178 423 3208 5
448 3164 566 3217 αὗται]
592 3172 713 3209 αὐταῖς
726 3175 773 3208 L¹
789 3174 801 3220 11
828 3177 848 3210 6
873 3172 1201 3218 ἀπολαβέτωσανΕ
1221 3174 1234 3216 11

159 3221 178 3253 7
196 3218 416 3261 νενικηκότες
440 3221 511 3253 Ecl.
530 3220 542 3264 11
566 3218 673 3254 αὐτὰς
697 3222 747 3254 B⁰
759 3221 832 3254 Ecl.
857 3219 870 3264 11
898 3222 938 3254 10
962 3218 1086 3264 νόμον]
1108 3221 1186 3254 Cod.
1200 3222 1233 3261 4,

158 3272 202 3306 21,
216 3271 252 3298 20
272 3264 283 3306 ΙΙ
302 3266 339 3298 11
366 3261 562 3310 σύγκρισιν]
588 3265 619 3298 εἰ
641 3263 690 3309 μὴ
712 3263 782 3311 α”ρα
801 3264 914 3310 τριῶν
933 3263 1128 3310 μαρτύρων
1148 3260 1233 3299 ὑπο-

156 3307 294 3355 γραφὰς
317 3309 436 3351 έχουσι
460 3311 581 3352 (ἔχωσι
595 3311 664 3351 ΒΓ)
688 3309 732 3344 τὰ
755 3307 974 3357 χειρόγραφα
994 3312 1053 3343 καὶ
1077 3306 1179 3344 αὐτοὶ
1200 3308 1236 3343 οἱ

157 3351 330 3408 μάρτυρες
353 3353 698 3408 συνρμολογήσουσιν
714 3352 1062 3433 (συνομολογςσωσιν
1083 3355 1135 3389 Bf
1143 3359 1154 3397 )
1171 3351 1233 3409 ,ὅτι

157 3401 382 3446 υπέγραψαν,
418 3413 439 3442 η
464 3397 674 3446 ἀρνούμενοι
707 3402 788 3445 περὶ
820 3401 881 3443 τῆς
913 3400 925 3433 ἰ
950 3402 1005 3434 ίας
1026 3399 1139 3447 χειρὸς
1161 3413 1233 3435 απο

157 3442 220 3522 εἴη
239 3443 311 3479 ἀπὸ
328 3445 396 3488 Br)
420 3449 639 3491 συγκρίσεως
653 3446 731 3479 τῶν
752 3443 858 3479 ἰδίων
878 3443 1102 3491 γραμμάτων
1121 3443 1234 3492 ἐλεγχ-

192 3489 282 3523 ὥσιν
306 3491 383 3525 add.
400 3491 468 3524 LB
493 3493 613 3535 (petita
634 3504 672 3525 ex
687 3487 747 3524 BE
770 3493 824 3533 22,
838 3499 864 3531 3,
879 3498 892 3524 1
912 3504 946 3534 p.
962 3493 1026 3525 518
1047 3492 1094 3525 ad
1109 3491 1186 3525 Coa.
1201 3493 1234 3533 4,

159 3541 203 3578 21,
228 3536 278 3577 20)
305 3535 310 3580 Ι
351 3538 392 3571 13
417 3533 709 3583 ἐπανορθώσεως
733 3534 969 3580 προςηκούσης
993 3533 1044 3569 B!
1063 3535 1076 3581 11
1112 3538 1151 3570 14
1174 3536 1236 3579 τῆς

160 3581 280 3614 om.L²
303 3581 308 3623 Ι
346 3583 385 3616 15
404 3578 516 3624 αὐτὴν
539 3582 589 3616 ΒΓ
609 3582 621 3627 11

160 3623 253 3658 σθαι
267 3626 325 3667 Μ]
348 3626 524 3673 γενέσθαι
539 3629 607 3662 LB
632 3627 645 3671 11
666 3628 706 3661 21
729 3628 843 3667 αυτος]
868 3638 886 3659 ο
906 3621 1011 3660 αὐτὸς
1028 3626 1059 3659 L
1083 3625 1095 3671 11
1122 3623 1234 3669 αὐτῷ]

161 3668 246 3702 illud
271 3671 305 3713 (ἰ.
318 3684 344 3706 e.
358 3667 461 3712 αὐτὸ)
487 3685 506 3709 ς
529 3672 542 3717 11
568 3676 611 3707 24
630 3674 753 3706 τοίνυν
773 3685 830 3705 om.
845 3672 923 3707 B⁸e
940 3670 952 3714 ΙΙ
976 3673 1017 3705 24
1030 3684 1077 3714 sq.
1099 3683 1135 3704 τι
1151 3682 1234 3714 συμ-

159 3714 247 3757 βαίη
267 3716 407 3750 τοιοῦτο
425 3718 477 3750 Br
497 3731 534 3751 τι
554 3717 718 3752 τοιοῦτον
736 3718 893 3760 συμβαίη
911 3716 961 3749 B³
976 3716 988 3758 11
1014 3717 1056 3750 28
1077 3715 1235 3750 πιστεύει

160 3757 243 3794 LB⁸
266 3759 280 3805 11
303 3761 344 3795 29
364 3758 486 3797 δίκαια
511 3776 569 3798 om.
584 3765 632 3797 Β8
648 3763 660 3808 11
688 3764 726 3796 31
744 3761 917 3808 γίνεσθαι
930 3760 981 3795 B!
1001 3761 1015 3806 11
1038 3757 1136 3802 αὐτὸ]
1152 3771 1235 3815 ἐιιῐιι

658 3583 696 3615 16
722 3578 931 3634 ἰδξόχραᾳέον
955 3580 1007 3614 Br
1033 3580 1045 3625 11
1077 3583 1119 3616 20
1144 3584 1234 3623 γίνε-

1302 3130 1335 3170 (ἰ.
1351 3141 1376 3162 e.
1395 3124 1518 3168 αὐτὸν)
1544 3140 1563 3164 ς
1580 3128 1593 3173 11
1617 3130 1661 3162 32
1684 3127 1863 3163 καθεστὸς
1887 3130 1936 3163 B⁸
1953 3128 1965 3172 11
1992 3130 2032 3164 35
2057 3125 2250 3170 ἀπόδειξις]
2274 3115 2380 3163 ἀποδ’

1302 3174 1333 3206 L
1355 3181 1385 3207 et
1404 3175 1450 3207 sic
1472 3175 1562 3217 infra
1584 3171 1817 3217 (ἀποδεκτῆςῗ
1838 3187 1920 3208 corr.
1940 3174 2001 3216 L2)
2017 3171 2198 3214 ἀπόδειξις
2218 3185 2271 3207 τις
2292 3175 2344 3208 Bs
2371 3174 2383 3219 11

1302 3220 1344 3253 36
1368 3216 1535 3263 ἐπάρχων
1548 3219 1615 3260 Bf]
1639 3215 1812 3265 ὑπάρχων
1826 3219 1950 3253 MLB⁸
1976 3218 1990 3264 11
2019 3219 2137 3260 τοῦτο]
2162 3219 2290 3261 aliquid
2315 3219 2382 3252 tale

1301 3266 1335 3305 (i.
1351 3276 1376 3297 e.
1401 3277 1437 3297 τι
1461 3263 1613 3307 τοιοῦτο)
1638 3276 1657 3301 ς

1349 3357 1428 3397 lsq.
1455 3354 1542 3387 enim
1559 3364 1654 3387 orum
1678 3354 1787 3396 (orum
1807 3354 1895 3386 enim
1916 3353 1980 3396 1⁷¹)
2002 3354 2037 3387 V
2051 3353 2064 3397 11
2087 3355 2106 3388 2
2132 3354 2381 3388 determinanda

1303 3400 1350 3432 Ιίι
1369 3398 1382 3444 11
1398 3400 1417 3434 3
1430 3399 1575 3442 pendent
1593 3400 1728 3432 actenus
1741 3399 1775 3432 R
1792 3398 1805 3443 11
1821 3401 1843 3433 4
1862 3398 2023 3440 nondum]
2044 3400 2076 3432 et
2096 3400 2244 3433 nondum
2263 3401 2348 3445 vulq.
2369 3399 2382 3446 11

1303 3445 1341 3477 de
1366 3446 1473 3478 cetero
1495 3444 1530 3477 V
1548 3442 1560 3489 11
1589 3446 1607 3479 5
1632 3446 1798 3478 mereatur
1820 3444 1869 3477 R¹
1894 3443 1906 3487 11
1936 3444 2061 3477 uitores
2083 3444 2117 3478 V
2134 3444 2146 3488 11
2175 3446 2195 3480 6
2219 3448 2379 3479 monstra-

1304 3490 1390 3523 uerit
1411 3490 1444 3523 V
1466 3489 1478 3532 11
1508 3490 1549 3523 13
1572 3499 1669 3532 agere
1691 3490 1742 3523 13²
1765 3489 1777 3534 11
1808 3491 1848 3523 19
1873 3489 2004 3522 diuersa
2024 3488 2084 3533 711
2113 3489 2289 3532 protulisse
2313 3490 2347 3524 R
2368 3491 2381 3537 11

1304 3537 1345 3568 22
1366 3535 1533 3577 oporteret
1554 3535 1586 3567 R
1599 3535 1696 3579 vulq]
1721 3536 1850 3578 oportet
1875 3534 1945 3567 VT
1968 3533 1981 3578 11
2005 3535 2048 3568 24
2069 3534 2252 3577 Sancimus]
2273 3534 2380 3578 igitur

1304 3588 1414 3613 temere
1431 3581 1506 3614 add.
1522 3579 1617 3613 Beck
1643 3578 1655 3624 11
1678 3581 1721 3614 24
1734 3593 1780 3624 sq.
1805 3579 1871 3612 tale
1895 3579 2025 3621 aliquid
2048 3579 2081 3612 R
2106 3579 2118 3623 11
2146 3581 2189 3615 28
2213 3581 2280 3622 eui]
2306 3591 2380 3615 cum

1304 3624 1352 3657 13²
1368 3624 1380 3664 ΙΙ
1406 3625 1448 3658 29
1473 3625 1501 3656 is
1525 3624 1664 3666 (hisR1)
1687 3628 1802 3658 contra
1823 3635 1920 3666 quem
1943 3625 2028 3664 libri,
2048 3637 2105 3658 om.
2119 3625 2215 3660 Beck
2229 3625 2242 3670 11
2267 3627 2300 3659 et
2320 3639 2379 3660 om.

1306 3669 1417 3714 R¹Vn
1435 3680 1510 3702 suos
1531 3669 1585 3712 Vll
1605 3671 1647 3704 30
1660 3672 1801 3711 accuset]
1820 3669 1942 3711 alleget
1962 3669 2039 3713 V³ss
2058 3670 2277 3704 accusandum
2295 3672 2380 3713 libri,

1304 3728 1362 3749 om.
1376 3716 1431 3749 vul
1454 3741 1460 3747 .
1486 3714 1498 3759 11
1522 3715 1561 3749 31
1582 3717 1667 3756 eum]
1689 3716 1723 3748 id
1737 3716 1832 3749 Beck
1858 3713 1871 3759 11
1894 3715 1936 3748 32
1961 3724 2078 3747 manus
2100 3715 2159 3760 Vl}
2187 3717 2228 3751 33
2253 3717 2383 3750 resistet

1304 3761 1389 3805 vulq.
1462 3762 1504 3795 35
1528 3760 1755 3803 desusceptum
1777 3761 1822 3801 V]
1847 3760 2040 3803 desuscepto
2065 3760 2134 3794 ΕΤ
2145 3763 2231 3806 vulq.

1963 3815 2034 3852 37*
