2586 3990
255 156 297 203 N
297 170 363 203 ov.
394 155 615 202 CXXXIII
643 168 703 209 pr.
1314 152 1400 201 666

254 263 461 311 κυρώσομεν
484 262 665 307 ἐκκλησίᾳ,
696 265 769 298 τοῖς
793 261 834 299 δὲ
856 260 1172 309 παρασυνοίγουσιν
1194 261 1219 308 ἢ
1240 263 1330 310 πρὸς
1397 267 1543 302 sanctae
1565 273 1623 300 ass

2029 161 2240 204 QUOMODO
2268 161 2470 197 OPORTET

1705 272 1783 299 mus
1805 262 1987 307 ecclesiae,
2009 262 2066 300 his
2081 265 2200 299 autem
2223 261 2284 307 qui
2299 261 2467 307 colligunt

255 306 384 344 αὐτοὺς
412 311 662 355 συναγομένοις
695 307 760 343 τὰς
791 309 829 343 ἐκ
860 309 938 342 τῶν
968 305 1172 348 διατάξεων
1201 309 1330 344 ποινὰς
1397 313 1460 346 aut
1482 309 1542 363 qui
1564 318 1637 353 apu
1685 317 1724 344 se
1747 307 1960 352 colliguntur
1979 318 2025 345 ex
2047 306 2360 345 constitutionibus
2381 315 2465 353 poe-
2513 323 2515 325 ·

253 353 460 397 ἐπαχθῆναι
483 353 575 389 πᾶσι
597 353 744 398 τρόποις
774 350 971 396 κελεύομεν.
1210 351 1219 360 ‘

296 398 379 433 Dat.
397 397 488 442 prid.
510 407 593 432 non.
609 395 722 443 April.
744 397 812 434 GP.
834 395 952 442 (imp.)
975 395 1034 432 dn.
1055 396 1243 434 Iustiniani
1319 427 1326 435 .

251 442 343 487 Aug.
376 452 470 479 anno
499 441 631 479 XVIII.
663 445 746 487 post
778 452 874 477 cons.
906 441 1031 477 Basilii
1060 452 1114 478 vc.
1145 452 1238 531 8,οέιο
1249 409 1328 531 ἐξ
1364 447 1384 480 5

1203 500 1236 524 α.

1396 365 1462 391 nas
1485 353 1611 391 mserri
1633 352 1796 390 omnibus
1818 353 1932 389 modIs
1953 353 2125 397 iubemus.

248 740 439 795 ΠΕΡΙ
481 676 872 796 ΜΟΝΑΧΡΞΙΞΓΝ
915 741 1054 795 ΚΑΙ
1089 743 1326 796 ΑΣΚΗ-

249 808 473 863 ΤΡΙῼΝ
502 810 641 864 ΚΑΙ
671 808 1031 863 ΔΙΑΓῼΓΗΣ
1061 810 1325 864 ΑῩΤῼΝ.

248 884 497 933 Αὐτοκράτωρ
518 885 766 923 Ἰουστινιανὸε
789 886 995 934 Αὔγουστος
1015 885 1164 936 Ἰωάννῃ
1193 890 1246 933 τῷ
1271 890 1326 924 ἐν·
1341 891 1382 925 10

250 930 433 976 δοξοτάτῳ
458 934 603 978 ἐπάρχῳ
634 934 712 968 τῶν
736 933 844 979 ἱερῶν
875 934 938 975 τῆς
959 930 1070 975 Ὲιρας
1093 938 1328 979 πραιτωρίων

248 977 292 1011 τὸ
311 974 488 1023 δεύτερον,
513 975 587 1012 ἀπὸ
607 977 763 1013 ὑπάτων
782 974 1035 1024 <ἆρδιναρίων>
1059 981 1118 1012 καὶ
1136 983 1326 1024 πατρικίῳ.

1836 673 2033 712 CXXXIII.

1423 746 1476 795 R
1508 743 1841 806 QUOMODO
1876 743 2191 794 OPORTET
2226 741 2435 793 MONA·

1658 811 1831 863 GHOS
1868 812 2125 862 VIVERE
2155 810 2207 860 R

1537 888 1636 924 Idem
1658 888 1750 933 Aug.
1775 889 1903 924 Menae
1925 888 2130 924 beatissimo
2151 885 2332 932 episcopo.

291 1045 593 1091 (Προοίμιον.)
636 1042 674 1080 ‘0
696 1045 850 1091 μονήρης
869 1048 946 1089 βίος
974 1048 1033 1079 καὶ
1057 1043 1078 1089 ἦ
1103 1043 1184 1081 κατ’
1211 1043 1324 1081 αὐτὸν
1460 1043 1617 1097 <Praef
1623 1043 1749 1089 atio.)
1801 1044 1994 1090 Singularis
2028 1043 2100 1080 vita
2129 1043 2276 1088 eiusque
2311 1045 2466 1078 contem·

248 1089 391 1135 θεωρία
413 1088 562 1136 πρᾶγμά
587 1091 687 1124 ἐστιν
711 1090 809 1136 ἱερὸν
832 1093 892 1124 καὶ
915 1086 987 1124 ἀνά
1010 1103 1053 1124 ον
1077 1088 1241 1126 αὐτόθεν
1263 1092 1324 1126 τὰς
1392 1090 1504 1135 plano
1533 1099 1591 1125 res
1620 1093 1675 1125 est
1705 1099 1809 1125 sacra
1839 1093 1875 1125 et
1904 1100 1947 1125 ex
1975 1091 2046 1125 hoc
2076 1089 2226 1124 evehens
2256 1087 2393 1124 animas
2421 1087 2467 1123 ad

248 1134 362 1180 ψυχὰς
389 1135 436 1169 εἰς
466 1132 571 1177 θεόν,
602 1138 661 1169 καὶ
692 1132 733 1170 οὐ
763 1136 877 1180 μόνον
900 1131 976 1180 οἶφε
1000 1136 1065 1170 οῦν
1093 1133 1221 1171 αὐτοὺς
1244 1136 1325 1171 τοὺς
1342 1139 1379 1171 15
1393 1136 1516 1179 deum,
1553 1137 1588 1170 et
1617 1144 1690 1169 non
1718 1135 1832 1170 solum
1861 1134 1984 1170 iuvans
2012 1143 2072 1170 eos
2102 1133 2164 1178 qui
2194 1132 2241 1170 ad
2268 1133 2338 1168 hoc
2364 1142 2467 1168 acce-

248 1180 294 1215 εἰς
316 1180 423 1214 τοῦτο
446 1179 663 1226 παριόντας,
690 1177 782 1214 ἀλλὰ
806 1184 866 1214 καὶ
888 1183 962 1215 τοῖς
985 1179 1103 1215 ἄλλοις
1126 1178 1241 1216 ἅπασι
1264 1179 1324 1216 δια
1394 1180 1492 1222 dunt,
1525 1179 1587 1215 sed
1609 1179 1716 1214 etiam
1739 1179 1819 1215 aliis
1843 1179 2005 1215 omnibus
2033 1189 2095 1225 per
2119 1179 2194 1214 eius
2217 1178 2408 1224 puritatem
2431 1178 2468 1212 et

247 1225 310 1268 τῆς
340 1221 451 1259 αὐτοῦ
480 1222 732 1271 καθαρότητος
762 1228 821 1259 καὶ
850 1226 912 1269 τῆς
942 1225 1031 1272 πρὸς
1061 1225 1154 1260 θεὸν
1179 1226 1326 1262 ἱκετείας
1393 1224 1687 1270 supplicationem
1718 1224 1764 1259 ad
1788 1225 1891 1260 deum
1913 1225 2087 1269 praebens
2114 1224 2311 1269 inspectam
2333 1222 2466 1258 utilita-

247 1269 493 1315 παρεχόμενον
516 1270 585 1314 τὴν
608 1273 817 1315 πρέπουσαν
840 1267 1026 1316 ὠφέλειαν.
1074 1267 1169 1306 ὅθεν
1191 1274 1263 1306 τοῖς
1286 1284 1326 1306 τε
1393 1273 1475 1305 tem.
1526 1269 1626 1306 Unde
1649 1272 1685 1305 et
1707 1269 1834 1314 priscis
1858 1269 2128 1315 imperatoribus
2159 1267 2266 1304 studii
2288 1267 2356 1303 fuit
2386 1271 2423 1302 et
2445 1277 2468 1302 a

248 1314 376 1370 πρώην
408 1313 668 1361 αὐτοκράτορσι
701 1316 810 1350 τοῦτο
841 1313 1123 1350 διεσπούδασται
1153 1319 1213 1350 καὶ
1240 1314 1327 1361 ἡμῖν
1394 1315 1497 1351 nobis
1528 1325 1601 1351 non
1631 1324 1747 1359 pauca
1777 1315 1915 1350 sancita
1945 1316 2028 1351 sunt
2059 1314 2101 1349 de
2130 1323 2252 1350 eorum
2282 1313 2468 1348 honestate

248 1372 291 1395 ov
313 1362 441 1406 μέτρια
463 1360 750 1404 νενομοθέτηται
774 1363 855 1406 περὶ
878 1362 940 1404 τῆς
961 1357 1084 1396 αὐτῶν
1108 1358 1327 1406 σεμνότητός
1340 1363 1382 1396 20
1395 1364 1431 1396 et
1454 1363 1593 1396 ornatu.
1642 1359 1827 1404 Sequimur
1849 1360 1976 1395 etenim
2000 1369 2122 1395 sacras
2152 1358 2293 1402 regulas
2316 1359 2353 1393 et
2375 1357 2466 1392 anti-

247 1418 288 1439 τε
307 1408 366 1438 καὶ
386 1405 628 1461 κοσμιότητος.
660 1403 931 1450 ἀκολουθοῦμεν
953 1406 1020 1452 γὰρ
1039 1408 1112 1441 τοῖς
1131 1407 1246 1441 θείοις
1266 1420 1325 1440 κα-
1418 1416 1482 1441 uos
1511 1409 1647 1450 patres,
1678 1405 1738 1451 qui
1767 1405 1856 1440 haec
1887 1407 2097 1446 sanxerunt,
2131 1404 2214 1449 quia
2244 1402 2332 1439 nihil
2363 1411 2469 1446 segne

247 1449 330 1484 νόσι
353 1453 413 1484 καὶ
435 1452 509 1487 τοῖς
527 1449 744 1498 αγιωτάτοις
767 1450 961 1497 πατράσιν,
986 1451 1088 1497 οἵπερ
1110 1452 1226 1486 ταῦτα
1250 1453 1325 1486 ένο-
1421 1453 1436 1485 t
1465 1450 1511 1486 ad
1534 1450 1776 1495 quaestionem
1797 1450 1944 1495 imperio
1977 1459 2195 1486 communem
2226 1448 2381 1484 omnium
2404 1447 2467 1483 ho-

247 1495 471 1539 μοθέτησαν,
504 1494 628 1539 ἐπειδὴ
658 1493 771 1540 μηδὲν
801 1494 943 1541 ἄβατόν
974 1498 1074 1530 ἐστιν
1104 1497 1151 1530 εἰς
1178 1497 1326 1540 ζήτησιν
1394 1495 1528 1530 minum
1562 1495 1833 1531 sollicitudinem
1871 1505 1916 1530 ex
1951 1494 2015 1530 deo
2055 1493 2273 1539 suscipienti.
2325 1492 2469 1527 Dudum

247 1541 291 1587 τῇ
322 1539 490 1584 βασιλείᾳ
520 1541 645 1585 κοινὴν
681 1541 833 1576 πάντων
866 1537 1082 1587 ἆνθρςὸπων
1112 1543 1327 1576 ἐπιστασίαν
1395 1540 1534 1586 quidem
1559 1540 1765 1585 scripsimus
1790 1541 2076 1576 constitutionem
2099 1539 2272 1575 volentem
2295 1538 2332 1573 in
2351 1537 2468 1573 multi-

248 1586 287 1619 έκ
310 1585 400 1619 θεοῦ
431 1584 702 1634 παραλαβούσῃ.
749 1584 818 1630 ἤδη
847 1587 913 1631 μὲν
937 1588 1003 1621 οὐν
1019 1585 1228 1634 ἐγράψαμεν
1249 1584 1324 1621 διά-
1339 1589 1380 1622 25
1394 1586 1516 1621 tudine
1543 1586 1732 1621 existentes
1762 1586 1954 1622 monachos
1985 1585 2022 1620 in
2051 1594 2236 1621 commune
2263 1582 2390 1627 degere
2413 1592 2468 1618 se-

249 1630 354 1671 ταξιν
371 1629 593 1676 βουλομένην
614 1631 696 1666 τοὺς
724 1633 771 1666 εἰς
795 1630 937 1675 πλῆθος
962 1630 1071 1666 ὄντας
1092 1631 1268 1676 μοναχοὺς
1292 1633 1332 1666 ἐν

306 1722 391 1755 Νου.
412 1722 614 1756 CXXXIII
632 1723 688 1763 (=
705 1723 856 1755 Authent.
875 1723 1048 1764 CXXXI)
1077 1722 1201 1756 Graece
1225 1729 1310 1756 extat
1331 1724 1364 1756 in
1382 1723 1465 1764 ML,
1490 1723 1521 1755 A
1543 1723 1626 1756 tit.4
1639 1724 1672 1766 f.
1690 1723 1772 1764 201,
1797 1723 1830 1755 in
1850 1721 2042 1755 Collectione
2057 1719 2173 1753 XXV
2188 1719 2401 1763 capitulorum
2424 1719 2466 1753 23

248 1767 306 1808 (==
327 1767 380 1808 C),
404 1779 430 1801 c.
448 1769 462 1801 1
483 1769 618 1809 (667‚15
637 1767 861 1809 Θεσπίζομεν
882 1764 1019 1808 μηδένα
1032 1791 1129 1799 .....
1133 1769 1144 1808 )
1159 1767 1231 1800 -6
1256 1769 1289 1800 in
1313 1768 1361 1800 13⁶
1385 1769 1458 1809 4,1,
1474 1774 1582 1801 17-24.
1607 1786 1652 1791 -
1682 1767 1772 1810 Epit.
1797 1766 1918 1800 Theoti.
1943 1766 2004 1799 133
2029 1766 2117 1807 (inde
2136 1765 2295 1808 pleraque
2314 1765 2348 1798 in
2373 1763 2425 1796 B!
2434 1765 2468 1805 4,

246 1812 410 1853 1,1·1—23)‚
448 1813 568 1846 Athan.
587 1814 661 1854 1,14
684 1813 773 1853 (inde
801 1812 879 1845 Coll.
904 1819 1000 1845 const.
1025 1812 1099 1845 eccl.
1123 1811 1189 1845 III
1201 1814 1231 1853 1,
1246 1813 1301 1854 14).
1348 1812 1425 1845 Duo
1449 1818 1618 1845 servantur
1640 1812 1838 1854 exemplaria
1860 1811 2091 1844 constitutionis
2115 1811 2147 1843 in
2172 1810 2357 1842 lectionibus
2380 1809 2470 1841 haud

249 1869 326 1890 raro
351 1859 433 1891 inter
454 1870 489 1891 se
513 1859 751 1901 discrepantia,
776 1857 910 1890 alterum
934 1858 1118 1899 inscriptum
1143 1857 1287 1890 Iohanni
1302 1858 1412 1900 praef.
1434 1864 1542 1899 praet.
1568 1858 1601 1889 in
1626 1856 1779 1897 MLAB,
1810 1857 1943 1889 alterum
1967 1855 2087 1888 Menae
2116 1854 2358 1897 archiepiscopo
2383 1854 2415 1886 in
2443 1853 2473 1886 C

250 1909 280 1935 et
303 1913 322 1938 ς
346 1903 503 1946 (idemque
525 1904 624 1937 secuti
645 1909 719 1935 sunt
742 1903 818 1935 Ath.
843 1909 873 1935 et
898 1902 1043 1942 Theod.).

248 2006 396 2038 sanctae
419 2002 589 2038 ecclesiae
611 2012 686 2037 esse
709 2000 930 2042 addieturos,
955 2000 1000 2035 iis
1023 2004 1153 2041 autem,
1178 1999 1242 2044 qui
1264 1999 1509 2036 conventicula
1533 1999 1660 2036 illicita
1683 1997 1839 2035 habeant
1863 2001 1928 2033 aut
1949 1997 2012 2042 qui
2035 1996 2137 2042 apud
2159 2007 2222 2032 eos
2245 1996 2467 2038 conveniant,

243 2058 387 2095 poenas
410 2058 459 2083 ex
482 2046 620 2092 leqibus
643 2045 854 2082 constitutas
877 2044 995 2090 insliqi
1017 2055 1083 2079 nos
1107 2045 1269 2080 omnibus
1291 2044 1405 2079 modis
1427 2044 1561 2080 iubere.

375 2248 476 2300 DE
508 2244 882 2299 MONAOHJS
915 2244 1011 2295 ET
1037 2175 1743 2296 SANCTssffgffjAl-AIBUS
1774 2242 1867 2293 ΕΤ
1903 2241 2058 2294 VITA
2094 2241 2353 2294 EORUM.

295 2326 500 2374 Imperator
523 2325 749 2362 lastinianus
771 2326 957 2371 Auqustus
980 2322 1139 2359 Iohanni
1162 2323 1432 2404 lqloriosissimo
1450 2323 1645 2370 praefecto
1668 2333 1775 2358 sacro
1803 2320 1958 2357 Orientis
1983 2321 2172 2367 praetorio
2195 2321 2343 2363 iterum,
2373 2331 2424 2357 ex

1049 2379 1160 2405 consu
1175 2380 1194 2404 e
1212 2368 1437 2415 (ordinario)
1459 2373 1494 2404 et
1509 2368 1683 2415 patricio.

384 2438 641 2484 Praefatio.
697 2437 780 2473 Vita
802 2435 1012 2471 monachica
1043 2441 1079 2472 et
1101 2446 1195 2482 quae
1225 2436 1262 2471 in
1287 2448 1329 2472 ea
1350 2436 1543 2489 percipitur
1565 2434 1822 2481 contemplatio
1851 2443 1911 2469 res
1932 2436 1988 2468 est
2015 2443 2124 2468 sacra
2155 2442 2318 2484 quaeque
2339 2436 2469 2479 suapte

250 2488 385 2520 natura
408 2484 548 2519 animas
578 2482 628 2518 ad
650 2482 754 2518 deum
778 2481 938 2516 adducat
966 2491 1082 2527 neque
1111 2481 1201 2527 ipsis
1227 2481 1342 2516 solum
1365 2482 1465 2517 utilis
1485 2481 1532 2516 sit
1563 2480 1628 2526 qui
1647 2490 1686 2516 se
1717 2479 1766 2515 ad
1788 2489 1865 2515 eam
1888 2478 2093 2524 conferunt,
2124 2477 2189 2513 sed
2210 2482 2317 2513 ettam
2341 2478 2469 2513 ceteris

251 2529 413 2566 omnibus
433 2539 502 2575 per
511 2529 709 2581 puritatem
731 2537 833 2563 suam
857 2526 985 2574 deique
1005 2527 1247 2572 precationem
1271 2525 1438 2562 idoneam
1461 2525 1650 2561 utilitatem
1667 2527 1841 2572 praestet.
1894 2521 1992 2558 Unde
2014 2526 2050 2558 et
2072 2521 2116 2558 ab
2140 2521 2381 2558 anterioribus
2403 2522 2468 2557 im-

248 2574 480 2622 peratoribus
509 2584 549 2609 in
577 2584 620 2609 ea
650 2584 691 2609 re
720 2571 878 2608 studium
908 2570 1123 2606 collocatum
1154 2574 1209 2606 est
1235 2578 1271 2607 et
1300 2583 1323 2605 a
1346 2571 1450 2606 nobis
1479 2581 1552 2606 non
1572 2580 1695 2616 pauca
1726 2569 1770 2605 de
1793 2579 1915 2604 eorum
1947 2567 2134 2603 honestate
2162 2571 2270 2614 atque
2292 2566 2469 2613 diqnitate

250 2621 390 2655 sancita
412 2623 504 2654 sunt.
551 2617 744 2664 Sequimur
765 2617 857 2653 enim
881 2615 1022 2652 divinos
1045 2626 1200 2652 canones
1223 2620 1257 2651 et
1279 2616 1527 2652 sanctissimos
1541 2619 1685 2662 patres,
1715 2614 1779 2660 qui
1810 2612 1899 2649 haee
1927 2615 2147 2654 sanxerunt,
2179 2611 2467 2658 quandoquidem

250 2664 341 2700 m‘lzil
358 2675 432 2700 non
448 2665 616 2710 pervium
639 2662 690 2698 ad
702 2661 968 2708 inquisitionem
992 2661 1118 2697 existit
1137 2661 1391 2708 imperatoriae
1413 2660 1594 2696 maiestati
1614 2670 1708 2706 quae
1725 2668 1943 2694 communem
1967 2657 2122 2693 omnium
2142 2655 2322 2692 hominum
2345 2666 2468 2692 curam

251 2721 274 2745 a
297 2709 364 2745 deo
387 2709 559 2756 percepit.
607 2708 724 2754 Atque
747 2709 818 2742 iam
841 2706 1053 2753 scripsimus
1075 2706 1216 2752 quidem
1241 2706 1548 2747 constitutionem,
1580 2715 1674 2751 quae
1697 2703 1772 2740 vult
1794 2702 2000 2745 monachos,
2031 2702 2094 2748 qui
2117 2712 2285 2748 maqnam
2310 2701 2468 2738 multitu-

1395 2814 1682 2858 νενομοθέτηται
1705 2815 1736 2847 Α
1753 2814 1765 2858 Η
1784 2815 1825 2848 23
1850 2810 2003 2858 ἄβατον]
2027 2808 2141 2859 ἀργὸν
2167 2813 2197 2847 C
2202 2814 2247 2855 (ς)
2265 2812 2278 2856 ΙΙ
2294 2812 2341 2846 εἰς
2364 2813 2464 2855 ζήτη-

1396 2871 1455 2905 «ny
1475 2861 1575 2893 ἐστὶν
1599 2859 1650 2898 ΟΙΙ
1670 2861 1711 2893 25
1737 2860 1775 2892 ἐκ
1797 2859 1861 2893 τοῦ
1886 2858 1976 2893 θεοῦ
2001 2859 2066 2893 AC
2078 2860 2091 2902 ΙΙ
2107 2856 2380 2902 παραλαβοῦσιν
2404 2859 2435 2891 L
2456 2857 2469 2902 Η

1394 2907 1461 2938 οὖν
1485 2918 1543 2938 om.
1557 2906 1587 2938 A
1605 2904 1617 2948 ΙΙ
1641 2901 1818 2945 διάταξιν]
1842 2906 1907 2950 (ἢν
1931 2905 2007 2937 add.
2025 2903 2054 2938 C
2066 2916 2094 2937 v.
2111 2904 2131 2936 l.
2155 2903 2217 2937 Est
2237 2916 2307 2937 nov.
2328 2902 2362 2936 V

305 2823 327 2855 4
339 2823 458 2854 subscr.
474 2832 531 2853 om.
546 2831 565 2855 ς
582 2819 594 2862 ΙΙ
611 2819 642 2851 d.
658 2818 721 2860 pri.
737 2809 760 2850 fi
775 2829 844 2861 apr.
859 2829 909 2862 cp.
923 2818 967 2851 M
987 2814 1064 2851 δατ.
1078 2829 1153 2850 νον.
1170 2812 1326 2860 Ἀπριλλ.

251 2867 328 2900 Ath.
353 2862 568 2918 ἐξεφωνήθη
591 2866 677 2907 μηνὶ
695 2862 794 2907 μαΐῳ
817 2864 937 2897 Theoti.
956 2859 1166 2907 ΙΙβασιλείαε
1186 2857 1327 2895 Ἰουστι·

251 2910 378 2946 νιανοῦ
401 2910 444 2944 τὸ
466 2921 500 2951 ιη
530 2911 605 2943 Atb.
641 2909 694 2942 dn.
718 2908 796 2942 iust.
821 2919 876 2952 pp.
901 2919 976 2950 aug.
1003 2908 1059 2950 M,
1083 2920 1143 2941 om.
1166 2906 1286 2940 Theod.
1317 2903 1329 2950 ΙΙ

255 2958 274 2990 5
290 2954 381 3000 μετὰ
398 2953 467 2997 τὴν
482 2952 660 2988 ὑπατείαν
675 2950 865 2987 Βασιλείου
881 2951 923 2986 τὸ
941 2954 1116 2997 τέταρτον
1134 2948 1179 2993 (δ’
1196 2951 1328 2990 Theod.)

253 3002 328 3035 Ath.
340 3002 459 3034 Theod.
480 2998 594 3032 basilii
605 3009 656 3033 uc.
670 3009 774 3032 conss.
788 2999 834 3032 M
836 3010 844 3038 ;
862 3008 949 3031 anno
958 2998 1025 3031 111.
1039 2998 1176 3031 restituit
1185 2993 1330 3046 Bienerjj

255 3047 274 3081 8
288 3048 374 3080 rubr.
400 3046 489 3090 Περὶ
513 3063 555 3069 ——·
580 3039 703 3077 αὐτῶν
721 3042 799 3077 ML
823 3045 877 3088 (cf
894 3045 981 3077 rubr.
1002 3043 1031 3075 Β
1043 3044 1075 3084 4,
1089 3044 1126 3084 1)]
1151 3042 1241 3085 Περὶ
1263 3051 1328 3074 του

254 3094 327 3132 (om.
353 3103 386 3133 ς,
414 3086 540 3135 (Ετέρα
563 3084 724 3129 διάταξις
746 3088 810 3122 τοῦ
832 3083 942 3122 αὐτοῦ
970 3088 1013 3130 C)
1043 3087 1120 3121 πῶς
1149 3084 1204 3120 δεῖ
1224 3084 1330 3130 βιοῦν

253 3135 335 3169 τοὺς
359 3134 453 3177 (τοὺς
476 3148 534 3168 om.
547 3135 636 3175 Ath.)
659 3130 834 3177 μοναχούε
854 3133 995 3170 ΟςΑτΙι.
1009 3133 1129 3166 Theoti.
1148 3131 1161 3176 ΙΙ
1178 3133 1219 3166 10
1233 3132 1328 3165 inser.

254 3176 503 3225 Αὐτοκράτωρ
526 3199 568 3204 -
594 3181 772 3223 πατρικίῳ
796 3180 827 3211 A
855 3179 924 3220 (ubi
942 3191 1005 3221 pro
1029 3172 1181 3221 ὑπάρχω
1206 3175 1332 3210 correxi

255 3224 400 3269 ἐπάρχῳ
419 3233 448 3259 et
463 3225 585 3259 inserui
599 3221 843 3269 ὀρὸιναρίων)]
866 3219 904 3256 ‘0
921 3218 1029 3256 αὐτὸς
1043 3219 1207 3265 βασιλεὺς
1220 3219 1329 3263 Μηνᾷ

255 3271 308 3312 τῷ
339 3265 608 3314 μακαριωτάτη)
639 3268 828 3311 ἐπισκόπῳ
864 3269 920 3305 Oe
961 3263 999 3301 ‘0
1030 3263 1138 3300 αὐτὸς
1193 3262 1331 3299 aethiae

258 3315 364 3356 Μην“”
391 3313 578 3357 ἐπισκόπῳ
599 3310 1024 3348 Κωνσταντινουπόλεωε
1048 3313 1134 3352 ΔιΙι.,
1173 3312 1202 3344 0
1226 3306 1332 3344 αὐτὸς

256 3328 419 3402 flaminiae
442 3358 579 3403 ἰωάννη
602 3358 656 3392 τῶ
678 3356 946 3404 μακαριωτάτω
970 3352 1241 3403 ἇρχιεπισκόπω
1259 3354 1331 3390 ML

258 3405 387 3437 duorum
419 3405 645 3447 exemplarium
682 3405 943 3447 inscriptionibus
973 3414 1145 3446 perperam
1181 3400 1331 3434 contami-

258 3449 373 3492 natis]
395 3450 437 3483 13
463 3445 584 3483 αὗτῶν
610 3448 649 3482 Μ
669 3449 680 3492 ΙΙ
707 3450 749 3483 14
773 3445 901 3494 ἐνάγον
929 3448 958 3482 C
965 3460 995 3480 υ.
1011 3448 1032 3481 l.
1049 3446 1062 3491 ΙΙ
1079 3442 1254 3487 αὐτόθεν]
1277 3444 1330 3479 ἐν·

257 3492 390 3526 τεῦθον
413 3494 444 3527 A
461 3494 473 3537 ΙΙ
492 3497 540 3528 ⁴15
564 3493 623 3535 εἰς]
645 3492 735 3538 πρὸς
757 3494 788 3527 A
807 3494 819 3536 11
841 3488 968 3526 αὐτοὺς
991 3492 1094 3526 om.A
1148 3492 1189 3525 16
1212 3489 1331 3531 τοῦτο]

260 3533 347 3569 αὐτὸ
372 3538 402 3570 A
419 3538 432 3576 ll
448 3537 632 3582 παρόντας
654 3539 718 3573 AL
735 3538 747 3582 ΙΙ
776 3541 813 3573 17
839 3536 940 3582 πρὸς]
965 3536 1012 3571 εἰς
1031 3538 1060 3570 A
1085 3537 1281 3579 Ιιερατείαε
1309 3533 1338 3570 C

259 3592 288 3612 υ.
303 3582 320 3613 l.
338 3583 350 3623 u
376 3583 416 3616 18
440 3585 661 3626 πρέπουσαν]
685 3583 890 3627 inspectam?
914 3594 933 3619 ς
956 3581 968 3625 ΙΙ
992 3577 1072 3626 ὦφέ
1091 3582 1180 3622 ecana]
1205 3577 1332 3622 ὄνησιν

260 3625 290 3656 Α
306 3626 317 3664 ΙΙ
338 3627 378 3659 19
401 3628 509 3660 τοῦτο
533 3640 591 3660 om.
604 3639 624 3664 ς
641 3629 653 3670 ΙΙ
669 3624 940 3670 διεσπουὸάσθη
956 3627 987 3660 A
1011 3622 1254 3660 έσπούὸασται
1270 3625 1301 3658 L
1321 3622 1333 3667 ΙΙ

262 3669 306 3719 2⁴2
320 3674 469 3714 μετρίως
489 3672 517 3705 C
529 3671 541 3709 11
561 3673 599 3705 21
618 3684 658 3705 τε
673 3675 732 3705 καὶ
748 3670 979 3715 κοσμιότητος
1003 3684 1061 3706 om.
1075 3671 1122 3704 M
1132 3670 1144 3710 ΙΙ
1161 3670 1203 3704 22
1224 3667 1333 3715 dyam-

261 3722 382 3745 τατοις
405 3715 449 3747 Μ
453 3716 495 3755 Α]
531 3711 643 3760 ἁγίοις
665 3717 695 3749 L
730 3713 922 3761 ἀνωτέροις
947 3717 1004 3752 Ος
1033 3715 1045 3759 11
1072 3713 1196 3759 οἷσπερ
1218 3713 1334 3748 ταῦτα

1452 2985 1467 3016 1
1495 2982 1697 3024 assignamus
1714 2983 1745 3015 R
1758 2983 1814 3015 vul
1835 2984 1856 3023 .]
1882 2992 1934 3015 eas
1957 2981 2126 3023 signamus
2146 2980 2181 3016 V
2196 2990 2249 3014 eas
2265 2981 2468 3023 assignamus

1398 3028 1429 3060 T
1441 3027 1454 3071 ΙΙ
1471 3027 1640 3069 collegunt
1659 3026 1715 3070 Vn
1733 3028 1752 3060 2
1774 3037 1811 3059 oo
1826 3027 1985 3069 leguntur
2003 3027 2035 3060 Τ
2054 3026 2067 3070 ΙΙ
2090 3028 2112 3060 4
2130 3027 2392 3070 subscriptionem
2408 3038 2466 3059 om.

1396 3073 1489 3113 libri,
1505 3085 1578 3106 nam
1595 3083 1678 3116 quae
1693 3085 1732 3105 esc
1745 3072 1970 3116 Neoburqensi
1980 3073 2114 3115 prolata
2130 3079 2176 3105 est
2189 3073 2231 3104 ab
2245 3071 2467 3113 Heimbachio,

1397 3119 1442 3150 ad
1464 3118 1561 3150 Auth.
1582 3117 1750 3152 CXXXI
1768 3132 1812 3144 =
1835 3129 1905 3150 nov.
1925 3115 2133 3151 CXXXIII
2146 3117 2287 3160 pertinet
2310 3116 2324 3160 Ι
2353 3118 2371 3150 7
2397 3128 2466 3150 nov.

1400 3162 1599 3196 CXXXIII
1613 3178 1658 3191 =
1675 3162 1773 3195 Auth.
1791 3162 1952 3196 CXXXI
1971 3163 2122 3195 omittitur
2145 3163 2179 3195 in
2202 3160 2283 3202 RV,
2313 3162 2347 3194 in
2368 3161 2401 3194 T
2420 3162 2468 3195 bis

1398 3208 1512 3251 leyitur
1519 3209 1552 3251 fi
1569 3208 1648 3242 163*
1661 3214 1689 3240 et
1703 3219 1723 3240 a
1736 3208 1865 3241 diversa
1881 3219 1975 3240 manu
1987 3209 2110 3249 scripta
2127 3207 2160 3240 in
2172 3206 2351 3250 appendice
2362 3213 2466 3240 στενω-

1396 3255 1582 3296 vaqantium
1589 3254 1623 3296 J:
1638 3253 1702 3286 182
1715 3252 1771 3293 (=
1784 3253 1807 3294 t)
1823 3252 1835 3295 ΙΙ
1855 3253 1874 3285 8
1889 3254 2019 3294 oportet
2036 3251 2069 3285 T
2077 3251 2133 3292 aL]
2157 3252 2307 3294 oporteat
2328 3251 2436 3294 tvulq.
2454 3249 2468 3294 ΙΙ

1398 3300 1438 3331 10
1462 3307 1580 3330 menne
1606 3297 1638 3331 T
1661 3295 1674 3341 ΙΙ
1701 3296 1890 3330 beatissimo
1918 3307 1972 3340 pp.
1999 3296 2031 3329 T
2072 3296 2222 3339 episcopo
2244 3295 2431 3328 beatissimo
2455 3302 2468 3328 t

1396 3341 1653 3386 (archiepiscopo
1677 3354 1759 3375 corr.
1771 3343 1873 3386 vuly.)
1889 3341 1902 3386 ΙΙ
1928 3342 1967 3375 13
1984 3340 2133 3383 Singulis
2151 3340 2201 3374 T¹
2218 3340 2231 3384 ss
2247 3340 2315 3373 vita
2331 3341 2466 3382 eiusque

1397 3387 1575 3429 (huiusque
1598 3387 1708 3432 vulq.)]
1746 3386 1816 3419 uite
1837 3387 1890 3419 ius
1912 3388 2010 3428 atque
2036 3393 2047 3419 t
2080 3385 2170 3419 uitae
2194 3384 2367 3428 utriusque
2393 3384 2426 3417 T
2453 3382 2466 3427 H

1399 3444 1441 3477 14
1456 3453 1508 3476 res
1526 3445 1573 3476 est
1588 3443 1686 3488 ναῖς]
1709 3441 1759 3476 rei
1775 3444 1823 3475 est
1840 3449 1851 3475 t
1867 3442 1909 3476 al.
1935 3444 1984 3476 est
1999 3441 2050 3475 rei
2067 3442 2100 3475 T
2113 3441 2126 3485 ΙΙ
2143 3443 2183 3476 17
2195 3442 2230 3474 in
2270 3443 2334 3478 tam
2350 3439 2422 3482 (sic)
2435 3445 2462 3476 ις

1399 3488 1458 3531 leq.
1483 3487 1627 3521 iustam?
1643 3489 1655 3532 ΙΙ
1684 3488 1725 3522 18
1748 3486 1814 3520 fuit
1833 3486 1937 3520 studii
1957 3486 1998 3531 tss
2024 3489 2064 3522 19
2085 3497 2151 3520 non
2174 3498 2232 3520 om.
2289 3482 2331 3527 Ἰ
2351 3485 2464 3517 saneta

1399 3532 1474 3565 T¹t
1491 3533 1503 3573 u
1520 3534 1562 3566 20
1582 3534 1701 3566 ornato
1724 3532 1776 3565 Τί*
1794 3532 1807 3575 ΙΙ
1822 3532 1863 3571 21
1889 3531 2016 3574 ¹'segne
2038 3531 2076 3565 fit
2099 3530 2141 3564 ad
2164 3528 2382 3573 quaestionem
2403 3528 2462 3560 im-

1397 3577 1501 3620 perio]
1519 3577 1684 3620 significat
1699 3575 1783 3619 (eigs
1802 3577 1824 3619 t)
1844 3577 2069 3619 quaestionem
2086 3577 2121 3613 et
2134 3573 2172 3613 tii
2182 3572 2270 3620 perit
2283 3572 2395 3615 (periit
2414 3573 2447 3606 T
2452 3572 2463 3593 ¹

1397 3621 1486 3664 parit
1500 3622 1532 3655 T
1536 3622 1560 3658 ²)
1579 3623 1611 3655 T
1615 3630 1628 3656 t
1636 3623 1677 3655 al.
1699 3620 1770 3654 sine
1782 3621 1835 3657 via
1847 3620 1889 3654 ad
1901 3619 2124 3663 quaestionem
2139 3621 2189 3652 ent
2202 3617 2339 3659 imperio
2352 3618 2439 3661 vulg.
2451 3615 2464 3662 ΙΙ

1398 3667 1440 3701 22
1465 3667 1612 3700 omnium
1627 3667 1726 3711 cuiq]
1749 3665 1900 3703 omnibus
1921 3672 1934 3699 t
1955 3664 2169 3707 omnibusque
2185 3661 2247 3705 ΤΙ
2265 3661 2306 3695 23
2331 3662 2462 3704 quidem

1397 3711 1523 3746 dudum
1543 3711 1576 3746 Τ
1591 3710 1606 3757 u
1624 3712 1665 3746 25
1689 3710 1843 3754 degerere
1865 3717 1878 3744 t
1997 3712 2001 3714 “
