2618 4010
105 135 297 175 PISIDIAE

104 244 287 277 τιωτικῶν
319 244 396 276 τιῦν
427 255 466 275 τε
490 238 647 287 ἀρχικιῦν
678 240 917 287 παρασήμων,
947 242 1120 285 ἑπομένου
1145 255 1184 275 τε

105 287 204 331 αὐτῷ
228 290 286 320 καὶ
310 288 373 321 τοῦ
398 287 657 331 στρατιωτικοῦ
684 285 845 328 πλήθους
867 285 1015 328 παντός,
1046 285 1183 321 ὁπόσον

103 334 164 375 τῆς
186 334 356 377 ἐπαρχίας
380 333 472 372 ἐστί,
503 334 562 363 καὶ
585 330 674 377 πρός
696 344 736 377 γε
759 332 820 373 τῆς
845 331 1027 374 πολιτικῆς
1050 330 1183 371 τάξεως

104 375 198 420 ὅλης,
224 379 352 421 σεμνῆς
377 390 417 410 τε
436 374 503 418 ἤδη
527 377 587 418 τῆς
610 380 842 422 προςηγορίας
868 375 974 411 αὐτοῦ
995 376 1182 410 καθεστώ-

105 434 165 465 σης
202 426 260 456 καὶ
296 424 528 478 τετιμημένης
564 422 608 468 τῇ
645 423 708 455 τοῦ
746 426 951 468 πραίτωρος
982 424 1182 464 ἐπωνυμίᾳ,

103 471 156 502 τίς
184 467 245 501 οὐκ
270 463 315 501 ἄν
339 465 450 499 αυτὸν
475 466 641 511 φρίξειεν,
674 470 728 500 τίς
753 467 791 500 δὲ
821 467 882 500 οὐκ
914 464 958 501 ἂν
985 465 1182 509 αἰδεσθείη,

105 511 191 556 ὁμοῦ
214 514 280 555 μὲν
303 511 385 545 τούς
409 508 554 555 νόμους,
588 508 675 555 ὁμοῦ
702 510 741 544 δὲ
764 512 808 545 τὰ
834 509 929 546 ὅπλα
952 513 1112 558 θεωρῶν
1137 512 1184 546 εἰς

103 556 216 591 ταύτὸ
238 556 420 597 συνιόντα,
446 559 505 589 καὶ
528 555 688 590 αὐτόθεν
714 557 882 602 αἱρέσεως
906 561 1139 604 προκειμένης
1163 556 1184 600 ἢ

103 603 323 636 κατακοῦσαι
347 602 425 635 τῶν
447 600 571 645 νόμων
591 605 649 634 καὶ
675 602 826 649 θαρρεῖν
844 615 884 635 τε
901 606 960 635 καὶ
983 602 1183 644 σώζεσθαι,

1184 120 1254 174 191

1926 125 2033 173 Nov.
2066 125 2208 172 XXIV
2242 132 2275 173 1.
2311 130 2335 172 2

1254 241 1382 284 signis,
1427 242 1597 285 sequente
1632 249 1773 284 quoque
1815 250 1893 274 eum
1931 241 2076 276 militari
2112 242 2337 277 multitudine

1256 288 1383 320 cuncta
1408 288 1543 330 quanta
1566 285 1602 319 in
1627 285 1810 328 provincia
1836 288 1901 327 est,
1926 286 2072 330 insuper
2097 289 2133 321 et
2157 286 2258 322 civile
2282 287 2335 322 of-

1253 330 1373 365 ficium
1397 334 1529 373 totum,
1554 330 1665 365 nobili
1690 330 1758 363 iam
1785 331 2025 375 appellatione
2047 332 2121 366 eius
2141 332 2337 367 constituta

1254 380 1290 411 et
1313 377 1488 420 praetoris
1514 376 1690 411 honorata
1716 377 1935 418 cognomine,
1962 376 2041 420 quis
2062 388 2133 411 non
2157 387 2235 412 eum
2254 388 2335 422 per-

1210 425 1228 456 5
1254 421 1428 464 timescat,
1463 421 1540 465 quis
1565 431 1635 455 non
1660 424 1878 463 revereatur,
1904 420 2008 455 simul
2033 422 2139 465 leges,
2173 423 2277 456 simul
2302 426 2337 457 et

1254 476 1353 500 arma
1379 466 1603 511 conspiciens
1628 467 1664 500 in
1688 476 1798 500 unum
1825 466 2081 508 convenientia,
2108 470 2143 501 et
2167 467 2236 502 hoc
2257 468 2336 512 ipso

1254 511 1464 546 condicione
1496 511 1682 555 proposita
1714 514 1777 545 aut
1808 511 1976 545 oboedire
2007 511 2144 554 legibus
2183 516 2218 546 et
2251 523 2335 547 con-

1253 556 1362 591 fidere
1387 559 1494 600 atque
1516 556 1657 598 salvari,
1683 560 1746 590 aut
1763 557 1878 590 solum
1903 565 1922 590 e
1945 557 2124 590 contrario
2147 557 2335 601 dispicien-

1252 606 1306 636 tes
1331 606 1477 645 repente
1503 602 1675 646 deperire,
1701 612 1781 636 cum
1806 611 1928 635 omnes
1953 600 1996 636 de
2015 604 2176 646 proximo
2202 603 2336 646 legibus

105 643 124 690 ἢ
140 645 254 691 μόνον
271 644 563 700 ἀντιβλέψαντας
582 643 690 680 εὐθὺς
709 645 947 688 ἀπολωλέναι,
966 648 1044 681 τῶν
1057 644 1185 682 ὅπλων
1203 651 1239 681 10
1253 647 1492 681 auxilientur?

105 690 261 739 ἐγγύθεν
285 695 576 737 ἑπικουρουντων
601 696 673 726 τοῖς
697 690 835 736 νόμοις,

1109 782 1264 817 CAPUT
1290 783 1335 818 II.

150 851 213 883 Δεῖ
237 854 361 883 τοίνυν
384 848 450 884 τὸν
469 849 535 892 τὴν
555 848 666 895 ἀρχὴν
688 848 1023 895 παραλαμβάνοντα
1047 847 1184 891 ταύτην

104 898 248 943 (προῖκα
281 893 321 929 δὲ
345 895 459 938 αὐτὴν
493 893 591 938 αὐτῷ
618 893 764 939 δίδομεν
798 892 854 927 ἀεὶ,
884 899 943 928 καὶ
977 891 1037 928 ἐπ’
1066 892 1184 927 οὐδενὶ

105 939 292 974 παντελῶς
323 941 464 985 μισθῷ,
503 938 601 975 ὅπως
636 937 682 973 ἂν
718 943 777 972 καὶ
816 936 921 974 αὐτὸς
956 937 1186 986 ἀδωρότατος

1309 850 1461 894 Oportet
1495 850 1603 893 igitur
1637 850 1707 885 hoc
1745 850 1923 894 cingulum
1959 850 2219 893 adsumentem,
2257 860 2338 885 cum

1255 895 1365 938 gratis
1391 896 1458 929 hoc
1485 897 1515 930 ei
1541 896 1775 939 praebeamus
1801 906 1939 940 semper
1964 901 1999 930 et
2021 897 2088 931 sub
2114 896 2213 930 nulla
2237 897 2337 940 peni-

1255 944 1314 974 tus
1338 941 1512 982 mercede,
1546 943 1585 974 ut
1618 943 1652 975 et
1680 941 1756 985 ipse
1790 941 1866 975 sine
1895 941 2138 985 redemptione
2169 941 2338 985 perduret

103 990 224 1029 μείναι
245 989 316 1039 εκαὶ
348 989 421 1019 τοῖς
453 988 490 1039 {u
521 987 584 1019 τοῦ
610 983 781 1037 δημοσίου
812 981 934 1028 μόνοις
959 981 1239 1030 ἀρκούμενος,15
1256 987 1292 1019 et
1320 985 1376 1019 his
1408 995 1499 1028 quae
1537 985 1578 1019 de
1611 986 1698 1020 fisco
1731 986 1862 1020 dantur
1904 987 1990 1021 solis
2030 988 2218 1021 contentus
2255 986 2337 1027 (hoc

104 1033 211 1064 τοῦτο
243 1027 332 1075 άπερ
365 1034 424 1064 καὶ
456 1044 474 1064 o
506 1032 650 1076 πρῶτος
681 1030 784 1073 ημῶν
814 1029 906 1076 λέγει
937 1027 1057 1073 νόμος)
1088 1026 1185 1063 οὕτω

106 1076 264 1121 χρῆσθαι
288 1079 361 1110 τοῖς
383 1073 562 1118 ὑπηκόοις,
597 1073 646 1109 ώς
670 1076 709 1107 ἐν
733 1075 785 1117 τῷ
812 1077 974 1122 προτέρῳ
1009 1073 1185 1108 διετυπώ-

106 1134 218 1165 σαμεν
242 1119 355 1164 νόμῳ,
389 1119 535 1154 δικαίαις
565 1133 604 1153 τε
629 1122 687 1153 καὶ
711 1119 887 1166 καθαρῶς
923 1123 982 1153 καὶ
1005 1118 1094 1163 μετὰ
1121 1120 1184 1152 τοῦ

106 1165 321 1212 δραστηρίου
354 1164 647 1212 φιλανθρώπως·
674 1167 744 1218 ’καὶ
779 1160 1017 1211 ἀνδροφονίας
1051 1177 1092 1198 τε
1126 1166 1185 1198 καὶ

1255 1030 1384 1073 (quod)
1409 1030 1514 1064 etiam
1539 1031 1636 1074 prior
1668 1034 1790 1065 nostra
1815 1031 1902 1066 dicit
1927 1032 2014 1074 lex),
2046 1032 2098 1066 sic
2122 1035 2226 1066 utens
2252 1032 2337 1066 sub-

1255 1075 1367 1116 iectis,
1391 1075 1484 1109 sicut
1503 1076 1539 1109 in
1555 1076 1664 1119 priori
1683 1076 1922 1120 disposuimus
1941 1077 2205 1118 constitutione,
2226 1077 2336 1111 iuste-

1256 1129 1324 1163 que
1353 1121 1388 1154 et
1412 1130 1500 1164 pure
1532 1123 1569 1154 et
1592 1131 1671 1154 cum
1693 1121 1870 1156 industria
1896 1122 2098 1164 clementer,
2130 1125 2167 1156 et
2190 1122 2337 1156 homici-

1256 1164 1315 1199 dia
1340 1167 1376 1199 et
1400 1165 1576 1200 adulteria
1607 1166 1785 1209 expellens
1805 1166 1862 1200 de
1893 1167 2078 1211 provincia
2107 1171 2142 1200 et
2165 1167 2338 1211 virginum

105 1216 261 1262 μοιχείας
296 1209 497 1250 ἐξελαύνειν
536 1221 597 1252 της
631 1220 749 1254 χωρας
787 1212 847 1242 καὶ
888 1209 1091 1256 παρθένων
1126 1206 1184 1254 ἀρ·
1199 1213 1240 1244 20
1255 1213 1379 1253 raptus
1413 1214 1448 1244 et
1479 1210 1687 1244 iniustitiam
1719 1221 1876 1254 omnem,
1911 1214 1947 1246 et
1971 1212 2059 1247 haec
2092 1212 2338 1256 delinquentes

106 1268 221 1302 παγας
253 1259 311 1289 καὶ
336 1253 479 1289 ἀδικίαν
504 1252 663 1296 ἅπασαν,
695 1257 753 1287 καὶ
779 1253 860 1288 τοὺς
885 1257 1003 1288 ταῦτα
1026 1253 1184 1298 πλημμε-

107 1301 255 1335 λοῦντας
289 1300 380 1334 κατὰ
416 1299 498 1334 τοὺς
533 1297 719 1344 ἡμετέρους
750 1297 914 1341 κολάζειν
944 1299 1089 1355 νιξμους,
1126 1302 1184 1332 καὶ

107 1346 281 1393 ἐρυθριᾶν
314 1359 355 1392 γε
388 1343 526 1388 μηδένα
560 1345 640 1378 τῶν
676 1342 912 1387 ἀδικούντων,
949 1359 1016 1378 καν
1046 1346 1077 1378 εἰ
1108 1346 1185 1379 τῶν

104 1390 283 1435 μειζόνων
314 1391 376 1443 εἴη,
415 1388 506 1434 μηδὲ
535 1387 896 1424 ὑποκατακλίνεσθαι
927 1393 1001 1424 τοῖς
1034 1388 1185 1436 ὠφελεῖν

1256 1254 1451 1290 secundum
1477 1258 1619 1290 nostras
1644 1256 1771 1299 puniat
1794 1256 1901 1299 leges,
1933 1259 1969 1291 et
1992 1258 2179 1291 erubescat
2202 1257 2338 1292 nullum

1255 1300 1500 1342 violentorum,
1525 1300 1609 1335 licet
1633 1300 1805 1335 maiorum
1832 1301 1888 1344 sit,
1914 1311 2029 1345 neque
2054 1302 2267 1337 subcumbat
2288 1303 2338 1336 eis

1256 1346 1316 1389 qui
1340 1345 1511 1389 prodesse
1536 1345 1676 1390 quidem
1702 1345 1805 1388 nihil,
1837 1346 2046 1381 occasiones
2071 1353 2189 1381 autem
2214 1347 2338 1391 impie-

1255 1391 1339 1424 tatis
1366 1391 1539 1434 praebere
1565 1393 1734 1435 possunt;
1773 1390 1836 1425 sed
1867 1401 1931 1435 per
1961 1392 2080 1426 omnia
2104 1397 2220 1427 servet
2244 1393 2339 1436 quod

49 1465 55 1471 .
104 1438 171 1480 μὲν
200 1433 279 1469 οὐδ’
307 1437 440 1475 οτιοῦν,
474 1434 669 1489 προφάσεις
699 1433 739 1468 δὲ
762 1432 927 1478 ἀσεβείας
959 1435 1184 1481 παρέχεσθαι
1200 1438 1241 1471 25
1254 1435 1389 1470 iustum
1415 1440 1479 1477 est,
1514 1439 1551 1471 et
1574 1436 1745 1480 respiciat
1769 1436 1816 1470 ad
1840 1439 1982 1471 nostras
2013 1437 2107 1481 leges
2139 1441 2174 1471 et
2205 1437 2338 1472 iudicet

106 1480 332 1525 δυναμένοις·
364 1479 453 1514 ἀλλὰ
478 1479 537 1514 διὰ
559 1493 712 1514 παντων
736 1484 858 1527 τηρεῖν
888 1480 929 1514 τὸ
955 1479 1095 1514 δίκαιον
1126 1482 1185 1514 καὶ

105 1525 326 1582 ἀποβλέπειν
358 1526 404 1559 εἰς
437 1525 517 1559 τοὺς
547 1523 734 1570 ἡμετέρους
768 1524 896 1570 νόμους
931 1528 990 1559 καὶ
1028 1524 1186 1567 δικάζειν

105 1585 170 1605 κατ
217 1570 359 1614 αὐτούς,
392 1573 451 1604 καὶ
476 1569 557 1605 τούς
580 1568 757 1613 ’ὑπηκόους
786 1569 867 1604 τούς
891 1569 1078 1616 ἡμετέρους
1101 1566 1182 1604 κατ’

106 1619 256 1650 ἐκείνους
287 1619 404 1650 ποιεῖν
435 1617 499 1659 ζῆν
532 1629 570 1650 τε
601 1618 660 1649 καὶ
690 1614 968 1657 πολιτεύεσθαι,
1006 1620 1065 1650 καὶ
1098 1615 1187 1660 πρὸς

1255 1481 1451 1516 secundum
1489 1491 1549 1515 eas
1587 1485 1623 1515 et
1658 1481 1838 1516 subiectos
1873 1485 2015 1517 nostros
2050 1482 2244 1517 secundum
2278 1493 2337 1517 eas

1256 1526 1366 1561 faciat
1392 1530 1426 1560 et
1450 1527 1565 1561 vivere
1590 1530 1625 1561 et
1650 1527 1861 1569 conversari,
1896 1530 1931 1562 et
1955 1528 1999 1561 ad
2032 1528 2135 1562 deum
2160 1528 2339 1572 respicere

1256 1574 1485 1615 nostramque
1510 1571 1743 1613 formidinem,
1769 1573 1921 1607 alterum
1946 1582 2027 1608 vero
2049 1573 2185 1607 nullum
2211 1573 2340 1607 debeat

1256 1616 1398 1652 omnino
1416 1617 1669 1652 considerare.
1718 1617 1768 1651 Et
1798 1627 1913 1661 neque
1945 1628 1989 1652 ex
2012 1618 2197 1662 provincia
2220 1618 2339 1653 venire

105 1660 198 1695 θεὸν
222 1659 361 1707 ἀφορᾶν
393 1664 451 1694 καὶ
482 1659 523 1695 τὸ
548 1659 719 1714 ἡμέτερον
744 1659 829 1702 δεός,
863 1663 986 1706 ἕτερον
1011 1660 1051 1695 δὲ
1073 1661 1186 1705 μηδὲν
1200 1665 1241 1696 30
1256 1662 1314 1696 hic
1342 1662 1549 1706 frequenter
1580 1666 1616 1697 et
1649 1662 1839 1698 subtilibus
1870 1663 2107 1698 mediocribus
2139 1674 2204 1699 nos
2230 1664 2338 1704 adire,

106 1706 343 1742 παντάπασιν
364 1708 511 1740 ἐννοεῖν.
558 1718 644 1740 ωςτε
665 1704 754 1749 μηδὲ
779 1708 817 1739 ἐκ
837 1708 898 1749 τῆς
918 1709 1089 1753 ἐπαρχίας
1108 1720 1185 1762 φοι-

104 1753 173 1786 τᾶν
197 1752 361 1786 ἐνταῦθα
385 1750 532 1794 συχνοὺς
554 1754 613 1785 καὶ
636 1753 697 1786 ἐπὶ
717 1750 902 1798 πράγμασι
923 1756 1079 1798 μετρίοις
1098 1753 1187 1796 ημᾶς

105 1796 279 1840 ἐνοχλεῖν·
315 1794 395 1830 ἀλλ’
431 1794 544 1831 αὐτὸν
579 1795 756 1843 πρότερον
792 1796 998 1843 ἀκροᾶσθαι
1033 1797 1187 1831 πάντων

105 1845 164 1895 καὶ
190 1840 387 1888 διακρίνειν
412 1839 514 1883 αὐτά,
539 1845 599 1894 καὶ
622 1844 849 1886 μεμνημένον
873 1844 934 1885 τῆς
959 1841 1186 1896 σεμνότητος,

1257 1707 1319 1742 sed
1351 1707 1468 1752 ipsum
1500 1707 1600 1752 prius
1635 1708 1758 1742 audire
1791 1708 1909 1743 omnia
1940 1710 1977 1743 et
2000 1708 2201 1743 discernere
2225 1719 2278 1752 ea,
2305 1713 2341 1743 et

1255 1763 1444 1787 memorem
1474 1753 1619 1788 honoris
1651 1763 1753 1797 quem
1787 1753 1818 1788 ei
1851 1753 2011 1788 dedimus
2044 1754 2096 1788 sic
2127 1755 2180 1788 uti
2209 1755 2339 1795 causis,

1256 1802 1296 1833 ut
1320 1798 1396 1833 sine
1421 1802 1524 1833 reatu
1555 1799 1586 1832 ei
1611 1799 1788 1842 cingulum
1812 1798 1891 1841 fiat,
1923 1799 2049 1834 scienti
2080 1800 2173 1843 quia,
2206 1800 2237 1834 si
2261 1800 2339 1844 quis

1256 1854 1336 1878 eum
1369 1843 1507 1885 adierit,
1540 1843 1669 1878 deinde
1701 1854 1774 1878 non
1805 1844 1974 1879 meruerit·
1999 1845 2092 1888 quod
2117 1845 2249 1879 iustum
2275 1849 2339 1886 est,

104 1885 148 1941 ην
174 1886 272 1931 αὐτῳ
299 1883 517 1940 δεδώκαμεν,
543 1900 638 1941 ουτω
658 1887 819 1942 χρησθαι
845 1901 899 1931 τῳ
922 1901 1106 1943 πραγμΐατι
1140 1885 1187 1922 ὦς
1201 1891 1241 1923 35
1256 1892 1292 1924 et
1324 1891 1470 1923 coactus
1501 1889 1589 1924 haec
1621 1888 1726 1924 nobis
1751 1889 1986 1933 nuntiaverit,
2020 1893 2198 1924 certamen
2233 1890 2266 1925 ei
2297 1891 2340 1926 de

105 1932 359 1967 ανυπεύθυνον
383 1932 499 1976 ἑαυτῳ
523 1945 590 1974 την
616 1946 726 1978 αρχην
748 1933 934 1979 γενέσθαι,
959 1945 1186 1979 γινωσκοντι,

107 1975 153 2012 ώς
177 1978 276 2023 εἴπερ
300 1989 353 2011 τις
377 1974 475 2020 αὐτῷ
499 1976 713 2023 προςελθών
738 1977 815 2011 εἶτα
837 1977 886 2022 μὴ
908 1975 1007 2020 τύχοι
1033 1979 1110 2012 τῶν
1135 1976 1185 2011 δι-

105 2027 221 2057 καίων
244 2025 304 2056 καὶ
328 2020 577 2069 ἀναγκασθείη
602 2024 717 2057 ταῦτα
743 2020 826 2065 ἡμῖν
851 2022 1134 2069 προςαγγέλλειν,
1165 2023 1185 2056 ὁ

105 2066 206 2115 ἀγών
219 2065 318 2122 αὐτῷ
338 2067 380 2102 τὸ
403 2066 529 2121 λοιπὸν
549 2067 638 2115 πρὸς
656 2065 742 2112 ἡμᾶς
759 2070 872 2123 ἔσται.
906 2066 1006 2122 ,ἡμεῖς
1021 2068 1103 2122 γάρ,
1123 2067 1185 2102 ὥς·

1257 1937 1375 1969 cetero
1408 1934 1577 1969 adversus
1610 1944 1675 1969 nos
1699 1934 1775 1968 erit.
1825 1933 1901 1969 Nos
1927 1935 2020 1969 enim
2052 1935 2145 1969 sicut
2170 1945 2250 1970 eum
2275 1936 2339 1970 ho-

1256 1979 1459 2014 noravimus
1485 1979 1801 2014 administrationis
1827 1984 2026 2024 augmento,
2051 1980 2103 2015 ita
2127 1981 2158 2015 si
2182 1991 2261 2015 eum
2285 1981 2339 2014 in-

1255 2024 1455 2060 venerimus
1489 2024 1633 2068 indigne
1659 2026 1708 2069 [et
1730 2024 1833 2066 citra]
1866 2029 1990 2061 nostra
2019 2025 2215 2061 intentione
2239 2028 2339 2060 uten-

105 2126 172 2160 περ
198 2126 310 2147 αυτον
333 2126 574 2157 τετιμηκαμεν
597 2127 642 2160 τῃ
667 2125 727 2156 της
748 2125 853 2158 αρχης
873 2112 1035 2156 αυξήσει,
1060 2113 1185 2155 οὕτως,
1199 2117 1242 2148 40

105 2159 205 2204 εἴπερ
238 2156 351 2192 αὐτὸν
381 2158 544 2203 εὕροιμεν
575 2157 730 2198 ἀναξίως
762 2159 824 2191 τοῦ
857 2157 1026 2204 ἡμετέρου
1051 2161 1185 2193 σκοποῦ

105 2248 183 2272 com
213 2241 382 2278 onantur,
413 2240 522 2281 atque
552 2241 725 2281 sequatur
754 2248 834 2272 eum
863 2240 896 2271 et
921 2248 1049 2271 manus
1073 2237 1239 2271 militaris
1265 2237 1381 2271 omnis
1405 2248 1651 2283 quaecumque
1675 2239 1713 2272 in
1729 2239 1926 2284 provincia
1951 2243 2004 2274 est
2032 2245 2067 2274 et
2090 2242 2238 2287 insuper
2264 2245 2340 2276 tota

107 2283 174 2318 civi
190 2283 221 2317 is
245 2281 386 2322 cohors,
419 2292 462 2315 ac
485 2282 557 2315 iam
581 2281 780 2327 appellatio
806 2282 883 2316 eius
906 2281 1098 2326 splendida
1120 2282 1224 2326 facta
1256 2283 1305 2316 sit
1324 2285 1358 2315 et
1376 2283 1566 2327 praetoris
1590 2283 1803 2328 coqnomine
1827 2283 2027 2319 honorata:
2062 2286 2144 2329 quis
2163 2296 2242 2320 eum
2267 2297 2340 2320 non

102 2328 349 2375 pertimescat,
381 2327 462 2370 quis
492 2337 566 2360 non
595 2332 816 2368 revereatur,
852 2326 913 2360 ubi
942 2326 1050 2361 simul
1080 2326 1176 2372 leqes
1208 2329 1316 2371 atque
1347 2337 1451 2360 arma
1480 2327 1518 2361 in
1549 2338 1659 2361 unum
1692 2328 1790 2363 coire
1826 2328 1956 2370 videat,
1989 2331 2138 2375 optione
2164 2331 2340 2375 protinus

101 2371 315 2419 proposita,
346 2376 467 2405 utrum
492 2371 629 2415 leqibus
651 2370 899 2416 obtemperare
922 2375 958 2405 et
979 2381 1128 2406 securus
1151 2381 1195 2405 ac
1218 2371 1340 2406 salvus
1372 2382 1448 2406 esse
1473 2382 1521 2406 an
1544 2372 1646 2406 vultu
1677 2372 1758 2407 solo
1783 2372 1930 2408 obnisus
1952 2374 2074 2408 statim
2093 2376 2221 2419 perire
2244 2375 2339 2417 velit,

108 2428 187 2453 cum
211 2427 314 2451 arma
338 2416 499 2451 cominus
523 2415 661 2461 leqibus
686 2426 790 2461 opem
811 2416 966 2461 ferant?

243 2461 289 2495 II.
337 2459 469 2506 Itaque
492 2461 555 2506 qui
579 2459 674 2495 hunc
697 2461 950 2506 mayistratum
972 2460 1125 2507 suscipit
1148 2460 1279 2506 (gyratis
1303 2464 1421 2495 autem
1445 2472 1524 2496 eum
1548 2465 1584 2496 et
1606 2461 1684 2497 sine
1707 2461 1782 2497 ullo
1800 2474 1960 2509 prorsus
1977 2463 2101 2515 pretio
2123 2463 2178 2498 illi
2199 2464 2339 2506 damus,

108 2519 181 2554 quo
211 2510 247 2542 et
276 2507 354 2552 ipse
386 2506 531 2540 omnino
563 2507 797 2550 incorruptus
826 2510 971 2540 maneat
999 2510 1035 2540 et
1065 2505 1152 2540 solis
1186 2506 1231 2539 iis
1265 2516 1359 2551 quae
1390 2517 1413 2540 a
1440 2506 1533 2551 fisco
1566 2506 1700 2541 dantur
1732 2512 1920 2542 contentus
1951 2512 2015 2543 sit:
2048 2508 2088 2543 id
2110 2509 2210 2554 quod
2232 2510 2339 2544 etiam

102 2553 213 2600 prior
237 2556 363 2586 nostra
388 2551 450 2586 lex
474 2550 573 2593 dicit)
605 2550 657 2585 ita
681 2551 734 2585 uti
757 2550 909 2585 subditis
934 2550 1051 2592 debet,
1084 2550 1383 2596 quemadmodum
1407 2551 1445 2584 in
1466 2552 1593 2596 priore
1626 2551 1703 2597 leqe
1728 2553 1996 2595 constituimus,
2029 2554 2122 2588 iuste
2145 2554 2281 2589 scilicet
2305 2558 2340 2589 et

108 2599 248 2644 inteqre
272 2601 308 2632 et
330 2596 368 2630 in
391 2596 473 2641 ipsa
497 2596 685 2631 severitate
710 2594 913 2630 humaniter
919 2608 934 2637 ,·
958 2600 993 2630 et
1011 2595 1205 2630 homicidia
1229 2599 1265 2630 et
1284 2595 1466 2630 adulteria
1490 2601 1522 2631 ct
1540 2597 1719 2642 virqt‘num
1743 2601 1873 2643 raptus
1894 2609 2103 2644 omnemque
2127 2599 2338 2633 iniustitiam

108 2656 127 2679 e
145 2641 339 2689 provincia
369 2640 553 2686 expellere
585 2651 718 2686 eosque
750 2641 815 2686 qui
837 2640 925 2676 llaec
950 2641 1174 2675 committant
1196 2640 1391 2675 secundum
1416 2641 1513 2686 leqes
1538 2645 1684 2676 nostras
1708 2644 1889 2688 castiqare
1912 2654 2028 2688 neque
2052 2654 2267 2689 quemquam
2291 2656 2340 2679 ea:

109 2686 414 2733 delinquentibus,
447 2686 529 2721 licet
562 2697 611 2721 ex
643 2686 880 2731 amplioribus
911 2686 969 2727 sit,
1008 2686 1142 2727 vereri,
1178 2696 1292 2730 neque
1323 2685 1369 2719 tis
1398 2697 1437 2720 se
1467 2686 1675 2721 submittere
1707 2687 1770 2732 qui
1801 2688 1990 2723 utilitatem
2017 2689 2161 2723 omnino
2187 2688 2335 2730 nullam,

110 2738 238 2768 contra
261 2731 457 2778 impietatis
481 2731 689 2766 occasiones
715 2735 910 2776 praestare
937 2731 1102 2777 possint:
1140 2730 1203 2765 sed
1258 2741 1297 2764 er
1330 2731 1451 2765 omnia
1482 2731 1654 2765 iustitiam
1679 2742 1824 2767 servare
1849 2737 1958 2778 atque
1990 2733 2107 2778 lequm
2132 2738 2339 2768 nostrarum

109 2779 288 2813 rationem
313 2776 444 2811 habere
468 2780 503 2811 et
522 2776 717 2811 secundum
742 2787 804 2810 eas
826 2776 990 2811 iudicare
1014 2780 1124 2821 utque
1147 2775 1210 2810 sub
1239 2775 1279 2808 iti
1304 2775 1419 2809 nostri
1442 2775 1636 2810 secundum
1662 2776 1804 2811 easdem
1829 2778 1950 2813 vivant
1973 2783 2081 2824 atque
2100 2778 2234 2824 deqant
2258 2779 2339 2824 effi-

110 2834 200 2864 cere,
222 2833 265 2857 ac
286 2822 389 2857 deum
411 2826 495 2856 ante
515 2821 640 2856 oculos
660 2820 790 2855 babere
809 2826 843 2855 et
859 2822 1096 2856 reverentiam
1117 2826 1288 2861 nostram,
1311 2831 1425 2865 neque
1446 2831 1529 2855 vero
1545 2825 1736 2866 praeterea
1758 2822 1860 2856 aliud
1903 2824 2071 2876 uicquam
2091 2824 2235 2858 omnino
2256 2835 2340 2858 con—

109 2868 295 2909 siderare;
318 2878 363 2902 ne
382 2878 431 2901 ex
445 2866 640 2912 provincia
664 2866 730 2900 illa
751 2866 853 2900 multi
878 2865 948 2900 ltuc
967 2867 1112 2900 veniant
1136 2870 1171 2901 et
1188 2870 1344 2911 propter
1365 2875 1423 2899 res
1440 2866 1585 2900 viliores
1609 2866 1808 2901 molestiam
1834 2878 1881 2902 no
1907 2868 1938 2901 is
1952 2871 2161 2913 facessant:
2183 2868 2248 2903 sed
2262 2869 2340 2915 ipse

107 2915 213 2960 prius
236 2913 355 2947 omnia
379 2915 578 2956 cognoscat
601 2915 635 2945 et
659 2910 841 2952 diiudicet,
875 2915 983 2956 atque
1007 2911 1236 2946 auctoritatis
1262 2921 1368 2955 quam
1393 2910 1426 2944 ei
1450 2910 1613 2945 dedimus
1636 2921 1772 2945 memor
1794 2911 1847 2946 ita
1871 2911 1940 2947 Itac
1970 2913 2008 2947 in
2031 2924 2072 2948 re
2096 2917 2268 2956 versetur,
2301 2919 2342 2948 ut

109 2959 181 3004 ipsi
204 2969 227 2992 a
249 2956 529 3003 reprehensione
562 2956 728 2990 immunis
759 2956 807 2990 sit
834 2957 1090 3001 mayistratus,
1124 2956 1296 3006 sciatque,
1328 2955 1362 2989 si
1383 2955 1465 2999 quis
1489 2956 1606 3000 ipsum
1631 2955 1763 2990 adierit
1786 2967 1852 2991 nec
1882 2957 1937 2992 ius
1968 2969 2071 2993 suum
2095 2958 2342 3004 impetraverit

110 3003 306 3047 eademque
330 3001 379 3036 ad
401 3012 468 3036 nos
491 3001 633 3045 referre
658 3004 823 3046 coeatur,
855 3000 1024 3046 deinceps
1054 3011 1129 3035 rem
1155 3001 1225 3046 zpsi
1249 3000 1431 3034 nobiscum
1460 3000 1628 3044 futuram
1653 3011 1738 3035 esse.

111 3049 331 3083 incremento
357 3057 435 3081 eum
461 3045 728 3086 honoravimus,
753 3045 805 3079 ita
824 3045 856 3079 si
876 3056 955 3080 eum
973 3057 1105 3091 parum
1127 3045 1234 3090 diqne
1254 3049 1379 3079 nostro
1398 3044 1550 3079 consilio
1574 3044 1680 3079 rebus
1703 3046 1778 3091 ipsi
1799 3047 1996 3082 commissis
2016 3048 2069 3082 uti
2089 3049 2339 3089 invenerimus,

165 3143 170 3170 1
202 3138 280 3170 τῶν
305 3150 362 3169 om.
383 3138 413 3168 L
431 3136 443 3179 ΙΙ
469 3139 488 3169 2
515 3132 633 3169 αὐτοῖς
658 3138 686 3168 L
706 3136 717 3179 ΙΙ
743 3139 763 3170 6
786 3138 839 3169 τίς
863 3133 939 3175 οὐκ]
962 3138 1014 3168 τίς
1039 3150 1096 3169 om.
1112 3137 1158 3168 L¹
1183 3135 1194 3180 Η

115 3181 304 3223 αἰδεσθοίη
331 3182 377 3214 Μ
404 3181 415 3223 11
446 3183 465 3212 9
496 3179 561 3213 τὸν
591 3179 703 3223 νόμον
735 3182 766 3213 L
798 3181 808 3221 ΙΙ
841 3183 879 3214 10
912 3177 1051 3220 ὅπλων]
1083 3191 1194 3212 omnes

114 3231 148 3269 (ι’.
164 3242 188 3261 e.
211 3223 320 3268 ὅλων)
350 3238 368 3262 ς
394 3225 406 3268 ΙΙ
442 3227 476 3258 11
505 3224 774 3270 ἑπικυρούντων
799 3226 830 3258 L
849 3226 860 3266 ΙΙ
889 3228 926 3259 15
953 3225 1095 3267 *μείνοι
1122 3226 1193 3258 ML

113 3276 214 3317 μένοι
248 3273 283 3305 Β
312 3272 323 3315 ΙΙ
353 3269 434 3303 τούς
470 3270 517 3302 L¹
548 3271 558 3311 ΙΙ
593 3273 631 3303 16
669 3269 786 3313 νόμος]
823 3271 907 3303 Νου.
938 3271 1031 3303 VIII
1062 3283 1086 3303 c.
1117 3274 1134 3304 7
1182 3270 1193 3315 ΙΙ

118 3321 156 3353 18
181 3316 295 3361 νόμῳ]
323 3319 363 3350 ib.
387 3329 412 3348 c.
428 3317 446 3349 8
465 3315 477 3358 ΙΙ
496 3312 644 3347 δικαίοις
668 3316 743 3358 L¹11
775 3317 818 3348 24
842 3312 974 3358 ὀφελὴν
998 3315 1045 3347 L¹
1070 3313 1194 3360 ὄφελος

115 3364 162 3396 L²
178 3362 190 3407 ΙΙ
217 3366 259 3396 29
286 3361 361 3403 ζῆν]
389 3362 507 3401 ζητεῖν
533 3361 576 3392 M
603 3361 614 3402 ΙΙ
644 3362 684 3392 30
711 3358 749 3392 δὲ
774 3373 831 3393 om.
853 3361 884 3392 L
912 3359 923 3403 ΙΙ
953 3362 994 3392 32
1020 3360 1194 3393 ἐντεῦθεν

116 3410 146 3441 L
162 3408 174 3452 ΙΙ
201 3404 348 3449 συχνοὺς
372 3407 493 3445 ΜΕΙΒ]
521 3406 710 3445 frequenter
730 3407 764 3446 (ί.
780 3418 805 3437 e.
828 3405 998 3444 συχνῶςῖ)
1023 3416 1042 3440 ς
1065 3404 1193 3446 συχνὸν

117 3454 312 3486 Haloander
330 3453 341 3493 Η
356 3449 538 3497 γράμμασι
561 3450 634 3493 LR
650 3449 660 3491 ΙΙ
679 3452 720 3483 34
743 3450 815 3491 τῆς]
837 3447 879 3482 τὸ
894 3451 954 3490 τῆς
978 3451 1027 3482 B⁶
1046 3449 1057 3493 ΙΙ
1075 3453 1115 3484 35
1140 3451 1193 3492 τῷ

116 3494 311 3543 πράγματι]
333 3496 439 3528 causis
457 3508 475 3531 ς
491 3495 502 3539 ΙΙ
523 3491 569 3527 ώς
585 3492 630 3526 ἂν
643 3492 851 3527 ὑπεύθυνον
874 3494 966 3526 MB⁰
981 3493 993 3538 u
1014 3496 1054 3528 36
1077 3494 1192 3537 ἑαυτῷ

118 3544 176 3582 Μ]
203 3541 301 3584 αὐτῷ
329 3542 396 3574 LB
428 3542 458 3573 ei
483 3552 501 3576 ς
531 3541 542 3583 Η
570 3537 649 3580 viv]
683 3542 742 3571 καὶ
767 3538 832 3580 τὴν
858 3539 907 3571 ΒΟ
940 3539 951 3582 ΙΙ
978 3536 1194 3584 γινώσκοντι

118 3588 218 3628 ΕΒς]
242 3584 469 3633 γινώσκοντα
496 3586 539 3618 bs
550 3584 561 3628 ss
590 3586 631 3617 39
659 3581 766 3617 αὐτοῦ
792 3585 862 3617 LB

163 3678 182 3709 2
208 3678 343 3716 quanta]
369 3686 451 3716 quae
473 3674 527 3718 ΤΙΙ
547 3674 638 3706 civili
660 3674 769 3706 officio
792 3675 861 3706 toto
884 3674 968 3717 vulg).
987 3672 998 3717 ΙΙ
1018 3676 1038 3707 4
1063 3674 1194 3706 *hono-

119 3726 194 3754 ratu
217 3721 277 3753 VT
298 3721 495 3753 honoratum
518 3720 684 3763 Neobmy.
717 3720 878 3751 honorato
903 3720 991 3762 vulq.
1011 3718 1058 3762 115
1084 3730 1193 3751 reuer-

1797 3000 1875 3036 Nos
1898 3003 1991 3037 enim
2022 3003 2129 3038 sicuti
2149 3004 2342 3049 potestatis

1263 3139 1353 3167 tatur
1376 3136 1436 3168 VT
1449 3134 1459 3178 ΙΙ
1479 3135 1577 3166 simul
1603 3138 1634 3167 et
1658 3135 1746 3176 leges
1768 3138 1799 3168 et
1823 3147 1914 3168 urina
1943 3139 1973 3169 T
1984 3137 1997 3180 ΙΙ
2026 3139 2046 3170 6
2080 3139 2114 3169 in
2143 3151 2200 3170 om.
2225 3138 2305 3171 Vol.
2330 3137 2342 3182 u

1267 3183 1306 3214 16
1332 3181 1421 3221 quod
1442 3181 1559 3212 addidi
1575 3179 1586 3223 ss
1605 3180 1691 3212 dicet
1714 3181 1743 3213 V
1757 3180 1768 3224 ΙΙ
1789 3182 1830 3214 20
1854 3184 1983 3223 raptum
2007 3181 2063 3226 VH
2082 3184 2119 3216 21
2149 3182 2294 3225 *punias
2315 3183 2348 3215 V

1261 3226 1382 3268 punire
1398 3225 1429 3257 T
1449 3225 1590 3267 puniens
1611 3226 1788 3268 Neoburq„
1803 3227 1887 3269 vuly.
1906 3226 1918 3269 ΙΙ
1936 3227 2106 3259 erubescas
2129 3229 2156 3258 ἶν’
2171 3227 2182 3270 ΙΙ
2201 3228 2243 3260 22
2265 3227 2340 3259 sub-

1262 3271 1405 3310 cunibat]
1427 3269 1487 3301 sub
1509 3280 1581 3301 cum
1605 3270 1659 3311 Vll
1679 3270 1708 3302 ei
1730 3271 1807 3305 libri
1821 3271 1833 3314 ΙΙ
1852 3272 1894 3304 23
1917 3272 2085 3304 occasione
2104 3271 2158 3315 Vll
2179 3274 2219 3306 25
2242 3275 2274 3304 et
2292 3284 2341 3304 re-

1262 3316 1392 3357 spiciat]
1413 3317 1445 3346 et
1466 3327 1522 3347 om.
1543 3315 1574 3346 V
1587 3313 1599 3357 ΙΙ
1617 3316 1658 3347 26
1680 3325 1733 3346 eas
1746 3317 1778 3347 et
1792 3334 1830 3339 ——
1846 3317 2025 3348 secundum
2045 3330 2103 3350 om.
2122 3317 2184 3349 VT
2197 3316 2208 3360 ΙΙ
2226 3327 2341 3349 seeun-

1263 3361 1352 3400 dum]
1375 3362 1406 3391 et
1426 3359 1607 3391 secundum
1625 3360 1789 3401 Neoburq.
1810 3359 1821 3404 ΙΙ
1840 3362 1879 3394 27
1907 3362 2038 3393 uiueret
2057 3362 2111 3404 Vss
2131 3361 2240 3402 deum]
2267 3373 2342 3394 eum

1265 3407 1341 3438 libri
1358 3405 1369 3447 ΙΙ
1387 3406 1428 3438 30
1452 3405 1642 3445 frequenter
1659 3405 1790 3448 Vvulffi]
1809 3406 2034 3447 infrequentes
2052 3407 2092 3444 T;
2115 3408 2173 3449 leq.
2188 3407 2342 3448 frequen-

1262 3450 1332 3482 tes?
1353 3449 1363 3493 ΙΙ
1380 3449 1570 3488 subtilibus]
1588 3450 1646 3492 leq.
1662 3461 1760 3491 super
1774 3450 1913 3484 litibus?
1933 3451 1944 3494 ΙΙ
1961 3452 2076 3483 audire
2095 3452 2125 3484 V
2137 3451 2149 3494 ΙΙ
2168 3452 2205 3485 31
2231 3455 2264 3484 et
2277 3453 2341 3484 dis-

1264 3496 1407 3534 cernere]
1425 3497 1457 3526 et
1476 3507 1531 3527 om.
1546 3494 1578 3526 V
1588 3493 1599 3537 ΙΙ
1620 3496 1661 3527 32
1677 3505 1852 3527 memorem
1867 3497 1972 3536 Beck]
1987 3497 2161 3529 memorari
2175 3498 2252 3530 libri
2268 3496 2280 3540 ΙΙ
2296 3498 2343 3530 sic

1264 3541 1315 3571 uti
1330 3540 1434 3579 Beck]
1460 3539 1545 3570 sicut
1568 3539 1629 3571 VT
1641 3538 1652 3583 ΙΙ
1672 3542 1713 3573 35
1739 3543 1870 3572 coactus
1892 3543 1940 3574 est
1959 3542 2017 3573 hec
2039 3541 2072 3573 V
2078 3542 2085 3560 ¹
2106 3540 2118 3584 ΙΙ
2134 3543 2344 3574 nuntiauerit

1268 3586 1313 3624 T]
1336 3584 1562 3616 enuntiauerit
1586 3584 1619 3616 V
1633 3584 1883 3617 denuntiauerit
1896 3586 1990 3618 Beck
2005 3585 2017 3629 ΙΙ
2037 3587 2079 3619 36
2097 3597 2156 3618 nos
2170 3597 2245 3620 eum
2256 3588 2343 3619 sieut

1266 3630 1352 3661 enim
1379 3629 1412 3662 V
1430 3628 1441 3673 ΙΙ
1473 3631 1512 3662 37
1538 3632 1752 3670 augmentum
1774 3630 1851 3663 libri
1874 3630 1886 3673 ΙΙ
1911 3631 2138 3664 inueniremus
2155 3632 2214 3674 Vn
2245 3634 2285 3666 38
2311 3636 2345 3664 et

1266 3676 1349 3706 eitra
1374 3675 1490 3706 seclusi
1511 3673 1523 3717 ΙΙ
1548 3676 1660 3706 nostra
1685 3674 1870 3707 intentione
1893 3676 1937 3717 V]
1966 3679 2079 3708 nostra
2109 3676 2344 3718 indignatione

1266 3720 1442 3763 Neobur9.‚
1469 3722 1611 3751 nostram
1633 3719 1897 3761 indignationem
1924 3721 1982 3767 Tu
2006 3724 2120 3754 utente
2146 3722 2224 3757 libri
