2618 4010
182 148 241 180 DE
269 146 446 180 NUPTIIS

182 260 237 284 τες
260 250 300 282 ἔκ
324 261 363 282 τε
385 249 463 282 τῶν
488 249 678 295 προτέρων
700 248 739 280 ἔκ
760 259 799 280 τε
820 247 898 280 τῶν
921 244 1101 294 δευτέρων
1126 243 1265 294 γάμων,

181 291 239 328 οὓς
269 292 360 338 μετὰ
388 290 496 327 τόνδε
527 289 632 336 ἡμῶν
664 290 924 332 συναλλάξαιεν
954 291 1020 326 τὸν
1051 292 1167 336 νόμον
1192 294 1266 334 (ἐπὶ

179 338 249 386 γὰρ
281 337 326 381 δὴ
354 335 496 372 τούτων
525 337 570 371 τὰ
606 336 774 383 παρόντα
811 335 1082 382 διατάττομεν),
1119 336 1164 371 τὰ
1199 339 1266 382 μὲν

181 382 251 418 ὅσα
276 386 335 419 ἐπὶ
359 386 432 418 τοῖς
455 381 596 427 κέρδεσι
619 385 693 416 τοῖς
717 384 755 415 ἐκ
782 384 859 416 τῶν
883 383 1012 429 γάμων
1032 381 1265 430 παραφυλάτ-

180 430 316 464 τεσθαι
335 427 420 475 χρή,
453 429 570 462 ταῦτα
594 428 913 472 ἐνομοθετήσαμεν
936 431 996 462 καὶ
1020 428 1108 476 πρός
1132 441 1172 475 γε
1198 426 1265 461 διε-

181 478 355 520 κρίναμεν
378 472 441 507 τὰς
462 476 589 519 μοίρας
611 469 652 506 ἃς
675 469 809 518 ἀνάγκη
833 472 914 507 τούς
937 477 1062 520 γονέας
1084 477 1159 508 τοῖς
1182 487 1265 520 γνη-

182 522 272 553 σίοις
289 521 349 552 καὶ
366 517 416 563 μὴ
431 516 636 565 ἀχαρίστοις
655 517 944 562 καταλιμπάνειν
965 523 1112 553 παισίν*
1140 516 1267 553 αὐτοὺς

182 562 222 598 δὲ
254 561 297 607 δὴ
330 562 412 598 τοὺς
443 562 630 609 φύσαντας
665 561 705 597 οὐ
740 562 880 598 δίκαιον
912 561 959 598 ἂν
994 564 1046 607 εἴη
1079 564 1168 611 πρὸς
1200 565 1268 607 τὴν

182 607 353 664 δευτέραν
387 604 479 643 ὅλως
509 605 703 642 ἀποκλῖναι
733 608 845 655 γονὴν
879 612 939 642 καὶ
971 608 1013 643 τὸ
1045 610 1084 643 ἐκ
1114 610 1178 643 τοῦ
1210 608 1266 643 νό-

1250 131 1327 179 185

2072 134 2179 195 Nov.
2212 135 2337 177 XXII
2369 138 2421 178 48

1337 245 1509 280 habentes
1535 247 1570 281 et
1593 255 1638 280 ex
1656 244 1836 290 prioribus
1862 246 1898 280 et
1915 255 1957 280 ex
1977 246 2143 281 secundis
2161 247 2306 291 nuptiis,
2332 257 2421 292 quas

1336 294 1419 335 post
1451 291 1546 326 hanc
1577 294 1738 326 nostram
1763 291 2008 325 contraxerint
2033 291 2143 335 legem
2177 292 2226 333 (in
2249 292 2304 328 his
2330 293 2421 327 enim

1336 336 1541 380 praesentia
1559 335 1805 381 disponimus),
1832 346 1923 380 quae
1948 336 2088 381 quidem
2113 346 2222 381 super
2244 337 2354 372 lucris
2378 348 2422 372 ex

1337 382 1471 426 nuptiis
1506 382 1641 417 servari
1673 384 1832 425 oportet,
1867 381 1957 416 haec
1978 382 2179 426 sanximus,
2211 382 2362 427 insuper
2387 387 2423 418 et

1304 431 1322 462 5
1338 426 1557 462 decrevimus
1581 425 1766 472 portiones
1799 436 1888 469 quas
1921 436 2067 461 necesse
2099 431 2155 461 est
2178 432 2345 472 parentes
2370 429 2420 463 le-

1336 472 1466 516 gitimis
1489 476 1524 507 et
1543 483 1615 508 non
1636 471 1785 515 ingratis
1806 471 2005 515 relinquere
2025 472 2122 506 filiis:
2150 473 2248 517 ipsos
2270 473 2422 526 <tamen>

1335 517 1514 562 genitores
1545 527 1616 552 non
1641 517 1708 552 erit
1738 516 1873 551 iustum
1897 516 1943 550 ad.
1972 517 2165 552 secundam
2191 529 2334 553 ommno
2359 518 2420 553 de-

1338 563 1472 598 clinare
1495 563 1632 607 prolem
1661 566 1697 597 et
1721 561 1816 607 quod
1841 571 1885 596 ex
1909 562 1985 605 lege
2011 565 2066 596 est
2093 563 2338 599 tantummodo
2363 574 2419 599 re—

1336 608 1538 652 linquentes
1562 607 1740 653 prioribus
1773 606 1845 642 alia
1878 607 1996 642 omnia
2028 607 2074 641 ad
2107 609 2283 643 secundos
2309 608 2419 644 dedu-

182 667 250 699 μου
279 666 393 699 μονον
415 651 684 688 καταλιπόντας
707 658 780 688 τοῖς
804 658 989 709 προτέροις
1020 657 1123 701 μέρος
1154 647 1267 688 τᾶλλα
1284 657 1323 688 10
1338 663 1435 696 cere,
1472 654 1535 689 sed
1568 653 1702 697 aliquid
1725 652 1905 697 prioribus
1930 652 2082 687 adicere.
2132 653 2168 687 Si
2191 654 2331 697 quidem
2356 654 2420 688 ali-

182 698 305 734 πάντα
334 700 394 734 ἐπὶ
425 697 506 733 τοὺς
533 697 715 746 δευτέρους
747 697 904 746 ἀγαγειν,
937 697 1026 732 ἀλλὰ
1057 703 1121 733 καί
1147 713 1183 733 τι
1207 703 1267 733 καὶ

181 747 254 778 τοῖς
278 747 464 791 προτέροις
489 745 711 790 προςθεῖναι,
759 745 792 778 εἰ
822 746 889 788 μὲν
920 743 988 790 γάρ
1020 757 1104 778 τινα
1128 746 1166 777 ἐκ
1189 746 1267 778 τῶν

182 787 362 836 δευτέρων
389 792 504 832 ἔχοιεν
533 787 677 836 γάμων,
711 786 732 832 ἢ
764 792 824 823 καὶ
847 788 1117 835 τῶν’πρώτων
1146 784 1266 831 τυχόν,

182 832 278 868 οὕτω
304 832 630 881 περισπούδαστον,
654 831 768 869 οὕτως
783 833 1044 888 χᾶγαπώμενον,
1071 830 1158 868 ὥςτε
1183 833 1264 878 βού-

1337 709 1441 743 quem
1467 708 1511 733 ex
1536 698 1702 734 secundis
1726 698 1860 732 habeat
1891 697 2043 741 nuptiis,
2075 700 2140 732 aut
2164 699 2270 733 etiam
2295 699 2419 743 primis

1336 745 1470 787 forsan,
1489 744 1540 778 ita
1560 743 1737 786 festivum,
1763 743 1814 777 ita
1832 742 2013 784 dilectum,
2038 746 2078 776 ut
2098 743 2182 777 velit
2199 754 2422 787 praeponere

1336 799 1417 823 eum
1438 789 1519 824 aliis
1541 789 1577 823 in
1597 789 1835 833 possessione,
1858 787 1983 823 damus
2002 788 2182 822 licentiam
2196 789 2265 823 hoc
2279 790 2420 832 agendi,

1335 845 1408 868 non
1428 838 1547 869 tamen
1568 834 1710 869 omnino
1732 833 1869 878 priores
1889 833 2029 878 quidem
2054 833 2147 868 filios
2167 833 2338 876 minuere,
2364 845 2420 869 se-

183 878 316 914 λεσθαι
339 879 556 926 ὑπερφέρειν
570 878 702 932 ηαύτὸν
733 891 813 913 τους
844 877 967 914 ἄλλους
999 882 1039 913 ἐν
1062 881 1107 926 τῇ
1132 878 1264 921 κτήσει,
1283 880 1320 912 15
1337 879 1472 914 cundos
1496 883 1615 914 autem
1640 889 1787 923 augere,
1813 879 1875 914 sed
1900 888 2015 922 neque
2035 878 2261 913 vehementer
2284 879 2420 923 magni-

182 923 330 969 δίδομεν
363 924 488 959 ἄδειαν
523 938 631 959 τουτο
668 923 861 970 πράττειν,
896 924 944 968 μὴ
982 924 1054 969 μὴν
1089 922 1267 963 καθάπαξ

181 970 263 1004 τοὺς
290 973 357 1015 μὲν
390 973 581 1016 προτέρους
604 968 736 1004 παῖδας
763 968 947 1010 ἐλαττοῦν,
980 969 1061 1003 τοὺς
1085 967 1126 1003 δὲ
1150 967 1265 1002 δευτέ-

182 1027 262 1062 ρους
283 1016 421 1057 αὗξειν,
449 1014 538 1049 ἀλλὰ
561 1013 651 1059 μηδὲ
675 1017 715 1048 ἐν
739 1013 880 1059 σφόδρα
903 1013 1047 1059 μεγάλῳ
1073 1015 1264 1049 ποιεῖσθαι

181 1059 250 1104 τὴν
274 1058 502 1115 παραύξῃσιν
525 1059 615 1104 μηδὲ
639 1057 816 1099 καθάπαξ
841 1058 1080 1102 ἐπιλελῆσθαι
1106 1060 1184 1093 τῶν
1205 1062 1263 1103 ἑμ-

1334 924 1444 958 ficare
1469 927 1698 968 augmentum
1721 934 1788 958 nec
1813 924 1954 958 omnino
1980 923 2140 958 oblivisci
2164 924 2323 968 priorum
2345 934 2418 958 ma-

1336 969 1585 1004 trimoniorum
1611 979 1724 1013 neque
1749 969 1891 1004 firmare
1924 979 2015 1013 quae
2035 969 2334 1013 praecedentibus
2355 981 2420 1005 nos

1336 1015 1380 1049 de
1404 1015 1536 1049 talibus
1572 1015 1667 1049 dicta
1700 1017 1800 1050 sunt:
1835 1014 1898 1050 sed
1922 1014 2109 1059 providere
2140 1014 2282 1058 quidem
2306 1017 2341 1050 et
2366 1025 2420 1050 se-

1337 1059 1474 1100 cundis,
1507 1060 1693 1103 providere
1725 1063 1845 1094 autem
1880 1062 1916 1094 et
1939 1060 2074 1103 primis,
2108 1060 2307 1104 cogitantes
2333 1071 2420 1105 quo-

182 1106 349 1159 προσθεν
382 1119 510 1160 γαμιον
540 1104 631 1161 und}
665 1107 840 1149 βεβαιοῦν
870 1104 917 1138 τὰ
948 1108 1021 1139 τοῖς
1057 1104 1128 1152 πρὸ
1161 1101 1265 1148 ἡμῶν
1279 1106 1320 1137 20
1335 1105 1431 1139 niam
1463 1104 1527 1138 filii
1552 1106 1655 1139 ambo
1682 1109 1784 1146 sunt,
1816 1109 1851 1139 et
1876 1105 1927 1139 ita
1951 1105 2125 1140 facientes
2151 1105 2420 1141 successionum

184 1154 266 1197 περὶ
286 1165 364 1185 των
387 1163 566 1185 τοιουτων
590 1152 774 1194 ειρημένα·
809 1147 898 1182 ἀλλὰ
923 1153 1093 1195 προνοεῖν
1116 1152 1182 1194 μὲν
1206 1153 1265 1183 καὶ

183 1198 262 1230 τῶν
286 1194 475 1242 δευτέρων,
507 1198 677 1240 προνοεῖν
701 1192 742 1228 δὲ
764 1198 824 1228 καὶ
851 1196 928 1228 τῶν
954 1194 1125 1240 πρώτων,
1157 1195 1264 1228 ἐνθυ-

182 1244 376 1286 μουμένους
415 1238 472 1275 ὅτι
507 1238 629 1274 παῖδες
665 1238 774 1285 ἄμφω
814 1240 1036 1282 καθεστᾶσι,
1073 1243 1132 1274 καὶ
1168 1237 1264 1274 οὕτω

183 1289 412 1331 ποιουμένους
449 1284 518 1329 τὴν
551 1287 630 1319 τῶν
665 1283 849 1327 διαδοχῶν
885 1287 925 1319 ἐν
960 1288 1037 1319 ταῖς
1072 1283 1266 1329 διαθήκαις

1334 1150 1372 1184 in
1408 1151 1630 1184 testamentis
1669 1150 1888 1185 divisionem.
1950 1150 1987 1185 Si
2025 1150 2118 1185 enim
2152 1150 2334 1186 intestatis
2370 1151 2421 1185 eis

1334 1194 1484 1229 mortuis
1518 1195 1576 1228 lex
1608 1205 1730 1229 omnes
1763 1205 1808 1229 ex
1840 1205 1954 1238 aequo
1979 1199 2101 1237 vocat,
2135 1200 2341 1240 competens
2367 1200 2422 1230 est

1336 1250 1396 1275 eos
1421 1240 1600 1274 imitantes
1624 1240 1738 1283 legem
1762 1250 1835 1274 non
1860 1241 2084 1275 vehementer
2108 1242 2245 1284 magnis
2271 1251 2331 1276 eos
2357 1241 2420 1276 ad-

1335 1285 1496 1320 breviare
1520 1285 1791 1326 minationibus,
1817 1286 2068 1320 erubescentes
2088 1285 2209 1329 legem.
2252 1286 2311 1321 Sic
2329 1286 2421 1321 enim

182 1330 369 1386 διαίρεσιν.
416 1332 448 1365 εἰ
470 1332 538 1378 γὰρ
568 1328 782 1364 ἀδιαθέτων
811 1328 936 1365 αὐτῶν
967 1328 1225 1365 τελευτώντων
1247 1327 1320 1363 1325
1335 1334 1440 1365 erunt
1476 1334 1598 1374 patres
1635 1330 1719 1364 boni
1756 1332 1793 1364 et
1824 1334 1949 1365 nostra
1983 1330 2078 1374 digni
2109 1331 2347 1374 legislatione3
2386 1334 2422 1366 et

181 1388 289 1421 νομος
313 1388 478 1411 απαντας
503 1377 541 1417 ἐξ
564 1376 642 1409 ἴσου
666 1375 779 1417 καλεῖ,
812 1376 988 1419 ποοςῆκόν
1014 1378 1114 1410 ἐστιν
1139 1373 1266 1410 αὐτοὺς

180 1425 417 1467 μιμουμένους
446 1421 512 1456 τὸν
544 1419 657 1466 νόμον
687 1420 736 1465 μὴ
768 1408 910 1468 σφόδρα
941 1419 1110 1468 μεγάλαις
1140 1419 1266 1455 αὐτοὺς

182 1466 389 1501 συστέλλειν
411 1470 490 1501 ταῖς
513 1464 780 1521 §karulo-emm)
798 1465 1028 1511 αἰδουμένους
1051 1465 1117 1501 τὸν
1141 1465 1265 1510 νόμον.

182 1508 278 1546 οὕτω
304 1511 372 1558 γὰρ
402 1514 550 1546 ἔσονται
580 1515 730 1558 πατέρες
762 1513 899 1559 αγαθοὶ
931 1513 1072 1554 καὶτῆς
1096 1509 1266 1567 ἡμετέρας

1334 1375 1420 1411 iusti
1445 1376 1585 1420 quidem
1606 1379 1709 1410 erunt
1735 1375 1846 1410 solam
1866 1375 1977 1418 legem
2001 1376 2254 1418 custodientes,
2281 1376 2311 1411 si
2335 1377 2421 1420 quid

1335 1425 1454 1456 autem
1490 1421 1597 1456 etiam
1634 1430 1744 1464 supra
1780 1420 1891 1463 legem
1928 1420 2156 1464 reliquerint,
2196 1426 2301 1455 erunt
2336 1422 2421 1456 iusti

1335 1467 1440 1502 simul
1466 1471 1502 1500 et
1525 1466 1671 1500 humani
1696 1469 1828 1510 patres.
1877 1465 1927 1499 Et
1951 1476 2023 1500 non
2046 1466 2136 1500 haec
2157 1466 2306 1501 dicimus
2327 1466 2422 1501 inter

1334 1513 1494 1556 ingratos
1517 1514 1552 1546 et
1569 1515 1692 1555 gratos
1712 1511 1803 1545 filios
1826 1511 1882 1553 (de
1902 1511 2051 1554 ingratis
2074 1511 2166 1545 enim
2188 1512 2258 1545 iam
2277 1513 2421 1556 saepius

181 1557 274 1598 ἄξιοι
294 1558 531 1601 νομοθεσίας,
563 1561 623 1590 καὶ
648 1555 779 1591 δίκαιοι
803 1559 1042 1611 μὲν(ὲ’σονται
1066 1570 1180 1611 μρνον
1200 1570 1266 1590 τον
1281 1558 1322 1589 30
1336 1557 1470 1594 dictum
1503 1561 1586 1598 est),
1625 1556 1687 1591 sed
1720 1556 1763 1591 de
1788 1555 1843 1590 his
1877 1556 1938 1600 qui
1963 1556 2074 1599 magis
2107 1559 2171 1590 aut
2199 1557 2316 1592 minus
2341 1557 2420 1591 dili-

181 1601 295 1647 νόμον
318 1600 576 1648 φυλάττοντες,
609 1603 640 1636 εἰ
664 1601 707 1636 δέ
722 1616 758 1636 τι
783 1606 843 1636 καὶ
866 1605 956 1650 υπέρ
979 1615 1044 1636 τον
1068 1615 1181 1646 νομον
1205 1615 1265 1635 κα-

181 1647 381 1690 ταλίποιεν,
413 1649 562 1682 ἔσονται
594 1645 729 1681 δίκαιοί
757 1661 797 1682 τε
822 1644 896 1692 ἅμα
920 1651 979 1682 καὶ
1004 1646 1264 1704 φιλάνθρωποι

181 1696 341 1740 πατέρες.
388 1697 447 1727 καὶ
472 1690 512 1726 οὐ
539 1694 655 1727 ταῦτα
683 1695 802 1738 φαμὲν
860 1692 966 1734 εταξὺ
996 1697 1202 1738 αχαρίστων
1225 1706 1265 1726 τε

181 1741 240 1772 καὶ
267 1740 367 1780 [τῶν]
394 1737 725 1784 εὐχαριστουμένων
750 1743 819 1773 παί
834 1739 896 1772 ‘ww
922 1737 980 1782 (τὰ
995 1738 1063 1784 γὰρ
1084 1741 1166 1782 περὶ
1187 1739 1265 1771 τῶν

1334 1606 1485 1647 guntur:
1524 1613 1604 1637 cum
1636 1601 1760 1645 utique
1792 1601 1906 1635 multa
1932 1601 2131 1636 differentia
2164 1601 2209 1636 sit
2232 1602 2421 1646 ingratitu-

1336 1648 1427 1682 dinis
1464 1649 1501 1682 et
1535 1647 1730 1691 gratiarum
1772 1646 1923 1681 actionis
1967 1650 2003 1681 et
2039 1646 2218 1681 dissimilis
2261 1647 2420 1682 honoris.

1335 1694 1439 1728 Hanc
1462 1693 1583 1737 itaque
1609 1695 1748 1736 partem
1782 1691 1825 1725 de
1850 1691 2030 1736 aequitate
2061 1691 2215 1726 filiorum
2240 1702 2286 1727 ex
2310 1692 2422 1737 priori

1336 1742 1371 1773 et
1403 1739 1560 1773 secundo
1594 1737 1820 1772 matrimonio
1844 1737 2062 1772 venientium
2095 1737 2328 1772 adhortantes
2356 1748 2421 1782 po-

181 1784 402 1837 ‘2760‘91'0113322
424 1782 490 1826 ἤδη
528 1782 696 1818 πολλάκις
732 1784 900 1836 εἴρηται),
944 1781 1032 1817 ἀλλὰ
1068 1786 1150 1828 περὶ
1187 1785 1263 1816 τῶν
1279 1783 1320 1815 35
1336 1784 1405 1818 tius
1432 1794 1538 1828 quam
1563 1784 1764 1818 sancientes
1791 1781 1960 1825 dicimus;
1987 1782 2146 1826 alioquin
2164 1783 2272 1817 semel
2289 1793 2420 1826 augen-

180 1827 317 1873 μᾶλλον
340 1843 361 1872 η
385 1842 493 1872 ηττον
518 1828 792 1875 ἀγαπωμένων,
827 1840 874 1862 ως
899 1827 989 1864 πολὺ
1022 1826 1063 1862 τὸ
1090 1827 1264 1874 διάφορον

183 1876 283 1908 ἐστὶν
301 1872 510 1918 ἀχαριστίας
527 1887 566 1907 τε
586 1877 644 1907 καὶ
662 1871 887 1919 εὐχαριστίας
907 1876 966 1907 καὶ
985 1874 1044 1917 τῆς
1060 1871 1123 1916 οὐχ
1141 1872 1264 1917 ὁμοίας

181 1920 293 1962 τιμῆς.
347 1920 457 1953 Τοῦτο
488 1917 528 1952 δὲ
559 1917 604 1963 δὴ
634 1917 676 1952 τὸ
700 1922 804 1965 μέρος
833 1918 876 1953 τὸ
901 1922 983 1965 περὶ
1015 1920 1076 1962 τῆς
1102 1916 1265 1961 ἰσότητος

181 1964 260 1998 τῶν
283 1963 430 1999 παίδων
453 1965 532 1998 τῶν
553 1967 591 1997 ἐκ
613 1963 760 2009 πρώτου
782 1967 840 1997 καὶ
859 1962 1025 2010 δευτέρου
1043 1968 1263 1997 συνοικεσίου

1335 1832 1389 1864 tes
1422 1830 1467 1864 ab
1500 1829 1669 1863 intestato
1702 1829 1841 1871 partem
1870 1828 2013 1862 omnino
2046 1827 2127 1863 filiis
2152 1828 2420 1872 relinquendam

1335 1877 1370 1909 et
1396 1884 1507 1919 usque
1540 1873 1585 1908 ad
1611 1875 1782 1918 quattuor
1815 1872 1955 1917 quidem
1981 1873 2074 1908 filios
2100 1875 2270 1918 quattuor
2294 1874 2421 1908 uncias

180 2012 384 2056 γινομένων
419 2007 719 2053 συμβουλεύοντες
753 2008 889 2052 μᾶλλον
923 2009 945 2052 ἢ
977 2010 1264 2052 νομοθετοῦντες
1276 2011 1320 2043 40

181 2057 318 2100 φαμέν·
345 2056 521 2101 έπείτοιγε
545 2051 643 2095 ἅπαξ
669 2053 886 2098 αὐξήσαντες
909 2054 976 2098 τὴν
1001 2054 1040 2095 ἐξ
1063 2052 1264 2088 ἀδιαθέτου

180 2103 312 2146 μοῖραν
347 2099 414 2143 τὴν
445 2099 594 2134 πάντως
628 2102 701 2133 τοῖς
738 2103 842 2135 παισὶ
874 2099 1265 2145 καταλειφθησομένην

180 2147 239 2178 καὶ
263 2143 343 2192 ἄχρι
365 2147 432 2189 μὲν
454 2142 644 2191 τεσσάρων
668 2143 816 2180 παίδων
833 2145 1089 2192 τετραούγκιον
1113 2143 1262 2180 πάντως

181 2234 313 2269 liberos
351 2233 486 2269 habens
525 2238 561 2269 et
600 2245 649 2269 σας
687 2235 874 2280 prioribus
911 2240 945 2269 et
980 2245 1029 2269 ex
1062 2234 1230 2269 secundis
1268 2234 1406 2278 nuptiis
1443 2244 1535 2279 quas
1573 2237 1660 2279 post
1698 2232 1792 2268 lianc
1831 2238 1994 2268 nostram
2034 2233 2148 2279 leqem
2189 2235 2422 2270 contraxerit

182 2283 278 2319 (nam
303 2279 347 2314 de
370 2279 427 2313 liis
450 2278 593 2324 quidem
620 2279 831 2325 praesentia
860 2278 1115 2325 disponimus),
1149 2289 1396 2324 quaecumque
1427 2277 1570 2323 quidem
1602 2279 1640 2313 in
1673 2278 1783 2313 lucris
1809 2277 2035 2323 nuptialibus
2065 2278 2292 2314 observanda
2323 2283 2420 2322 sunt,

182 2324 271 2359 haec
300 2324 493 2359 sanximus
523 2327 558 2358 et
588 2324 738 2370 insuper
765 2324 959 2369 portiones
988 2323 1214 2368 definivimus
1245 2334 1338 2368 quas
1361 2327 1539 2368 parentes
1572 2323 1742 2368 leqitimis
1778 2334 1844 2357 nec
1877 2323 2035 2368 inqratis
2064 2323 2186 2358 liberis
2216 2323 2421 2369 relinquere

181 2379 324 2404 necesse
356 2374 466 2404 esset:
503 2369 516 2402 i
542 2379 602 2403 sos
631 2373 749 2403 tamen
778 2368 963 2414 qenitores
993 2379 1070 2413 par
1100 2379 1174 2402 non
1204 2368 1323 2412 suerit
1354 2367 1403 2402 ad
1431 2367 1626 2402 secundam
1655 2367 1800 2413 prolem
1828 2378 1983 2413 prorsus
2012 2368 2192 2403 inclinare
2219 2373 2256 2403 et
2279 2369 2420 2420 priori—

182 2414 247 2449 bus
274 2418 388 2460 parte
421 2424 471 2449 ex
504 2379 582 2459 ἔμε
617 2413 767 2458 definita
798 2413 878 2448 sota
913 2412 1040 2447 relicta
1071 2413 1213 2458 reliqua
1243 2412 1364 2447 omnia
1399 2412 1448 2447 ad
1477 2413 1655 2447 secundos
1687 2413 1910 2457 transferre,
1942 2423 2064 2447 verum
2096 2413 2204 2448 etiam
2228 2413 2421 2458 prioribus

183 2459 326 2505 aliquid
353 2458 505 2494 adicere.
567 2459 660 2493 Nam
691 2460 725 2493 si
753 2469 857 2504 quem
888 2469 937 2493 εει)
967 2458 1136 2493 secundis
1168 2458 1324 2504 nuptiis,
1357 2457 1412 2492 vel
1442 2458 1550 2492 etiam
1578 2458 1682 2502 forte
1711 2468 1760 2493 ex
1782 2458 1938 2503 primis,
1971 2457 2129 2493 habeant
2159 2458 2250 2493 adeo
2283 2469 2419 2500 carum,

183 2504 273 2539 adeo
297 2504 477 2546 dilectum,
502 2509 543 2539 ut
563 2515 642 2539 eum
665 2503 733 2539 reli
760 2504 816 2538 uis
837 2507 1028 2549 praestare
1051 2503 1160 2539 velint
1183 2503 1221 2537 in
1243 2503 1357 2545 bonis,
1375 2506 1595 2548 potestatem
1621 2502 1749 2537 damus
1772 2502 1812 2537 id
1830 2502 2006 2548 faciendi,
2035 2514 2101 2538 nec
2126 2507 2245 2538 tamen
2261 2514 2421 2550 prorsus

180 2550 327 2596 priores
358 2549 491 2584 liberos
519 2550 713 2584 imminuen
740 2550 769 2590 i,
801 2548 978 2584 secundos
1006 2559 1090 2583 vero
1124 2548 1303 2594 auqendi:
1337 2548 1403 2583 sed
1432 2558 1519 2583 neve
1549 2548 1655 2582 nimis
1686 2558 1856 2593 maenum
1887 2547 2043 2582 reddant
2074 2552 2305 2595 auqmentum
2333 2560 2421 2585 neve

179 2605 337 2641 prorsus
369 2594 630 2630 obliviscantur
664 2594 836 2640 priorum
874 2605 923 2628 nu
953 2594 1084 2628 ticcrum
1115 2605 1202 2629 neve
1241 2604 1335 2638 quae
1367 2605 1389 2627 a
1420 2592 1762 2639 praedecessoribus
1792 2593 1928 2628 nostris
1967 2593 2010 2628 de
2044 2593 2176 2629 talibus
2207 2593 2305 2628 dicta
2335 2598 2422 2629 sunt

183 2640 417 2685 confirment,·
442 2651 562 2675 verum
584 2639 817 2686 prospiciant
836 2639 899 2685 qui
925 2650 978 2673 em
1002 2639 1180 2680 secundis,
1198 2638 1435 2690 prospiciant
1457 2649 1543 2674 vero
1568 2639 1674 2673 etiam
1725 2638 1838 2679 rimis,
1861 2642 2036 2684 utrosque
2056 2639 2188 2674 liberos
2212 2650 2288 2674 esse
2312 2650 2419 2685 repu-

183 2689 318 2727 tantes,
350 2689 459 2731 atque
490 2685 542 2720 ita
573 2685 840 2720 successionum
870 2685 908 2719 in
940 2684 1161 2719 testamentis
1193 2684 1401 2719 divisionem
1425 2684 1625 2718 instituant⁴
1709 2683 1814 2718 uodsi
1837 2683 1931 2718 enim
1954 2684 2136 2719 intestatis
2167 2684 2213 2719 iis
2237 2684 2421 2729 defunctis

184 2731 247 2766 lex
273 2741 396 2765 omnes
419 2741 469 2766 ex
493 2741 609 2776 aequo
635 2734 750 2772 vocat,
783 2729 885 2765 decet
908 2740 970 2764 eos
995 2730 1107 2775 leqem
1136 2729 1272 2764 imitari
1304 2739 1369 2763 nec
1400 2729 1506 2763 nimis
1537 2729 1680 2774 maynis
1710 2727 2017 2763 imminutionibus
2047 2740 2213 2764 coercere
2233 2729 2326 2771 illos,
2353 2729 2423 2776 ‚sed

184 2777 297 2821 leqem
321 2775 487 2811 revereri.
548 2775 609 2810 Sic
643 2777 735 2810 enim
765 2778 939 2821 parentes
969 2775 1054 2809 boni
1085 2778 1193 2810 erunt
1216 2779 1251 2809 et
1274 2778 1403 2808 nostra
1427 2773 1654 2818 leqislatione
1677 2773 1802 2819 diqnz‘,·
1838 2776 1872 2808 et
1899 2773 1986 2809 iusti
2010 2774 2150 2820 quidem
2175 2778 2281 2810 erunt
2304 2774 2419 2809 solam

184 2821 216 2856 le
243 2832 296 2855 em
329 2820 576 2863 observantes,
613 2822 647 2855 si
677 2820 766 2872 quid
796 2831 880 2855 vero
913 2821 1020 2855 etiam
1053 2820 1150 2854 ultra
1183 2820 1296 2864 leqem
1326 2819 1557 2864 reliquerint,
1595 2822 1704 2854 erunt
1735 2818 1823 2853 iusti
1853 2819 1962 2853 simul
1990 2825 2026 2854 et
2056 2819 2206 2854 numani
2232 2824 2418 2865 parentes.

184 2833 310 2912 Ngque
334 2865 423 2901 llaec
446 2865 598 2901 dicimus
620 2866 658 2900 in
682 2866 840 2911 inqratis
864 2870 899 2900 et
921 2866 1040 2911 qratis
1063 2865 1185 2900 liberis
1216 2864 1273 2906 (de
1297 2864 1526 2909 inyracorum
1556 2865 1649 2899 enim
1675 2863 1783 2899 rebus
1813 2863 1886 2898 iam
1910 2865 2059 2910 saepius
2082 2864 2216 2900 dictum
2240 2868 2326 2906 est),
2358 2865 2422 2899 sed

184 2911 228 2947 de
250 2911 296 2946 iis
327 2911 391 2956 qui
414 2911 531 2957 maqis
563 2915 626 2946 aut
657 2911 775 2945 minus
807 2910 1022 2956 diliquntur,
1053 2921 1132 2946 cum
1162 2920 1331 2955 maqnum
1361 2910 1408 2943 sit
1437 2908 1629 2944 discrimen
1660 2909 1755 2944 inter
1787 2908 2088 2955 inqratitudinem
2119 2909 2422 2955 qratitudinemve

183 2960 294 3002 atque
343 2967 447 2990 arum
472 2956 659 3001 aequalem
684 2955 866 2990 honorem.
928 2954 1003 2990 Sed
1026 2955 1120 2991 hunc
1144 2956 1286 3001 quidem
1312 2954 1429 2988 locum
1463 2954 1525 2999 qui
1554 2958 1608 2988 est
1639 2953 1683 2989 de
1707 2953 1929 2999 aequalitate
1953 2954 2148 2990 liberorum
2172 2965 2221 2990 ex
2244 2955 2363 3000 primo
2387 2959 2422 2989 et

183 2967 341 3036 secundi}
364 3001 534 3047 coniuqio
552 3001 837 3048 progenitorum
871 3001 1061 3035 consilium
1091 3001 1217 3047 potius
1241 2999 1368 3034 dantes
1392 3010 1500 3044 quam
1533 2998 1646 3044 leqem
1674 2999 1836 3045 ferentes
1868 2998 2088 3035 indicamus:
2118 3000 2151 3034 si
2174 3000 2318 3045 quidem
2342 3010 2421 3035 cum

183 3045 292 3081 semel
309 3046 520 3092 portionem
545 3045 590 3080 ab
614 3046 785 3081 intestato
817 3045 940 3080 liberis
972 3046 1098 3091 utique
1128 3044 1402 3091 relinquendam
1430 3044 1653 3085 auxerimus,
1687 3043 1740 3078 ita
1764 3047 1816 3084 ut,
1849 3043 1881 3076 si
1905 3055 2018 3089 usque
2042 3044 2092 3079 ad
2119 3049 2295 3090 quattuor
2319 3044 2422 3079 liberi

235 3139 247 3170 1
275 3136 354 3169 τῶν
368 3133 559 3181 δευτέρων]
579 3137 657 3170 τῶν
671 3150 728 3171 om.
740 3137 775 3169 B
793 3136 805 3179 ΙΙ
824 3139 842 3169 6
869 3132 919 3175 ἃς]
937 3132 984 3168 ἂν
1001 3137 1051 3169 La
1068 3138 1079 3178 ΙΙ
1104 3140 1140 3169 lo
1165 3139 1268 3181 μέρος
1300 3148 1302 3160 ¹
1386 3138 1399 3168 1
1423 3138 1455 3167 et
1466 3136 1560 3177 prius
1574 3136 1691 3168 οηι.11ἴ1
1704 3134 1716 3179 Η
1729 3146 1810 3176 quas
1823 3148 1882 3167 om.
1895 3135 1942 3167 R¹
1955 3134 1966 3178 1!
1981 3138 1998 3168 3
2013 3135 2234 3176 praesentiam
2252 3134 2296 3178 VH
2310 3136 2421 3176 super]

186 3195 244 3215 om.
258 3192 278 3217 ς
296 3181 308 3225 ΙΙ
328 3184 367 3215 13
391 3182 507 3222 ἔχοιεν
526 3179 659 3236 γάμων
681 3182 725 3222 L]
750 3178 879 3226 γάμων
903 3181 1018 3222 ἔχοιεν
1049 3182 1078 3213 Β
1110 3182 1183 3222 ἔχοι
1207 3179 1266 3227 γά·
1300 3173 1302 3189 ³
1338 3191 1421 3222 quae
1441 3190 1538 3221 super
1558 3181 1590 3212 R
1608 3180 1620 3223 ΙΙ
1637 3181 1657 3212 4
1677 3180 1864 3212 sancximus
1884 3180 1918 3212 R
1937 3179 1948 3222 ΙΙ
1965 3183 1983 3213 5
2007 3181 2176 3221 portiones
2198 3180 2246 3211 bis
2259 3191 2320 3211 scr.
2341 3179 2391 3212 V¹

185 3239 267 3271 μων
292 3227 351 3262 Μς
367 3225 379 3269 ΙΙ
407 3228 448 3260 15
473 3223 593 3268 κλησει
618 3227 806 3259 Zachariae
825 3225 837 3269 ΙΙ
857 3227 893 3258 17
918 3223 998 3258 τοὺς
1023 3223 1204 3271 δευτέρους
1230 3223 1269 3259 δὲ
1300 3226 1303 3293 ι
1339 3229 1358 3259 6
1383 3228 1492 3256 tamen
1519 3226 1596 3257 add.
1611 3226 1696 3267 vulq.
1722 3224 1734 3268 ΙΙ
1760 3228 1778 3257 9
1801 3224 1961 3257 secundas
1983 3224 2033 3256 12¹
2058 3225 2069 3266 ss
2101 3227 2138 3257 10
2164 3224 2300 3265 aliquod
2324 3223 2374 3256 Β*

187 3274 218 3305 L
242 3273 253 3314 [Ι
283 3273 413 3304 18-20
440 3272 498 3313 leq.
520 3270 609 3314 μήτε
633 3291 676 3295 -
697 3267 786 3314 μήτε
810 3290 853 3294 -
878 3267 992 3313 μήτεῩ
1010 3270 1022 3314 ΙΙ
1052 3273 1090 3304 18
1115 3268 1206 3313 μηδὲ
1229 3272 1268 3302 ἐν
1301 3295 1302 3304 ,
1338 3270 1516 3313 prioribus]
1540 3271 1572 3301 et
1593 3269 1762 3312 prioribus
1786 3271 1872 3313 vuly.
1891 3268 1903 3313 ΙΙ
1921 3269 1969 3310 Si]
1995 3270 2079 3301 Nam
2103 3270 2129 3300 si
2161 3270 2292 3302 Gentius
2311 3267 2323 3312 ΙΙ
2339 3269 2421 3310 quid

187 3313 420 3395 53⁰3&ssAE
432 3308 645 3399 ‘53153‘5113‘3223
660 3313 1115 3403 2222‘35550‘33331251223
1135 3315 1266 3397 ''ff“J‘*
1338 3314 1446 3399 53¹¹„
1461 3316 1715 3400 ¹1²5p32232¹²ize1
1741 3315 1775 3402 i
1790 3315 1825 3393 1¹¹⁷
1844 3314 2116 3400 Ἧωῗὲῖἶώιῖἶιῖ
2137 3313 2422 3392 1ὲεῖῗὲἰῖῗίοῆΠέ

188 3411 226 3440 21
255 3408 338 3452 περὶ
362 3404 504 3439 τούτων
530 3385 711 3451 ὡρισμένα
739 3406 774 3438 Β
804 3406 816 3448 ΙΙ
847 3407 887 3438 27
919 3403 1001 3438 τοὺς
1023 3404 1152 3449 νόμους
1176 3406 1212 3438 Β
1338 3406 1424 3448 vulq.
1443 3404 1454 3448 ΙΙ
1475 3415 1558 3445 quae
1579 3415 1597 3436 a
1617 3404 1892 3446 praecedentibus
1915 3404 1965 3437 R2
1976 3403 2024 3437 V2
2037 3405 2121 3447 vuly.
2141 3403 2153 3447 ΙΙ
2173 3405 2213 3437 18
2239 3404 2327 3437 dicta
2343 3406 2423 3437 sunt

189 3454 230 3485 33
254 3449 389 3495 μεταξὺ
407 3451 486 3484 τῶν
507 3448 714 3496 ἀχαρίστων
733 3451 910 3483 Hcimbaclz
930 3450 941 3494 ΙΙ
959 3452 1002 3484 34
1025 3451 1102 3484 τῶν
1121 3451 1239 3484 seclusi
1258 3454 1261 3492 Ι
1338 3468 1383 3475 —-
1407 3451 1448 3482 20
1474 3449 1569 3481 ambo
1593 3452 1672 3481 sunt
1693 3451 1801 3493 suppl.
1827 3450 1876 3482 V²
1901 3451 1934 3482 in
1951 3457 2034 3491 spat.
2052 3462 2122 3482 vac.
2142 3449 2154 3492 ΙΙ
2170 3449 2237 3491 sed]
2263 3450 2422 3491 quoniam

189 3500 230 3530 35
255 3494 320 3539 ἤδη
347 3509 405 3529 om.
431 3497 481 3529 La
509 3496 520 3540 Η
551 3496 628 3528 τῶν
650 3493 798 3539 μᾶλλον]
831 3494 909 3528 τῶν
940 3493 1061 3528 ἄλλων
1086 3496 1162 3529 τῶν
1183 3493 1267 3539 μᾶλ-
1346 3494 1401 3538 Vll
1424 3497 1462 3527 19
1489 3497 1547 3526 aut
1565 3493 1622 3538 Vll
1638 3496 1807 3536 quoniam]
1833 3505 1918 3535 quae
1935 3494 1984 3526 R¹
2005 3493 2017 3537 ΙΙ
2035 3495 2077 3527 20
2103 3495 2341 3527 successionem
2360 3495 2394 3528 V
2410 3494 2422 3539 ΙΙ

189 3540 252 3575 λον
276 3543 307 3574 L
324 3541 335 3586 ΙΙ
364 3544 406 3575 36
427 3539 461 3583 ἢ]
483 3543 542 3574 καὶ
571 3541 602 3573 Β
619 3541 629 3584 ΙΙ
651 3537 709 3580 ὠς]
734 3538 785 3573 οἷς
807 3541 898 3583 B(f)
917 3539 929 3583 ss
955 3542 994 3574 37
1020 3552 1061 3573 τε
1085 3542 1144 3573 καὶ
1168 3538 1268 3581 εὐχα-
1339 3542 1376 3573 21
1403 3540 1473 3571 eius
1495 3539 1570 3582 [3¹11
1589 3541 1631 3572 22
1653 3542 1684 3572 et
1706 3551 1790 3582 equo
1813 3540 1861 3573 V¹
1880 3540 1891 3583 ΙΙ
1909 3540 1949 3572 23
1973 3539 2145 3572 abreuiare
2166 3540 2198 3572 R
2217 3539 2287 3582 {125
2309 3542 2421 3582 erunt]

189 3589 328 3629 ριστίας
352 3600 409 3619 om.
424 3586 519 3630 ΒΜ)
538 3585 550 3629 ΙΙ
569 3587 609 3619 38
635 3582 675 3617 δὲ
696 3598 753 3618 om.
767 3585 799 3618 L
815 3585 826 3628 ss
847 3587 888 3619 39
914 3583 1073 3630 πρώτου]
1092 3585 1199 3627 priori
1216 3598 1234 3621 ς
1259 3590 1270 3627 Η
1339 3584 1377 3616 εἰ·
1388 3585 1501 3625 (sz'c)R
1517 3584 1528 3627 ΙΙ
1547 3586 1670 3626 nostra]
1685 3596 1752 3617 non
1768 3585 1813 3617 R¹
1830 3584 1843 3628 ΙΙ
1861 3584 2115 3625 legissanetione
2132 3583 2182 3629 VH
2195 3585 2234 3617 27
2249 3584 2419 3626 relinque-

189 3634 232 3665 40
255 3633 461 3686 γενομένων
482 3631 664 3664 Heimbach
682 3629 694 3672 ΙΙ
712 3632 751 3663 41
764 3642 833 3672 sqq.
861 3633 902 3673 cf.
927 3643 997 3663 nov.
1013 3630 1153 3663 XVIII
1173 3643 1198 3663 c.
1219 3633 1230 3663 1
1260 3630 1270 3674 ΙΙ
1338 3630 1407 3661 rint
1432 3630 1463 3661 R
1480 3629 1492 3671 ss
1512 3631 1553 3663 28
1578 3630 1668 3661 intra
1690 3630 1746 3673 Vn
1765 3631 1805 3663 29
1831 3634 1941 3671 gratos
1962 3631 1994 3661 et
2013 3629 2161 3671 ingratos
2182 3630 2285 3670 (inter
2308 3633 2419 3672 gratos

190 3675 228 3715 ἐξ
249 3674 460 3717 αδιαθέτου]
486 3676 524 3709 ἐκ
549 3670 724 3718 διᾶθήκης
747 3674 779 3708 L
1342 3673 1400 3714 13¹)
1418 3673 1452 3706 R
1480 3674 1492 3717 Η
1517 3675 1558 3707 30
1583 3676 1653 3715 aut]
1674 3677 1783 3707 autem
1806 3674 1854 3707 R¹
1873 3674 1885 3717 ΙΙ
1908 3676 1947 3708 31
1974 3674 2042 3707 sint
2062 3675 2098 3708 R
2113 3674 2125 3719 ss
2152 3676 2193 3709 33
2218 3675 2422 3717 aequalitate

1339 3719 1483 3752 Bet-kias
1499 3719 1512 3763 ἦ
1531 3721 1572 3753 36
1592 3719 1713 3752 intesta
1727 3720 1774 3752 R*
1795 3719 1807 3764 ss
1824 3720 1864 3753 37
1883 3719 2014 3761 quidem
2028 3719 2113 3753 filios
2129 3722 2288 3762 quattuor
2302 3733 2358 3753 om.
2371 3719 2422 3752 R¹

2107 3779 2149 3810 24

252 3777 303 3804 111.
