2618 4010
236 134 344 180 Nov.
374 133 556 179 XXVIII
586 134 624 177 4.
656 137 686 181 5,
1309 130 1389 179 216
2065 146 2125 180 nn
2152 146 2456 181 monnnxronn

237 249 313 294 γαῖν
342 244 409 290 τὴν
440 243 656 291 παραψυχὴν
684 247 758 279 τοῖς
782 243 1036 290 λαμβάνουσιν,
1068 243 1128 277 ἵνα
1151 246 1211 278 καὶ
1234 242 1312 278 τού·
1381 244 1553 280 solacium
1577 244 1864 290 percipientibus,
1888 249 1930 283 ut
1953 249 1989 283 et
2007 247 2101 283 hano
2124 247 2174 283 eis
2192 247 2454 293 impediremus

236 302 311 326 τοις
340 288 486 335 μεταδῶ
513 303 555 325 εν
585 288 801 336 ἐλευθερίας.
854 287 1019 325 ἀπέκειτο
1049 287 1116 335 γὰρ
1146 285 1231 342 ἡμῖν
1264 285 1311 323 αἱς
1378 290 1590 325 libertatem.
1637 288 1846 335 Repositum
1874 291 1968 328 enim
1998 296 2076 328 erat
2104 292 2208 328 nobis
2245 295 2286 327 ut
2315 291 2456 329 videtur

235 340 329 371 ἔοικε
366 336 429 370 τοῦ
469 304 562 370 έιεοῦ
600 336 751 370 τοιαῦτα
790 333 1086 380 φιλοτιμουμένου
1122 347 1170 377 μη
1201 332 1314 379 μόνον
1383 335 1448 370 deo
1472 335 1560 369 talia
1582 334 1754 379 largiente
1782 346 1856 372 non
1885 337 1999 373 solum
2021 338 2121 374 Afris
2151 347 2266 382 neque
2289 337 2456 382 gentibus

231 380 374 427 ’Ἀφροις
395 377 487 425 μηδὲ
513 382 587 415 τοῖς
609 381 738 415 ἔθνεσι
769 383 842 415 τοῖς
865 381 976 414 ἐκεῖσε
998 378 1223 431 χαρίσασθαι
1245 379 1313 422 τὴν
1382 379 1455 415 illic
1486 379 1620 414 donare
1641 378 1867 424 libertatem,
1896 382 1959 418 sed
1990 383 2097 418 etiam
2124 382 2162 418 in
2194 382 2308 418 media¹
2331 386 2456 419 nostra

236 425 458 471 ἐλευθερίαν,
481 423 571 460 ἀλλὰ
592 428 652 460 καὶ
675 425 757 461 τοὺς
783 423 876 460 κατὰ
897 427 1010 469 μέσην
1034 425 1136 466 ημῶν
1159 423 1227 466 τὴν
1249 436 1311 459 πο-
1338 428 1357 459 5
1381 424 1566 469 republica
1597 424 1701 459 annis
1733 424 1880 469 singulis
1907 427 2067 464 venditos
2099 431 2135 463 et
2163 438 2279 473 neque
2303 427 2370 463 sub
2394 436 2454 464 eo-

237 470 374 505 λιτείαν
396 472 497 505 ἔτους
527 470 676 506 ἑκάστου
707 472 1016 517 πιπρασκομένους
1045 472 1105 502 καὶ
1135 465 1219 502 οὐδὲ
1241 466 1312 502 ὑπὸ
1383 469 1462 505 dem
1485 479 1628 504 manere
1659 469 1851 514 permissos
1874 474 2049 517 emptore,
2083 473 2146 509 sed
2169 473 2343 518 paulatim
2367 471 2455 508 alio·

237 513 360 559 ταῦτῷ
395 517 520 560 μένειν
552 518 861 563 συγχωρουμένους
892 515 1067 559 πρατῆρι,
1102 509 1191 547 ἀλλὰ
1221 513 1313 547 κατὰ
1382 525 1461 548 rum
1487 517 1523 549 et
1541 514 1691 549 aliorum
1740 515 1902 552 otestatis
1925 526 2063 563 semper
2081 517 2197 553 factos
2218 517 2371 553 liberare
2390 517 2456 554 tali

236 559 352 606 βραχὺ
375 561 436 604 τῆς
458 560 595 606 ἑτέρων
618 563 678 595 καὶ
701 561 835 604 ἑτέρων
856 559 1014 599 ἐξουσίας
1035 555 1090 591 ἀεὶ
1109 560 1312 605 γινομένους
1382 558 1566 604 dispendio
1585 562 1621 594 et
1637 569 1703 594 con
1721 559 1858 595 usione.
1906 559 2009 597 Hanc
2029 562 2262 598 iudicavimus
2285 573 2352 598 nos
2374 571 2455 607 gra-

236 604 484 651 ἐλευθερῶσαι
518 607 579 649 τῆς
610 606 775 648 τοιαύτης
811 607 936 648 ζημίας
971 617 1010 637 τε
1045 607 1105 637 καὶ
1137 601 1312 646 αἰσχύνης.
1382 604 1468 638 tiam
1493 607 1693 648 competere
1717 604 1835 639 dicare
1859 603 1935 649 deo,
1964 606 2026 651 qui
2047 607 2263 652 imperialem
2287 617 2455 642 coronam

234 647 373 694 ταύτην
395 647 575 695 ᾥῆθημεν
606 650 700 695 ἡμεῖς
730 649 798 693 τὴν
829 648 932 695 χάριν
956 648 1141 693 προςήκειν
1164 645 1312 682 ἀναθεῖ-
1331 652 1369 684 10
1381 649 1486 684 nobis
1517 649 1706 694 imposuit,
1740 649 1802 694 qui
1831 659 2026 695 purpuram
2056 653 2233 688 communi
2267 653 2409 688 decreto
2433 662 2457 687 a

235 708 298 729 ναι
331 694 414 739 θεῷ
448 696 502 740 τῷ
538 695 606 731 τὸν
641 698 701 732 ἐπὶ
734 696 778 742 τῇ
813 691 979 739 βασιλείᾳ
1012 696 1193 739 στέφανον
1228 691 1315 737 ἡμῖν
1383 698 1486 739 patre
1509 693 1612 730 nobis
1638 694 1790 737 donavit,
1848 694 1886 729 ui
1917 695 2064 740 largitus
2095 702 2150 733 est
2179 697 2266 733 talia
2293 697 2457 733 simulet

236 739 425 782 ἐπιθέντι,
456 742 512 785 τῷ
543 740 611 784 τὴν
633 738 823 788 ἁλουργίδα
855 738 966 784 ψήφῳ
996 739 1098 786 κοινῇ
1129 737 1228 786 παρὰ
1250 739 1314 773 τοῦ
1383 743 1486 775 tanta
1509 739 1627 785 qualia
1649 740 1810 784 priorum
1859 739 1932 775 edit
1954 741 2052 777 nulli.

236 783 374 842 πατρὸς
405 783 491 841 ἡμῖν
521 783 780 833 δωρησαμένῳ,
811 786 866 828 τῷ
898 783 1215 829 φιλοτιμησαμένῳ
1244 796 1315 818 τοι·

236 831 328 864 αὕτα
349 843 391 865 τε
412 844 433 865 ο
461 831 503 864 οὗ
526 834 586 865 καὶ
609 833 768 865 τοσαῦτα
792 827 900 865 ὁποῖα
925 830 1002 862 τῶν
1025 829 1236 874 ἔμπροσθεν
1260 827 1315 863 δέ·

237 873 353 910 emm
376 873 416 909 οὗ
441 880 504 910 ενί.
1331 879 1370 910 15

1237 987 1392 1023 CAPUT
1412 987 1456 1022 V.

288 1058 352 1090 Δεῖ
380 1060 505 1090 τοίνυν
536 1056 600 1090 τὸν
632 1057 692 1090 ἐπὶ
722 1053 788 1096 τὴν
820 1052 930 1100 ἀρχὴν
963 1053 1144 1100 παριόντα
1174 1054 1312 1099 ταύτην
1426 1054 1576 1099 Oportet
1605 1055 1713 1099 igitur
1737 1065 1817 1090 eum
1847 1054 1909 1100 qui
1939 1054 1986 1090 ad
2010 1055 2188 1100 cingulum
2217 1057 2354 1093 accedit
2376 1058 2456 1101 hoc,

235 1099 367 1144 εἰδότα,
398 1099 525 1136 πόσων
547 1103 615 1145 μὲν
640 1098 796 1146 ἀνδρῶν,
829 1099 956 1134 πόσων
987 1098 1027 1134 δὲ
1056 1098 1224 1147 ἡγήσεται
1248 1100 1309 1135 πό-
1381 1100 1549 1135 scientem
1565 1105 1778 1144 quantorum
1791 1100 1932 1146 quidem
1947 1101 2113 1143 virorum,
2132 1105 2345 1147 quantarum
2356 1112 2458 1149 prae-

235 1145 339 1190 λεων,
371 1145 470 1182 ὅπως
499 1144 540 1180 δὲ
567 1148 671 1180 ἔσται
699 1143 827 1190 σεμνὸς
854 1144 1074 1190 μεταβαλών
1104 1147 1142 1179 ἐκ
1166 1157 1310 1180 κονσου-
1380 1145 1481 1180 sedet
1513 1145 1709 1189 civitatum,
1742 1145 1919 1191 quomodo
1950 1148 2069 1181 autem
2100 1151 2155 1182 est
2181 1147 2311 1183 nobilis
2341 1151 2457 1183 muta-

233 1190 358 1237 λαρίας
387 1204 427 1226 τε
463 1194 524 1226 καὶ
554 1188 741 1238 ἡγεμονίας
774 1191 823 1224 εἰς
853 1189 966 1235 ἀρχὴν
998 1189 1146 1244 μείζονά
1180 1204 1220 1225 τε
1252 1195 1311 1225 καὶ
1380 1194 1439 1225 tus
1473 1200 1517 1225 ex
1549 1190 1731 1225 consulari
1760 1194 1797 1226 et
1829 1190 2020 1235 praesidali
2047 1191 2086 1226 in
2117 1191 2460 1228 administrationem

234 1235 507 1281 σπεκταβιλίαν,
531 1234 726 1283 φείδεσθαι
750 1236 935 1277 πανταχοῦ
961 1236 1039 1270 τῶν
1057 1234 1229 1278 υπηκόων
1252 1239 1311 1270 καὶ
1327 1238 1368 1269 20
1380 1235 1550 1270 maiorem
1574 1239 1610 1270 et
1633 1236 1873 1280 spectabilem,
1903 1246 2050 1280 parcere
2073 1237 2204 1282 ubique
2227 1237 2400 1273 subiectis
2424 1241 2461 1273 et

234 1280 428 1328 φυλάττειν
462 1280 587 1316 αὐτοὺς
619 1278 803 1324 ἀζημίους,
843 1283 903 1314 καὶ
939 1281 1119 1327 καθαραῖς
1153 1282 1312 1326 χρῆσθαι
1381 1290 1525 1315 servare
1549 1290 1610 1315 eos
1635 1281 1828 1323 indemnes,
1855 1286 1891 1315 et
1913 1281 2012 1325 puris
2028 1281 2115 1326 (uti)
2131 1281 2264 1327 ubique
2283 1283 2458 1326 manibus,

234 1328 420 1370 πανταχοῦ
443 1329 521 1361 ταῖς
541 1330 651 1372 χερσί,
674 1329 735 1360 καὶ
760 1325 802 1360 τὸ
827 1323 1003 1370 δημόσιον
1027 1324 1149 1366 αὔξειν
1168 1330 1228 1359 καὶ
1248 1327 1311 1360 τοῦ
1382 1327 1419 1360 et
1452 1325 1579 1360 fiscum
1616 1335 1747 1369 augere
1781 1330 1818 1361 et
1846 1324 2012 1361 utilitatis
2047 1327 2124 1361 eius
2156 1337 2295 1362 omnem
2327 1329 2461 1380 ponere

233 1374 476 1418 συμφέροντος
492 1369 592 1416 αὐτῷ
614 1372 736 1406 πᾶσαν
753 1371 934 1405 τίθεσθαι
951 1368 1139 1417 πρόνοιαν,
1158 1375 1218 1404 καὶ
1236 1372 1313 1405 τῶν
1407 1370 1639 1406 rovidentiam
1671 1374 1706 1405 et
1730 1371 1998 1415 acceptionibus
2022 1372 2213 1415 abstinere,
2245 1374 2281 1407 et
2308 1373 2458 1408 civitati·

234 1414 310 1460 ἰδία
341 1415 540 1462 λημμάτων
570 1414 775 1459 ἀπέχεσθαι
806 1418 865 1449 καὶ
894 1419 972 1450 ταῖς
994 1414 1120 1451 πόλεσι
1149 1417 1250 1463 κοινῇ
1273 1429 1313 1450 τε
1380 1381 1449 1450 Rus
1483 1416 1715 1450 communiter
1747 1419 1783 1450 et
1813 1415 1957 1460 proprie
1987 1416 2213 1461 interponere
2244 1427 2336 1462 quae
2364 1417 2459 1453 iusta

234 1465 294 1496 καὶ
325 1460 402 1505 ἰδίᾳ
431 1459 625 1509 βραβεύειν
654 1460 700 1495 τὰ
730 1459 851 1495 δίκαια
884 1464 1110 1495 περινοστεῖν
1141 1474 1181 1495 τε
1205 1461 1313 1495 αὐτὰς
1327 1463 1368 1496 25
1382 1463 1476 1504 sunt,
1501 1464 1537 1495 et
1562 1461 1713 1496 circuire
1737 1471 1797 1496 eas
1823 1462 1859 1496 et
1881 1470 2019 1504 sanare,
2044 1465 2082 1496 et
2099 1462 2192 1496 lucri
2212 1471 2324 1498 causa
2342 1473 2368 1498 n
2414 1473 2459 1498 ue

233 1511 295 1541 καὶ
318 1507 465 1551 ἰᾶσθαι,
497 1510 556 1541 καὶ
579 1503 721 1553 κέρδους
745 1508 849 1540 ἕνεκα
877 1495 964 1550 μηδ’
992 1504 1115 1540 ὁτιοῦν
1139 1505 1313 1551 πράττειν
1382 1506 1570 1550 quicquam
1595 1515 1699 1550 agere
1723 1515 1838 1550 neque
1861 1506 1977 1540 minus
2000 1516 2116 1551 neque
2138 1507 2265 1549 maius,
2295 1506 2359 1543 sed
2381 1517 2405 1552 g
2419 1518 2459 1543 o-

233 1549 325 1596 μὴτε
347 1551 500 1587 ἔλαττον
523 1551 612 1596 μήτε
634 1554 767 1596 μεῖζον,
791 1549 880 1585 ἀλλὰ
904 1549 1008 1594 δόξης
1030 1565 1070 1586 τε
1090 1549 1231 1598 ἀγαθῆς
1254 1553 1311 1596 ἐφ·
1380 1551 1470 1585 riam
1494 1551 1623 1586 bonam
1648 1555 1817 1596 appetere
1849 1555 1884 1585 et
1913 1561 1980 1595 per
2010 1551 2129 1586 omnia
2157 1552 2248 1587 bene
2277 1552 2395 1588 iurare
2423 1556 2461 1588 et

235 1597 361 1632 ίεσθαι
379 1600 440 1631 καὶ
457 1598 522 1631 τοῦ
539 1595 599 1631 διὰ
615 1594 767 1631 πάντων
787 1593 944 1641 εὐορκεῖν
963 1599 1024 1630 καὶ
1039 1594 1124 1640 ἡμῖν
1141 1599 1181 1630 ἐν
1198 1595 1312 1630 ἅπασι
1382 1596 1486 1631 nobis
1510 1596 1547 1630 in
1571 1596 1733 1631 omnibus
1757 1598 1897 1640 gratum
1921 1606 2009 1631 esse⁴

233 1645 250 1678 1
300 1645 555 1688 κεχαρισμένον
573 1642 811 1676 καθεστάναι.
864 1641 909 1675 Τὸ
931 1639 971 1675 δὲ
989 1640 1144 1685 μάλιστα
1169 1643 1230 1675 ἐπὶ
1249 1644 1313 1675 τοῦ
1381 1643 1403 1676 1
1450 1641 1552 1685 Quod
1576 1646 1695 1676 autem
1718 1642 1869 1676 maxime
1893 1642 1930 1675 in
1946 1641 2060 1676 Ponto
2082 1641 2308 1686 delinquitur,
2333 1642 2457 1677 obser-

233 1686 378 1722 Πόντου
412 1685 730 1743 πλημμελούμενον
764 1685 910 1732 φυλάξει
946 1684 989 1721 τὸ
1025 1685 1152 1730 μηδενὶ
1188 1685 1313 1721 δοῦναι
1327 1689 1369 1721 30
1383 1689 1449 1727 vet,
1475 1696 1519 1721 ne
1545 1686 1607 1721 ulli
1631 1686 1691 1721 det
1713 1686 1894 1721 licentiam
1918 1688 1981 1721 aut
2003 1687 2127 1721 titulos
2151 1686 2335 1731 imponere
2353 1697 2458 1732 prae-

233 1736 441 1779 παρρησίαν
461 1735 508 1776 [η]
529 1732 668 1767 τίτλους
688 1732 898 1767 ἐπιτιθέναι
922 1735 1064 1776 χωρίοις
1085 1729 1105 1775 ἢ
1125 1731 1314 1775 οἰκήμασιν
1383 1731 1451 1766 diis
1469 1733 1533 1766 aut
1552 1731 1836 1775 possessionibus
1858 1731 1992 1766 alienis.
2031 1731 2149 1766 Solius
2165 1731 2258 1766 enim
2274 1732 2458 1777 proprium

232 1776 446 1824 ἀλλοτρίοις·
482 1774 595 1822 μόνου
623 1777 690 1824 γὰρ
721 1775 815 1811 ἴδιον
843 1778 950 1811 τοῦτο
982 1777 1046 1810 τοῦ
1077 1790 1118 1811 τε
1141 1775 1313 1821 δημοσίου
1382 1776 1451 1811 hoc
1475 1776 1554 1811 fisci
1586 1780 1622 1811 et
1644 1776 1881 1821 imperialium
1906 1777 2073 1811 domuum
2104 1779 2159 1811 est
2191 1780 2227 1811 et
2256 1780 2459 1812 nostrarum

233 1823 311 1857 τῶν
332 1835 373 1858 τε
395 1821 597 1867 βασιλικῶν
620 1822 732 1856 οἴκων
753 1824 841 1863 ἐστί,
864 1822 943 1856 τῶν
966 1835 1006 1856 τε
1030 1820 1052 1864 ἡ
1080 1825 1213 1867 ετέρων
1236 1823 1314 1856 τῶν
1383 1826 1419 1856 et
1442 1822 1622 1866 piissimae
1645 1823 1839 1866 Augustae.
1889 1821 1925 1856 Si
1950 1825 2068 1856 autem
2098 1821 2137 1856 in
2161 1821 2309 1857 alterius
2341 1822 2458 1858 cuius-

233 1881 274 1902 τε
315 1869 377 1911 τῆς
417 1864 672 1912 εὖσεβεστάτης
702 1864 921 1914 Αὖγούστης.
976 1867 1007 1901 εἰ
1065 1869 1082 1900 ὲ
1114 1869 1163 1901 εἰς
1197 1868 1315 1912 ἑτέρου
1382 1866 1470 1901 libet
1500 1867 1657 1901 inveniat
1687 1866 1963 1912 appellationem
1995 1867 2138 1901 tabulas
2168 1867 2364 1911 impositas,
2397 1877 2458 1903 eas

231 1911 331 1947 τινὸς
353 1909 449 1959 εὕροι
473 1917 712 1959 προςηγορίαν
743 1910 892 1946 σανίδας
916 1909 1172 1953 ἀνατεθείσας,
1206 1910 1315 1946 αὐτὰς
1328 1914 1368 1946 35
1383 1911 1521 1955 quidem
1555 1913 1700 1957 repente
1732 1912 1904 1956 deponat,
1936 1912 2122 1956 investiget
2144 1915 2280 1954 autem,
2313 1911 2376 1957 qui
2397 1922 2458 1948 eas

231 1960 301 2003 μὲν
315 1955 425 1992 εὐθὺς
441 1955 672 2003 καθαιρήσει,
695 1956 895 2000 ἄνιχνεύσει
913 1955 953 1991 δὲ
969 1955 1036 1990 τὸν
1053 1954 1187 1991 ταύτας
1205 1970 1313 1991 κατα·
1382 1956 1471 1991 fixit.
1520 1957 1568 1990 Et
1599 1956 1771 2001 Siquidem
1802 1957 1880 2001 ipse
1917 1957 1977 2001 qui
2009 1957 2095 1992 dicit
2127 1966 2165 1991 se
2197 1956 2377 1993 dominum
2407 1957 2460 1993 rei

232 2002 416 2046 πήξαντα·
440 2006 501 2037 καὶ
523 2004 555 2037 εἰ
576 2003 644 2047 μὲν
669 2001 773 2036 αὐτὸς
795 1999 815 2036 ὁ
836 2001 950 2049 λέγων
969 2000 1098 2036 ἑαυτὸν
1121 2002 1214 2036 εἶναι
1237 2000 1312 2036 δεσ-
1383 2002 1451 2036 hoc
1468 2005 1561 2045 agat,
1587 2005 1732 2046 repente
1755 2001 1849 2036 illius
1874 2002 1982 2036 rebus
2007 2002 2132 2037 titulos
2156 2001 2318 2046 imponat
2340 2002 2457 2048 publi-

232 2049 350 2092 πότην
370 2049 434 2082 τοῦ
454 2045 664 2096 πράγματος
686 2047 795 2082 τοῦτο
818 2047 983 2093 πράττοι,
1008 2048 1224 2094 παραχρῆμα
1241 2050 1314 2081 τοῖς
1383 2057 1455 2090 cos,
1486 2047 1523 2081 in
1548 2049 1658 2091 caput
1687 2047 1718 2081 ei
1743 2046 1908 2090 frangens
1938 2047 1984 2080 ab
2015 2057 2056 2082 eo
2088 2047 2226 2091 positos
2250 2047 2392 2090 titulosg
2429 2048 2459 2083 si

232 2096 368 2129 ἐκείνου
391 2091 576 2140 πράγμασι
598 2091 739 2128 τίτλους
762 2091 932 2135 ἐπιθήσει
961 2089 1157 2136 δημοσίους,
1189 2093 1237 2126 εἰς
1260 2106 1312 2126 κε·
1383 2102 1464 2127 vero
1483 2096 1628 2127 curator
1651 2091 1759 2127 fuerit
1783 2102 1899 2126 rerum
1917 2091 2124 2134 alienarum,
2149 2095 2184 2126 et
2203 2092 2339 2136 titulos,
2364 2092 2459 2127 sicut

233 2138 352 2185 φαλὴν
386 2136 485 2182 αὐτῷ
523 2137 737 2186 περιρρήξας
770 2137 852 2172 τοὺς
886 2133 954 2172 ὑπ’
991 2134 1101 2171 αὐτοῦ
1137 2137 1315 2171 τεθέντας
1326 2139 1368 2171 40

231 2183 386 2218 τίτλους·
415 2184 447 2217 εἰ
470 2182 508 2218 δὲ
533 2181 747 2230 φροντιστὴς
771 2182 823 2225 εἴη
849 2179 1078 2229 πραγμάτων
1102 2179 1314 2228 ἀλλοτρίων,

231 2307 311 2332 mus
333 2295 603 2343 accipientibus,
628 2306 700 2341 quo
724 2294 811 2330 illos
834 2305 978 2341 quoque
1002 2293 1180 2329 libertatis
1196 2293 1402 2345 participes
1422 2292 1661 2328 redderemus.
1711 2291 1757 2327 Id
1772 2294 1866 2328 enim
1888 2293 1992 2328 nobis
2010 2293 2207 2338 repositum
2227 2296 2308 2328 erat
2330 2293 2398 2330 deo
2417 2296 2460 2330 ut

231 2341 373 2378 videtur
397 2340 486 2376 talia
510 2340 698 2387 laryiente,
727 2344 766 2375 ut
789 2351 863 2375 non
886 2339 1003 2374 solum
1026 2339 1132 2384 Afris
1157 2343 1267 2385 atque
1288 2338 1387 2373 illius
1410 2349 1450 2373 re
1477 2338 1571 2373 ionis
1592 2337 1759 2383 pentibus
1782 2338 1983 2373 libertatem
2005 2337 2281 2383 impertiremus,
2309 2338 2375 2373 sed
2397 2350 2459 2374 eos

233 2397 387 2433 quoque,
419 2386 483 2432 qui
505 2386 543 2420 in
565 2385 683 2421 media
702 2389 828 2420 nostra
850 2384 1039 2431 republica
1061 2384 1255 2429 quotannis
1283 2394 1408 2425 oenum
1432 2349 1535 2423 iblant,
1561 2388 1598 2418 et
1627 2394 1672 2419 ne
1694 2382 1759 2418 sub
1791 2382 1914 2418 eodem
1942 2381 2085 2429 quidem
2109 2381 2295 2417 venditore
2317 2393 2461 2419 manere

225 2430 543 2479 permittebantur,
579 2430 645 2466 sed
675 2430 773 2466 brevi
807 2434 966 2476 tempore
1003 2430 1042 2464 in
1071 2429 1228 2464 aliorum
1265 2433 1375 2475 atque
1406 2428 1562 2463 aliorum
1591 2432 1811 2475 potestatem
1842 2439 1956 2474 usque
1981 2426 2248 2478 rediqebantur,
2285 2428 2462 2464 eiusmodi

231 2477 364 2513 damno
387 2481 424 2512 et
444 2476 645 2522 iqnominia
668 2477 917 2511 eximeremus.
974 2474 1080 2509 Hanc
1103 2485 1170 2509 nos
1193 2474 1319 2510 decere
1342 2473 1627 2509 eoeistimavimus
1649 2473 1808 2519 qratiam
1831 2473 1897 2509 deo
1923 2472 2068 2518 offerre,
2101 2471 2164 2518 qui
2186 2473 2459 2518 imperatoriam

234 2532 408 2558 coronam
432 2521 535 2556 nobis
557 2521 740 2568 imposuit,
765 2520 829 2567 qui
845 2530 1054 2567 purpuram
1074 2519 1179 2554 nobis
1202 2531 1225 2554 a
1242 2523 1355 2565 patre
1377 2518 1540 2554 relictam
1563 2519 1742 2553 communi
1762 2518 1944 2565 suffraqio
1969 2517 2128 2562 donavit,
2154 2516 2218 2563 qui
2243 2517 2331 2554 talia
2354 2517 2461 2554 simul

235 2571 408 2614 tantaque
431 2565 535 2602 nobis
558 2565 715 2612 larqitus
736 2569 791 2601 est
813 2565 939 2612 qualia
959 2565 1126 2611 priorum
1150 2564 1248 2600 dedit
1271 2564 1413 2599 nemini.

372 2611 417 2647 V.
475 2610 627 2658 Oportet
648 2611 763 2656 iqitur
785 2621 866 2646 eum
897 2610 960 2657 qui
990 2610 1039 2645 ad
1067 2609 1162 2645 hunc
1191 2610 1444 2656 maqistratum
1475 2608 1631 2650 accedit,
1665 2619 1745 2643 eum
1775 2608 1883 2650 sciat,
1915 2610 2007 2653 quot
2054 2606 2170 2642 uidem
2200 2613 2236 2644 et
2257 2607 2461 2644 hominibus

232 2661 269 2694 et
296 2657 446 2694 urbibus
479 2657 724 2703 imperaturus
759 2660 968 2707 quantaque
1004 2655 1222 2690 auctoritate
1252 2655 1405 2700 futurus
1437 2654 1486 2689 sit
1516 2664 1565 2689 ex
1601 2653 1786 2688 consulari
1818 2657 1855 2688 et
1883 2653 2015 2698 praesi
2038 2651 2091 2686 ali
2118 2652 2157 2686 in
2186 2654 2358 2688 maiorem
2391 2664 2458 2700 po-

235 2707 396 2740 testatem
426 2712 577 2748 eamque
605 2700 836 2748 spectabilem
868 2705 1045 2743 mutatus,
1076 2699 1229 2735 subditis
1259 2700 1383 2745 utique
1406 2709 1563 2746 parcere
1591 2709 1653 2733 eos
1682 2709 1724 2733 ue
1754 2697 1936 2732 indemnes
1962 2707 2109 2732 servare
2137 2701 2174 2732 et
2195 2698 2307 2743 puris
2334 2698 2459 2744 utique

232 2748 398 2784 manibus
420 2747 487 2790 uti,
509 2751 546 2782 et
563 2746 693 2792 fiscum
716 2757 850 2792 auqere
874 2745 1021 2798 eiusque
1045 2744 1242 2780 commodis
1263 2755 1401 2779 omnem
1420 2754 1544 2779 curam
1563 2709 1744 2786 affigere,
1769 2746 1804 2778 et
1821 2742 1980 2789 privatis
2003 2741 2247 2793 emolumentis
2269 2742 2458 2785 abstinere,
2500 2790 2503 2794 ¹

234 2798 344 2841 atque
366 2791 516 2828 urbibus
546 2796 583 2827 et
603 2790 746 2837 publice
775 2796 810 2826 et
831 2792 1007 2837 privatim
1030 2791 1087 2824 ius
1109 2790 1293 2836 impertire
1326 2793 1363 2825 et
1378 2788 1574 2829 circumire
1596 2799 1659 2823 eas
1686 2793 1721 2823 et
1744 2798 1885 2829 curare,
1917 2798 1982 2822 nec
2005 2797 2197 2838 quicquam
2221 2787 2315 2823 lucri
2336 2789 2460 2835 qratia

233 2849 350 2886 neque
371 2838 490 2880 minus
513 2847 628 2884 neque
650 2836 767 2871 maius
790 2847 910 2883 aqere,
934 2835 999 2870 sed
1020 2834 1150 2870 bonam
1172 2836 1314 2880 famam
1337 2838 1509 2881 appetere
1529 2837 1563 2869 et
1582 2836 1622 2867 ut
1641 2832 1892 2868 iusiurandum
1942 2843 1982 2867 er
2006 2842 2126 2867 omma
2148 2837 2264 2869 servet
2287 2843 2333 2869 ac
2355 2832 2461 2869 nobis

232 2886 252 2920 1
310 2883 350 2918 in
383 2881 547 2918 omnibus
577 2892 654 2917 sese
684 2885 828 2927 qratum
858 2880 1037 2917 exhibeat.
1129 2879 1236 2922 Quod
1269 2883 1387 2915 autem
1419 2880 1456 2914 in
1478 2878 1595 2913 Ponto
1623 2878 1853 2925 potissimum
1909 2876 2107 2923 elinquitur
2137 2877 2291 2920 cavebit,
2326 2889 2372 2914 ne
2400 2877 2460 2914 cm·

233 2928 373 2966 veniam
401 2927 462 2963 det
497 2927 622 2963 titulos
652 2926 710 2962 vel
730 2926 898 2972 praediis
925 2926 981 2962 vel
1010 2925 1184 2971 aedificiis
1213 2925 1342 2960 alienis
1370 2923 1576 2971 imponendi
1584 2936 1599 2965 ;
1633 2923 1742 2958 unius
1773 2922 1866 2958 enim
1900 2921 1969 2957 hoc
1997 2923 2194 2974 proprium
2229 2926 2282 2958 est
2307 2922 2396 2975 fisci
2423 2927 2458 2959 et

233 2972 475 3021 imperialium
499 2971 652 3015 aedium,
678 2975 749 3006 tam
773 2976 981 3007 nostrarum
1005 2981 1114 3017 quam
1131 2970 1322 3016 piissimae
1338 2970 1534 3015 Auqustae.
1590 2966 1727 3011 Quodsi
1749 2967 1814 3003 sub
1839 2966 1934 3002 alius
1956 2968 2114 3002 cuiusvis
2136 2967 2382 3014 appellatione
2405 2971 2459 3003 ta-

234 3019 339 3055 bulas
358 3017 573 3065 propositas
594 3017 764 3059 inveniat,
788 3017 873 3052 illas
896 3015 1039 3062 quidem
1061 3016 1185 3051 statim
1212 3014 1323 3058 tollet,
1347 3014 1506 3060 inquiret
1529 3018 1648 3049 autem
1671 3013 1709 3047 in
1730 3023 1809 3048 eum
1832 3013 1895 3059 qui
1919 3022 1980 3047 eas
1997 3012 2188 3063 affluerit,-
2210 3017 2246 3048 et
2264 3013 2300 3048 si
2316 3011 2459 3058 quidem

233 3066 312 3118 ipse
334 3063 397 3111 qui
419 3073 496 3099 sese
519 3061 701 3097 dominum
724 3062 779 3097 rei
801 3072 877 3098 esse
900 3061 990 3096 dicit
1011 3059 1082 3096 hoc
1097 3060 1240 3106 fecerit,
1265 3060 1458 3105 confestim
1482 3059 1582 3093 illius
1605 3059 1711 3094 rebus
1736 3057 1860 3093 titulos
1877 3056 2043 3104 publicos
2063 3063 2233 3103 imponet,
2256 3057 2460 3109 coafractus

233 3121 273 3145 tn
303 3109 421 3157 ipsius
449 3107 569 3155 capite
600 3106 714 3143 titulis
746 3107 790 3142 ab
822 3118 863 3143 eo
887 3105 1044 3153 positis;
1083 3105 1218 3151 quodsi
1238 3108 1463 3151 procurator
1493 3104 1542 3139 sit
1572 3114 1691 3139 rerum
1723 3103 1941 3144 alienarum,
1977 3106 2013 3137 et
2042 3102 2184 3145 titulos,
2215 3103 2320 3138 dcun
2351 3100 2458 3138 modo

280 3226 300 3258 6
323 3218 395 3258 ὑπὸ
417 3221 495 3255 τῶν
518 3218 641 3254 αὐτῶν
668 3221 712 3254 L¹
742 3217 813 3254 ὑπὸ
837 3219 891 3252 τῶ
916 3215 1016 3251 αὖτῶ
1044 3219 1090 3251 L²
1115 3219 1127 3261 ss
1161 3221 1201 3252 10
1225 3213 1309 3250 ἄνα·
1382 3220 1438 3260 (cfl
1453 3219 1571 3252 XXX
1589 3220 1608 3252 8
1625 3219 1691 3258 §1)]
1710 3217 1942 3262 προεηγορίαθ
1959 3217 2064 3260 librifl
2089 3217 2131 3249 39
2150 3213 2342 3261 περιθήσει
2355 3209 2457 3256 LB'

236 3268 351 3311 θ’ἦναι
365 3268 409 3301 Μ
410 3267 461 3301 “L
479 3266 491 3311 ΙΙ
510 3268 550 3301 12
575 3265 825 3300 ἐπιτιθέντιΒ
849 3263 1059 3299 ἐπιτεθέντι
1080 3264 1127 3297 L¹
1143 3262 1155 3307 ΙΙ
1178 3264 1217 3297 13
1242 3274 1309 3296 πα·
1380 3265 1422 3296 40
1447 3260 1558 3295 αὐτοῦ
1584 3263 1620 3296 Β

235 3312 328 3357 τρὸς]
348 3309 484 3357 πατρὸς
500 3307 604 3356 ἡμῶν
618 3311 649 3344 L
664 3310 676 3355 ΙΙ
700 3313 738 3345 18
763 3310 901 3353 σεμνῶς
914 3310 956 3342 Μ
968 3308 979 3353 11
999 3310 1036 3341 ἐκ
1057 3305 1311 3353 κονσουλαρίας
1388 3318 2449 3356 -ῃςᾼω--ψ--ῖ--ἐ

238 3359 310 3392 ML
333 3357 373 3398 ἐξ
393 3354 566 3392 ὑπατείας
591 3357 635 3389 M
641 3369 669 3390 ε.
680 3368 723 3397 υ.,
746 3357 779 3388 Β
796 3356 808 3399 ΙΙ
829 3357 868 3388 19
893 3350 1100 3399 ἡγεμονικῆς
1123 3354 1311 3387 Zachariae
1428 3355 1441 3385 1
1469 3353 1715 3394 impertiremur
1739 3352 1771 3384 T
1794 3350 1806 3394 ΙΙ
1834 3351 1853 3383 2
1878 3353 1917 3382 ut
1941 3352 2010 3382 uite
2034 3349 2132 3382 detur
2162 3348 2197 3383 V
2220 3348 2262 3380 ut
2280 3346 2358 3396 ulte·
2374 3343 2454 3377 dent

238 3415 277 3435 ez·
299 3415 318 3439 ς
333 3404 345 3445 ΙΙ
364 3404 407 3437 20
429 3398 692 3445 σπεκταβιλίαν
717 3401 775 3441 Μ]
799 3398 1042 3443 περίβλεπτον
1065 3399 1135 3432 LB
1150 3398 1163 3442 11
1182 3400 1222 3432 21
1249 3392 1311 3430 αὖ·
1383 3395 1437 3441 ΤΙΙ
1457 3400 1475 3430 5
1500 3396 1649 3438 singulos
1679 3395 1732 3440 ΤΙΙ
1750 3397 1770 3430 8
1794 3395 1904 3437 gratia
1927 3397 2131 3437 competente
2155 3390 2214 3436 T}
2236 3390 2274 3424 11
2298 3387 2360 3421 tell
2387 3387 2455 3439 *1⁷ss

237 3444 318 3480 ’τοὺς
341 3461 398 3480 om.
413 3447 449 3480 B
475 3447 488 3491 fl
518 3446 705 3488 πανταχοῦ
727 3444 886 3491 χρῆσθαι
910 3445 946 3478 Β
975 3444 987 3487 ΙΙ
1015 3445 1056 3478 25
1080 3440 1157 3486 ἰδίᾳ
1178 3456 1236 3477 om.
1251 3454 1271 3479 ς
1300 3440 1313 3487 ΙΙ
1385 3443 1423 3475 12
1437 3455 1485 3485 sq.
1511 3442 1598 3475 nulli
1621 3443 1731 3484 portet
1754 3441 1860 3483 igitur
1889 3439 1947 3484 Vll
1968 3441 2003 3474 17
2029 3437 2195 3482 praendat
2220 3433 2266 3474 V]
2289 3432 2454 3485 praecidet

238 3493 282 3524 29
311 3489 356 3524 Τὸ
380 3489 419 3524 δὲ
441 3510 485 3516 -
510 3493 549 3526 31
575 3494 716 3538 χωρίοις
738 3503 796 3524 om.
811 3490 842 3523 L
865 3487 927 3533 (μὴ
950 3490 1180 3534 παραχωρεῖν
1200 3484 1241 3521 δὲ
1259 3499 1310 3520 τι·
1383 3488 1413 3519 Τ
1427 3485 1439 3531 ΙΙ
1459 3489 1498 3520 19
1522 3487 1670 3530 praedali
1703 3486 1736 3519 V
1756 3485 1768 3530 ΙΙ
1799 3486 1841 3519 20
1865 3495 1999 3528 parcere
2024 3483 2071 3534 T!
2092 3481 2218 3525 partem
2239 3478 2274 3511 V
2294 3479 2306 3521 Ι
2328 3479 2372 3530 ,21
2401 3481 2452 3510 uti

238 3537 304 3587 σὶν,
322 3533 470 3588 σανίδας
490 3535 700 3591 ἐπιτιθέναι
721 3537 781 3568 καὶ
806 3546 971 3567 oon-tow
989 3532 1045 3575 (τὸ
1065 3533 1232 3588 οἰκεΞονῗ)
1257 3533 1310 3576 ἐγ·
1380 3532 1455 3583 aad.
1470 3534 1555 3575 vulq.
1582 3531 1595 3575 ΙΙ
1622 3533 1673 3584 22.
1686 3541 1809 3574 ponere
1833 3543 1892 3563 om.
1907 3530 1941 3563 T
1959 3529 1971 3572 ΙΙ
1993 3529 2036 3562 24
2057 3527 2150 3559 nutu
2171 3522 2230 3588 ΥΙ
2256 3523 2302 3601 ἒῖ
2326 3524 2452 3600 ιιιτειΊι-ἐ]

239 3592 387 3664 iffi&
404 3590 708 3667 ἕνὲἴιῗηλῶγῗῖζῗ
723 3579 872 3658 litai}
893 3619 914 3666 ἢ
932 3578 1082 3657 mlv?
1092 3574 1312 3661 ζιέιῖῗιῗῖῗηῗ
1378 3577 1570 3663 ssssi‘tzssdffl
1582 3578 1643 3665 13⁸„
1663 3587 1711 3655 ¹:3¹2
1725 3574 1873 3663 ‘i'ss‘pssri'
1890 3575 2000 3651 ἕιῗωῗῖ
2015 3569 2164 3648 ameV
2178 3566 2213 3646 1⁷³
2227 3570 2253 3657 1³
2269 3577 2368 3664 33⁸2}
2392 3565 2452 3645 ‘ml'

240 3669 323 3702 vidit
339 3668 551 3713 Zachariaen
575 3671 617 3705 32
640 3669 752 3713 μόνου
774 3670 875 3711 LBe]
899 3667 1013 3712 μόνον
1031 3670 1076 3703 M
1090 3668 1104 3713 ΙΙ
1125 3665 1229 3711 ἣδιον
1245 3667 1277 3702 L
1298 3664 1312 3711 ΙΙ
1384 3667 1415 3699 Τ
1432 3667 1474 3699 al.
1504 3666 1517 3711 ΙΙ
1548 3668 1589 3701 35
1614 3666 1655 3699 de
1699 3667 1756 3699 net
1781 3665 1814 3699 T
1834 3662 1848 3709 Ι
1879 3659 2070 3715 inuestigiet
2100 3657 2168 3702 ῩΙ
2197 3659 2239 3691 36
2264 3657 2351 3690 dicet
2376 3657 2410 3691 T
2439 3659 2454 3700 fl

241 3715 286 3750 34
308 3725 348 3748 τι
368 3712 439 3755 τῆς]
463 3725 502 3747 τι
527 3728 583 3748 om.
599 3716 629 3749 L
649 3717 663 3759 Ι]
698 3718 740 3750 35
765 3716 1000 3763 προςηγορίαν
1026 3714 1219 3748 Haloander
1236 3724 1275 3747 ex
1292 3723 1312 3749 ς
1380 3712 1421 3746 37
1446 3714 1613 3754 repentem
1691 3709 1705 3754 fl
1730 3708 1886 3753 publicu·
1908 3706 1983 3740 cnon
