2618 4010
206 164 266 195 UT
294 163 618 195 PRAEPONA'I'UR

259 407 436 462 ΠΕΡΙ
467 407 609 460 ΤΟΥ
646 342 1220 461 ΠΙἺΞΠΑΤΤΕΣΘΑΙ

204 475 303 529 ΤΟ
362 475 505 526 TOY
561 473 945 528 ΒΑΣΙΛΕῼΣ
1006 474 1275 533 ΟΝΟΜΑ

203 541 308 593 EN
351 541 525 595 ΤΟΙΣ
573 541 1096 594 ΣΥΜΒΟΛΑΙΟΙΣ
1140 540 1278 593 ΚΑΙ

1278 147 1361 216 2εξ3

2042 152 2146 196 Nov.
2179 152 2333 194 XLVII
2363 166 2423 207 pr.

1689 336 1835 373 XLVII.
1884 339 1992 373 Auth.
2005 338 2168 374 XLVIII.
2196 338 2323 375 Coll.V
2336 338 2422 374 tit.3

1529 408 1578 456 R
1612 406 1706 456 UT
1735 406 2239 456 PRAEPONATUR

1381 472 1839 524 IMPERATORIS
1893 473 2129 523 NOMEN
2187 473 2389 525 DOCU-

1380 540 1651 600 MENTIS,
1696 541 1788 589 ET
1817 540 1912 589 UT
1947 540 2220 590 LATINIS
2257 543 2389 591 LIT-

202 608 744 667 YHOMNHMAEI,
774 608 912 660 ΚΑΙ
944 607 1125 662 ῼΣΤΕ
1157 607 1278 660 AIA
1313 622 1331 652 5
1382 608 1597 658 TERIS
1654 607 1998 657 APERTIUS
2054 608 2386 660 TEMPORA

201 675 350 728 ΤΩΝ
379 675 778 729 ΡΩΜΑΙΚῼΝ
811 674 1276 728 ΓΡΑΜΜΑΤΩΝ

202 743 863 796 ΣΗΜΑΙΝΟΜΕΝΟΥΣ
894 743 1080 797 ΤΟΥΣ
1111 743 1277 794 ΧΡΟ-

377 810 570 862 ΝΟῩΣ
614 808 1103 864 ΣΑΦΕΣΤΕΡΟΝ

523 877 957 930 ΓΡΑΦΕΣΘΑΙ.

200 953 235 989 ‘0
257 951 361 989 αὐτὸς
381 955 546 1010 βασιλεὺς
567 955 715 1010 ζΙωᾴννῃ
740 955 884 1001 ἐπάρχῳ
907 957 1143 1000 πραιτωρίων
1166 952 1208 987 τὸ
1228 952 1275 997 β’,
1293 956 1331 988 10

465 1000 537 1036 απὸ
559 1014 711 1036 υπατων
734 1004 794 1034 καὶ
819 1003 1009 1045 πατρικίῳ.

244 1068 299 1113 <11
304 1082 324 1114 ρ
331 1081 350 1101 o
360 1081 379 1101 ο
389 1071 404 1102 ί
444 1082 456 1102 ι
466 1081 484 1101 ο
492 1068 542 1111 ν.>
586 1065 719 1101 Ἐκεῖνο
749 1066 901 1101 πάντων
933 1066 1025 1100 εἶναι
1053 1064 1276 1110 σεμνότατον

1593 674 2172 726 PERSCRIBANTUR.

1434 954 1522 999 Imp.
1548 954 1765 990 Iustinianus
1790 954 1881 999 Aug.
1903 953 2053 990 Iohanni
2077 964 2137 999 pp.
2161 953 2330 990 secundo.

1394 1064 1524 1109 <Prae
1535 1065 1682 1111 satio>
1727 1066 1819 1102 Illud
1851 1067 2007 1102 omnium
2036 1076 2115 1103 esse
2146 1065 2330 1101 honestius
2354 1075 2421 1110 pu-

199 1116 257 1146 καὶ
282 1113 397 1157 συμβό
423 1126 502 1147 αιον
524 1115 584 1146 καὶ
606 1110 802 1156 ὑπόμνημα
826 1115 885 1145 καὶ
909 1112 946 1145 εἴ
963 1115 1002 1145 τί
1024 1123 1091 1156 περ
1116 1108 1206 1145 ὅλως
1229 1111 1275 1144 εἰς
1343 1109 1491 1144 tandum
1521 1110 1770 1146 documentum
1803 1114 1839 1147 et
1867 1116 1967 1155 gesta
2000 1115 2034 1147 et
2059 1111 2152 1157 quod
2183 1110 2324 1147 omnino
2356 1120 2420 1155 pro

198 1156 325 1204 χρόνου
348 1156 492 1202 μνήμην
514 1155 729 1204 ἀνθρώποις
753 1155 936 1202 ἐξεύρηται
959 1159 1158 1200 νομιστέον,
1186 1152 1274 1200 ὅπερ
1343 1155 1510 1199 temporis
1543 1157 1711 1191 memoria
1742 1157 1944 1192 hominibus
1977 1157 2204 1192 adinventum
2229 1160 2292 1199 est,
2327 1155 2422 1199 quod

199 1206 258 1235 καὶ
284 1200 374 1246 αὐτῆ
398 1205 580 1247 κοσμεῖται
609 1203 653 1249 τῇ
677 1203 738 1245 τῆς
760 1200 943 1246 βασιλείας
964 1200 1094 1248 μνήμῃ.
1142 1198 1273 1234 ὕπατοι
1290 1200 1421 1244 15ipsa
1445 1209 1586 1245 quoque
1611 1202 1943 1237 commemoratione
1967 1206 2116 1237 ornatur
2139 1201 2285 1246 imperii.
2329 1202 2420 1236 Con-

198 1250 265 1289 μὲν
294 1239 361 1294 γὰρ
390 1250 449 1281 καὶ
481 1245 702 1290 ἐπινεμήσεις
735 1250 794 1280 καὶ
825 1246 861 1280 εἴ
886 1251 925 1280 τί
946 1259 1013 1293 περ
1038 1245 1163 1293 δεῖγμα
1196 1246 1274 1279 ’τῶν
1343 1245 1439 1280 sules
1474 1246 1604 1280 etenim
1640 1248 1676 1280 et
1710 1246 1920 1282 indictiones
1957 1251 1991 1282 et
2027 1247 2218 1292 quodquod
2252 1245 2421 1281 indicium

198 1291 341 1338 χρόνων
363 1288 455 1326 ὅλως
478 1293 554 1326 ἐστὶ
579 1289 667 1338 παρ’
691 1288 785 1335 ἡμῖν,
810 1293 886 1325 ἔστι
909 1294 976 1335 μὲν
993 1294 1078 1326 ἴσως
1101 1294 1160 1324 καὶ
1183 1288 1274 1325 αὐτὰ
1342 1293 1542 1334 temporum
1566 1291 1708 1326 omnino
1733 1294 1788 1326 est
1811 1292 1908 1336 apud
1931 1302 2008 1334 nos,
2033 1296 2117 1327 sunt
2139 1292 2278 1336 quidem
2297 1291 2420 1325 forsan

199 1335 376 1380 δηλωτικὰ
407 1336 549 1371 τούτων
573 1335 627 1370 ὠν
657 1335 829 1380 βούλεταί
853 1348 922 1379 τις,
953 1335 993 1370 οὗ
1018 1335 1088 1380 μὴν
1120 1334 1215 1381 ἡμεῖς
1238 1349 1274 1369 τι
1343 1337 1379 1370 et
1402 1336 1492 1370 haec
1517 1335 1751 1380 significativa
1774 1336 1900 1371 horum
1925 1346 2016 1381 quae
2039 1337 2175 1380 volunt,
2206 1346 2279 1371 non
2302 1338 2422 1370 tamen

197 1381 340 1416 τούτων
363 1380 586 1427 ἀναιροῦμεν,
619 1379 707 1415 ἀλλὰ
738 1383 887 1426 μείζονα
916 1382 1124 1427 προςθήκην
1157 1380 1275 1415 αὐτοῖς
1343 1391 1408 1416 nos
1433 1380 1567 1425 aliquid
1587 1381 1715 1416 horum
1738 1381 1952 1426 perimimus,
1978 1382 2040 1417 sed
2058 1382 2226 1416 maiorem
2250 1381 2420 1416 adiectio-

198 1427 427 1471 έπιτίθεμεν,
460 1427 519 1461 ἵνα
543 1428 582 1460 ἐκ
604 1425 785 1470 μειζόνων
812 1440 852 1460 τε
875 1430 934 1460 καὶ
959 1426 1188 1473 τελεωτέρων
1214 1423 1273 1459 αὖ·
1288 1428 1329 1460 20
1343 1436 1422 1461 nem
1447 1426 1497 1461 eis
1521 1426 1734 1471 inponimus,
1768 1429 1809 1460 ut
1835 1437 1879 1461 ex
1903 1426 2096 1462 maioribus
2131 1429 2168 1461 et
2198 1425 2422 1470 perfectiori-

196 1475 269 1505 τοῖς
293 1468 311 1506 ὁ
335 1473 412 1506 τῶν
435 1469 576 1518 χρόνων
603 1470 763 1514 ὃηλῶται
787 1469 924 1518 δρόμος.
980 1473 1010 1506 εἰ
1033 1470 1100 1519 γάρ
1132 1483 1184 1506 τις
1208 1468 1273 1506 ἀπ·
1343 1471 1409 1506 bus
1434 1471 1484 1505 eis
1509 1474 1707 1517 temporum
1741 1471 1946 1516 designetur
1980 1482 2115 1507 cursus.
2164 1471 2201 1506 Si
2226 1471 2303 1515 quis
2328 1470 2422 1506 enim

197 1515 268 1550 ι’δοι
292 1517 380 1562 πρὸς
403 1516 448 1551 τὰ
469 1514 698 1552 παλαιότατα
722 1516 874 1551 πάντων
894 1521 953 1551 καὶ
973 1516 1103 1563 ἀρχαῖα
1127 1517 1191 1551 τοῦ
1212 1529 1275 1551 πο-
1344 1516 1543 1560 respexerit
1572 1516 1619 1552 ad
1650 1517 1890 1552 vetustissima
1921 1516 2076 1552 omnium
2108 1519 2145 1551 et
2174 1517 2322 1560 antiqua
2351 1516 2421 1550 rei-

197 1561 419 1605 λιτεύματος,
464 1562 613 1596 Αἰνείας
649 1560 735 1606 ἡμῖν
770 1559 789 1596 ὁ
828 1561 924 1608 Τρώς
960 1561 978 1597 ὁ
1015 1561 1181 1606 βασιλεὺς
1215 1563 1275 1605 τῆς
1343 1562 1526 1606 publicae,
1568 1562 1710 1597 Aeneas
1746 1562 1850 1597 nobis
1887 1562 2064 1597 Troianus
2104 1571 2166 1596 rex
2204 1561 2423 1606 reipublicae

196 1606 377 1642 πολιτείας
409 1605 561 1653 ἐξάρχει,
587 1604 766 1642 Αἰνεάὸαι
798 1620 838 1641 τε
870 1604 966 1651 ἡμεῖς
994 1608 1032 1648 ἐξ
1055 1610 1190 1641 ἐκείνου
1213 1620 1273 1640 κα-
1342 1607 1509 1651 princeps
1535 1610 1590 1642 est
1614 1617 1749 1652 nosque
1768 1607 1958 1643 Aeneadae
1981 1607 2028 1642 ab
2052 1607 2111 1642 illo
2135 1616 2324 1649 vocamur;
2350 1606 2423 1642 sive

196 1651 376 1696 λούμεθα·
413 1652 484 1686 εἴτε
512 1663 566 1694 τις
596 1655 655 1686 καὶ
687 1653 735 1687 εἰς
763 1650 825 1687 τὰς
857 1650 1020 1700 δευτέρας
1049 1651 1155 1699 ἀρχὰς
1178 1652 1273 1686 θεω-
1288 1655 1328 1686 25
1343 1652 1420 1696 quis
1446 1652 1551 1687 etiam
1580 1652 1626 1688 ad
1651 1652 1810 1687 secunda
1834 1652 2009 1697 principia
2033 1652 2243 1697 respexerit,
2277 1660 2321 1686 ex
2354 1661 2423 1695 quo

194 1695 311 1740 ρήσειε
341 1695 404 1732 τὰς
435 1698 473 1737 ἐξ
496 1696 536 1731 οὗ
561 1698 735 1744 καθαρῶς
765 1696 807 1732 τὸ
833 1697 1018 1745 ῥωμαϊκὸν
1042 1697 1157 1742 ὄνομα
1180 1694 1271 1743 παρ’
1342 1706 1432 1741 pure
1461 1697 1703 1733 Romanorum
1734 1707 1861 1733 nomen
1894 1697 1990 1742 apud
2021 1697 2181 1733 homines
2213 1696 2421 1739 coruscavit,

194 1740 409 1789 ἀνθρώποις
443 1741 638 1788 ἐξέλαμψε,
674 1741 832 1787 βασιλεῖς
868 1740 975 1778 αὐτὰς
1005 1740 1274 1786 κατεστήσαντο
1342 1751 1443 1786 reges
1467 1752 1545 1778 eam
1570 1743 1833 1778 constituerunt
1856 1743 2028 1778 Romulus
2053 1745 2089 1777 et
2107 1742 2235 1784 Numa,
2261 1742 2320 1777 ille
2344 1741 2422 1786 qui-

193 1785 367 1832 Ῥωμύλος
388 1800 428 1821 τε
452 1790 510 1821 καὶ
535 1789 694 1832 Νουμᾶς,
727 1785 746 1821 ὁ
770 1790 837 1832 μὲν
868 1787 936 1831 τὴν
959 1787 1067 1823 πόλιν
1091 1786 1273 1832 οἰκοδομή·
1342 1787 1422 1821 dem
1460 1788 1638 1823 civitatem
1676 1787 1885 1831 aedificans,
1922 1788 1983 1823 ille
2017 1790 2137 1823 autem
2173 1797 2250 1822 eam
2285 1787 2422 1830 legibus

194 1843 276 1875 σας,
307 1830 327 1866 ὁ
352 1831 390 1866 δὲ
414 1830 526 1876 αὐτὴν
559 1831 680 1877 νόμοις
702 1831 810 1873 τάξας
838 1846 878 1868 τε
901 1837 960 1867 καὶ
984 1832 1273 1878 κατακοσμήσας·
1343 1832 1515 1868 ordinans
1551 1837 1587 1868 et
1623 1843 1820 1878 exornans;
1859 1834 1932 1869 sive
1964 1833 2069 1868 etiam
2106 1832 2214 1868 tertia
2246 1832 2424 1876 principia

194 1877 265 1911 εἴτε
287 1881 347 1911 καὶ
378 1876 424 1912 τὰ
447 1882 553 1922 τρίτα
583 1881 755 1924 προοίμια
779 1876 882 1922 λάβοι
912 1890 966 1913 τις
997 1880 1058 1922 τῆς
1080 1877 1272 1922 βασιλείας,
1286 1880 1327 1912 30
1342 1881 1458 1913 sumat
1482 1878 1630 1923 quilibet
1653 1878 1802 1924 imperii,
1830 1878 2016 1914 Caesarem
2038 1878 2228 1913 maximum
2246 1881 2281 1912 et
2296 1877 2421 1921 Augu-

194 1921 260 1956 τὸν
281 1926 449 1969 Καίσαρα
471 1922 537 1957 τὸν
556 1926 670 1970 μέγαν
694 1926 753 1957 καὶ
772 1923 985 1970 Αὔγουστον
1008 1924 1072 1958 τὸν
1092 1922 1273 1967 σεβαστὸν
1341 1926 1435 1958 stum
1461 1924 1560 1969 pium
1593 1926 1629 1959 et
1651 1924 1702 1959 ita
1733 1924 1989 1969 rempublicam
2020 1923 2122 1959 nobis
2152 1923 2306 1958 inveniet
2329 1922 2422 1957 hanc

194 1970 254 2000 καὶ
285 1964 380 2002 οὕτω
415 1967 481 2011 τὴν
505 1967 690 2003 πολιτείαν
722 1965 805 2024 ἡμῖν
834 1968 1011 2015 ἐξευρήσει
1041 1968 1108 2011 τὴν
1139 1970 1205 2002 νῦν
1230 1967 1274 2012 δὴ
1341 1979 1432 2014 quae
1465 1980 1560 2004 nunc
1593 1972 1648 2004 est
1677 1969 1863 2011 valentem,
1897 1968 2014 2013 sitque
2044 1968 2252 2004 immortalis
2283 1968 2328 2003 ab
2352 1967 2422 2002 illis

193 2010 330 2056 ταύτην
353 2014 556 2059 κρατοῦσαν
581 2013 646 2057 (εἴη
667 2011 708 2047 δὲ
721 2013 920 2057 αθάνατος)
944 2015 983 2055 ἐξ
1003 2017 1152 2048 ἐκείνων
1170 2017 1269 2060 προϊ-
1340 2014 1549 2059 procedens.
1597 2014 1679 2050 Erit
1710 2024 1794 2059 ergo
1830 2014 2024 2051 absurdum
2059 2014 2097 2049 in
2129 2012 2351 2050 documentis
2387 2015 2423 2048 et

194 2058 316 2093 οὖσαν.
354 2060 454 2093 ἔστιν
470 2053 533 2093 οὖν
550 2058 690 2093 ἄτοπον
714 2060 753 2092 ἐν
772 2062 845 2093 τοῖς
868 2059 1097 2104 συμβολαίοις
1122 2061 1181 2093 καὶ
1200 2061 1273 2093 τοῖς

250 2149 334 2183 Νου.
359 2151 429 2183 XL
441 2150 511 2183 VII
531 2150 694 2190 (Authent.
710 2150 777 2182 XL
789 2150 880 2183 VIII
899 2166 942 2177 =
972 2150 1051 2183 Coit.
1075 2150 1164 2182 Vtit.
1180 2151 1214 2182 3:
1240 2150 1353 2192 gloss.)
1380 2149 1505 2183 Graece
1530 2156 1617 2183 extat
1641 2151 1673 2184 in
1699 2150 1789 2193 ML,
1814 2151 1850 2183 Β
1875 2151 1929 2192 22,
1950 2159 1978 2193 2,
2002 2158 2018 2184 2
2043 2163 2112 2185 cum
2135 2150 2233 2183 schol.
2259 2168 2302 2174 -—-
2331 2149 2420 2192 Epit.

196 2194 315 2228 Theod.
330 2197 370 2228 47
398 2196 486 2236 (inde
510 2191 595 2237 ΒΣ),
619 2195 740 2228 Athan.
757 2196 808 2235 14,
824 2202 851 2228 2.
898 2196 1019 2227 Iulian.
1035 2202 1131 2227 const.
1148 2194 1266 2226 XLII.

1226 2313 1292 2347 XL
1304 2312 1386 2348 VII.

570 2392 656 2441 UT
692 2390 952 2441 NOMEN
987 2390 1483 2442 IMPERATORIS
1522 2390 2052 2443 INSTRIJMENTIS

194 2460 289 2511 ET
310 2459 513 2510 ACTIS
542 2457 1069 2521 PRAEPONATUR,
1120 2457 1214 2508 ET
1246 2458 1332 2508 UT
1359 2457 1692 2508 TEMPORA
1747 2459 2042 2509 LATINIS
2085 2459 2421 2511 LITTERIS

662 2525 1004 2576 INDICATA
1041 2525 1085 2574 A
1093 2525 1305 2576 COURA
1310 2525 1389 2575 TI
1389 2525 1469 2576 US
1499 2525 1540 2575 S
1544 2524 1666 2577 CR]
1664 2525 1955 2578 BANTIJR.

510 2603 610 2640 Idem
632 2605 818 2650 Auqustus
841 2602 1003 2639 Iohanni
1026 2603 1219 2649 praefecto
1244 2604 1437 2649 praetorio
1470 2605 1618 2647 iterum,
1653 2605 1843 2640 exconsuli
1872 2609 1907 2640 et
1928 2605 2102 2650 patricio.

329 2683 592 2728 Praefatio.
649 2681 748 2726 Illud
772 2682 928 2718 omnium
951 2682 1201 2729 yravissimum
1225 2682 1504 2718 existimandum
1527 2686 1582 2718 est
1611 2686 1647 2719 et
1674 2684 1948 2719 instrumentum
1979 2686 2015 2719 et
2037 2686 2301 2719 monumentum
2332 2687 2372 2719 et·
2386 2685 2419 2720 si

194 2728 283 2775 quid
307 2729 450 2764 omnino
475 2727 525 2763 ad
548 2728 721 2774 temporis
751 2728 958 2763 memoriam
989 2726 1033 2762 ab
1066 2726 1268 2762 hominibus
1298 2727 1545 2773 eoecoqitatum
1569 2732 1632 2770 est,
1666 2728 1765 2774 quod
1787 2729 1868 2774 ipsa
1899 2739 2043 2774 quoque
2074 2729 2218 2774 imperii
2239 2730 2418 2765 mentione

194 2775 399 2809 decoratur.
438 2773 531 2808 Nam
552 2772 717 2808 consules
739 2776 775 2808 et
792 2772 1006 2808 indictiones
1028 2776 1063 2807 et
1081 2772 1114 2807 si
1132 2771 1232 2818 quod
1254 2772 1356 2807 aliud
1376 2773 1520 2808 omnino
1545 2773 1647 2819 apud
1668 2784 1735 2809 nos
1758 2779 1813 2809 est
1832 2772 2003 2808 indicium
2028 2777 2226 2820 temporum
2249 2778 2334 2809 sunt
2353 2774 2418 2809 illa

194 2818 337 2865 quidem
361 2822 397 2854 et
420 2819 500 2864 ipsa
523 2818 687 2863 fortasse
710 2817 839 2868 idonea
863 2816 913 2852 ad
934 2828 977 2853 ea
1001 2827 1094 2863 quae
1117 2817 1199 2868 quis
1222 2817 1299 2852 vult
1318 2816 1554 2868 desi-ornanda,
1579 2829 1694 2864 neque
1714 2829 1781 2853 nos
1802 2829 1924 2854 eorum
1945 2819 2138 2870 quicquam
2163 2818 2331 2861 tollimus,
2355 2820 2420 2854 sed

193 2865 311 2899 maius
331 2863 613 2899 additamentum
631 2863 677 2897 iis
693 2873 920 2908 apponimus,
942 2866 982 2897 ut
1001 2873 1051 2898 ex
1067 2862 1263 2897 maioribus
1283 2865 1319 2897 et
1332 2862 1620 2907 perfectioribus
1643 2867 1842 2909 temporum
1863 2873 1992 2898 cursus
2007 2864 2053 2898 iis
2069 2863 2285 2909 desiqnetur.
2323 2864 2417 2898 Nam

194 2909 225 2944 si
241 2908 324 2954 quis
339 2907 389 2943 ad
403 2908 641 2944 vetustissima
659 2908 815 2942 omnium
833 2911 995 2953 tempora
1011 2911 1047 2942 et
1062 2907 1310 2952 antiquitatem
1327 2906 1547 2952 reipublicae
1562 2908 1745 2953 respiciat,
1763 2909 1903 2943 Aeneas
1917 2908 2096 2943 Troianus
2112 2919 2182 2944 rex
2198 2909 2418 2954 reipublicae

194 2957 343 2989 nostrae
364 2953 505 2988 initium
530 2952 638 2994 dedit,
663 2962 799 2997 nosque
822 2951 1013 2987 Aeneadae
1037 2951 1081 2987 ab
1105 2952 1168 2987 illo
1195 2963 1386 2993 vocamur;
1421 2952 1495 2987 sive
1518 2953 1599 2997 quis
1622 2953 1728 2987 etiam
1758 2953 1807 2988 ad
1828 2953 2004 2988 secundas
2029 2953 2188 2999 origines
2210 2958 2347 3000 spectet
2369 2965 2418 2989 ex

195 3009 267 3043 quo
284 2997 487 3033 Romanum
510 3008 638 3032 nomen
661 2998 754 3032 inter
777 2995 937 3032 homines
961 2997 1059 3032 clare
1082 2996 1324 3042 exsplenduit,
1349 3007 1452 3042 reyes
1474 2996 1558 3031 illas
1582 2998 1844 3033 constituerunt
1859 2997 2034 3033 Romulus
2057 3002 2092 3033 et
2108 2997 2239 3039 Numa,
2263 3009 2418 3044 quorum

196 3043 288 3078 alter
311 3043 434 3078 urbem
458 3041 630 3083 condidit,
662 3042 755 3077 alter
777 3052 856 3076 eam
879 3041 1018 3087 leqibus
1047 3045 1084 3077 et
1107 3041 1288 3077 ordinavit
1317 3046 1352 3077 et
1376 3042 1539 3082 ornavit;
1572 3042 1647 3077 sive
1670 3042 1776 3077 etiam
1806 3043 1913 3078 tertia
1937 3043 2018 3088 quis
2040 3043 2244 3089 primordia
2275 3044 2419 3090 imperii

189 3090 306 3134 petat,
341 3087 527 3123 Caesarem
551 3097 724 3133 maqnumv
745 3089 781 3122 et
802 3087 1003 3131 Auqustum
1026 3090 1189 3121 sanetum
1219 3090 1329 3132 atque
1352 3086 1403 3121 ita
1427 3085 1683 3131 rempublicam
1707 3090 1868 3122 nostram
1892 3087 2049 3134 reperiet
2082 3087 2175 3123 lianc
2207 3099 2300 3133 quae
2324 3099 2419 3123 nunc

195 3131 291 3167 valet
313 3134 363 3175 (et
385 3132 522 3167 utinam
546 3131 760 3166 immortalis
783 3131 844 3173 sit)
869 3130 913 3165 ab
938 3130 1011 3165 illis
1026 3132 1249 3177 profectam.
1308 3130 1511 3166 Absurdum
1544 3131 1657 3176 iqitur
1685 3136 1739 3167 est
1769 3132 2086 3168 ininstrumentis
2117 3132 2233 3178 iisque
2263 3144 2358 3178 quae
2379 3134 2418 3168 in

242 3225 260 3256 7
286 3219 367 3255 τούς
388 3234 444 3255 om.
460 3222 506 3254 M
524 3220 537 3265 ΙΙ
566 3223 606 3255 10
632 3223 727 3255 inser.
747 3229 776 3255 et
791 3233 930 3263 prooem.
946 3233 1004 3254 om.
1018 3221 1065 3273 Β,
1088 3222 1163 3254 add.
1180 3219 1238 3254 ΒΣ
1263 3220 1274 3267 Ι]
1402 3224 1479 3264 isq.
1506 3221 1546 3264 Py
1571 3221 1721 3254 XLVIII
1736 3240 1743 3247 ·
1775 3222 1809 3255 V
1838 3221 1850 3266 u
1886 3224 1904 3255 2
1930 3225 2135 3265 proponatur
2162 3224 2195 3255 V
2199 3227 2215 3243 α

196 3269 292 3301 inser.
313 3263 350 3299 ‘0
371 3262 477 3299 αὐτὸς
500 3263 664 3309 βασιλεὺς
688 3266 739 3308 τῷ
761 3265 934 3310 εἰρημένῳ
958 3266 1104 3310 ἐπαρχῳ
1128 3266 1192 3308 (τῷ
1216 3264 1274 3298 αὐ-

197 3312 250 3354 τῷ
275 3312 364 3352 Am.)
398 3304 459 3344 ΒΣ
471 3312 545 3344 Ath.
575 3311 587 3354 ss
625 3313 662 3344 11
690 3322 766 3344 πατ
790 3313 879 3342 ικίου
904 3311 934 3342 L
968 3310 979 3352 ΙΙ
1018 3312 1059 3343 14
1085 3307 1273 3356 ἐξηύρηται

197 3359 284 3400 vulg).
308 3353 395 3397 (ΒΣ)
424 3355 435 3399 ΙΙ
478 3358 515 3388 16
541 3355 577 3388 εἴ
600 3358 639 3388 τί
668 3367 735 3400 περ
790 3357 893 3400 εῖγμα
925 3355 1002 3387 τῶν
1026 3353 1139 3396 MBZ]
1177 3356 1212 3388 εἴ
1237 3359 1276 3389 τί

197 3403 279 3447 περὶ
301 3398 504 3447 δειγμάτων
521 3401 553 3433 L
585 3399 620 3432 εἴ
638 3412 673 3433 τι
698 3397 925 3445 παράδειγμα
949 3399 1026 3432 τῶν
1040 3401 1235 3434 Haloander
1261 3401 1273 3445 ΙΙ

200 3449 239 3480 17
255 3447 342 3486 ἐστὶ]
363 3446 430 3478 εἰσὶ
444 3447 474 3478 L
493 3445 505 3488 ΙΙ
520 3441 603 3487 ὑμῖν
615 3442 673 3489 ΒΣ
691 3446 702 3486 11
728 3446 769 3478 20
785 3444 1024 3489 προστίθεμεν
1038 3441 1096 3477 ΒΣ
1117 3445 1128 3488 ΙΙ
1144 3443 1270 3479 τελειο-

198 3493 314 3536 τέρων
326 3488 386 3524 ΒΣ
406 3492 417 3533 Η
442 3492 477 3524 21
505 3486 674 3532 δηλοῦται
689 3487 821 3522 MLB2
845 3489 857 3532 ll
883 3491 925 3523 22
945 3485 1166 3532 παλαιότερα
1181 3488 1237 3524 ΒΣ
1263 3491 1273 3535 Η

199 3538 242 3570 24
267 3533 428 3568 αἰνεάὸαι
455 3536 537 3575 ML]
562 3531 754 3567 Αἰνειάὸαι
779 3535 863 3577 vulg).
884 3531 971 3575 (ΒΣ)
996 3533 1008 3577 ΙΙ
1038 3537 1089 3575 τε]
1114 3533 1153 3568 δὲ
1179 3533 1236 3568 ΒΣ
1262 3536 1272 3579 Η

200 3583 242 3614 26
266 3579 307 3613 τὸ
332 3580 507 3625 ῥωμαίων
531 3581 562 3612 L
593 3581 604 3621 ΙΙ
640 3581 681 3613 28
706 3580 764 3611 καὶ
787 3574 805 3611 ὁ
830 3578 971 3621 Νουμᾶς
994 3575 1053 3611 ΒΣ
1084 3580 1095 3623 ΙΙ
1127 3582 1168 3614 29
1193 3591 1271 3613 κοσ-

199 3622 311 3668 μήσας
333 3622 388 3658 ΒΣ
409 3627 422 3669 ΙΙ
445 3627 487 3658 33
513 3625 646 3657 ἐκείνου
664 3625 695 3656 L
711 3623 723 3667 ΙΙ
742 3623 940 3668 προϊοῦσαν
962 3619 1073 3663 Μ’ΒΣ]
1099 3627 1271 3669 προϊοῖσα

201 3670 253 3705 ΕΞ
278 3670 291 3714 ss
314 3671 357 3703 34
380 3671 494 3710 ἔστιν]
519 3670 583 3702 erit
604 3682 622 3705 ς
646 3669 658 3712 ΙΙ
682 3670 740 3701 καὶ
766 3682 822 3702 om.
838 3669 869 3700 L

1341 3268 1432 3309 pora]
1457 3265 1511 3309 tpr
1528 3267 1623 3306 (corr.
1637 3266 1686 3308 τῇ)
1710 3265 1763 3310 VH
1790 3269 1810 3301 6
1828 3267 2015 3300 scribantur
2037 3269 2069 3301 V
2087 3268 2099 3309 ΙΙ
2127 3270 2166 3302 12
2185 3223 2419 3314 οηοιέιῒίἶειὲἰωῃ

1339 3311 1500 3353 ptandum
1532 3310 1580 3343 V¹
1610 3310 1622 3354 ΙΙ
1654 3312 1692 3344 13
1719 3311 1807 3352 quod
1834 3313 1919 3352 ΒΤ]
1941 3312 2036 3354 ,quid
2069 3313 2119 3346 V²
2155 3313 2288 3354 quidem
2320 3313 2372 3347 V³
2406 3317 2417 3358 ῃ

1342 3358 1383 3390 14
1399 3355 1551 3388 omnibus
1563 3355 1612 3388 R¹
1631 3354 1643 3399 ss
1662 3357 1701 3388 15
1719 3358 1860 3389 ornetur
1880 3358 1928 3390 V¹
1953 3360 2114 3390 ornentur
2136 3357 2183 3390 V³
2202 3357 2214 3402 ss
2233 3360 2273 3392 16
2295 3359 2417 3392 etenim

1340 3403 1372 3434 et
1401 3401 1611 3440 indictiones]
1650 3401 1772 3433 etenim
1804 3402 1849 3443 (et
1877 3414 1959 3435 corr.
1988 3402 2053 3443 V3)
2084 3402 2279 3435 indictionis
2302 3405 2378 3438 RV
2405 3404 2418 3448 ss

1340 3445 1517 3487 quodquod
1542 3444 1643 3486 RV¹J
1669 3446 1757 3487 quod
1778 3446 1910 3487 quidem
1931 3447 2019 3480 V³T
2037 3446 2049 3491 Η
2086 3449 2122 3480 17
2148 3447 2248 3490 apud]
2273 3451 2306 3481 et
2328 3450 2417 3491 apud

1339 3491 1431 3523 R2T
1455 3489 1466 3534 Η
1504 3492 1544 3524 19
1569 3490 1623 3522 sed
1652 3500 1670 3522 a
1699 3491 1854 3525 maiorem
1881 3493 1938 3524 Ra
1965 3491 1976 3536 ΙΙ
2015 3493 2058 3525 20
2083 3494 2116 3524 et
2144 3502 2182 3524 ex
2211 3494 2418 3535 perfectiori-

1338 3535 1398 3567 bus
1422 3535 1454 3568 R
1470 3536 1482 3577 ΙΙ
1507 3537 1546 3569 21
1574 3546 1686 3567 cursus
1710 3536 1900 3579 designetur
1924 3537 1958 3570 R
1976 3536 1987 3580 ΙΙ
2010 3538 2052 3570 22
2077 3537 2330 3572 uenistissimam
2351 3541 2383 3573 R
2406 3540 2418 3583 ΙΙ

1338 3579 1550 3621 reipublicae]
1576 3580 1743 3623 principia
1766 3582 1843 3614 add.
1866 3581 1916 3615 V³
1938 3581 1951 3626 ΙΙ
1981 3583 2023 3615 23
2043 3582 2174 3615 Heneas
2195 3584 2229 3616 V
2246 3583 2258 3627 ΙΙ
2279 3586 2322 3618 24
2343 3584 2417 3617 *est

1338 3626 1472 3665 nosque]
1507 3627 1538 3657 et
1561 3635 1620 3657 nos
1645 3627 1702 3666 qui
1724 3627 1800 3659 RV
1825 3628 1857 3659 et
1881 3636 1940 3659 nos
1965 3627 2098 3668 quidem
2122 3628 2207 3672 vuly.
2234 3629 2247 3673 ΙΙ
2279 3631 2321 3663 26
2344 3641 2415 3662 cor-

1338 3670 1485 3701 ruscauit
1508 3671 1694 3711 (corruscue
1712 3671 1771 3713 13¹)
1796 3672 1871 3705 RV
1886 3672 1899 3715 ΙΙ
1929 3673 1970 3706 27
1994 3682 2128 3705 nummo
2144 3673 2178 3705 R
2204 3673 2217 3719 ΙΙ
2247 3676 2289 3709 28
2311 3676 2415 3707 οἴσετα-

1339 3716 1403 3746 tem
1428 3715 1460 3747 V
1476 3714 1489 3759 ss
1518 3716 1576 3747 aut
1608 3715 1640 3748 V

2081 3775 2145 3808 36*
