2612 4016
179 177 239 210 m·
264 176 560 211 affirmatas
588 178 841 214 Pnovmcns
1251 163 1337 214 793
1400 217 1403 222 ,
2007 167 2085 214 Ed.
2105 169 2210 215 XIII
2240 171 2408 214 24-26

177 275 318 321 μνήμης
351 279 435 312 παῖς
465 275 536 324 πρὸ
567 278 629 321 τῆς
666 276 957 327 συμπληρώσεως
980 281 1044 315 τοῦ
1075 277 1274 327 αὖγούστου
1298 278 1412 325 μηνὸς
1434 280 1497 324 τῆς
1516 278 1600 327 ἅρτι
1623 279 1876 336 παρελθούσης
1899 279 2044 326 πρώτης
2066 280 2311 327 επινεμήσεως
2338 281 2408 317 τὸν

177 320 300 356 πάντα
327 324 430 356 σῖτον
460 322 664 370 εἰσήνεγκεν
695 324 742 358 εἰς
773 322 845 367 τὴν
873 322 1140 371 Ἀλεξανδρέων
1170 328 1231 360 καὶ
1261 325 1305 360 τὸ
1339 326 1539 369 τηνικαῦτα
1570 326 1624 369 τῷ
1654 338 1723 370 την
1755 324 2021 373 αὖγουσταλίαν
2050 328 2170 369 ἔχοντι
2194 325 2407 372 παρέδωκεν

177 362 301 412 ἀρχήν.
348 363 460 402 ταύτὸ
488 365 528 401 δε·
560 369 669 403 τοῦτο
698 369 831 415 ε’πραξε
863 371 924 403 καὶ
956 367 976 404 ὅ
1007 371 1074 404 νῦν
1102 371 1164 414 τῆς
1197 369 1304 414 αὐτῆς
1333 368 1444 418 ἀρχῆς
1466 368 1710 416 ἀντεχόμενος,
1739 373 1928 406 τουτέστιν
1949 367 2081 417 Ὠρίων
2105 369 2125 406 ὁ
2151 369 2404 413 ἐνδοξότατος·

177 407 327 446 ἅστινας
354 410 564 458 πληναρίας,
595 409 664 456 τήν
693 426 734 448 τε
770 415 832 450 ἐπὶ
852 409 1021 449 Ἰωάννου
1052 414 1123 459 τήν
1153 428 1194 450 τε
1225 417 1286 451 ἐπὶ
1308 414 1480 461 Ὠρίωνος
1509 419 1717 471 γενομένην,
1750 416 2020 461 διαπεμφθείσας
2051 414 2073 460 ἡ
2096 417 2142 460 σὴ
2162 414 2320 462 ὑπεροχὴ
2345 421 2405 451 καὶ

175 452 272 534 ἐμᾶς
301 454 500 536 ίπῗίδομίεν.
549 457 732 537 ῥᾳθέυμίας
765 451 830 514 οὖν
854 460 969 515 ἔσται)
989 456 1100 538 μόνιές
1129 460 1238 514 (καὶ)
1268 461 1464 539 προδιὶισίας
1498 460 1541 495 τὸ
1550 474 1611 514 *μη
1624 463 1697 516 ’καὶ
1720 459 1904 540 τοσῦύτοὲς
1916 464 2128 540 ἂγενομένοις
2143 459 2403 548 ρκρλουιέἢσαι,
2429 465 2449 497 5

176 503 542 581 κὲιτέἅῖωέἔεῗὲἴῗ·
566 516 617 582 ἔῖ
638 514 1062 596 γὲζχυὲἶτῖῗξνφῖἔῖἴὲι
1088 515 1859 597 ῗὲ·ηἶῖιὲἕῖοέαμεἷηὲξῖἷέιαῖυῖιῖἓῖἒῖεὲῗ,
1884 519 2210 586 ὼῗῖἴῖἔνεὲᾭῖῗῖ
2227 519 2405 596 ἷέι·’ζιῖἔ

177 588 287 625 αὐτοῦ
318 592 544 635 καταστῆναι
574 595 634 627 καὶ
665 589 864 628 ὑποθεῖναι
895 593 964 636 τήν
987 607 1027 628 τε
1050 590 1138 638 ὅλην
1161 594 1349 630 πολιτείαν
1370 592 1528 638 κινδύνῳ
1553 594 1687 630 ἑαυτόν
1708 607 1748 630 τε
1771 594 1916 641 ὀλέθρῳ
1942 594 2105 640 διηνεκεῖ,
2129 599 2190 630 καὶ
2212 598 2274 639 τῆς
2296 594 2403 644 ἀρχῆς

174 636 401 671 ἐκπίπτοντα
433 639 493 670 καὶ
525 634 747 684 έναγόμενον
776 641 837 672 καὶ
866 637 955 685 (ἐν)
987 637 1116 687 ἰδιώτῃ
1147 642 1220 684 βίῳ
1252 642 1312 673 καὶ
1343 639 1436 685 μετὰ
1466 639 1535 684 τὴν
1565 639 1734 683 τελευτὴν
1767 639 1825 675 διὰ
1848 642 1926 675 τῶν
1949 639 2058 675 αἰτοῦ
2084 639 2319 687 κληρονόμων
2342 645 2402 675 καὶ

172 679 451 727 (πραγμάτων)
481 679 525 716 τὸ
557 685 655 730 χρέος
687 681 871 726 ἐκλύοντα,
903 684 970 718 ἕως
992 684 1085 719 κατὰ
1107 685 1222 738 τριῶν
1245 681 1418 731 ἆρτάβων
1440 683 1550 730 (τοῦ)
1574 688 1674 720 σίτου
1698 681 1798 721 ἅπαν
1821 685 1863 719 τὸ
1887 687 2021 733 μέτρον
2043 684 2086 721 τὸ
2108 687 2158 731 μὴ
2184 686 2403 731 ἐκκομισθὲν
2429 690 2469 722 10

173 720 395 770 α’ποσωθείη
418 727 472 771 τῷ·
498 724 661 772 δημοσίῳ
684 725 745 762 διὰ
769 728 834 763 τοῦ
859 726 997 774 θρόνου
1022 730 1082 773 τῆς
1102 739 1163 773 σης
1185 726 1360 776 ὑπεροχῆς
1383 730 1680 776 εἰσπραξαμένου.

1134 840 1294 878 CAPUT
1321 841 1435 878 XXV.

303 902 419 950 ’Ἀρξει
449 903 490 940 δὲ
523 908 584 939 καὶ
612 907 853 951 στρατιωτῶν
883 910 943 940 καὶ
975 905 1145 947 ἰδιωτῶν,
1177 909 1255 943 τῶν
1281 910 1350 952 μὲν
1380 909 1474 943 κατὰ
1505 908 1547 943 τὸ
1578 909 1639 952 τῆς
1666 911 1929 954 στρατιωτικῆς
1952 908 2062 957 ἀρχῆς
2085 909 2236 955 δίκαιον,
2260 913 2338 946 τῶν
2363 910 2403 946 δὲ

172 948 265 984 κατὰ
291 949 360 993 τὴν
387 951 452 984 τοῦ
489 947 749 996 αὖγουσταλίου
774 949 1036 996 δικαιοδοσίαν,
1061 950 1197 996 δηλαδὴ
1222 950 1471 998 ὑποκειμένων
1495 951 1595 998 αὐτῷ
1620 954 1807 1000 (καθάπερ
1830 954 1994 990 εἰπόντες
2017 957 2198 1002 ἔφθημεν)
2221 957 2300 992 τῶν
2324 958 2400 991 ἐπι-

171 997 317 1039 χωρίων
347 991 548 1040 ἀρχόντων,
580 995 630 1030 οἷς
661 996 740 1031 τῶν
763 996 963 1041 εἰρημένων
987 998 1173 1044 ἐπαρχιῶν
1192 997 1300 1043 μέλει,
1325 1002 1385 1032 καὶ
1407 999 1486 1033 τῶν
1509 999 1746 1043 πειθομένων
1769 996 1890 1034 αὐτοῖς
1912 1000 2054 1042 τάξεων
2077 1004 2137 1035 καὶ
2160 1001 2276 1045 πάσης
2299 1001 2400 1036 πολι-

171 1040 271 1082 τικῆς
302 1042 362 1073 καὶ
394 1038 566 1084 δημοσίας
588 1041 775 1085 βοηθείας,
796 1044 857 1075 καὶ
881 1041 1082 1100 παγάρχων
1105 1046 1166 1076 καὶ
1190 1042 1481 1087 πολιτευομένων
1504 1047 1563 1078 καὶ
1587 1040 1711 1079 ἁπλῶς
1735 1041 1916 1080 ἁπάντων
1939 1046 2063 1092 (τῶν)
2085 1046 2178 1081 κατὰ
2202 1047 2267 1081 τὰς
2291 1048 2398 1092 ἐπαρ-
2427 1049 2466 1082 15

171 1086 248 1126 χίας
279 1084 415 1119 ἐκείνας
445 1082 469 1127 ἢ
500 1083 624 1120 ὄντων
646 1082 668 1129 ἢ
693 1085 895 1120 οἰκούντων
918 1101 940 1130 η
965 1087 1253 1133 παγαρχούντων
1276 1086 1300 1132 ἢ
1324 1088 1482 1134 δημόσια
1501 1086 1593 1123 καθ’
1619 1089 1764 1124 οἱονοῦν
1788 1089 1929 1134 τρόπον
1944 1091 2197 1146 ,χειριζόντωμ
2244 1089 2304 1126 οὓς
2328 1092 2400 1133 ἔξει

171 1129 379 1176 παῤῥησίαν
409 1132 470 1164 καὶ
502 1129 605 1176 ἄγειν
636 1130 726 1177 πρὸς
750 1131 881 1165 ἑαυτὸν
905 1135 964 1166 καὶ
988 1133 1019 1166 εἰ
1042 1133 1164 1188 ἑτέρας
1187 1134 1358 1180 ἐπαρχίας
1380 1135 1519 1169 οἰκοῦσι
1543 1134 1632 1179 <μὴ>
1655 1134 1891 1181 ὑποκειμένας
1911 1138 2019 1179 αυτῷ,
2044 1138 2103 1170 ἐπὶ
2124 1137 2254 1181 μόναις
2275 1139 2400 1181 μέντοι

170 1176 249 1208 ταῖς
279 1172 465 1219 δημοσίαις
491 1172 739 1220 εἰσπράξεσιν·
777 1173 871 1221 ὅπερ
902 1177 1045 1220 ποιήσει
1077 1192 1147 1212 καν
1176 1179 1208 1212 εἰ
1239 1180 1279 1213 έν
1310 1182 1384 1214 τοῖς
1413 1176 1523 1214 αὐτοῦ
1553 1178 1679 1214 τόποις
1709 1178 1811 1215 ὅντες
1831 1180 1910 1215 εἶτα
1933 1179 2164 1238 ἀποφύγοιεν.
2211 1178 2307 1216 οὕτω
2331 1182 2399 1228 γὰρ

171 1219 274 1253 ἔσται
307 1218 548 1262 πανταχόθεν
577 1219 599 1264 ἡ
631 1222 710 1255 τῶν
734 1219 919 1266 δημοσίων
939 1223 1123 1267 εἴσπραξις
1146 1220 1431 1270 ἀπροφάσιστος.
1476 1225 1508 1258 εἰ
1532 1222 1576 1258 δέ
1595 1236 1695 1259 τινας
1713 1226 1791 1260 τῶν
1814 1225 2023 1272 παγάρχων,
2048 1228 2139 1271 νπὲρ
2163 1220 2218 1261 ὧν
2241 1229 2301 1260 καὶ
2324 1240 2397 1260 κιν-

171 1261 321 1307 δυνεύει,
345 1261 560 1311 ἀγνώμονας
583 1269 665 1311 περὶ
689 1265 758 1322 τὴν
781 1267 906 1301 αἰσίαν
930 1272 1179 1312 σιτοπομπίαν
1203 1268 1227 1312 ἢ
1250 1272 1332 1315 περὶ
1355 1269 1402 1304 τὰ
1426 1272 1499 1304 τοῖς
1521 1268 1665 1304 ναύλοις
1688 1273 1748 1304 καὶ
1772 1273 1850 1305 ταῖς
1869 1271 1962 1305 κατὰ
1985 1270 2108 1317 χώραν
2123 1270 2302 1307 δαπάναις
2318 1273 2396 1307 ἐπι·
2423 1271 2465 1305 20

170 1306 347 1353 διδόμενα
377 1305 487 1355 εὕροι,
515 1310 662 1345 τούτους
691 1324 756 1345 ουκ
785 1310 998 1356 ἀποκινήσει
1030 1316 1109 1357 μέν,
1128 1311 1199 1350 ὑπὸ
1224 1310 1426 1359 ἀσφάλειαν
1449 1313 1489 1349 δὲ
1511 1313 1729 1369 καταστῄσει
1753 1318 1812 1349 καὶ
1837 1316 1975 1360 ἑτέρους
1998 1315 2217 1361 ἀναζητήσει
2241 1317 2331 1362 πρὸς
2353 1316 2397 1351 τὸ

169 1354 318 1401 πρᾶγμα
350 1352 571 1397 ἐπιτηδείους
602 1359 662 1390 καὶ
692 1356 844 1400 μηνύσει
878 1359 997 1392 ταῦτα
1028 1359 1082 1401 τῷ·
1105 1358 1235 1404 θρόνῳ
1259 1361 1322 1402 τῆς
1344 1361 1407 1403 σῆς
1432 1358 1615 1406 ὑπεροχῆς,
1640 1358 1735 1394 ω’στε
1758 1360 1856 1407 παρὰ
1880 1362 1945 1395 σοῦ
1969 1364 2028 1395 καὶ
2050 1363 2128 1396 ταῖν
2151 1361 2210 1396 ἀεί
2231 1373 2288 1396 σοι
2313 1363 2398 1404 [καὶ]

168 1399 237 1441 τὴν
262 1395 374 1443 αὐτὴν
399 1399 562 1442 ἐχόντων
586 1398 700 1447 ἀρχὴν
724 1402 772 1436 εἰς
795 1401 864 1446 τὴν
887 1401 1077 1446 βασιλείαν
1101 1403 1144 1439 τὸ
1168 1405 1317 1450 πρᾶγμα
1342 1403 1543 1450 φερόμενον
1567 1403 1747 1443 δέξασθαι
1770 1405 1839 1449 τὴν
1862 1407 2006 1441 ἐκεῖθεν
2026 1404 2214 1449 διοίκησιν,
2238 1407 2316 1441 τῶν
2330 1408 2399 1450 μὲν

170 1439 226 1478 ἐπ’
252 1440 474 1490 ἆγνωμοσύν
530 1449 842 1493 κατεγνωσμένων
865 1448 897 1482 εἰ
920 1446 1127 1492 συνίδοιμεν
1151 1446 1465 1494 ἀπελαυνομένων,
1494 1450 1573 1491 τῶν
1597 1448 1638 1484 δὲ
1661 1449 1903 1498 ἐπιλεγέντων
1926 1453 1966 1485 ἐν
1989 1452 2035 1499 τῇ
2057 1449 2159 1497 χώρᾳ
2182 1449 2337 1493 τούτων,
2367 1450 2401 1484 εἴ

167 1501 208 1531 γε
237 1486 335 1532 ἡμεῖς
365 1490 470 1533 ἐπιτη
497 1494 586 1526 ειόυς
617 1490 711 1526 εἶναι
734 1495 934 1537 κρίναιμεν,
955 1489 1328 1537 ἀντικαθισταμένων
1350 1498 1411 1529 καὶ
1433 1496 1482 1529 εἰς
1503 1494 1566 1530 τὰς
1589 1496 1738 1530 ἐκείνων
1761 1500 1962 1542 παγαρχίας
1984 1508 2024 1531 τε
2047 1500 2107 1531 καὶ
2130 1494 2251 1532 οὐσίας
2274 1498 2398 1541 ἐμβαι-
2422 1495 2464 1528 25

167 1530 326 1578 νόντων,
349 1534 455 1570 θείας
478 1548 518 1570 τε
541 1532 647 1581 ἡμῶν
670 1535 896 1583 <κελεὺσεως>
917 1541 978 1572 καὶ
1001 1536 1170 1584 εὐσεβοῦς
1193 1539 1424 1587 προστάξεως
1443 1541 1508 1575 τοῦ
1529 1538 1672 1586 θρόνου
1695 1541 1759 1575 τοῦ
1783 1542 1849 1576 σοῦ
1871 1545 1953 1587 περὶ
1977 1540 2106 1577 τούτου
2129 1545 2328 1590 γινομένης.

1132 1650 1289 1688 CAPUT
1312 1652 1442 1690 XXVI.

301 1713 522 1760 Βουλόμεθα
544 1719 670 1751 τοίνυν
693 1717 786 1752 κατὰ
812 1717 963 1763 πρώτην
983 1716 1089 1759 τάξιν
1106 1716 1222 1754 αὐτὸν
1242 1722 1412 1766 προνοεῖν
1426 1721 1488 1762 τιῖς
1506 1721 1623 1755 αἰσίας
1638 1719 1791 1766 ἐμβολῆς
1810 1724 1871 1755 καὶ
1887 1722 1950 1756 τοῦ
1969 1725 2144 1767 τροφίμου
2160 1722 2223 1765 τῆς
2235 1718 2397 1761 Ἀλεξαν-

168 1756 295 1805 δρέων,
331 1756 428 1796 α’)’στε
459 1762 658 1806 ἐκπέμπειν
691 1757 804 1797 αὐτὸν
834 1763 954 1808 οἰκείῳ
985 1761 1144 1808 κινδύνῳ
1176 1767 1236 1798 καὶ
1268 1766 1347 1803 τῷν
1378 1766 1586 1811 ἐπιχωρίων
1617 1765 1808 1812 ἀρχόντων
1836 1769 1897 1800 καὶ
1919 1767 1999 1800 τῶν
2018 1766 2255 1811 πειθομένων
2279 1763 2399 1799 αὐτοῖς

165 1927 541 1980 maqnificentissimae
563 1927 766 1980 memoriae·
777 1928 895 1974 filium
918 1932 1004 1965 ante
1026 1930 1241 1977 completum
1265 1932 1467 1977 Auqustum
1491 1941 1645 1967 mensem
1667 1930 1876 1967 indictionis
1896 1934 2039 1979 primae
2056 1944 2151 1986 quae
2173 1942 2271 1968 nunc
2289 1943 2398 1980 prae-

167 1973 265 2008 teriit
287 1982 392 2008 omne
412 1973 637 2018 frumentum
659 1973 824 2008 intulisse
846 1974 886 2009 in
906 1975 1028 2011 urbem
1041 1975 1376 2011 Alexandrinorum
1394 1980 1430 2012 et
1446 1980 1531 2012 tunc
1546 1975 1738 2012 tradidisse
1753 1977 1786 2011 ei
1802 1977 1868 2022 qui
1877 1978 2090 2030 Auqustalis
2105 1978 2151 2012 im
2181 1979 2294 2014 crium
2309 1979 2398 2014 obti-

165 2018 284 2054 nebat.
320 2016 404 2052 Hoc
426 2017 519 2052 idem
542 2019 660 2053 autem
673 2017 767 2062 fecit
781 2018 888 2053 etiam
903 2019 967 2064 qui
981 2029 1079 2054 nunc
1094 2031 1172 2055 eam
1189 2020 1539 2056 administrationem
1554 2020 1699 2063 obtinet,
1724 2021 1764 2056 id
1777 2026 1830 2056 est
1843 2021 2130 2072 gloriosissimus
2177 2022 2282 2064 rion;
2304 2033 2398 2068 quas

164 2061 365 2108 plenarias,
388 2065 425 2097 et
447 2071 540 2112 quae
561 2060 628 2096 sub
644 2059 810 2096 Iohanne
832 2066 867 2097 et
890 2073 984 2108 quae
1006 2063 1072 2099 sub
1091 2062 1226 2099 Orione
1246 2064 1353 2110 facta
1378 2068 1443 2106 est,
1463 2064 1534 2099 huc
1556 2066 1685 2100 missas
1707 2064 1908 2100 sublimitas
1932 2069 1996 2101 tua
2018 2070 2055 2102 et
2073 2076 2140 2101 nos
2155 2067 2395 2113 inspeximus.

166 2106 428 2153 Neqleqentiae
451 2105 566 2152 igitur
588 2104 704 2140 solius
726 2105 795 2141 erit
811 2109 847 2141 et
887 2106 1081 2143 raditionis
1096 2118 1160 2144 eos
1175 2109 1239 2154 qui
1256 2108 1339 2155 ipso
1355 2108 1514 2144 minores
1526 2109 1671 2154 fuerint
1684 2119 1757 2143 non
1773 2109 1920 2151 imitari,
1937 2120 2017 2145 cum
2033 2110 2204 2147 maiorem
2220 2115 2255 2146 et
2266 2116 2395 2157 poten-

168 2152 295 2187 tiorem
319 2161 399 2187 eum
420 2149 618 2196 fecerimus
635 2153 671 2185 et
693 2151 859 2196 Auqusta
874 2150 907 2186 is
929 2152 966 2187 ei
985 2151 1198 2205 diqnitatem
1221 2156 1257 2188 et
1280 2152 1561 2188 iurisdictionem
1584 2152 1787 2188 dederimus
1794 2165 1809 2194 ;
1840 2164 1956 2199 neque
1977 2155 2070 2190 enim
2093 2154 2280 2191 tolerabile
2303 2159 2397 2192 esset

166 2196 340 2232 maiorem
371 2194 515 2242 quidem
539 2197 759 2242 potestatem
787 2194 955 2242 adipisci,
986 2206 1160 2233 minorem
1182 2200 1301 2233 autem
1325 2196 1574 2233 decessoribus
1594 2208 1635 2233 se
1655 2198 1831 2244 praebere
1853 2203 1889 2234 et
1911 2199 2115 2235 universam
2137 2199 2395 2246 rempublicam

165 2241 330 2289 periculo
345 2240 507 2276 subicere
523 2243 560 2276 et
572 2243 683 2275 semet
698 2240 711 2274 i
737 2250 816 2275 sum
833 2240 1032 2276 calamitati
1042 2244 1254 2288 perpetuae,
1268 2242 1421 2289 imperio
1437 2241 1617 2278 demotum
1632 2246 1742 2289 atque
1757 2243 1864 2278 etiam
1879 2243 1917 2278 in
1925 2244 2078 2289 privata
2093 2245 2167 2280 vita
2182 2249 2395 2283 conventum

166 2291 203 2323 et
222 2288 477 2333 postmortem
502 2295 576 2331 per
598 2283 684 2320 here
710 2295 748 2321 es
769 2295 854 2320 suos
877 2284 1033 2321 debitum
1057 2286 1313 2329 exsolventem,
1338 2287 1453 2323 donec
1470 2297 1543 2340 per
1567 2290 1690 2323 ternas
1712 2287 1862 2323 artabas
1881 2287 2064 2333 frumenti
2085 2289 2202 2325 omnis
2224 2300 2394 2326 mensura

168 2341 262 2378 quae
285 2341 305 2367 e
363 2333 487 2367 orlata
510 2340 583 2365 non
601 2329 718 2374 fuerit
732 2329 884 2376 publico
906 2330 1026 2376 fuerit
1047 2330 1161 2374 salva,
1178 2342 1251 2378 per
1276 2335 1359 2368 tuae
1382 2331 1613 2367 sublimitatis
1634 2331 1754 2368 sedem
1776 2332 1970 2369 exactione
1989 2333 2108 2380 facta.

300 2375 335 2411 X
371 2375 414 2412 V.
463 2374 632 2411 Praeerit
661 2377 780 2410 autem
810 2377 846 2411 et
875 2375 1046 2412 militibus
1076 2379 1110 2412 et
1134 2377 1309 2423 privatis,
1341 2376 1416 2412 illis
1446 2387 1497 2413 ex
1524 2377 1604 2412 iure
1633 2376 1801 2413 militaris
1829 2378 1989 2423 imperii,
2020 2377 2078 2414 his
2100 2388 2120 2414 e
2142 2378 2394 2415 iurisdictione

166 2421 391 2468 Auqustalis,
421 2420 559 2456 scilicet
588 2419 756 2455 subiectis
786 2420 819 2454 ei
842 2422 884 2454 ut
902 2423 1011 2456 antea
1034 2419 1195 2457 diximus
1213 2420 1501 2468 provincialibus
1523 2420 1714 2464 iudicibus,
1738 2422 1803 2468 qui
1823 2423 2094 2469 provinciarum
2114 2433 2208 2469 quas
2230 2423 2394 2460 diximus

167 2477 292 2503 curam
314 2469 458 2512 yerunt,
482 2468 518 2501 et
541 2464 679 2510 officiis
729 2475 796 2500 uae
818 2465 871 2500 cis
891 2467 1026 2511 parent
1047 2468 1083 2501 et
1106 2466 1204 2501 omni
1226 2466 1325 2503 civili
1346 2470 1380 2502 et
1397 2465 1548 2513 publico
1571 2466 1768 2509 adiutorio,
1798 2471 1836 2503 et
1853 2467 2056 2514 paqarchis
2077 2472 2114 2504 et
2136 2468 2335 2504 curialibus
2357 2473 2395 2505 et

167 2512 313 2548 omnino
337 2510 502 2547 omnibus
524 2509 587 2562 qui
609 2509 648 2544 in
671 2509 700 2544 il
719 2510 744 2544 ‘s
757 2509 963 2555 provinciis
985 2509 1042 2546 vel
1061 2514 1148 2546 sunt
1170 2511 1226 2547 vel
1244 2510 1410 2547 habitant
1432 2511 1489 2547 vel
1508 2512 1618 2558 paqis
1638 2517 1817 2557 praesunt
1839 2511 1896 2548 vel
1917 2512 2066 2564 publica
2098 2513 2258 2566 quolibet
2283 2513 2392 2549 modo

168 2559 339 2593 tractant.
387 2553 485 2598 Quos
508 2554 629 2591 licebit
651 2554 687 2589 ei
707 2554 813 2590 etiam
838 2553 888 2589 ad
909 2564 948 2589 se
971 2553 1151 2591 adducere
1175 2555 1259 2592 licet
1280 2555 1318 2591 in
1343 2555 1427 2591 aliis
1444 2555 1650 2602 provinciis
1672 2555 1836 2592 habitent
1851 2557 1922 2603 ipsi
1938 2567 2012 2592 non
2027 2556 2207 2600 subiectis,
2233 2558 2276 2594 ob
2291 2558 2394 2594 solas

168 2606 286 2637 tamen
313 2599 481 2648 publicas
510 2599 722 2636 exactiones
729 2610 745 2641 ;
775 2598 814 2634 id
844 2599 944 2644 quod
970 2599 1086 2645 faciet
1113 2599 1221 2636 etiam
1252 2600 1285 2636 si
1315 2600 1380 2647 qui
1410 2600 1450 2635 in
1478 2601 1556 2636 suis
1587 2600 1677 2636 locis
1699 2604 1883 2637 versantes
1898 2605 2032 2648 postea
2056 2612 2104 2637 au
2127 2603 2283 2648 uqerint.
2331 2601 2393 2638 Ita

167 2648 260 2684 enim
287 2644 520 2692 publicorum
550 2644 696 2680 exactio
727 2643 806 2679 sine
836 2643 911 2679 ullo
940 2647 1139 2690 praetextu
1167 2644 1357 2698 procedet.
1405 2643 1472 2680 Sin
1507 2649 1626 2682 autem
1658 2643 1886 2692 paqarchas‚
1919 2657 1991 2699 pro
2027 2647 2091 2693 qui
2114 2657 2157 2682 us
2189 2647 2392 2694 periculum

166 2691 330 2733 sustinet,
359 2689 545 2736 improbos
574 2689 673 2724 circa
697 2687 843 2734 felicem
864 2688 1043 2734 frumenti
1065 2692 1279 2726 evectionem
1301 2693 1367 2726 aut
1390 2690 1488 2726 circa
1510 2700 1555 2726 ea
1577 2701 1670 2736 quae
1692 2690 1814 2726 naulis
1836 2690 1894 2727 vel
1913 2691 2086 2738 impensis
2106 2692 2393 2738 provincialibus

164 2734 388 2784 praebentur
409 2734 594 2775 invenerit,
618 2732 687 2768 hos
709 2743 784 2768 non
806 2733 1000 2770 removebit
1020 2734 1176 2780 quidem,
1199 2734 1265 2770 sed
1285 2734 1351 2771 sub
1375 2734 1541 2771 cautione
1564 2735 1758 2771 constituet
1779 2738 1816 2771 et
1838 2736 1933 2771 alios
1955 2736 2126 2782 anquiret
2147 2736 2198 2772 ad
2219 2748 2297 2773 eam
2315 2748 2391 2773 rem

167 2782 316 2818 idoneos
345 2782 380 2816 et
410 2779 591 2815 nuntiabit
620 2776 711 2814 haec
739 2777 817 2814 sedi
835 2778 1066 2814 sublimitatis
1089 2779 1184 2821 tuae,
1208 2784 1250 2815 ut
1271 2789 1330 2815 res
1348 2789 1419 2826 per
1443 2783 1477 2814 te
1491 2790 1636 2832 perque
1658 2790 1720 2815 eos
1744 2780 1807 2826 qui
1830 2790 1973 2832 quoque
1994 2786 2154 2828 tempore
2175 2781 2270 2817 idem
2292 2781 2393 2828 quod

168 2830 206 2862 tu
235 2825 425 2872 imperium
454 2823 587 2860 habent
616 2822 666 2859 ad
695 2823 948 2868 imperatorem
979 2822 1098 2859 relata
1126 2823 1211 2860 inde
1242 2823 1515 2860 administretur
1536 2835 1642 2870 eique
1668 2825 1732 2871 qui
1756 2825 1800 2861 ob
1823 2826 2090 2872 improbitatem
2112 2826 2232 2862 notati
2251 2831 2337 2862 sunt
2357 2826 2392 2861 si

166 2871 272 2908 nobis
300 2870 414 2905 visum
440 2869 560 2915 suerit
590 2871 853 2910 removeantur,
884 2868 949 2914 qm·
979 2878 1063 2904 vero
1093 2868 1131 2903 in
1155 2878 1280 2904 eorum
1304 2868 1420 2904 locum
1443 2868 1549 2905 electi
1569 2873 1655 2904 sunt
1674 2869 1707 2904 si
1729 2879 1797 2905 nos
1817 2869 1970 2907 idoneos
1988 2881 2066 2907 esse
2087 2870 2286 2907 iudicemus
2307 2871 2390 2907 sub-

166 2916 367 2952 stituantur
397 2917 433 2949 et
461 2914 500 2948 in
530 2913 677 2949 illorum
700 2911 929 2958 paqarchias
956 2917 993 2949 et
1014 2912 1235 2950 substantias
1257 2913 1523 2960 inqrediantur,
1545 2924 1654 2950 sacra
1678 2917 1804 2950 nostra
1827 2915 1987 2952 iussione
2009 2919 2046 2952 et
2063 2916 2130 2963 pio
2153 2916 2271 2952 edicto
2293 2916 2391 2952 sedis

170 2965 252 2996 tuae
301 2969 343 2993 ro
373 2962 471 2993 terea
516 2962 610 2993 acto.

272 2971 334 3037 PX
370 3002 431 3038 VI.
488 2959 662 3038 fiotumus
692 3001 804 3046 iqitur
834 3011 914 3036 eum
940 3001 1061 3048 primo
1090 3000 1169 3038 loco
1192 3012 1323 3038 curare
1343 3002 1487 3047 felicem
1512 3002 1686 3039 embolam
1710 3007 1745 3040 et
1768 3003 1975 3040 alimoniam
1997 3005 2098 3041 urbis
2119 3004 2388 3041 Alexandrino-

167 3059 260 3091 rum,
290 3052 332 3083 ut
360 3045 487 3083 evehat
512 3045 681 3093 periculo
708 3047 866 3093 proprio
897 3049 933 3082 et
953 3046 1237 3092 provincialium
1261 3047 1420 3083 iudicum
1449 3051 1486 3083 et
1515 3047 1723 3094 officiorum
1754 3048 1807 3085 eis
1837 3048 2157 3096 obtemperantium
2187 3050 2237 3085 ad
2266 3050 2390 3086 urbem

216 3217 232 3250 1
266 3210 467 3259 αὗγούστου
492 3213 690 3254 Zachariae]
717 3209 828 3246 αὐτοῦ
854 3213 898 3247 M
927 3212 940 3256 ss
972 3226 1075 3247 mense
1097 3213 1244 3257 Auqusto
1313 3214 1324 3256 ss
1347 3215 1426 3248 τῶν
1450 3215 1570 3248 addidi
1593 3214 1606 3258 ΙΙ
1639 3217 1677 3249 17
1703 3217 1763 3248 καὶ
1787 3215 1846 3257 M]
1870 3211 1940 3249 κᾶν
1965 3214 2152 3251 Zachariae
2174 3215 2187 3258 ss
2212 3215 2245 3250 εἰ
2267 3217 2386 3258 Kroll]

168 3274 199 3294 a.
214 3261 279 3294 538
295 3260 308 3303 ΙΙ
328 3261 347 3293 3
364 3255 414 3292 ὥς
432 3256 473 3291 αἱ
486 3256 681 3301 πληναρίαι
697 3254 843 3301 δηλοῦσι
860 3258 937 3291 add.
948 3256 1134 3292 Zachariae
1147 3257 1246 3303 olimss
1314 3259 1369 3291 εἰσ
1394 3259 1437 3292 Μ
1449 3259 1461 3302 ΙΙ
1484 3258 1534 3303 μὴ
1560 3261 1637 3293 add.
1662 3258 1848 3294 Zachariae
1871 3257 1948 3303 (οὐχ
1971 3262 2150 3306 Aqylaeus)
2174 3260 2187 3305 ΙΙ
2216 3263 2256 3296 18
2280 3258 2387 3305 δημο-

168 3308 190 3340 4
214 3301 370 3337 ἇστίνασ
394 3303 441 3336 Μ
469 3303 482 3346 ΙΙ
511 3302 788 3347 ἐκπεμφθεῖσαν
821 3315 890 3336 cum
915 3302 1099 3346 Scrimyero
1123 3303 1208 3347 υαίρ.
1232 3304 1246 3346 fl
1314 3306 1406 3337 σίων
1425 3302 1613 3338 Zachariae
1643 3304 1656 3348 ΙΙ
1691 3303 1761 3338 εἴτε
1785 3305 1836 3346 Μ,
1861 3317 1944 3340 corr.
1973 3307 2203 3350 Osenbrilqyen
2235 3305 2248 3350 fl
2284 3308 2325 3340 19
2338 3320 2386 3351 sq.

169 3353 189 3384 5
214 3345 414 3392 ἐφείδωμεν
437 3347 481 3380 Μ
503 3347 516 3390 ΙΙ
537 3349 597 3380 καὶ
622 3348 699 3380 add.
724 3348 891 3391 Aqylaeus
916 3347 929 3390 11
955 3347 1149 3389 τοσούτοις]
1172 3349 1246 3381 τοῖς
1312 3358 1414 3382 τινας
1435 3366 1481 3373 -
1501 3345 1713 3394 ἀγνώμονας
1737 3350 1855 3391 Kroll]
1885 3361 1985 3385 τινεσ
2007 3370 2051 3376 -
2075 3347 2290 3396 ἇγνιόμονεσ
2313 3352 2360 3392 Μ
2375 3350 2388 3397 ΙΙ

168 3389 268 3428 οὕτω
295 3391 481 3426 Zachariae
514 3391 520 3433 Ι
557 3393 578 3426 6
610 3389 728 3425 ἄλλως
754 3403 794 3425 τε
818 3394 877 3425 καὶ
894 3390 1081 3427 Zachariae
1095 3394 1247 3434 (debebat
1314 3394 1356 3427 20
1379 3391 1427 3427 τὰ
1452 3394 1620 3438 Osenbrily
1646 3395 1696 3435 en]
1718 3405 1759 3427 τε
1783 3395 1827 3427 Μ
1852 3396 1864 3438 ΙΙ
1896 3398 1956 3429 καὶ
1979 3392 2151 3439 διδόμενα
2170 3408 2238 3429 cam
2263 3396 2387 3430 Serim-

167 3441 228 3473 καὶ
250 3438 407 3482 <ἐπεὶ>);
432 3449 473 3470 an
499 3447 562 3469 οτε
582 3436 668 3469 nai?
684 3437 696 3479 ΙΙ
723 3438 743 3471 9
766 3436 806 3470 ἐν
830 3438 908 3470 add.
931 3437 1017 3480 vulq.
1045 3437 1058 3481 Ε
1091 3439 1131 3472 10
1155 3448 1245 3484 πρα-
1312 3451 1389 3482 yero
1406 3439 1491 3482 υιιΙρ.
1541 3440 1580 3473 21
1608 3439 1747 3481 αναζητ
1762 3438 1852 3472 ‘aeta’
1867 3440 1911 3473 Μ
1917 3439 1931 3462 ⁶
1947 3440 1960 3484 ss
1979 3441 2022 3475 22
2041 3443 2102 3474 καὶ
2127 3441 2189 3474 del.
2206 3441 2386 3485 Aqyloem,

166 3479 319 3530 γμάτων
336 3483 412 3515 add.
427 3481 538 3523 ΚνοΙί,
562 3482 622 3514 καὶ
646 3481 708 3515 del.
726 3479 912 3516 Zachariae
930 3480 942 3525 ΙΙ
958 3482 1022 3515 τοῦ
1039 3483 1116 3516 add.
1132 3482 1243 3523 Kroll‚
1312 3493 1369 3516 σοι
1391 3484 1501 3528 (παρε
1526 3481 1712 3528 ρευόντων
1735 3481 1757 3526 ἢ
1804 3486 1864 3517 καὶ
1887 3482 2071 3519 Zachariae
2099 3485 2112 3528 ΙΙ
2140 3486 2184 3519 24
2211 3482 2386 3519 συνείδοι-

168 3531 270 3561 σίτου
303 3534 484 3570 corruptum
506 3533 602 3570 putat
625 3523 812 3561 Zachariae
844 3525 858 3571 ΙΙ
892 3528 928 3560 11
947 3527 1058 3570 fuisse
1078 3534 1158 3571 puto
1181 3527 1244 3570 τῆς
1311 3539 1378 3571 μεν
1403 3528 1450 3562 Μ
1466 3529 1472 3571 1
1503 3525 1646 3562 τούτων
1669 3529 1849 3573 Ayylaeus]
1875 3530 1979 3563 τοῦτο
2004 3531 2053 3571 M
2075 3529 2123 3563 εἰς
2146 3529 2254 3564 τοῦτο
2283 3531 2384 3564 Osen-

168 3570 388 3615 εἰσπράξεως
424 3572 614 3618 γενομένης
651 3578 709 3605 aut
746 3571 875 3614 aliquid
911 3573 1013 3605 simile
1055 3571 1068 3614 ΙΙ
1102 3572 1243 3605 Lacuna
1313 3575 1454 3616 briiqyen
1502 3574 1545 3607 25
1561 3585 1602 3618 γε
1618 3571 1815 3614 Zachariae]
1840 3571 1880 3607 δὲ
1903 3575 1950 3609 Μ
1967 3577 2010 3617 cf.
2027 3576 2104 3616 786,
2121 3574 2245 3618 241126
2269 3573 2385 3608 κελεύ-

170 3618 288 3651 hausta
321 3629 388 3650 esse
415 3623 595 3659 praecepta
622 3617 668 3649 eis
692 3627 775 3659 quae
799 3618 831 3649 in
856 3628 883 3649 c.
901 3614 1069 3648 VII—XI
1095 3618 1243 3660 lequntur
1310 3627 1400 3650 σεως
1431 3618 1509 3651 add.
1534 3618 1643 3658 Kroll‚
1675 3614 1895 3664 ἀντιγραφῆς
1924 3621 1984 3653 καὶ
2016 3627 2093 3664 post
2115 3617 2283 3662 εὐσεβοῦς
2305 3622 2384 3654 add.

169 3661 290 3695 similia
316 3662 478 3694 existimat
502 3659 688 3695 Zachariae
716 3660 729 3702 ΙΙ
760 3662 801 3695 13
829 3657 1066 3702 ὑποκειμένην
1091 3661 1138 3694 Μ
1156 3660 1169 3706 ss
1201 3664 1241 3695 15
1311 3660 1498 3696 Zachariae
1529 3663 1542 3706 ΙΙ
1575 3662 1641 3696 Hic
1668 3665 1834 3706 complura
1863 3665 1971 3699 deesse
2003 3672 2034 3699 et
2064 3666 2231 3708 sequentia
2255 3665 2303 3698 ad
2324 3666 2383 3698 ad-

169 3708 227 3740 καὶ
252 3705 331 3739 πᾶσ
348 3702 472 3751 ἄρχων
495 3706 555 3738 καὶ
579 3702 859 3749 πολιτευόμενοσ
879 3706 929 3747 Μ’,
955 3718 1036 3740 corr.
1056 3703 1242 3740 Zachariae
1310 3708 1575 3742 ministrationem
1590 3708 1698 3742 limitis
1710 3709 1855 3754 Aeyypti
1865 3717 2012 3754 spectare
2024 3711 2184 3744 existimat
2197 3707 2384 3744 Zachariae

236 3760 287 3787 111.
2051 3766 2114 3800 100
