2618 4010
175 162 330 195 FACTIS
359 163 453 195 SUIS
481 163 540 194 AB
568 163 812 196 INTESTATO

1244 150 1323 197 491

2146 154 2253 198 Nov.
2285 153 2337 196 CI
2368 157 2390 195 4

1153 285 1310 322 CAPUT
1335 285 1396 321 IV.

244 353 287 385 Ei
316 355 439 395 μέντοι
474 351 696 396 τελευτήσειέ
727 367 780 388 τις
817 357 876 388 ἐπὶ
914 356 1085 401 θυγατρί,
1120 355 1151 388 εἰ
1181 355 1248 398 μὲν

174 397 354 442 γαμηθειή
385 395 555 443 βουλευτῇ
588 400 650 441 τῆς
675 397 781 443 αὐτῆς
808 400 963 442 πόλεως,
995 399 1177 446 πρόδηλον
1201 395 1248 432 ὠς

174 441 474 487 ἀσυκοφαντήτως
497 443 565 482 ἕξει
588 443 633 477 τὰ
659 447 813 490 πατρῷα
838 446 1032 492 πράγματα
1057 444 1078 489 ἢ
1102 446 1149 479 είς
1167 441 1246 478 ὁλό-

174 486 302 541 κληρον
325 484 347 529 ἢ
370 486 517 521 πάντως
540 488 586 522 τοὶ
611 491 675 524 τοῦ
695 491 824 524 ἐνναου
849 495 935 532 κίου,
960 491 997 524 εἴ
1010 503 1049 536 γε
1069 489 1178 532 τυχὸν
1202 489 1244 523 τὸ

1370 353 1431 388 Sin
1452 357 1570 388 autem
1590 353 1777 389 defunctus
1798 354 1905 388 fuerit
1928 355 2070 398 quidam
2096 356 2286 400 superstite
2306 356 2390 398 filia,

1317 398 1347 432 si
1367 402 1480 443 nupta
1503 399 1610 434 fuerit
1634 399 1760 435 curiali
1783 399 1938 434 eiusdem
1962 401 2124 442 civitatis,
2150 402 2295 436 dubium
2319 412 2391 436 non

1317 447 1370 478 est
1405 445 1487 488 quia
1522 446 1665 489 praeter
1698 444 1910 479 calumniam
1947 445 2093 480 habebit
2131 449 2297 490 paternas
2334 457 2390 482 res

1315 491 1378 524 aut
1412 490 1448 524 in
1483 490 1621 533 integro
1657 491 1720 524 aut
1754 489 1849 524 omni
1882 490 1987 525 modo
2022 501 2146 525 novem
2182 492 2324 533 uncias,
2361 492 2391 527 si

173 544 375 577 τριουγκιον
406 533 454 566 εἰς
478 535 600 577 ἕτερον
623 532 642 568 ὁ
670 535 789 581 πατὴρ
833 535 939 571 λθεῖν
963 534 1168 580 βουληθείη,
1217 535 1247 567 εἰ
1283 535 1301 566 5
1316 534 1441 569 forsan
1465 535 1510 569 ad
1535 536 1643 569 alium
1666 534 1841 579 quendam
1872 537 1945 569 tres
1969 535 2092 570 uncias
2116 541 2219 580 pater
2242 537 2391 572 voluerit

173 574 212 609 δὲ
241 580 300 610 καὶ
330 577 379 621 μὴ
409 577 581 626 βουλευτῇ
613 582 680 623 μὲν
713 581 751 621 ἐξ
775 578 881 626 ἀρχῆς
904 582 1113 615 καθεστῶτι
1136 593 1246 624 γαμη-

172 622 274 663 θείη,
307 622 497 667 προςέλθοι
523 623 564 658 δέ
585 637 637 658 τις
661 627 727 670 τὸν
750 625 866 672 γάμον
899 626 1003 669 αὐτῆς
1033 624 1246 670 βουλόμενος

172 668 231 700 ἐπὶ
261 667 380 710 τούτῳ
406 668 530 712 λαβεῖν
563 669 621 716 ἐφ’
649 672 678 713 q}
704 670 887 715 βουλεύειν
919 675 979 705 καὶ
1006 671 1138 705 ἑαυτὸν
1169 672 1245 704 ἐπι-

171 710 296 765 δοῦναι
328 714 370 759 τῇ
395 714 516 761 βουλῇ,
536 719 607 770 ,καὶ
632 716 769 761 αἱρετὸς
803 714 892 764 αὐτῇ
922 715 941 750 ὁ
973 715 1084 771 γάμος
1107 719 1244 762 φανείη,

581 760 587 769 Χ
755 762 762 772 N
909 762 916 772 Ι

1316 580 1508 623 pervenire.
1558 580 1626 615 Sed
1650 584 1686 615 et
1717 580 1746 614 si
1777 590 1849 614 non
1879 580 1924 614 ab
1949 580 2049 615 initio
2078 582 2241 616 existenti
2266 582 2390 617 curiali

1315 628 1427 669 nupta
1450 625 1575 668 fuerit,
1608 625 1801 660 accesserit
1829 629 1948 659 autem
1980 625 2121 670 quidam
2152 627 2198 661 ad
2224 627 2300 662 eius
2324 639 2389 662 nu-

1314 670 1406 713 ptias
1431 670 1551 705 volens
1575 670 1621 705 ad
1644 670 1712 705 hoc
1737 680 1814 705 eam
1838 671 2011 715 accipere,
2043 674 2083 705 ut
2106 672 2151 706 sit
2175 673 2330 716 curialis,
2356 676 2390 707 et

1314 715 1399 750 dare
1424 725 1462 750 se
1488 715 1619 758 curiae,
1651 717 1687 751 et
1711 715 1856 750 stabiles
1884 716 1915 750 ei
1939 715 2085 760 nuptiae
2109 716 2251 759 fuerint,
2284 718 2389 752 etiam

169 761 229 790 καὶ
247 770 362 791 ουτως
386 761 478 800 ἔχειν
503 774 616 803 αυτην
641 765 700 795 καὶ
723 775 766 795 το
789 764 1021 808 ἑνναουγκιον
1044 760 1243 814 ασυκοφοζν-
1261 761 1301 794 10
1314 761 1365 795 Sic
1396 761 1528 796 habere
1559 770 1638 795 eam
1670 771 1793 795 novem
1824 760 1948 796 uncias
1980 761 2056 796 Sine
2081 762 2258 797 calumnia
2284 773 2388 797 occa-

168 815 278 844 τητον
302 802 481 850 προφάσει
506 807 567 848 τῆς
592 810 673 851 περὶ
698 807 763 850 τὴν
785 807 917 851 βουλὴν
941 804 1079 841 εὐνοίας
1102 810 1162 840 καὶ
1186 819 1244 840 οτι

168 846 358 891 βουλευτὴς
397 848 600 884 ἐπιδίδοται
638 855 711 886 τοῖς
749 852 936 898 πράγμασι
974 855 1033 886 καὶ
1073 850 1243 895 διοικήσει

168 895 301 935 ταῦτα,
326 892 453 939 διόπερ
469 899 528 928 καὶ
545 895 690 931 πάντως
713 899 756 943 τῇ
772 901 914 944 γυναικὶ
937 899 1053 932 ταῦτα
1071 895 1243 931 δίδοσθαι

169 937 388 992 βουλόμεθα.
437 943 482 973 Εἰ
513 939 552 974 δὲ
580 940 739 976 πλείονες
768 943 1055 990 εἶεννθυγατέρες
1075 946 1138 976 καί
1150 953 1244 975 τινες

1314 805 1414 840 sione
1438 806 1552 841 bonae
1578 806 1672 841 cirea
1696 806 1832 840 curiam
1854 806 2046 841 voluntatis
2079 811 2114 841 et
2143 808 2225 851 quia
2246 807 2387 842 curialis

1314 852 1460 886 offertur
1490 853 1598 887 rebus
1631 854 1668 886 et
1697 851 1910 896 gubernabit
1940 861 2019 895 eas,
2052 856 2199 896 propter
2227 853 2323 905 quod
2354 856 2389 886 et

1312 896 1408 931 omni
1427 897 1532 932 modo
1557 896 1693 932 mulieri
1717 896 1794 931 dari
1817 907 1878 931 eas
1894 897 2068 932 volumus.
2109 897 2245 941 Quodsl
2267 897 2387 942 plures

1311 941 1444 976 fuerint
1475 942 1570 977 filiae
1602 946 1638 977 et
1663 942 1836 987 quaedam
1868 952 1910 977 ex
1934 942 1988 977 his
2012 944 2147 987 nuptae
2170 942 2303 978 fuerint
2327 953 2387 977 cu-

170 985 292 1017 αττιῦν
314 985 514 1030 γαμηθεῖεν
537 985 742 1030 βουλευταῖς
769 986 791 1030 ἢ
812 991 915 1022 οὐσιν
938 986 961 1031 ἢ
986 986 1136 1042 διὰὶτῆς
1167 989 1242 1022 ἐπι-
1262 988 1298 1020 15
1311 986 1470 1029 rialibus‚
1491 988 1563 1039 ‘qui
1587 991 1649 1022 aut
1673 992 1757 1022 sunt
1780 991 1843 1022 aut
1865 998 1929 1032 per
1953 988 2169 1023 oblationem
2192 988 2293 1030 fiunt,
2324 998 2387 1022 no-

170 1027 303 1063 δόσεως
321 1034 535 1075 γινομένοις,
559 1032 602 1065 τὸ
618 1034 685 1075 μὲν
703 1032 933 1079 ἑνναούγκιον
957 1034 1004 1067 εἰς
1025 1033 1133 1067 αυτὰς
1152 1031 1242 1066 διαι-

169 1073 378 1118 ρεθήσεται,
404 1077 451 1110 εἰς
475 1074 514 1109 δὲ
537 1076 598 1110 τὰς
622 1077 832 1120 λειπομένας
854 1078 897 1112 τὸ
923 1077 1125 1125 τριούγκιον
1147 1074 1240 1121 ἥξει·

168 1119 202 1152 οἱ
226 1117 265 1153 δὲ
284 1119 458 1166 γήμαντες
480 1121 671 1166 χρήσονται
695 1126 767 1156 τοῖς
791 1123 1068 1170 πράγμασινυείς
1082 1123 1146 1158 τὰς
1159 1127 1242 1167 βου-

169 1163 327 1199 λευτικὰς
351 1167 482 1206 αἰτίας,
515 1168 545 1199 εἰ
573 1170 633 1200 καὶ
662 1169 722 1211 τῆς
747 1167 955 1203 δεσποτείας
983 1171 1052 1202 ιῦσι
1080 1170 1157 1202 τῶν
1183 1182 1242 1215 γυ-

1311 1042 1388 1066 vem
1419 1043 1544 1067 unc1ae
1574 1033 1714 1076 quidem
1748 1033 1840 1068 inter
1873 1043 1934 1068 eas
1969 1033 2177 1069 dividendae
2205 1035 2305 1075 sunt,
2342 1033 2388 1067 ad

1311 1077 1472 1112 residuas
1505 1079 1623 1113 autem
1654 1082 1726 1113 tres
1758 1078 1885 1113 unciae
1916 1078 2074 1121 venient,
2105 1079 2157 1113 illi
2180 1081 2300 1114 autem
2328 1078 2388 1122 qui

1311 1132 1372 1157 eas
1395 1133 1524 1158 uxores
1549 1124 1753 1168 acceperint
1784 1124 1882 1158 usuri
1905 1126 1990 1159 sunt
2013 1125 2120 1160 rebus
2144 1124 2231 1169 ipsis
2254 1124 2301 1160 ad
2325 1134 2386 1158 cu-

1310 1167 1417 1203 riales
1437 1178 1575 1210 causas,
1600 1169 1685 1203 lieet
1700 1169 1737 1203 in
1754 1168 1908 1204 dominio
1929 1169 2001 1204 sint
2018 1169 2152 1205 uxoris.
2192 1170 2387 1214 Propterea

168 1211 314 1244 ναικῶν.
348 1209 407 1245 διὰ
421 1213 528 1245 τοῦτο
544 1212 613 1258 γὰρ
628 1210 973 1269 αὐταῖςβεὸιύκαμεν
988 1214 1032 1248 τὰ
1046 1214 1243 1268 πράγματα
1256 1214 1298 1247 20
1311 1213 1403 1247 enim
1428 1214 1478 1249 eis
1503 1213 1662 1249 dedimus
1685 1224 1742 1248 res
1767 1214 1889 1259 patris,
1921 1218 1961 1248 ut
1985 1215 2110 1250 exinde
2135 1215 2302 1258 coniuges
2327 1224 2386 1249 ea-

168 1256 231 1288 τοῦ
256 1255 408 1301 πατρός,
440 1258 499 1291 ἴνα
524 1258 698 1292 ἐντεῦθεν
729 1272 761 1292 οι
790 1271 1036 1293 συνοικουντες
1060 1263 1183 1293 αυταῖς
1198 1259 1242 1293 τὰ

166 1300 376 1344 βουλευτικὰ
406 1301 573 1347 πληροῖεν
604 1302 896 1350 λειτουργήματα.
945 1306 990 1338 Εἰ
1014 1302 1053 1338 δὲ
1084 1308 1240 1348 συμβαίη

167 1345 372 1389 τελευτῆσαι
403 1347 471 1390 τὴν
493 1351 742 1394 γεγαμημένην
770 1351 823 1392 τῷ
845 1348 976 1383 ἑαυτὸν
1004 1348 1241 1384 ἐπιδεδωκότι

166 1390 353 1438 βουλευτῇ,
395 1393 425 1425 εἰ
458 1395 525 1437 μὲν
560 1391 695 1447 παῖδας
726 1393 876 1439 ἄρρενας
912 1395 950 1435 ἐξ
985 1392 1094 1429 αὐτοῦ
1130 1399 1240 1437 σχοίη,

1309 1269 1388 1293 rum
1419 1259 1590 1303 impleant
1622 1259 1741 1294 curiae
1773 1259 1985 1295 functiones.
2034 1259 2168 1303 Quodsi
2201 1259 2387 1311 contigerit

1311 1304 1462 1339 deficere
1495 1314 1572 1339 eam
1608 1314 1699 1349 quae
1729 1308 1842 1348 nupta
1872 1305 1990 1340 fuerat
2018 1306 2069 1340 illi
2104 1306 2165 1350 qui
2197 1316 2236 1341 se
2267 1315 2386 1340 cunae

1309 1349 1510 1392 tradiderit,
1545 1350 1574 1384 si
1599 1349 1739 1394 quidem
1763 1350 1855 1385 filios
1876 1351 2051 1385 masculos
2076 1351 2119 1385 de
2143 1361 2185 1386 eo
2210 1350 2384 1391 habuerit,

1310 1394 1405 1439 apud
1429 1395 1520 1430 filios
1545 1399 1651 1430 erunt
1670 1405 1738 1436 res,
1765 1397 1802 1429 et
1822 1395 1892 1439 ipsi
1915 1400 2020 1430 erunt
2042 1396 2079 1430 in
2097 1396 2206 1440 curia,
2231 1400 2268 1431 et
2287 1396 2386 1430 nulla

167 1437 264 1481 παρὰ
286 1440 358 1471 τοῖς
381 1442 508 1472 παισὶν
533 1440 633 1472 ἔσται
657 1452 703 1473 τα
726 1438 930 1487 πράγματα,
955 1443 1014 1493 καὶ
1034 1439 1241 1484 βουλεύσου-
1255 1441 1296 1473 25
1310 1440 1597 1484 tergiversatione
1621 1451 1678 1475 res
1702 1440 1883 1484 indigebit.

166 1494 224 1516 σιν
249 1484 391 1521 ἐκεῖνοι,
422 1486 481 1516 καὶ
503 1481 666 1527 οὐδεμιᾶς
690 1484 1035 1530 πολυπραγμοσυνης
1065 1487 1117 1528 τῷ
1151 1485 1241 1531 πρά-

165 1529 185 1562 1
231 1540 340 1572 γματι
365 1526 489 1570 δεήσει.
571 1530 601 1562 εἰ
618 1527 658 1563 δὲ
674 1529 818 1573 θήλειαι
842 1529 1104 1574 καθεστήκοιεν
1129 1530 1168 1564 αἱ
1186 1544 1240 1565 τε-

164 1573 320 1614 χθεῖσαι,
342 1574 373 1606 εἰ
387 1575 454 1617 μὲν
473 1577 532 1607 καὶ
551 1571 661 1608 αὐταί
679 1588 753 1610 τισι
767 1576 968 1622 γαμηθεῖεν
991 1574 1015 1620 ἢ
1038 1575 1242 1620 βουλευταῖς

164 1619 226 1660 τῆς
250 1615 358 1661 αὐτῆς
382 1616 520 1653 πόλεως
551 1617 707 1674 ἧὸοἵπερ
730 1633 752 1674 o
782 1622 821 1655 ἇς
853 1618 981 1655 αὐτοὺς
1012 1619 1242 1655 ἐπιδιδόασιν

1308 1532 1329 1565 1
1376 1530 1509 1574 Quodsi
1543 1530 1696 1565 feminae
1730 1530 1863 1566 fuerint
1896 1541 1986 1575 quae
2017 1532 2124 1566 natae
2153 1534 2252 1572 sunt,
2290 1531 2319 1565 si
2350 1534 2386 1566 et

1309 1576 1409 1619 ipsae
1433 1575 1644 1620 quibusdam
1668 1579 1802 1620 nuptae
1825 1576 1958 1611 fuerint
1987 1579 2050 1610 aut
2074 1576 2269 1611 curialibus
2293 1576 2384 1611 eius-

1310 1621 1389 1655 dem
1414 1621 1567 1656 civitatis
1599 1625 1662 1655 aut
1692 1622 1753 1666 qui
1785 1631 1822 1656 se
1845 1621 1943 1666 ipsos
1968 1621 2128 1656 dederint
2151 1622 2271 1656 euriae
2293 1621 2385 1656 eius-

163 1666 240 1696 ταῖς
273 1662 417 1707 βουλαῖς
451 1666 514 1718 τῇς
550 1667 657 1707 αυτῆς
693 1680 741 1700 πο
765 1678 845 1708 εως,
882 1663 1013 1710 ὁμοίως
1044 1671 1103 1700 καὶ
1136 1664 1242 1700 αὐταὶ
1256 1668 1297 1700 30
1311 1666 1390 1701 dem
1415 1666 1587 1708 civitatis,
1620 1666 1781 1701 Similiter
1811 1670 1847 1702 et
1876 1667 1975 1710 ipsae
2007 1677 2068 1702 eas
2099 1667 2283 1702 habebunt
2311 1667 2386 1702 Sine

163 1709 279 1741 ταῦτα
303 1709 444 1749 ἕξουσιν
467 1711 728 1756 απραγμόνως,
761 1710 979 1756 ὑποκείμενα
1003 1716 1080 1746 ταῖς
1100 1711 1241 1757 βουλευ-

163 1756 277 1788 τικαῖς
308 1753 539 1801 λειτουργίαις
568 1754 627 1789 διὰ
659 1758 737 1791 τῶν
765 1758 907 1791 οἰκείων
931 1754 1086 1805 ἀνδρῶν.
1135 1759 1180 1791 Εἰ
1205 1756 1243 1791 δὲ

163 1796 186 1841 ἢ
205 1799 254 1842 μὴ
298 1800 472 1843 αμηθεῖεν
494 1800 698 1848 βουλευταῖς
721 1803 784 1845 τῆς
809 1801 916 1846 αὐτῆς
941 1802 1080 1838 πόλεως
1102 1801 1125 1846 ἢ
1148 1805 1242 1837 τινὲς

161 1857 256 1899 γαμη
291 1848 361 1900 εῖεν
384 1843 588 1889 βουλευταῖς
611 1845 634 1890 ἢ
651 1850 753 1881 οὖσιν
772 1846 794 1891 ἢ
809 1851 1018 1894 γινομένοις,
1042 1850 1242 1891 τηνικαῦτα

1311 1712 1384 1746 ulla
1407 1712 1579 1754 molestia,
1605 1712 1785 1747 subiectae
1812 1712 1932 1747 curiae
1955 1712 2198 1747 functionibus
2222 1722 2285 1757 per
2305 1723 2385 1757 pro-

1310 1758 1409 1801 prios
1440 1756 1545 1792 viros.
1594 1757 1729 1801 Quodsi
1759 1768 1831 1792 non
1864 1760 1997 1802 nuptae
2028 1757 2161 1792 fuerint
2193 1758 2386 1793 curialibus

1309 1802 1482 1847 <eiusdem
1497 1802 1661 1845 civitatis
1679 1806 1742 1838 aut
1755 1802 1928 1848 quaedam
1944 1806 2077 1847 nuptae
2092 1802 2228 1838 fuerint
2245 1803 2385 1838 curiali-

1310 1848 1400 1893 bus>
1424 1851 1487 1884 aut
1511 1848 1570 1892 qui
1594 1852 1677 1883 sunt
1701 1851 1764 1883 aut
1788 1848 1848 1893 qui
1871 1848 1972 1891 fiunt,
1997 1852 2082 1883 tunc
2107 1848 2304 1884 secundum
2323 1848 2384 1883 da-

163 1903 255 1923 κατα
277 1903 344 1934 την
368 1890 546 1945 ρἠᾃεῖσαν
577 1890 644 1936 ἤδη
670 1890 845 1938 διαίρεσιν
870 1893 910 1927 αἱ
929 1896 997 1948 μὲν
1019 1895 1241 1940 γαμηθεῖσαι
1255 1895 1296 1927 35
1310 1896 1383 1928 tam
1404 1894 1486 1928 Olim
1505 1893 1711 1929 divisionem
1731 1898 1865 1938 nuptae
1886 1893 2026 1938 quidem
2047 1894 2241 1929 curialibus
2262 1903 2386 1928 novem

163 1934 366 1978 βουλευταῖς
388 1949 432 1970 το
449 1936 685 1984 ἐνναούγκιον
709 1939 826 1978 ἕξουσι
852 1937 911 1972 διὰ
936 1951 999 1973 τας
1015 1938 1241 1982 βουλευτικάς

163 1979 388 2027 λειτουργίας,
411 1981 449 2014 αἱ
465 1980 588 2016 λοιπαὶ
606 1981 645 2016 δὲ
661 1980 955 2028 ἀρκεσθήσονται
970 1986 1023 2027 τῷ
1041 1988 1239 2031 τριουγκίῳ.

164 2027 209 2058 Εἰ
239 2023 278 2059 δὲ
307 2025 395 2070 μήτε
427 2025 570 2073 ἄρρενες
604 2028 693 2071 μήτε
729 2028 876 2072 θήλειαι
912 2026 1035 2063 αὐταῖς
1069 2033 1242 2076 γένοιντο,

164 2073 230 2104 ἕως
252 2072 319 2114 μὲν
343 2069 361 2104 ὁ
388 2068 480 2125 ἇνῂρ
504 2076 697 2117 περίεστιν,
722 2075 832 2115 ἐχέτω
855 2073 997 2109 τούτων
1020 2075 1089 2117 τὴν
1115 2075 1242 2119 χρῆσιν

1311 1939 1436 1974 uncias
1466 1939 1665 1982 habebunt,
1698 1949 1762 1984 per
1791 1949 1878 1984 quas
1909 1938 2111 1974 functiones
2141 1939 2260 1974 curiae
2291 1949 2385 1974 com-

1311 1984 1487 2029 pleantur,
1504 1984 1656 2019 residuis
1672 1988 1791 2019 autem
1807 1984 1986 2019 sufficient
2001 1988 2073 2019 tres
2086 1984 2222 2019 unciae.
2253 1983 2387 2028 Quodsi

1311 2040 1426 2074 neque
1457 2029 1606 2064 masculi
1636 2040 1749 2074 neque
1778 2029 1930 2064 feminae
1960 2030 2012 2065 eis
2044 2032 2166 2072 erunt,
2202 2039 2386 2074 quousque

1311 2075 1362 2109 vir
1386 2076 1565 2119 superest,
1597 2075 1727 2110 habeat
1751 2085 1871 2110 earum
1896 2085 1999 2110 usum
2023 2074 2166 2120 explens
2189 2075 2227 2110 in
2250 2075 2299 2110 eis
2325 2085 2384 2109 cu-

165 2115 211 2149 τὰ
236 2115 447 2159 βουλευτικα
472 2119 511 2150 ἐν
536 2115 654 2151 αὐτοῖς
678 2117 826 2163 πληρῶν
850 2118 1139 2172 λειτουργήματα.
1183 2123 1242 2151 καὶ
1255 2122 1297 2153 40
1312 2120 1385 2154 riae
1410 2120 1620 2155 functiones.
1669 2120 1718 2154 Et
1749 2121 1779 2155 Si
1804 2120 1943 2164 quidem
1974 2120 2019 2155 ad
2047 2120 2220 2155 secundas
2251 2120 2386 2155 venerit

165 2162 194 2193 εἰ
228 2163 294 2204 μὲν
329 2163 375 2194 εἰς
411 2159 590 2208 δευτέρους
629 2160 795 2208 ἀφίκοιτο
830 2176 962 2209 γαμους
1002 2168 1061 2197 καὶ
1097 2162 1242 2198 παίδων

298 2271 359 2306 IV.
409 2271 449 2306 Si
472 2273 553 2318 quis
577 2278 695 2308 autem
719 2273 911 2319 defunctus
934 2274 982 2308 sit
1002 2273 1082 2318 lilia
1106 2273 1250 2314 relicta,
1274 2274 1308 2307 si
1330 2273 1471 2318 quidem
1495 2284 1537 2308 ea
1562 2273 1691 2308 curiali
1715 2273 1871 2308 eiusdem
1895 2274 2050 2310 civitatis
2073 2274 2247 2320 nupserit,
2271 2276 2382 2310 mani-

165 2318 297 2361 festum
330 2320 382 2351 est
411 2317 487 2352 sine
518 2318 718 2353 calumniae
746 2318 910 2364 periculo
944 2329 1022 2353 eam
1053 2329 1111 2353 res
1139 2322 1316 2364 paternas
1347 2317 1551 2353 habituram
1582 2329 1659 2353 esse
1690 2319 1746 2353 vel
1776 2320 1813 2353 in
1836 2319 1990 2353 solidum
2024 2319 2080 2355 vel
2111 2320 2235 2364 utique
2258 2331 2384 2355 novem

167 2362 309 2403 nnciaS,
343 2362 519 2406 siquidem
547 2363 648 2408 forte
681 2368 753 2398 tres
785 2364 911 2398 uncias
939 2367 1051 2409 pater
1082 2363 1131 2398 ad
1162 2363 1272 2398 alium
1305 2363 1494 2408 pervenire
1525 2363 1690 2398 voluerit.

1745 2362 1819 2398 Sed
1847 2363 1989 2398 etiamsi
2021 2375 2094 2399 non
2129 2365 2294 2409 nupserit
2323 2375 2383 2399 cu-

166 2406 252 2441 riali
279 2406 323 2441 ab
355 2407 458 2442 initio
484 2409 691 2449 constituto,
724 2408 874 2443 accedat
895 2412 1013 2443 autem
1038 2407 1171 2453 aliquis
1202 2408 1265 2453 qui
1287 2419 1365 2442 eam
1395 2407 1478 2443 velit
1502 2419 1545 2442 ea
1570 2408 1781 2443 condicione
1811 2408 1849 2442 in
1873 2408 2142 2443 matrimonium
2166 2409 2314 2452 ducere,
2345 2416 2383 2445 ut

167 2451 313 2487 curialis
344 2452 391 2486 sit
423 2456 459 2487 et
488 2453 610 2488 curiae
641 2464 678 2488 se
710 2465 730 2488 0
765 2457 861 2495 erat,
894 2458 1003 2498 atque
1034 2453 1087 2487 itti
1121 2453 1388 2488 matrimonium
1419 2457 1605 2498 acceptum
1635 2453 1698 2494 sit,
1738 2453 1790 2487 sic
1822 2464 1964 2499 quoque
1993 2464 2118 2489 novem
2149 2454 2277 2489 uncias
2306 2455 2384 2490 sine

166 2497 365 2532 calumniae
382 2497 546 2542 periculo
571 2498 700 2533 habeat
748 2509 839 2533 onae
863 2510 951 2544 erqa
972 2499 1109 2533 curiam
1133 2497 1328 2533 voluntatis
1352 2508 1463 2532 causa
1486 2502 1521 2533 et
1542 2498 1627 2543 quia
1651 2497 1801 2533 curialis
1823 2498 1930 2533 rebus
1953 2498 2062 2534 datur
2079 2509 2212 2544 easque
2231 2499 2381 2535 admini-

164 2546 344 2577 straturus
367 2547 435 2584 est,
471 2543 702 2588 quamobrem
725 2544 868 2578 omnino
893 2543 1032 2578 mulieri
1056 2554 1118 2578 eas
1140 2543 1222 2577 dari
1245 2542 1416 2578 volumus.
1464 2541 1506 2577 Si
1528 2553 1611 2578 vero
1629 2543 1759 2589 plures
1789 2544 1862 2578 sint
1881 2543 1983 2587 filiae
2006 2548 2041 2579 et
2090 2544 2242 2579 uaedam
2265 2556 2315 2580 ex
2338 2546 2383 2580 iis

165 2587 353 2632 nupserint
376 2587 572 2623 curiatibus
596 2588 651 2624 vel
673 2589 735 2634 qui
757 2589 830 2623 sint
854 2588 910 2624 vel
929 2589 992 2633 qui
1013 2599 1081 2633 per
1105 2588 1320 2623 oblationem
1341 2588 1446 2632 fiant,
1480 2598 1605 2623 novem
1628 2588 1757 2623 unciae
1780 2589 1872 2623 inter
1895 2599 1957 2623 eas
1980 2589 2053 2624 divi
2079 2594 2195 2631 entur,
2227 2589 2277 2624 ad
2298 2590 2381 2625 reli-

165 2643 257 2678 quas
280 2636 397 2667 autem
423 2636 494 2667 tres
517 2634 645 2668 unciae
669 2634 830 2675 venient,·
866 2634 991 2668 mariti
1020 2644 1103 2668 vero
1136 2637 1281 2668 utentur
1313 2632 1415 2667 bonis
1448 2632 1497 2667 ad
1520 2633 1676 2668 curiales
1699 2643 1845 2674 causas,
1881 2633 1947 2668 etsi
1971 2635 2007 2668 in
2032 2634 2188 2669 dominio
2223 2645 2382 2670 uxorum

164 2678 244 2712 sint.
292 2676 496 2722 Propterea
519 2679 611 2713 enim
634 2678 679 2713 iis
705 2680 799 2714 bona
816 2679 940 2725 patris
963 2678 1135 2720 dedimus,
1160 2682 1201 2712 ut
1220 2677 1303 2712 inde
1324 2677 1495 2723 coniuqes
1518 2689 1642 2712 earum
1660 2678 1815 2714 curialia
1838 2689 1987 2713 munera
2010 2679 2194 2725 impleant.
2234 2678 2277 2714 Si
2297 2691 2381 2716 vero

165 2722 333 2758 decedere
356 2723 455 2758 conti
481 2723 551 2758 erit
573 2723 755 2759 mutierem
778 2728 928 2770 nuptam
952 2724 985 2758 ei
1009 2723 1072 2769 qui
1096 2723 1219 2758 curiae
1241 2733 1279 2757 se
1304 2722 1449 2764 obtulit,
1482 2722 1513 2757 si
1538 2722 1679 2768 quidem
1703 2723 1835 2758 liberos
1858 2723 2036 2759 masculos
2066 2735 2116 2760 ex
2139 2736 2180 2759 eo
2204 2724 2380 2768 habuerit,

165 2771 185 2803 1
232 2778 290 2802 res
306 2778 421 2813 penes
446 2734 576 2803 liberos
599 2774 706 2804 erunt
729 2773 837 2814 atque
858 2768 913 2803 illi
935 2773 1042 2803 erunt
1065 2768 1231 2809 curiales,
1256 2778 1370 2813 neque
1392 2778 1452 2802 res
1475 2767 1550 2802 ulla
1571 2768 1861 2814 perscrutatione
1883 2768 2067 2814 indiqebit.
2138 2768 2205 2805 Sin
2222 2771 2382 2816 feminae

163 2814 236 2848 sint
258 2817 383 2854 natae,
414 2813 446 2847 si
469 2813 610 2858 quidem
634 2819 669 2850 et
692 2814 794 2859 ipsae
817 2814 1007 2860 nupserint
1030 2813 1241 2859 quibusdam
1272 2812 1333 2858 qui
1357 2812 1412 2848 vel
1435 2812 1590 2848 curiales
1613 2812 1769 2848 eiusdem
1793 2813 1947 2849 civitatis
1969 2816 2042 2850 sint
2072 2815 2127 2850 vel
2157 2815 2220 2861 qui
2249 2826 2288 2851 se
2311 2817 2326 2850 i
2350 2817 2382 2851 si

165 2859 274 2893 curiis
303 2858 459 2894 eiusdem
489 2858 644 2894 civitatis
668 2860 842 2905 offerant,
873 2858 1037 2894 similiter
1069 2863 1105 2893 et
1135 2858 1236 2903 ipsae
1266 2868 1325 2893 res
1348 2868 1410 2892 eas
1440 2857 1518 2892 sine
1541 2858 1703 2893 molestia
1727 2857 1914 2900 habebunt,
1949 2859 2146 2895 curialibus
2177 2827 2382 2896 φηιιηενίέιις

164 2904 340 2938 subiectas
358 2915 429 2949 per
451 2903 546 2939 viros
569 2915 665 2939 suos.
713 2903 849 2947 Quodsi
870 2907 934 2939 aut
956 2915 1029 2938 non
1053 2903 1242 2950 nupserint
1265 2902 1460 2937 curialibus
1484 2902 1639 2938 eiusdem
1659 2903 1814 2939 civitatis
1837 2907 1902 2938 aut
1920 2904 2097 2950 quaedam
2118 2916 2168 2941 eoe
2187 2906 2232 2940 iis
2252 2917 2301 2940 nu
2328 2917 2380 2941 se-

164 2949 239 2983 rinc'
261 2948 456 2984 curiatibus
486 2948 542 2984 vet
563 2949 625 2994 qui
656 2950 728 2985 sint
757 2950 813 2984 vel
837 2949 898 2994 qui
918 2949 1023 2993 fiant,
1056 2952 1140 2983 tunc
1162 2948 1356 2983 secundum
1380 2947 1486 2982 modo
1511 2947 1644 2983 dictam
1675 2948 1938 2984 distinctionem
1968 2961 2030 2984 eae
2061 2961 2155 2995 quae
2185 2951 2382 2986 curia'ibus

165 2998 364 3038 nupserunt
395 3005 518 3029 novem
547 2994 674 3029 uncias
704 2994 883 3030 habebunt
910 2997 1062 3040 propter
1085 2994 1237 3028 curialia
1265 3003 1433 3034 munera,
1469 2996 1609 3028 ceterae
1639 3004 1723 3029 vero
1757 2993 1869 3028 tribus
1900 2994 2016 3029 unciis
2046 2999 2236 3031 contentae
2263 3001 2379 3031 erunt.

166 3037 301 3079 Quodsi
323 3049 437 3083 neque
458 3038 525 3082 filii
555 3050 669 3084 neque
689 3039 790 3084 filiae
821 3040 864 3074 iis
888 3044 996 3074 natae
1018 3039 1106 3080 sint,
1138 3038 1309 3084 quamdiu
1332 3037 1483 3072 maritus
1505 3044 1687 3083 superstes
1709 3043 1780 3080 est,
1813 3049 1933 3073 rerum
1963 3050 2087 3074 earum
2117 3041 2381 3085 usumfructum

166 3083 295 3118 habeat
318 3083 470 3118 curialia
493 3094 642 3119 munera
675 3095 723 3119 ex
755 3084 799 3118 iis
833 3084 1054 3130 impleturus.
1103 3083 1150 3118 Et
1173 3085 1205 3118 si
1229 3082 1369 3129 quidem
1394 3082 1442 3116 ad
1463 3082 1639 3117 secundas
1663 3083 1810 3129 nuptias
1833 3084 1968 3119 venerit
1994 3094 2037 3118 ac
2062 3084 2253 3119 liberorum
2276 3090 2381 3131 pater

223 3196 243 3228 2
265 3195 406 3239 γαμιθῆ
426 3197 455 3228 L
475 3195 522 3237 119
548 3194 686 3240 αἱρετὸς
711 3192 799 3242 αὐτῇ
825 3194 843 3228 ὁ
869 3195 979 3241 γάμος
1004 3197 1146 3241 φανείη]
1171 3197 1237 3227 sta-

166 3240 248 3273 biles
266 3241 295 3272 ei
312 3241 447 3282 nuptiae
464 3241 589 3273 fuerint
613 3253 631 3276 ς
649 3241 660 3284 ΙΙ
682 3243 719 3274 14
738 3239 788 3282 δὲ]
812 3244 871 3273 καὶ
888 3243 918 3274 L
937 3241 949 3284 ΙΙ
970 3243 1008 3275 18
1034 3243 1106 3273 τοῖς
1124 3238 1237 3285 πράγ-

164 3288 286 3328 μασιν]
313 3286 408 3318 rebus
432 3286 511 3327 ipsis
535 3297 554 3321 ς
571 3285 582 3328 ΙΙ
607 3288 649 3319 24
674 3285 712 3325 ἐξ
737 3283 858 3319 αὐτῶν
884 3288 929 3319 M
950 3286 962 3330 ΙΙ
987 3288 1027 3319 25
1053 3286 1147 3318 ἔστω
1174 3286 1203 3318 L
1227 3285 1238 3329 ΙΙ

166 3333 209 3365 26
232 3333 371 3371 ἐκεῖνοι]
407 3331 472 3372 ipsi
503 3342 522 3366 ς
552 3330 564 3373 ΙΙ
590 3329 631 3363 τὸ
664 3331 810 3373 πρᾶγμα
840 3333 929 3364 malit
950 3332 1138 3373 Zachariae
1170 3332 1238 3364 sine

165 3389 264 3409 causa
282 3376 294 3420 ΙΙ
314 3378 354 3409 27
381 3373 526 3417 *δεήσει
551 3389 589 3408 esc
614 3379 643 3417 ς]
669 3373 827 3417 δεήσειεν
848 3378 919 3410 ML
935 3376 947 3419 ΙΙ
975 3378 1017 3410 28
1042 3375 1149 3408 αὗται
1173 3376 1204 3408 L
1228 3374 1239 3420 ΙΙ

167 3423 209 3455 29
233 3421 334 3465 οἵπερ
354 3422 547 3453 Haloander
564 3434 601 3454 ex
618 3424 647 3462 ς]
673 3419 762 3464 ’ὑπερ
787 3422 832 3454 Μ
850 3421 880 3454 εἰ
903 3417 993 3466 ὅπερ
1019 3422 1048 3454 L
1065 3422 1076 3462 ΙΙ
1096 3423 1138 3455 30
1159 3423 1239 3464 ταῖς

166 3465 319 3510 βουλαῖς]
344 3467 387 3512 τῇ
411 3464 521 3512 βουλῇ
549 3466 734 3499 Zachariae
748 3468 802 3510 (cf
817 3469 848 3508 ς)
866 3467 877 3510 ΙΙ
894 3468 956 3508 τῆς
981 3479 1037 3498 οηι.
1054 3467 1083 3499 L
1101 3466 1113 3509 ΙΙ
1131 3466 1237 3498 αὑται

168 3513 197 3544 L
215 3512 227 3556 ΙΙ
245 3514 282 3546 31
301 3509 530 3554 ὑποκείμενα]
548 3508 714 3544 subiectae
727 3513 760 3552 (i.
772 3525 797 3545 e.
812 3509 1043 3554 ὑποκείμεναι
1051 3511 1079 3553 Ῡ)
1093 3523 1113 3547 ς
1130 3515 1142 3555 ss
1159 3513 1200 3544 33
1215 3509 1237 3552 ἢ

166 3556 214 3600 μὴ
240 3558 295 3598 Μ]
327 3568 394 3590 non
419 3569 438 3593 ς
462 3570 519 3589 om.
548 3558 596 3597 L,
628 3558 720 3589 τινὲς
750 3570 817 3590 cum
844 3558 1039 3590 Haloandro
1063 3558 1146 3600 vulq.
1177 3556 1189 3599 ΙΙ
1218 3554 1238 3597 ἢ

168 3603 259 3635 τινὲς
279 3604 350 3636 ML
367 3604 420 3643 (cf.
435 3615 463 3634 v.
485 3604 547 3643 14)]
569 3602 662 3635 τινὲς
686 3599 725 3634 δὲ
747 3601 795 3645 μὴ
820 3615 887 3635 cum
907 3603 1101 3635 Haloandro
1116 3603 1202 3646 vuly.
1226 3600 1238 3645 Η

168 3647 211 3680 39
233 3647 276 3691 τῆ
299 3647 418 3692 χρήσει
444 3648 492 3681 La

1364 3196 1383 3227 2
1408 3197 1512 3236 nupta
1532 3195 1606 3235 VT]
1640 3197 1746 3236 nupta
1770 3196 1903 3236 quidem
1926 3196 2010 3240 vuly.
2042 3196 2054 3239 Ι]
2082 3199 2101 3230 5
2127 3197 2291 3238 quandam
2319 3199 2353 3231 V

1307 3242 1326 3273 6
1340 3242 1372 3272 et
1385 3253 1441 3271 om.
1462 3239 1515 3281 Vll
1535 3242 1551 3273 7
1568 3242 1690 3280 autem]
1705 3243 1813 3272 tamen
1829 3241 1862 3273 T
1872 3241 1884 3282 ΙΙ
1903 3243 1923 3274 9
1936 3241 2080 3282 stabiles]
2101 3243 2160 3285 leq.
2173 3242 2372 3288 optabiles?{

1309 3288 1345 3319 11
1372 3285 1481 3316 curiae
1502 3285 1558 3327 Vn
1574 3285 1664 3325 quia]
1690 3285 1748 3326 qui
1767 3286 1798 3317 T
1810 3285 1822 3328 ss
1853 3287 1893 3319 12
1916 3286 2119 3327 gubernauit
2144 3289 2221 3320 libri
2237 3288 2248 3331 ΙΙ
2265 3291 2298 3320 et
2321 3302 2379 3322 om.

1309 3331 1340 3363 T
1351 3329 1363 3373 H
1386 3331 1425 3363 14
1440 3329 1506 3361 filie
1519 3348 1563 3353 —
1576 3329 1701 3362 fuerint
1725 3331 1758 3363 in
1772 3343 1837 3362 ras.
1855 3330 1909 3372 VH
1932 3334 1970 3364 15
1988 3334 2046 3363 aut
2063 3334 2132 3374 per]
2155 3334 2214 3364 aut
2229 3345 2288 3366 om.
2306 3334 2358 3366 Ta
2370 3334 2381 3378 ΙΙ

1306 3375 1541 3415 obligationem
1560 3375 1614 3418 Vn
1632 3375 1717 3407 fiunt
1732 3375 1775 3415 T]
1798 3375 1899 3408 fuerit
1916 3375 1949 3408 V
1961 3375 1973 3419 ΙΙ
1993 3378 2032 3410 16
2045 3376 2179 3418 quidam
2197 3377 2253 3420 Vl}
2273 3380 2313 3412 18
2326 3389 2379 3411 ac-

1306 3422 1464 3462 ceperunt
1484 3420 1515 3452 V
1539 3420 1551 3462 Ι]
1575 3420 1642 3452 sint
1668 3421 1700 3452 T
1719 3419 1731 3463 ΙΙ
1759 3420 1883 3452 curiale
1905 3421 1935 3451 V
1955 3420 1966 3464 ΙΙ
1997 3422 2038 3454 20
2063 3421 2214 3455 dedimur
2234 3422 2265 3455 V
2289 3423 2300 3466 ΙΙ
2328 3434 2380 3456 res

1305 3466 1408 3508 patris
1432 3478 1490 3498 om.
1513 3465 1546 3497 V
1564 3464 1576 3508 ΙΙ
1602 3466 1644 3497 22
1669 3475 1739 3497 eam
1760 3476 1781 3506 q
1802 3467 1922 3508 nuptas
1941 3467 2011 3507 (sic)
2034 3466 2067 3499 V
2086 3465 2098 3510 ss
2122 3467 2175 3499 illi
2198 3469 2297 3512 vul9.]
2322 3469 2380 3501 ille

1306 3512 1381 3543 libri
1397 3510 1409 3553 Ι]
1428 3511 1467 3543 23
1495 3509 1534 3542 de
1555 3520 1591 3542 ea
1616 3509 1671 3554 ΤΙΙ
1699 3511 1742 3544 24
1765 3510 1853 3543 nulli
1873 3511 2170 3552 tergauersationes
2191 3511 2248 3556 Vn
2265 3514 2306 3546 25
2328 3525 2379 3547 res

1306 3568 1362 3588 om.
1385 3555 1419 3587 V
1437 3555 1449 3598 ΙΙ
1478 3556 1520 3588 28
1544 3556 1660 3596 nuptie
1682 3556 1716 3588 V
1733 3556 1746 3599 ΙΙ
1771 3558 1830 3588 aut
1853 3556 2037 3589 curialibus
2061 3557 2205 3590 eiusdem
2232 3558 2379 3592 civitatis

1305 3613 1362 3633 om.
1384 3600 1440 3643 Vn
1459 3601 1498 3633 31
1525 3600 1684 3633 modestia
1705 3601 1736 3633 V
1749 3600 1762 3645 ΙΙ
1785 3600 1947 3633 subiectas
1969 3603 2054 3645 vuly.
2073 3602 2084 3646 ΙΙ
2111 3602 2299 3636 functiones
2318 3605 2351 3638 V
2368 3604 2379 3649 ΙΙ

1305 3647 1347 3679 33
1371 3646 1520 3688 supplevi
1541 3648 1641 3678 verba
1658 3654 1792 3689 propter
1809 3647 2072 3680 homoeoteleuton
2097 3649 2213 3681 omissa
2230 3649 2243 3692 ΙΙ
2261 3650 2304 3683 34
2321 3650 2380 3690 qui

1304 3693 1382 3723 sunt
1405 3691 1503 3733 vuly]
1539 3691 1597 3732 qui
1623 3694 1721 3723 erunt
1747 3692 1779 3724 T
1809 3691 1964 3732 quaerint
1985 3692 2020 3725 V
2038 3692 2051 3736 ΙΙ
2085 3694 2126 3726 35
2151 3694 2268 3737 nuptie
2295 3695 2327 3727 T
2335 3696 2344 3714 ¹
2368 3694 2380 3739 11

1306 3737 1346 3770 37
1365 3735 1534 3768 suffitiunt
1556 3736 1612 3780 VH
1630 3739 1671 3771 39
1694 3736 1840 3780 expleres
1858 3737 1890 3770 T
1909 3737 2019 3780 explet
2040 3738 2098 3782 Vll
2113 3739 2149 3771 in
2173 3739 2231 3780 eis]
2259 3739 2329 3772 eius
2352 3740 2384 3773 T

2044 3796 2107 3828 62*
