2586 3990
170 141 231 172 UT
260 140 446 172 FRATmS
475 140 583 171 r1L11
612 140 875 173 succnnAN'r
1238 120 1324 175 633
1936 132 2043 176 Nov.
2079 131 2274 176 CXXVII
2294 145 2354 187 pr.
2390 136 2407 175 1

673 264 756 307 ffz
1673 276 1852 312 cxxvn.
1901 277 2009 311 Auth.
2023 277 2131 312 cxx.
2158 276 2307 312 0011.1X
2320 276 2374 312 tit.
2387 280 2404 311 7

169 343 284 377 ΠΕΡΙ
322 341 711 377 ΑΔΕΛΦΟΠΑΙΔΩΝ
748 343 1254 379 ΚΛΗΡΟΝΟΜΟΥΝΤΩΝ
1388 344 1451 378 UT
1478 344 1686 379 FRATRIS
1710 343 1827 377 FILII
1852 343 2138 379 SUCGEDANT
2162 344 2228 379 AD
2254 344 2346 379 IMI-

169 388 286 424 AMA
327 388 450 422 ΤΟΙΣ
491 388 719 429 ΑΝΙΟΥΣΙ,
767 389 860 422 ΚΑΙ
899 390 1014 424 ΠΕΡΙ
1053 391 1253 425 ΕΤΕΡΩΝ
1324 389 1586 424 TATIONEM
1622 388 1860 424 FRATRUM
1895 389 1958 423 ET
1996 389 2407 424 ASCENDENTIBUS

554 433 869 468 ΚΕΦΑΛΑΙΩΝ.
1323 434 1655 477 EXTANTIBUS3
1704 434 1768 468 ΕΤ
1805 433 1869 469 UT
1908 434 2161 469 MULIERES
2202 434 2301 470 NON
2337 434 2406 468 IN-

1291 479 1535 514 5SINUATA
1570 479 1938 514 ANTENUPTIALI
1975 479 2261 514 DONATIONE
2305 479 2406 514 NON

1322 525 1644 566 LAEDANTUR,
1680 524 1780 558 NON
1813 524 2072 559 INSINUANS
2105 524 2277 559 AUTEM
2310 524 2406 565 VIR,

1275 604 1277 606 ,
1322 570 1418 605 VEL
1450 570 1491 603 SI
1522 569 1785 604 COMPETAT
1810 568 2057 603 NUPTIALE
2088 569 2306 610 LUCRUM,
2341 569 2405 603 EO

1321 614 1420 649 NON
1454 613 1704 657 FRUATUR3
1743 613 1806 647 ET
1840 613 2024 648 RURSUS
2061 614 2123 649 UT
2155 614 2406 650 MULIERES

1320 659 1420 694 NON
1460 658 1682 694 SECUNDO
1726 658 1986 693 NUBENTES
2029 658 2253 693 DOMINAE
2295 658 2405 693 SINT

1266 705 1306 737 10
1321 704 1492 738 PARTIS
1530 703 1877 738 SPONSALIOIAE
1909 703 2220 744 LARGITATiS,
2256 703 2405 748 QUAN-

1321 749 1424 783 TUM
1449 748 1569 783 PARS
1594 748 1738 782 FAOIT
1765 747 1907 783 UNIUS
1940 748 2073 792 F1L113
2109 748 2174 782 ET
2203 748 2263 784 UT
2289 748 2405 783 SIMI-

1320 794 1411 829 LES
1436 793 1546 828 SINT
1570 792 1768 828 POENAE
1793 792 2068 836 UTRIUSQUE
2094 793 2266 834 SEXUS,
2298 792 2406 828 DUM

1408 839 1517 874 SINE
1544 838 1701 874 CAUSA
1725 836 2042 917 ΒΑΤΙῼΝῇΙΞΠΛΙ
2066 837 2324 874 REPUDIUM

195 935 237 972 ‘O
260 934 370 972 αὐτὸς
394 936 560 981 βασιλευς
588 937 718 980 Βάσσῳ
744 939 796 980 τῷ
823 936 1048 981 ἐνδοξοτάτῳ
1075 938 1219 983 ἐπάρχῳ
1267 941 1306 973 15
1648 939 1745 973 Idem
1767 939 1858 982 Aug.
1882 939 1995 974 Basso
2021 950 2082 983 pp.

592 987 836 1028 πραιτωρίων.

179 1091 188 1104 t
213 1050 518 1105 <Προοίμιον>
567 1050 651 1083 Τοὺς
668 1047 854 1105 ἡμετέρους
870 1048 997 1094 νόμους
1017 1051 1252 1096 ἐπανορθοῦν
1377 1049 1668 1095 (Praefatio.)
1715 1051 1866 1086 Nostras
1891 1051 1986 1094 leges
2017 1051 2205 1086 emendare
2235 1061 2301 1086 nos
2333 1062 2404 1086 non

168 1099 266 1139 ημεῖς
289 1109 353 1129 ουκ
378 1109 564 1139 οκνοομεν,
589 1097 776 1137 πανταχοῦ
801 1108 843 1128 το
864 1099 1045 1142 συμφέρον
1070 1099 1141 1130 τοῖς
1162 1095 1250 1138 ὑπη-
1322 1095 1418 1138 piget
1453 1096 1583 1138 ubique
1615 1096 1804 1131 utilitatem
1841 1097 2011 1132 subiectis
2045 1097 2202 1132 invenire
2235 1097 2402 1131 volentes.

166 1139 263 1174 κὸοις
295 1137 472 1186 εὑρίσκειν
504 1139 726 1184 βουλόμενοι.
773 1140 992 1184 μεμνήμεθα
1023 1145 1146 1175 τοίνυν
1167 1141 1251 1187 γρά-
1322 1139 1545 1175 Meminimus
1575 1141 1681 1184 igitur
1711 1141 1896 1185 scripsisse
1920 1142 2050 1186 legem,
2082 1152 2145 1186 per
2170 1152 2274 1186 quam
2298 1142 2403 1176 iussi-

202 1197 303 1219 αντες
326 1185 451 1229 νόμον,
477 1182 526 1219 δι>
546 1185 587 1218 οὑ
609 1185 968 1229 παρεκελευσάμεθα,
995 1187 1055 1220 ἵνα
1076 1187 1178 1220 εἴτις
1197 1199 1251 1219 τε-
1267 1189 1307 1219 20
1321 1196 1409 1228 mus,
1443 1189 1483 1219 ut
1514 1186 1543 1220 si
1575 1187 1652 1230 quis
1683 1186 1856 1221 moriatur
1885 1187 2087 1231 relinquens
2118 1187 2228 1222 fatres
2252 1191 2288 1222 et
2311 1187 2403 1221 filios

167 1196 348 1273 λϋευτήσειε
372 1230 584 1265 καταλιπων
605 1227 778 1276 ἀδελφοὺς
799 1235 856 1263 καὶ
878 1230 1009 1266 παῖδας
1026 1233 1145 1286 ἑτέρου
1166 1244 1250 1276 προ-
1321 1230 1466 1264 alterius
1491 1232 1709 1274 praemortui
1732 1232 1864 1274 fratris,
1894 1232 1939 1266 ad
1963 1232 2227 1267 similitudinem
2250 1232 2404 1267 fratrum

166 1274 445 1318 τελευτήσαντος
461 1273 626 1321 ἀδελφοῦ,
646 1272 756 1320 <καθ“’
776 1274 974 1320 ὁμοιότητα
991 1279 1068 1311 τῶν
1085 1275 1252 1321 αὸελφιῦν
1322 1278 1356 1309 et
1389 1277 1607 1319 praemortui
1639 1277 1760 1311 fratris
1792 1277 1856 1310 filii
1891 1277 1938 1311 ad
1967 1277 2197 1312 hereditatem
2232 1279 2404 1312 vocentur

166 1324 224 1353 καὶ
258 1321 290 1354 οἱ
321 1323 387 1354 τοῦ
421 1320 765 1365 προτελενυτήσαντος
798 1318 972 1367 ἀδελφοῦ>
1008 1320 1132 1357 παῖδες
1164 1322 1252 1366 πρὸς
1322 1325 1509 1365 paternum
1544 1321 1827 1364 adingredientes
1862 1322 2012 1365 gradum
2047 1326 2083 1357 et
2117 1323 2211 1357 illius
2246 1323 2402 1357 ferentes

167 1366 235 1408 τὴν
260 1365 498 1412 κληρονομίαν
522 1366 717 1399 καλοῦνται
741 1366 809 1408 τὴν
833 1367 1011 1412 πατρῴαν
1035 1366 1252 1402 ’ὑπειςιόντες
1322 1366 1531 1409 portionem.
1580 1366 1617 1400 Si
1641 1376 1722 1402 vero
1747 1366 1901 1402 moriens
1934 1367 2112 1412 relinquat
2135 1368 2403 1402 ascendentium

165 1410 274 1451 τάξιν
305 1415 364 1444 καὶ
395 1411 464 1454 τὴν
496 1413 630 1445 ἐκείνου
663 1410 892 1455 κομιζόμενοι
920 1415 1066 1458 μοῖραν·
1107 1414 1137 1445 εἰ
1166 1409 1205 1445 δὲ
1229 1409 1247 1444 ὁ
1264 1414 1305 1444 25
1321 1410 1458 1455 aliquos
1491 1414 1527 1445 et
1551 1410 1680 1446 fratres
1705 1422 1748 1446 ex
1774 1412 1935 1454 utrisque
1959 1413 2166 1456 parentibus
2193 1413 2402 1448 coniunctos

167 1455 377 1499 τελευτήσας
400 1455 592 1490 καταλίποι
623 1457 700 1490 τῶν
724 1453 911 1491 ἀνιόντων
940 1457 1024 1491 τινὰ
1058 1460 1116 1491 καὶ
1149 1453 1250 1491 ἄδελ-
1321 1457 1388 1490 Sibi
1418 1460 1453 1490 et
1486 1456 1574 1491 filios
1608 1467 1651 1491 ex
1682 1461 1908 1502 praemortuo
1939 1457 2065 1500 fratre,
2098 1458 2227 1493 fratres
2262 1457 2403 1502 quidem

165 1501 252 1546 φούς
284 1502 322 1541 ἐξ
353 1501 534 1547 ἑκατέρων
564 1504 704 1548 γονέων
736 1505 1024 1544 συναπτομένους
1057 1500 1156 1545 αὐτῷ
1191 1505 1250 1535 καὶ
1319 1501 1485 1535 iussimus
1520 1511 1582 1546 per
1616 1502 1731 1546 ipsam
1764 1503 1876 1546 legem
1912 1513 1992 1537 cum
2026 1504 2236 1548 parentibus
2271 1502 2402 1544 vocari,

166 1544 297 1580 παῖδας
321 1548 359 1579 ἐκ
380 1546 729 1593 προτελευτῆσαντος
753 1544 919 1593 ἀδελφοῦ,
951 1548 1033 1582 τοὺς
1058 1550 1124 1592 μὲν
1149 1544 1249 1581 ‹3322-
1320 1547 1441 1582 frat1·is
1466 1556 1547 1582 vero
1572 1546 1665 1582 filios
1690 1547 1916 1583 exclusimus.

165 1590 252 1636 φούς
275 1590 510 1636 ἐκελεύσαμεν
532 1590 590 1626 διὰ
615 1593 679 1625 τοῦ
706 1589 816 1625 αὐτοῦ
841 1593 954 1637 νόμου
977 1593 1068 1637 μετὰ
1093 1595 1170 1627 τῶν
1193 1605 1250 1638 γο-

163 1638 259 1671 νέων
283 1635 488 1680 καλεῖσθαι,
514 1637 596 1671 τοὺς
620 1635 659 1670 δὲ
683 1633 953 1682 (ἔδελφόπαιδας
977 1636 1248 1681 ἀπεκλείσαμεν.
1265 1639 1307 1671 30

1179 1727 1337 1763 CAPUT
1361 1727 1388 1761 I.

233 1783 352 1816 Ταῦτα
376 1786 502 1816 τοίνυν
527 1780 672 1816 δικαίως
696 1784 990 1826 ἐπανορθοῐντες
1013 1784 1248 1828 θεσπίζομεν,
1375 1783 1452 1818 Hoc
1476 1782 1596 1827 itaque
1619 1783 1713 1819 iuste
1738 1784 1955 1827 corrigentes
1980 1784 2179 1827 sancimus,
2204 1787 2245 1819 ut
2268 1784 2299 1820 si
2323 1785 2402 1829 quis

163 1828 223 1861 ἵνα
248 1827 283 1861 εἴ
303 1839 355 1861 τις
378 1826 591 1871 τελευτήσας
614 1827 824 1874 καταλείψει
854 1830 931 1863 τῶν
956 1827 1141 1863 ἀνιόντων
1165 1829 1247 1862 τινὰ
1318 1829 1472 1864 morlens
1507 1829 1685 1873 relinquat
1716 1829 1984 1864 ascendentium
2019 1830 2172 1874 aliquem
2207 1833 2244 1865 et
2271 1829 2402 1865 fratres

162 1875 221 1906 καὶ
239 1869 416 1918 ἀδελφοὺς
441 1871 657 1917 δυναμένους
679 1874 771 1916 μετὰ
795 1875 872 1908 τῶν
894 1877 1032 1920 γονέων
1057 1873 1249 1908 καλεῖσθαι
1319 1875 1379 1919 qui
1403 1875 1555 1918 possunt
1579 1885 1659 1909 cum
1676 1874 1884 1919 parentibus
1909 1875 2029 1910 vocari
2053 1877 2089 1910 et
2108 1875 2255 1910 alterius
2279 1875 2401 1910 fratris

163 1921 222 1951 καὶ
257 1918 378 1963 ἑτέρου
408 1914 562 1964 ἀδελφοῦ
596 1917 946 1964 προτελευτῆσαντος
977 1917 1124 1961 παῖδας,
1160 1919 1250 1962 μετὰ
1318 1919 1537 1964 praemortui
1574 1919 1685 1961 filios,
1730 1931 1809 1955 cum
1845 1920 2121 1955 ascendentibus
2157 1924 2192 1955 et
2228 1920 2401 1956 fratribus

163 1963 242 1996 τῶν
278 1960 465 1997 ἀνιόντων
499 1966 558 1997 καὶ
593 1965 671 1998 τῶν
701 1961 871 2010 ἀδελφῶν
906 1963 1089 1999 καλῶνται
1125 1968 1185 1997 καὶ
1217 1963 1252 1997 οἱ
1264 1967 1304 1998 35
1318 1967 1490 2000 vocentur
1523 1967 1557 1999 et
1580 1966 1799 2009 praemortui
1827 1966 1948 2001 fratris
1972 1965 2054 2008 filii,
2085 1969 2121 2000 et
2143 1967 2281 2001 tantam
2307 1966 2401 2000 acci-

164 2009 230 2041 τοῦ
255 2006 602 2052 προτελευτῆσαντος
631 2005 788 2053 ἀδελφοῦ
812 2008 952 2052 παῖδες,
985 2014 1044 2043 καὶ
1067 2009 1249 2052 τοσαύτην
1318 2010 1418 2055 piant
1441 2010 1656 2054 portionem,
1689 2014 1858 2055 quantam
1884 2010 2026 2047 futurus
2051 2014 2127 2046 erat
2152 2021 2274 2047 eorum
2298 2014 2402 2055 pater

166 2051 380 2096 λαμβάνωσι
404 2056 545 2098 μοῖραν,
571 2050 662 2095 ὅσην
686 2052 835 2097 ἤμελλεν
859 2052 878 2087 ὁ
902 2053 1026 2089 αὐτῶν
1049 2054 1170 2099 πατὴρ
1194 2067 1249 2087 κο-

234 2145 319 2177 Νου.
347 2144 527 2176 CXXVII
547 2144 709 2183 (Amnem.
732 2145 835 2177 CXX
855 2160 899 2172 =
929 2146 1006 2179 Coll.
1024 2146 1084 2178 IX
1102 2147 1146 2178 tit.
1166 2147 1200 2178 7:
1226 2144 1337 2187 qloss.)
1365 2145 1491 2178 Graece
1515 2152 1603 2178 extat
1627 2146 1659 2178 in
1683 2145 1728 2177 M
1746 2146 1799 2187 (de
1823 2146 1892 2180 BL
1913 2147 1978 2180 vid.
2005 2147 2051 2180 ad
2069 2159 2142 2190 cap.
2167 2146 2217 2179 II.
2241 2146 2333 2188 III).
2356 2165 2399 2171 -·

163 2189 256 2232 Epz't.
285 2190 406 2222 leeool.
435 2190 509 2229 127,
545 2189 770 2231 Atlzan.9,12.
818 2190 941 2223 Iulian.
968 2198 1065 2223 const.
1095 2191 1224 2223 CXIV.

232 2247 260 2267 c.
278 2234 302 2266 I
320 2246 456 2267 summas
483 2235 600 2266 babent
623 2234 750 2278 Ecloqa
770 2236 905 2277 privata
931 2244 1027 2269 aucta
1052 2238 1083 2277 7,
1101 2243 1116 2268 3
1138 2248 1172 2278 p.
1189 2236 1230 2268 23
1248 2235 1363 2275 Zach„
1387 2235 1574 2278 Anonymus
1598 2235 1805 2269 Bodleianus
1830 2249 1883 2279 ap.
1909 2237 2096 2271 Zachariae
2117 2232 2250 2269 Ἀνεκδ.
2270 2248 2306 2280 p.
2324 2237 2398 2270 219.

165 2280 332 2313 Theodori
352 2291 503 2312 summam
529 2280 561 2311 in
577 2280 651 2319 fine
675 2286 800 2313 auctam
826 2282 952 2313 exhibet
975 2281 1156 2313 Prochiron
1183 2282 1235 2320 30,
1255 2288 1280 2321 7,
1305 2280 1403 2313 schol.
1428 2279 1650 2324 Epanaqoqes
1675 2281 1728 2322 33,
1745 2288 1788 2314 16.

1184 2388 1377 2426 CXXVII.

273 2456 348 2493 DE
367 2454 587 2492 FRATRIS
609 2455 771 2492 FILIIS
796 2455 1472 2538 SUCCEDENTIBgJqufgggM
1491 2456 1933 2502 ASCENDENTIBUS,
1971 2457 2041 2493 ET
2060 2458 2131 2494 DE
2152 2457 2293 2494 ALIIS

691 2557 792 2594 Idem
817 2559 1003 2605 Auqustus
1027 2559 1146 2595 Basso
1176 2558 1438 2604 qloriosissimo
1461 2559 1652 2604 praefecto
1671 2560 1875 2605 praetorio.

300 2627 559 2672 Praefatio.
607 2625 722 2672 Leqes
751 2629 896 2661 nostras
927 2626 1117 2662 emendare
1148 2637 1222 2661 non
1247 2626 1354 2673 piqet
1383 2636 1467 2668 nos,
1499 2626 1561 2671 qui
1590 2637 1849 2672 usquequaque
1879 2627 1919 2661 id
1940 2626 2039 2672 quod
2065 2627 2234 2663 subiectis
2262 2630 2398 2664 nostris

161 2672 312 2719 prodest
341 2672 502 2718 reperire
525 2671 681 2707 velimus.
730 2670 956 2707 Meminimus
979 2672 1093 2718 iqitur
1123 2682 1191 2707 nos
1223 2671 1336 2717 leqem
1359 2671 1557 2716 scripsisse,
1590 2682 1663 2716 qua
1713 2672 1947 2717 raecepimus,
1981 2675 2022 2707 ut
2048 2673 2080 2707 si
2104 2673 2185 2718 quis
2208 2672 2399 2709 decesserit

162 2719 299 2754 relictis
320 2716 505 2763 fratribus
536 2720 571 2752 et
603 2716 724 2751 liberis
753 2716 902 2751 alterius
930 2717 1066 2762 fratris
1089 2720 1197 2752 antea
1221 2716 1404 2761 defuncti,
1433 2715 1500 2760 <ad
1521 2716 1683 2751 similitu(
1694 2717 1786 2751 inem
1807 2718 1971 2762 fratrum
2003 2717 2110 2751 etiam
2131 2717 2268 2763 fratris
2290 2722 2398 2754 antea

164 2762 346 2808 defuncti>
379 2761 482 2797 liberi
506 2761 555 2796 ad
576 2760 808 2796 hereditatem
833 2765 1003 2797 vocentur
1032 2762 1071 2796 in
1096 2765 1290 2808 paternum
1320 2761 1521 2796 successuri
1553 2761 1671 2796 locum
1704 2767 1812 2807 atque
1835 2762 1933 2797 illius
1956 2763 2166 2815 portionem
2189 2764 2375 2809 accepturi
2384 2776 2398 2804 ;

162 2809 218 2843 sin
244 2818 348 2854 quem
376 2806 643 2842 ascendentium
675 2805 869 2851 defunctus
897 2807 1087 2852 reliquerit
1115 2810 1151 2842 et
1178 2807 1320 2852 fratres
1351 2816 1400 2841 ex
1431 2809 1584 2851 utroque
1612 2812 1766 2851 parente
1796 2807 1866 2842 sibi
1887 2812 2098 2843 coniunctos
2129 2811 2163 2842 et
2187 2807 2319 2843 liberos
2347 2819 2398 2844 ex

161 2854 284 2899 fratre
308 2856 417 2888 antea
440 2851 627 2897 defuncto,
658 2851 800 2896 fratres
825 2851 966 2897 quidem
999 2862 1077 2886 cum
1107 2851 1320 2898 parentibus
1348 2850 1472 2886 vocari
1503 2850 1625 2886 eadem
1650 2851 1728 2896 leqe
1753 2852 1930 2894 iussimus,
1968 2852 2099 2888 liberos
2122 2856 2240 2888 autem
2261 2853 2397 2898 fratris

162 2898 391 2935 exclusimus.

299 2943 326 2978 1.
377 2941 478 2977 Haec
501 2941 614 2986 iqitur
637 2941 717 2977 iure
740 2941 968 2977 emendantes
990 2942 1181 2983 sancimus,
1214 2945 1254 2976 ut
1276 2941 1310 2976 si
1331 2940 1412 2985 quis
1436 2951 1539 2985 quem
1563 2940 1758 2986 defunctus
1781 2940 1969 2987 reliquerit
1993 2953 2042 2977 ex
2066 2942 2338 2978 ascendentibus
2362 2948 2397 2981 et

160 2988 302 3033 fratres
331 2987 393 3032 qui
420 2998 500 3022 cum
522 2987 735 3032 parentibus
759 2988 884 3022 vocari
899 2987 1045 3033 possint
1076 2990 1112 3023 et
1134 2986 1283 3022 alterius
1304 2985 1442 3031 fratris
1465 2987 1572 3020 antea
1596 2985 1761 3030 defuncti
1785 2986 1928 3028 liberos,
1960 2997 2039 3022 cum
2064 2987 2337 3023 ascendentibus
2361 2993 2396 3024 et

161 3032 343 3078 fratribus
366 3032 474 3068 etiam
496 3032 631 3076 fratris
655 3035 762 3067 antea
786 3031 952 3077 defuncti
976 3031 1078 3067 liberi
1101 3036 1281 3073 vocentur,
1312 3034 1347 3066 et
1371 3033 1507 3065 tantam
1530 3034 1672 3076 partem
1697 3031 1897 3077 accipiant,
1930 3036 2102 3076 quantam
2129 3036 2239 3078 pater
2271 3043 2395 3068 eorum

221 3124 337 3156 2rubr.
356 3123 445 3165 Περὶ
464 3118 646 3162 διαδόχων
663 3122 737 3165 (leq.
754 3119 946 3163 διαδοχῶν)
965 3118 1247 3166 ἄδελφοπαίὸων
1317 3121 1585 3163 Hamburqensz's)
1605 3120 1616 3163 ΙΙ
1645 3120 1890 3152 inmitationem
1913 3121 1947 3153 R
1975 3121 1988 3165 ΙΙ
2017 3123 2036 3154 3
2061 3124 2094 3154 et
2116 3122 2150 3154 R
2160 3123 2205 3162 V]
2242 3122 2341 3155 etiam
2367 3125 2399 3157 T

162 3170 222 3200 καὶ
246 3169 328 3211 περὶ
353 3167 544 3210 ἐμφανείας
576 3163 695 3200 ἕδνων
723 3168 842 3201 Theod.
878 3163 987 3200 ζὨστε
1010 3167 1093 3200 τοὺς
1117 3165 1247 3201 παῖδας
1314 3167 1398 3207 vulq.
1419 3165 1430 3207 ΙΙ
1449 3167 1469 3198 4
1491 3165 1673 3197 estantibus
1694 3166 1761 3198 RT
1775 3166 1786 3208 ΙΙ
1805 3167 1824 3198 6
1849 3168 1958 3198 autem
1983 3179 2041 3198 om.
2058 3166 2104 3198 R¹
2122 3167 2134 3209 ΙΙ
2153 3168 2170 3199 7
2188 3167 2252 3208 vel]
2275 3171 2306 3199 et
2335 3169 2367 3201 T
2384 3168 2396 3214 ΙΙ

162 3211 226 3245 τοῦ
245 3208 594 3255 προτελευτήσαντος
619 3207 774 3266 ἀδελφοῦ
800 3209 1031 3255 κληρονομεῖν
1054 3211 1145 3255 μετὰ
1169 3212 1246 3245 τῶν
1315 3212 1334 3244 9
1356 3210 1487 3242 domine
1503 3214 1581 3242 sunt
1599 3211 1631 3242 T
1651 3210 1759 3242 desint
1775 3210 1823 3243 R¹
1844 3209 1855 3254 ΙΙ
1874 3213 1913 3244 10
1933 3211 2051 3253 partis]
2076 3211 2180 3253 patris
2196 3213 2300 3254 partis
2318 3213 2366 3245 Β*
2382 3215 2394 3257 ΙΙ

163 3254 332 3301 ἀδελφῶν
357 3259 416 3289 καὶ
433 3252 615 3289 ἀνιόντων
638 3253 824 3299 ὑποντων,
849 3258 909 3290 καὶ
933 3259 1014 3301 περὶ
1034 3254 1153 3290 ἔδνων
1170 3259 1244 3291 Am.
1316 3258 1353 3289 11
1380 3255 1484 3298 partis
1506 3256 1558 3288 Va
1583 3255 1595 3298 ΙΙ
1628 3256 1667 3289 12
1692 3265 1776 3298 pene
1801 3256 1868 3287 sint
1895 3256 1925 3287 R
1944 3257 1955 3298 ΙΙ
1985 3258 2025 3289 14
2048 3256 2202 3288 mittatur
2227 3257 2296 3290 RT
2313 3258 2326 3300 ΙΙ
2354 3261 2393 3292 15

163 3303 218 3345 (cs.
234 3305 265 3343 ς)
284 3302 295 3345 ΙΙ
315 3303 356 3335 15
381 3300 517 3343 Βάσσῳ
537 3321 578 3324 -
602 3304 838 3346 πραιτωρίων
861 3303 903 3334 M
908 3303 964 3343 (ς)]
992 3299 1157 3344 Θεοδότῳ
1183 3302 1244 3336 ἐπ-
1315 3302 1410 3333 inscr.
1430 3313 1487 3332 om.
1503 3300 1535 3332 T
1546 3299 1557 3342 11
1580 3302 1618 3333 17
1643 3300 1814 3332 emendare
1830 3300 1918 3341 leges
1936 3301 2005 3333 ΕΤ
2017 3300 2029 3344 ΙΙ
2045 3311 2106 3333 nos
2130 3314 2188 3334 om.
2206 3303 2238 3334 T
2250 3302 2262 3344 ΙΙ
2280 3304 2321 3336 18
2342 3303 2393 3344 pi-

163 3345 262 3391 άρχῳ
281 3348 518 3392 πραιτωρίων
534 3347 609 3380 Am.
629 3347 640 3389 ΙΙ
662 3348 701 3381 18
719 3343 817 3389 ἡμεῖς
834 3346 1070 3391 ἐπανορθοῦν
1083 3350 1135 3380 cie.
1145 3348 1220 3380 Ath.
1234 3347 1245 3383 {l
1313 3347 1393 3387 guet
1413 3346 1447 3378 V
1459 3345 1470 3387 ΙΙ
1487 3346 1526 3378 21
1544 3344 1736 3377 alterius—
1749 3347 1790 3378 22
1804 3345 2020 3378 hereditatem
2035 3359 2095 3379 scr.
2106 3346 2155 3378 R²
2169 3347 2200 3379 in
2215 3359 2280 3379 ras.
2294 3349 2308 3381 1
2325 3361 2369 3380 vs.
2383 3349 2395 3390 Η

164 3394 206 3426 20
232 3390 359 3434 νόμον]
386 3404 455 3424 nov.
476 3391 639 3424 CXVIII
651 3404 675 3424 c.
688 3393 706 3425 3
725 3391 736 3434 ΙΙ
755 3390 986 3434 *τελευτήσω
1000 3392 1046 3425 Μ
1057 3391 1069 3436 ΙΙ
1086 3394 1127 3426 22
1150 3388 1241 3426 καθ’
1310 3390 1510 3433 postmortui
1534 3390 1609 3432 ΒΟ)
1627 3389 1639 3433 ΙΙ
1667 3391 1708 3423 22
1734 3392 1766 3422 et
1785 3391 1990 3432 praemortui
2013 3391 2128 3423 fratris
2153 3390 2216 3423 filii
2240 3392 2280 3424 ad
2304 3391 2390 3436 here!

163 3433 364 3480 ὁμοιότητα
381 3456 423 3460 —
443 3437 483 3469 23
501 3432 657 3481 ἀδελφοῦ
679 3445 815 3480 propter
840 3438 1102 3471 homoeoteleuton
1128 3439 1244 3471 omissa
1313 3436 1419 3478 suppl.
1442 3435 1491 3468 V²
1508 3436 1539 3468 in
1557 3443 1639 3478 spat.
1655 3448 1722 3468 vae.
1736 3437 1758 3479 7¹5
1771 3448 1816 3468 vs.
1834 3436 1845 3478 ΙΙ
1866 3437 1908 3469 23
1929 3438 2100 3478 paternam
2122 3437 2153 3468 V
2168 3435 2180 3479 ΙΙ
2197 3438 2229 3468 et
2244 3449 2303 3471 om.
2318 3437 2365 3469 R¹
2382 3437 2393 3481 Η

162 3484 194 3515 in
220 3483 267 3515 M
284 3496 322 3515 ea·
346 3494 365 3518 ς
389 3483 465 3514 add.
484 3482 672 3515 Zachariae
693 3481 705 3526 ΙΙ
733 3483 777 3516 24
800 3480 983 3515 καλῶνται
1003 3482 1168 3526 Scrimqer
1189 3483 1244 3525 (ef.
1315 3482 1357 3514 25
1382 3480 1560 3521 utriusque
1581 3479 1635 3524 Vl}
1654 3480 1718 3512 sibi
1743 3480 1938 3513 coniunctos
1963 3481 2019 3523 ΤΙΙ
2038 3483 2077 3515 31
2095 3482 2182 3513 rubr.
2201 3482 2249 3513 De
2265 3491 2392 3515 succes-

162 3527 219 3569 35)
237 3527 248 3570 ΙΙ
267 3529 309 3560 26
322 3526 406 3560 τινὰ
421 3528 474 3570 (cf
491 3528 546 3567 32)
564 3528 621 3567 M]
643 3526 772 3568 aliquos
786 3528 819 3567 (i.
830 3540 855 3560 e.
870 3525 982 3570 τινὰς)
998 3538 1017 3563 ς
1034 3527 1045 3571 ΙΙ
1064 3529 1102 3561 31
1126 3527 1245 3560 Ταῦτα
1314 3525 1463 3557 sionibus
1498 3535 1580 3566 quae
1612 3525 1653 3557 ab
1677 3525 1833 3557 intestato
1863 3525 2059 3558 deferuntur
2090 3527 2121 3557 et
2142 3526 2335 3567 parentibus
2360 3529 2393 3560 ct

163 3572 342 3616 Scrimyer]
367 3584 415 3605 τα
435 3573 482 3604 M
493 3573 583 3605 initio
600 3585 721 3613 versus,
746 3572 822 3605 Hoc
846 3583 866 3609 ς
1314 3570 1392 3602 filiis
1409 3570 1548 3602 fratrum
1568 3570 1599 3602 T
1611 3571 1644 3603 in
1662 3583 1762 3614 marq.
1778 3571 1829 3611 (ex
1840 3570 1918 3613 Iul.)
1936 3570 1948 3613 ΙΙ
1964 3570 2051 3603 iuste
2069 3583 2126 3603 om.
2145 3570 2191 3603 T¹
2209 3571 2220 3613 ΙΙ
2239 3572 2281 3604 33
2298 3582 2392 3614 prae-

1315 3618 1393 3648 sunt
1419 3614 1469 3647 T¹
1487 3615 1498 3657 ΙΙ
1524 3615 1566 3648 34
1589 3615 1805 3658 praemortui]
1832 3627 1871 3646 u
1897 3616 1946 3648 R¹
1964 3616 1975 3659 ΙΙ
1994 3618 2024 3648 et
2051 3628 2107 3649 om.
2125 3616 2157 3648 T
2171 3615 2182 3657 H
2199 3616 2315 3648 fratres
2342 3615 2394 3649 Τ2

1315 3661 1357 3694 al.
1375 3660 1386 3702 11
1407 3661 1448 3694 35
1463 3661 1635 3700 vocentur]
1660 3660 1841 3692 succedunt
1861 3661 1894 3693 T
1914 3659 1926 3704 Η
1943 3662 1986 3702 et]
2011 3660 2110 3693 etiam
2137 3660 2188 3693 T¹
2205 3662 2216 3703 ΙΙ
2235 3661 2394 3694 fratribus

221 3705 241 3738 2
266 3706 454 3749 succedant]
479 3707 657 3740 succedant
679 3707 816 3750 paterne
839 3707 873 3740 R
911 3706 1101 3750 (succedant
1125 3708 1245 3750 patruo
1322 3704 1450 3749 V¹11et
1475 3718 1532 3739 om.
1546 3705 1633 3739 ΕΤ2
1648 3704 1660 3749 11
1679 3707 1809 3738 tantum
1832 3705 1880 3738 V¹
1896 3706 1908 3749 ΙΙ
1933 3707 1975 3740 36
2000 3708 2093 3750 pater
2118 3714 2231 3740 eorum
2257 3707 2290 3740 T

228 3760 279 3787 111.
2080 3763 2121 3797 80
