2618 4010
145 115 323 147 PALATII

1227 95 1281 142 93

2192 94 2298 136 Nov.
2330 94 2369 135 X

1057 148 1456 163 ΡΑ*-

143 229 219 250 των
243 213 452 259 ἀρεσάντων
473 213 555 258 ἡμῖν
570 216 628 248 καὶ
648 214 786 257 σεμνῶς
803 212 1129 259 ὑπηρετησαμένων
1146 212 1216 250 ἔξω

143 260 240 295 τινας
264 261 302 301 ἐξ
326 258 449 295 αὐτῶν
479 260 701 301 καταστῆσαι
732 260 793 301 τῆς
828 256 995 304 ἡμετέρας
1026 256 1218 303 ὑπουργίας

144 303 261 339 οὐδενὶ
283 305 467 340 παντελῶς
491 301 695 351 αἱρούμεθα
719 303 876 349 ‘soonam‘
901 301 988 338 ἀλλὰ
1010 306 1131 348 με’νειν
1153 304 1220 346 μὲν

144 349 269 385 αὐτους
293 352 518 394 θεσπίζομεν
542 347 632 383 καθ’
660 346 750 395 ὅπερ
774 351 840 382 εἰσὶ
866 351 992 394 σχῆμα,
1020 347 1156 393 μηδένα
1180 344 1221 380 δὲ

143 397 383 442 προςτεθῆναι
415 393 661 435 παντάπασιν,
695 397 760 428 ἕως
790 392 836 428 «ἲν
866 397 913 429 εἰς
947 392 1041 429 ὀκτώ
1074 391 1220 439 ἀνδρῶν

143 441 184 475 τὸ
209 441 351 475 τούτων
376 445 565 487 περισταίη
589 443 731 485 μέτρον.
780 436 868 474 ὥςτε
900 438 1025 474 αὐτοὺς
1050 438 1220 482 διηνεκῶς

143 485 238 521 ὀκτὼ
263 485 504 527 καθεστάναι,
536 487 598 519 τοῦ
622 488 689 529 μὲν
713 483 870 531 ἀριθμοῦ
896 483 1024 519 τούτου
1055 482 1137 518 κατ’
1164 481 1219 518 οὗ·

143 531 229 565 ὂένα
253 531 389 578 τρόπον
413 529 434 574 ἢ
456 530 586 575 χρόνον
609 528 813 574 αὐξομένου,
840 529 1075 565 σπευδόντων
1099 529 1138 564 δὲ
1162 525 1219 562 αὖ·

143 579 220 611 τῶν
243 576 413 620 διηνεκῶς
436 574 604 619 ἀλλήλους
618 572 911 621 ὑπερβάλλεσθαι
935 578 1012 630 ταῖς
1032 578 1114 622 περὶ
1135 573 1221 618 ἡμᾶς

143 637 201 655 καί
226 637 245 656 τ
271 641 274 644 ’

143 667 202 702 νὸς
225 637 350 701 figam)
373 669 515 709 ἔχοντος
539 665 620 700 οὐδὲ
641 668 755 700 αἰτεῖν
775 680 810 700 τι
830 667 893 700 τοῦ
919 665 1044 700 λοιποῦ
1068 667 1219 706 τοιοῦτο,

143 710 231 746 ἀλλὰ
259 712 498 759 γινώσκοντος
525 710 572 746 ως
595 711 677 745 οὔτε
701 709 863 751 τεύξεται
890 712 967 744 τῶν
999 712 1221 753 αἰτουμένων

123 756 232 804 ’ὑπέρ
259 772 299 792 τε
330 760 390 801 τῆς
414 756 586 800 αἰτήσεως
619 755 724 799 αὐτῆς
753 754 794 790 οὐ
822 755 936 798 μόνον
966 758 1086 796 ἔνοχος
1119 757 1220 789 ἔσται

144 805 251 850 ποινῇ
285 808 426 850 χρυσίου
460 802 594 849 λιτρῶν
625 802 762 843 decem,
798 799 886 834 ἀλλὰ
917 804 977 834 καὶ
1007 802 1068 843 τῆς
1091 802 1221 833 οἰκείας

1287 210 1439 245 omnium
1471 208 1687 254 placentium
1706 208 1815 248 ,nobis
1847 209 1883 242 et
1913 208 2061 243 honeste
2093 206 2366 241 ministrantium

1287 255 1385 290 foras
1421 256 1467 290 ali
1494 265 1559 290 uos
1590 265 1633 289 ex
1670 253 1725 288 his
1763 253 2020 288 constituamus
2053 263 2075 287 a
2105 256 2227 287 nostro
2263 251 2366 285 mini-

1290 301 1409 343 sterio,
1435 312 1483 335 nu
1499 300 1532 335 lo
1557 299 1699 335 omnino
1725 298 1951 333 concedimus
1975 298 2111 341 mod0);
2136 297 2199 333 sed
2225 306 2366 331 manere

1290 346 1430 390 quidem
1459 356 1520 381 eos
1550 344 1731 380 sancimus
1761 344 1957 378 secundum
1989 344 2137 387 figuram
2173 353 2243 388 qua
2273 345 2366 383 sunt,

1256 396 1275 427 5
1290 392 1464 427 neminem
1485 395 1603 426 tamen
1619 389 1714 424 adici
1738 389 1891 430 omnino,
1918 389 2029 423 donec
2050 389 2086 423 in
2108 392 2188 423 octo
2212 388 2367 422 virorum

1290 437 1471 482 perveniat
1503 446 1688 471 numerus:
1725 438 1764 468 ut
1793 434 1819 468 ii
1842 438 2012 478 perpetue
2041 437 2122 468 octo
2152 433 2258 478 <sint>
2281 443 2366 468 con-

1290 483 1423 524 stituti,
1455 492 1601 516 numero
1626 479 1766 525 quidem
1791 479 1860 514 hoc
1891 490 1955 523 per
1978 478 2113 512 nullum
2138 479 2281 513 modum
2305 481 2369 512 aut

1289 533 1429 572 tempus
1464 531 1591 568 aucto⁷
1628 525 1881 561 festinantibus
1918 527 2038 558 autem
2073 524 2160 567 ipsis
2195 525 2368 568 perpetue

1290 574 1439 608 invicem
1462 571 1715 607 transcendere
1740 571 1836 604 circa
1860 580 1925 604 nos
1949 573 1986 604 et
2015 569 2200 612 imperium
2225 579 2310 604 cura
2333 572 2369 602 et

273 637 291 655 ν
314 621 502 666 βασιλείαν
526 623 741 665 θεραπείαις
764 635 804 655 τε
827 624 886 654 καὶ
913 623 1076 654 ευνοιάις.
1124 619 1220 653 οὐδε·
1239 618 1494 662 10devotione3
1535 617 1674 652 nemine
1703 615 1882 651 licentiam
1918 614 2072 649 habente
2105 625 2218 657 neque
2247 617 2369 658 petere

1290 664 1423 708 aliquid
1447 663 1614 707 deinceps
1638 662 1729 703 tale,
1755 661 1818 696 sed
1843 660 1978 694 sciente
2003 659 2098 704 quod
2122 670 2235 703 neque
2259 660 2368 703 impe-

1290 710 1400 744 trabit
1424 709 1550 753 petita,
1584 719 1649 753 pro
1674 707 1795 742 eadem
1820 708 1939 740 autem
1963 704 2134 749 petitione
2159 716 2230 739 non
2255 706 2369 739 solum

1290 755 1466 797 obligatus
1482 754 1549 788 erit
1573 762 1708 797 poenae
1729 752 1807 786 auri
1827 751 1999 785 librarum
2017 750 2150 791 decem,
2176 749 2239 784 sed
2263 750 2369 785 etiam

1289 800 1435 844 propria
1459 799 1671 843 spoliabitur
1690 798 1823 832 militia.
1872 796 2044 831 Volumus
2069 795 2162 830 enim
2187 806 2248 830 eos
2273 805 2368 829 men-

144 851 346 882 ἐκπεσεῖται
370 853 568 894 στρατείας.
611 845 825 890 Βουλόμεθα
849 845 915 892 γαρ
936 842 1060 879 αὐτοὺς
1084 847 1136 888 τῷ
1162 848 1219 888 με’-
1239 848 1373 879 158111Ἦ,
1403 845 1542 889 quidem
1573 854 1686 888 usque
1718 843 1764 877 ad
1799 843 1933 877 dictum
1965 851 2152 876 numerum
2184 840 2370 881 contineri,

143 907 218 940 τρῳ
243 897 310 938 μὲν
338 898 438 938 μέχρι
471 895 533 927 τοῦ
566 894 741 938 ῥηθέντος
772 889 932 938 ἀριθμοῦ
964 889 1219 931 συνεστάλθαι,

145 938 352 986 δικαιοσύνῃ
380 939 419 971 δὲ
443 942 501 972 καὶ
525 942 601 972 ταῖς
625 936 745 971 ἄλλαις
774 934 915 982 ἀρεταῖς
940 935 1061 976 αὔξειν
1093 950 1132 969 τε
1162 939 1220 968 καὶ

144 987 203 1018 ἐπὶ
226 987 347 1029 μεῖζον
378 983 651 1029 διαφαίνεσθαι.
700 979 720 1024 ἡ
747 980 813 1028 γὰρ
835 980 925 1015 κατὰ
948 978 1110 1027 αριθμὸν
1133 979 1219 1022 πλη-

147 1029 213 1063 θὺς
244 1028 349 1063 οὐδὲν
381 1026 425 1062 ἢν
452 1030 523 1071 ἔχοι
553 1025 696 1071 σεμνόν,
725 1025 917 1072 ἐπειδήπερ
949 1028 988 1060 ἐν
1020 1025 1151 1073 ὀλίγοις
1183 1028 1221 1059 ἐκ

147 1074 292 1108 πολλῶν
329 1073 348 1108 ὁ
384 1071 465 1108 κατ)
504 1072 635 1119 ἀρετὴν
668 1071 825 1113 σώζεται
860 1076 945 1115 βίος,

143 1123 209 1164 μὲν
233 1115 305 1161 οὗν,
330 1119 498 1164 καθάπερ
522 1116 682 1152 εἰπόντες
705 1118 883 1162 ἔφθημεν,
914 1119 981 1151 νῦν
1006 1119 1065 1151 ἐπὶ
1094 1118 1222 1151 τούτου

148 1167 206 1199 τοῦ
231 1165 417 1209 σχήματος.

188 1209 466 1256 <Ἐπίλογος.>
509 1210 626 1242 Ταῦτα
641 1206 681 1241 δὲ
705 1205 726 1250 ἡ
750 1208 794 1250 σὴ
818 1204 973 1254 ὑπεροχὴ
995 1207 1223 1254 γινώσκουσα

144 1256 372 1299 φυλαττέτω,
407 1253 496 1288 κατὰ
525 1252 662 1309 μηδένα
694 1253 820 1296 καιρὸν
852 1254 1118 1299 παραβαθῆναι
1143 1266 1222 1299 συγ-

296 1299 303 1310 Ι

1289 889 1426 924 iustitia
1451 901 1533 925 vero
1559 893 1594 924 et
1626 889 1704 923 aliis
1738 887 1928 923 virtutibus
1960 886 2082 931 augeri
2115 889 2151 921 et
2179 887 2225 921 ad
2256 886 2369 920 maius

1290 946 1471 979 apparere.
1519 934 1711 969 Multitudo
1732 934 1822 969 enim
1846 943 2036 968 numerosa
2060 931 2148 966 nihil
2173 932 2282 967 habet
2306 932 2369 965 ho-

1290 986 1440 1021 nestum,
1466 980 1632 1024 quoniam
1652 980 1688 1013 in
1712 979 1837 1023 paucis
1862 989 1906 1013 ex
1923 978 2042 1012 multis
2061 988 2152 1021 quae
2176 977 2369 1012 secundum

1290 1025 1455 1060 virtutem
1477 1029 1530 1059 est
1554 1025 1627 1059 vita
1644 1025 1810 1059 salvatur.
1849 1023 2023 1058 Maneant
2047 1023 2156 1066 igitur
2176 1023 2369 1059 secundum

996 1074 1221 1106 Μενέτωσαν
1235 1073 1276 1104 20
1291 1070 1385 1115 quod
1406 1070 1647 1114 praediximus
1672 1081 1766 1104 nune
1789 1070 1825 1104 in
1851 1069 1972 1104 eadem
1997 1069 2121 1113 figura.

1337 1204 1613 1251 <Epilogus.>
1659 1204 1758 1240 Haec
1789 1209 1909 1239 autem
1940 1208 2003 1239 tua
2026 1204 2217 1239 eminentia
2241 1216 2370 1250 cogno-

1293 1262 1396 1286 scens
1433 1250 1629 1293 custodiat,
1673 1254 1713 1284 ut
1753 1250 1851 1284 nullo
1897 1252 2054 1294 tempore
2090 1251 2372 1294 transgrediatur

143 1302 305 1346 χωροῦσα
325 1302 459 1354 τιντῶν
480 1313 555 1353 παρ
592 1297 694 1343 ἡμῶν
715 1299 1014 1340 θεσπισθέντων,
1039 1297 1126 1332 ἄλλα
1142 1298 1223 1332 τοὺς
1236 1299 1276 1330 25
1293 1296 1427 1349 aliquid
1458 1306 1579 1331 eorum
1604 1305 1695 1340 quae
1727 1305 1749 1329 a
1782 1295 1882 1330 nobis
1908 1295 2046 1329 sancita
2071 1300 2171 1338 sunt,
2205 1296 2267 1330 sed
2298 1307 2370 1337 eos,

143 1345 241 1390 παρὰ
264 1347 377 1379 ταῦτα
400 1359 436 1379 τι
461 1355 686 1390 πραττοντας
709 1343 776 1386 τὴν
799 1340 1038 1387 ηπειλημένην
1063 1342 1221 1390 εἰςπράτ-

144 1405 220 1424 τειν
244 1390 384 1433 ποινήν,
412 1390 469 1423 οἷα
493 1389 636 1424 τούτων
661 1392 863 1434 ἐφιεμένους
886 1386 977 1435 ἅπερ
1002 1389 1083 1423 οὔτε
1108 1390 1223 1423 αἰτεῖν

144 1436 282 1476 ἔξεστιν
310 1436 391 1470 οὔτε
416 1434 589 1470 δίδοσθαι
615 1434 781 1469 δυνατόν.
829 1438 888 1468 καὶ
912 1434 1009 1468 ἔστω
1033 1438 1092 1468 καὶ
1116 1436 1222 1468 τοῦτο

144 1480 249 1535 νόμος
274 1479 437 1535 ἡμέτερος
461 1480 601 1522 πλῆθος
623 1482 689 1524 μὲν
709 1478 982 1524 ἀπωθούμενος,
1007 1477 1223 1527 ἀντειςάγων

1294 1353 1353 1386 qul
1376 1346 1518 1386 praeter
1550 1342 1639 1375 haec
1664 1341 1797 1385 aliquid
1829 1343 1955 1383 agunt,
1987 1340 2248 1375 interminatam
2282 1341 2373 1385 exigi

1291 1398 1460 1431 poenam,
1494 1397 1600 1431 quam
1632 1386 1682 1421 eis
1717 1386 1959 1430 permisimus,
1994 1397 2098 1430 quam
2122 1397 2236 1430 neque
2260 1388 2373 1431 repeti

1291 1433 1375 1467 licet
1409 1443 1523 1476 neque
1554 1431 1656 1466 reddi
1687 1435 1741 1466 est
1767 1431 1948 1475 possibile.
1998 1431 2120 1475 Sitque
2151 1435 2186 1466 et
2216 1432 2284 1466 hoc
2316 1433 2373 1466 lex

1292 1482 1415 1513 nostra
1445 1477 1706 1512 multitudinem
1737 1476 1876 1521 quidem
1909 1477 2108 1520 expellens,
2141 1476 2373 1512 introducens

143 1526 182 1560 δε
204 1541 344 1581 αρετηιζ,
368 1524 543 1580 ηπεριοῦκ
568 1527 607 1559 ἐν
631 1524 773 1559 πολλοῖς
797 1524 1045 1570 διαφαίνεται,
1076 1528 1134 1559 καὶ
1159 1524 1221 1569 μά·
1237 1527 1278 1558 30
1295 1534 1376 1559 vero
1404 1523 1581 1565 Virtutem,
1606 1533 1697 1567 quae
1721 1533 1793 1557 non
1816 1522 1853 1556 in
1878 1522 1998 1557 multis
2024 1525 2183 1567 apparet,
2212 1526 2247 1557 et
2270 1534 2372 1568 prae-

145 1572 248 1606 λιστα
273 1575 319 1607 ἐπ
362 1570 513 1616 ἅνδρασι
538 1570 760 1616 προελθοῦσι
791 1572 858 1614 μὲν
882 1572 921 1604 ἐκ
945 1573 1116 1616 πατέρων
1139 1571 1222 1617 ἀγα-

146 1619 240 1658 θιῦν,
271 1617 337 1651 τὸν
360 1616 400 1650 δὲ
431 1615 554 1651 αὐτῶν
577 1620 659 1659 βίον
690 1614 947 1650 ἀποτεθεικὸσι
975 1620 1052 1650 ταῖς
1083 1629 1122 1649 τε
1145 1617 1223 1650 τῶν

144 1662 324 1706 δεομένων
348 1662 511 1696 ἱκετείαις
534 1665 611 1695 ταῖς
634 1675 674 1696 τε
692 1658 785 1706 παρ’
805 1658 908 1705 ἡμῶν
929 1662 976 1695 εἰς
999 1659 1125 1695 αὐτοὺς
1147 1663 1220 1695 ε’πι-

143 1713 307 1754 κουρίαις.
362 1708 409 1741 Ta
435 1712 557 1741 τοίνυν
582 1706 825 1760 παραστοίντα
845 1705 929 1760 ημῖν
953 1710 1012 1740 καὶ
1036 1705 1094 1740 διὰ
1118 1704 1222 1740 τοῦδε

1293 1569 1397 1614 cipue
1426 1568 1464 1603 in
1495 1568 1578 1604 viris
1614 1568 1785 1612 procedat
1815 1567 1957 1612 quidem
1989 1578 2033 1602 ex
2066 1568 2229 1611 patribus
2259 1568 2372 1609 bonis,

1292 1625 1392 1650 suam
1416 1616 1533 1648 autem
1558 1613 1666 1648 vitam
1691 1613 1950 1648 constituentes
1975 1616 2049 1647 tam
2071 1613 2107 1647 iu
2141 1613 2373 1657 petitionibus

1292 1659 1525 1703 indigentium
1561 1670 1666 1703 quam
1708 1658 1754 1693 ad
1797 1663 1960 1693 nostrum
2002 1658 2038 1692 in
2083 1669 2144 1693 eos
2191 1660 2372 1694 auxilium.

1292 1706 1392 1749 Quae
1423 1705 1530 1749 igitur
1562 1705 1775 1748 placuerunt
1807 1704 1908 1738 nobis
1941 1707 1976 1738 et
2011 1714 2074 1747 per
2110 1704 2203 1738 hanc
2234 1715 2374 1739 sacram

143 1756 206 1788 τοῦ
231 1754 335 1788 θείου
366 1752 566 1796 δηλούμενα
597 1751 706 1806 «νόμου
735 1766 755 1794 η
786 1763 830 1795 ση
861 1751 1017 1799 υπεροχὴ
1041 1754 1134 1798 ἔργῳ
1164 1752 1401 1795 uai35legem
1428 1750 1656 1784 manifestata
1681 1751 1774 1793 sunt,
1797 1753 1860 1783 tua
1885 1749 2074 1783 eminentia
2091 1750 2189 1793 operi
2215 1750 2372 1785 effectui-

144 1803 273 1845 πίρατι
297 1798 523 1844 παραδοῦναι
548 1809 749 1832 σπευσατω.

189 1845 272 1880 Dat.
300 1854 390 1879 xvn.
417 1845 451 1879 k.
480 1843 567 1878 Mai.
593 1842 904 1888 Constantinopoli
928 1842 1101 1877 Belisario
1126 1853 1157 1877 v.
1190 1853 1220 1877 c.

145 1902 239 1925 cons.

1292 1807 1360 1841 que
1385 1795 1526 1830 tradere
1547 1795 1705 1830 festinet.

1335 1842 1419 1876 Dat.
1441 1852 1548 1875 xvm.
1569 1841 1641 1876 kal.
1668 1840 1753 1875 Mai.
1781 1840 1850 1875 ΟΡ.
1876 1839 2049 1875 Belisario
2074 1851 2105 1874 v.
2133 1851 2162 1875 0.
2190 1851 2286 1875 cons.

1182 1891 1226 1929 [a.
1250 1890 1338 1928 535]

139 2003 363 2055 peratoriae,
391 2002 612 2048 praesertim
637 2013 717 2036 cum
742 2002 906 2037 omnibus
930 2001 1002 2036 illis
1026 2000 1129 2036 nobis
1157 2000 1325 2047 probatis
1348 2005 1383 2036 et
1406 2000 1554 2035 honeste
1578 1998 1867 2034 ministrantibus
1885 2002 2031 2044 partem
2053 2009 2178 2033 eorum
2203 2010 2226 2034 a
2251 2003 2377 2034 nostro

146 2048 342 2083 munisterio
371 2058 552 2083 removere
584 2047 685 2082 nullo

146 2094 317 2129 neminem
347 2097 463 2127 autem
494 2092 640 2127 omnino
671 2104 694 2127 a
721 2092 775 2134 di,
807 2092 922 2127 donec
953 2103 975 2126 a

745 2047 827 2083 lane
863 2046 970 2082 modo
1033 2046 1186 2088 laceat),·
1221 2046 1286 2081 sed
1315 2046 1399 2081 illos
1428 2045 1571 2092 quidem
1601 2056 1746 2079 manere
1777 2045 1814 2078 in
1847 2055 1919 2089 quo
1950 2047 2035 2078 sunt
2063 2048 2162 2078 statu
2186 2045 2377 2087 sancimus,

977 2057 1115 2126 dpocto
1149 2092 1247 2126 viros
1270 2102 1440 2126 numerus
1469 2101 1593 2125 eorum
1623 2089 1794 2125 redactus
1815 2090 1873 2124 sic.
1922 2087 2054 2134 Itaque
2087 2092 2168 2124 octo
2198 2089 2266 2125 viri
2290 2101 2377 2136 per-

142 2145 255 2186 petuo
271 2139 526 2173 instituantur:
550 2142 590 2172 ut
613 2137 670 2172 lzic
689 2137 830 2183 quidem
846 2148 1016 2172 raimerus
1034 2136 1133 2171 nullo
1153 2136 1259 2171 modo
1281 2141 1343 2171 aut
1366 2141 1523 2182 tempore
1541 2140 1731 2180 aaqeatm,
1754 2134 1816 2169 sed
1836 2145 1984 2179 operam
2001 2133 2087 2168 dent
2104 2134 2176 2180 ipsi
2183 2140 2377 2181 perpetuo,

146 2189 184 2219 ut
213 2183 441 2219 observantia
468 2187 502 2218 et
532 2183 653 2218 studio
686 2194 775 2228 erqa
799 2194 866 2217 nos
889 2188 924 2217 et
947 2182 1135 2228 imperium
1158 2193 1196 2216 se
1219 2181 1368 2216 invicem
1389 2184 1570 2227 superent.
1620 2180 1745 2225 Neque
1770 2180 1938 2224 cuiquam
1968 2179 2007 2212 in
2029 2185 2220 2224 posterum
2244 2191 2288 2215 ne
2315 2192 2377 2227 pe-

149 2235 222 2265 tere
252 2229 394 2274 quidem
421 2228 492 2263 lale
521 2227 610 2273 quid
638 2228 761 2262 liceat:
799 2228 906 2261 immo
930 2227 1024 2261 sciat
1052 2238 1091 2261 se
1115 2238 1230 2271 neque
1254 2238 1348 2271 quae
1369 2227 1465 2272 petit
1489 2225 1763 2270 impetraturum
1793 2230 1829 2259 et
1861 2223 1904 2259 ob
1934 2223 2051 2275 ipsam
2067 2225 2280 2270 petitionem
2304 2237 2378 2260 non

146 2275 262 2309 solum
291 2285 435 2320 poenae
463 2273 582 2307 decem
614 2272 789 2306 librarum
821 2272 906 2306 auri
938 2271 1136 2306 obnoxiam
1165 2272 1352 2315 futurum,
1388 2270 1452 2305 sed
1479 2270 1586 2305 etiam
1614 2270 1814 2321 propriam
1847 2268 2011 2303 militiam
2043 2269 2257 2304 amissurum
2291 2282 2376 2306 esse.

157 2319 328 2354 Volumus
351 2318 444 2352 enim
465 2328 588 2352 eorum
616 2328 819 2351 mensuram
844 2315 986 2362 quidem
1010 2315 1059 2350 ad
1091 2315 1224 2350 dictum
1248 2327 1435 2350 numerum
1459 2325 1631 2356 coerceri,
1655 2314 1830 2349 iustitiam
1855 2318 1974 2348 autem
1997 2318 2207 2359 ceterasque
2230 2315 2379 2351 virtutes

149 2364 276 2409 auqeri
305 2366 340 2398 et
359 2362 532 2396 clariores
556 2372 745 2407 apparere.
794 2361 944 2396 Numeri
968 2361 1060 2395 enim
1081 2360 1292 2411 maynitudo
1316 2359 1406 2395 ntlu‘t
1430 2359 1536 2395 habet
1558 2359 1771 2405 qravz'tatis:
1801 2358 2091 2404 quandoquidem
2117 2359 2155 2393 in
2177 2360 2308 2406 paucis
2329 2372 2379 2396 ex

151 2408 270 2443 multis
292 2408 363 2442 vita
384 2407 515 2441 virtute
538 2406 690 2451 insiqnis
710 2410 886 2441 servatur.
935 2405 1113 2440 Maneant
1135 2405 1248 2451 iqitur
1271 2416 1377 2447 nunc,
1402 2405 1495 2439 sicut
1518 2410 1603 2439 ante
1626 2404 1797 2445 diximus,
1823 2404 1861 2438 in
1885 2402 1954 2438 Ιιοο
1977 2408 2085 2439 statu.

286 2452 523 2498 Epiloqus.
573 2451 674 2486 Haec
706 2455 825 2486 autem
853 2461 1075 2497 coqnescens
1108 2450 1294 2485 summitas
1327 2455 1389 2485 tua
1414 2449 1611 2491 custodiat,
1645 2454 1686 2484 ut
1718 2447 1818 2483 nullo
1845 2452 1911 2484 tem
1941 2459 2005 2483 ore
2037 2449 2230 2495 quicquam
2254 2460 2379 2485 eorum

149 2510 242 2544 quae
259 2509 282 2532 a
303 2497 406 2532 nobis
429 2496 570 2531 sancita
591 2500 676 2531 sunt
694 2496 828 2532 violari
841 2497 1021 2542 patiatur,
1042 2495 1108 2530 sed
1129 2495 1173 2530 ab
1197 2495 1243 2529 iis
1266 2496 1329 2541 qui
1352 2499 1482 2530 contra
1505 2494 1594 2529 haec
1613 2494 1759 2540 faciant
1779 2494 1893 2539 aliqui
1942 2505 2102 2546 poenam
2126 2506 2234 2540 quam
2253 2495 2380 2530 minati

148 2555 270 2578 sumus
289 2543 429 2588 eoeiqat,
454 2542 588 2587 quippe
605 2541 667 2587 qui
686 2553 728 2576 ea
743 2546 925 2576 sectentur
949 2552 1042 2587 quae
1063 2551 1128 2575 nec
1142 2545 1270 2586 petere
1293 2541 1376 2575 licet
1399 2551 1464 2575 nec
1487 2539 1570 2574 dari
1591 2543 1756 2585 possunt.
1795 2538 1922 2584 Sitque
1940 2550 1978 2573 in
1995 2539 2062 2574 ltac
2090 2551 2234 2585 quoque
2253 2551 2293 2575 re
2316 2540 2379 2575 lea:

149 2593 276 2624 nostra
298 2599 392 2633 quae
411 2586 671 2621 multitudinem
692 2586 834 2632 quidem
858 2590 1020 2632 spernat,
1042 2585 1191 2621 invicem
1217 2590 1334 2621 autem
1358 2584 1568 2620 introducat
1592 2585 1758 2619 virtutem
1809 2595 1878 2619 uae
1898 2595 1971 2619 non
1992 2585 2029 2619 in
2050 2585 2171 2620 multis
2189 2585 2323 2627 elucet,
2345 2589 2380 2620 et

148 2634 305 2669 maxime
320 2633 357 2666 iu
382 2632 479 2674 viris,
501 2632 565 2677 qui
580 2636 615 2667 et
634 2642 683 2666 ex
705 2631 809 2666 bonis
825 2631 1042 2678 parentibus
1063 2631 1250 2677 procreati
1268 2635 1353 2665 sunt
1366 2635 1401 2666 et
1423 2641 1526 2665 suam
1545 2630 1652 2665 vitam
1672 2631 1777 2676 preci
1799 2641 1842 2664 us
1860 2629 2064 2676 supplicum
2085 2634 2119 2665 et
2142 2630 2285 2666 auxilio
2306 2630 2380 2665 illis

148 2692 170 2714 a
206 2678 309 2713 nobis
339 2676 567 2724 praestando
604 2676 782 2712 dicarunt.
842 2676 943 2719 Quae
979 2677 1094 2722 iqitur
1131 2676 1234 2711 nobis
1263 2676 1487 2722 placuerunt
1517 2679 1553 2710 et
1589 2686 1656 2722 per
1684 2674 1778 2710 lianc
1810 2686 1953 2710 sacram
1985 2675 2097 2721 leqem
2133 2675 2378 2718 declarantur,

148 2724 332 2759 semimitas
357 2727 419 2758 tua
443 2722 548 2768 operi
569 2722 784 2767 effectuique
810 2722 954 2757 tradere
977 2721 1129 2756 studeat.

193 2841 212 2872 6
236 2838 367 2869 τοῦτον
385 2838 415 2869 L
435 2836 446 2880 ΙΙ
463 2838 481 2869 8
509 2831 727 2878 αὖξούμενον
745 2837 774 2868 L
794 2835 806 2879 Η
827 2838 863 2869 12
890 2835 971 2869 οὔτε
985 2838 1028 2876 L]
1053 2833 1136 2869 οὐδὲ
1155 2836 1201 2868 M
1218 2835 1229 2880 ΙΙ

153 2886 190 2917 13
226 2878 315 2927 ὑπέρ
348 2894 388 2915 τε
421 2882 482 2923 τῆς
519 2879 689 2923 αἰτήσεως
721 2877 838 2922 αὐτῆς]
875 2893 935 2924 pro
973 2881 1083 2913 eadem
1118 2883 1228 2913 autem

148 2929 308 2971 petitione
333 2939 351 2963 ς
375 2928 387 2970 11
413 2930 453 2960 14
478 2927 587 2958 decem
613 2928 651 2966 (s.
670 2939 696 2959 v.
719 2924 816 2966 δέκα)
843 2927 892 2966 Μ,
917 2923 1002 2958 δέκα
1024 2927 1055 2959 L
1075 2925 1087 2968 ΙΙ
1106 2929 1144 2960 15
1170 2928 1227 2969 με’-

148 2986 235 3017 τρον
264 2974 290 3004 [ι
317 2973 328 3015 ΙΙ
363 2974 402 3005 18
428 2967 450 3013 ἦ
473 2972 530 3011 Μ]
557 2968 598 3003 τὸ
624 2972 656 3003 L
683 2971 694 3013 ΙΙ
728 2973 768 3004 19
793 2968 938 3014 σεμνόν]
973 2981 1127 3022 qemun
1151 2972 1197 3003 L¹
1218 2970 1230 3014 Η

1299 2848 1355 2868 om.
1381 2835 1415 2867 R
1444 2834 1455 2879 ΙΙ
1487 2834 1703 2867 concedamus
1727 2835 1760 2867 R
1788 2834 1799 2877 ΙΙ
1831 2835 1928 2867 111οά0
1959 2835 2015 2868 sed
2040 2838 2184 2876 manere]
2225 2835 2381 2887 modoslet

1297 2890 1432 2912 mamere
1458 2880 1506 2912 V¹
1524 2878 1535 2923 ΙΙ
1555 2882 1575 2913 4
1597 2879 1731 2920 quidam
1752 2881 1800 2913 R¹
1816 2880 1828 2924 ss
1848 2883 1866 2913 5
1892 2882 2014 2921 tamen]
2040 2883 2169 2913 tanturn
2191 2882 2224 2914 V
2240 2879 2254 2924 ΙΙ
2272 2880 2380 2912 addici

1300 2933 1310 2958 t
1327 2924 1339 2968 ΙΙ
1357 2927 1375 2958 6
1401 2925 1450 2956 1111
1464 2925 1547 2957 RV!
1565 2923 1576 2967 ΙΙ
1592 2925 1660 2956 sint
1681 2927 1755 2957 octo
1775 2926 1882 2969 vulyo,
1906 2926 1974 2958 sint
1994 2939 2052 2958 om.
2066 2926 2191 2959 RVal.
2210 2926 2221 2967 ΙΙ
2242 2928 2259 2958 7
2286 2926 2380 2957 nullo

1298 2971 1350 3002 Ra
1368 2970 1416 3012 119
1438 2969 1735 3002 transcende**V¹
1755 2969 1767 3013 ΙΙ
1786 2972 1826 3004 10
1850 2973 1973 3013 petere]
2000 2974 2048 3013 pti
2071 2978 2086 3004 e
2103 2972 2176 3013 (sic)
2191 2979 2201 3004 t
2216 2969 2228 3014 ΙΙ
2251 2972 2286 3004 11
2310 2971 2377 3010 sed]

150 3022 191 3052 20
217 3021 306 3060 βίοις
331 3018 380 3049 La
402 3016 414 3060 ΙΙ
440 3018 481 3049 24
505 3016 736 3061 συγχωροῦσα
763 3030 820 3049 om.
844 3028 862 3052 ς
881 3016 892 3059 Η
910 3018 951 3049 26
974 3014 1228 3058 ηπειλημένηνιΊ

150 3060 280 3104 iqua-122*
306 3064 418 3104 μένην
443 3061 490 3094 L¹
515 3061 703 3105 εἰρημένην
728 3061 775 3093 L'2
802 3061 813 3103 ΙΙ
838 3063 877 3094 27
905 3059 962 3093 οἶα
986 3062 1117 3093 τοῦτον
1139 3062 1228 3104 ἐφιε-

150 3110 271 3150 μένων
298 3108 342 3146 L,
368 3117 464 3142 uuam
490 3107 536 3137 eis
559 3105 765 3147 permisimus
791 3118 810 3141 ς
825 3106 836 3147 ΙΙ
856 3102 967 3138 *οὐδὲ
994 3106 1109 3138 αἰτεῖν
1128 3107 1198 3138 ML
1218 3108 1230 3148 ΙΙ

152 3155 192 3185 28
216 3152 334 3191 τοῦτο]
358 3143 458 3183 οὗτος
484 3151 678 3182 Haloander
697 3152 750 3191 (cf.
768 3152 798 3186 ς)
816 3149 827 3193 Η
848 3152 889 3183 30
915 3147 964 3190 δὲ]
991 3153 1050 3182 καὶ
1066 3152 1094 3183 L
1114 3149 1125 3193 Η
1142 3148 1230 3197 ὅπερ

155 3199 200 3230 [ια
216 3196 228 3241 ΙΙ
249 3199 285 3230 31
309 3194 553 3241 προ*ελθοῦσι
568 3195 626 3235 L',
642 3193 874 3238 προελθοῦσα
889 3207 907 3230 ς
926 3195 937 3238 ΙΙ
955 3198 994 3228 32
1017 3193 1140 3227 αὐτῶν
1157 3197 1228 3228 Ha-

153 3243 286 3275 leander
300 3244 355 3284 (cf.
371 3244 412 3281 ς),
434 3237 544 3272 αὐτὸν
563 3240 607 3271 Μ
627 3235 733 3272 αὐτοῦ
754 3242 780 3272 L
798 3239 808 3284 ΙΙ
829 3243 869 3273 35
894 3240 999 3282 νόμος
1018 3240 1065 3272 L¹
1084 3240 1096 3284 ss
1114 3242 1153 3273 37
1180 3241 1229 3273 bi-

151 3288 263 3320 lisario
292 3298 343 3318 uc.
369 3285 515 3318 eonsulie
542 3285 583 3316 M
608 3283 620 3327 ΙΙ
650 3285 702 3317 (110
734 3295 809 3316 xvn
842 3286 873 3316 k.
899 3296 983 3326 mag.
1009 3296 1060 3326 pe.
1086 3285 1229 3317 uilisarii

152 3334 247 3373 lum,
273 3332 337 3364 dat.
363 3342 414 3362 v11
440 3331 471 3362 k.
492 3329 567 3361 mai.
593 3328 735 3361 uilisarii
756 3330 837 3362 Iul.¹’
859 3332 956 3371 (μηνὶ
979 3329 1077 3373 μαΐῳ
1100 3331 1229 3371 ΤΙιεοᾱ.,

152 3392 208 3410 ont..
230 3380 351 3409 subscr.
377 3377 466 3412 Ath.)

200 3471 209 3502 1
236 3469 405 3500 honestato
419 3466 466 3498 Ιῖ1
480 3466 521 3498 Vt
539 3465 550 3509 ss
567 3464 599 3497 2'
611 3464 751 3506 aliquos]
770 3467 801 3496 et
814 3464 942 3506 aliquos
955 3464 1004 3497 13¹
1019 3464 1033 3509 ΙΙ
1052 3468 1070 3500 3
1095 3467 1230 3499 0111111110

1262 3023 1264 3048 !
1298 3026 1330 3047 sc
1357 3014 1394 3057 tn
1413 3014 1596 3056 inpetrauit
1621 3014 1697 3059 R¹11
1722 3017 1758 3047 14
1784 3018 1949 3056 mensura]
1975 3016 2277 3048 mensurationibus
2302 3016 2349 3048 Ιί1
2370 3015 2381 3059 ΙΙ

1303 3063 1338 3092 15
1367 3060 1511 3092 edictum
1540 3058 1596 3101 TH
1615 3061 1653 3092 17
1680 3070 1801 3101 appare
1824 3061 1874 3093 V¹
1890 3060 1902 3103 ΙΙ
1929 3063 1972 3094 20
1998 3061 2086 3102 quod
2112 3075 2168 3093 om.
2194 3061 2241 3093 R¹
2267 3059 2278 3103 Η
2296 3062 2379 3102 figu-

1298 3117 1367 3137 ram
1392 3103 1531 3147 1111124
1556 3103 1638 3135 111110
1663 3105 1695 3136 R
1720 3105 1755 3135 in
1777 3105 1846 3137 ullo
1868 3105 1925 3149 VH
1942 3119 1984 3139 an
2010 3107 2070 3148 leq.
2096 3106 2281 3147 transgredi
2305 3106 2379 3150 <pa-

1298 3149 1443 3193 ti>aturi>
1467 3149 1479 3191 ΙΙ
1504 3150 1546 3183 26
1573 3151 1708 3191 propter
1732 3150 1779 3182 Β)
1797 3149 1809 3192 ΙΙ
1829 3151 1903 3191 exgi
1926 3152 1959 3183 R
1977 3150 1989 3194 ΙΙ
2007 3153 2046 3184 27
2073 3162 2156 3192 quae
2178 3161 2237 3182 nec
2261 3153 2346 3194 vuly.
2369 3149 2381 3194 ΙΙ

1298 3197 1340 3229 28
1366 3194 1437 3227 redi
1462 3196 1508 3226 est
1532 3194 1580 3226 3²
1612 3194 1721 3226 redire
1745 3194 1791 3226 Βι
1817 3193 1829 3238 Η
1860 3198 1892 3227 et
1916 3196 1990 3236 hoc]
2025 3206 2063 3228 ex
2096 3197 2158 3227 hoc
2182 3196 2215 3228 R
2243 3197 2276 3228 et
2300 3197 2380 3228 haee

1307 3250 1360 3294 VH
1380 3252 1422 3284 29
1449 3241 1632 3291 expellenlg
1657 3251 1729 3291 (sic)
1754 3249 1787 3281 R
1815 3249 1826 3292 ΙΙ
1850 3253 1891 3284 30
1917 3251 2082 3283 uirtutum
2107 3251 2158 3283 Ra
2177 3251 2245 3289 1131
2271 3252 2380 3294 patria

1298 3298 1349 3329 Ra
1366 3296 1377 3339 ΙΙ
1397 3297 1438 3328 32
1464 3294 1667 3327 constituens
1692 3296 1741 3327 ed.
1755 3307 1808 3337 pr.
1825 3294 1837 3338 fl
1857 3297 1898 3329 33
1927 3296 2136 3337 indigentum
2159 3296 2192 3328 R
2212 3295 2224 3339 ΙΙ
2241 3298 2281 3330 37
2308 3299 2379 3330 sub-

1298 3355 1359 3374 scr.
1381 3340 1446 3372 dat.
1468 3350 1561 3371 xvm
1582 3339 1648 3371 kal.
1669 3339 1760 3371 Mau.
1778 3339 1836 3381 Cp.
1856 3341 2025 3373 Bisiliario
2050 3341 2124 3373 uice
2145 3351 2172 3375 c.
2191 3342 2309 3375 Bamb.
2329 3343 2379 3381 ΙΙ,

1299 3387 1364 3419 dat.
1390 3385 1435 3417 kl.
1452 3384 1557 3416 Madii
1582 3395 1650 3426 cap.
1673 3385 1707 3415 hi
1734 3395 1750 3416 s
1775 3395 1815 3416 111
1842 3386 1936 3429 (post
1956 3388 2116 3420 rubricam
2138 3387 2282 3420 novellae
2301 3388 2380 3420 XII

1300 3444 1382 3475 quae
1405 3431 1511 3463 statim
1537 3431 1689 3472 sequitur)
1712 3430 1745 3462 V
