2580 4022
92 176 180 207 NON
209 175 455 208 EXIGENDIS

1153 157 1233 206 719

1865 161 1970 204 Nov.
1992 160 2186 204 CXLVII
2214 174 2274 215 pr.
2304 163 2318 201 1
2345 150 2348 154 ’

90 286 168 308 των
192 270 287 317 ἡμῖν.
328 270 404 308 ἄλλ’
431 272 554 316 ἐπειδὴ
578 273 709 319 μικρὸν
730 277 790 308 καὶ
815 272 998 317 βασιλείας
1022 270 1175 314 ἀνάξιον

90 318 183 352 εἶναι
218 320 412 364 νομίζομεν
445 318 489 352 τὸ
526 321 608 364 περὶ
643 319 725 353 τοὺς
759 319 931 353 ἑκάστοτε
962 319 1174 364 προςιόντας

91 361 206 398 ίδικάς
229 375 330 398 τινας
350 362 553 409 φιλοτιμίας
571 364 772 407 ποιεῖσθαι,
796 360 819 407 ἢ
835 366 894 397 καὶ
910 366 1013 411 μέχρι
1028 367 1174 408 χωρίων

90 407 112 450 ἢ
136 407 280 442 πόλεων
302 405 431 453 μόνων
454 406 476 451 ἢ
501 411 561 442 καὶ
585 405 684 443 ὅλων
708 410 892 453 ἐπαρχιῶν
910 408 979 452 τὴν
994 406 1173 454 ἡμετέραν

90 454 260 488 ἐκτείνειν
283 451 582 500 φιλανθρωπίαν,
606 452 695 487 ἀλλὰ
720 453 769 498 μὴ
792 456 884 500 μέγα
906 467 943 488 τι
966 457 1026 488 καὶ
1048 453 1174 488 κοινὰν

90 500 148 531 ἐπὶ
173 500 264 532 πᾶσι
287 500 360 532 τοῖς
382 495 552 540 ὑπηκόοις
575 498 819 542 ποιήσασθαι,

1243 271 1323 308 dice
1346 274 1383 307 et
1405 272 1553 318 imperio
1577 270 1757 315 indignum
1781 274 1836 307 est
1856 272 1900 307 de
1922 271 2069 325 singulis
2093 270 2323 316 interpellan—

1242 317 1339 352 tibus
1363 317 1528 362 proprias
1551 317 1752 361 aliquorum
1775 320 2081 352 remunerationes
2105 317 2235 359 facere,
2260 319 2325 352 aut

1241 362 1349 398 etiam
1380 372 1495 407 usque
1527 363 1572 397 ad
1604 362 1704 398 villas
1731 365 1795 396 aut
1827 362 1987 398 civitates
2016 362 2110 397 solas
2134 366 2198 398 aut
2217 361 2324 397 etiam

1241 407 1337 443 solas
1361 407 1561 452 provincias
1584 412 1743 443 nostram
1767 406 1958 442 extendere
1973 406 2263 449 misericordiam,
2288 411 2324 442 et

1210 456 1325 532 5901}i
1341 462 1507 532 mfagnum
1539 452 1675 497 aliquid
1706 455 1744 488 et
1774 461 1962 489 commune
1984 451 2029 488 de
2052 453 2215 489 omnibus
2238 453 2323 488 sub-

1240 507 1294 532 iec
1327 507 1343 532 s
1383 507 1496 542 acere,

1103 587 1259 622 CAPUT
1280 587 1309 621 Ι.

155 653 284 688 τούτου
314 655 421 699 χάριν
454 656 514 688 ἐπὶ
546 655 611 689 τὰς
643 652 826 700 παρούσας
850 655 955 689 θείας
979 654 1085 700 ἡμῶν
1107 653 1169 698 ἧλ-

87 699 206 742 θομεν
238 696 385 745 δωρεάς,
417 697 462 734 δι’
489 692 544 734 ὦν
574 700 800 744 θεσπίζομεν
828 697 1007 745 ἀφεῖσθαι
1032 700 1172 735 πάντας

87 745 167 777 του,1
191 743 380 800 ἡμετέρους
403 743 585 779 ὑποτελεῖς
604 743 854 789 ἐλλειμμάτων
870 749 1060 780 παντοίων
1076 742 1168 790 ὀφει-

89 787 251 843 λομξνων
283 802 358 834 παρ
403 787 527 824 αὗτῶν
558 787 632 825 ἀπὸ
664 792 726 833 τῆς
756 792 821 825 τοῦ
845 792 1019 846 προτερου
1043 788 1171 823 κύκλου
1190 793 1226 824 10
1241 789 1377 834 prima'e
1411 788 1617 824 indictionis
1653 791 1689 824 et
1725 788 1820 829 eius,
1855 789 1891 824 in
1927 798 2033 834 quam

88 846 232 879 πρωτης
261 834 504 879 έπινεμήσεως
529 838 589 868 καὶ
617 832 740 878 αὐτῆς,
775 836 823 870 εἰς
846 849 892 878 ην
913 846 975 869 τας
999 837 1172 879 προτέρας

87 877 193 923 ἡμῶν
225 879 502 923 συνεκλείσαμεν
532 878 682 924 δωρεάς,
713 882 815 924 μέχρι
847 881 909 924 τῆς
933 879 1016 925 οἷρτι
1041 878 1169 923 παρελ-

87 923 226 967 θούσης
265 922 419 969 ἑβδόμης
457 925 698 969 ἐπινεμήσεως
733 928 793 958 καὶ
831 922 957 968 αὐτῆς,
996 922 1044 958 ὠς
1079 924 1170 958 εἶναι

88 969 199 1003 εἴκοσι
231 967 295 1003 δύο
328 971 424 1004 ἐτῶν
455 970 581 1015 ἐφεξῆς
611 970 679 1013 τὴν
707 970 754 1004 εἰς
778 970 861 1004 τοὺς
884 967 1062 1010 ὑπηκόους
1086 966 1168 1014 παρ’

1307 655 1454 699 propter
1477 653 1547 689 hoc
1571 654 1617 690 ad
1640 657 1848 699 praesentes
1872 657 2014 690 nostras
2033 653 2193 690 venimus
2211 652 2322 689 dona-

1239 699 1374 740 tiones,
1410 707 1475 744 per
1503 708 1593 743 quas
1625 700 1805 734 sancimus
1837 698 1966 734 dimitti
1996 699 2159 734 omnibus
2191 698 2322 733 nostris

1241 744 1410 781 subiectis
1441 743 1579 788 reliqua
1610 744 1753 780 omnino
1782 743 1902 780 debita
1925 754 1948 780 a
1971 743 2164 789 praeterito
2191 743 2322 778 circulo

2068 788 2323 834 praecedentes

1241 836 1385 869 nostras
1417 833 1660 870 concludimus
1694 833 1923 876 donationes,
1954 836 1991 869 et
2022 843 2116 869 nunc
2139 836 2324 868 transacta

1241 879 1393 924 septima
1423 877 1618 915 indictione
1645 882 1681 914 et
1710 879 1842 923 ipsius,
1874 882 1915 914 ut
1944 878 2016 914 sint
2046 878 2169 923 viginti
2194 880 2229 913 et
2252 878 2322 912 duo

1241 924 1324 959 anni
1360 923 1520 960 continui
1554 924 1590 959 in
1613 927 1755 960 nostros
1793 924 1974 961 subiectos
2009 933 2031 959 a
2066 923 2170 959 nobis
2202 923 2323 958 factae

1241 968 1436 1014 largitatis,
1467 970 1506 1004 et
1533 969 1634 1004 nulla
1664 968 1802 1014 reliqua
1825 969 1917 1014 exigi
1940 968 1986 1004 ad
2009 968 2072 1004 illa
2094 969 2211 1004 relata
2233 973 2321 1002 tem-

88 1011 191 1066 ἡμῶν
205 1017 399 1060 γινομένην
415 1014 636 1060 φιλοτιμίαν,
652 1018 710 1048 καὶ
726 1013 905 1070 μηδεμίαν
922 1013 1171 1058 ἐλλειμμάτων
1192 1018 1226 1048 15
1241 1024 1341 1059 pora.
1388 1013 1487 1049 Haec
1521 1023 1604 1050 vero
1636 1014 1786 1050 dicimus
1817 1024 1888 1050 non
1919 1014 1957 1049 in
1979 1013 2035 1050 his
2059 1023 2151 1059 quae
2173 1013 2211 1048 in
2234 1022 2322 1048 auro

87 1059 270 1101 εἱςπραξιν
302 1059 395 1093 εἶναι
425 1059 512 1104 πρὶς
542 1061 695 1093 ἐκείνους
726 1062 961 1107 αναγομένων
985 1060 1068 1094 τους
1090 1058 1170 1104 χρό-

86 1114 176 1137 νους.
224 1105 340 1138 ταῦτα
364 1103 406 1138 δέ
426 1117 546 1150 φαμεν
569 1101 610 1138 οὐ
635 1107 718 1148 περὶ
741 1105 819 1139 τῶν
837 1106 877 1139 ἐν
892 1108 1026 1149 χρυσίῳ
1042 1101 1169 1149 μόνον,

88 1144 180 1182 ἀλλὰ
203 1144 274 1183 κᾶν
297 1148 328 1183 εἰ
351 1147 499 1195 ἄργυρος
521 1146 543 1192 ἢ
570 1152 666 1183 σῖτος
688 1147 711 1192 ἢ
734 1151 859 1195 ἕτερον
883 1149 974 1184 εἶδος
997 1150 1039 1183 τὸ
1064 1162 1169 1195 χρεω-

87 1193 287 1248 στῃούμεινον
316 1193 385 1248 aisn,
415 1199 474 1227 καὶ
491 1195 615 1248 Κτοῦτο
646 1196 713 1235 μὲν
745 1195 775 1228 εἰ
806 1196 884 1229 τῶν
914 1192 1068 1240 θρόνων
1094 1195 1171 1228 τῶν

1243 1058 1369 1101 solum,
1394 1059 1455 1094 sed
1479 1058 1586 1094 etiam
1608 1059 1639 1094 si
1662 1061 1847 1103 argentum
1870 1063 1935 1094 aut
1957 1058 2116 1094 triticum
2135 1062 2198 1093 aut
2213 1068 2322 1103 quae-

1242 1103 1322 1139 dam
1346 1103 1418 1138 alia
1442 1104 1579 1149 species
1602 1104 1722 1140 debita
1745 1104 1803 1146 sit,
1827 1107 1863 1140 et
1886 1104 1954 1140 hoc
1978 1103 2119 1149 quidem
2138 1102 2211 1139 sive
2227 1102 2323 1147 quod

1240 1158 1262 1184 a
1293 1148 1462 1184 subiectis
1495 1149 1644 1184 debetur
1674 1149 1720 1184 sit
1754 1149 1827 1185 sive
1859 1149 1906 1185 ab
1929 1149 2072 1195 Illyrica
2094 1148 2324 1194 praefectura

1240 1198 1304 1229 aut
1319 1203 1504 1229 sacrorum
1519 1197 1722 1230 nostrorum
1737 1194 1998 1236 thesaurorum,
2025 1193 2098 1230 sive
2115 1204 2181 1239 pro
2196 1193 2322 1228 fructi-

87 1250 166 1271 σων
189 1251 232 1272 το
256 1251 356 1284 παρα
380 1240 457 1274 τῶν
481 1238 670 1273 υποτελῶν
697 1237 935 1295 ὀφειλόμενον
966 1240 1035 1283 εἴη,
1065 1241 1172 1274 τοῦτο
1187 1242 1227 1274 20
1241 1238 1308 1274 bus
1333 1239 1405 1274 Sive
1428 1249 1495 1283 pro
1518 1239 1672 1275 residuis
1689 1239 1803 1275 titulis
1822 1239 2152 1292 quomodocumque
2167 1238 2332 1278 inferenr

88 1280 128 1316 δὲ
157 1284 188 1317 εἰ
214 1284 278 1327 τῆς
307 1283 405 1331 παρὰ
426 1281 601 1327 Ἰλλυριοῖς
633 1286 876 1330 ἑπαρχοτητος
906 1300 927 1328 η
951 1287 1029 1319 τῶν
1053 1285 1171 1318 θείων

86 1325 193 1372 ἡμῶν
224 1328 435 1382 θησαυρῶν,
467 1329 538 1364 εἴτε
565 1327 656 1374 ὑπὲρ
680 1330 808 1375 φόρων
831 1330 902 1365 εἴτε
925 1328 1016 1375 ὑπὲρ
1037 1330 1171 1375 ἑτέρων

87 1372 224 1407 τίτλων
254 1375 422 1409 οπωςοῦν
450 1375 687 1420 εἰςαγομένων
708 1373 837 1409 αὐτοῖς.
886 1375 1011 1418 κοινὴν
1035 1375 1103 1422 γὰρ
1128 1373 1171 1418 δὴ

88 1419 203 1452 πᾶσιν
236 1419 361 1465 ἐφεξῆς
391 1421 465 1454 τοῖς
491 1418 883 1474 ἡμετέροιςιῦποτελέσι
907 1421 1043 1463 ταύτην
1067 1418 1172 1464 ἡμῶν

1241 1283 1296 1320 dis
1321 1284 1367 1319 ab
1386 1283 1447 1319 eis.
1474 1283 1702 1319 Communem
1718 1285 1811 1320 enim
1827 1285 1990 1320 omnibus
2008 1287 2176 1320 continue
2190 1283 2323 1319 nostris

1240 1328 1410 1366 subiectis
1445 1328 1541 1364 hanc
1571 1333 1732 1365 nostram
1762 1329 1962 1374 largitatem
2000 1329 2246 1371 concedimus,
2282 1330 2323 1363 ut

1239 1383 1343 1409 nemo
1367 1383 1432 1419 pro
1455 1374 1676 1419 temporibus
1692 1374 1764 1410 illis
1781 1385 1890 1421 super
1905 1385 1966 1411 eos
1981 1374 2139 1417 inducat,
2164 1374 2322 1419 qualem-

1241 1429 1391 1464 cumque
1415 1418 1631 1464 reliquorum
1655 1419 1792 1456 faciens
1816 1420 2050 1462 exactionem,
2076 1420 2150 1455 sive
2173 1419 2219 1455 ab
2235 1418 2323 1463 ipsis

87 1462 156 1505 τὴν
180 1462 390 1509 φιλοτιμίαν
413 1476 625 1519 παρεχομεν,
650 1477 737 1498 were
757 1463 870 1499 οὐδεὶς
892 1464 983 1510 ὑπὲρ
999 1466 1076 1499 τῶν
1090 1463 1171 1510 χρό-
1185 1467 1227 1500 25
1240 1463 1416 1500 destinato
1450 1464 1602 1508 cingulis
1625 1468 1690 1500 aut
1713 1465 2018 1510 qualitercumque
2037 1465 2217 1510 publicam
2240 1473 2323 1509 per-

87 1521 165 1541 νων
196 1510 345 1543 ἐκείνων
374 1506 428 1543 ἐπ’
463 1507 594 1544 αὐτους
616 1508 747 1544 λοιπὸν
770 1509 1007 1553 ἑνεχθὴσεται
1031 1510 1099 1553 τὴν
1123 1509 1172 1544 οἱ-

88 1554 201 1587 ανοῦν
232 1551 481 1598 ἐλλειμμάτων
512 1555 721 1599 ποιούμενος
751 1554 948 1601 εἴςπραξιν,
983 1555 1054 1589 εἰτε
1086 1552 1168 1600 παρ’

87 1594 212 1632 αὐτῶν
247 1596 481 1644 στελλόμενος
515 1600 592 1634 τῶν
627 1597 749 1644 ἀρχῶν
783 1598 806 1643 ἢ
838 1603 898 1634 καὶ
930 1597 1098 1634 ὁπωςοῧν
1127 1601 1170 1634 τὸ

86 1643 151 1677 τοῦ
179 1642 351 1686 δημοσίου
384 1643 579 1689 πρόςωπον
607 1644 844 1689 οἰκειούμενος
870 1646 940 1679 εἴτε
975 1646 1076 1679 τινὰς
1095 1647 1169 1679 ἐπι-

1240 1519 1364 1545 sonam
1387 1508 1592 1545 vindicante
1616 1510 1689 1545 sive
1711 1510 1887 1556 inferente
1910 1512 2105 1563 praecepta
2127 1511 2192 1545 aut
2211 1509 2322 1554 depu-

1239 1554 1395 1590 tationes
1422 1554 1488 1596 sit,
1520 1554 1603 1600 quia
1631 1555 1837 1591 huiusmodi
1863 1555 1949 1601 quld
1972 1555 2132 1600 accepit,
2164 1558 2200 1589 et
2221 1558 2323 1589 tanto

1240 1599 1408 1635 continue
1437 1609 1509 1635 non
1540 1600 1695 1644 exigenti
1723 1604 1882 1646 tempore
1906 1603 2032 1636 contra
2054 1600 2235 1636 subiectos
2258 1609 2324 1634 au-

1239 1644 1385 1680 ferimus
1417 1644 1658 1689 exactionem,
1690 1645 1837 1691 insuper
1862 1649 1897 1681 et
1919 1648 2044 1681 contra
2066 1646 2184 1690 ipsum
2206 1643 2324 1689 publi-

87 1686 282 1742 φερόμενος
308 1689 514 1734 προςτάξεις
544 1687 568 1733 ἧ
600 1689 766 1736 ἐκταγάς,
800 1692 977 1736 ἑπείτοιγε
1005 1694 1065 1723 καὶ
1097 1692 1170 1724 τοῖς
1184 1693 1226 1725 30
1240 1700 1332 1726 cum.
1381 1689 1450 1734 Qui
1485 1690 1578 1726 enlm
1615 1690 1722 1727 debet
1757 1690 1925 1727 continue
1954 1693 2094 1726 tantum
2125 1690 2323 1734 neglegens,

86 1735 232 1768 τοιοῦτο
265 1747 300 1769 τι
333 1734 558 1778 λαμβάνουσι
583 1737 644 1768 καὶ
674 1736 851 1769 τοσοῦτον
873 1736 997 1779 ἐφεξῆς
1020 1732 1084 1768 οὐκ
1108 1735 1170 1769 εἰς·

87 1777 245 1822 πράξασι
274 1777 408 1824 χρόνον
430 1778 498 1821 τὴν
521 1779 615 1814 κατὰ
639 1780 717 1814 τῶν
738 1778 927 1815 ὑποτελῶν
950 1777 1171 1826 ἀναιροῦμεν

86 1819 294 1867 ἀπαίτησιν,
318 1827 378 1858 καὶ
401 1823 492 1868 πρός
513 1837 554 1870 γε
577 1822 646 1867 τὴν
669 1821 746 1858 κατ’
775 1821 886 1859 αὐτοῦ
907 1825 971 1858 τοῦ
988 1822 1169 1867 δημοσίου.

85 1865 105 1901 o‘
138 1867 208 1914 γὰρ
237 1868 527 1915 χρεωστούμενος
559 1869 684 1915 ἐφεξῆς
713 1865 930 1913 τοσοῦτονῆ
955 1869 1171 1915 ῥᾳθυμήσας

85 2001 238 2053 imperio
268 2001 457 2047 indiqnum
489 2012 584 2038 essse
604 2009 793 2048 putamus,
825 2003 864 2037 in
895 2004 1061 2048 sinqutos
1092 2004 1154 2048 qui
1184 2013 1251 2037 nos
1281 2002 1414 2037 adeunt
1437 2003 1612 2048 speciales
1635 2003 1781 2047 aliquas
1800 2003 2036 2038 liberalitates
2059 2003 2241 2047 coiiferre,
2272 2002 2327 2037 vel

86 2050 194 2082 ettam
222 2056 337 2092 usque
364 2045 414 2080 ad
434 2046 592 2091 praedia
620 2050 684 2082 aut
707 2046 813 2082 urbes
834 2047 933 2082 solas
955 2046 1010 2082 vel
1033 2047 1141 2082 etiam
1165 2046 1214 2081 ad
1236 2047 1399 2091 inteqras
1419 2047 1630 2091 provincias
1653 2046 1909 2082 humanitatem
1934 2052 2095 2082 nostram
2118 2046 2324 2088 extendere,

86 2100 153 2126 nec
176 2101 260 2126 vero
285 2101 419 2135 maqno
444 2090 568 2135 aliquo
594 2095 629 2125 et
651 2091 830 2125 communi
855 2091 1025 2134 beneficio
1050 2101 1172 2125 omnes
1195 2090 1375 2125 subiectos
1398 2091 1560 2134 afficere,

221 2135 270 2170 1.-
300 2134 406 2171 liuius
435 2135 489 2170 rei
519 2135 642 2180 qratia
672 2134 723 2169 ad
745 2139 958 2180 praesentes
987 2144 1114 2169 sacras
1145 2138 1293 2169 nostras
1317 2134 1549 2180 pervenimus
1577 2135 1809 2175 donationes,
1835 2145 1908 2180 per
1938 2145 2030 2180 quas
2053 2135 2254 2176 sancimus,
2282 2140 2324 2170 ut

88 2179 251 2216 omnibus
280 2179 447 2215 subiectis
477 2179 613 2215 nostris
642 2179 873 2215 remittantur
901 2180 1016 2214 omnis
1045 2179 1190 2225 qeneris
1217 2179 1359 2224 reliqua
1392 2189 1487 2224 quae
1516 2178 1562 2214 ab
1593 2179 1640 2213 iis
1662 2178 1837 2214 debentur
1856 2178 1940 2215 inde
1962 2190 1985 2214 a
2008 2180 2208 2226 superioris
2231 2180 2325 2226 cycli

84 2226 206 2273 prima
229 2224 426 2260 indictione
448 2229 484 2261 et
507 2225 602 2276 ipsa,
626 2224 664 2259 in
688 2235 796 2269 quam
815 2224 963 2270 priores
985 2227 1132 2259 nostras
1155 2224 1368 2259 donationes
1390 2223 1642 2264 conclusimus,
1667 2234 1781 2269 usque
1805 2223 1854 2258 ad
1875 2225 2062 2270 septimam
2079 2224 2187 2260 modo
2205 2229 2324 2260 trans-

87 2275 206 2306 actam
229 2269 461 2305 indictionem
485 2274 521 2305 et
545 2279 672 2315 ipsam,
697 2272 739 2304 ut
752 2279 826 2315 per
848 2269 979 2315 viqinti
999 2268 1090 2303 duos
1113 2279 1228 2304 annos
1252 2269 1440 2303 continuos
1460 2268 1662 2304 liberalitas
1683 2279 1707 2304 a
1730 2268 1835 2303 nobis
1857 2268 1897 2304 in
1919 2269 2098 2305 subiectos
2112 2270 2162 2305 sit
2176 2269 2324 2310 collata,

87 2325 174 2352 neve
202 2314 278 2350 ulla
301 2315 370 2359 fiat
398 2314 545 2350 exactio
574 2313 797 2360 reliquorum
830 2325 923 2366 quae
954 2312 1004 2348 ad
1024 2313 1088 2348 illa
1112 2315 1274 2360 tempora
1297 2313 1519 2359 reserantur.
1568 2312 1669 2349 Haec
1692 2323 1776 2348 vero
1801 2323 1875 2349 non
1898 2313 1944 2349 de
1966 2313 2012 2349 iis
2034 2314 2149 2349 solum
2173 2314 2326 2349 dicimus

87 2371 182 2406 quae
206 2360 243 2394 in
268 2369 360 2394 auro
384 2362 561 2402 constant,
592 2362 655 2395 sed
678 2359 784 2394 etiam
808 2369 838 2394 si
863 2358 962 2404 quod
985 2357 1157 2394 debeatur
1180 2361 1371 2403 arqentum
1395 2357 1451 2394 vel
1470 2358 1696 2403 frumentum
1720 2357 1777 2394 vel
1798 2358 1872 2393 alia
1894 2359 2033 2405 species
2054 2359 2112 2399 sit,
2137 2363 2173 2394 et
2197 2364 2268 2395 tam
2292 2359 2325 2394 si

87 2405 184 2441 sedis
208 2409 291 2440 tuae
314 2404 362 2440 sit
384 2404 485 2456 quod
507 2414 530 2439 a
553 2403 721 2439 subiectis
743 2403 916 2439 debeatur
965 2413 1046 2438 uam
1070 2403 1102 2438 si
1118 2404 1383 2449 praefecturae
1407 2401 1549 2448 Illyrici
1565 2406 1631 2438 aut
1644 2412 1832 2438 sacrorum
1848 2407 2054 2439 nostrorum
2072 2403 2325 2439 thesaurorum

86 2450 159 2485 sive
182 2449 326 2485 nomine
351 2448 565 2484 tmbutorum
590 2449 664 2484 sive
687 2448 843 2483 aliorum
868 2449 932 2484 titu
948 2458 1050 2483 orum
1074 2447 1327 2493 qualicumque
1349 2446 1456 2482 modo
1480 2447 1525 2483 iis
1547 2446 1832 2493 inserendorum.
1882 2448 2108 2484 Communem
2132 2449 2225 2484 enim
2250 2459 2323 2483 om-

87 2495 192 2531 nibus
223 2494 347 2530 deince
375 2504 393 2529 s
422 2493 592 2529 subiectis
619 2493 754 2528 nostris
785 2493 879 2529 Itane
908 2496 1069 2528 nostram
1101 2492 1351 2528 liberalitatem
1373 2492 1604 2539 praebemus,
1635 2496 1677 2528 ut
1705 2503 1808 2527 nemo
1837 2503 1908 2538 pro
1941 2493 2014 2528 illt's
2043 2493 2264 2546 temporibus
2286 2494 2324 2528 in

86 2544 270 2585 posterum
303 2549 325 2573 a
354 2549 476 2574 versus
501 2548 564 2574 eos
590 2538 769 2584 procedat
799 2538 849 2573 ad
871 2538 1165 2584 qualemcumque
1187 2537 1409 2583 reliquorum
1433 2537 1660 2573 exactionem
1681 2536 1903 2582 faciendam,
1927 2538 2001 2574 sive
2025 2538 2070 2573 ab
2094 2539 2184 2585 ipsis
2207 2539 2322 2584 maqi-

87 2584 261 2620 stratibus
291 2584 421 2618 missus
450 2583 499 2618 sit
527 2583 602 2619 sive
633 2583 740 2618 etiam
772 2585 899 2629 quovis
929 2583 1033 2617 modo
1061 2582 1143 2627 fisci
1168 2592 1367 2628 personam
1398 2582 1468 2617 sibi
1499 2582 1653 2617 vindicet
1685 2583 1759 2617 sive
1789 2582 1962 2618 mandata
1996 2583 2121 2629 aliqua
2144 2587 2209 2618 aut
2231 2583 2323 2619 dele-

86 2629 254 2676 qationes
285 2628 431 2674 afferat,
463 2627 754 2674 quandoquidem
785 2628 892 2663 etiam
924 2627 970 2662 iis
999 2627 1063 2673 qui
1094 2627 1165 2662 tale
1196 2627 1285 2673 quid
1309 2627 1521 2673 percipiunt
1543 2630 1579 2661 et
1596 2636 1668 2672 per
1692 2629 1829 2662 tantum
1855 2629 1994 2674 tempus
2017 2628 2227 2663 continuum
2250 2638 2323 2663 non

87 2677 302 2719 exeqerunt,
333 2673 559 2709 exactionem
591 2673 763 2708 adversus
789 2671 976 2714 subiectos,
1006 2672 1213 2718 etinsuper
1235 2671 1408 2707 adversus
1434 2672 1551 2717 ipsum
1566 2671 1696 2716 fiscum
1719 2671 1932 2716 auferimus.
1982 2672 2078 2707 Nam
2101 2673 2160 2708 cui
2184 2677 2323 2708 tantum

87 2718 256 2765 deinceps
286 2717 446 2761 debetur,
474 2718 507 2753 is
533 2717 597 2753 ubi
628 2721 692 2752 aut
716 2717 947 2764 neqleqenter
970 2717 1046 2763 eqit
1067 2720 1131 2752 aut
1153 2716 1328 2769 sportulis
1346 2716 1472 2762 potius
1496 2726 1562 2751 nec
1584 2726 1667 2751 vero
1685 2716 1890 2768 principali
1913 2716 2032 2753 debito
2057 2717 2214 2753 intentus
2235 2717 2322 2763 fuit,

87 2767 123 2799 et
153 2773 269 2809 neque
298 2762 343 2798 ab
372 2762 445 2798 illis
467 2772 583 2808 neque
606 2773 629 2797 a
646 2763 796 2809 publico
821 2762 1012 2808 quicquam
1027 2766 1205 2807 percepit,
1229 2771 1303 2797 non
1327 2761 1365 2796 in
1389 2764 1550 2807 tempore
1571 2770 1700 2796 rursus
1722 2760 1963 2797 reminiscitur
1985 2761 2250 2808 deleqationum
2269 2762 2325 2798 vel

1239 2891 1530 2937 flumem:

135 2900 149 2931 1
175 2895 316 2943 μικρὸν]
341 2896 468 2929 modice
492 2897 526 2937 (ι’.
552 2909 577 2928 e.
601 2896 782 2939 με’τριονῩ)
803 2906 821 2930 ς
838 2895 850 2937 11
869 2896 888 2928 2
913 2893 1005 2926 εἶναι
1027 2895 1170 2946 νομίζο-

86 2944 166 2986 μεν]
191 2944 237 2974 est
261 2953 280 2977 ς
296 2943 307 2982 ΙΙ
327 2943 346 2975 3
370 2943 483 2981 τινας]
508 2940 696 2981 aliquorum
721 2940 754 2980 (ι’.
773 2951 799 2972 e.
823 2950 938 2971 τινων
947 2938 977 2979 Ῡ)
1002 2949 1021 2974 ς
1038 2938 1050 2980 ΙΙ
1067 2950 1088 2979 η
1111 2938 1171 2970 καὶ

86 2989 188 3030 μέχρι
205 2987 285 3026 Μς]
312 2982 336 3027 ἢ
359 2986 503 3027 μέχριΕ
530 2984 542 3027 ΙΙ
566 2987 586 3018 4
620 2980 730 3024 ὅλων]
764 2983 851 3016 solas
875 2985 909 3024 (ι’.
924 2996 948 3016 e.
972 2981 1135 3024 μόνωνῖ)
1152 2993 1171 3019 ς

86 3030 132 3075 115
154 3029 283 3063 καινὸν
309 3031 358 3062 La
385 3029 397 3071 ΙΙ
428 3031 446 3062 7
480 3028 585 3062 θἐίας
609 3041 666 3062 oni.
693 3039 713 3064 ς
741 3028 753 3071 ΙΙ
782 3030 802 3061 9
826 3025 1051 3071 ἐλειμμάτων
1074 3028 1146 3060 ML
1161 3026 1172 3071 ΙΙ

87 3076 288 3115 παντοίων]
315 3073 450 3106 omnino
475 3075 508 3115 (i.
535 3086 560 3106 e.
586 3075 780 3114 παντοίως)
802 3084 821 3108 ς
839 3074 851 3115 ΙΙ
878 3075 917 3106 10
941 3067 1024 3116 παρ’
1048 3067 1172 3106 αὐτῶν

88 3134 147 3153 om.
172 3131 191 3155 ς
219 3119 232 3163 ΙΙ
263 3121 299 3153 11
336 3117 480 3162 πρώτης
508 3117 762 3160 ἐπινεμήσεως]
788 3119 808 3151 i.
834 3130 860 3150 e.
885 3130 906 3150 a
930 3116 997 3150 kal.
1023 3117 1113 3159 Sept.
1131 3131 1170 3152 a.

89 3167 153 3199 522
171 3166 184 3208 ΙΙ
204 3167 244 3198 12
263 3165 378 3208 μέχρι]
404 3165 436 3195 et
460 3175 479 3199 ς
504 3165 516 3205 ss
540 3160 793 3206 παρελθούσης
818 3162 876 3202 Μ]
901 3157 1115 3203 διελθούσης
1138 3162 1170 3194 L

88 3212 122 3250 (i.
148 3222 173 3242 e.
199 3222 296 3252 usque
323 3211 367 3241 ad
386 3209 453 3241 kal.
476 3209 565 3251 Sept.
593 3222 622 3240 α.
650 3209 727 3248 544)
755 3207 766 3251 ΙΙ
801 3208 842 3241 14
873 3205 955 3240 τοὺς
985 3203 1169 3247 ὑπηκόους]

87 3256 218 3286 nostros
240 3253 404 3286 subiectos
428 3263 448 3288 ς
469 3253 481 3295 ΙΙ
511 3255 551 3286 15
575 3253 770 3306 γενομένην
796 3253 824 3284 L
842 3251 854 3294 ΙΙ
881 3248 1107 3294 ἐλειμμάτων
1133 3251 1178 3284 Μ

87 3301 132 3338 (et
156 3301 202 3332 ita
217 3301 294 3340 sere
318 3299 513 3339 constanter)
539 3297 551 3340 ΙΙ
579 3300 617 3331 16
639 3298 876 3342 αναγομένων
903 3297 971 3336 Le]
997 3292 1170 3340 ἀναγομέ-

86 3355 156 3384 νην
180 3344 222 3376 Μ
250 3342 262 3386 ss
294 3344 333 3376 19
360 3344 420 3375 καὶ
450 3342 560 3375 τοῦτο
583 3343 649 3384 μὲν
666 3361 704 3365 -
725 3345 742 3375 ῖ
766 3341 872 3374 τοῦτο
897 3338 936 3373 δὲ
958 3349 1016 3374 om.
1041 3341 1072 3373 L
1102 3343 1114 3382 11
1141 3339 1172 3373 εἰ

89 3390 263 3430 Scrimqer]
289 3383 310 3429 ἢ
337 3387 383 3419 Μ
402 3386 414 3430 ΙΙ
444 3386 521 3419 τῶν
541 3385 696 3430 θρόνων
713 3386 790 3419 τῶν
814 3386 889 3419 σῶν
914 3397 971 3418 om.
995 3397 1014 3421 ς
1042 3385 1055 3428 ΙΙ
1084 3386 1120 3420 21
1149 3384 1172 3428 ἢ

87 3433 132 3475 τῆ
162 3428 244 3476 παρ’
277 3429 442 3475 ἰλλυρίοις
468 3430 686 3475 ἐπαρχότητι
714 3427 736 3473 ἢ
760 3434 833 3463 τινὶ
865 3430 941 3463 τῶν
972 3429 1089 3463 θείων
1114 3431 1143 3463 L
1161 3429 1171 3473 '2

88 3474 346 3521 ἐπαρχιότητος
371 3477 416 3509 A!
438 3476 450 3519 ΙΙ
481 3477 522 3509 22
547 3473 638 3521 ὑπὲρ
663 3474 791 3520 φόρων
815 3475 885 3508 εἴτε
909 3473 999 3518 ὑπὲρ
1023 3474 1168 3521 ἑτέρων]

87 3532 149 3565 pro
173 3522 338 3555 fructibus
353 3522 421 3553 sive
437 3532 497 3562 pro
514 3521 653 3553 residuis
670 3533 689 3557 ς
706 3521 718 3564 ΙΙ
736 3523 778 3554 26
795 3518 850 3554 ἐπ’
871 3516 1008 3560 αὐτοὺς]
1027 3515 1085 3553 ὑπ’
1107 3518 1169 3552 αὓ-

87 3567 166 3600 τῶν
189 3563 317 3607 (αὐτὸν
336 3567 396 3608 La)
423 3566 451 3598 L
470 3566 482 3603 ΙΙ
499 3563 630 3599 λοιπὸν
654 3579 710 3598 om.
729 3578 748 3601 ς
764 3567 775 3607 ΙΙ
794 3564 1038 3607 ἐναχθήσεται
1061 3565 1094 3598 L
1118 3566 1169 3597 in-

88 3611 189 3644 ducat
213 3624 232 3647 ς
249 3612 261 3654 ΙΙ
279 3614 319 3645 27
345 3613 573 3652 ποιουμένων
592 3612 622 3643 L
641 3611 652 3654 ΙΙ
671 3612 712 3645 29
738 3610 838 3643 τινὰς
863 3623 920 3643 om.
943 3621 961 3646 ς
978 3610 990 3653 Ι]
1008 3610 1051 3643 30
1076 3610 1168 3643 ἐπεί-

87 3667 184 3701 τοιγε
208 3657 266 3697 M]
299 3657 417 3701 ἐπείγε
442 3657 472 3689 L
504 3657 549 3688 sit
579 3656 658 3697 quia
682 3667 701 3691 ς
727 3659 738 3698 ῃ
768 3657 827 3688 καὶ
853 3657 925 3687 τοῖς
955 3652 1099 3687 τοιοῦτό
1133 3667 1169 3688 τι

90 3698 325 3745 λαμβάνουσι]
358 3700 548 3734 huiusmodi
573 3700 652 3742 quid
674 3702 799 3743 accepit
824 3712 842 3736 ς
859 3700 871 3744 ΙΙ
891 3702 928 3734 31
958 3698 1170 3743 εἰσπράξαισ

1286 2985 1301 3016 1
1329 2982 1466 3024 dignum
1494 2983 1548 3015 Ta
1579 2985 1590 3025 ΙΙ
1618 2985 1677 3023 est]
1703 2987 1735 3015 et
1759 2985 1784 3015 V
1805 2985 1816 3025 ΙΙ
1841 2984 2168 3026 interpellationibus
2195 2987 2273 3028 1¹⁰ss
2301 2990 2320 3018 3

1238 3026 1355 3059 uillam
1382 3027 1413 3059 Τ
1429 3026 1442 3069 ΙΙ
1468 3028 1489 3061 4
1512 3027 1718 3069 prouintiam
1739 3027 1788 3061 VD
1805 3027 1818 3072 ΙΙ
1837 3029 1856 3062 8
1881 3028 2013 3061 demitti
2035 3030 2121 3073 VTu
2139 3032 2159 3064 9
2184 3030 2322 3072 cingulo

1247 3071 1298 3113 Vll
1314 3074 1352 3105 10
1376 3071 1412 3103 in
1429 3074 1526 3116 vulffi]
1543 3075 1576 3104 ct
1593 3072 1660 3106 VT
1673 3073 1727 3112 (ad
1746 3083 1843 3114 quam
1861 3074 1982 3106 mavult
2002 3074 2192 3113 Heimbacli)
2203 3074 2215 3118 ΙΙ
2226 3085 2321 3117 prae-

1238 3116 1384 3148 cedentis
1405 3116 1473 3158 VT,
1506 3130 1588 3150 corr.
1618 3118 1704 3160 vulq.
1735 3117 1747 3160 ΙΙ
1777 3119 1814 3151 11
1849 3117 2071 3150 conclusimus
2101 3121 2188 3163 vulq.
2219 3120 2231 3162 n
2261 3121 2320 3161 leq.

1238 3163 1423 3194 transactae
1447 3162 1605 3204 septimae
1624 3161 1843 3194 indictionis?
1870 3162 1882 3204 ΙΙ
1908 3164 1947 3195 12
1971 3163 2124 3206 septima]
2149 3163 2322 3206 sepultura

1241 3206 1272 3239 T
1291 3205 1303 3249 ΙΙ
1332 3207 1372 3239 14
1392 3205 1560 3247 largitatis
1584 3207 1684 3249 vulq]
1709 3206 1880 3247 largitates
1902 3207 1964 3240 VT
1985 3207 1997 3248 ΙΙ
2021 3207 2144 3249 reliqui
2168 3209 2194 3240 V
2208 3208 2220 3249 ΙΙ
2243 3209 2320 3249 'ad]

1239 3261 1276 3283 ex
1302 3252 1379 3284 libri
1398 3251 1450 3291 (ex
1475 3250 1535 3283 illo
1558 3250 1663 3283 relato
1687 3252 1832 3293 tempore
1856 3253 1956 3295 vuly.)
1982 3250 1995 3296 ΙΙ
2030 3254 2066 3286 17
2094 3254 2155 3285 boc
2180 3266 2237 3287 οηι.
2265 3254 2297 3286 T
2310 3252 2321 3295 ΙΙ

1240 3297 1282 3330 18
1307 3295 1374 3328 sive
1397 3295 1500 3338 (sedis
1523 3295 1617 3338 tuac>
1642 3296 1735 3328 Beck
1756 3295 1769 3340 ΙΙ
1796 3298 1839 3328 sit
1860 3296 1931 3329 siue
1958 3297 1987 3329 T
2010 3298 2108 3339 only]
2134 3298 2206 3330 siue
2230 3297 2274 3330 sit
2296 3299 2327 3331 V

1237 3340 1248 3379 ΙΙ
1268 3340 1356 3383 apud
1378 3339 1510 3382 Illyrios
1533 3340 1761 3383 praefecturae
1785 3341 1878 3374 Beck
1897 3341 1909 3384 ΙΙ
1925 3343 1968 3375 20
1993 3352 2201 3384 quocumque
2225 3343 2321 3375 modo

1241 3385 1273 3418 T
1295 3387 1307 3428 ΙΙ
1334 3386 1374 3420 21
1400 3385 1441 3418 ab
1463 3386 1544 3419 delet
1568 3385 1662 3419 Beck
1677 3385 1690 3429 ss
1709 3386 1911 3418 *commune
1931 3387 1963 3419 V
1978 3389 2240 3419 eoinmunionem
2267 3388 2321 3430 ΤΗ

1239 3431 1283 3464 24
1306 3429 1511 3471 reliquarum
1532 3430 1595 3463 VT
1611 3429 1624 3474 ΙΙ
1653 3431 1695 3464 25
1721 3430 1903 3463 destinatus
1927 3431 2041 3475 only-{1
2062 3433 2103 3465 26
2128 3432 2322 3465 uindicante

1247 3475 1292 3515 V]
1319 3474 1526 3508 uindicantes
1553 3475 1591 3516 T,
1616 3475 1788 3508 vindicans
1809 3476 1892 3517 vulq.
1920 3474 1932 3519 11
1955 3475 2100 3508 inferens
2123 3477 2209 3520 culy.
2227 3477 2240 3520 ss
2265 3477 2320 3510 de-

1238 3520 1412 3562 putatione
1434 3520 1467 3553 V
1485 3521 1497 3560 ΙΙ
1520 3521 1561 3553 27
1587 3519 1632 3552 sit
1655 3520 1735 3561 quia
1759 3520 1830 3562 (qui
1856 3520 1923 3562 Τ)]
1947 3521 2003 3554 sed
2027 3522 2086 3562 qui
2113 3520 2322 3598 Mommsenssl

1239 3565 1320 3606 qnid
1343 3564 1525 3607 accepitV]
1550 3565 1676 3607 accepit
1699 3565 1832 3607 quidem
1853 3566 1898 3603 T;
1925 3565 1984 3608 leq.
2011 3566 2092 3607 quid
2115 3566 2296 3609 accipienti

1237 3609 1249 3654 [Ι
1273 3611 1314 3643 28
1348 3609 1494 3651 exigenti
1515 3609 1562 3650 V]
1593 3610 1744 3652 exigente
1771 3610 1802 3643 T
1833 3609 1964 3652 exigere
1996 3612 2081 3654 vuly.
2115 3610 2128 3655 ΙΙ
2157 3611 2321 3644 subiectos

1239 3674 1280 3678 -
1297 3654 1355 3696 qui
1378 3655 1466 3687 enim
1492 3667 1549 3687 om.
1579 3655 1609 3687 T
1629 3654 1642 3698 ΙΙ
1672 3655 1714 3689 30
1742 3654 1920 3697 neglegent
1940 3656 1974 3689 V
1999 3655 2171 3698 negligent
2198 3657 2237 3698 Τ,
2269 3657 2318 3688 vel

1238 3700 1410 3742 negligens
1434 3699 1483 3732 vel
1510 3700 1596 3744 vulq.
