2586 3990
199 125 305 170 Nov.
336 124 474 168 CXIX
507 124 616 165 7-9

197 235 286 276 ταξὺ
310 235 388 268 τῶν
408 230 608 278 παρόντων
630 234 690 266 καὶ
714 231 825 266 εἴκοσι
846 230 982 276 μεταξὺ
1005 231 1083 265 τῶν
1102 227 1280 266 ἀπόντων

196 281 245 324 μὴ
274 277 562 323 διαμαρτύρηται
592 276 685 311 κατὰ
717 277 800 311 τοὺς
829 274 960 320 νόμους
982 275 1051 309 τὸν
1074 272 1280 331 ἀγοραστὴν

196 322 219 367 ἢ
247 324 316 357 τὸν
343 323 413 365 τὴν
443 320 586 367 δωρεὰν
623 319 819 365 δεχόμενον
848 319 872 365 ἢ
903 323 1040 354 ἐκεῖνον
1074 331 1123 354 εις
1157 316 1203 355 ὃν
1231 318 1279 354 τὰ

196 369 394 414 πράγματα
417 364 745 419 ἄλλῳιοὶῳδήποτε
775 367 902 411 τρόπῳ
933 365 1179 409 μετενεχθείη,
1209 364 1278 399 τὸν

1267 117 1354 166 576

1791 132 1854 164 11¹1·
1880 122 2171 166 tironensem
2199 131 2424 165 amerus

1346 231 1554 276 praesentes
1585 230 1623 264 et
1643 229 1766 274 viginti
1795 230 1888 266 inter
1910 231 2076 268 absentes
2105 243 2176 268 non
2201 232 2424 268 contestatus

1347 275 1457 310 fuerit
1479 273 1676 310 secundum
1698 274 1794 319 leges
1817 278 2011 320 emptorem
2033 279 2098 313 aut
2113 277 2341 313 donationem
2364 286 2431 312 ac—

1348 319 1537 364 cipientem
1560 321 1624 354 aut
1646 318 1745 354 illum
1768 318 1815 354 ad
1838 330 1942 372 quem
1963 331 2020 358 res
2042 322 2113 358 alio
2138 322 2296 367 quolibet
2318 320 2423 358 modo

1344 364 1542 399 translatae
1564 366 1666 405 sunt,
1698 373 1779 399 eum
1803 373 1864 408 qul
1893 366 1984 402 tales
2012 377 2070 402 res
2093 368 2203 402 habet
2231 367 2333 402 firme
2362 375 2424 402 eas

195 426 242 446 τα
276 413 429 446 τοιαῦτα
453 423 662 465 ἱπραγματα
696 412 933 455 κομιζόμενον
968 412 1126 454 βεβαίως
1160 410 1278 444 ταῦτα
1314 409 1495 450 5habere‚
1527 412 1610 453 post
1639 407 1804 444 decennii
1833 408 1996 446 videlicet
2025 412 2118 447 inter
2148 415 2355 457 praesentes
2387 413 2424 446 et

1229 454 1237 466 Ι

196 459 301 499 ἔχειν,
317 456 406 495 μετὰ
420 469 490 499 την
505 457 568 499 τῆς
584 453 766 490 δεκαετίας
782 454 951 499 δηλονότι
968 456 1030 490 ἐπὶ
1046 456 1124 489 τῶν
1140 466 1277 533 nagaw-

194 514 272 536 των
295 504 355 535 καὶ
379 501 442 544 τῆς
465 501 684 535 εἰκοσαετίας
708 502 769 535 ἐπὶ
792 502 869 535 τῶν
893 498 1073 534 ἀπόντων
1096 512 1196 544 παρα
1221 511 1278 544 ρο-

193 548 277 591 μήν.
313 547 344 580 εἰ
360 543 400 579 δέ
421 542 546 592 ἀγνοεῖ
566 543 586 579 ὁ
612 542 754 589 ἀληθῆς
774 546 853 580 τῶν
868 545 1147 588 έκποιηθέντων
1165 557 1278 591 πραγ-

193 589 324 644 μάτων
348 588 527 633 δεσπότης
550 593 610 625 καὶ
634 587 694 624 ὅτι
717 591 763 625 τὰ
782 590 979 637 πράγματα
997 587 1096 632 αὐτῷ
1113 589 1279 635 προςήκει

1345 454 1497 490 vicennii
1520 454 1614 488 inter
1635 453 1804 488 absentes
1828 453 2027 491 decursum.
2075 456 2113 492 Si
2136 461 2255 492 autem
2283 457 2426 502 ignorat

1345 508 1451 534 verus
1486 498 1721 534 alienaturum
1755 508 1874 533 rerum
1909 499 2082 544 dominus,
2120 504 2157 536 et
2186 502 2272 546 quia
2301 512 2359 537 res
2390 501 2425 536 ei

1347 545 1554 589 competunt
1586 547 1624 578 et
1655 543 1738 588 quia
1773 543 1941 579 alienatio
1971 543 2069 580 facta
2101 550 2174 589 est,
2210 558 2283 582 non
2319 547 2424 582 aliter

1347 589 1444 624 hunc
1475 588 1616 623 excludi
1649 589 1716 623 nisi
1746 598 1811 633 per
1837 588 2067 624 tricennalem
2095 591 2423 637 praescriptionem,

194 639 253 669 καὶ
277 649 337 669 οτι
359 639 507 682 γέγονεν
530 632 552 679 ἡ
576 637 767 679 ἐκποιήσις,
791 635 989 688 κελεύομεν,
998 635 1048 679 μὴ
1063 634 1182 669 ἄλλως
1197 634 1277 668 τοῦ·
1293 637 1334 670 10
1347 644 1418 669 non
1449 634 1588 669 valente
1619 633 1739 668 dicere
1768 643 1810 668 eo
1841 634 1902 678 qui
1932 643 1990 669 res
2022 634 2091 670 hoc
2119 636 2222 672 modo
2253 637 2422 682 possidet,

193 693 259 714 τον
283 677 546 715 ἀποκλείεσθαι
578 680 676 724 πλὴν
706 681 738 714 εἰ
767 680 817 725 μὴ
850 678 911 715 διὰ
946 692 1009 724 της
1039 680 1279 727 παραγραφῆς

193 726 257 768 τῆς
272 731 572 772 τριακονταετίας,
595 726 645 771 μὴ
663 723 864 769 δυναμένου
884 725 998 772 λέγειν
1021 726 1085 759 τοῦ
1101 724 1149 759 τὰ
1166 723 1240 770 πρά
1264 743 1278 749 ·

192 783 293 814 ματα
324 771 444 814 τούτῳ
476 772 529 814 τῷ
562 770 690 817 τρόπῳ
722 774 929 815 νεμομένου,
959 766 1018 805 ὅτι
1050 768 1158 805 αὐτὸς
1187 737 1277 816 καλῖῆ

194 819 317 850 πίστει
348 819 513 860 νέμεται,
549 813 664 850 ὁπότε
695 816 795 861 παρὰ
817 817 883 850 τοῦ
906 817 996 863 κακῇ
1029 819 1150 851 πίστει
1173 826 1278 859 νεμη-

194 860 326 896 θέντος
349 862 466 896 ταῦτα
491 863 694 906 ἐκομίσατο.

1347 678 1432 724 quia
1461 678 1540 724 ipse
1559 679 1660 714 hona
1688 678 1758 713 fide
1791 678 1967 723 possidet,
2004 680 2144 724 quando
2173 690 2197 717 a
2225 682 2320 718 mala
2352 681 2424 717 fide

1346 723 1552 770 possidente
1575 724 1665 759 haec
1688 723 1839 768 accepit.

1167 947 1325 984 CAPUT
1349 947 1449 985 VIII.

245 1021 335 1063 Περὶ
359 1016 399 1053 δὲ
421 1019 482 1062 τῆς
505 1018 742 1064 παραγραφῆς
766 1018 827 1060 τῆς
851 1013 1033 1050 δεκαετίας
1056 1016 1175 1050 ταῦτα
1203 1014 1279 1049 δια-

194 1066 361 1098 τυπῶσαι
384 1061 605 1106 συνείδομεν,
636 1058 725 1097 ὥςτε
749 1062 873 1097 εἴποτέ
900 1072 954 1095 τις
982 1062 1021 1095 ἐν
1044 1062 1090 1107 τῇ
1112 1061 1278 1108 εἰρημένῃ

192 1111 255 1152 τῆς
279 1107 462 1143 δεκαετίας
483 1108 629 1154 χρονικῇ
653 1108 874 1154 παραγραφῇ
907 1107 970 1140 ἐπί
991 1117 1093 1140 τινας
1117 1109 1184 1150 μὲν
1209 1108 1278 1141 ἐνι-

194 1154 322 1188 αυτοὺς
337 1154 484 1208 ,παρεὸν
507 1153 560 1196 εἴη
585 1154 648 1188 ἐπί
669 1164 770 1187 τινας
802 1150 841 1186 δὲ
865 1149 984 1194 ἀπιόν,
1009 1150 1133 1185 ἄλλους
1154 1149 1278 1186 τοσού-

1415 1015 1469 1050 De
1505 1015 1786 1060 praescriptione
1821 1025 1904 1051 vero
1941 1016 2102 1052 decennii
2139 1016 2228 1053 haec
2262 1017 2427 1053 ordinare

1347 1062 1603 1105 perspeximus,
1628 1065 1668 1094 ut
1692 1061 1721 1096 si
1745 1061 1886 1106 quando
1911 1063 2086 1106 quispiam
2109 1062 2147 1097 in
2162 1063 2345 1108 praedicta
2367 1063 2426 1098 de-

1349 1106 1464 1141 cennii
1499 1106 1690 1150 temporali
1724 1106 2005 1151 praescriptione
2039 1107 2075 1142 in
2106 1107 2316 1152 quibusdam
2349 1108 2426 1153 qui-

1348 1151 1426 1186 dem
1459 1151 1561 1186 annis
1594 1161 1763 1195 praesens
1796 1152 1842 1186 sit
1872 1152 1909 1186 in
1933 1152 2146 1196 quibusdam
2177 1162 2259 1189 vero
2283 1154 2426 1195 absens,

193 1210 273 1233 τους
305 1200 404 1242 αυτῷ
429 1199 615 1233 ἐνιαυτοὺς
645 1196 734 1243 πρὸς
760 1198 805 1253 τῇ
832 1195 998 1239 dena-erla
1022 1196 1278 1249 προςτεθῆναι,
1291 1199 1334 1231 20
1346 1196 1435 1231 alios
1458 1196 1491 1231 ei
1514 1199 1635 1231 tantos
1659 1206 1773 1232 annos
1797 1207 1903 1241 super
1924 1197 2132 1232 decennium
2155 1198 2250 1234 adici
2273 1201 2426 1243 quantos

193 1240 298 1278 ὅσους
314 1244 353 1285 ἐξ
368 1241 480 1287 αὐτῆς
497 1244 561 1287 τῆς
576 1241 761 1277 δεκαετίας
784 1242 893 1278 απιὸν
916 1245 1050 1288 γέγονε.
1098 1255 1215 1276 ταυτα
1241 1240 1280 1276 δὲ

193 1289 343 1344 πάντα,
367 1285 478 1324 ἅτινα
502 1292 584 1334 περὶ
608 1290 670 1331 τῆς
691 1289 856 1343 χρονικῖζς
880 1286 1064 1342 αἱρίσαμεν
1094 1299 1278 1341 παραγρα-

193 1336 279 1380 φῆς,
302 1347 367 1388 ουκ
384 1335 424 1368 ἐν
438 1337 517 1368 ταῖς
533 1332 798 1378 προλαβοῦσαις
818 1331 885 1367 αλλ
921 1334 960 1367 έν
975 1335 1052 1366 ταῖς
1067 1331 1280 1375 μελλουσαις

1347 1252 1391 1276 ex
1422 1242 1501 1285 ipso
1538 1241 1710 1277 decennio
1743 1241 1874 1277 absens
1904 1241 1981 1277 fuit.
2029 1242 2128 1278 Haec
2158 1247 2277 1279 autem
2309 1243 2428 1279 omnia

1347 1297 1439 1332 quae
1463 1287 1506 1322 de
1526 1287 1713 1331 temporali
1736 1287 2015 1332 praescriptione
2038 1288 2269 1332 decrevimus,
2294 1299 2366 1324 non
2387 1289 2426 1324 in

1345 1333 1547 1377 praeteritis
1584 1332 1647 1367 sed
1678 1332 1714 1366 in
1745 1332 1877 1367 futuris
1909 1335 1945 1367 et
1974 1335 2113 1368 tantum
2144 1337 2228 1378 post
2257 1343 2426 1378 praesen-

193 1383 252 1413 καὶ
271 1392 390 1424 μονον
412 1379 503 1422 μετὰ
526 1379 595 1413 τὸν
610 1378 779 1424 παρόντα
802 1377 919 1421 νόμον
937 1374 1141 1413 ὑποθέσεσι
1161 1391 1201 1412 τε
1219 1380 1279 1411 καὶ
1346 1382 1418 1413 tem
1441 1378 1554 1422 legem
1578 1378 1729 1422 negotiis
1759 1381 1867 1422 atque
1891 1378 2010 1413 causis
2033 1379 2151 1414 valere
2174 1379 2424 1424 praecipimus.

193 1423 383 1471 πράγμασι
407 1427 553 1471 κρατεῖν
575 1422 911 1472 παρακελευόμεθα.

1186 1512 1343 1548 CAPUT
1362 1511 1427 1548 IX.

259 1579 406 1625 Ἐπειδὴ
431 1579 471 1615 δὲ
493 1580 564 1626 πρὸ
589 1581 720 1615 τούτου
751 1581 866 1625 νόμον
892 1580 1156 1627 προηγάγομεν,
1189 1576 1278 1613 ὥςτε

192 1627 275 1661 τοὺς
298 1626 573 1672 διατιθεμένους
595 1624 619 1669 ἢ
640 1630 731 1672 χειρὶ
755 1623 830 1669 ἰδίᾳ
854 1624 877 1669 ἢ
902 1624 962 1660 διὰ
987 1627 1065 1660 τῶν
1082 1624 1280 1671 μαρτύρων

192 1672 240 1706 τὰ
263 1669 432 1716 ὀνόματα
454 1672 532 1705 τῶν
547 1670 784 1717 κληρονόμων
815 1670 1010 1717 ἐγγράφειν
1039 1674 1117 1705 ταῖς
1146 1668 1279 1713 διαθή-

193 1728 286 1759 καις,
319 1718 484 1764 ἔγνωμεν
515 1714 556 1750 δὲ
583 1718 621 1749 ἐκ
653 1717 718 1759 τῆς
739 1717 907 1768 τοιαύτης
939 1713 1121 1761 ἀκριβείας
1148 1714 1281 1749 πολλὰς

1407 1579 1497 1623 Quia
1521 1588 1603 1615 vero
1629 1582 1713 1614 ante
1736 1579 1805 1615 hoc
1829 1580 1940 1624 legem
1966 1580 2189 1624 protulimus,
2214 1582 2254 1616 ut
2276 1583 2428 1616 testator

1349 1627 1413 1660 aut
1443 1635 1550 1659 manu
1581 1625 1726 1669 propria
1761 1629 1824 1660 aut
1854 1636 1919 1670 per
1948 1629 2058 1661 testes
2087 1627 2231 1661 nomina
2258 1626 2428 1661 heredum

1348 1670 1484 1706 scribat
1514 1670 1551 1704 in
1574 1670 1810 1713 testamentis,
1844 1671 2050 1714 agnovimus
2080 1675 2198 1706 autem
2229 1681 2274 1707 ex
2305 1671 2426 1707 huius·

1349 1715 1445 1750 modi
1469 1714 1666 1749 subtilitate
1689 1715 1842 1760 plurima
1866 1718 2078 1751 testamenta
2098 1715 2292 1760 destructa,
2315 1719 2427 1752 testa-

194 1759 376 1806 διαθὴκας
411 1759 687 1806 ἀνατραπῆναι,
724 1767 784 1795 οἱα
813 1774 892 1795 των
924 1759 1212 1814 διατιθεμένωνΧ
1230 1760 1278 1805 μὴ
1293 1763 1335 1795 30
1350 1761 1489 1795 toribus
1521 1770 1593 1795 non
1621 1760 1820 1795 valentibus
1853 1760 2054 1796 huiusmodi
2086 1761 2265 1797 custodire
2287 1761 2426 1797 subtili-

195 1806 410 1852 δυναμένων
425 1806 495 1840 τ“ν
510 1806 685 1849 τοιαύτην
701 1803 890 1850 ἀκρίβειαν
907 1805 1166 1852 παραφυλάξαι
1189 1820 1210 1848 η
1233 1803 1280 1839 ὠς

193 1852 286 1887 εἰκὸς
308 1852 358 1896 μὴ
381 1821 614 1896 βουλομένων
636 1852 780 1897 γνῶναί
800 1862 902 1885 τινας
925 1851 994 1895 τὴν
1025 1849 1124 1885 ἰδίαν
1155 1847 1279 1884 αὐτῶν

193 1895 340 1942 βουλήν,
371 1895 562 1941 κελεύομεν
585 1894 713 1931 ἄδειαν
742 1898 810 1940 μὲν
833 1896 926 1931 εἶναι
957 1899 1029 1930 τοῖς
1051 1894 1280 1941 βουλομένοις

193 1943 312 1977 ταῦτα
337 1940 534 1989 φυλάττειν
554 1943 594 1975 ἐν
617 1944 695 1975 ταῖς
719 1938 845 1976 αὐτῶν
869 1939 1079 1984 διαθήκαις·
1113 1941 1144 1974 εἰ
1165 1939 1205 1974 δὲ
1219 1944 1279 1974 καὶ

1348 1807 1459 1840 tatem
1489 1808 1553 1839 aut
1575 1804 1699 1840 forsan
1723 1805 1926 1841 nolentibus
1957 1806 2050 1841 scire
2073 1806 2209 1851 aliquos
2240 1816 2342 1841 suam
2365 1817 2426 1842 vo-

1348 1850 1537 1892 luntatem,
1568 1849 1731 1885 iubemus
1755 1850 1932 1885 licentiam
1962 1851 2102 1895 quidem
2125 1861 2204 1887 esse
2227 1851 2427 1887 volentibus

1348 1895 1438 1930 haec
1472 1904 1612 1930 servare
1646 1895 1684 1929 in
1713 1895 1868 1940 propriis
1903 1897 2143 1941 testamentis;
2179 1896 2211 1931 si
2241 1900 2362 1932 autem
2392 1899 2428 1932 et

1349 1940 1438 1975 haec
1463 1950 1534 1975 non
1557 1940 1760 1983 observent,
1794 1940 1857 1975 scd
1880 1941 2074 1976 secundum
2099 1941 2254 1986 priscam
2277 1952 2427 1985 consue-

193 1988 310 2022 ταῦτα
331 2001 382 2032 μη
407 1985 637 2032 φυλάξουσιν,
662 1980 753 2039 ἄλλα
777 1984 870 2020 κατὰ
895 1986 963 2029 τὴν
986 1984 1149 2021 παλαιὰν
1173 1984 1277 2029 συνή-
1291 1988 1334 2021 35
1347 1985 1506 2021 tudinem
1523 1988 1708 2029 testentur,
1730 1985 1837 2021 etiam
1856 1986 1908 2022 sic
1926 1985 2065 2022 firmum
2083 1989 2334 2023 testamentum
2350 1997 2428 2023 esse

193 2032 306 2067 θειαν
337 2031 561 2075 διάθωνται,
592 2034 653 2066 καὶ
675 2027 773 2066 οὕτω
799 2035 957 2076 βεβαίαν
987 2031 1080 2066 εἶναι
1111 2030 1180 2074 τὴν
1204 2028 1281 2064 δια-

329 2136 358 2156 v.
374 2123 415 2157 12
428 2135 476 2167 sq.
500 2124 705 2156 summarium
730 2130 816 2156 extat
837 2118 929 2155 Ῥοπ.
956 2123 1064 2163 40,1o.

262 2181 288 2201 c.
304 2168 366 2201 IX
382 2181 445 2202 non
465 2175 553 2202 extat
571 2170 604 2202 in
622 2168 668 2201 B.
682 2186 725 2192 ——-
751 2168 966 2201 Summarium
984 2168 1079 2200 habet
1094 2167 1281 2211 Anonymus
1296 2166 1501 2200 Bodleianus
1515 2166 1557 2200 16
1574 2166 1774 2207 (Zachariae
1790 2162 1922 2201 Ἀνέκδ.
1939 2168 2015 2208 218,
2040 2170 2098 2202 ubi
2111 2169 2231 2202 citatur
2246 2167 2356 2212 νεαρὰ
2373 2166 2425 2214 ρξ’

195 2215 298 2255 [immo
311 2213 409 2258 ρς’]);
434 2225 558 2246 summa
572 2214 645 2247 Ath.
664 2214 819 2256 repetitur
835 2214 868 2246 in
882 2213 1055 2255 paratitlis
1068 2213 1144 2245 Ath.
1156 2214 1176 2246 9
1189 2217 1204 2251 ξ
1217 2219 1249 2245 16
1268 2218 1298 2245 et
1314 2213 1346 2245 in
1365 2212 1473 2245 libello
1486 2213 1569 2257 περὶ
1586 2208 1776 2257 διαφόρων
1791 2208 2097 2258 ἀναγνωσμάτων
2112 2218 2167 2253 §17
2179 2227 2215 2257 p.
2227 2215 2291 2249 196
2302 2216 2426 2248 Heimb.

193 2303 287 2339 inter
303 2305 518 2348 praesentes
552 2305 587 2336 et
609 2301 739 2347 viqinti
769 2301 864 2337 inter
888 2302 1053 2337 absentes
1079 2301 1270 2336 testatione
1299 2311 1372 2336 non
1396 2300 1662 2336 denuntiaverit
1691 2302 1886 2337 secundum
1910 2302 2007 2349 leqes
2035 2303 2188 2349 emptori
2221 2307 2285 2338 aut
2308 2304 2343 2338 ei
2364 2304 2427 2350 qui

193 2347 423 2383 donationem
452 2346 633 2393 acceperit
664 2349 729 2381 aut
758 2346 813 2381 illi
843 2345 892 2381 ad
915 2357 1018 2392 quem
1050 2355 1109 2380 res
1133 2345 1206 2380 alio
1231 2345 1391 2391 quolibet
1423 2345 1530 2381 modo
1562 2345 1705 2382 delatae
1727 2347 1817 2388 sint,
1851 2347 1883 2382 is
1912 2348 1978 2392 qui
1998 2347 2174 2383 eiusmodi
2204 2358 2263 2383 res
2286 2349 2427 2395 accepit

189 2392 344 2438 firmiter
371 2402 436 2428 eas
466 2391 614 2432 habeat,
643 2394 730 2438 post
753 2390 917 2427 decennii
946 2390 1084 2427 scilicet
1113 2390 1209 2425 inter
1234 2393 1447 2436 praesentes
1479 2393 1513 2426 et
1541 2391 1695 2437 vicennii
1727 2392 1822 2428 inter
1851 2392 2016 2428 absentes
2046 2392 2244 2428 decursum.
2291 2392 2431 2436 Quodsi

193 2447 299 2474 verus
320 2447 442 2473 rerum
466 2436 707 2473 alienaturum
732 2436 899 2472 dominus
922 2437 1070 2482 iqnorat
1092 2440 1128 2471 et
1145 2446 1204 2470 res
1224 2435 1274 2470 ad
1292 2446 1330 2470 se
1346 2435 1533 2482 pertinere
1556 2441 1592 2471 et
1611 2436 1864 2473 alienationem
1882 2438 2025 2483 factam
2045 2448 2130 2479 esse,
2154 2438 2314 2474 iubemus
2333 2437 2428 2473 hune

193 2493 266 2518 non
289 2482 397 2518 aliter
419 2482 568 2518 excludi
591 2482 663 2517 nisi
682 2492 753 2528 per
770 2482 922 2527 triqinta
946 2492 1122 2517 annorum
1141 2481 1484 2528 praescriptionem,
1507 2490 1587 2516 cum
1606 2481 1639 2516 is
1655 2482 1717 2527 qui
1740 2493 1798 2517 res
1822 2482 1889 2518 tzoc
1906 2482 2013 2518 modo
2036 2483 2197 2528 possidet
2213 2493 2287 2518 non
2306 2484 2429 2530 possit

193 2527 313 2564 dicere
335 2538 412 2563 sese
435 2527 530 2563 bona
549 2527 625 2572 fide
646 2526 844 2573 possidere,
870 2525 1162 2573 quandoquidem
1186 2527 1231 2561 ab
1255 2537 1298 2561 eo
1323 2526 1386 2572 qui
1409 2526 1506 2561 mala
1525 2526 1600 2571 fide
1617 2527 1785 2573 possedit
1808 2538 1871 2564 eas
1893 2528 2045 2574 accepit.

327 2572 426 2609 VIII.
474 2571 530 2608 De
546 2572 843 2619 praescriptione
865 2576 984 2607 autem
1008 2571 1172 2607 decennii
1194 2570 1284 2606 haec
1303 2574 1463 2607 statuere
1486 2570 1588 2606 nobis
1604 2571 1757 2617 placuit,
1782 2577 1822 2608 ut
1839 2573 1875 2608 si
1892 2572 2039 2618 quando
2059 2573 2142 2618 quis
2164 2573 2202 2608 in
2222 2573 2319 2609 dieta
2341 2577 2426 2610 tem·

190 2617 317 2664 porali
345 2617 511 2654 decennii
536 2617 828 2664 praescriptione
858 2617 1001 2663 aliquot
1031 2618 1138 2652 annis
1160 2627 1341 2663 praesens
1371 2616 1514 2662 aliquot
1537 2615 1664 2652 absens
1687 2618 1754 2659 sit,
1793 2622 1847 2653 tot
1877 2618 1943 2652 alii
1973 2618 2062 2652 anni
2091 2617 2142 2653 ad
2163 2618 2370 2654 decennium
2393 2619 2428 2655 ei

193 2662 378 2698 addantur
406 2667 496 2709 quot
519 2673 569 2698 ex
591 2663 672 2709 ipso
697 2662 870 2698 decennio
899 2662 1028 2697 absens
1048 2662 1137 2708 fuit.
1187 2661 1289 2696 Haec
1312 2665 1432 2697 autem
1457 2663 1596 2704 omnia,
1625 2671 1719 2707 quae
1749 2661 1794 2697 de
1820 2663 2011 2708 temporali
2032 2663 2321 2709 praescriptione
2340 2675 2426 2700 con-

191 2708 484 2789 stibtuimusie’non
506 2707 550 2788 (bie
567 2708 779 2754 praeteritis
801 2707 866 2744 sed
889 2706 933 2742 de
953 2707 1097 2754 futuris
1119 2710 1155 2743 et
1177 2707 1223 2742 iis
1245 2710 1384 2742 tantum
1409 2717 1504 2752 quae
1523 2709 1614 2754 post
1639 2710 1867 2753 praesentem
1900 2707 2011 2753 teqem
2036 2712 2218 2754 emerqent
2240 2710 2360 2745 causis
2382 2719 2428 2744 ac

192 2763 233 2788 re
257 2763 301 2788 us
324 2763 370 2790 va
425 2763 445 2788 e
468 2764 506 2788 zu
529 2763 639 2788 emus.

326 2797 392 2834 IX.
440 2796 618 2841 Quoniam
642 2802 761 2834 autem
790 2796 944 2834 antehac
977 2797 1088 2844 teqem
1113 2796 1346 2844 protulimus,
1379 2800 1419 2832 ut
1444 2799 1634 2833 testatores
1665 2796 1721 2832 vel
1741 2807 1809 2832 sua
1833 2807 1943 2831 manu
1973 2796 2030 2832 vel
2053 2807 2122 2843 per
2147 2800 2254 2832 testes
2279 2797 2426 2833 nomina

192 2841 362 2879 heredum
386 2843 606 2879 testamentis
629 2843 841 2886 inscribant,
873 2844 1104 2889 coqnovimus
1127 2846 1246 2878 autem
1271 2853 1320 2878 ex
1343 2842 1518 2878 eiusmodi
1547 2841 1745 2878 subtilitate
1774 2842 1886 2877 multa
1911 2845 2121 2877 testamenta
2149 2841 2320 2878 subversa
2338 2852 2426 2885 esse,

192 2899 273 2924 cum
297 2891 486 2924 testatores
508 2888 684 2924 eiusmodi
706 2888 937 2924 subtilitatem
961 2887 1153 2924 observare
1175 2898 1249 2923 non
1270 2892 1421 2934 possent
1455 2887 1511 2923 vel
1529 2887 1634 2934 forte
1656 2886 1832 2933 quosdam
1856 2885 2074 2923 voluntatem
2105 2897 2209 2921 suam
2231 2886 2325 2922 scire
2347 2888 2426 2923 nol·

193 2933 278 2974 lent,
302 2932 463 2969 iubemus
486 2933 593 2969 licere
616 2933 760 2979 quidem
782 2934 829 2969 iis
852 2933 915 2980 qui
939 2933 1062 2969 volunt
1090 2932 1180 2968 haec
1201 2933 1239 2967 in
1263 2933 1483 2968 testamentis
1505 2933 1582 2968 suis
1606 2931 1797 2968 observare
1803 2944 1818 2974 ;
1851 2932 1886 2967 si
1907 2935 2025 2967 autem
2054 2930 2143 2967 llaec
2165 2942 2239 2968 non
2263 2931 2426 2968 observa-

193 2978 326 3022 verint,
358 2978 425 3015 sed
446 2977 640 3015 secundum
664 2982 814 3014 veterem
840 2978 1133 3014 consuetudinem
1166 2978 1286 3014 testati
1307 2977 1397 3021 sint,
1428 2978 1481 3013 sic
1504 2988 1649 3024 quoque
1682 2981 1930 3013 testamentum
1957 2977 2103 3022 firmum
2133 2987 2209 3013 esse
2236 2978 2426 3022 sancimus,

226 3113 234 3123 1
261 3071 277 3103 1
305 3069 383 3103 τῶν
407 3082 466 3104 om.
482 3069 580 3123 LBxu
603 3071 682 3123 aaz]
699 3066 723 3112 ἢ
749 3071 857 3113 Epan.
875 3069 889 3113 ΙΙ
905 3069 983 3103 τῶν
1007 3082 1065 3103 om.
1082 3069 1112 3102 L
1130 3069 1142 3113 ΙΙ
1168 3070 1188 3102 2
1211 3067 1280 3103 τὸν

192 3115 711 3203 i⁰ffitfftiffl1³0t⁷ffli⁹
724 3113 867 3194 Edisti!
884 3113 1278 3201 ῗῖἶωᾞέἶτῗῖὔῖή

193 3181 290 3238 niale'
305 3172 507 3247 Zachariae)
526 3203 539 3246 ΙΙ
554 3173 746 3248 κελεύομεξι
762 3173 850 3240 οηῖς
866 3185 881 3247 ῙΙ
895 3172 946 3248 με
961 3185 1061 3247 ἄλλῳ
1078 3184 1212 3238 votior
1224 3204 1279 3238 ΒΡ

191 3250 323 3283 τοῦτον
345 3248 395 3293 μὴ
419 3250 470 3283 B*
487 3249 500 3293 ΙΙ
527 3251 568 3284 12
591 3250 669 3291 τοῦ]
689 3249 739 3293 μὴ
765 3246 965 3293 δυναμένου
988 3250 1053 3283 τοῦ
1074 3250 1147 3292 L¹ss
1173 3251 1216 3283 16
1240 3245 1280 3282 δὲ

194 3308 251 3328 om.
276 3294 338 3338 Lfl
367 3296 405 3329 17
432 3293 557 3328 εἴποτέ
577 3297 642 3336 τις]
675 3294 711 3328 εἴ
727 3295 862 3347 τιςυΒῙ*
886 3295 898 3339 ΙΙ
926 3297 968 3348 26
992 3294 1119 3337 νόμον]
1149 3295 1228 3350 Οοᾰ.
1247 3296 1278 3334 6,

194 3341 462 3421 ἔξίἓεςιέὢῐηοςυ.
478 3340 551 3373 LX
559 3340 617 3382 VI,
632 3341 650 3375 1
667 3344 683 3380 9
698 3347 711 3374 1
730 3340 742 3383 11
767 3350 862 3373 ωστε
886 3350 968 3373 τους
992 3336 1278 3382 διατιθεμενους]

249 3474 270 3506 4
295 3483 345 3506 res
361 3473 482 3507 habeat
501 3474 534 3507 T
553 3473 653 3507 habet
669 3485 720 3507 res
737 3476 817 3515 (tres
832 3474 891 3516 13¹)
908 3474 942 3507 R
960 3474 972 3517 ΙΙ
988 3473 1097 3507 firmas
1112 3474 1145 3507 T
1155 3474 1167 3515 ΙΙ
1186 3473 1278 3506 firme

195 3525 248 3549 eas
272 3520 341 3558 cet.]
373 3519 434 3560 Ιπιο
455 3529 509 3552 eas
534 3537 577 3542 —
602 3519 622 3552 6
642 3519 670 3551 si
689 3531 751 3552 scr.
774 3519 826 3552 V²
844 3520 877 3552 in
899 3521 994 3552 ras-I
1038 3532 1083 3552 vs.
1108 3518 1121 3562 ΙΙ
1148 3521 1168 3553 5
1190 3519 1277 3561 post]

194 3570 252 3601 per
268 3562 324 3604 ΤΙΙ
340 3563 428 3595 inter
443 3565 632 3605 praesentes
655 3563 814 3597 uidelicet
837 3563 912 3605 V(²)
931 3564 944 3607 ΙΙ
959 3564 981 3596 6
1019 3563 1192 3606 ‚inicennii
1205 3564 1265 3605 (sic

204 3604 278 3645 V(²)
302 3606 315 3648 ΙΙ
343 3607 517 3641 decursum
542 3609 640 3651 only]
670 3608 856 3642 discursum
880 3607 988 3641 RVT
1010 3611 1022 3651 ΙΙ
1053 3609 1186 3650 ignoret
1208 3608 1243 3641 R

196 3650 215 3681 7
239 3648 393 3684 dominus
416 3654 461 3692 et]
497 3652 651 3685 dominus
675 3663 713 3686 ex
738 3653 787 3686 R*
815 3653 828 3697 ΙΙ
861 3655 901 3687 10
926 3652 1052 3686 discere
1081 3653 1131 3686 V¹
1161 3652 1174 3696 Ι
1204 3652 1263 3695 qui

196 3692 284 3734 quod
301 3694 349 3726 T‘
369 3695 382 3738 ΙΙ
400 3698 438 3730 11
465 3697 554 3737 quia]
580 3707 679 3738 quam
705 3698 753 3731 T·
774 3697 787 3742 fl
803 3697 882 3739 quia
899 3717 940 3722 —
953 3697 1101 3740 possidet
1121 3710 1179 3731 om.
1195 3697 1243 3730 R·
1264 3695 1279 3742 ΙΙ

1349 3070 1388 3102 12
1413 3069 1476 3101 hoc
1504 3069 1536 3102 T
1557 3070 1570 3111 ss
1599 3068 1748 3110 accipere
1773 3068 1821 3100 Ιίι
1850 3067 1862 3111 ΙΙ
1898 3069 1939 3102 16
1957 3070 2044 3101 rubr.
2069 3068 2119 3101 De
2142 3067 2373 3111 praesentibus
2394 3069 2428 3101 et

1345 3114 1537 3146 absentibus
1568 3114 1659 3146 intra
1691 3113 1843 3146 decennii
1866 3113 2159 3156 praescriptionem
2183 3113 2427 3155 (praescriptio-

1346 3169 1422 3191 nem-
1438 3159 1592 3192 decennii
1608 3159 1652 3197 R)
1677 3158 1747 3191 ΕΤ
1759 3161 1790 3191 in
1807 3171 1910 3202 marq.
1923 3160 1976 3200 (esc
1988 3159 2068 3200 Iul.)
2083 3159 2095 3202 fl
2117 3160 2156 3192 17
2170 3157 2338 3202 praedicta
2353 3159 2425 3200 cet-1

1348 3203 1447 3247 {dicta
1463 3204 1598 3245 (dictam
1612 3205 1681 3247 pr.)
1698 3222 1741 3228 -
1759 3205 1801 3237 20
1819 3203 1902 3236 alios
1917 3205 2027 3236 tantos
2043 3215 2106 3237 scr.
2123 3203 2174 3236 V2
2189 3206 2221 3237 in
2234 3216 2300 3237 ras.
2313 3204 2333 3236 2
2344 3215 2396 3236 υυ.
2412 3202 2426 3254 ι

1349 3250 1388 3283 18
1414 3249 1547 3291 quidem
1571 3262 1631 3282 om.
1654 3248 1729 3290 V(¹)
1750 3248 1762 3291 ΙΙ
1790 3249 1832 3282 19
1855 3249 1899 3281 sit
1922 3248 1971 3289 in]
1995 3248 2032 3280 in
2057 3261 2115 3281 om.
2142 3248 2263 3290 RV(²)
2290 3248 2304 3291 ΙΙ
2329 3249 2371 3282 20
2394 3256 2426 3280 οι

1346 3296 1455 3326 tantos
1471 3305 1576 3326 annos
1592 3294 1637 3334 R]
1670 3296 1779 3326 tantos
1794 3303 1899 3326 annos
1919 3294 1950 3325 ei
1969 3294 2006 3334 T,
2030 3295 2140 3326 tantos
2156 3293 2187 3325 ei
2202 3302 2306 3325 annos
2324 3292 2423 3335 only„

1346 3338 1378 3371 ei
1402 3351 1459 3371 om.
1483 3339 1540 3382 Vll
1563 3339 1673 3371 addici
1699 3339 1731 3371 R
1754 3338 1767 3381 ΙΙ
1796 3340 1834 3372 21
1863 3338 2035 3379 decennio]
2060 3337 2105 3370 X.
2132 3338 2164 3371 T
2172 3337 2184 3358 ¹
2206 3338 2219 3382 ΙΙ
2249 3338 2291 3371 23
2314 3338 2425 3369 umen

1346 3384 1431 3416 ΒΤ·
1450 3384 1462 3427 ΙΙ
1481 3385 1523 3418 26
1534 3385 1622 3418 rubr.
1646 3383 1696 3416 De
1715 3385 1873 3416 testatore
1896 3393 1963 3415 non
1988 3383 2135 3425 cogendo
2158 3392 2218 3415 sua
2233 3391 2331 3414 manu
2346 3390 2423 3423 pro-

1344 3427 1420 3470 pria
1443 3429 1497 3461 uel
1523 3428 1658 3461 testium
1689 3429 1825 3461 nomina
1849 3428 2007 3461 heredum
2038 3428 2188 3471 (propria
2209 3425 2344 3459 testium
2368 3425 2423 3457 uel

1346 3473 1502 3506 horedum
1525 3473 1660 3507 nomina
1683 3473 1729 3513 R)
1753 3473 1895 3506 scribere
1923 3473 1987 3506 RT
2003 3474 2034 3506 in
2051 3485 2152 3515 mar-9.
2171 3472 2223 3513 (ex
2236 3468 2343 3513 lum
2363 3470 2424 3502 boc

1346 3530 1404 3551 om.
1424 3519 1455 3550 Τ
1462 3518 1472 3538 ¹
1498 3518 1510 3561 ΙΙ
1533 3520 1677 3551 testatur
1698 3518 1749 3551 V⁰
1767 3517 1779 3562 ss
1807 3519 1849 3552 29
1873 3517 2086 3550 testatoribus
2107 3517 2171 3549 aut·
2188 3524 2255 3547 non
2279 3514 2423 3547 ualenti-

1345 3561 1406 3595 bus
1423 3562 1456 3594 R
1479 3573 1546 3594 non
1571 3562 1763 3596 ualentibus
1786 3562 2001 3596 testatoribus
2019 3561 2076 3606 ΤΙΙ
2101 3561 2143 3595 32
2166 3558 2297 3600 quidem
2320 3559 2423 3592 lieen-

1344 3607 1426 3639 tiam
1445 3606 1493 3639 122
1504 3608 1542 3649 T,
1566 3607 1735 3641 licentiam
1757 3620 1814 3640 om.
1828 3607 1878 3641 R*
1896 3607 1909 3650 ΙΙ
1924 3608 1968 3642 33
1984 3607 2065 3639 haec
2085 3605 2128 3644 V]
2149 3603 2212 3636 hoo
2230 3604 2395 3647 RTvuly.
2413 3603 2425 3648 ΙΙ

1345 3653 1390 3693 et]
1416 3653 1515 3684 etiam
1540 3653 1573 3686 R
1598 3653 1611 3696 ΙΙ
1634 3654 1678 3687 34
1701 3652 1876 3696 pristinam
1902 3652 1935 3685 T
1955 3650 2026 3695 235
2050 3647 2162 3689 etiam]
2195 3650 2228 3680 ct
2253 3649 2286 3681 T
2309 3650 2320 3691 n
2353 3659 2424 3682 esse

1344 3698 1580 3730 testamentum
1600 3698 1635 3731 R
