2580 4022
242 151 318 194 Ed.
333 152 396 194 XI
429 152 532 191 1—3
1297 140 1383 186 778
1985 151 2056 186 υτ
2073 155 2259 187 NULLAM
2288 155 2453 187 comm

239 262 260 296 1
305 262 459 304 χρυσίον,
491 255 533 290 οὗ
556 254 754 299 δυναμένου
774 254 871 288 τινὸς
888 251 979 296 ὑπὲρ
999 254 1062 294 τῆς
1084 253 1199 286 κακῶς
1223 253 1496 296 ἐπινενοημένης
1520 248 1673 295 όβρύζης
1696 250 1894 295 ἀπαίτησιν
1919 253 2110 287 ποιεῖσθαί
2131 267 2225 288 τινα.
2270 251 2373 288 Ἀλλὰ
2395 257 2456 288 καὶ

239 304 281 338 τὸ
303 299 380 335 κατ’
404 302 596 346 Αἴγυπτον
626 298 903 342 πολιτευόμενον
933 300 1078 343 χρυσίον
1107 293 1222 330 οὕτως
1252 298 1293 330 ἐν
1323 300 1401 350 τοῖς
1425 295 1694 352 συναλλάγμασι
1723 295 2010 349 συλλογίζεσθαι,
2043 295 2091 332 οὖς
2121 298 2164 333 τὸ
2201 299 2294 333 κατὰ
2318 300 2456 341 ταύτην

238 347 308 389 τὴν
329 345 486 400 μὶεγάλην
509 341 924 396 χαραττόμευονμόλιν,
948 339 1316 393 παραφυλαττρμένου
1339 353 1468 375 τουτου
1492 339 1651 384 κινδυνῳ
1675 353 1740 376 του
1764 355 1804 375 τε
1828 342 1922 376 κατὰ
1942 342 2071 389 καιρὸν
2094 343 2194 388 παρὰ
2209 342 2454 388 Ἀλεξανδρεῦ-

239 402 298 425 σιν
317 389 573 434 αυγουσταλίου
596 392 656 422 καὶ
680 389 757 422 τῶν
780 388 1080 431 υπηρετουμένων
1101 382 1199 428 αὐτῳ
1224 384 1375 426 τάξεων.

1236 475 1391 511 CAPUT
1412 458 1461 510 Π.

368 542 512 587 Ἐπειδὴ
544 542 584 577 δὲ
613 541 806 587 κεφάλαιον
835 543 899 575 τοῦ
929 541 1214 587 κακουργήματος
1237 543 1275 575 οἵ
1293 555 1333 576 τε
1357 540 1573 587 ζυγοστὰται
1596 544 1654 575 καὶ
1678 541 1715 575 οἱ
1735 542 1912 588 χρυσῶνες
1935 542 2180 587 τυγχάνουσιν,
2206 545 2455 590 ἐπετρέψαμεν
2479 548 2498 579 5

236 591 289 633 τῷ
321 591 390 624 νῦν
421 591 554 623 ἐκείνας
585 590 704 629 ἔχοντι
728 587 791 622 τὰς
815 585 923 631 ἀρχὰς
947 585 1020 621 ὑπὸ
1043 586 1111 629 τὴν
1135 586 1382 631 προςήκουσαν
1407 585 1537 620 αὐτοὺς
1561 583 1763 631 ἀσφάλειαν
1787 587 2103 629 καταστήσασθαι,
2129 585 2176 622 ὠς
2201 586 2244 622 δι’
2272 586 2453 624 ἀπολύτου

235 633 460 681 χαράγματος
482 631 737 678 ὑποτργήσωσι
761 635 833 666 τοῖς
857 630 1136 676 συναλλάγμασι,
1159 634 1218 664 καὶ
1242 632 1277 664 εἴ
1294 645 1334 678 γε
1358 635 1417 665 καὶ
1441 634 1638 678 σφραγίσαι
1663 630 1735 666 ὃεόι
1759 634 1857 673 ποτέ,
1882 633 2055 665 τοσοῦτον
2080 634 2308 679 ἐπιγράψωσι
2331 633 2454 678 μόνον,

235 677 326 714 ὅσον
355 682 432 713 ταῖς
463 676 653 721 ἀληθείαις
685 679 784 711 ἐστὶν
811 675 831 710 ὁ
865 677 929 710 τοῦ
960 679 1037 710 ταῖς
1068 678 1261 722 σφραγῖσιν
1295 675 1541 721 ἐμβληθέντος
1568 680 1711 719 χρυσίου
1741 674 1919 720 σταθμός,
1951 673 1994 710 οὗ
2019 675 2234 722 δυναμένους
2258 678 2369 713 πλέον
2391 680 2455 712 τοῦ

235 726 312 758 ταῖς
339 720 524 767 ἀληθείαις
556 721 821 767 ἐμβεβλημένον
852 721 1022 765 σταθμοῦ
1053 724 1130 755 ταῖς
1158 724 1353 767 σφραγῖσιν
1385 720 1578 776 ἐγγράφειν
1601 722 1695 755 κατὰ
1719 723 1828 755 τοῦτο
1853 719 1895 764 δὴ
1918 719 1961 755 τὸ
1987 722 2103 756 κακῶς
2122 722 2202 767 ἄχρι
2226 722 2331 757 τοῦδε
2354 723 2454 758 πολι-

235 768 464 813 τευσάμενον.
513 768 543 801 εἰ
574 767 642 814 γάρ
674 780 711 801 τι
742 767 884 801 ‘tomi-vo
914 765 1147 810 τολμήσουσι,
1179 769 1238 799 καὶ
1270 764 1442 810 δημοσίας
1471 767 1594 800 αυτῶν
1622 766 1683 800 τὰς
1715 765 1837 800 οὐσίας
1863 767 2037 810 ποιοῦμεν
2071 770 2130 800 καὶ
2162 770 2239 801 ταῖς
2269 769 2317 801 εἰς
2348 770 2454 812 σῶμα
2482 771 2521 803 10

235 817 376 849 ποιναῖς
404 811 642 855 ὑποτίθεμεν,
672 810 719 846 ὠς
750 811 841 855 μηδὲ
871 811 962 845 κατὰ
987 810 1146 844 κέλευσιν
1169 808 1346 856 ἡμετέραν
1368 813 1430 855 τῆς
1450 811 1630 854 συνήθους
1653 809 1772 845 αὐτοῖς
1796 815 2005 857 κακουργίας
2028 811 2234 847 ἐκστάντας.
2282 810 2372 846 ἀλλὰ
2396 816 2455 846 καὶ

236 856 399 905 ἀνάγκην
430 858 549 898 ἕξουσι
579 858 702 892 πᾶσαν
734 860 896 903 χορηγεῖν
927 859 1072 901 χρυσιόν
1103 856 1211 890 τοῦτο
1241 858 1308 900 μὲν
1335 858 1389 899 τῷ
1415 870 1454 890 τε
1478 855 1577 900 παρὰ
1601 855 1892 901 Ἀλεξανδρεῦσιν
1917 853 2163 901 αὖγουσταλίῳ
2188 860 2247 891 καὶ
2270 860 2342 892 τοῖς
2366 857 2456 891 κατὰ

234 904 360 948 καιρὸν
385 905 500 945 ἔχουσι
523 901 591 944 τὴν
615 901 727 946 ἀρχὴν
749 905 811 936 ἐπὶ
835 904 911 935 ταῖς
935 901 1226 943 συνειθισμέναις
1249 903 1459 945 ἑκπομπαῖς,
1490 904 1596 935 τοῦτο
1621 899 1660 935 δὲ
1682 902 1736 944 τῷ
1758 914 1797 935 τε
1819 902 1885 935 νῦν
1906 903 1982 945 (καὶ
2006 901 2077 945 τῷ)
2101 901 2194 935 κατὰ
2218 902 2344 947 καιρὸν
2369 900 2455 936 ἀλα-

234 949 349 996 βάρχῃ
379 949 431 991 τῷ
456 961 496 982 τε
520 951 751 992 πραιποσίτῳ
776 947 852 981 τῶν
876 946 994 980 θείων
1017 943 1123 989 ἡμῶν
1143 946 1353 991 θησαυρῶν,
1386 941 1492 981 ου’-δέν
1516 944 1690 991 διάφορον
1715 945 1805 990 ὑπὲρ
1830 943 1980 990 ὀβρύζης
2005 945 2192 981 παντελῶς
2215 946 2454 992 κομιζόμενοι.

1221 1035 1379 1072 CAPUT
1404 1036 1466 1071 111.

371 1100 475 1138 Οὕτω
506 1101 545 1137 δὲ
566 1101 678 1137 αὐτὸν
702 1105 952 1156 ἐπετρέψάμεν
971 1103 1035 1155 τοῦ
1059 1102 1269 1157 ποόιγματοῇ
1291 1107 1459 1148 προνοεῖν
1479 1107 1538 1137 καὶ
1562 1102 1643 1138 τοὺς
1665 1101 1740 1147 μετ’
1768 1101 1883 1137 αὐτὸν
1905 1103 1973 1146 τὴν
1996 1103 2112 1159 ,ἀρχὴν
2135 1105 2454 1160 παραληψομένους
2481 1108 2520 1140 15

234 1152 293 1183 καὶ
323 1149 385 1183 τὰς
416 1149 637 1192 πειθομένας
669 1146 788 1182 αὐτοῖς
817 1148 952 1189 ταξεις,
981 1159 1029 1181 ως
1059 1149 1089 1181 εἰ
1116 1159 1216 1190 οτας,
1247 1160 1375 1191 οτιπερ
1405 1150 1440 1182 εἴ
1465 1162 1500 1182 τι
1531 1151 1677 1193 φανεῖεν
1696 1147 1788 1194 ὑπὲρ
1812 1146 1964 1193 όβρύζης
1985 1151 2250 1193 απαιτηθέντες
2274 1151 2297 1194 ἢ
2321 1163 2355 1184 οι
2378 1163 2455 1184 των

234 1195 352 1228 θείων
382 1191 486 1237 ἡμῶν
515 1194 737 1238 προεστῶτες
763 1191 997 1238 ἆλαβαρχιῶν
1021 1190 1044 1235 ἢ
1069 1190 1088 1226 ὁ
1114 1194 1190 1227 τῶν
1213 1193 1332 1227 θείων
1355 1190 1461 1236 ἡμῶν
1484 1192 1728 1240 λαργιτιόνων
1753 1194 2001 1248 πραιπόσιτος,
2021 1195 2169 1229 οἴκοθεν
2193 1195 2454 1239 καταθήσουσι,

234 1241 340 1273 τοῦτο
372 1240 440 1282 μὲν
473 1240 510 1272 ἐκ
543 1240 620 1272 τῶν
649 1241 922 1284 χορηγουμένων
954 1236 1073 1272 αὐτοῖς
1104 1251 1145 1272 τε
1175 1240 1234 1271 καὶ
1258 1238 1406 1278 τάξεσιν
1429 1236 1611 1277 ἀννόνων,
1644 1240 1752 1273 τοῦτο
1776 1238 1816 1272 ὸὲ
1838 1240 1916 1273 τιῦν
1940 1237 2062 1273 οὐσῶν
2083 1237 2202 1274 αὐτοῖς
2224 1241 2454 1287 περιουσιῶν,

234 1282 273 1317 οὗ
303 1283 416 1327 μόνον
447 1282 501 1328 ἐφ’
533 1279 622 1318 ὅσον
648 1286 791 1325 ἔχονται
815 1284 892 1317 τῶν
918 1280 1049 1327 ἀρχῶν,
1074 1280 1163 1317 ἄλλα
1186 1279 1256 1317 κᾶν
1279 1284 1309 1316 εἰ
1332 1284 1465 1318 ταύτας
1489 1284 1733 1327 καταθέμενοι
1756 1283 1901 1326 τύχωσι,
1923 1287 1985 1339 καὶ
2009 1285 2080 1318 εἴτε
2102 1283 2306 1331 γράψαντες
2329 1282 2455 1328 ὁμολο-

234 1333 310 1375 γίας
336 1327 464 1362 τούτου
494 1329 558 1362 τοῦ
588 1331 715 1375 μέρους
745 1324 988 1371 ἆντελάβοντο
1017 1329 1080 1371 τῆς
1110 1326 1214 1373 ἀρχῆς
1244 1329 1314 1362 εἴτε
1345 1331 1405 1362 καὶ
1415 1330 1562 1381 ,τοιοῦτο
1586 1327 1700 1373 μηδὲν
1723 1327 2000 1376 ὦμολογηκοτες,
2022 1331 2102 1363 ἐπεί
2118 1329 2350 1383 γευμάλιστα
2366 1327 2455 1373 μηδὲ
2480 1332 2520 1365 20

233 1378 254 1409 1
301 1371 450 1419 ἀρχαῖον
480 1373 523 1407 τὸ
553 1374 615 1416 τῆς
646 1371 798 1418 ὀβρύζης
819 1374 930 1415 ἐστίν,
955 1370 1031 1406 ἀλλ’
1055 1375 1093 1407 ἐκ
1117 1375 1306 1418 νεωτέρων
1330 1372 1535 1418 ἄρξαμενον
1557 1373 1709 1420 χρόνων.
1758 1377 1831 1408 Καὶ
1855 1378 1927 1408 τοῖς
1949 1372 2067 1408 ἄλλοις
2091 1373 2139 1418 δέ,
2164 1387 2243 1410 οσοι
2262 1375 2323 1409 τὰς
2348 1376 2454 1419 ἐμπο-

234 1422 310 1463 ρίας
334 1420 524 1452 ποιοῦνται
548 1422 607 1452 καὶ
631 1422 733 1462 μέχρι
753 1419 818 1452 νῦν
853 1417 1053 1462 λαμβάνειν
1076 1432 1112 1452 τι
1138 1416 1311 1463 διάφορον
1335 1419 1573 1461 εἰθίσθησαν,
1598 1419 1869 1465 προαγορεύσεις
1893 1416 2036 1463 ὁμοίως,
2062 1417 2109 1454 οἷς
2132 1421 2168 1454 εἴ
2185 1434 2222 1455 τι
2246 1423 2393 1466 φανεῖεν
2417 1422 2456 1453 ἐν

233 1467 305 1497 τοῖς
337 1462 628 1509 συναλλάγμασιν
661 1461 751 1507 ὑπὲρ
783 1460 937 1507 ὀβρύζης
972 1462 1217 1507 λαμβάνοντες
1248 1463 1271 1505 ἢ
1302 1462 1608 1510 ὑπολογιζόμενοι,
1641 1468 1701 1498 καὶ
1732 1461 1855 1498 οὐσίας
1885 1466 2069 1499 ἔκπτωσιν
2100 1468 2160 1498 καὶ
2191 1464 2255 1500 τὰς
2279 1465 2326 1499 εἰς
2350 1466 2455 1509 σῶμα

233 1507 361 1542 ποινὰς
390 1507 669 1559 ὑποστήσονται.
717 1509 875 1560 πρᾶγμαἱ
896 1508 1008 1563 (γαρ)
1038 1510 1155 1542 κακῶς
1179 1506 1393 1564 ἀρξάμενον,
1414 1509 1461 1542 εἰς
1484 1510 1660 1544 τοσοῦτον
1685 1507 1724 1543 δὲ
1747 1508 1935 1562 προελθὸν
1958 1512 2017 1543 καὶ
2041 1506 2114 1553 ὅλῳ
2139 1512 2192 1554 τῷ
2217 1508 2454 1554 πολιτεύματι

234 1552 496 1597 λυμαινόμενον
526 1552 776 1596 ανασταλῆναι
808 1565 897 1596 προς
920 1567 985 1588 τον
1005 1555 1285 1606 ἔπειταυχροιον
1309 1552 1369 1587 διὰ
1395 1555 1459 1588 τοῦ
1483 1553 1666 1599 παρόντος
1685 1552 1790 1598 ἡμων
1815 1553 2002 1598 κελεύομεν
2026 1554 2139 1598 νόμου
2163 1558 2222 1589 καὶ
2246 1553 2294 1598 μὴ
2321 1568 2452 1600 παρεν-
2480 1558 2521 1591 25

233 1598 348 1639 οχλεῖν
389 1597 519 1632 λοιπὸν
556 1602 628 1632 τοῖς
668 1596 973 1644 συναλλάγμασιν,
1005 1595 1079 1632 ἀλλ’
1114 1609 1228 1633 ουτως
1260 1595 1348 1633 αὐτὸ
1380 1599 1713 1645 παραφυλαχθῆναι
1745 1597 1903 1643 κινδύνῳ
1935 1600 1999 1634 τοῦ
2032 1599 2131 1646 παρὰ
2162 1597 2455 1645 Ἀλεξανδρεῦσιν

235 1641 490 1688 αὐγουσταλίου
521 1647 581 1676 καὶ
613 1645 691 1677 τῶν
723 1642 816 1676 κατὰ
843 1642 969 1688 καιρὸν
999 1643 1068 1687 τὴν
1099 1642 1213 1687 αὐτὴν
1245 1641 1508 1686 διοικησόντων
1541 1642 1653 1691 ἀρχὴν
1677 1647 1737 1678 καὶ
1760 1643 1902 1685 τάξεων
1926 1645 2119 1692 ἑκατέρων,
2146 1642 2234 1680 ὥςτε
2257 1649 2317 1679 καὶ
2342 1643 2454 1688 αὐτὴν

234 1684 362 1765 nil-'5032
373 1686 442 1741 τὴν
472 1687 616 1731 μνήμην
642 1688 888 1733 ἀναιρεθῆναι
918 1691 978 1722 καὶ
1007 1690 1132 1732 ζημίας
1162 1687 1338 1732 τοσαύτης
1368 1688 1544 1733 ἐλεύθερα
1576 1690 1669 1725 εἶναι
1700 1689 1747 1724 τὰ
1779 1690 1872 1724 κατὰ
1904 1690 1973 1734 τὴν
1996 1689 2253 1736 Αἰγυπτιακὴν
2278 1689 2454 1733 διοίκησιν

234 1743 324 1765 συνα
359 1746 520 1777 ,αγματοα

366 1776 654 1822 (Enii-oyes.)
706 1775 756 1810 Τά
779 1780 904 1811 τοίνυν
928 1776 1166 1822 παραστάντα
1190 1777 1276 1820 ἡμῖν
1300 1782 1360 1812 καὶ
1384 1777 1443 1812 διὰ
1466 1777 1573 1812 τοῦδε
1594 1780 1657 1813 τοῦ
1684 1779 1785 1813 θείου
1811 1777 2013 1823 δηλούμενα
2035 1778 2147 1824 νόμου
2165 1779 2186 1823 ἡ
2204 1780 2248 1824 σὴ
2265 1778 2455 1821 ἐνδοξότης
2478 1784 2521 1816 30

233 1823 326 1867 ἔργῳ
346 1824 406 1854 καὶ
431 1824 559 1866 πέρατι
583 1833 635 1856 πα
662 1820 844 1864 αδοθῆναι
868 1824 927 1855 καὶ
951 1821 1284 1867 παραφυλαχθῆναι
1308 1821 1554 1867 προςταξάτω.
1602 1823 1685 1859 Dat.
1700 1824 1761 1860 VI.
1787 1824 1859 1859 kal.
1882 1824 1958 1859 Ian.
1986 1824 2054 1859 ΟΡ.
2079 1825 2165 1870 imp.
2192 1825 2248 1861 dn.
2265 1824 2455 1860 Iustiniani

233 1877 294 1911 pp.
319 1867 409 1910 Aug.
435 1875 528 1902 anno
553 1866 619 1901 XX
658 1866 723 1901 III.
750 1869 833 1911 post
857 1866 981 1902 Basilii
1004 1877 1057 1902 vc.
1085 1877 1184 1902 cons.
1211 1877 1305 1903 anno
1329 1867 1463 1904 XVIII.
2290 1872 2336 1911 [a.
2363 1871 2454 1910 559.]

234 2014 255 2047 1
301 2022 403 2047 nemo
424 2012 543 2057 possit
564 2022 634 2057 pro
660 2013 811 2047 obrussa
835 2011 927 2046 male
950 2012 1161 2057 excoqitata
1184 2011 1376 2063 quicquam
1400 2012 1557 2057 exiqere.
1605 2011 1679 2047 Sed
1700 2013 1807 2048 etiam
1831 2024 1960 2048 aurum
1978 2024 2050 2059 per
2065 2016 2267 2060 Aeqyptum
2283 2015 2452 2050 usitatum

234 2057 286 2091 sic
309 2057 346 2091 in
370 2056 617 2091 contractibus
640 2057 855 2102 computari,
880 2059 921 2091 ut
944 2056 1035 2091 illud
1057 2056 1158 2101 quod
1179 2067 1218 2090 m
1241 2055 1311 2091 hac
1333 2067 1467 2102 maqna
1490 2057 1659 2102 siqnatur
1682 2058 1786 2102 urbe;
1812 2058 1997 2093 observato
2021 2057 2090 2093 hoc
2107 2058 2275 2105 periculo
2299 2060 2375 2094 eius
2392 2061 2456 2105 qui

234 2112 378 2146 quoque
403 2105 469 2136 tem
499 2111 561 2136 ore
581 2101 794 2146 praefectus
817 2103 871 2135 est
893 2100 994 2146 apud
1011 2100 1281 2136 Alexandrinos
1303 2100 1507 2147 auqustalis
1530 2105 1566 2136 et
1589 2111 1683 2147 quae
1706 2104 1741 2137 ei
1759 2108 1894 2149 parent
1917 2101 2129 2139 cohortium.

368 2145 415 2180 11.
497 2147 641 2180 uoniam
671 2155 755 2181 vero
787 2150 899 2191 caput
927 2145 1077 2190 fraudis
1101 2148 1173 2180 tam
1190 2145 1459 2192 ponderatores
1482 2157 1589 2191 quam
1614 2148 1805 2182 monetarii
1827 2151 1922 2190 sunt,
1945 2147 2171 2183 iniunximus
2192 2148 2258 2190 illi,
2283 2148 2347 2194 qui
2369 2148 2454 2184 illos

234 2191 468 2236 maqistratus
491 2200 586 2225 nunc
605 2190 670 2225 sub
693 2189 927 2236 dispositione
951 2189 1068 2232 habet,
1093 2194 1132 2225 ut
1154 2190 1219 2225 sub
1244 2191 1340 2226 iusta
1363 2191 1532 2226 cautione
1554 2202 1617 2227 eos
1633 2193 1829 2228 constituat
1837 2205 1852 2234 ;
1874 2198 1916 2229 ut
1928 2203 1997 2239 per
2012 2192 2211 2229 absolutam
2227 2193 2454 2240 siqnaturam

235 2236 477 2271 contractibus
507 2235 704 2271 inserviant
734 2240 779 2278 et,
809 2235 842 2270 si
865 2234 1009 2280 qnando
1033 2235 1140 2270 etiam
1162 2236 1310 2281 siqnare
1334 2240 1511 2282 oporteat,
1544 2240 1682 2272 tantum
1705 2237 1915 2280 inscribant,
1948 2241 2122 2284 quantum
2144 2249 2270 2274 revera
2293 2243 2348 2274 est
2371 2239 2454 2273 auri

231 2281 366 2326 formis
397 2281 518 2315 iniecti
538 2280 695 2326 pondus,
727 2290 792 2316 nec
825 2280 930 2315 liceat
959 2280 1011 2315 eis
1034 2291 1053 2315 e
1076 2291 1173 2316 more
1194 2291 1386 2327 perperam
1410 2280 1584 2316 hactenus
1607 2286 1748 2317 servato
1769 2283 1854 2329 plus
1876 2282 2071 2318 inscribere
2093 2293 2202 2328 quam
2223 2293 2348 2319 revera
2371 2283 2455 2318 auri

232 2326 364 2370 formis
394 2325 515 2360 iniecti
542 2324 688 2371 pondus
713 2325 772 2361 sit.
821 2324 863 2360 Si
892 2325 981 2371 quid
1009 2326 1102 2360 enim
1135 2325 1207 2360 tale
1229 2326 1311 2360 ausi
1332 2326 1485 2371 fuerint,
1510 2329 1544 2361 et
1568 2327 1662 2362 bona
1686 2338 1808 2363 eorum
1830 2328 2058 2374 publicamus
2080 2331 2113 2363 et
2136 2329 2305 2374 corporis
2326 2328 2454 2373 poenis

234 2381 297 2404 eos
326 2369 529 2412 subicimus,
562 2371 698 2417 quippe
726 2371 791 2416 qui
821 2381 865 2405 ne
895 2373 980 2416 post
1011 2374 1172 2405 nostrum
1205 2369 1346 2415 quidem
1378 2371 1585 2406 mandatum
1611 2371 1655 2407 de
1676 2372 1859 2417 familiari
1880 2374 1970 2419 ipsis
1991 2372 2222 2419 improbitate
2244 2373 2453 2408 destiterint.

235 2414 308 2449 Sed
337 2415 443 2450 etiam
467 2425 626 2460 prorsus
655 2426 798 2451 necesse
826 2414 1004 2450 habebunt
1036 2426 1165 2450 aurum
1195 2415 1348 2460 inferre,
1381 2422 1452 2451 tum
1482 2416 1673 2462 praefecto
1705 2417 1806 2463 apud
1835 2417 2107 2454 Alexandrinos
2127 2418 2311 2464 auqustali
2334 2424 2369 2453 et
2391 2418 2454 2463 qui

234 2471 375 2505 quoque
408 2464 568 2506 tempore
599 2471 678 2495 eum
710 2461 962 2506 maqistratum
993 2464 1126 2506 qerunt
1156 2460 1193 2495 in
1225 2461 1406 2496 consuetis
1437 2461 1697 2503 emissionibus,
1731 2467 1804 2497 tum
1835 2462 2053 2499 alabarchae
2084 2466 2118 2497 et
2141 2464 2207 2508 qui
2223 2473 2319 2498 nunc
2342 2465 2455 2498 estet

234 2506 296 2550 qui
319 2509 473 2550 ⁸'quoque
513 2509 671 2551 tempore
708 2506 861 2550 futurus
891 2509 961 2547 est,
998 2510 1034 2540 et
1061 2515 1248 2541 sacrorum
1280 2510 1489 2542 nostrorum
1522 2506 1771 2542 thesaurorum
1796 2508 2032 2554 praeposito,
2068 2507 2169 2542 nullo
2198 2518 2354 2553 prorsus
2376 2518 2453 2555 pro

236 2549 387 2584 obrussa
410 2560 495 2585 acce
523 2554 559 2585 to
585 2550 697 2585 lucro.

367 2594 429 2629 111.
503 2599 538 2629 ta
571 2599 690 2630 autem
721 2606 799 2630 eum
831 2595 999 2630 iussimus
1027 2594 1121 2630 hanc
1143 2606 1218 2631 rem
1242 2605 1372 2630 curare
1394 2606 1538 2641 eosque,
1563 2597 1626 2642 qui
1642 2599 1733 2642 post
1755 2607 1833 2632 eum
1857 2596 2109 2642 maqistratum
2132 2596 2336 2643 suscepturi
2356 2600 2453 2638 sunt,

234 2643 268 2674 et
299 2638 463 2675 cohortes
495 2641 539 2674 iis
566 2644 756 2686 parentes,
789 2643 828 2675 ut
857 2641 984 2681 sciant,
1016 2640 1049 2675 si
1078 2651 1149 2686 pro
1183 2639 1334 2676 obrussa
1365 2645 1429 2676 aut
1452 2652 1475 2675 a
1498 2651 1685 2676 sacrarum
1709 2645 1916 2676 nostrarum
1940 2641 2231 2678 alabarchiarum
2250 2641 2453 2688 praesectis

235 2688 299 2718 aut
322 2695 345 2718 a
368 2695 555 2719 sacrarum
580 2689 786 2720 nostrarum
811 2685 1043 2730 larqitionum
1062 2695 1158 2731 prae
1186 2685 1277 2721 osito
1303 2686 1494 2731 quicquam
1514 2686 1615 2732 ipsos
1638 2686 1804 2732 exeqisse
1826 2686 2059 2731 manifestum
2079 2687 2165 2732 fiat,
2190 2687 2234 2722 de
2256 2687 2332 2721 suis
2353 2696 2392 2721 se
2414 2685 2454 2721 id

230 2740 410 2774 pensuros
432 2740 517 2773 esse,
555 2734 626 2765 tam
650 2741 700 2765 ex
723 2730 906 2776 deputatis
929 2730 1018 2775 ipsis
1038 2735 1074 2765 et
1096 2696 1301 2766 colssrtibus
1324 2731 1488 2772 annonis,
1521 2742 1629 2776 quam
1653 2742 1702 2767 ea:
1723 2730 1963 2776 facultatibus
1985 2732 2079 2774 suis,
2109 2742 2181 2767 non
2204 2731 2321 2766 solum
2340 2730 2454 2766 donec

234 2774 271 2807 in
294 2775 510 2819 maqz‘stratu
532 2775 684 2819 suerint,
715 2786 837 2811 verum
861 2775 968 2810 etiam
988 2778 1185 2820 postquam
1212 2786 1290 2810 eum
1315 2775 1558 2821 deposuerint,
1590 2780 1625 2811 et
1647 2776 1721 2811 sive
1744 2776 2034 2820 confessionibus
2055 2776 2202 2822 scriptis
2223 2775 2316 2811 hanc
2339 2776 2452 2821 maqi-

233 2822 370 2853 stratus
395 2823 538 2864 partem
569 2820 793 2866 susceperint
818 2820 892 2855 sive
923 2819 1030 2854 etiam
1061 2819 1154 2855 nihil
1182 2819 1358 2856 eiusmodi
1414 2821 1487 2856 acti
1515 2821 1604 2862 sint,
1635 2831 1714 2855 cum
1742 2821 1960 2866 praesertim
1991 2831 2036 2855 ne
2067 2824 2207 2856 vetusta
2240 2819 2382 2865 quidem
2404 2820 2452 2854 sit

235 2865 257 2898 1
305 2863 467 2904 obrussa,
498 2864 563 2899 sed
592 2875 615 2899 a
647 2864 906 2900 recentioribus
933 2875 1069 2900 exorsa
1101 2869 1168 2899 tem
1197 2864 1328 2900 oribus.
1405 2866 1449 2899 ed
1480 2866 1587 2900 etiam
1612 2865 1751 2907 ceteris,
1777 2865 1981 2910 quicunque
2003 2869 2228 2901 mercaturas
2248 2865 2395 2909 faciunt
2417 2867 2453 2900 et

235 2906 407 2942 hactenus
426 2908 517 2944 lucri
540 2908 680 2954 aliquid
703 2920 833 2956 capere
852 2913 1122 2953 consueverunt,
1172 2909 1373 2945 enuntiabis
1396 2910 1572 2953 similiter,
1602 2910 1634 2945 si
1654 2910 1742 2955 quid
1764 2911 1802 2944 in
1826 2910 2068 2945 contractibus
2089 2920 2160 2956 pro
2185 2909 2335 2944 obrussa
2359 2909 2451 2944 acci-

232 2963 320 2997 pere
351 2956 414 2987 aut
445 2954 481 2988 in
507 2955 685 2989 rationem
715 2955 884 2990 inducere
914 2954 1197 3000 comperiantur,
1230 2959 1264 2989 et
1295 2954 1468 2989 bonorum
1497 2955 1776 3001 publicationem
1808 2959 1843 2989 et
1866 2955 2030 3001 corporis
2051 2965 2192 3001 poenas
2213 2964 2251 2990 se
2270 2954 2452 2989 subituros

234 3007 320 3032 esse.
367 2997 455 3033 Rem
487 2999 579 3033 enim
610 3000 703 3034 male
733 3002 907 3046 coeptam,
939 3000 978 3033 in
1011 3003 1148 3034 tantum
1172 3010 1256 3036 vero
1274 3010 1513 3046 proqressam
1537 3005 1571 3035 et
1595 3000 1783 3035 universae
1803 2999 2023 3045 reipublicae
2045 3004 2231 3035 nocentem
2255 2998 2392 3034 aboleri
2414 2998 2453 3044 in

227 3046 415 3086 posterum
444 3044 629 3088 praesenti
660 3049 786 3080 nostra
817 3043 896 3090 leqe
926 3043 1096 3086 iubemus,
1129 3055 1194 3080 nec
1218 3043 1377 3090 posthac
1409 3049 1617 3081 contractus
1641 3045 1799 3087 turbare,
1828 3044 1893 3079 sed
1915 3045 1967 3080 ita
1991 3043 2061 3079 hoc
2084 3043 2267 3079 observari
2282 3042 2451 3089 periculo

228 3087 415 3131 praefecti
444 3088 544 3133 apud
566 3088 836 3124 Alexandrinos
866 3088 1070 3135 anqustalis
1100 3099 1296 3141 eorumque
1326 3091 1391 3134 qui
1413 3100 1556 3136 quoque
1581 3095 1741 3136 tempore
1763 3088 1913 3125 eundem
1936 3089 2188 3135 maqistratum
2211 3088 2349 3134 qesturi
2369 3090 2454 3138 sunt

234 3134 272 3208 εἰς
299 3133 487 3212 ιιί7·ι”ιι.ςῖρὲιε
517 3132 686 3176 cohortis,
716 3138 757 3169 ut
787 3133 843 3170 vel
872 3134 953 3180 ipsa
984 3134 1061 3169 eius
1091 3144 1264 3170 memoria
1289 3134 1528 3179 extinquatur
1557 3140 1592 3171 et
1624 3138 1724 3170 tanto
1755 3133 1886 3169 damno
1919 3138 2127 3170 contractus
2158 3134 2196 3168 in
2226 3134 2452 3179 Aeqyptiaca

234 3185 386 3211 cioecesi
424 3188 433 3211 i
459 3178 513 3212 eri
534 3178 616 3214 sint.

370 3220 405 3254 E
405 3221 456 3266 pi
464 3222 476 3256 l
484 3233 504 3256 ο
512 3233 605 3267 qus.
652 3222 752 3265 Quae
782 3223 895 3268 iyitur
918 3222 1020 3259 nobis
1037 3223 1260 3269 placuerunt
1283 3226 1320 3258 et
1339 3233 1407 3269 per
1431 3222 1525 3259 hanc
1547 3233 1690 3259 sacram
1715 3223 1948 3260 declarantur
1969 3224 2093 3269 leqem,
2117 3222 2239 3269 qloria
2264 3225 2326 3258 tua
2351 3221 2455 3267 operi

235 3263 447 3310 effectuique
472 3267 568 3301 tradi
590 3272 622 3302 et
646 3268 829 3304 observari
852 3268 981 3304 iubeto.

1378 3415 1419 3447 22
1441 3413 1668 3455 εἰθίσθησαν
1684 3416 1798 3456 Kroll]
1825 3414 1974 3448 εἴθισαν
1991 3415 2037 3447 Μ
2047 3414 2059 3457 ss
2078 3416 2119 3448 24
2141 3411 2209 3459 γὰρ
2229 3414 2306 3447 add.
2321 3413 2448 3445 Zacha-

1377 3460 1447 3492 riae
1465 3459 1477 3501 ΙΙ
1493 3461 1534 3492 25
1560 3456 1665 3502 ὑμῶν
1684 3459 1750 3497 Mn
1770 3461 1810 3494 27
1837 3456 2103 3500 ὃιοικησάντων
2123 3461 2166 3492 M
2178 3459 2190 3502 11
2207 3459 2248 3492 31
2273 3459 2393 3490 subscr.
2417 3455 2447 3487 d.

1378 3503 1435 3535 VI.
1461 3504 1493 3536 k.
1515 3504 1668 3537 iannuar.
1685 3505 1752 3546 ΜΙΙ
1770 3505 1847 3537 iust.
1872 3505 1907 3537 M
1923 3504 1935 3548 fl
1956 3506 1997 3538 32
2024 3503 2182 3536 XXXIII
2203 3501 2447 3545 Spanqenberq]

1376 3547 1479 3582 XVII
1505 3549 1548 3582 M
1561 3550 1572 3592 ΙΙ
1590 3549 1712 3582 basiliu
1738 3550 1784 3583 M
1794 3549 1806 3593 ΙΙ
1823 3560 1928 3583 conss.
1955 3549 2003 3581 M.

270 3411 300 3462 ‚8
333 3406 547 3452 δυναμένους
577 3413 775 3454 Zachariae]
801 3410 998 3456 δυναμένου
1023 3414 1069 3447 Μ
1078 3413 1090 3458 ss
1112 3416 1150 3449 11
1177 3411 1308 3454 αὐτοῖς]

238 3454 343 3495 αυτῆς
356 3455 401 3487 M
412 3455 424 3497 ΙΙ
444 3457 483 3489 12
500 3456 568 3489 νῦν
581 3465 656 3499 post
671 3457 725 3499 τῷ
742 3470 781 3491 τε
796 3459 874 3491 add.
888 3459 1075 3493 Zachariae
1091 3459 1103 3501 ΙΙ
1126 3461 1165 3493 13
1179 3461 1239 3492 καὶ
1254 3459 1307 3501 τῷ

238 3499 312 3529 add.
335 3500 440 3539 Kroll,
464 3497 486 3541 ἢ
510 3501 697 3535 Zachariae
719 3502 731 3546 ΙΙ
760 3505 802 3536 14
825 3505 1035 3546 πρεποσίτω
1060 3504 1103 3536 Μ
1118 3504 1130 3546 ΙΙ
1156 3506 1195 3537 17
1223 3516 1304 3547 αρα-

236 3543 398 3584 βαρχίων
421 3545 491 3585 (sic)
518 3545 563 3577 M
587 3547 696 3586 (antea
719 3559 796 3580 casu
822 3548 882 3580 lac.
906 3549 994 3581 2—3
1016 3549 1086 3590 litt.)
1121 3551 1133 3590 ΙΙ
1167 3550 1207 3582 18
1231 3550 1309 3581 ταῖς

235 3594 305 3627 post
327 3589 386 3619 καὶ
407 3595 436 3621 et
461 3589 498 3621 ἐκ
518 3597 592 3632 post
609 3587 648 3622 δὲ
665 3592 741 3624 add.
757 3592 943 3625 Zachariae
960 3591 972 3636 ΙΙ
991 3594 1028 3626 21
1056 3595 1233 3637 νεοτέρων
1247 3593 1309 3637 ΜΗ
