2618 4010
263 133 373 179 Nov.
401 134 565 179 XXVII
597 137 632 180 1.
663 137 688 177 2
1331 134 1409 182 210
2228 153 2288 184 DE
2318 151 2485 185 comm
2542 202 2544 204 V

261 258 364 290 μενοι
387 244 501 287 τάξιν,
533 249 593 280 καὶ
617 244 920 290 διακοσμήσαντες
944 245 1052 282 αὐτὰς
1077 243 1124 281 ὥς
1148 248 1254 294 ἐχρῆν
1279 250 1338 281 και·
1410 251 1552 283 tuentes
1585 247 1756 292 officium,
1789 256 2041 298 componentes
2072 261 2134 287 eas
2166 255 2207 286 ut
2231 251 2419 296 oportebat
2451 254 2486 287 et

261 289 401 344 ἑκάστῳ
430 288 555 346 θέντες
583 287 666 346 ἀντὶ
696 292 765 346 τῆς,
786 290 916 350 προῇην
939 295 1171 371 προςηγορίῖς
1196 291 1239 350 τὸ
1261 294 1339 327 τῶν
1409 292 1599 337 unicuique
1619 293 1757 373 lggntes
1792 305 1871 376 pff>d
1888 297 2009 341 prisca
2043 296 2283 377 appellatipnte
2318 296 2486 350 comitum

261 347 589 428 ’ἱῗῖίηὲᾝῗιῖῧᾲ
611 347 903 427 ἴέῗιῖοἴιβξῖι
914 340 1338 426 Ἠζέἔῗιέιέςαέἰῗὶιῖῖί
1409 348 1555 425 Ὓῖἒιῗὲζ
1588 348 1846 420 &efflet
1871 346 2486 423 &mittffttatitnffiffiffi

262 425 356 483 68:024
368 427 542 483 -Opyytac',
565 430 816 506 παρεπομένης
839 428 995 472 ἑκατέρῳ
1022 425 1190 468 [τούτων]
1217 424 1340 462 αὐτῶν
1374 431 1394 463 5
1439 427 1599 480 hrjsgiae‚
1633 431 1802 472 sequente
1826 431 2016 478 utrumque
2042 432 2169 468 horum
2193 434 2230 468 et
2253 433 2376 468 nostro
2401 441 2483 476 cog-

260 483 319 504 και
343 481 404 514 της
427 484 597 519 ημετερας
638 476 837 518 πωνυμίας.
1409 482 1562 508 nomme.

1270 562 1427 599 CAPUT
1451 563 1479 598 Ι.

311 619 422 653 Ἰοῦς-ο
442 617 487 663 δὴ
505 622 565 653 καὶ
586 620 677 654 κατὰ
697 619 765 664 τὴν
781 615 956 665 ’Ῑσαύρων
975 617 1184 666 πράττομεν
1203 616 1338 664 χώραν.
1454 619 1502 653 Et
1525 619 1592 655 hoc
1613 629 1755 665 quoque
1776 620 1814 655 in
1832 620 2038 657 Isaurorum
2058 623 2194 668 agimus
2213 624 2366 668 regione.
2401 622 2483 658 Non

258 661 301 698 οὗ
322 661 392 710 γὰρ
415 665 470 699 ἔτι
493 663 702 709 βουλόμεθα
733 664 799 700 τὸν
829 666 889 699 ἐπὶ
912 660 1044 707 ταύτης
1090 663 1257 709 ινόμενον
1280 665 1342 707 τῆς
1409 665 1502 699 enim
1535 665 1686 700 ulterius
1717 665 1879 701 volumus
1909 660 1970 710 qul
1999 667 2046 702 ad
2075 668 2168 704 hanc
2200 668 2392 704 accesserit
2420 667 2483 702 ad·

258 705 365 754 ἀρχῆς
387 706 526 745 διπλοῖς
551 723 575 753 χ
597 710 713 753 ἧσθαι
744 707 934 754 συμβόλοις
965 711 1025 743 καὶ
1072 709 1251 755 αμβάνειν
1273 711 1340 754 μὲν
1408 709 1703 746 ministrationem
1730 709 1932 755 duplicibus
1963 712 2017 746 uti
2049 714 2219 750 codicillis
2252 717 2289 749 et
2319 713 2484 758 accipere

257 756 319 788 καὶ
341 752 411 798 τὴν
433 756 494 798 τῆς
516 768 565 791 πο
588 757 699 799 ιτικῆς
729 753 835 801 ἀρχῆς
858 758 1107 802 προςηγορίαν,
1143 753 1340 799 λαμβάνειν
1356 758 1395 790 10
1409 755 1549 800 quidem
1562 759 1598 791 et
1610 756 1721 791 civilis
1736 755 1868 800 cinguli
1881 756 2168 802 appellationem,
2185 759 2349 804 accipere
2362 762 2482 794 autem

259 796 300 834 δὲ
331 802 394 834 καὶ
428 798 475 834 τὰ
505 801 567 844 τῆς
604 800 863 848 στρατιωτικῆς
898 798 1059 840 ἐξουσίας
1094 803 1240 844 σημεῖα,
1280 803 1339 833 καὶ
1408 802 1444 835 et
1467 800 1629 836 militaris
1653 802 1844 845 potestatis
1864 801 2025 846 insignia,
2049 804 2087 838 et
2105 814 2234 840 nomen
2255 803 2483 840 circumferre

257 842 374 890 ὄνομα
394 848 600 892 περιφέρειν
619 843 774 880 διπλοῦν
794 844 1002 891 πράγματος
1021 843 1125 879 ὄντος
1144 841 1233 887 ἑνός,
1257 842 1336 879 ἀλλ)
1408 845 1541 890 duplex
1565 856 1677 882 causa
1698 846 1871 882 existente
1895 852 1978 888 una,
2003 847 2066 882 sed
2090 848 2158 883 hoc
2179 849 2258 894 ipso
2277 860 2385 884 unam
2405 858 2482 883 esse

259 886 421 925 αὐτόθεν
442 894 530 936 μίαν
553 891 647 925 εἶναι
677 891 744 934 τὴν
768 888 878 936 ἀρχὴν
903 887 1003 934 αὐτῷ
1027 890 1194 934 τίθεμεν,
1226 888 1340 933 αὐτὴν
1407 891 1749 927 administrationem
1773 892 1867 927 hanc
1891 892 2068 937 ponimus,
2097 893 2211 937 ipsam
2235 895 2376 940 quidem
2398 903 2482 939 pro-

255 936 324 979 μὲν
341 937 571 982 προνοοῦσαν
593 937 671 970 τῶν
688 932 825 976 ὅπλων,
851 932 965 978 αὐτὴν
989 933 1029 969 δὲ
1053 936 1132 969 τῶν
1152 932 1338 980 δημοσίων
1407 936 1583 972 videntem
1607 947 1797 979 armorum,
1822 937 1937 982 ipsam
1960 948 2042 973 vero
2060 937 2200 974 fiscalia
2219 940 2481 984 suscipientem,

255 978 629 1026 ἀντιλαμβανομένην,
655 978 802 1016 ἅπαντα
820 978 861 1014 δὲ
879 982 1031 1022 ἔχουσαν
1051 977 1115 1026 ὑφ’
1137 981 1257 1028 ἑαυτῇ,
1277 983 1336 1014 καὶ
1353 983 1392 1016 15
1407 982 1525 1017 omnia
1545 985 1664 1017 autem
1684 982 1875 1018 habentem
1894 982 1961 1018 sub
1978 993 2027 1026 se,
2050 986 2086 1018 et
2104 994 2175 1018 uno
2193 986 2348 1020 utentem
2362 983 2481 1020 officio

255 1026 323 1069 μιᾷ
352 1028 543 1071 χρωμένην
574 1025 672 1066 τάξει
703 1027 902 1072 κομητιανῇ
938 1038 978 1059 τε
1010 1029 1336 1072 προςαγορευομένη
1406 1026 1598 1062 comitiano
1623 1027 1847 1072 appellando,
1873 1032 1909 1063 et
1929 1028 2163 1071 accipientem
2187 1030 2394 1074 probatoria
2417 1029 2481 1063 mi-

255 1074 316 1104 καὶ
350 1072 564 1118 κομιζομένῃ
600 1069 646 1104 τὰ
680 1069 844 1115 σύμβολα
878 1070 940 1114 τῆς
975 1075 1165 1115 στρατείας
1198 1073 1236 1105 ἐκ
1273 1063 1334 1106 ttoi>
1403 1072 1501 1107 litiae
1524 1082 1547 1107 a
1567 1082 1670 1108 sacro
1691 1073 1890 1108 libellorum
1915 1073 2058 1108 scrinio.
2098 1073 2180 1108 Erit
2200 1079 2319 1108 autem
2337 1078 2373 1109 et
2392 1074 2482 1109 haec

255 1116 361 1150 θείου
391 1117 470 1150 τῶν
501 1114 677 1160 λιβέλλων
708 1119 879 1163 σκρινίου.
929 1114 1054 1150 Ἔσται
1084 1113 1125 1150 δὲ
1155 1120 1216 1150 καὶ
1246 1112 1335 1160 αὐτὴ
1404 1117 1548 1153 omnino
1573 1118 1649 1153 sine
1674 1117 1861 1162 suffragio,
1890 1123 1925 1154 et
1947 1129 2020 1154 non
2043 1119 2230 1163 praebebit
2252 1119 2482 1163 pecuniarum

255 1159 443 1195 παντελῶς
472 1159 643 1206 ἄμισθος,
676 1165 737 1196 καὶ
768 1161 809 1195 οὗ
832 1160 981 1206 παρέξει
1011 1159 1206 1209 χρημάτων
1237 1158 1334 1195 οὔδε·
1403 1163 1515 1198 ullum
1540 1163 1772 1206 commodum,
1804 1165 1868 1200 sed
1892 1164 1928 1199 et
1950 1164 2030 1209 ipsa
2053 1164 2152 1208 puris
2176 1168 2296 1199 utetur
2318 1164 2482 1199 manibus

253 1209 343 1249 μίαν
370 1203 485 1250 δόσιν,
521 1203 610 1241 ἀλλὰ
639 1210 699 1241 καὶ
732 1202 823 1250 αὐτὴ
848 1205 1028 1252 καθἀραῖς
1055 1204 1226 1253 χρήσεται
1259 1210 1336 1241 ταῖς
1348 1210 1390 1243 20
1404 1208 1498 1243 sicut
1521 1212 1670 1244 ceterae.
1718 1208 1768 1243 Et
1791 1209 1970 1244 mittemus
2002 1209 2108 1243 etiam
2139 1209 2185 1244 ad
2215 1219 2294 1245 eam
2321 1219 2437 1254 nuper
2460 1219 2483 1244 a

252 1253 352 1298 χερσὶ
371 1249 542 1299 καθάπερ
566 1251 607 1286 αἱ
625 1251 760 1287 λοιπαί.
810 1253 870 1285 καὶ
900 1254 1184 1297 καταπέμψομέν
1212 1265 1252 1299 γε
1276 1255 1335 1286 καὶ
1402 1254 1506 1289 nobis
1531 1254 1706 1298 prolatam
1729 1254 1859 1298 legem,
1891 1253 2055 1289 dabimus
2082 1258 2202 1289 autem
2233 1254 2266 1290 ei
2290 1265 2399 1299 super
2423 1263 2481 1289 co—

252 1294 344 1343 πρὸς
367 1294 481 1340 αὐτὴν
505 1296 572 1332 τὸν
594 1299 741 1345 ἔναγχος
763 1294 853 1343 παρ’
881 1293 983 1341 ἡμῶν
1007 1296 1253 1342 πεφοιτηκότα
1277 1297 1335 1332 νό-
1403 1298 1553 1341 dicillos,
1587 1299 1649 1343 qui
1672 1309 1751 1334 eum
1783 1299 2039 1344 spectabilibus
2070 1300 2269 1335 inscribant
2291 1299 2479 1341 iudicibus,

251 1351 338 1386 μον·
374 1339 542 1388 δώσομεν
573 1340 614 1377 δὲ
637 1341 727 1390 αὐτῇ
751 1342 840 1388 πρὸς
869 1345 942 1376 τοῖς
966 1339 1200 1385 κωὸικίλλοις,
1231 1343 1334 1388 οἵπερ
1403 1344 1510 1379 etiam
1540 1344 1658 1379 divina
1688 1349 1882 1390 praecepta
1913 1342 2018 1386 (baec
2041 1348 2161 1380 autem
2191 1345 2359 1380 mandata
2382 1344 2480 1390 prin·

252 1384 365 1422 αὐτὸν
384 1390 459 1422 τοῖς
485 1386 753 1433 σπεκταβιλίοις
773 1386 1016 1435 ἐγγράψουσιν
1035 1386 1192 1433 ἄρχουσι,
1212 1390 1272 1421 καὶ
1289 1389 1335 1421 τὰ
1404 1389 1493 1433 cipis
1525 1391 1562 1424 et
1593 1390 1639 1423 ab
1664 1389 1819 1433 antiquis
1843 1388 2026 1425 nominata
2055 1394 2140 1426 sunt
2171 1393 2208 1426 et
2237 1401 2260 1425 a
2291 1389 2395 1425 nobis
2420 1390 2479 1424 de-

251 1432 340 1466 θεῒα
362 1431 655 1481 παραγγέλματα,
679 1434 799 1468 ταῦτα
822 1431 867 1476 δὴ
897 1431 943 1467 τὰ
965 1430 1180 1476 μανδάτα
1203 1445 1334 1478 πριν-
1348 1435 1389 1468 25
1403 1444 1474 1469 nuo
1507 1434 1543 1468 in
1573 1434 1829 1478 rempublicam
1860 1434 2095 1477 introducta),
2127 1445 2173 1470 ex
2205 1435 2333 1480 quibus
2357 1435 2479 1475 discet,

251 1481 378 1513 κίπις
400 1479 499 1524 παρά
517 1492 558 1513 τε
576 1482 650 1514 τοῖς
666 1475 826 1524 ἀρχαίοις
851 1475 1102 1522 ὀνομαζόμενα
1122 1475 1213 1520 παρ’
1230 1477 1334 1522 ἡμῶν
1403 1479 1486 1524 quia
1509 1479 1762 1524 providendum
1788 1479 1822 1514 ei
1844 1480 1891 1514 sit
1914 1481 1951 1515 et
1972 1480 2147 1516 fiscalium
2172 1481 2328 1515 omnium
2352 1484 2388 1515 et
2407 1480 2479 1524 pri-

250 1536 292 1558 τε
310 1516 419 1558 αὖθις
438 1525 486 1559 εἰς
503 1523 692 1559 πολιτείαν
711 1523 969 1567 εἰςενεχθέντα,
991 1523 1031 1563 ἐξ
1051 1520 1105 1557 ὡν
1124 1521 1332 1567 μαθήσεται
1401 1527 1564 1559 vatorum
1596 1525 1914 1560 instrumentorum
1949 1528 1985 1560 et
2016 1524 2227 1570 disciplinae
2262 1524 2408 1560 alterius
2444 1526 2481 1559 et

250 1565 309 1604 ὅτι
332 1572 555 1615 προνοητέον
587 1567 687 1613 αὐτῷ
711 1569 916 1612 καθέστηκε
948 1570 1008 1602 καὶ
1037 1569 1115 1602 τῶν
1148 1566 1333 1613 δημοσίων
1401 1573 1442 1604 ut
1475 1569 1513 1605 in
1548 1569 1647 1605 nullo
1682 1570 1846 1605 laedatur
1881 1569 2009 1606 fiscus:
2049 1573 2085 1606 et
2120 1570 2328 1615 simpliciter
2363 1569 2479 1606 omnia

250 1611 428 1649 ἁπάντων
463 1617 523 1648 καὶ
553 1616 633 1650 τῶν
664 1612 864 1649 ἰδιωτικῶν
899 1611 1142 1657 συμβολαίων,
1178 1616 1237 1647 καὶ
1270 1615 1333 1656 τῆς
1401 1625 1493 1659 quae
1517 1618 1720 1660 competens
1754 1619 1808 1651 est
1839 1625 1921 1651 eum
1944 1612 2062 1651 facere
2089 1616 2172 1651 inde
2197 1615 2229 1651 ei
2252 1615 2343 1651 fiunt
2367 1614 2475 1650 mam‘·

249 1655 438 1704 σῦκοσμίας
466 1660 528 1704 τῆς
558 1659 676 1703 ἄλλης,
707 1663 767 1694 καὶ
797 1661 862 1694 τοῦ
892 1658 985 1694 κατὰ
1014 1656 1127 1703 μηδὲν
1150 1657 1332 1703 βλαβῆναι
1346 1662 1388 1695 30
1400 1661 1503 1696 festa.

247 1703 292 1740 τὸ
310 1702 501 1750 δημόσιον·
531 1707 592 1740 καὶ
614 1703 739 1740 ἁπλῶς
762 1701 911 1740 ἅπαντα
933 1701 1003 1739 ὅσα
1032 1702 1208 1751 προςῆκόν
1232 1706 1333 1739 ἐστιν

249 1747 361 1786 αὐτὸν
384 1753 502 1787 ποιεῖν
526 1751 670 1786 ἐκεῖθεν
694 1747 795 1795 αὐτῷ
819 1749 1010 1798 γενήσεται
1035 1746 1184 1795 φανερά.

1252 1840 1408 1877 CAPUT
1433 1841 1479 1877 11.

295 1896 403 1933 Ἴστω
434 1896 474 1933 δὲ
501 1897 617 1943 μόνον
647 1899 833 1940 τοσοῦτον,
869 1895 926 1933 ὅτι
958 1902 1018 1933 καὶ
1051 1895 1156 1933 αὐτὸς
1188 1900 1229 1933 ἐν
1258 1901 1332 1932 τοῖς
1446 1897 1544 1932 Sciat
1569 1899 1688 1932 autem
1712 1898 1843 1942 solum,
1875 1897 1960 1942 quia
1982 1900 2018 1932 et
2041 1898 2117 1942 ipse
2147 1897 2240 1933 inter
2263 1899 2477 1944 spectabiles

249 1957 332 1990 περι
359 1943 502 1980 λέπτοις
520 1943 666 1990 ἄρχουσι
688 1946 870 1985 τέτακται,
895 1947 955 1977 καὶ
976 1945 1054 1978 τῶν
1074 1946 1234 1989 ἐφέσεων
1252 1945 1331 1978 τῶν
1399 1943 1536 1978 iudices
1560 1942 1746 1978 ordinatus
1771 1946 1836 1985 est,
1866 1948 1902 1978 et
1925 1943 2184 1988 appellationes
2207 1944 2253 1979 ab
2276 1944 2337 1979 illo
2360 1944 2477 1979 factas

248 2002 325 2036 παρ
375 1991 512 2023 ἐκείνου
540 1991 745 2036 γινομένων
779 1989 818 2022 οἵ
843 2001 884 2023 τε
916 1987 1148 2030 ἐνδοξότατοι
1179 1991 1330 2035 ἔπαρχοι
1344 1991 1386 2024 35
1401 1991 1437 2023 et
1451 1987 1697 2032 gloriosissimi
1716 1988 1890 2033 praefecti
1911 1995 2094 2023 sacrorum
2110 1993 2312 2024 nostrorum
2330 1989 2478 2025 audient

246 2036 328 2070 τῶν
351 2032 460 2082 ἱερῶν
487 2031 592 2078 ἡμῶν
622 2031 863 2081 ἀκροάσονται
892 2038 1131 2081 πραιτωρίων
1161 2031 1183 2069 ὅ
1212 2047 1252 2069 τε
1276 2036 1329 2068 ἐν·
1399 2033 1659 2079 praetoriorum
1683 2037 1718 2068 et
1740 2033 2018 2078 gloriosissimus
2042 2038 2165 2069 noster
2181 2038 2359 2079 quaestor,
2384 2034 2478 2070 sicut

249 2077 442 2120 δοξότατος
457 2077 562 2124 ἡμῶν
579 2083 788 2126 κοιαίστωρ,
805 2078 976 2126 καθάπερ
993 2076 1252 2126 αὖγουσταλίου
1270 2082 1330 2114 καὶ
1399 2079 1596 2123 augustalis
1637 2082 1672 2113 et
1709 2079 1933 2123 proconsulis
1974 2077 2088 2113 utrius
2115 2089 2160 2113 ue
2199 2083 2235 2114 et
2271 2082 2477 2124 praetorum

247 2123 467 2161 ἀνθυπάτου
485 2127 546 2158 καὶ
563 2121 788 2172 πραιτώριον
805 2125 921 2172 τριῶν
937 2125 1016 2159 τῶν
1031 2126 1099 2159 νῦν
1116 2122 1206 2171 παρ’
1226 2122 1330 2169 ἡμῶν
1397 2124 1504 2159 trium
1534 2134 1630 2158 nunc
1661 2133 1683 2157 a
1714 2123 1819 2159 nobis
1853 2127 2068 2159 statutorum
2092 2090 2248 2159 {isidiae
2279 2128 2314 2160 et
2336 2125 2476 2170 Lycao-

248 2167 555 2217 ἐγκαταστάντων
577 2167 730 2213 Πισιδία
752 2182 793 2204 τε
823 2173 884 2203 καὶ
906 2172 1098 2213 Λυκαονία
1121 2173 1181 2204 καὶ
1206 2169 1327 2216 Θράκῃ
1395 2169 1478 2204 niae
1502 2171 1609 2213 atque
1634 2168 1811 2204 Thraciae
1841 2173 1876 2204 et
1908 2168 2045 2204 comitis
2071 2169 2239 2211 Orientis,
2271 2169 2417 2214 insuper
2440 2173 2477 2204 et

242 2257 418 2294 stratibus
445 2257 549 2294 unito
579 2261 616 2293 et
643 2268 718 2293 uno
748 2257 874 2302 officio
905 2254 1115 2296 constituto,
1145 2253 1262 2298 iisque
1286 2252 1340 2287 uti
1356 2264 1435 2300 par
1464 2257 1546 2289 erat
1576 2252 1767 2289 exornatis
1796 2256 1905 2300 atque
1933 2254 2078 2299 utrique
2098 2266 2169 2301 pro
2191 2254 2321 2301 priore
2350 2252 2474 2300 appel-

245 2307 383 2343 latione
398 2306 566 2342 comitum
584 2304 730 2340 nomine
747 2303 847 2347 dato,
867 2307 911 2339 ut
929 2303 1023 2339 alter
1042 2313 1161 2339 comes
1175 2300 1342 2338 Galatiae
1357 2302 1505 2348 primae
1528 2301 1789 2347 appellaretur,
1808 2301 1903 2337 alter
1920 2312 2038 2337 comes
2052 2295 2275 2337 Pacatianae
2286 2300 2474 2348 Pkryqiae

244 2353 507 2393 nominaretur,
533 2361 578 2386 ac
595 2354 795 2396 praeterea
818 2349 964 2395 utrique
988 2359 1113 2384 eorum
1136 2353 1300 2383 nostrum
1324 2358 1469 2399 quoque
1493 2357 1694 2392 coqnomen
1714 2346 1909 2382 accederet.
2412 2391 2419 2398 .
2451 2391 2458 2398 ·

379 2397 408 2432 Ι.
455 2395 539 2432 Ηοο
562 2396 676 2442 iqitur
698 2394 742 2430 de
762 2393 977 2430 Isaurorum
1028 2404 1146 2440 uoque
1167 2393 1360 2440 provincia
1383 2392 1534 2438 aqimus.
1583 2391 1710 2438 Neque
1732 2392 1825 2427 enim
1847 2391 2004 2438 amplius
2027 2401 2106 2427 eum
2130 2391 2193 2438 qui
2216 2390 2300 2426 huic
2322 2390 2473 2426 admini-

244 2442 420 2479 strationi
441 2444 595 2489 praeest
623 2440 829 2487 duplicibus
858 2439 994 2486 insiqni
1018 2450 1062 2474 us
1094 2439 1147 2474 uti
1178 2438 1352 2481 volumus,
1385 2441 1426 2472 ut
1457 2437 1616 2482 accipiat
1649 2440 1686 2472 et
1708 2437 1823 2473 civilis
1854 2438 2092 2484 maqistratus
2125 2435 2405 2484 appellationem
2438 2440 2475 2472 et

245 2488 416 2524 militaris
438 2486 638 2534 potestatis
665 2485 775 2532 siqna
802 2488 924 2532 atque,
955 2495 1035 2520 cum
1058 2495 1134 2519 una
1168 2494 1228 2519 res
1256 2483 1322 2526 sit,
1355 2482 1495 2528 duplex
1526 2493 1656 2518 nomen
1677 2482 1797 2527 serat,
1827 2482 1893 2517 sed
1908 2482 2083 2528 protinus
2112 2490 2222 2516 unum
2253 2481 2331 2517 eius
2359 2483 2472 2527 mayr·-

244 2537 401 2570 stratum
427 2531 629 2574 reddimus,
664 2531 729 2579 qui
756 2529 850 2567 idem
882 2535 919 2566 et
947 2530 1059 2565 armis
1083 2528 1295 2576 prospiciat
1324 2531 1360 2564 et
1392 2527 1534 2563 tributis
1565 2538 1715 2573 operam
1746 2527 1807 2563 det
1838 2528 2028 2574 omniaque
2057 2526 2123 2562 sub
2153 2537 2193 2562 se
2223 2526 2302 2573 ipse
2331 2525 2472 2567 habeat,

241 2583 351 2626 atque
367 2589 440 2614 uno
461 2583 588 2615 utatur
610 2579 751 2625 officio,
776 2578 877 2624 quod
899 2578 1132 2613 comitianum
1151 2582 1301 2613 vocetur
1323 2580 1359 2612 et
1376 2576 1525 2611 militiae
1544 2575 1704 2622 insiqnia
1719 2586 1770 2611 ex
1792 2586 1900 2611 sacro
1920 2576 2122 2612 libellorum
2145 2576 2280 2612 scrinio
2300 2575 2470 2620 accipiat.

241 2627 326 2663 Fiet
346 2629 466 2661 autem
486 2628 523 2660 et
543 2625 622 2671 ipse
646 2625 792 2659 omnino
816 2624 993 2670 yratusto,
1015 2634 1082 2659 nec
1105 2624 1216 2659 ullam
1240 2623 1444 2670 praestabit
1457 2623 1640 2670 pecuniae
1664 2623 1912 2669 tarqitionem,
1942 2633 2063 2658 verum
2093 2623 2172 2669 ipse
2195 2633 2339 2674 quoque
2392 2623 2470 2658 uris

241 2676 364 2708 utetur
383 2669 549 2706 manibus
571 2668 872 2716 quemadmodum
896 2668 965 2704 reli
991 2669 1038 2704 ui.
1093 2669 1147 2704 Ac
1171 2669 1351 2704 mittemus
1373 2668 1424 2704 ad
1445 2679 1525 2704 eum
1552 2668 1672 2714 ipsum
1695 2678 1767 2713 quo
1795 2679 1839 2703 ue
1863 2667 1896 2703 le
1922 2678 1975 2703 em
2007 2678 2124 2714 nuper
2153 2677 2176 2702 a
2199 2666 2303 2702 nobis
2324 2679 2344 2703 e
2369 2668 2468 2710 itam,

241 2716 406 2753 dabimus
437 2718 556 2751 autem
588 2715 621 2750 ei
646 2718 801 2761 praeter
829 2713 963 2749 codicil
977 2725 1038 2757 OS,
1070 2714 1132 2760 qui
1155 2725 1236 2749 eum
1267 2713 1523 2761 spectabilibus
1553 2713 1760 2765 maqistrati
1784 2723 1827 2747 us
1859 2724 1882 2747 a
1907 2712 2074 2754 scribent,
2099 2713 2207 2748 etiam
2230 2723 2338 2748 sacra
2388 2724 2467 2748 rae-

241 2767 360 2809 cepta,
391 2760 458 2796 illa
481 2759 625 2807 quidem
649 2770 744 2806 quae
766 2758 940 2794 mandata
960 2759 1144 2806 principis
1174 2764 1212 2795 et
1234 2759 1336 2806 apud
1360 2763 1498 2795 veteres
1519 2762 1755 2794 nominantur
1778 2762 1813 2793 et
1835 2768 1859 2792 a
1879 2757 1983 2792 nobis
2009 2757 2048 2792 in
2071 2754 2327 2804 rempublicam
2375 2769 2468 2794 enuo

240 2806 453 2844 introducta
480 2809 577 2848 sunt,
608 2815 659 2840 ex
688 2804 818 2850 quibus
841 2804 955 2839 discet
987 2815 1111 2840 curam
1142 2804 1214 2839 sibi
1242 2803 1422 2851 aqendam
1451 2814 1528 2839 esse
1559 2807 1597 2839 et
1619 2802 1848 2849 publicorum
1879 2803 2036 2837 omnium
2067 2807 2102 2838 et
2123 2803 2357 2848 privatorum
2385 2813 2468 2839 con·

242 2855 422 2888 tractuum
451 2854 486 2887 et
515 2850 679 2896 reliquae
709 2849 923 2897 disciplinae
953 2861 1041 2886 neve
1068 2850 1107 2884 in
1138 2849 1215 2885 ulla
1246 2860 1287 2885 re
1313 2850 1426 2895 fiscus
1455 2848 1641 2884 laedatur:
1675 2852 1711 2884 et
1733 2858 1779 2883 ne
1801 2847 1932 2889 multa,
1965 2847 2086 2883 omnia
2118 2856 2364 2893 quaecumque
2388 2859 2468 2884 eum

238 2909 313 2946 par
334 2901 391 2933 cst
432 2907 538 2932 acere
559 2894 645 2931 inde
665 2894 721 2930 illi
740 2895 831 2940 fient
852 2896 1059 2940 manifesta.

416 2968 425 2978 .
477 2939 592 2977 Unum
608 2951 693 2977 vero
715 2939 783 2976 hoe
801 2941 894 2976 sciat
911 2951 951 2975 se
972 2941 1092 2987 ipsum
1110 2951 1183 2986 quo
1209 2951 1254 2975 ue
1275 2940 1314 2974 in
1337 2939 1585 2986 spectabilium
1605 2938 1883 2985 maqistratuum
1906 2948 2054 2972 numero
2074 2936 2290 2972 collocatum
2307 2948 2394 2979 esse,
2413 2942 2467 2973 at·

242 2999 313 3036 que
330 2987 376 3023 de
393 2985 703 3036 appellationibus
725 2996 819 3032 quae
839 2985 883 3021 ab
902 2986 985 3032 ipso
1003 2986 1096 3030 sient
1114 2989 1150 3021 et
1167 2996 1193 3037 q
1209 2984 1452 3020 oriosissimos
1463 2985 1681 3031 praefectos
1699 2993 1807 3018 sacro
1828 2987 1954 3018 nostro
1975 2982 2167 3028 praetorio
2191 2985 2240 3034 et·
2274 2979 2466 3018 loriosissi-

241 3043 339 3069 mum
360 3036 590 3079 quaestorem
612 3035 777 3067 nostrum
801 3031 1015 3077 coynituros
1034 3041 1124 3073 esse,
1147 3034 1242 3066 szcut
1257 3030 1304 3075 fit
1324 3030 1364 3064 in
1383 3029 1571 3081 auqustali
1595 3034 1632 3065 et
1645 3027 1867 3080 proconsule
1889 3032 1926 3063 et
1945 3027 2058 3063 tribus
2070 3031 2237 3079 praetori
2262 3035 2306 3079 τις
2323 3038 2347 3062 a
2364 3028 2468 3064 nobis

241 3089 340 3115 nunc
367 3078 408 3113 in
430 3076 571 3112 Pisidia
602 3080 640 3112 et
660 3075 850 3123 Lycaonia
880 3080 917 3112 et
938 3075 1096 3111 Thracia
1127 3075 1333 3111 constitutis
1364 3079 1401 3110 et
1430 3085 1467 3109 in
1497 3075 1626 3110 comite
1651 3074 1807 3110 Orientis
1837 3083 1882 3108 ac
1904 3076 2100 3119 praeterea
2131 3083 2169 3107 m
2200 3076 2329 3108 comite
2351 3071 2466 3108 Paca-

290 3162 305 3194 1
331 3160 391 3192 καὶ
415 3154 591 3200 διακοσμ.]
613 3159 674 3190 καὶ
697 3170 756 3190 om.
770 3168 790 3193 ς
805 3156 819 3199 ΙΙ
837 3158 856 3190 3
877 3153 1069 3190 καλεῖσθαι
1086 3153 1231 3201 πρώτης
1255 3156 1320 3195 Le]
1391 3151 1483 3188 ὃάτα
1505 3156 1689 3199 πρινκίπις
1709 3149 1788 3195 ἦτοι
1806 3149 1851 3185 τά
1870 3150 2039 3194 βασιλικὰ
2055 3148 2261 3195 ἐντάλματα
2276 3153 2322 3186 Μ
2337 3150 2383 3185 τὰ
2400 3154 2465 3195 βα-

242 3217 302 3240 om.
316 3204 361 3238 M
383 3203 397 3248 Ι
413 3205 433 3237 5
458 3200 601 3237 τούτων
625 3199 749 3235 αὐτῶν
772 3202 846 3235 ML
880 3202 998 3234 horum
1024 3214 1060 3240 ς;
1093 3197 1250 3234 ‘voutam
1272 3200 1323 3234 vel
1390 3197 1508 3233 σιλικά
1527 3196 1734 3242 ἐντάλματα
1746 3197 1783 3231 Β
1798 3198 1810 3238 ΙΙ
1829 3198 1871 3231 26
1881 3210 1929 3240 sq.
1950 3199 2024 3230 τοῖς
2043 3193 2202 3242 ἀρχαίοις
2220 3216 2264 3222 -
2279 3194 2464 3231 πολιτείαν

243 3247 368 3284 αὐτῶν
381 3245 539 3282 abundat'
556 3247 744 3282 Zachariae
761 3247 774 3291 ΙΙ
791 3249 809 3280 7
832 3243 877 3288 δὴ
893 3260 950 3281 οιιι.
963 3247 997 3280 L
1046 3247 1086 3280 13
1107 3242 1220 3288 αὐτῷ]
1235 3246 1321 3278 hano
1391 3259 1449 3279 om.
1464 3246 1497 3279 L
1520 3245 1533 3289 ΙΙ
1557 3247 1598 3279 28
1623 3239 1748 3277 αὐτῶν
1770 3241 1818 3276 L¹
1835 3241 1848 3285 ΙΙ
1870 3241 2084 3284 καθέστηκε]
2107 3239 2198 3276 καθ’
2213 3242 2367 3276 ἕκαστον
2388 3239 2461 3273 Ha·

243 3294 291 3339 ςΙΙ
312 3297 352 3328 15
373 3288 440 3339 ὑφ’
461 3291 570 3336 ἑαυτῆ
595 3293 744 3335 Mum]
769 3288 831 3337 ὑφ’
855 3288 986 3333 ἑαυτὴν
1048 3291 1097 3325 L²
1114 3290 1126 3335 ΙΙ
1152 3293 1191 3325 16
1215 3302 1321 3334 κομη-
1390 3291 1526 3324 loander
1543 3289 1556 3335 ΙΙ
1581 3292 1623 3324 29
1647 3290 1707 3322 καὶ
1731 3286 1802 3330 τῆς]
1827 3289 1887 3320 καὶ
1911 3301 1969 3320 om.
1985 3288 2020 3320 B
2038 3287 2051 3332 ΙΙ
2074 3290 2115 3322 33
2140 3287 2313 3321 τοσοῦτον
2335 3297 2393 3319 om.
2408 3294 2429 3320 ς
2450 3283 2464 3330 fl

241 3339 351 3387 τιανῇ
372 3350 414 3373 τε
437 3327 558 3380 Ε’ΒςῘ
580 3334 800 3381 κομητιανῆν
820 3349 860 3371 τε
886 3336 974 3370 ML²
991 3336 1003 3380 ΙΙ
1027 3336 1320 3382 προςαγορευομέ·
1390 3336 1432 3369 35
1456 3330 1636 3381 1””ὗ’παρχοι
1660 3333 1771 3367 MLB
1789 3331 1801 3376 ΙΙ
1823 3334 1865 3367 36
1890 3330 2120 3373 ἐνδοξότατοι
2143 3333 2175 3366 L

242 3398 311 3427 νην
331 3384 378 3418 Μ
385 3385 399 3426 fl
420 3386 459 3418 17
483 3383 695 3429 κομιζομόνῃ
716 3383 763 3424 Β]
787 3383 1025 3425 κομιζομένην
1050 3382 1170 3423 ML(4.-)
1188 3384 1200 3424 ΙΙ
1217 3390 1323 3437 στρα·
1390 3391 2455 3403 ———————-————-—-———--·

244 3430 323 3462 τιᾶς
345 3427 416 3487 BQ
433 3431 471 3464 18
495 3429 575 3462 ἔστι
597 3427 664 3472 ΒΙ]
690 3429 751 3461 καὶ
772 3423 862 3470 αὕτη
886 3428 918 3461 L
937 3426 942 3470 Ι
975 3429 1016 3461 20
1040 3421 1129 3459 ἀλλὰ
1151 3428 1212 3459 καὶ
1231 3423 1323 3467 αυτὴ
1435 3427 1456 3458 4
1478 3427 1687 3467 pagatianem
1714 3424 1749 3458 V
1766 3423 1779 3466 ΙΙ
1806 3426 1825 3458 5
1851 3424 1949 3464 srlgle
1972 3424 2046 3457 libri
2069 3422 2083 3466 ΙΙ
2112 3424 2136 3472 7·
2153 3420 2200 3453 Et
2222 3430 2280 3452 om.
2303 3417 2368 3469 Τ]
2393 3418 2459 3450 his-

247 3474 313 3514 Be]
336 3470 403 3508 ἄλλ
431 3470 522 3516 αὐτῆ
547 3474 658 3508 addito
672 3486 698 3506 ε.
711 3485 740 3506 v.
754 3474 814 3505 καὶ
827 3473 871 3506 Μ
890 3468 935 3506 ἀλ
959 3468 969 3482 ’
985 3467 1076 3514 αὐτὴ
1098 3471 1128 3505 L
1144 3471 1157 3515 ΙΙ
1175 3473 1213 3505 21
1242 3471 1320 3518 *γε]
1388 3478 1545 3502 aurorum
1566 3468 1654 3512 VTn
1670 3468 1798 3511 agimus
1809 3481 1868 3501 om.
1879 3466 1936 3512 Vfl
1953 3469 1973 3503 8
1995 3467 2065 3510 qui]
2080 3463 2161 3518 quid
2181 3463 2232 3516 V·
2246 3462 2265 3516 ss·
2283 3464 2320 3495 13
2341 3464 2458 3505 ipsam]

244 3529 284 3550 τε
299 3518 408 3552 MLB
425 3517 439 3564 fl
454 3520 497 3553 22
510 3516 636 3563 νόμον]
651 3531 721 3552 nov.
732 3517 825 3552 VIII
835 3517 847 3562 Ι]
867 3518 909 3551 23
924 3513 1013 3564 αὐτῇ
1027 3518 1084 3558 Μ]
1099 3513 1199 3559 αὐτῷ
1212 3515 1250 3550 Β
1261 3511 1322 3548 αὖ·
1388 3514 1534 3556 ipsarum
1555 3515 1586 3548 V
1598 3514 1746 3557 ipsorum
1760 3514 1794 3547 T
1801 3514 1842 3547 al.
1860 3512 1874 3557 ΙΙ
1895 3514 1934 3547 16
1954 3512 2174 3564 probator-ram
2183 3506 2293 3561 ‚mm-ll
2313 3510 2350 3542 17
2365 3509 2457 3563 baec]

244 3564 318 3595 τοῖς
331 3563 361 3595 L
375 3564 432 3607 (cf.
446 3565 492 3598 ad
502 3565 534 3607 ς)
551 3566 563 3607 ΙΙ
581 3561 702 3610 οῑςπερ
716 3565 777 3596 καὶ
791 3559 909 3596 αὐτοῖς
925 3565 998 3596 τοῖς
1010 3562 1059 3596 L²
1073 3561 1086 3606 ΙΙ
1105 3563 1148 3596 24
1168 3572 1321 3595 σπεκτα·
1390 3559 1452 3592 1100
1475 3561 1553 3593 libri
1564 3559 1577 3603 fl
1598 3560 1638 3594 18
1662 3558 1878 3602 pecuniarum
1901 3556 1958 3602 Vn
1977 3558 2022 3592 19.
2037 3564 2107 3598 1P⁸⁰
2117 3562 2210 3597 Dum
2221 3554 2330 3604 ”mnf
2350 3554 2425 3587 ‘'b''

245 3603 374 3650 βιλίοις
396 3608 455 3650 Μ]
478 3606 731 3655 περιβλέπτοις
754 3608 853 3652 ΖιΒΙΙ
878 3604 1115 3654 ἐγγράφουσιν
1139 3607 1176 3641 Β
1199 3606 1240 3653 ἐγ
1261 3602 1320 3652 ρά-
1389 3606 1432 3638 20
1452 3604 1632 3646 mittemus]
1650 3603 1815 3637 mittimus
1827 3603 1861 3637 T
1875 3603 2026 3635 mittetur
2045 3597 2151 3650 Val3ll
2170 3599 2207 3631 21
2229 3598 2271 3638 ei]
2286 3608 2332 3630 eis
2353 3596 2431 3631 Val.

297 3662 366 3694 μεν
387 3651 437 3685 L*
465 3652 479 3694 ΙΙ
503 3652 648 3706 ἄρχουσι
673 3667 731 3687 om.
754 3654 788 3688 L
858 3654 918 3686 καὶ
941 3650 998 3694 τὰ]
1033 3649 1125 3685 κατὰ
1147 3649 1194 3685 τὰ
1231 3650 1264 3685 ⁴¹
1309 3649 1322 3694 ΙΙ
1389 3650 1431 3683 22
1455 3649 1639 3683 inscribant
1659 3649 1706 3690 V]
1729 3646 1952 3682 inscribebant
1965 3645 2000 3679 T
2008 3643 2022 3688 fl
2046 3645 2088 3695 25
2108 3642 2336 3695 ’introductam
2367 3643 2431 3677 VT

246 3661 297 3730 ἕξ
312 3693 428 3729 ταῦτα
452 3693 495 3738 δὴ
514 3709 616 3730 ’τα-
636 3700 679 3733 26
698 3695 812 3752 ὄνομα
835 3694 960 3742 ὁμενα]
985 3698 1066 3730 haec
1082 3698 1246 3730 autem—
1260 3705 1320 3727 no·
1388 3694 1487 3727 distet
1510 3696 1588 3728 libri
1621 3695 1627 3736 Ι
1654 3695 1697 3727 29
1720 3693 1801 3726 fient
1823 3692 1908 3736 vulq-
1936 3689 1950 3734 fl
1979 3689 2023 3723 34
2045 3687 2174 3720 ruditus
2195 3687 2229 3721 V
2243 3686 2257 3732 ΙΙ
2287 3688 2389 3721 saetas
2412 3689 2457 3729 et]

247 3741 374 3774 ¹¹³5ssssst
395 3743 474 3773 flunt
497 3754 516 3778 c
539 3743 552 3785 R
576 3741 623 3775 τὰ
645 3741 813 3786 paveam
838 3753 1022 3790 πρινκιπις
1045 3742 1136 3784 Lm]
1164 3738 1209 3774 τὰ
1230 3752 1319 3785 μαν-
1387 3739 1474 3772 sacta
1497 3742 1546 3773 est
1573 3740 1606 3774 V
1662 3739 1704 3773 37
1729 3739 1762 3770 ot
1782 3735 1984 3780 praetorum]
2008 3734 2041 3766 et
2064 3746 2121 3767 om.
2145 3732 2223 3777 V⁰fl
2254 3734 2295 3768 38
2320 3734 2409 3767 huno
2430 3734 2463 3768 V
