2618 4010
1351 99 1435 147 490

289 216 348 246 καὶ
363 212 473 256 μήπω
489 213 550 254 τῆς
563 211 797 245 καταθέσιως
810 213 1001 256 γενομένης
1023 211 1085 254 τῆς
1107 211 1175 246 τὸν
1199 210 1362 257 λαβόντα
1427 212 1525 248 factu
1554 223 1646 259 quae
1667 215 1898 260 accipientem
1928 217 2040 254 societ
2067 216 2199 260 curiae,
2230 216 2338 252 etism
2360 216 2412 252 sic
2434 216 2499 252 de*

289 255 492 302 ὖπαγούσης
512 257 556 302 τῇ
574 254 696 307 βουλῇ,
721 258 780 288 καὶ
798 251 913 290 οὕτως
936 253 1160 290 έκδικεῖσθαι
1182 256 1230 292 τὰ
1246 255 1360 311 δωρη-
1427 256 1526 293 feudi
1548 268 1639 303 quas
1660 258 1793 296 domist
1814 264 1899 297 sunt
1920 262 2041 298 curiae
2071 273 2182 307 usque
2209 262 2255 297 ad
2278 271 2403 298 novem
2426 271 2493 298 un-

288 301 404 355 θέντα
428 297 500 353 ὑπὸ
530 312 593 333 του
618 298 868 354 βουλευτηρίου
890 303 991 346 μέχρι
1013 301 1100 354 πῶν
1128 301 1167 335 θ’
1192 298 1356 356 obrutam,
1426 301 1512 344 cias,
1535 302 1573 338 in
1596 303 1723 348 quibus
1746 305 1888 341 omnino
1909 307 2047 343 buriam
2069 307 2189 344 vocari
2213 316 2408 343 censemus.

286 347 331 390 ἐφ
365 343 418 378 αἶς
434 355 583 378 παντως
599 357 642 378 το
660 343 913 390 βουλευτήριον
928 344 1120 379 καλεισθαι
1135 345 1356 391 βουλομεθα.

285 391 304 424 1
352 390 397 443 E}
421 386 460 423 δὲ
482 390 521 422 ἐκ
545 387 722 442 cca-&fiune
748 388 771 433 ἢ
794 389 949 434 κλήσεως
968 388 1080 434 νόμου
1103 392 1165 426 ἐπὶ
1186 391 1255 426 τὸν
1277 390 1358 436 κλῆ-
1394 394 1413 426 5
1426 393 1447 427 1
1493 391 1629 436 Quodsi
1658 402 1703 428 ex
1731 395 1944 431 testamento
1974 398 2037 431 aut
2066 406 2129 442 per
2157 396 2377 433 vocationem
2407 395 2494 439 legis

285 447 351 486 ρον
372 437 538 488 αφίιξοιτο
561 447 626 487 του
642 433 833 478 βουλευτοῦ
857 432 877 470 ὁ
901 434 949 479 μὴ
969 434 1159 479 βουλευτὴς
1174 434 1238 477 ὢν,
1262 449 1358 479 τηνι-
1427 436 1486 480 qui
1509 447 1581 472 non
1606 440 1661 472 est
1685 437 1830 473 curialis
1847 452 1954 471 ou·-
1974 450 2185 478 concurrere
2208 442 2339 477 curiam
2363 444 2399 477 et
2422 450 2495 475 una·

284 491 399 533 καυτα
423 478 535 533 eustos
561 492 637 522 αμα
659 481 703 526 τῇ
728 479 872 533 τειλευτῇ
897 481 960 514 τοῦ
982 479 1174 523 βουλευτοῦ
1199 485 1359 516 συνιέναι
1427 491 1507 516 cum
1542 481 1730 518 defensore
1765 482 1917 519 civitatis
1956 489 2096 529 praeter
2129 497 2267 523 omnem
2302 486 2493 521 laesionem

284 536 327 556 το
362 522 627 570 βουλευτηριον,
664 527 723 558 καὶ
758 538 834 568 αμα
868 525 921 567 τῷ
956 526 1019 568 τῆς
1052 524 1192 560 πόλεως
1229 523 1357 570 ἐκδίκῳ
1425 526 1583 562 futuram
1602 537 1720 563 rerum
1739 527 1898 563 defuncti
1919 532 1956 564 et
1971 529 2240 576 descriptionem
2263 531 2341 567 fieri
2364 540 2492 572 rerum,

285 567 402 611 πάσης
423 572 530 614 χωρὶς
552 568 743 614 ἐπιβουλῆς
773 570 865 604 κατὰ
895 570 972 604 τῶν
995 571 1060 604 τοῦ
1083 569 1358 615 τελευτήσαντος
1425 575 1612 616 praesente
1636 572 1741 607 etiam
1763 582 1805 608 eo
1829 573 1890 618 qui
1912 573 1958 609 sd
1980 574 2049 610 hoc
2071 580 2229 619 vocatur,
2257 581 2294 612 et
2316 586 2374 611 res
2398 575 2494 610 tradi

283 612 508 668 πραγμᾴτων
539 616 706 669 ἐσομένης
737 618 806 673 καὶ1
819 612 1035 670 ἀπογραφὴν
1061 616 1251 669 ποιεῖσθαι
1279 617 1357 650 τῶν
1372 618 1412 651 10
1426 616 1546 652 culiae
1565 617 1635 669 sub
1657 617 1755 671 sueto
1773 617 1959 671 signaculo
1983 621 2058 654 tam
2081 620 2275 674 defensoris
2307 631 2413 665 quam
2437 620 2493 655 dei

283 671 1083 752 fflffoiff'ffzfflffisszsssstfffzzssssss
1106 672 1153 739 ¹2⁶.
1166 674 1356 753 τέ’ἔῗοῖἵῇ
1425 663 1893 753 ῗιῗέῐῖῗὲωθῖῗὲἲῑῗζρξᾶ
1911 664 2365 754 ῑῗιιὲἒῖωῗιᾞῗνῗοῑῖἕῂὲι
2376 669 2494 746 ἕάῗῖιῗᾷ

662 750 670 760 ’
839 751 855 758 “
1169 752 1184 759 ”
1423 751 1532 787 fuerit
1556 753 1676 788 curiae
1698 753 1906 794 (secundum
1933 753 2028 798 quod
2052 753 2255 800 frequenter
2275 755 2410 791 dictum
2427 758 2494 798 est)

345 839 353 848 Ι
1426 807 1505 832 cum
1540 798 1742 833 substantia
1777 801 1813 834 et
1843 798 1959 843 prole,
1999 808 2090 844 quae
2125 802 2181 835 est
2212 803 2252 836 et
2290 811 2381 846 quae
2415 801 2492 842 erit,

282 839 450 884 προσθεν
473 841 637 885 εἰρημένη
668 841 796 886 πρᾶξις
825 842 903 875 τῶν
926 839 1196 885 ὑπομνημάτων
1218 844 1357 888 γένοιτο
1372 843 1411 877 15
1425 846 1509 878 tunc
1541 852 1620 878 eum
1652 847 1687 878 et
1717 852 1776 878 res
1804 843 1998 888 percipere,
2030 847 2067 879 et
2093 854 2171 880 esse
2201 854 2281 880 eum
2303 846 2492 887 dominum,

281 884 381 930 παρὰ
413 886 466 928 τῷ
496 886 559 928 τῆς
581 887 752 931 ἐπαρχίας
780 884 974 932 ἡγουμένῳ,
1006 889 1067 920 καὶ
1090 884 1279 928 §ardomain
1302 887 1355 929 τῷ
1424 887 1617 922 secundum
1649 887 1743 933 quod
1773 890 1809 923 et
1839 889 1937 932 prior
1966 889 2025 924 ille
2055 889 2198 925 curialis
2220 889 2307 933 fuit,
2338 890 2426 925 nihil
2447 890 2494 924 ab

281 927 521 975 βουλευτηρίῳ
545 931 665 984 (τοῦτο
689 928 733 974 δὴ
755 931 796 966 τὸ
820 930 988 965 πολλάκις
1011 931 1140 975 ῥηθέν)
1168 931 1235 965 σὺν
1259 945 1356 976 περι·
1424 932 1484 967 illo
1504 932 1645 968 differre
1668 934 1798 968 visum:
1823 933 2026 969 huiusmodi
2044 934 2154 978 gestis
2175 935 2252 970 sine
2274 934 2381 970 dubio
2397 936 2493 980 apud

281 978 386 1018 θυσίᾳ
409 978 469 1029 καὶ
483 988 571 1030 γονῃ
596 987 684 1022 ουσῃ
704 988 745 1010 τε
763 980 823 1010 καὶ
840 978 1001 1030 ἐσομένῃ,
1024 979 1223 1019 τηνικαῦτα
1244 973 1356 1011 αὐτὸν
1423 977 1576 1013 iudicem
1598 978 1802 1023 provinciae
1825 978 1956 1014 habitis
1987 981 2129 1024 praeter
2152 989 2255 1015 omne
2278 980 2417 1015 lucrum
2439 983 2493 1014 at-

291 102 397 147 Nov.
428 103 482 146 01
511 105 536 146 3
1727 118 1787 148 nu
1814 117 2141 151 nom-riwinus
2167 116 2198 148 A
2227 115 2498 150 commus*

282 745 353 782 ὑπὸ
377 747 567 804 σήμαντρα
588 762 761 796 γινομενα
792 763 856 784 του
886 763 926 785 τε
954 748 1092 785 έκδίκου
1121 764 1187 785 του
1210 764 1250 785 τε
1274 751 1355 785 θεο-

282 792 495 839 φιλεστατου
529 796 606 828 τῶν
639 794 769 830 τόπων
803 793 1011 830 ἐπισκόπου.
1061 799 1121 830 καὶ
1155 794 1301 831 ἐπειδὰν
1337 792 1359 838 ἡ

281 1022 341 1052 καὶ
374 1033 420 1054 τα
453 1033 649 1076 πραγματα
679 1020 979 1075 παραλαμβανειν
1012 1024 1088 1068 καὶν
1106 1021 1199 1056 εἶναι
1235 1018 1357 1056 αὐτῶν

1448 1032 1493 1057 ue
1516 1022 1749 1076 dispendium.
1796 1023 1922 1069 Neque
1952 1023 2045 1059 enim
2076 1025 2123 1059 ad
2143 1024 2343 1061 illusionem
2373 1023 2427 1059 vel
2449 1025 2495 1060 ad

281 1063 412 1109 κύριον,
436 1066 605 1111 καθαπερ
621 1078 640 1099 ο
659 1078 829 1111 προτερος
852 1065 1042 1110 βουλευτὴς
1064 1069 1121 1110 ἦν,
1145 1064 1249 1121 οῆδὲν
1269 1069 1355 1100 ἐκεί·
1370 1067 1412 1100 20
1449 1067 1646 1112 ‘spondium
1670 1069 1806 1111 curiae,
1836 1069 1898 1104 sed
1929 1069 1977 1104 ad
2007 1069 2194 1105 utilitatem
2224 1070 2316 1105 hanc
2344 1068 2494 1114 proferi-

280 1122 343 1142 νου
368 1107 595 1145 διαλλάττειν
618 1108 811 1145 δοκοῦντα·
838 1113 899 1155 τῆς
919 1111 1085 1155 τοιαύτης
1109 1112 1272 1157 πραξεως
1296 1110 1356 1155 δη-

281 1152 368 1197 λαδὴ
393 1155 492 1200 παρὰ
522 1156 576 1198 τῷ
607 1157 670 1210 τῇς
693 1157 863 1202 ἐπαρχίας
886 1155 1070 1203 ἡγουμένῳ
1095 1155 1234 1202 κέρδους
1266 1169 1356 1191 παν-

280 1199 342 1233 τὸς
372 1203 432 1233 καὶ
464 1203 589 1245 ζημίας
619 1201 762 1244 απάσης
795 1204 901 1247 χωρὶς
935 1205 1128 1246 γινομένης.
1175 1199 1257 1236 οὐδὲ
1288 1202 1334 1248 γὰ

281 1241 340 1279 ἐπ’
367 1244 530 1300 ἐξαπάτῃ
560 1242 644 1280 οὐδὲ
674 1248 734 1282 ἐπὶ
766 1248 874 1302 ζημίᾳ
904 1248 967 1301 τῆς
996 1246 1141 1302 βουλῇς,
1176 1244 1255 1281 ἀλλ’
1290 1249 1336 1282 ἐπ

1424 1123 1503 1148 mus
1527 1113 1765 1155 sanctionem,
1796 1115 1837 1149 ut
1858 1113 1895 1148 in
1918 1117 2129 1160 perpetuum
2152 1114 2268 1150 valeat
2295 1124 2429 1158 augens
2460 1116 2496 1148 et

1426 1158 1637 1202 corporibus
1677 1162 1713 1194 et
1745 1158 1906 1204 pecuniis
1943 1159 2127 1195 curialium
2162 1160 2351 1195 facultates
2388 1162 2496 1203 atque

1425 1203 1655 1240 substantias.
1702 1203 1741 1239 Si
1763 1213 1845 1239 vero
1868 1204 1898 1239 is
1922 1205 1981 1249 qui
2005 1205 2050 1239 ab
2074 1205 2243 1241 intestato
2266 1208 2414 1240 vocatur
2433 1214 2495 1239 cu-

1425 1248 1522 1284 rialis
1556 1250 1677 1291 heres,
1715 1259 1786 1284 non
1821 1253 1939 1284 tamen
1970 1250 2125 1285 existens
2160 1252 2195 1285 et
2226 1250 2304 1295 ipse
2339 1249 2494 1290 curialis,

280 1286 435 1346 ὠφελείᾳ
465 1303 598 1325 τουτον
628 1291 781 1334 τίθεμεν
811 1305 879 1326 τον
910 1305 1034 1346 νυμον,
1069 1303 1157 1326 ωςτε
1187 1291 1357 1335 διηνεκῶς
1370 1292 1412 1325 25
1425 1292 1579 1328 noluerit
1600 1293 1699 1329 adire
1722 1296 1758 1329 et
1780 1304 1819 1329 se
1837 1294 1923 1329 dare
1943 1295 2072 1338 curiae,
2097 1295 2197 1330 curis.
2216 1295 2356 1340 quidem
2375 1297 2496 1329 teneat

281 1335 394 1370 αυτὸν
416 1339 561 1381 κρατεῖν
593 1335 750 1377 αὔξοντα
782 1340 841 1371 καὶ
864 1349 1020 1383 χρημασι
1045 1341 1104 1371 καὶ
1128 1337 1271 1381 σώμασι
1294 1337 1357 1371 τὰς

279 1381 357 1414 τῶν
379 1380 584 1425 βουλευτῶν
607 1386 812 1427 περιουσίας
834 1395 873 1416 τε
891 1386 951 1416 καὶ
972 1382 1164 1417 συστάσεις.
1208 1384 1254 1416 Εἰ
1274 1385 1356 1427 μέν-

279 1438 376 1472 τοιγε
399 1423 419 1459 ὁ
446 1426 484 1467 ἐξ
507 1423 706 1461 ἆδιαθέτου
729 1426 942 1472 καλούμενος
965 1429 1028 1462 τοῦ
1051 1427 1243 1472 βουλευτοῦ
1276 1427 1355 1470 κλη-

279 1470 447 1549 ρονόμος,
471 1468 535 1506 οὐκ
556 1470 610 1506 aiv
628 1475 752 1516 μέντοι
776 1476 836 1506 καὶ
851 1469 958 1507 αὐτὸς
982 1472 1185 1519 βουλευτής,
1209 1471 1257 1517 μὴ
1274 1477 1357 1517 βου-

328 1516 409 1559 θείη
433 1516 643 1562 προςελθεῖν
667 1521 728 1551 καὶ
742 1518 874 1552 ἑαυτὸν
898 1515 1087 1553 ἐπιδοῦναι
1109 1520 1153 1565 τῇ
1178 1517 1306 1565 βουλῇ,
1327 1515 1355 1572 ἱἡ
1370 1518 1412 1551 30
1424 1523 1460 1555 et
1483 1519 1627 1565 quidam
1651 1520 1694 1554 de

278 1563 346 1605 μὲν
368 1561 479 1606 βουλὴ
503 1565 682 1605 κατεχέτω
710 1562 753 1597 τὸ
776 1564 1021 1610 ένναούγκιον,
1050 1564 1164 1608 μόνου
1188 1561 1227 1597 δὲ
1250 1561 1357 1598 αὐτος

279 1605 396 1651 κύριος
417 1605 607 1654 γενήσεται
638 1609 702 1642 τοῦ
725 1612 941 1655 τριουγκίου·
979 1605 1071 1654 ὅπερ
1094 1606 1194 1651 αὐτῷ
1227 1606 1356 1642 δίδωσι

279 1656 339 1686 καὶ
368 1650 424 1697 <ὖ>
455 1653 625 1699 πρότερος
655 1653 780 1697 νόμος,
815 1654 846 1687 εἰ
868 1657 929 1688 καὶ
957 1654 1006 1699 μὴ
1036 1653 1137 1697 τύχοι
1160 1652 1353 1698 βουλεύων.

280 1697 326 1731 Εἰ
338 1700 467 1752 μέντοι
483 1696 643 1733 πλείονες
665 1698 738 1732 εἶεν
759 1700 824 1733 τοῦ
842 1695 951 1733 αὐτοῦ
966 1699 1118 1744 βαθμοῦ
1143 1698 1354 1743 καλούμενοι

1424 1348 1550 1374 novem
1572 1339 1696 1374 uncias
1723 1339 1792 1384 (et)
1813 1340 2054 1376 tantummodo
2078 1341 2155 1385 ipse
2178 1340 2340 1375 dominus
2363 1339 2494 1374 efficie-

1424 1387 1484 1419 tur
1505 1384 1614 1419 trium
1637 1384 1838 1426 unciarum,
1869 1394 1956 1429 quas
1980 1385 2010 1420 ei
2035 1385 2096 1420 dat
2119 1388 2156 1421 et
2178 1386 2335 1420 anterior
2357 1385 2415 1419 lex
2441 1383 2496 1418 vel

1426 1429 1456 1464 si
1487 1439 1558 1464 non
1588 1429 1698 1464 fuerit
1729 1429 1882 1465 curialis.
1930 1429 2062 1474 Quodsi
2093 1431 2212 1475 plures
2241 1429 2375 1465 fuerint
2403 1429 2495 1464 eius-

1425 1473 1504 1509 dem
1533 1474 1666 1518 gradus
1697 1475 1768 1555 gui·
1790 1475 2045 1556 vocanturdad
2075 1475 2218 1511 curialis
2253 1474 2495 1529 hereditatem,

1424 1565 1564 1617 quidem
1586 1565 1711 1600 uncias
1720 1523 1836 1610 egclcip
1840 1530 1899 1600 ἓξθ
1909 1522 2324 1610 (ἒῗιιωαῗθῖἓὲξεῖἵιθίῃὲ
2331 1529 2496 1600 1181121191ῐὲ

1425 1619 1563 1652 cunae,
1595 1614 1668 1645 tres
1692 1614 1810 1646 autem
1841 1611 1966 1646 uncias
1997 1611 2156 1646 residuos
2189 1611 2248 1664 qui
2271 1620 2315 1646 ex
2338 1611 2413 1654 lege
2434 1619 2494 1644 vo-

1425 1658 1551 1690 cantur
1589 1655 1752 1701 accipere
1788 1656 1948 1691 heredes.
2002 1655 2117 1691 Stadii
2155 1666 2247 1691 emm
2287 1655 2389 1690 nobis
2429 1657 2493 1696 est,

1424 1702 1518 1735 omni
1541 1701 1644 1736 modo
1668 1710 1792 1736 novem
1816 1701 1942 1737 uncias
1964 1700 2010 1735 ad
2035 1701 2202 1736 curialem
2225 1700 2382 1736 eiusdem
2407 1699 2493 1734 civi-

279 1753 370 1798 προς
384 1742 451 1778 τὸν
466 1744 532 1777 τοῦ
551 1742 742 1787 βουλευτοῦ
765 1743 906 1799 κλῆρον,
930 1747 990 1801 καὶ
1013 1744 1049 1779 οἱ
1069 1746 1136 1798 μὲν
1159 1742 1354 1779 ἐπιδιδοῖεν
1368 1744 1410 1777 35
1423 1746 1506 1781 tatis
1529 1745 1725 1790 pervenire.

280 1787 426 1822 εαυτούς
446 1787 485 1822 οἱ
506 1786 547 1822 δὲ
568 1791 816 1834 παραιτοῖντο,
845 1802 888 1824 το
912 1803 979 1834 μεν
1002 1791 1234 1836 ἐνναουγκιον
1267 1788 1353 1832 λαμ--

279 1831 408 1878 βάνειν
427 1831 496 1868 τὸν
512 1831 726 1868 ἐπιδιδόντα
744 1831 768 1878 ἢ
785 1834 867 1868 τοὺς
891 1832 1122 1870 ἐπιδιδόντας
1143 1834 1287 1868 ἑαυτοὺς
1309 1835 1353 1880 τῇ

279 1876 403 1925 βουλῇ,
417 1877 460 1912 τὸ
477 1876 517 1913 δὲ
531 1877 735 1925 τριούγκιον
750 1879 831 1914 τοὺς
850 1878 995 1915 λοιποὺς
1010 1878 1092 1914 τοὺς
1107 1881 1146 1913 ἐκ
1162 1880 1225 1913 τοῦ
1242 1876 1355 1923 νόμου

279 1921 515 1967 καλουμένους
551 1923 798 1969 κληρονόμους.
852 1923 992 1968 σπουδὴ
1051 1925 1096 1970 ὰρ
1130 1925 1356 1979 καθέστηκεν

279 1966 366 2013 ἡμῖν
388 1966 537 2003 πάντως
559 1969 603 2002 τὸ
628 1970 859 2016 ἐνναούγκιον
883 1971 930 2004 εἰς
944 1973 1011 2014 βου
1034 1970 1140 2013 ευτὴν
1163 1970 1225 2012 τῆς
1249 1970 1356 2012 αυτῆς
1367 1971 1413 2003 40

279 2016 457 2059 περιιέναι
482 2013 629 2048 πόλεως.

277 2170 440 2217 sessione
463 2180 558 2216 quae
578 2181 659 2206 eum
683 2170 746 2216 qui
769 2169 909 2215 accepit
931 2168 1054 2203 curiae
1076 2167 1240 2208 subiciat,
1264 2169 1317 2204 sic
1339 2179 1484 2215 quoque
1506 2179 1565 2203 res
1587 2168 1746 2204 donatae
1765 2179 1788 2203 α
1807 2168 1910 2203 curia
1929 2169 2155 2204 vindicentur
2177 2180 2290 2215 usque
2305 2169 2354 2204 ad
2368 2179 2491 2204 novem

280 2218 302 2252 1
348 2215 486 2258 uncias,
517 2214 568 2250 ad
589 2225 682 2261 quas
707 2214 851 2250 omnino
875 2213 1014 2248 curiam
1037 2215 1164 2250 vocari
1184 2213 1356 2249 volumus.
1460 2213 1503 2250 Si
1525 2224 1608 2249 vero
1631 2224 1681 2260 ex
1705 2217 1912 2249 testamento
1936 2213 1992 2249 vel
2013 2213 2091 2260 leqe
2114 2219 2260 2250 vocatus
2282 2213 2314 2248 is
2336 2214 2399 2260 qui
2420 2224 2493 2249 non

279 2264 331 2297 est
353 2259 504 2295 curialis
533 2259 583 2295 ad
603 2259 835 2296 hereditatem
859 2258 1009 2294 curiatis
1030 2257 1161 2300 veniat,
1194 2263 1267 2294 tum
1283 2259 1404 2294 statim
1424 2259 1574 2294 simulac
1596 2262 1759 2294 mortuus
1778 2262 1831 2293 est
1854 2258 2003 2294 curialis
2024 2259 2127 2294 curia
2148 2258 2347 2301 conveniat,
2367 2262 2402 2294 et
2419 2269 2493 2293 una

280 2316 359 2341 cum
389 2305 582 2351 defensore
614 2305 768 2341 civitatis
804 2304 882 2339 sine
913 2303 990 2338 ulla
1018 2302 1155 2350 fraude
1186 2304 1360 2340 adversus
1397 2314 1457 2340 res
1486 2303 1650 2349 defuncti
1681 2303 1902 2339 admittenda
1936 2304 2173 2340 inventarium
2205 2303 2327 2350 faciat
2361 2313 2493 2344 rerum,

273 2354 470 2398 praesente
491 2350 598 2386 etiam
621 2349 636 2385 i
661 2361 703 2385 so
732 2350 797 2396 qui
826 2348 876 2385 ad
905 2348 975 2384 hoc
997 2353 1162 2392 vocatur,
1194 2352 1302 2395 atque
1324 2360 1383 2385 res
1406 2349 1529 2385 curiae
1554 2348 1747 2384 tradantur
1776 2348 1841 2384 sub
1864 2348 2063 2395 siqnaculis
2078 2349 2208 2396 posita
2232 2352 2269 2384 et
2291 2348 2495 2394 defensoris

278 2400 315 2432 et
337 2396 403 2432 deo
426 2395 606 2431 carissimi
649 2405 796 2431 ocorum
826 2393 996 2441 episcopi.
1045 2392 1096 2429 E't
1124 2404 1204 2429 cum
1234 2404 1349 2440 supra
1372 2393 1467 2430 dicta
1497 2398 1682 2440 qestorum
1710 2393 1892 2439 confectio
1924 2393 2026 2440 apud
2047 2393 2254 2440 praesidem
2277 2393 2494 2440 provinciae

274 2444 428 2488 peracta
449 2440 513 2484 sit,
544 2444 580 2476 et
607 2440 669 2476 ille
699 2440 823 2476 curiae
853 2438 905 2482 (id
927 2438 1027 2485 quod
1046 2449 1156 2485 saepe
1175 2438 1310 2474 dictum
1333 2442 1399 2483 est)
1429 2439 1733 2475 cum-substantia
1761 2442 1797 2474 et
1823 2438 1931 2485 prole
1961 2449 2055 2485 quae
2085 2443 2122 2475 et
2151 2438 2200 2474 sit
2229 2443 2266 2474 et
2293 2439 2427 2484 futura
2447 2438 2495 2473 sit

277 2497 317 2522 se
338 2485 518 2527 obtulerit,
550 2489 635 2521 tunc
657 2489 693 2521 et
713 2496 773 2521 res
796 2484 954 2531 accipiat
975 2489 1010 2519 et
1033 2483 1198 2520 dominus
1220 2484 1268 2520 sit
1290 2495 1433 2527 earum,
1465 2483 1762 2531 quemadmodum
1777 2483 1890 2529 prior
1913 2484 2060 2519 curialis
2079 2484 2168 2530 suit,
2194 2494 2279 2520 neve
2302 2484 2494 2529 quicquam

279 2531 324 2568 ab
346 2531 411 2567 illo
434 2530 584 2576 differre
606 2530 793 2571 videatur,·
822 2527 999 2565 eiusmodi
1021 2533 1141 2565 autem
1164 2530 1347 2575 confectio
1371 2529 1539 2564 nimirum
1562 2540 1585 2564 a
1613 2528 1663 2564 ud
1681 2528 1885 2575 praesidem
1905 2529 2115 2575 provinciae
2136 2530 2214 2564 sine
2236 2528 2310 2564 ullo
2335 2527 2436 2564 lucro
2459 2532 2494 2563 et

278 2576 355 2612 ullo
385 2575 516 2612 damno
537 2581 756 2623 peraqatur.
806 2575 931 2620 Neque
961 2574 1054 2610 enim
1085 2575 1123 2609 in
1150 2574 1322 2620 fraudem
1353 2585 1468 2621 neque
1498 2574 1548 2610 ad
1593 2574 1817 2610 etrimentum
1848 2575 1988 2618 curiae,
2023 2573 2087 2609 sed
2109 2573 2158 2609 ad
2180 2574 2369 2609 utilitatem
2401 2572 2495 2608 hanc

279 2622 393 2674 quem
413 2622 581 2666 ferimus,
611 2626 653 2657 ut
672 2625 850 2668 perpetuo
874 2619 993 2655 valeat
1022 2623 1058 2655 et
1085 2620 1251 2671 pecuniis
1281 2624 1318 2655 et
1339 2619 1555 2667 corporibus
1576 2618 1795 2655 substantias
1824 2623 1860 2654 et
1881 2619 2109 2655 condiciones
2132 2618 2322 2654 curialium
2344 2628 2493 2664 auqens.

279 2665 320 2702 Sa
349 2677 435 2703 vero
466 2667 532 2712 qm·
559 2666 605 2702 ab
633 2666 803 2702 intestato
833 2669 985 2701 vocatur
1015 2664 1166 2700 curialis
1193 2663 1307 2708 heres,
1338 2665 1402 2711 qui
1426 2668 1544 2700 tamen
1573 2664 1651 2711 ipse
1678 2674 1752 2699 non
1782 2663 1830 2699 sit
1853 2664 2019 2706 curialis,
2048 2663 2206 2699 noluerit
2228 2663 2331 2699 adire
2360 2669 2396 2699 et
2417 2673 2495 2699 sese

279 2711 414 2757 offerre
436 2710 572 2754 curiae,
596 2711 699 2747 curia
722 2709 864 2758 quidem
887 2720 1013 2745 novem
1036 2710 1164 2745 uncus
1185 2710 1350 2752 retineat,
1374 2710 1452 2757 ipse
1470 2713 1589 2746 autem
1613 2708 1857 2747 tantummodo
1882 2708 1989 2744 trium
2012 2709 2200 2744 unciarum
2223 2707 2390 2743 dominus
2405 2708 2494 2743 erit:

305 2756 379 2792 uod
401 2757 434 2792 ei
450 2756 562 2803 prior
585 2767 728 2809 quoque
751 2756 813 2792 lex
837 2754 978 2797 tribuit,
1011 2754 1094 2790 licet
1113 2755 1216 2800 forte
1239 2754 1388 2790 curialis
1410 2765 1485 2790 non
1507 2755 1564 2790 sit.
1611 2753 1749 2797 Quodsi
1769 2754 1894 2800 plures
1915 2754 1989 2789 sim
2019 2753 2174 2789 eiusdem
2197 2752 2337 2806 qradus
2359 2753 2425 2798 qui
2445 2751 2496 2787 ad

345 2801 512 2837 editatem
535 2802 685 2837 curialis
707 2804 890 2842 vocentur,
915 2804 951 2835 et
972 2799 1038 2835 alii
1059 2810 1098 2836 se
1122 2800 1282 2846 offerant
1305 2799 1369 2836 alii
1391 2803 1566 2842 recusent,
1591 2809 1714 2835 novem
1737 2797 1878 2845 quidem
1901 2799 2027 2834 uncias
2050 2799 2082 2834 is
2106 2798 2161 2834 vel
2182 2798 2208 2833 ii
2231 2797 2294 2844 qui
2317 2808 2355 2833 se
2370 2798 2494 2833 curiae

281 2846 473 2883 obtulerint
495 2848 687 2894 accipiant,
714 2851 787 2882 tres
808 2848 926 2881 autem
949 2844 1076 2880 uncias
1097 2845 1230 2891 reliqui
1252 2845 1315 2897 qui
1338 2856 1362 2880 a
1386 2845 1463 2891 leqe
1485 2848 1659 2881 vocantur
1681 2843 1838 2880 heredes.
1886 2842 2001 2880 Curae
2022 2843 2116 2879 enim
2139 2843 2243 2879 nobis
2265 2848 2328 2884 est,
2359 2846 2400 2878 ut
2423 2842 2492 2877 uti·

280 2903 350 2938 que
371 2902 497 2928 novem
519 2891 649 2927 unciae
671 2892 721 2927 ad
743 2890 916 2926 curialem
940 2889 1097 2926 eiusdem
1121 2890 1277 2926 civitatis
1294 2890 1519 2937 perveniant.

325 3052 346 3085 6
361 3046 415 3084 ὦν
429 3062 487 3083 om.
500 3049 532 3082 L
549 3052 562 3092 11
579 3051 597 3082 ’7
612 3057 763 3081 cvm-ai
777 3047 826 3080 La
842 3045 855 3090 11
873 3048 894 3081 9
911 3046 999 3088 τῶν]
1023 3045 1091 3080 τὸν
1103 3047 1135 3080 L
1151 3046 1163 3091 11
1184 3049 1222 3081 11
1237 3047 1355 3088 τοῦτο]
1423 3048 1443 3081 8
1467 3056 1576 3079 rerum
1601 3059 1659 3080 om.
1675 3046 1707 3079 Τ
1724 3044 1737 3090 11
1760 3045 1853 3078 fleret
1878 3045 1911 3079 T
1929 3045 1942 3089 11
1968 3047 1988 3080 9
2012 3046 2184 3088 praesente
2210 3045 2254 3086 T]
2286 3047 2318 3077 et
2341 3054 2492 3088 praesen—

280 3095 410 3130 τοῦτον
433 3095 483 3128 vel
505 3094 622 3127 ταῦτα
645 3105 713 3126 cum
737 3093 956 3135 Homberykio
980 3093 1071 3125 malit
1087 3092 1275 3126 Zachariae
1298 3093 1353 3135 (cs.
1422 3094 1487 3124 tem
1508 3091 1564 3135 Vu
1581 3091 1651 3133 qui]
1676 3090 1765 3132 quod
1788 3091 1819 3123 T
1833 3090 1846 3133 11
1869 3091 1932 3123 hoo
1956 3090 2002 3131 T]
2027 3090 2107 3122 haec
2128 3090 2251 3133 Vvulq.
2270 3088 2341 3134 1110
2366 3090 2419 3123 dei
2445 3090 2491 3131 T]

281 3142 327 3174 ad
338 3143 370 3182 ς)
386 3140 399 3184 Ι
417 3141 459 3175 13
472 3136 650 3185 γενόμενα
666 3138 697 3171 L
712 3137 726 3180 11
747 3139 788 3171 14
811 3136 888 3170 τῶν
907 3133 1037 3170 τόπων
1060 3150 1117 3170 οηι.
1135 3137 1183 3192 τῇ
1203 3139 1243 3171 15
1267 3136 1354 3215 πέό-
1423 3137 1462 3169 (18
1483 3136 1538 3180 Vl]
1567 3137 1607 3171 12
1630 3135 1772 3169 iudicem
1793 3135 1997 3178 prouinciae]
2021 3138 2150 3177 praeter
2170 3144 2266 3168 omne
2288 3134 2418 3168 lucrum
2441 3136 2491 3166 at-

282 3185 388 3227 σθεν]
424 3182 513 3229 πρὸς
536 3182 630 3217 θεὸν
655 3183 685 3216 L
709 3181 722 3227 11
750 3179 946 3227 πρόσταξις
970 3183 999 3215 L
1028 3182 1042 3225 11
1073 3183 1114 3216 19
1139 3182 1262 3216 αυτῶν
1293 3183 1304 3195 ’
1320 3195 1354 3214 a·
1422 3192 1485 3224 que
1510 3180 1728 3224 dispendium.
1771 3181 1888 3223 Neque
1911 3180 1997 3213 enim
2022 3180 2064 3212 ad
2087 3179 2275 3213 illusionem
2298 3179 2352 3213 uel
2375 3179 2417 3212 ad
2440 3179 2490 3211 di-

282 3232 426 3272 chariae]
451 3225 563 3263 αὐτὸν
588 3230 665 3262 libri
686 3228 699 3272 11
724 3229 766 3262 20
790 3225 962 3271 καθάπερ
987 3224 1006 3259 ὁ
1032 3225 1215 3271 πρότερος]
1239 3237 1353 3260 secun·
1421 3226 1593 3269 spendium
1619 3227 1695 3259 add.
1715 3226 1747 3259 T
1764 3226 1885 3268 (errore
1909 3238 1947 3259 εει·
1967 3238 1998 3258 υ.
2014 3227 2109 3268 1839.
2132 3226 2279 3268 repetita)
2296 3224 2310 3269 11
2329 3227 2367 3259 13
2390 3223 2490 3256 fuerit

282 3277 360 3309 dum
376 3274 465 3318 quod
482 3276 516 3308 ct
530 3274 622 3317 prior
638 3272 696 3306 ille
713 3284 733 3310 ς
748 3273 762 3316 11
779 3273 820 3307 21
839 3269 1046 3305 διαλάττειν
1066 3273 1098 3306 L
1114 3272 1127 3316 11
1145 3274 1187 3307 25
1207 3269 1355 3317 ἆφελεία
1423 3285 1479 3305 om.
1496 3272 1527 3305 T
1538 3271 1550 3315 11
1572 3272 1614 3305 14
1633 3270 1734 3313 *eritJ
1757 3270 1860 3304 fuerit
1884 3271 1961 3304 libri
1973 3269 1986 3314 11
2008 3273 2047 3304 15
2072 3281 2138 3303 esse
2154 3272 2240 3311 eum]
2262 3280 2330 3303 esse
2345 3278 2418 3302 cum
2440 3267 2490 3311 VH

282 3321 360 3365 L⁰fl
386 3322 429 3355 26
453 3316 626 3360 αὔξονται
648 3318 697 3352 M
703 3319 716 3361 11
743 3319 779 3352 31
799 3331 846 3361 sq.
871 3314 1082 3363 ἐναούγγιον
1106 3324 1136 3351 et
1156 3329 1279 3363 τριουγ
1302 3319 1355 3349 lov

282 3367 314 3400 L
327 3368 370 3406 (et
379 3367 426 3400 sic
438 3378 467 3399 v.
481 3365 533 3398 36.
548 3364 600 3399 38.
614 3365 670 3405 40)
689 3362 701 3404 11
717 3364 759 3397 33
777 3358 797 3396 ὁ
817 3363 893 3396 add.
908 3362 1095 3396 Zachariae
1110 3362 1123 3407 11
1142 3364 1184 3397 35
1198 3363 1259 3396 ἐπι
1282 3364 1355 3395 οῖεν

283 3411 316 3444 L
339 3412 352 3455 Ι
376 3411 417 3445 37
443 3408 600 3450 ἑαυτοὺς]
626 3407 774 3442 ...τοὺς
797 3408 847 3441 L‘
877 3406 890 3451 fl
918 3408 960 3442 38
982 3406 1076 3448 τοὺς]
1099 3408 1188 3441 vde?
1211 3406 1355 3442 λοιποὺς

286 3456 334 3488 L⁶
349 3457 362 3498 11
380 3457 424 3490 39
447 3453 696 3500 κληρονόμους]
721 3453 868 3496 accipere
890 3452 1027 3486 heredes
1051 3452 1098 3497 ς11
1116 3455 1156 3487 41
1180 3453 1355 3498 περιιέναι

285 3500 368 3542 ML]
391 3501 559 3545 παριέναι
582 3500 769 3533 Zachariae
792 3510 855 3531 non
879 3504 963 3532 reete

353 3589 372 3620 5
396 3589 622 3621 euocationem
648 3588 680 3621 T
703 3586 718 3631 11
744 3589 765 3622 6
790 3588 908 3621 hiatum
932 3599 995 3621 non
1019 3593 1131 3620 notant
1154 3587 1245 3626 libri;
1279 3598 1354 3630 sup-

284 3633 434 3674 plendum
450 3635 525 3675 sere
547 3633 588 3666 ad
605 3632 846 3666 successionem
869 3632 997 3665 venerit
1013 3631 1160 3671 curialis,
1183 3634 1264 3664 tunc
1279 3641 1354 3664 mox

287 3675 386 3707 simul
410 3687 484 3709 cum
507 3681 612 3710 morte
635 3677 771 3710 curialis
798 3678 882 3717 (sim.
904 3678 1005 3721 cuiq.)
1034 3676 1048 3721 11
1076 3678 1094 3710 7
1118 3679 1253 3719 propter
1283 3676 1315 3709 V
1342 3674 1355 3720 11

1423 3318 1463 3350 17
1488 3316 1549 3349 iuo
1574 3316 1620 3358 V]
1657 3326 1695 3349 eo
1721 3316 1853 3360 Tvulq.
1891 3315 1904 3359 11
1930 3315 2076 3356 *visum1
2110 3315 2218 3348 iussus
2242 3315 2274 3348 T
2303 3314 2339 3346 iu
2361 3312 2428 3346 uui·
2450 3312 2489 3354 V,

1423 3361 1508 3394 visus
1532 3360 1650 3404 vulq.]l
1675 3362 1716 3395 18
1738 3362 1879 3404 praeter]
1902 3362 1992 3403 petet
2012 3360 2047 3394 V
2065 3359 2078 3404 11
2111 3361 2151 3394 19
2175 3359 2262 3392 enim
2285 3365 2315 3392 ει
2336 3357 2377 3390 sd
2399 3358 2491 3400 (post

1423 3406 1489 3448 uel)
1515 3419 1572 3439 οηι.
1588 3406 1621 3439 T
1639 3407 1715 3447 (non
1739 3419 1797 3440 om.
1815 3407 1926 3449 priore
1950 3406 2033 3444 toco;
2058 3406 2099 3449 qf.
2118 3406 2164 3438 ad
2183 3417 2215 3437 υ.
2232 3401 2370 3447 12)122
2383 3401 2487 3435 facul-

1421 3454 1528 3483 tatum
1555 3451 1586 3484 T
1609 3450 1622 3503 11
1652 3451 1692 3485 23
1726 3450 1778 3483 his
1809 3450 1876 3494 1711
1905 3451 1948 3485 24
1978 3450 2072 3483 heres
2098 3469 2136 3474 —
2159 3447 2293 3482 curialis
2323 3458 2382 3480 om.
2415 3447 2450 3480 V
2476 3446 2489 3491 11

1423 3494 1464 3530 25
1490 3496 1636 3529 uoluerit
1655 3495 1710 3539 1711
1737 3495 1808 3528 dari
1832 3495 1880 3539 V]
1913 3496 1956 3529 26
1979 3497 2013 3528 et
2035 3495 2164 3532 addidi:
2188 3493 2296 3525 autem
2321 3499 2395 3525 anu
2418 3492 2487 3535 ipse

1422 3542 1498 3574 add.
1512 3542 1597 3584 vuly.
1615 3540 1628 3584 11
1646 3542 1688 3575 29
1713 3543 1853 3574 uocatur
1923 3539 1936 3584 11
1951 3538 2097 3580 curialis]
2120 3537 2210 3571 curii
2228 3534 2243 3569 1
2263 3537 2298 3577 (ι’.
2311 3549 2337 3569 ε.
2362 3537 2487 3570 curiam

1422 3584 1489 3627 uel)
1513 3586 1545 3619 T
1587 3587 1630 3620 30
1642 3585 1783 3628 quadam
1804 3585 1860 3630 1711
1876 3596 1910 3618 se
1933 3584 2079 3627 quidam]
2101 3581 2261 3623 siquidem
2283 3581 2486 3624 7131911-

1421 3630 1494 3663 dam
1516 3631 1550 3663 V
1589 3632 1631 3665 32
1655 3630 1802 3664 residua·
1826 3630 1881 3674 Vfl
1898 3631 1941 3664 33
1965 3630 2014 3662 ent
2035 3640 2093 3662 on.
2116 3626 2230 3670 7134
2254 3626 2412 3659 curialem
2440 3628 2485 3669 Τ]

1421 3674 1555 3708 curialis
1575 3676 1608 3708 V
1625 3674 1765 3709 curiale·
1788 3676 1871 3720 vulq.
