2586 3990
227 147 337 191 Nov.
359 145 519 190 CXXII
551 158 614 200 pr.
649 147 669 186 1
1304 139 1396 187 ‘592
1671 187 1674 190 ,
1789 155 1993 188 EDICTUM
2020 156 2080 187 DE
2098 139 2463 188 'consmrmvnonn

222 257 271 293 ὠς
294 255 471 291 ἐντεῦθεν
500 254 727 301 συνάγεσθαι
757 253 828 297 τὴν
859 253 936 288 τῶν
962 250 1079 296 'must'
1101 252 1340 298 νομισμάτων
1369 253 1576 298 ποσότητα·
1611 253 1680 288 τὸν
1705 252 1744 288 δὲ
1766 254 1829 298 τῆς
1852 250 2065 290 ὑποθέσεως
2088 252 2373 300 ἀκροασάμενον,
2396 253 2462 290 οὗκ

222 301 518 344 ἐντεθυμημένον
539 302 630 343 μίαν
653 298 747 333 εἶναι
770 299 835 333 τοῦ
860 296 1000 334 παντὸς
1023 295 1242 344 ἐγκλήματος
1267 299 1398 343 αἰτίαν,
1429 299 1480 345 μὴ
1505 296 1776 344 προςδέξασθαι
1799 294 1946 342 αὐτούς,
1978 296 2068 335 ἀλλὰ
2098 299 2332 346 βουληθῆναι
2354 312 2463 335 κατα-

222 345 369 380 δικάσαι
399 341 529 378 αὐτοὺς
559 342 643 378 τοὺς
674 343 878 385 ἑξακοσίους
908 343 1057 387 χρυσοῦς
1080 342 1145 377 τοῦ
1170 341 1376 390 κεφαλαίου.
1424 347 1484 378 καὶ
1508 342 1650 390 ᾔτησαν
1678 344 1811 387 ταύτης
1842 342 2069 389 ἐκβληθῆναι
2100 347 2164 390 τῆς
2196 342 2370 393 ἀνάγκης,
2402 347 2461 379 καὶ

222 389 517 436 συλλογιζομένου
548 389 613 423 τοῦ
638 388 778 424 παντὸς
809 385 1018 435 ὀφλήματος
1049 388 1128 423 τῶν
1152 392 1406 424 πεντακοσίων
1428 390 1584 436 χρυσῶν,
1616 389 1648 424 εἰ
1669 386 1911 433 καταβάλοιεν
1940 390 2024 425 τοὺς
2047 390 2276 435 πεντήκοντα
2305 392 2366 425 καὶ
2397 391 2462 424 ἕνα

220 435 303 470 τοὺς
332 433 561 477 λειπομένους
591 434 640 468 εἰς
669 434 739 478 τὴν
762 434 840 468 τῶν
857 431 990 476 ’χιλίων
1012 429 1253 478 νομισμάτων
1276 434 1485 478 ποσότητα,
1515 433 1581 468 τοῦ
1605 446 1646 469 τε
1669 433 1808 470 παντὸς
1830 430 2036 480 ὀφλήματος
2059 431 2296 480 ἀπηλλάχθαι
2327 433 2462 470 ἀναλα-
2507 439 2528 471 5

220 483 300 524 βεῖν
323 492 364 514 τε
383 478 454 523 τὴν
478 477 674 523 δανειακὴν
697 477 909 526 συγγραφὴν
939 477 1019 512 τῶν
1041 475 1078 520 χ’
1104 479 1258 524 χρυσῶν.

362 627 443 660 Τῶν
465 627 591 660 τοίνυν
614 620 799 670 ἡμετέρων
821 621 950 669 νόμων
971 622 1086 669 μηδὲν
1118 622 1210 670 ὑπὲρ
1233 624 1276 658 τὸ
1302 622 1498 666 διπλάσιον
1529 623 1827 669 καταβάλλεσθαι
1852 623 2085 669 βουλομένων
2118 629 2178 660 καὶ
2200 624 2339 669 ταύτην
2363 622 2463 668 ἐχόν-

221 685 300 706 των
330 682 360 706 π
383 671 421 705 ὸς
451 669 535 705 τοὺς
565 670 780 715 ἔμπροσθεν
805 667 997 716 διαφοράν,
1033 666 1093 704 ὅτι
1116 669 1153 703 οἱ
1181 670 1249 725 μὲν
1280 670 1396 704 ἴστων
1424 672 1491 715 μέχ
1514 683 1527 703 ι
1557 671 1623 704 τοῦ
1648 668 1880 706 διπλασίονος
1901 669 1949 703 τὰ
1972 673 2076 715 χρέα,
2107 671 2139 705 εἰ
2160 669 2318 717 μηδεμία
2339 673 2464 717 γέγονε

221 720 361 761 καταβο
385 715 417 760 ἡ,
449 713 555 760 ἡμῶν
585 713 626 749 δὲ
655 718 716 749 καὶ
744 714 808 750 τὰς
829 714 976 761 μερικὰς
1006 712 1212 758 καταβολας
1242 713 1343 749 λύειν
1373 714 1420 750 τὰ
1442 712 1491 761 όφ
1514 712 1636 760 ήματα
1660 713 1879 760 δεξαμένων,
1908 715 2008 761 εἴπερ
2033 713 2114 762 ἄχρι
2142 717 2206 751 τοῦ
2235 714 2465 751 διπλασίονος

221 765 396 809 γένοιντο,
428 760 657 806 θεσπίζομεν
686 760 780 795 κατὰ
805 761 913 795 τοῦτο
943 760 1118 807 γίνεσθαι
1147 759 1217 795 τὸν
1240 759 1490 808 συλλογισμόν,
1524 763 1584 794 καὶ
1608 757 1698 795 ὅσον
1721 758 1769 795 ἀν
1793 761 1840 795 εἰς
1864 759 1947 794 τοὺς
1972 759 2103 803 χιλίους
2127 761 2283 797 ἐλλείποι
2305 761 2464 808 χρυσοῦς,
2487 768 2528 800 10

222 809 330 842 τοῦτο
355 805 485 841 αὐτοὺς
508 803 805 850 καταβάλλοντας
828 802 1029 849 ἀναλαβεῖν
1061 807 1121 839 καὶ
1152 805 1221 849 τὴν
1251 806 1331 840 τῶν
1353 806 1385 849 χ’
1409 805 1647 851 νομισμάτων
1676 804 1872 850 δανειακὴν
1901 805 2122 852 συγγραφήν,
2152 803 2240 842 ὥςτε
2260 805 2310 852 μὴ
2333 803 2465 841 πολλα-

222 851 380 887 πλάσιον
405 853 443 885 ἐκ
465 850 599 894 ταύτης
621 852 685 895 τῆς
710 851 824 885 αἰτίας
846 847 1046 896 εὑρεθῆναι
1070 849 1113 885 τὸ
1139 853 1237 896 χρέος
1261 847 1543 896 ἀπαιτούμενον.

358 894 479 943 (Ἐπί
486 895 505 930 λ
515 909 534 930 o
541 896 650 943 γος.)
696 892 882 931 Ἡτοίνυν
906 895 950 939 σὴ
973 895 1266 943 μεγαλοπρέπεια
1284 896 1331 931 τὰ
1355 896 1598 942 παραστάντα
1628 893 1716 942 ἡμῖν
1746 899 1807 931 καὶ
1831 893 1892 930 διὰ
1916 893 2023 930 τοῦδε
2046 897 2110 931 τοῦ
2135 897 2240 932 θείου
2262 907 2466 942 πραγματι-

222 943 286 977 κοῦ
309 940 659 987 δηλούμεναητύπου
689 943 784 989 ἔργῳ
814 945 874 975 καὶ
905 944 1034 986 πέρατι
1063 939 1294 986 παραδοῦναι
1324 941 1529 985 σπευσάτω,
1560 943 1623 986 τῆς
1645 955 1686 976 τε
1710 941 1811 987 παρὰ
1842 943 1960 976 ταῦτα
1989 944 2178 988 γινομένης
2207 942 2395 987 ἑρμηνείας
2426 941 2466 974 ἐν

223 991 300 1023 ταῖς
324 988 475 1044 ψήφοις,
504 986 559 1022 οὖν
582 985 619 1021 οἱ
642 985 756 1022 ἱκέται
778 990 998 1032 μέμνηνται,
1030 985 1288 1031 σχολαζούσης,
1324 986 1480 1023 πάντων
1509 999 1550 1023 τε
1579 986 1661 1022 ταῖν
1683 987 1775 1022 κατὰ
1808 987 2046 1033 συναρπαγην
2076 990 2136 1021 καὶ
2168 989 2207 1021 ἐκ
2229 987 2312 1031 μιᾶς
2341 988 2467 1030 μοίρας
2491 987 2531 1019 15

224 1033 324 1086 παρὰ
348 1047 418 1068 τον
441 1031 557 1078 νόμον
589 1036 860 1079 πεπραγμένων
888 1029 912 1076 ἢ
942 1032 1262 1077 πραχθησομένων
1285 1029 1507 1080 ἀργούντων.
1559 1032 1736 1069 Divinitas
1759 1035 1796 1068 te
1819 1036 1935 1069 servet
1958 1042 2024 1077 per
2046 1033 2176 1069 multos
2200 1043 2324 1073 annos,
2355 1030 2468 1065 frater

224 1079 490 1115 mcundissime.
631 1078 714 1113 Dat.
732 1089 826 1114 xvn.
852 1077 889 1114 k.
915 1077 1001 1114 Mai.
1029 1078 1098 1113 GP.
1125 1078 1299 1114 Belisario
1323 1090 1377 1115 vc.
1402 1089 1501 1114 cons.
2326 1077 2466 1119 [a.535]

1307 1261 1394 1304 TW

600 1337 907 1393 IAIKTON
938 1337 1120 1391 ΠΕΡΙ
1151 1336 1659 1390 ΔΙΑΤῩΠῼΣΕῼΣ
1689 1336 2085 1390 ΤΕΧΝΙΤῼΝ.

360 1418 424 1464 (11
427 1421 528 1464 ροοί
533 1417 669 1463 μιον.)
710 1415 899 1464 Ἔγνωμεν
922 1413 970 1451 οἷς
992 1418 1085 1462 μετὰ
1116 1417 1187 1461 τὴν
1211 1414 1402 1452 παίδευσιν
1425 1416 1494 1460 τὴν
1517 1414 1611 1450 κατὰ
1635 1414 1924 1462 φιλανθρωπίαν
1956 1417 2021 1450 τοῦ
2045 1414 2225 1451 δεσπότου
2256 1416 2347 1450 θεοῦ
2369 1427 2468 1461 γενο-
2489 1419 2532 1452 20

225 1465 338 1508 μένην
370 1462 408 1497 οἱ
427 1463 492 1498 τὰς
516 1466 764 1510 πραγματείας
793 1466 854 1496 καὶ
878 1461 940 1497 τὰς
963 1461 1157 1506 μεθοδείας
1179 1462 1431 1508 μετερχόμενοι
1459 1465 1520 1495 καὶ
1542 1461 1580 1496 οἱ
1601 1460 1792 1507 διαφόρων
1813 1463 1953 1504 τεχνῶν
1982 1464 2043 1495 καὶ
2066 1461 2102 1496 οἱ
2124 1465 2206 1508 περὶ
2229 1463 2299 1505 τὴν
2321 1461 2391 1507 γῆν
2414 1462 2466 1505 έρ-

225 1506 351 1555 γάται,
388 1509 443 1543 ἑτι
465 1522 506 1557 γε
529 1509 602 1554 μὴν
626 1511 687 1542 καὶ
706 1507 743 1543 οἱ
761 1508 910 1551 ναῦται,
935 1504 1140 1554 ὀφείλοντες
1162 1507 1299 1552 μᾶλλον
1323 1506 1505 1541 καλλίονες
1526 1507 1719 1554 γενέσθαι,
1743 1507 1791 1542 εἰς
1811 1507 2024 1547 πλεονεξίαν
2048 1504 2238 1550 δεδώκασι,
2263 1509 2323 1541 καὶ
2343 1504 2467 1542 διπλα»

227 1557 351 1588 σιόνας
373 1556 434 1588 καὶ
456 1553 718 1600 τριπλασίονας
740 1550 845 1598 τιμάς
867 1565 908 1588 τε
930 1557 992 1588 καὶ
1014 1553 1173 1598 μισθοὺς
1197 1551 1295 1599 παρὰ
1320 1552 1389 1596 τὴν
1413 1549 1569 1599 ἀρχαίαν
1593 1551 1796 1597 συνήθειαν
1819 1554 2039 1596 ἐπιζητοῦσι.

1249 1643 1408 1679 CAPUT
1432 1644 1460 1680 Ι.

363 1699 587 1745 Συνείδομεν
617 1703 744 1735 τοίνυν
775 1698 837 1735 διὰ
868 1700 975 1735 θείου
1006 1698 1141 1735 ἰδίκτου
1172 1701 1289 1735 πᾶσιν
1321 1697 1570 1747 ἀπαγορεῦσαι
1601 1698 1669 1742 τὴν
1691 1698 1866 1741 τοιαύτην
1896 1697 2120 1742 πλεονεξίαν,
2150 1699 2210 1732 καὶ
2237 1695 2376 1742 μηδένα
2404 1697 2469 1731 τοῦ

228 1746 356 1783 λοιποῦ
381 1745 522 1791 τολμᾶν
544 1745 826 1792 πραγματευτὴν
856 1742 879 1789 ἢ
904 1744 1060 1793 ἐργάτην
1091 1744 1116 1790 ἢ
1140 1750 1305 1790 τεχνίτην
1330 1745 1369 1787 ἐξ
1390 1743 1604 1789 οἱαςδήποτε
1625 1741 1790 1789 μεθόδου
1817 1742 1841 1787 ἢ
1864 1745 2036 1791 ἐμπορίας
2058 1742 2083 1788 ἢ
2104 1747 2297 1789 γεηπονίας
2320 1741 2470 1778 πλείονα
2491 1746 2534 1779 25

296 1812 382 1851 Νου.
411 1815 563 1850 CXXII
584 1815 710 1849 Graece
732 1822 853 1848 tantum
879 1821 967 1848 extat
989 1817 1023 1848 in
1047 1815 1095 1848 Μ
1101 1816 1135 1858 f.
1153 1815 1235 1850 394¹
1261 1817 1294 1848 in
1319 1815 1498 1858 appendice
1522 1814 1711 1847 Edictorum
1734 1813 1915 1847 Iustiniani
1944 1820 2032 1847 sexto
2066 1813 2133 1846 loco
2161 1814 2291 1856 posita,
2324 1814 2358 1846 in
2387 1813 2470 1845 serie

229 1862 425 1896 novellarum
447 1862 601 1894 omittitur
620 1856 656 1902 (ἡ
679 1856 720 1893 δὲ
741 1855 820 1905 ρκβ’
839 1854 903 1902 οὔχ
925 1858 1060 1904 εὑρέθη
1083 1861 1183 1894 schol.
1199 1861 1246 1894 Μ
1260 1862 1292 1894 in
1310 1873 1380 1894 mar
1405 1860 1437 1902 .).
1485 1860 1598 1892 Fuisse
1621 1871 1690 1892 eam
1715 1860 1748 1892 in
1769 1858 1806 1892 B
1824 1860 1877 1901 55,
1896 1865 1939 1900 14,
1955 1866 1972 1892 4
1996 1866 2154 1892 testantur
2171 1859 2349 1901 Tipucitus,
2374 1858 2471 1891 index

230 1905 758 1994 ggffgizignffghgzdeglsseqinae
782 1902 856 1948 (βί.
879 1904 959 1939 τῶν
982 1902 1184 1948 βασιλικῶν
1207 1902 1258 1939 νε’
1283 1908 1330 1939 τί.
1356 1919 1369 1938 ι
1398 1901 1445 1948 ’ἡ
1468 1900 1535 1947 ὅλη
1557 1902 1669 1949 νεαρά
1695 1904 1804 1937 adnot.
1830 1905 1862 1938 in
1885 1917 1986 1949 marq.
2004 1904 2061 1946 L).
2089 1922 2132 1928 ——
2158 1904 2248 1947 Epit.
2267 1903 2389 1937 Theod.
2405 1903 2469 1936 122

230 2032 493 2076 nonqentorum
519 2027 767 2080 quadraqinta
800 2038 926 2063 novem
950 2037 1144 2063 aureorum
1168 2037 1305 2064 summa
1329 2027 1569 2071 conficiatur,·
1604 2036 1683 2060 eum
1707 2036 1803 2068 vero,
1835 2025 1899 2071 qui
1922 2025 1967 2060 de
1993 2037 2034 2061 eo
2059 2025 2206 2071 neqotio
2231 2024 2471 2070 coqnovisset,

231 2085 311 2110 cum
333 2084 409 2109 non
434 2073 697 2109 considerasset
719 2082 828 2107 unam
852 2082 928 2107 esse
953 2072 1063 2107 totius
1087 2071 1333 2107 accusationis
1356 2081 1522 2112 causam,
1546 2081 1585 2105 se
1608 2081 1681 2105 non
1706 2069 1904 2113 admisisse,
1932 2070 1997 2106 sed
2015 2071 2053 2106 in
2076 2075 2209 2106 sortem
2230 2073 2471 2106 sescentorum

231 2130 424 2155 aureorum
447 2118 688 2154 condemnare
710 2117 878 2154 voluisse.
926 2115 1058 2163 Itaque
1077 2116 1265 2168 petierunt
1298 2119 1339 2152 ut
1361 2115 1431 2151 hac
1454 2115 1666 2151 necessitate
1697 2120 1931 2158 exuerentur,
1961 2119 1997 2152 et
2019 2119 2226 2162 computato
2252 2119 2328 2151 toto
2352 2114 2471 2150 debito

232 2166 511 2211 quinqentorum
535 2173 750 2202 aureorum,
781 2162 813 2197 si
836 2173 946 2197 unum
970 2167 1006 2198 et
1029 2161 1297 2208 quinquaqinta
1320 2161 1500 2196 solverent
1529 2161 1595 2207 qui
1615 2159 1750 2206 reliqui
1770 2164 1886 2196 essent
1914 2159 1964 2196 ad
1985 2160 2082 2197 mille
2104 2160 2302 2196 solidorum
2325 2160 2467 2206 quanti-

235 2217 353 2252 tatem,
378 2213 414 2244 et
436 2220 460 2244 a
486 2212 560 2244 toto
585 2207 704 2243 debito
729 2206 972 2244 liberarentur
995 2211 1031 2242 et
1051 2207 1308 2253 feneraticiam
1332 2206 1536 2242 cautionem
1558 2211 1802 2241 sescentorum
1827 2216 2019 2242 aureorum
2042 2206 2119 2241 reci
2146 2209 2256 2241 erent.

369 2254 416 2289 II.
464 2254 597 2299 Itaque
613 2253 786 2299 quoniam
811 2253 908 2298 leqes
931 2256 1079 2288 nostrae
1102 2251 1195 2287 nillil
1209 2262 1324 2298 supra
1341 2251 1490 2298 duplum
1514 2250 1607 2286 solvi
1623 2251 1759 2293 volunt,
1784 2262 1934 2297 eamque
1950 2262 1973 2286 a
1987 2251 2110 2298 priori
2134 2262 2176 2286 us
2192 2250 2471 2297 discrepantiam

233 2299 382 2341 liabent,
414 2299 512 2345 quod
534 2298 620 2334 illae
643 2297 787 2344 quidem
811 2297 931 2334 debita
964 2309 1078 2344 usque
1101 2297 1150 2332 ad
1172 2297 1322 2344 duplum
1345 2296 1529 2338 sistebant,
1559 2296 1594 2331 si
1615 2296 1719 2331 nulla
1742 2295 1876 2332 solutio
1908 2297 2016 2342 facta
2039 2300 2143 2338 esset,
2175 2307 2242 2331 nos
2265 2300 2385 2331 autem
2409 2306 2472 2330 eas

233 2355 377 2391 quoque
398 2344 598 2379 solutiones
622 2354 717 2390 quae
731 2354 805 2390 per
822 2347 954 2390 partes
974 2343 1068 2388 fiant
1091 2342 1211 2378 debita
1234 2342 1372 2378 solvere
1421 2341 1632 2383 emisimus,
1663 2341 1839 2387 siquidem
1863 2352 1978 2387 usque
1997 2341 2048 2377 ad
2074 2341 2224 2388 duplum
2245 2341 2472 2387 perveniant,

231 2392 413 2425 sancimus
450 2393 490 2424 ut
519 2388 714 2424 secundum
751 2388 819 2424 hoc
845 2389 915 2433 fiat
943 2387 1186 2435 computatio,
1226 2391 1335 2434 atque
1367 2388 1382 2422 i
1395 2387 1421 2422 li
1449 2387 1482 2422 si
1513 2390 1687 2433 quantum
1716 2386 1849 2432 reliqui
1885 2390 1935 2422 sit
1964 2386 2015 2422 ad
2043 2387 2139 2422 mille
2169 2397 2301 2422 aureos
2329 2386 2474 2421 solvant

232 2436 340 2516 ιὶιίἑινη
359 2435 616 2482 feneraticiam
643 2437 887 2470 sescentorum
917 2444 1115 2469 aureorum
1138 2434 1343 2468 cautionem
1366 2432 1565 2479 recipiant,
1601 2442 1647 2466 ne
1670 2441 1719 2467 ea:
1742 2431 1811 2466 liac
1834 2442 1945 2467 causa
1968 2432 2110 2468 eveniat
2132 2436 2172 2467 ut
2194 2431 2471 2477 multiplicatum

233 2491 278 2516 ce
301 2481 389 2516 itum
413 2480 476 2515 exi
503 2483 598 2515 atur.

369 2523 462 2571 Epi
490 2535 511 2560 o
521 2535 615 2570 qus.
664 2523 939 2569 Maqnificentia
974 2524 1088 2570 iqitur
1123 2527 1186 2559 tua
1243 2535 1312 2559 uae
1346 2523 1451 2559 nobis
1483 2522 1702 2569 placuerunt
1735 2524 1770 2557 et
1802 2533 1871 2568 per
1899 2521 1994 2557 lianc
2028 2532 2170 2557 sacram
2203 2520 2471 2568 praqmaticam

232 2570 454 2607 sanctionem
477 2569 710 2605 declarantur
733 2568 783 2603 ad
803 2579 895 2616 opus
924 2571 959 2603 et
982 2568 1150 2614 effectum
1173 2580 1196 2603 a
1224 2568 1355 2604 ducere
1375 2568 1538 2610 studeat,
1568 2569 1609 2602 ut
1638 2570 1674 2602 et
1696 2566 1952 2612 interpretatio
1984 2572 2112 2602 contra
2144 2566 2233 2602 haec
2259 2564 2412 2612 prolata
2435 2566 2472 2600 iu

233 2615 431 2658 sententiis,
463 2625 618 2660 quarum
640 2614 824 2660 supplices
852 2614 1106 2656 meminerunt,
1138 2613 1329 2656 abiciatur,
1361 2617 1396 2649 et
1419 2613 1541 2649 omnia
1565 2623 1659 2658 quae
1686 2622 1756 2658 per
1779 2612 2023 2658 obreptionem
2055 2617 2091 2647 et
2114 2612 2158 2647 ab
2183 2622 2257 2647 una
2275 2615 2386 2665 parte
2409 2610 2472 2645 ad-

233 2671 359 2697 versus
382 2660 496 2706 leqem
520 2664 605 2696 acta
627 2664 711 2694 sunt
734 2658 793 2695 vel
813 2662 970 2706 aqentur
994 2662 1143 2694 cessent.
1208 2659 1383 2696 Divinitas
1407 2661 1444 2695 be
1468 2663 1585 2694 servet
1608 2667 1673 2703 per
1695 2657 1827 2693 multos
1851 2667 1976 2700 annos,
2004 2657 2117 2693 frater
2139 2656 2404 2693 iucund1ssime.

610 2873 939 2924 EDICTUM
969 2873 1073 2924 DE
1107 2803 1661 2924 C'ONSI'XIAJIIITIONE'
1690 2869 2099 2922 ARTJFJCIJM.

373 2963 644 3010 Praefatio.
694 2962 932 3009 Coqnovimus
947 2966 1040 3009 post
1063 2962 1340 3008 castiqationem
1372 2973 1466 3007 quae
1495 2961 1690 2998 secundum
1721 2960 1860 2996 domini
1887 2960 1946 2995 dei
1973 2959 2195 2996 clementiam
2226 2959 2382 3004 conte'qit
2410 2969 2473 2994 eos

238 3011 302 3056 qui
324 3010 588 3057 neqotiationes
611 3012 647 3044 et
670 3009 828 3053 artificia
851 3012 1025 3044 exercent
1046 3013 1083 3044 et
1105 3009 1330 3044 diversarum
1354 3007 1487 3042 artium
1512 3006 1661 3059 opifices
1691 3009 1727 3041 et
1750 3005 1992 3052 aqricultores
2022 3016 2088 3040 nec
2119 3015 2193 3040 non
2215 3009 2360 3046 nautas,
2393 3014 2473 3040 cum

236 3056 361 3102 potius
385 3055 551 3091 meliores
577 3053 660 3097 sieri
683 3053 869 3096 deberent,
901 3053 1080 3090 avaritiae
1102 3064 1141 3089 se
1165 3051 1315 3095 dedisse,
1347 3056 1383 3087 et
1406 3052 1567 3099 duplicia
1591 3056 1700 3097 atque
1729 3051 1889 3097 triplicia
1914 3050 2040 3098 pretia
2070 3050 2320 3095 mercedesque
2345 3053 2474 3085 contra

238 3106 392 3141 veterem
417 3098 710 3136 consuetudinem
733 3099 894 3144 exiqere.

373 3145 403 3181 1.
451 3144 599 3181 Placuit
627 3144 742 3197 iqitur
772 3144 877 3180 nobis
910 3154 978 3189 per
1006 3153 1151 3178 sacrum
1185 3142 1338 3179 edictum
1368 3142 1532 3177 omnibus
1561 3140 1740 3178 eiusmodi
1771 3140 1962 3176 avaritiam
1992 3139 2226 3182 interdicere,
2261 3150 2349 3176 neve
2377 3137 2474 3174 ullus

238 3192 277 3226 in
300 3193 492 3238 posterum
527 3193 734 3236 neqotiator
768 3193 834 3224 aut
867 3188 1035 3235 aqricola
1070 3190 1135 3223 aut
1167 3188 1310 3234 artifex
1345 3198 1395 3223 ea:
1415 3197 1650 3233 'quacumque
1684 3189 1765 3222 arte
1800 3185 1857 3222 vel
1886 3185 2134 3232 neqotiatione
2164 3184 2220 3220 vel
2247 3183 2472 3231 aqricultura

239 3247 2471 3263 ——ss——ffl——m

287 3284 302 3318 1
325 3282 404 3315 τῶν
419 3282 460 3322 L]
487 3294 545 3314 om.
561 3282 607 3314 M
619 3283 630 3323 ΙΙ
654 3281 854 3314 ἐνακοσίων
870 3291 980 3313 τεσσα
1006 3278 1143 3313 άκοντα
1159 3280 1243 3312 ένέα
1259 3279 1290 3312 L
1311 3279 1324 3321 ΙΙ
1395 3281 1436 3313 19
1451 3282 1539 3312 rubr.
1553 3275 1705 3311 ’Ἰδικτον
1725 3274 1906 3318 (Έδικτον
1921 3279 1961 3318 L,
1975 3291 2033 3310 om.
2048 3277 2097 3319 B)
2121 3277 2203 3321 περὶ
2219 3271 2472 3309 &mvndo-mc

240 3330 261 3362 4
274 3324 517 3371 καταβάλοιεν
529 3326 734 3366 Haloander]
747 3322 950 3368 καταβάλοι
1003 3325 1044 3367 L,
1061 3321 1325 3367 καταβάλλοιεν
1392 3322 1569 3365 τεχνιτῶν
1582 3324 1701 3356 Τὴεοᾱ.
1710 3322 1769 3363 (L)
1779 3323 1826 3362 B]
1842 3319 1995 3356 Ἴδικτον
2009 3322 2075 3356 τοῦ
2092 3318 2353 3365 εὐσεβεστάτου
2367 3314 2472 3360 ἡμῶν

243 3385 310 3406 aum
324 3373 509 3415 Scrimqero
522 3372 608 3415 vulq.
626 3371 638 3413 ΙΙ
656 3371 723 3404 ἕνα
736 3371 913 3414 Scrimqer]
938 3371 976 3403 ἐκ
994 3370 1037 3403 Μ
1057 3371 1097 3402 ἓν
1109 3370 1140 3402 L
1159 3370 1171 3412 ΙΙ
1188 3371 1208 3403 5
1222 3366 1324 3402 λιπο-
1393 3365 1573 3403 δεσπότου
1589 3366 1833 3401 ἰουστινιανοῦ
1846 3368 1891 3400 M
1902 3363 2014 3401 ἹΩστε
2029 3365 2111 3400 τοὺς
2126 3360 2398 3412 πραγματεντὰς
2412 3364 2472 3395 καὶ

241 3419 367 3459 μένους
390 3417 422 3450 L
446 3416 459 3460 11
485 3419 503 3451 7
523 3414 662 3460 νόμων]
693 3416 769 3450 Cod.
784 3417 818 3458 4,
831 3423 877 3457 32,
891 3423 944 3454 273
969 3427 1039 3448 nov.
1059 3415 1198 3448 CXXX
1206 3413 1296 3448 VIII
1315 3413 1327 3455 ΙΙ
1393 3416 1556 3455 τεχνίτας
1579 3415 1639 3446 καὶ
1660 3408 1857 3459 γεηπόνους
1880 3414 1939 3445 καὶ
1955 3411 2090 3446 ναύτας
2109 3414 2168 3445 καὶ
2186 3406 2310 3445 πάντα
2326 3405 2373 3440 τὰ
2394 3407 2469 3440 ἐπι-

243 3466 262 3494 8
287 3460 323 3495 οἱ
343 3463 423 3506 μὲν]
453 3462 531 3496 Cod.
553 3464 584 3502 4,
601 3469 647 3502 32,
663 3469 695 3495 ιο
724 3461 737 3503 ΙΙ
766 3462 786 3495 9
811 3459 911 3505 εἴπερ
935 3461 979 3502 L]
1015 3455 1108 3504 ἅπερ
1130 3459 1188 3501 M,
1219 3457 1326 3502 αἴπερ
1393 3456 1602 3503 τηδεύματα
1617 3456 1711 3491 κατὰ
1727 3455 1796 3500 τὴν
1812 3453 1967 3499 ἀρχαίαν
1982 3455 2183 3499 συνήθειαν
2199 3451 2396 3498 λαμβάνειν
2412 3454 2470 3484 καὶ

244 3507 432 3541 Zachariae
447 3506 461 3550 11
488 3509 528 3542 10
552 3506 686 3540 τοῦτον
709 3506 793 3547 ML,
814 3518 897 3539 corr.
913 3506 1109 3539 Haloander
1127 3504 1138 3546 ΙΙ
1158 3506 1194 3538 11
1217 3502 1326 3537 τοῦτο
1380 3499 1557 3544 ’διδόναι,
1589 3498 1638 3536 οἷς
1660 3495 1708 3545 ἦν
1729 3500 1801 3547 πρὸ
1827 3502 1890 3536 τοῦ
1914 3502 2122 3536 θανατικοῦ
2151 3501 2186 3542 [ι’.
2206 3510 2233 3532 ε.
2257 3503 2331 3549 “3¹¹⁸
2350 3505 2470 3539 pestem

245 3546 372 3584 αὐτοὺς
384 3552 583 3592 Zachariae]
608 3550 692 3585 τοὺς
714 3546 844 3584 αὐτοὺς
864 3551 936 3584 ML
952 3549 964 3594 ΙΙ
992 3552 1035 3584 14
1057 3561 1098 3583 τε
1115 3550 1172 3590 Μ]
1197 3545 1238 3582 δὲ
1260 3548 1292 3581 L
1316 3547 1327 3591 ΙΙ
1396 3550 1477 3582 anni
1499 3551 1584 3589 541,
1621 3550 1663 3591 cs:
1691 3548 1905 3590 Theophanes
1936 3549 2105 3590 clu-onoqr.
2133 3544 2180 3579 ad
2204 3541 2382 3575 Iustmiani
2411 3555 2469 3575 an-

244 3597 434 3639 γενομένης
446 3597 644 3630 Ηαὶοαηάεν
660 3595 673 3639 ΙΙ
699 3597 740 3630 16
761 3596 938 3630 clausulam
961 3596 1094 3628 latinam
1114 3606 1185 3628 cum
1203 3595 1326 3627 subscr.
1395 3605 1468 3626 num
1482 3594 1522 3626 X
1530 3594 1591 3634 V.]‚
1610 3594 1671 3628 καὶ
1684 3588 1800 3637 μηδὲν
1815 3589 1928 3627 πλέον
1939 3592 2015 3626 Aua.
2034 3591 2047 3635 fl
2063 3592 2107 3625 20
2121 3582 2322 3626 παίδευσιν]
2345 3588 2365 3619 i.
2384 3599 2410 3619 e.
2426 3585 2469 3620 τὸ

247 3651 304 3670 om.
335 3641 362 3672 L
390 3641 403 3682 ΙΙ
433 3643 472 3675 17
495 3650 577 3675 xvu
601 3641 648 3674 M
659 3642 749 3682 Am]
785 3651 880 3674 xvm
906 3653 983 3684 app.
1006 3639 1071 3674 Iul.
1102 3638 1116 3683 ΙΙ
1141 3638 1244 3671 maiae
1268 3649 1327 3671 om.
1395 3635 1615 3679 θανατικόν,
1639 3639 1682 3681 ej:
1702 3639 1778 3671 Atta.
1805 3636 1819 3682 ΙΙ
1852 3639 1894 3672 25
1917 3634 2149 3679 οἱαςδήποντσ
2170 3630 2216 3664 Μ
2237 3630 2250 3674 ΙΙ
2277 3628 2473 3674 μεθοδείας

247 3682 333 3715 luiso
357 3684 371 3726 ΙΙ
394 3684 544 3718 bilisario
566 3695 619 3719 uo.
644 3696 735 3719 oona.
756 3686 821 3727 (uo.
847 3698 906 3720 om.
920 3686 1020 3727 Iul.¹⁰,
1051 3694 1140 3717 oona.
1161 3696 1219 3717 om.
1231 3680 1326 3725 Iul-⁶)
1395 3683 1488 3716 malit
1511 3684 1700 3717 Zachariae
1721 3683 1789 3717 sine
1813 3694 1915 3717 causa

249 3738 325 3770 app.
338 3727 400 3762 Iul.
425 3728 550 3762 bilisar.
565 3740 617 3763 uo.
632 3739 740 3764 οοιιεε.
752 3730 800 3765 Μ
814 3727 988 3765 ὑπατείας
1000 3726 1212 3773 Βελισαρίου
1226 3727 1303 3762 Am.
1316 3726 1328 3770 ΙΙ
