2580 4022
230 154 270 195 N
272 167 337 196 ov.
369 153 501 196 CLIX
530 165 590 205 pr.

714 261 807 303 FN&

271 340 405 375 ΩΣΤΕ
440 337 545 371 ΤΑΣ
578 336 1054 371 ῩΠΟΚΑΤΑΣΤΑΣΕΙΣ
1094 335 1257 369 ΜΕΧΡῙ

420 383 552 417 ΕΝΟΣ
588 382 807 416 ΒΑΘΜΟΥ
841 380 1094 415 ΙΣΤΑΣΘΑῙ.

222 535 260 571 Ὁ
295 535 409 571 αὐτὸς,
440 534 604 580 βασιλεὺς
639 538 766 581 Πέτρῳ
802 535 855 578 τῷ
893 532 1119 577 ἐνδοξοτάτῳ
1155 532 1298 580 ἐπάρχῳ

469 581 546 614 τῶν
571 579 677 625 ἱερῶν
701 583 936 626 πραιτωρίων
958 579 1000 614 τὸ
1024 579 1071 622 β’.

306 647 393 692 <Πρ
403 660 421 681 o
431 660 450 682 o
458 651 504 701 ίμ
515 662 526 681 ι
535 660 554 681 o
564 647 620 692 ν.)
683 648 860 682 Τοσοῦτον
896 644 984 691 ἡμῖν
1018 645 1301 692 φιλανθρωπίας

224 696 418 737 περίεστιν,
454 703 503 725 ως
537 692 627 736 μηδὲ
660 691 723 726 τὰς
755 690 941 726 ἰδιωτικὰς
972 690 1166 726 ὑποθέσεις
1174 717 1182 733 ,
1218 687 1301 724 ὅσαι

1300 143 1386 190 736
1420 141 1425 144 ’

2034 161 2093 190 DE
2121 160 2443 192 RESTITUTIONE

1674 266 1796 302 CLIX.
1887 268 1994 303 Auth.
2014 268 2172 303 CXXVI.
2191 268 2276 303 Goll.
2289 268 2342 303 IX
2356 269 2410 304 tit.
2423 271 2442 304 8

1369 333 1409 378 R)
1426 333 1492 367 DE
1509 331 1868 369 RESTITUTIONE
1887 333 2250 370 FIDEICOMMISSI
2267 335 2343 376 [ET
2360 335 2442 371 No-

1368 377 1961 463 {stamedienses
1970 379 2083 467 &A
2091 379 2356 458 fflffis
2359 380 2442 461 {¹131

1457 466 1582 503 MINE
1610 467 1768 502 ΕΤΙΑΜ
1793 467 1953 504 NURUS
1978 467 2292 505 GONTINETUR
2312 469 2353 513 Rf

1594 533 1693 570 Idem
1716 535 1807 578 Aug.
1831 534 1937 570 Petro
1960 545 2020 579 pp.
2047 535 2213 571 secundo.

1436 645 1734 692 (Praefatio.)
1791 645 1908 680 Tanta
1945 644 2047 680 nobis
2088 645 2317 681 humanitatis
2358 656 2444 681 cura

1371 693 1442 732 est,
1481 693 1522 726 ut
1558 701 1674 736 neque
1712 691 1866 736 privatas
1906 689 2124 734 cognitiones
2158 701 2249 735 quae
2282 691 2443 726 videntur

225 735 391 790 δοκοῦσιν
415 735 501 780 ἡμῖν
526 737 674 791 ζήτησξν
689 737 922 781 ὑπερβαίνειν
939 735 1158 778 δικαστικήν,
1182 735 1302 814 vigione-
1317 737 1357 770 10
1371 735 1473 770 nobis
1493 737 1735 780 quaestionem
1753 736 1923 770 excedere
1941 734 2142 770 iudicialem
2159 735 2294 779 legibus
2312 736 2443 771 nostris

224 785 405 825 ημετέροις
437 780 607 826 διορίζειν
631 782 820 825 απαξιοῦν,
851 781 899 815 ὥς
921 782 970 825 μὴ
994 778 1178 815 ὑπόθεσιν
1203 780 1214 813 ἰ
1240 792 1301 813 ιω-

223 825 329 869 τικὴν
361 824 653 873 ὑπερβαίνουσαν
686 824 799 869 ἀκοὴν
831 827 879 860 εἰς
903 824 1132 869 δικαστήοιον
1155 826 1302 871 φερομέ-

223 884 291 913 νην
320 872 440 916 μακρᾷ
470 871 551 905 τοὺς
583 869 891 916 ἅμφιςβητοῖντας
915 858 1159 915 παραδιδόναι
1182 884 1203 903 τ
1229 870 1299 916 ιβῇ.

221 912 449 961 Ἀλέξανδρος
479 919 603 950 τοίνυν
635 914 654 949 ὁ
688 914 923 956 ἐνδοξότατος
952 913 1109 970 ἀνήγαγε
1133 883 1302 949 πολλάκις

1370 780 1518 815 definire
1540 780 1781 825 dedignamur,
1804 789 1917 824 neque
1941 779 2174 823 cognitionem
2194 780 2367 825 privatam
2383 790 2442 814 ex-

1371 825 1554 860 cedentem
1585 826 1711 860 audire
1741 826 1778 859 in
1807 824 1938 860 iudicia
1969 833 2034 868 per
2066 825 2216 859 circuita
2244 825 2350 867 longa
2373 824 2442 858 liti—

1369 873 1494 914 gantes
1518 871 1661 906 tradere
1683 869 1879 905 afflictioni.
1915 868 2118 903 Alexander
2140 869 2247 913 igitur
2269 868 2444 912 gloriosus

1371 915 1546 959 suggessit
1566 915 1667 950 nobis
1687 915 1903 955 multotiens,
1934 913 2093 948 Hierium
2117 914 2291 957 gloriosae
2313 923 2444 948 memo-

223 957 320 1014 ἡμῖν,
352 959 475 1004 Ἰέριον
506 961 572 995 τὸν
602 962 665 1003 τῆς
696 959 843 1001 ἐνδόξου
867 960 1005 1004 μνήμης
1030 961 1138 993 αυτοῦ
1162 961 1302 1003 πατέρα
1319 961 1356 993 15
1370 959 1445 994 riae
1467 962 1605 1005 patrem
1627 969 1731 995 suum
1753 959 1965 994 scribentem
1980 961 2228 993 testamentum
2244 958 2444 993 nominibus

221 1018 412 1051 γραφοντα
429 1003 607 1047 διαθήκας
631 1003 763 1050 ῥήμασι
787 1005 994 1050 χρήσασθαι
1017 1003 1171 1039 τούτοις·
1189 1002 1301 1046 ,,Βοὺ-

223 1049 331 1093 λομαι
363 1047 403 1083 δὲ
433 1052 492 1083 καὶ
522 1049 653 1084 κελεύω
686 1050 768 1084 τοὺς
793 1050 892 1093 ἐμοὺς
912 1048 1164 1095 κληρονόμους,
1196 1051 1301 1082 Κων-

223 1096 418 1128 σταντῖνον
450 1096 517 1138 μὲν
552 1095 619 1128 τὸν
655 1093 912 1142 λαμπρότατον
939 1095 1008 1136 τὴν
1038 1092 1302 1139 ἇφορισθεῖσαν

1371 1014 1474 1040 usum
1490 1004 1587 1040 istis:
1613 1005 1728 1048 „Volo
1746 1006 1863 1039 autem
1880 1005 1916 1038 et
1931 1003 2035 1038 iubeo
2053 1013 2150 1038 meos
2168 1003 2327 1045 heredes,
2352 1003 2443 1038 Con-

1371 1050 1565 1084 stantinum
1600 1049 1742 1093 quidem
1770 1050 1882 1084 virum
1913 1048 2145 1082 clarissimum
2175 1048 2380 1092 deputatam
2411 1048 2444 1081 ei

1371 1094 1513 1129 domum
1545 1104 1625 1128 cum
1656 1093 1751 1129 omni
1784 1093 1878 1128 sicut
1900 1092 2062 1137 superius
2088 1092 2259 1137 scriptum
2282 1096 2338 1127 est
2361 1101 2444 1126 con-

224 1136 322 1182 αὗτῷ
354 1140 471 1172 οἰκίαν
501 1139 594 1182 μετὰ
625 1140 780 1174 πάντων
803 1141 880 1173 τῶν
904 1139 1006 1173 καθὰ
1031 1141 1301 1184 προγέγραπται
1369 1139 1490 1173 iuncto
1517 1139 1550 1173 ei
1580 1138 1675 1181 iure,
1710 1141 1746 1173 et
1775 1137 1970 1183 proastium
2003 1137 2097 1181 quod
2128 1137 2165 1172 in
2197 1137 2359 1181 Cupatiis
2392 1141 2445 1171 est

223 1184 493 1228 σνναφθέντων
517 1182 607 1231 αὐτῇ
633 1182 786 1217 δικαίων
809 1187 868 1217 καὶ
891 1184 934 1218 τὸ
959 1185 1177 1230 προάστειον
1200 1183 1243 1217 τὸ
1262 1184 1301 1216 ἐν
1314 1184 1355 1218 20
1371 1193 1451 1218 cum
1473 1183 1567 1218 omni
1590 1184 1684 1218 sicut
1706 1183 1869 1227 superlus
1892 1182 2064 1226 scriptum
2088 1184 2141 1216 est
2169 1183 2390 1225 competente
2414 1182 2445 1216 ei

223 1232 296 1263 τοῖς
332 1231 541 1271 Κωπαρίοις
576 1229 666 1273 μετὰ
702 1229 857 1263 πάντων
892 1228 995 1262 καθὰ
1031 1230 1300 1275 προγέγραπται

222 1275 300 1307 τῶν
332 1271 585 1318 διαφερόντων
617 1271 715 1316 αὐτῷ
743 1272 895 1308 δικαίων
918 1276 978 1307 καὶ
1001 1273 1070 1316 τὴν
1093 1274 1211 1307 οἰκίαν
1233 1272 1301 1316 τὴν

224 1320 263 1352 ἐν
275 1317 473 1361 Ἀντιοχείᾳ
496 1317 565 1361 τὴν
588 1317 680 1352 κατὰ
698 1319 932 1363 Μαμμιανόν,
953 1314 1147 1363 Ἀνθέμιον
1172 1317 1211 1351 δὲ
1233 1317 1301 1351 τὸν

182 1370 184 1372 ’
222 1361 444 1409 γλυκύτατον
467 1361 511 1397 τὸ
531 1362 745 1408 προάστειον
768 1364 810 1397 τὸ
837 1365 877 1397 ἐν
904 1361 1118 1408 Βλαχέρναις
1141 1362 1183 1397 τὸ
1209 1361 1300 1396 κατὰ

1369 1229 1457 1270 iure,
1478 1232 1514 1263 et
1538 1230 1680 1263 domum
1705 1237 1795 1272 quae
1817 1228 1854 1262 in
1872 1226 2063 1262 Antiochia
2084 1229 2165 1260 cata
2179 1226 2443 1268 Mammianum,

1369 1273 1596 1308 Anthemium
1642 1283 1723 1308 vero
1764 1271 2004 1308 dulcissimum
2041 1271 2239 1315 proastium
2278 1271 2372 1315 quod
2408 1271 2445 1305 in

1371 1318 1564 1353 Blacernas
1599 1319 1653 1352 est
1686 1318 1767 1352 cata
1790 1317 1988 1360 Eugenium
2011 1319 2048 1352 et
2069 1316 2246 1350 Iulianum
2268 1316 2445 1359 gloriosae

1368 1363 1557 1398 memoriae
1591 1363 1704 1405 viros,
1739 1365 1775 1397 et
1810 1362 2007 1407 proastium
2043 1361 2137 1405 quod
2170 1361 2208 1396 in
2244 1359 2445 1395 summitate

222 1405 395 1458 Εὐγένιον
424 1410 483 1441 καὶ
505 1404 701 1442 Ἰουλιανὸν
723 1406 804 1442 τοὺς
824 1409 886 1451 τῆς
909 1406 1057 1448 ἐνδόξου
1079 1405 1218 1460 μνήμης
1242 1410 1301 1440 καὶ
1315 1408 1356 1442 25
1371 1407 1468 1443 sinus
1492 1407 1648 1443 Sostenii
1679 1410 1733 1442 est
1765 1406 1859 1452 quod
1891 1406 2069 1451 quondam
2101 1408 2182 1441 cata
2205 1406 2444 1440 Ardaburium

222 1465 266 1486 το
299 1449 515 1498 προάστειον
544 1453 588 1487 τὸ
616 1456 656 1486 ἐν
686 1455 740 1496 τῷ
763 1452 861 1497 ἄκρῳ
886 1454 950 1487 τοῦ
973 1452 1107 1488 κόλπου
1130 1465 1194 1487 του
1220 1454 1299 1485 Σω-

223 1498 373 1531 σθενίου
397 1496 440 1531 τό
466 1509 555 1532 ποτε
576 1497 668 1532 κατὰ
690 1495 949 1545 Ἀρδαβούριον
975 1497 1043 1532 τὸν
1066 1498 1129 1541 τῆς
1153 1495 1300 1537 ἐνδόξου

221 1543 380 1586 μνήμης,
415 1540 641 1577 Καλλιόπιον
677 1541 716 1577 δὲ
749 1545 817 1577 τὸν
851 1542 1108 1587 λαμπρότατον
1139 1541 1182 1576 τὸ
1214 1553 1301 1587 προ-

223 1586 368 1621 ἀστειον
392 1587 434 1620 τὸ
456 1586 643 1642 Βυθάριον
666 1587 747 1631 ἤτοι
770 1588 833 1622 τοῦ
850 1587 1040 1630 Φιλοθέου,
1064 1590 1125 1621 καὶ
1138 1585 1301 1627 Αλέξαν·

224 1629 312 1675 δρον
329 1631 397 1666 τὸν
423 1631 748 1686 λαμπροτατονὶτὸ
773 1629 993 1678 προάστειον
1016 1631 1060 1666 τὸ
1085 1634 1125 1666 ἐν
1148 1634 1220 1666 τοῖς
1237 1635 1300 1665 Βε-
1314 1632 1357 1666 30

222 1679 337 1710 νέτοις
358 1675 408 1720 μὴ
432 1678 633 1720 ἐκποιῆσαι,
656 1690 705 1721 μη
723 1678 815 1711 κατὰ
832 1679 968 1722 πρᾶσιν
983 1676 1031 1721 μὴ
1051 1675 1141 1711 κατὰ
1160 1675 1301 1722 δωρεὰν

1368 1452 1544 1496 gloriosae
1575 1452 1782 1494 memoriae,
1815 1451 2023 1495 calliopium
2049 1460 2132 1486 vero
2155 1450 2267 1485 virum
2291 1450 2443 1485 clarissi-

1368 1507 1463 1532 mum
1486 1497 1682 1542 proastium
1705 1496 1887 1541 Bytarium
1909 1497 1980 1531 sive
2003 1497 2085 1530 cata
2106 1495 2340 1537 Philotheum,
2363 1494 2446 1540 (et)

1368 1542 1610 1578 Alexandrum
1645 1542 1759 1577 virum
1796 1541 2029 1577 clarissimum
2058 1540 2255 1585 proastium
2284 1542 2379 1585 quod
2408 1540 2445 1574 in

1369 1587 1515 1624 Venetis
1539 1589 1605 1631 est,
1638 1597 1710 1623 non
1734 1586 1891 1630 alienari,
1922 1596 1994 1622 non
2016 1595 2080 1631 per
2102 1585 2349 1628 venditionem,
2373 1595 2445 1620 non

359 1766 442 1799 Nov.
462 1766 582 1799 CLIX
602 1767 658 1808 (=
669 1767 768 1800 Auth.
790 1767 998 1800 0XXVI==
1023 1767 1104 1800 C'oll.
1120 1767 1180 1799 IX
1194 1768 1238 1799 tit.
1258 1768 1295 1800 8:
1325 1767 1438 1809 yloss.)
1467 1766 1592 1800 Graece
1623 1773 1711 1800 extat
1740 1768 1773 1800 in
1799 1767 1882 1806 ML,
1903 1767 1976 1808 fuit
2007 1766 2039 1799 in
2064 1766 2096 1798 B
2112 1767 2166 1807 36,
2182 1773 2205 1807 1,
2224 1773 2251 1799 7.
2275 1784 2319 1789 -
2353 1763 2443 1808 Ερίἰ.

227 1810 347 1844 ΤΙιεοᾱ.
367 1812 443 1852 159,
466 1811 587 1845 Athan.
605 1813 693 1853 9,11,
717 1812 901 1855 Anonymus
925 1811 1132 1845 Bodleianus
1156 1813 1197 1845 29
1214 1823 1250 1854 p.
1268 1811 1332 1844 223
1358 1811 1459 1844 Zach.
1506 1811 1626 1844 Iulian.
1653 1818 1750 1844 const.
1781 1811 1932 1843 CXVII.

826 2005 828 2007 .
1275 1975 1399 2011 CLIX.

687 2038 750 2079 UT
776 2040 1212 2078 SUBSTITUTIONES
1241 2040 1303 2076 IN
1335 2040 1433 2077 UNO
1467 2040 1635 2077 GRADU
1664 2038 1984 2077 SUBSISTANT.

616 2108 715 2145 Idem
739 2110 922 2155 Auqustus
946 2107 1056 2144 Petro
1081 2107 1343 2153 qloriosissimo
1360 2108 1556 2154 praefecto
1579 2118 1687 2144 sacro
1704 2108 1897 2155 praetorio
1921 2107 2059 2143 iterum.

359 2175 617 2222 Praefatio.
657 2175 775 2212 Tanta
797 2175 1018 2211 humanitate
1042 2174 1278 2220 abundamus,
1301 2178 1342 2210 ut
1363 2185 1408 2210 ne
1430 2174 1595 2220 privatas
1618 2175 1760 2221 quidem
1791 2185 1932 2216 causas,
1958 2184 2203 2220 quaecumque
2217 2173 2444 2210 iudiciariam

222 2222 466 2267 quaestionem
496 2221 671 2257 excedere
698 2221 802 2257 nobis
833 2220 1011 2262 videntur,
1044 2220 1182 2266 leqibus
1213 2221 1348 2255 nostris
1377 2219 1526 2264 definire
1549 2219 1792 2266 dediqnemiir,
1821 2231 1865 2254 ne
1888 2230 1982 2265 quae
2002 2219 2182 2265 privatam
2207 2219 2444 2264 coquitionem

222 2266 365 2302 excedit
388 2277 499 2301 causa
522 2267 560 2301 in
584 2267 755 2301 iudicium
778 2265 900 2302 delata
924 2265 1108 2311 litiqantes
1130 2265 1263 2310 lonqae
1285 2275 1409 2300 morae
1433 2264 1565 2300 tradat.
1603 2264 1682 2300 Iam
1699 2264 1911 2301 Alexander
1934 2264 1989 2300 vir
2003 2263 2284 2310 qloriosissimus
2300 2265 2447 2310 saepius

222 2311 271 2346 ad
299 2321 367 2346 nos
397 2311 545 2353 rettulit,
578 2311 746 2347 Hierium
776 2310 960 2356 qloriosae
989 2309 1182 2346 memoriae
1200 2313 1345 2355 patrem
1368 2319 1490 2352 suum,
1519 2319 1598 2344 cum
1624 2313 1869 2345 testamentum
1892 2308 2081 2350 scriberet,
2106 2308 2222 2344 verbis
2245 2319 2348 2343 usum
2371 2319 2447 2344 esse

222 2355 335 2391 hisce:
365 2355 490 2398 „Volo
521 2359 639 2391 autem
670 2367 714 2391 ac
743 2356 847 2391 iubeo
877 2354 1025 2390 heredes
1052 2365 1170 2398 meos,
1205 2354 1475 2390 Constantinum
1506 2354 1621 2390 virum
1651 2354 1888 2390 clarissimum
1918 2354 2061 2389 domum
2084 2354 2117 2388 ei
2137 2352 2343 2399 deputatam
2367 2364 2446 2388 cam

223 2400 384 2435 omnibus
414 2400 554 2436 iuribus
585 2400 697 2436 eidem
724 2401 817 2435 sicut
840 2404 924 2435 ante
946 2399 1121 2446 scriptum
1145 2401 1198 2434 est
1221 2399 1374 2434 adnexis
1397 2403 1432 2434 et
1453 2399 1697 2434 suburbanum
1717 2399 1907 2445 praedium
1930 2399 1967 2433 in
1994 2398 2039 2434 Co
2069 2398 2158 2432 ariis
2181 2408 2260 2433 cum
2285 2398 2447 2434 omnibus

221 2445 359 2480 iuribus
382 2444 432 2480 ad
453 2445 570 2491 ipsum
593 2446 687 2481 sicut
710 2449 794 2481 ante
815 2446 989 2491 scriplum
1013 2448 1069 2479 est
1088 2444 1347 2489 pertinentibus
1371 2448 1405 2479 et
1428 2443 1567 2479 domam
1591 2443 1803 2479 Antiochiae
1825 2445 1929 2479 sitam
1954 2442 2003 2478 ad

2065 2443 2291 2485 ammianum,
2314 2442 2446 2478 Anthe-

221 2490 329 2524 mium
360 2494 478 2525 autem
507 2490 623 2525 virum
654 2490 897 2526 dulcissimum
926 2489 1170 2525 suburbanum
1186 2487 1381 2535 praedium
1405 2488 1443 2523 in
1469 2488 1684 2524 Blachernis
1707 2488 1756 2523 ad
1779 2487 1980 2534 Euqenium
2003 2491 2038 2522 et
2061 2486 2243 2522 Iulianum
2265 2487 2447 2533 qloriosae

221 2535 412 2585 memoriae
435 2539 474 2586 et·
492 2535 735 2570 suburbanum
751 2534 946 2581 praedium
965 2534 1002 2568 in
1019 2534 1278 2586 promuntorio
1302 2534 1403 2568 sinus
1418 2532 1708 2585 Sostheniioolim
1732 2532 1781 2568 ad
1797 2532 2037 2584 Ardaburium
2051 2531 2447 2584 qloriosaetmemoriae

220 2583 342 2621 sctum,
384 2578 597 2632 Calliopium
632 2584 750 2615 autem
787 2580 901 2615 virum
937 2579 1174 2614 claresSimam
1207 2577 1449 2613 suburbanum
1473 2577 1672 2658 'praedium
1707 2576 1923 2624 Bytharzum
1957 2587 2032 2613 sive
2063 2575 2259 2618 Philotam,
2294 2577 2447 2622 denique

221 2623 470 2659 Alexandrum
498 2635 613 2660 virum
644 2624 881 2660 clarissimum
909 2623 1152 2659 suburbanum
1177 2622 1370 2669 praedium
1401 2626 1440 2657 in

266 2781 286 2813 2
319 2783 405 2813 rubr.
428 2775 682 2812 ’Ῑουστινιανοῦ
711 2782 793 2822 περὶ
817 2780 881 2813 τοῦ
905 2778 969 2812 τὰς
990 2775 1300 2813 ἀποκαταστάσεις

219 2827 336 2868 μέχρις
367 2824 446 2857 ἑνὸς
474 2823 624 2867 βαθμοῦ
650 2826 793 2869 κρατεῖν
816 2825 923 2857 Anon.
949 2824 1051 2857 Bodl.
1100 2825 1190 2867 Περὶ
1212 2818 1299 2856 ὑπο-

220 2867 472 2902 καταστάσεως
496 2870 688 2914 γενομένης
710 2870 908 2913 (γινομένης
933 2869 1041 2909 index)
1071 2868 1119 2901 εἰς
1141 2866 1208 2910 τὴν
1231 2879 1298 2912 φα-

220 2912 344 2957 μιλίαν
368 2914 431 2946 τοῦ
456 2910 744 2956 τελευτήσαντος,
769 2916 829 2946 καὶ
853 2915 935 2957 περὶ
958 2913 1021 2946 τοῦ
1043 2914 1145 2957 μέχρι
1162 2911 1299 2946 πόστσυ

221 2958 372 3001 βαθμοῦ
408 2955 462 2990 δεῖ
494 2959 639 3001 κρατεῖν
675 2959 796 2992 Theod.
852 2960 941 3003 Περὶ
975 2953 1299 2990 ὑποκαταστᾶσεως

221 3005 280 3035 καὶ
309 3003 387 3035 τῶν
419 3000 657 3046 κωλυομένων
688 3001 959 3045 (κεκωλυμένων
990 3003 1098 3044 index)
1128 2999 1202 3036 ὑπὸ
1234 3002 1297 3035 τοῦ

221 3046 436 3092 τεστάτορος
458 3045 608 3091 (πατρὸς
633 3049 740 3087 index)
769 3045 992 3090 ἐκποιήσεων
1014 3047 1090 3080 Aa.
1138 3048 1188 3079 De
1218 3046 1298 3079 alie-

221 3092 415 3125 nationibus
437 3103 458 3125 a
481 3094 637 3125 testatore
660 3092 840 3135 prohibitis
863 3093 926 3125 Iul.
951 3092 962 3135 11
986 3093 1005 3125 3
1037 3091 1215 3125 ἵστασθαι
1240 3091 1298 3130 Μ]

222 3135 383 3169 κτᾶσθαι
419 3138 450 3170 L
484 3136 496 3181 11
533 3138 553 3170 6
589 3137 716 3181 Πέτρῳ
742 3156 784 3161 ——
806 3139 1054 3181 πραιτωρίων]
1091 3138 1298 3177 Μουσωνίῳ

223 3180 368 3225 ἐπάρχῳ
393 3179 532 3215 πόλεως
551 3182 626 3215 ΑἰΙι.
653 3183 708 3225 (cf.
734 3184 829 3215 z'nser.
855 3194 925 3215 nov.
948 3182 1152 3215 CXXXIV
1168 3194 1202 3224 p.
1222 3182 1300 3222 676)

222 3223 234 3268 11
249 3222 424 3269 *ὑπάρχω
449 3227 522 3259 ML
541 3227 588 3267 118
614 3224 781 3269 φιλανίας
804 3227 834 3259 L
852 3226 864 3269 11
887 3228 907 3260 9
931 3222 980 3259 αἷς
1004 3226 1087 3266 ML]
1113 3221 1208 3259 ὥστε
1232 3238 1299 3259 cum

224 3270 407 3313 Scrimyero
429 3272 515 3314 vulq.
544 3270 556 3312 ΙΙ
586 3268 798 3304 ὑποθέσεως
822 3271 872 3303 L‘²
899 3270 911 3314 11
945 3272 983 3305 11
1009 3267 1057 3303 ὥς
1080 3283 1139 3303 om.
1164 3282 1184 3306 ς
1208 3269 1220 3315 11
1248 3267 1298 3314 μὴ

224 3314 430 3356 Haloander]
466 3312 557 3358 μηδὲ
589 3316 683 3351 MLg
717 3314 778 3358 (μὴ
815 3312 859 3348 δι’
895 3316 967 3348 olim
998 3316 1186 3348 Zachariae
1217 3327 1300 3349 nunc

225 3359 420 3400 improbans)
437 3359 448 3403 11
471 3362 511 3394 12
535 3357 656 3402 ἀκοὴν]
682 3361 796 3392 audire
813 3371 832 3396 ς
847 3359 859 3403 11
878 3356 1122 3403 δικαστήριον]
1138 3359 1264 3392 iudicia
1281 3370 1300 3396 ς

225 3400 237 3445 11
261 3405 458 3448 φερομένην
481 3404 600 3446 μακρὰ
621 3406 652 3437 L
686 3414 744 3447 per
768 3404 908 3437 circuita
932 3404 1032 3444 longa
1053 3416 1073 3440 ς
1103 3406 1115 3448 11
1143 3406 1184 3437 20
1210 3400 1299 3446 αὐτῆ

226 3447 276 3478 La
301 3445 397 3480 αἰτῶ
422 3447 470 3480 L¹³
493 3450 505 3491 11
533 3451 571 3482 21
595 3452 778 3494 κοπαρίοις
802 3451 832 3482 L
858 3449 870 3492 11
895 3451 936 3482 23
961 3447 1040 3490 τὴν]
1060 3449 1104 3490 τῆ
1133 3450 1161 3482 L
1178 3449 1190 3492 11
1207 3461 1297 3492 μαμ-

225 3489 360 3532 μιανόν
384 3493 488 3532 Μ(ς)]
513 3489 699 3535 ἅμμιανόν
722 3495 753 3526 L
776 3494 861 3537 vulq.
888 3493 900 3536 11
932 3495 973 3527 27
996 3490 1239 3537 ἀρδουβάριον
1262 3495 1301 3536 (β

228 3547 265 3566 ex
287 3547 313 3577 μ
337 3537 432 3578 corr.)
455 3537 483 3569 L
507 3537 518 3578 11
544 3539 584 3571 28
607 3536 835 3583 προάστειον]
859 3536 946 3582 πρὸς
969 3538 1090 3581 131129
1115 3538 1179 3571 τοῦ
1202 3536 1300 3583 φιλο-

228 3577 316 3610 θεόυ
337 3580 396 3620 Μ]
422 3579 594 3624 φιλοθέου
620 3583 651 3615 L
672 3584 746 3614 cata
767 3582 981 3615 Philotheum
1006 3594 1025 3619 ς

275 3665 294 3699 2
319 3667 350 3697 et
373 3667 503 3700 nomine
527 3668 673 3700 familiae
688 3671 804 3702 seclusi
820 3670 832 3713 11
851 3672 869 3702 3
888 3670 955 3702 filie
974 3671 1005 3703 T
1018 3670 1029 3713 11
1048 3673 1068 3704 4
1084 3671 1162 3712 quia
1179 3672 1212 3703 R.
1223 3672 1298 3712 V'l']

1504 2624 1615 2658 enetis
1645 2633 1719 2658 non
1751 2622 1930 2665 alienare,
1965 2632 2081 2667 neque
2109 2631 2178 2667 per
2208 2621 2445 2657 venditionem

1368 2778 1457 2819 quod
1479 2779 1568 2821 vulq.
1597 2778 1610 2820 11
1638 2779 1658 2810 5
1690 2777 1788 2810 etiam
1811 2778 1846 2810 R
1870 2779 2005 2820 (vulq.)]
2037 2780 2070 2808 et
2102 2777 2138 2816 V,
2164 2788 2222 2808 om.
2249 2777 2281 2808 T
2304 2776 2316 2818 11
2346 2777 2366 2809 6
2390 2787 2445 2818 pp.

1368 2835 1426 2856 om.
1454 2823 1486 2856 Τ
1512 2821 1525 2865 11
1554 2824 1573 2856 8
1597 2823 1727 2854 tantum
1750 2822 1781 2855 V
1802 2821 1815 2865 11
1847 2824 1884 2856 11
1911 2820 2087 2862 dedignari
2110 2820 2201 2861 R¹T‚
2230 2819 2445 2861 dedignemur

1366 2867 1573 2955 walam„
1587 2865 2127 2954 *1¹4“ssfi‘cgljsssiffissfffffffissssfssff
2141 2910 2172 2942 T
2179 2864 2445 2942 '{}‡‡?3n}⁰¹izg1⁰i

1369 2958 1408 2990 15
1434 2949 1596 2989 scribente
1617 2955 1674 2999 Vss
1702 2958 1741 2989 16
1761 2956 1846 2996 istis]
1870 2955 1907 2987 in
1927 2956 2001 2988 istis
2023 2955 2065 2988 T¹
2084 2954 2096 2997 11
2113 2956 2212 2994 meos]
2236 2954 2272 2985 in
2296 2963 2350 2986 eos
2371 2953 2446 2987 VT¹

1365 2999 1377 3045 11
1395 3003 1433 3035 17
1460 3000 1717 3043 gloriosisimum
1738 3001 1771 3033 T
1783 3000 1796 3044 11
1816 3002 1856 3034 18
1875 3001 1962 3033 sieut
1982 3009 2081 3042 supra
2105 2999 2232 3031 dictum
2254 2999 2303 3031 est
2327 2998 2360 3031 T
2372 2998 2383 3041 11
2405 2999 2444 3031 19

1366 3047 1399 3078 et
1435 3047 1677 3089 proastium—
1696 3047 1736 3079 21
1769 3048 1802 3077 et
1835 3045 1967 3078 domum
2006 3057 2064 3077 om.
2089 3043 2123 3076 R
2158 3045 2368 3086 proaustrum
2401 3043 2446 3076 T¹

1366 3090 1576 3133 proaustium
1595 3089 1640 3123 Τ2
1658 3089 1670 3134 11
1687 3091 1729 3123 20
1746 3091 1918 3132 scriptum]
1936 3089 2061 3122 dictum
2081 3089 2112 3121 T
2125 3089 2138 3131 11
2156 3090 2196 3121 21
2222 3089 2323 3120 *cata
2339 3087 2444 3119 Mam-

1366 3135 1526 3175 mianum]
1558 3136 1590 3167 et
1618 3138 1726 3167 cetera
1757 3134 1928 3168 mdmianu
1954 3135 1987 3167 V
2015 3132 2257 3166 camamianum
2287 3132 2320 3164 R
2355 3133 2444 3164 cata-

1366 3180 1505 3212 nianum
1533 3181 1565 3213 T
1591 3180 1643 3221 (de
1675 3182 1747 3212 cata
1767 3191 1906 3222 ¹qraecae
1926 3179 2180 3221 praepositionis
2200 3189 2258 3210 usu
2279 3178 2313 3209 in
2338 3177 2445 3210 latini-

1368 3232 1431 3257 tate
1459 3226 1592 3267 vulyari
1618 3225 1658 3266 cf.
1680 3225 1829 3267 Wo'lfflin
1852 3224 1977 3257 Archiv
1991 3225 2025 3266 f
2052 3224 2108 3256 lat.
2133 3222 2305 3264 Leaeicoyr.
2330 3223 2361 3261 4,
2376 3222 2445 3260 266)

1365 3267 1377 3312 11
1395 3270 1436 3302 22
1457 3269 1656 3302 anthimium
1681 3268 1714 3301 R
1733 3270 1821 3312 vuly.
1846 3267 2071 3309 anthingnum
2097 3267 2128 3299 T
2148 3266 2307 3298 bitarium
2328 3265 2384 3308 Vll
2402 3266 2444 3298 23

1367 3314 1588 3346 blacerternas
1609 3314 1642 3347 V
1659 3312 1811 3346 blacenas
1836 3313 1909 3354 RT,
1932 3311 2104 3344 Blacernis
2129 3312 2214 3352 vulq.
2234 3310 2247 3352 11
2263 3311 2337 3342 cata
2361 3310 2443 3349 ΒΤ]

1368 3360 1399 3390 et
1423 3359 1534 3391 omnia
1555 3357 1611 3401 Vn
1629 3359 1671 3398 et]
1698 3368 1777 3390 uero
1802 3359 1834 3389 et
1856 3357 1911 3399 Vll
1930 3358 1971 3390 24
2005 3356 2159 3388 sumitate
2181 3355 2245 3388 VT
2258 3354 2269 3393 ΙΙ
2287 3355 2328 3388 25
2353 3354 2445 3386 sinus

1367 3415 1424 3435 om.
1451 3403 1500 3435 R¹
1525 3403 1537 3447 11
1561 3402 1700 3435 sustenii
1721 3402 1755 3435 V
1772 3401 1938 3435 susteunii
1964 3401 1996 3434 T
2016 3399 2162 3433 sustinui
2188 3399 2219 3431 R
2235 3403 2247 3442 11
2265 3400 2338 3431 cata
2360 3397 2442 3436 RT]

1368 3450 1400 3480 et
1424 3449 1532 3480 cetera
1550 3447 1603 3491 Vn
1621 3446 1828 3479 ardalurium
1848 3447 1882 3480 V
1899 3445 2124 3478 archalurium
2139 3445 2171 3476 R
2194 3442 2401 3476 archalinum
2415 3441 2448 3472 T

1368 3493 1410 3524 26
1434 3502 1512 3524 vero
1536 3504 1594 3525 om.
1621 3492 1652 3524 T
1669 3493 1681 3535 11
1706 3492 1815 3524 virum
1839 3503 1897 3524 om.
1926 3490 1955 3522 R
1981 3489 1993 3533 11
2014 3488 2286 3531 gloriosissimum
2304 3486 2336 3518 R
2363 3484 2375 3527 11
2399 3485 2440 3517 27

1366 3535 1524 3569 bitarium
1545 3537 1579 3570 V
1595 3535 1735 3568 bitaium
1762 3536 1794 3569 T
1813 3534 2017 3568 habitarium
2040 3534 2074 3566 R
2097 3533 2109 3576 11
2134 3534 2206 3565 cata
2228 3531 2272 3569 R]
2297 3529 2393 3561 catha
2415 3529 2447 3562 T

1367 3582 1474 3613 cetera
1499 3581 1527 3614 V
1544 3581 1556 3623 11
1581 3581 1768 3623 philoteum
1791 3581 1824 3613 R
1843 3578 2061 3622 phylotheum
2080 3578 2115 3611 V
2133 3575 2145 3620 11
2167 3576 2200 3607 et
2220 3574 2338 3607 addidi
2357 3572 2370 3617 11
2397 3574 2439 3607 28

1365 3625 1540 3658 incienetis
1557 3626 1588 3658 T
1608 3624 1787 3658 inuenietis
1804 3625 1836 3658 R
1860 3623 1872 3668 ΙΙ
1903 3625 1945 3657 29
1970 3622 2113 3655 alienare
2137 3631 2175 3653 εει
2198 3618 2440 3662 Hamburqensi

1371 3670 1599 3714 Osenbrsiyyen
