2612 4016
222 147 301 191 Ed.
321 147 424 189 XIII
454 148 494 187 9.
521 149 568 186 10
1295 136 1380 182 784
1781 152 1840 182 DE
1869 153 1987 183 URBE
2016 151 2437 184 ALEXANDRINORUM

221 257 257 290 οἱ
274 256 339 289 τὸν
360 253 483 288 αὐτῶν
506 254 723 296 πληροῦντες
747 252 864 287 τόπον
887 251 979 285 κατὰ
1003 249 1135 293 χώραν.
1183 249 1214 282 εἰ
1244 248 1314 294 γὰρ
1336 248 1444 281 τοῦτο
1469 246 1679 291 αἰτήσουσιν
1701 246 1723 291 ἢ
1748 249 1849 293 εἴπερ
1871 249 2114 294 προστάξαιεν
2137 248 2159 293 ἦ
2183 250 2228 293 σὴ
2250 249 2438 295 ἐνδοξότης

221 304 280 334 καὶ
303 299 339 332 οἱ
360 298 452 332 κατὰ
477 299 604 341 καιρὸν
627 298 697 340 τὴν
717 296 831 340 αὐτὴν
854 298 992 338 ἔχοντες
1015 294 1139 338 ἀρχήν,
1165 290 1327 338 ἀνάγκην
1349 293 1419 332 ἕξει
1445 289 1466 326 ὅ
1489 306 1530 326 τε
1553 294 1645 328 κατὰ
1668 293 1795 340 καιρὸν
1820 292 2073 340 αὖγουστάλιος
2096 298 2155 329 καὶ
2179 296 2214 329 οἱ
2238 293 2296 329 ὑπ’
2324 294 2438 330 αὐτὸν

220 344 501 387 καθωσιωμένοι
529 343 752 387 στρατιῶται
785 343 843 374 καὶ
874 340 911 374 οἱ
939 338 1082 372 τούτων
1114 338 1300 382 τριβοῦνοι
1331 340 1391 371 καὶ
1422 334 1444 380 ἦ
1473 338 1677 380 πειθομένη
1709 339 1809 379 τάξις
1840 339 1893 381 τῷ
1930 338 2029 383 αὐτῷ
2061 340 2438 386 μεγαλοπρεπεστάτω

222 386 469 433 αὐγουσταλίῳ
501 390 560 420 καὶ
589 387 692 420 πᾶσα
725 384 892 427 πολιτικὴ
923 386 983 417 καὶ
1018 381 1171 426 δημοσία
1189 382 1360 436 βοήθεια,
1395 385 1454 415 καὶ
1480 381 1679 427 ἐπαμύνειν
1699 387 1772 417 τοῖς
1795 387 2026 429 σκρινιαρίοις
2048 389 2122 419 τοῖς
2144 388 2217 419 σοῖς
2241 388 2301 419 καὶ
2324 398 2437 430 παρα-

220 432 403 473 σκευάζειν
434 431 598 466 (ἵπαντας
627 430 707 463 τοὺς
739 427 988 472 ὑποκειμένους
1017 429 1095 461 ταῖς
1118 438 1303 461 τοιαυταις
1326 428 1507 472 εἰσφοραῖς
1530 431 1607 461 ταῖς
1631 426 1870 472 ἁρμοζούσαις
1893 428 2043 472 ἑκατέρᾳ
2066 432 2225 477 τραπέζῃ
2250 431 2315 464 τοῦ
2340 428 2436 464 ‹Saua-
2461 435 2481 466 5

220 480 365 521 στηρίου
396 477 456 516 τῖς
487 476 550 518 σῆς
581 473 762 519 ὑπεροχῆς,
796 472 877 516 δίχα
902 474 964 516 τῆς
993 471 1140 505 οἱασοῦν
1172 471 1354 516 ἀναβολῆς
1385 472 1467 506 τοὺς
1493 473 1732 517 ἐπικειμένους
1755 471 1875 507 αὑτοῖς
1899 474 2074 518 εἰσφέρειν
2099 473 2285 518 δημοσίους
2308 474 2439 521 φόρους

219 524 278 554 καὶ
307 519 355 564 μὴ
379 519 517 563 τολμᾶν
541 517 750 565 ἀντιλέγειν.
799 518 830 550 εἰ
851 517 918 564 γάρ
942 517 1039 562 (τις)
1062 518 1139 550 τῶν
1163 516 1202 557 ἐξ
1221 517 1390 561 ἑκατέρας
1409 517 1598 563 Αἰγύπτου
1623 515 1645 560 ἢ
1667 519 1746 552 τῶν
1766 517 1857 552 κατὰ
1872 518 1939 560 τὴν
1952 517 2222 564 Ἀλεξάνδρειαν
2240 519 2439 554 οἰκούντων

219 568 278 608 καὶ
303 562 550 608 ὑποκειμένων
573 567 651 597 ταῖς
673 560 857 597 τοιαύταις
881 564 933 596 εἰσ
965 565 1062 606 οραῖς
1086 561 1315 608 (ἐξῃρημένου
1338 562 1401 595 τοῦ
1428 559 1628 605 Μαρεώτου
1651 566 1711 596 καὶ
1741 564 1804 597 τοῦ
1829 561 2051 597 Μενελαΐτου
2084 566 2144 607 τῆς
2174 561 2322 608 πόλεως,
2356 568 2439 610 περὶ

219 609 273 642 ὡν
296 611 336 643 ἐν
359 613 432 643 τοῖς
455 609 579 653 ἐφεξῆς
602 607 649 642 τοὶ
673 606 904 652 προσήκοντα
927 576 1218 650 ὸῗίατυπώσομεν)
1242 605 1453 650 τολμήσειεν
1477 605 1694 651 ἀντιβλέψαι
1717 606 1808 651 πρὸς
1831 606 1900 650 τὴν
1923 605 2026 642 δόσιν
2046 606 2070 651 ἢ
2093 608 2185 642 κατά
2207 623 2243 644 τι
2267 611 2437 644 ἐναντιω-

220 654 346 696 θῆναι,
376 656 436 688 καὶ
464 653 513 697 μὴ
536 652 555 686 ὁ
578 652 815 698 περίβλεπτος
839 648 1091 698 αὖγουστάλιος
1111 653 1205 694 ἔχων
1228 654 1288 684 καὶ
1312 650 1380 694 τὴν
1404 653 1670 696 στρατιωτικὴν
1693 656 1752 685 καὶ
1775 651 1844 695 τὴν
1868 651 2058 695 πολιτικὴν
2081 650 2196 699 ἀρχὴν
2219 657 2278 687 καὶ
2302 653 2339 688 οἱ
2360 657 2437 688 τῶν

218 698 418 745 ταγμάτων
450 698 697 743 πρωτεύοντες
722 700 782 730 καὶ
811 697 998 741 τριβοῦνοι
1028 695 1362 742 καταναγκάσουσιν
1393 693 1505 730 αὑτὸν
1537 693 1561 739 ἢ
1592 695 1721 731 αὐτοῖς
1743 696 1790 731 τὰ
1814 694 2032 741 ὀφειλόμενα
2054 697 2263 744 εἰσενεγκεῖν
2287 702 2347 733 καὶ
2369 698 2438 742 τὴν

219 740 499 789 εὐγνωμοσύνην
531 741 599 786 τὴν
627 743 717 788 πρὸς
747 741 790 776 τὸ
822 740 998 785 δημόσιον
1025 738 1222 787 ἀγαπῆσαι,
1254 741 1427 784 ἴστωσαν,
1452 738 1501 775 οἷς
1522 739 1627 776 αὐτὸς
1649 744 1716 786 μὲν
1740 741 1759 775 ὁ
1782 741 2162 787 μεγαλοπρεπέστατος
2187 741 2439 789 αὗγουστάλιος

218 791 278 821 καὶ
309 789 411 823 πᾶσα
441 785 602 832 βοήθεια
634 787 672 830 ἧς
702 787 914 832 ἔμπροσθεν
945 786 1180 830 ἐμνήσθημεν
1203 783 1495 820 κινδυνεύσουσιν
1519 787 1583 821 ἐπί
1603 800 1643 821 τε
1665 789 1743 821 ταῖς
1767 787 1898 829 ζώναις
1923 801 1940 818 α
1957 801 1973 818 ο
1991 801 2008 818 ι
2035 788 2083 821 εἰς
2118 786 2160 821 τὸ
2188 785 2359 832 δημόσιον
2380 791 2440 821 καὶ

219 834 266 866 εἰς
296 836 399 877 μέρος
428 834 506 867 τῶν
537 829 782 876 ὀφειλομένων
810 830 945 866 καταλο
971 833 1158 875 ιζομέναις,
1190 830 1228 864 οἱ
1257 829 1297 864 δὲ
1327 828 1513 865 ἀντειπεῖν
1544 830 1799 878 θαρρήσαντες
1822 829 2001 876 δημοσίαν
2025 830 2183 876 ὄψονται
2206 831 2275 874 τὴν
2298 833 2439 866 ἑαυτῶν

219 881 429 922 περιουσίαν
447 880 645 924 γενομένην
667 879 726 910 καὶ
751 875 893 911 ἑαυτοὺς
916 844 987 917 ἔξω
1011 877 1071 918 τῆς
1094 874 1212 920 χώρας
1236 875 1499 919 ἐλαυνομένους.
1539 874 1721 921 πρόδηλον
1745 874 1795 919 δέ,
1816 874 1864 911 ῶς
1889 877 1981 911 πᾶσι
2006 880 2078 911 τοῖς
2094 874 2440 921 διαταχθησομένοις

219 924 319 965 παρὰ
351 924 413 966 τῆς
443 923 506 965 σῆς
535 921 707 967 ὑπεροχῆς
738 922 757 954 ὁ
790 921 881 955 κατὰ
912 921 1040 968 καιρὸν
1065 918 1320 967 αὐγουστάλιος
1343 917 1571 955 ὑποκείσεται
1593 922 1637 968 τῇ
1662 922 1725 965 τῆς
1748 922 1810 965 σῆς
1828 920 2001 968 ὑπεροχῆς
2025 922 2169 965 ἐξουσίᾳ
2190 935 2230 957 τε
2253 925 2313 956 καὶ
2337 920 2440 968 ἀρχῇ,

218 967 392 1013 καθάπερ
415 970 517 1013 μέχρι
540 969 605 1001 τοῦ
630 966 811 1012 παρόντος
834 965 1061 1011 πεφύλακται

1214 1033 1371 1068 CAPUT
1394 1033 1440 1069 X.

352 1102 399 1135 Εἰ
427 1104 551 1145 μέντοι
575 1100 742 1147 βουληθῇ
761 1098 782 1143 ἡ
807 1099 852 1143 σὴ
875 1098 1064 1144 ἐνδοξότης
1087 1096 1109 1143 ἢ
1134 1100 1170 1134 οἱ
1192 1097 1409 1147 σκρινιάριοι
1432 1099 1454 1143 ἢ
1478 1099 1514 1134 οἱ
1528 1103 1743 1144 τρακτευταὶ
1758 1097 1780 1144 ἢ
1795 1099 1832 1135 οἱ
1845 1100 1911 1135 τὸν
1927 1102 2076 1135 ἐκείνων
2094 1099 2312 1146 πληροῦντες
2326 1099 2440 1136 τόπον

220 1144 314 1179 κατὰ
339 1145 463 1191 χώραν
480 1145 588 1192 λόγον
603 1149 678 1180 τισὶ
699 1144 861 1189 δοθῆναι
877 1143 1096 1200 προσώποις,
1121 1144 1211 1190 ὑπὲρ
1228 1143 1351 1180 αὐτῶν
1368 1143 1471 1179 αὐτοὶ
1490 1142 1782 1179 κινδυνεύσουσιν
1793 1157 1800 1164 ·
1827 1144 1935 1180 δώσει
1951 1149 2076 1191 μέντοι
2092 1147 2223 1180 τοῦτον
2238 1144 2257 1180 ὁ
2275 1145 2439 1192 θεοφιλέ·

219 1202 348 1224 στατος
372 1189 591 1236 πατριάρχης
615 1192 675 1226 ἐπὶ
698 1191 876 1225 τοσαύτας
899 1193 1030 1236 ημέρας
1054 1190 1303 1234 ἐκτεινόμενον
1326 1194 1385 1224 καὶ
1410 1192 1470 1225 ἐπὶ
1488 1188 1631 1224 τούτοις
1646 1194 1719 1224 τοῖς
1735 1187 1842 1235 ὅροις,
1863 1188 1917 1236 ἐφ’
1935 1190 1984 1225 οἷς
2000 1190 2046 1225 ἄν
2062 1191 2161 1237 παρὰ
2181 1193 2241 1232 τῆς
2256 1187 2363 1236 ἀρχῆς
2377 1192 2439 1234 τῆς

218 1237 282 1278 σῆς
313 1233 487 1281 ὑπεροχῆς
510 1236 759 1280 προσταχθείη
783 1233 805 1278 ἢ
830 1238 929 1279 παρὰ
946 1237 1024 1270 τῶν
1040 1236 1271 1279 τρακτευτῶν
1289 1235 1467 1278 αἰτηθείη.
1508 1235 1539 1268 εἰ
1556 1233 1595 1269 δὲ
1611 1236 1710 1280 παρὰ
1725 1237 1841 1270 ταῦτα
1857 1235 1997 1283 γένοιτό
2012 1248 2064 1270 τις
2082 1234 2187 1283 λόγου
2211 1234 2321 1278 δόσις,
2347 1234 2438 1278 αὑτὴ

218 1280 406 1314 παντελῶς
433 1283 536 1315 ἔσται
569 1281 706 1327 ἄκυρος.
754 1277 838 1314 οὐδὲ
860 1281 929 1326 γὰρ
950 1277 993 1314 δι’
1020 1279 1282 1323 οἱαςδηποτοῦν
1306 1281 1421 1314 αἰτίας
1443 1277 1551 1326 λόγον
1574 1281 1660 1314 τινὰ
1685 1280 1783 1326 παρὰ
1805 1284 1920 1315 ταῦτα
1945 1284 2114 1326 παρέχειν
2137 1283 2210 1315 τοῖς
2232 1280 2441 1328 προσώποις

218 1328 290 1359 τοῖς
322 1325 452 1374 ἑκάστῃ
484 1325 747 1372 ἀφωρισμένοις
779 1326 879 1368 αἰτίᾳ
909 1327 1173 1371 συγχωροῦμεν,
1207 1323 1303 1360 πλὶν
1331 1326 1363 1359 εἰ
1389 1325 1438 1369 μὴ
1464 1327 1525 1360 ἐπὶ
1554 1324 1672 1368 τούτῳ
1697 1326 1763 1359 τὸν
1788 1324 1895 1372 λόγον
1920 1324 2075 1370 λάβοιεν,
2110 1324 2164 1371 ἐφ’
2191 1317 2264 1369 (ᾖτε
2286 1324 2441 1369 δημοσίᾳ

218 1371 420 1415 φαίνεσθαι
451 1374 510 1405 καὶ
541 1372 690 1406 πάντως
720 1371 805 1404 εἴσω
839 1371 960 1416 ῥητῶν
984 1369 1128 1416 ἡμερῶν
1151 1371 1227 1405 πᾶν
1250 1367 1339 1405 ὅσον
1363 1368 1543 1416 ὀφείλουσι
1563 1369 1606 1404 τὸ
1630 1369 1804 1413 δημόσιον
1828 1369 2057 1416 ἐκπληρῶσαι
2081 1367 2102 1414 ἢ
2126 1371 2194 1414 τὴν
2218 1369 2440 1416 ἀποχρῶσαν

217 1418 290 1448 τοῖς
323 1418 553 1461 τρακτευταῖς
577 1413 600 1458 ἢ
624 1420 856 1461 σκρινιαριόις
877 1418 1046 1460 παρέχειν
1066 1413 1286 1460 ἇσφάλειαν·
1310 1415 1399 1461 πρὸς
1421 1416 1474 1459 τῷ
1495 1414 1564 1449 τὸν
1588 1415 1687 1460 παρὰ
1709 1417 1826 1449 ταῦτα
1850 1415 2022 1461 εἰληφότα
2044 1415 2150 1462 λόγον
2183 1413 2267 1461 παρ’
2301 1413 2437 1459 οἱουδή-

218 1473 308 1494 ποτε
342 1462 539 1504 προσώπου
572 1461 650 1494 ἴσον
681 1464 754 1495 τοῖς
777 1459 1030 1503 ἀμπλακοῦσιν
1053 1460 1145 1494 εἶναι
1169 1463 1229 1494 καὶ
1252 1456 1446 1502 ὑπομένειν
1470 1459 1539 1502 τὴν
1562 1460 1752 1504 εἴσπραξιν
1776 1464 1834 1494 καὶ
1859 1462 1965 1495 ἔνδον
1988 1462 2066 1495 τῶν
2089 1458 2203 1507 ἁγίων
2223 1459 2439 1505 περιβόλων.

217 1507 237 1539 1
285 1505 316 1538 εἰ
347 1504 386 1539 δὲ
416 1504 435 1539 ὁ
468 1505 750 1552 θεοφιλέστατος
781 1503 1057 1551 ἀρχιεπίσκοπος
1086 1505 1186 1550 παρὰ
1216 1505 1262 1539 τὰ
1294 1505 1463 1551 εἰρημένα
1496 1504 1575 1546 δοίη
1608 1504 1723 1551 λόγον,
1757 1502 1919 1551 ἀνάγκην
1940 1507 2081 1547 ἕξουσιν
2104 1506 2139 1540 οἱ
2161 1505 2440 1551 θεοφιλέστατοι

218 1549 404 1594 οἰκονόμοι
435 1554 495 1584 καὶ
526 1551 562 1585 οἱ
591 1548 867 1594 ἐκκλησιέκδικοι
897 1552 960 1594 τῆς
992 1549 1195 1596 ἁγιωτάτης
1226 1549 1411 1592 ἐκκλησίας
1441 1548 1512 1593 τὴν
1540 1550 1716 1584 ἐντεῦθεν
1747 1555 2018 1595 συμβαίνουσαν
2042 1551 2094 1594 τῷ
2121 1549 2281 1594 δημοσίῳ
2302 1550 2440 1594 ζημίαν

218 1596 419 1640 ἐπιγνῶναι
442 1596 591 1629 οἴκοθεν
613 1599 672 1629 καὶ
697 1599 735 1630 ἐκ
758 1596 821 1638 τῆς
843 1593 935 1629 ἰδίας
959 1592 1083 1630 αὐτῶν
1113 1593 1355 1630 ὑποστάσεως.
1402 1596 1433 1630 εἰ
1457 1594 1496 1629 δὲ
1517 1595 1567 1639 μὴ
1592 1592 1839 1641 εὖπορήσειαν,
1864 1598 1903 1630 ἐκ
1926 1597 2004 1630 τῶν
2020 1598 2083 1639 τῆς
2099 1594 2302 1643 ἁγιωτάτης
2318 1594 2439 1640 ἐκκλη-

217 1641 241 1674 2
290 1643 368 1674 σίας
394 1640 587 1686 χρημάτων
610 1653 650 1674 τε
673 1644 733 1674 καὶ
756 1639 984 1687 πραγμάτων
1002 1640 1044 1675 τὸ
1070 1640 1197 1675 ἱκανὸν
1220 1642 1274 1684 τῷ
1295 1639 1457 1685 δημοσίῳ
1480 1639 1679 1686 γενήσεται.
1729 1642 1760 1675 εἰ
1784 1639 1823 1675 δὲ
1845 1640 2065 1686 τολμήσουσι
2089 1640 2189 1688 παρὰ
2211 1641 2360 1698 γνώμην
2375 1642 2439 1674 τοῦ

220 1684 506 1730 θεοφιλεστάτου
529 1685 727 1720 ἐπισκόπου
753 1684 856 1720 αὐτοὶ
880 1684 1009 1719 δοῦναι
1034 1684 1155 1732 λόγον,
1178 1685 1220 1720 οὐ
1244 1685 1362 1730 μόνον
1385 1687 1488 1720 ἔσται
1511 1685 1554 1719 τὸ
1576 1683 1773 1730 δεδομένον
1788 1685 1976 1721 παντελῶς
1993 1685 2136 1732 ἄκυρον,
2153 1684 2230 1720 ἀλλ’
2253 1689 2357 1720 αυτοὶ
2372 1685 2440 1729 τὴν

219 1731 348 1772 ζημίαν
365 1730 633 1774 θεραπεύσουσι
648 1731 701 1773 τῷ
717 1729 889 1773 δημοσίῳ,
907 1731 971 1764 τοῦ
982 1730 1260 1776 μακαριωτάτου
1274 1730 1505 1776 πατριάρχου,
1522 1731 1553 1763 εἰ
1565 1731 1674 1765 τοῦτο
1686 1731 1787 1776 παρὰ
1823 1730 1951 1775 νώμην
1964 1728 2074 1765 αὑτοῦ
2088 1731 2276 1777 πράξειαν,
2294 1730 2440 1766 πάντως

217 1775 243 1809 3
290 1772 417 1808 αὐτοὺς
448 1778 508 1808 καὶ
539 1772 799 1809 ἀποκινοῦντος
828 1777 904 1808 τῶν
936 1779 1162 1819 φροντίσεων
1186 1768 1240 1808 ῶν
1260 1777 1378 1817 ἔχουσι
1402 1778 1462 1808 καὶ
1484 1775 1547 1817 τῆς
1566 1774 1761 1820 ἱερωσύνης
1803 1775 2028 1819 κβάλλοντος.
2075 1777 2106 1809 εἰ
2128 1774 2170 1809 δὲ
2192 1774 2316 1822 ἅρχων
2339 1774 2439 1820 παρὰ

218 1815 266 1851 τὰ
298 1816 556 1864 διηγορευμένα
583 1817 663 1862 δοίη
686 1821 760 1854 τινὶ
784 1817 892 1862 λόγον
916 1817 1099 1864 ὀφείλοντι
1130 1817 1286 1863 δημόσια
1315 1822 1392 1853 ταῖς
1423 1822 1501 1853 σαῖς
1523 1821 1716 1863 τραπέζαις
1740 1816 1989 1866 άφωρισμένα,
2012 1823 2201 1854 τουτέστιν
2224 1819 2249 1863 ἢ
2271 1820 2291 1854 ὁ
2315 1819 2439 1865 αὔγου-

217 1963 260 1998 Si
290 1964 383 1999 enim
415 1963 485 1998 hoc
509 1967 648 2009 petent,
679 1967 743 1999 aut
772 1965 807 1999 si
827 1964 973 1999 iusserit
995 1964 1116 2009 (floria
1142 1968 1204 1999 tua
1227 1968 1263 1999 et
1311 1964 1349 1998 ui
1373 1975 1515 2010 quoque
1539 1968 1699 2009 tempore
1723 1963 1870 1998 eandem
1895 1963 2242 2001 administrationem
2267 1965 2438 2010 obtinent,

217 2019 358 2044 necesse
388 2007 530 2043 habebit
557 2009 621 2054 qm·
653 2012 738 2043 tunc
767 2013 822 2043 est
850 2009 1063 2053 Auqustalis
1091 2012 1127 2044 et
1156 2008 1220 2053 qui
1248 2019 1291 2042 su
1345 2019 1387 2043 eo
1417 2011 1502 2043 sunt
1532 2008 1653 2043 devoti
1678 2007 1808 2042 milites
1839 2018 2034 2053 eorumque
2059 2008 2194 2044 tribuni
2216 2013 2253 2045 et
2277 2010 2439 2055 officium

218 2053 332 2088 eidem
355 2053 709 2098 maqnificentissimo
732 2053 929 2098 Auyustali
949 2063 1085 2098 parens
1108 2057 1143 2086 et
1166 2063 1269 2087 omne
1293 2053 1395 2087 civile
1418 2056 1452 2087 et
1461 2052 1649 2105 publicum
1666 2051 1898 2094 adiutorium,
1922 2053 2125 2088 scriniariis
2143 2055 2213 2089 tuis
2227 2065 2439 2091 succurrere

217 2102 250 2132 et
274 2098 454 2143 perficere
484 2102 525 2132 ut
549 2104 686 2139 omnes,
719 2097 851 2142 quicun
882 2107 924 2132 ue
947 2096 1123 2132 eiusmodi
1145 2096 1371 2132 illationibus
1394 2101 1539 2143 utrique
1562 2107 1705 2132 mensae
1728 2095 1919 2132 tribunalis
1943 2100 2027 2133 tuae
2049 2097 2277 2134 sublimitatis
2301 2109 2439 2145 compe-

217 2142 371 2177 tentibus
403 2142 557 2177 obnoxii
583 2147 679 2184 sunt,
710 2142 787 2176 sine
817 2142 856 2177 ul
870 2153 892 2176 a
923 2152 1026 2176 mora
1056 2142 1227 2188 imposita
1249 2142 1317 2177 sibi
1334 2142 1486 2187 publica
1511 2142 1646 2178 tributa
1669 2141 1834 2187 inferant
1856 2152 1972 2188 neque
1996 2143 2245 2180 contradicere
2268 2144 2436 2180 audeant.

217 2187 258 2222 Si
278 2188 359 2233 quis
381 2187 473 2222 enim
498 2198 547 2222 ex
569 2187 624 2229 iis,
650 2188 713 2232 qui
735 2187 774 2220 in
798 2191 954 2232 utraque
977 2187 1030 2222 Ae
1054 2190 1145 2233 ypto
1169 2189 1235 2222 aut
1258 2186 1507 2222 Alexandriae
1526 2186 1691 2222 habitant
1722 2190 1758 2222 et
1782 2186 1914 2222 talibus
1938 2186 2162 2223 illationibus
2181 2189 2334 2225 obnoxii
2354 2193 2440 2224 sunt

218 2234 384 2278 (excepta
409 2231 575 2267 Mmota
607 2235 644 2267 et
666 2231 864 2267 Menelaita
887 2231 986 2274 urbe,
1010 2198 1055 2266 dg
1078 2231 1206 2277 quibus
1228 2231 1267 2266 in
1290 2232 1520 2276 sequentibus
1568 2242 1637 2267 uae
1661 2242 1778 2277 aequa
1798 2235 1884 2266 sunt
1905 2234 2127 2276 statuemus),
2150 2244 2321 2269 recusare
2342 2233 2439 2270 solu-

218 2277 348 2312 tionem
371 2282 436 2312 aut
458 2276 495 2311 in
519 2277 644 2322 aliqua
660 2287 700 2311 re
723 2276 910 2312 adversari
931 2276 1075 2318 audeat,
1101 2280 1136 2312 et
1158 2275 1365 2323 spectabilis
1378 2277 1546 2323 Auqusta
1562 2277 1593 2311 is
1609 2280 1680 2311 tam
1695 2276 1886 2311 militarem
1902 2287 2010 2323 quam
2028 2277 2165 2313 civilem
2187 2279 2439 2325 maqistratum

216 2321 350 2356 habens
372 2325 408 2357 et
430 2321 630 2357 cohortium
647 2322 833 2367 principes
856 2325 892 2357 et
916 2321 1052 2356 tribuni
1073 2332 1146 2356 non
1170 2321 1356 2366 coeqerint
1379 2332 1459 2356 eum
1483 2321 1539 2357 vel
1560 2332 1623 2358 eos
1646 2321 1766 2357 debita
1789 2322 1931 2366 inferre
1954 2325 1990 2357 et
2010 2321 2187 2369 probitati
2207 2334 2296 2370 erqa
2309 2324 2438 2369 fiscum

215 2366 375 2408 studere,
405 2368 522 2402 sciant
551 2367 669 2412 ipsum
697 2366 1087 2413 maqnisicentissimum
1107 2366 1342 2411 Auqustalem
1367 2370 1401 2402 et
1425 2377 1529 2402 omne
1552 2366 1770 2402 adiutorium
1795 2366 1897 2402 cuius
1919 2365 2026 2402 modo
2049 2368 2262 2403 mentionem
2283 2369 2439 2415 fecimus

210 2412 413 2457 periculum
443 2412 627 2447 subituros
657 2422 735 2447 esse
766 2412 863 2447 circa
894 2411 1042 2457 cinqula
1074 2436 1242 2446 .......
1269 2411 1360 2456 fisco
1392 2411 1607 2457 inferendas
1637 2415 1673 2447 et
1702 2411 1742 2446 in
1771 2415 1915 2457 partem
1947 2411 2149 2447 debitorum
2184 2413 2437 2460 imputandas;

216 2458 279 2501 qui
302 2461 420 2491 autem
444 2457 632 2492 adversari
654 2456 736 2491 ausi
758 2459 875 2498 erunt,
901 2457 995 2492 bona
1018 2467 1086 2491 sua
1097 2456 1284 2502 publicari
1303 2456 1471 2492 videbunt
1493 2467 1601 2502 seque
1640 2468 1661 2492 e
1690 2468 1794 2494 serra
1838 2456 1980 2492 eiectos.
2026 2455 2265 2502 Manifestum
2284 2468 2368 2494 vero
2385 2462 2439 2493 est

216 2502 253 2534 in
279 2502 442 2536 omnibus
465 2512 559 2547 quae
582 2513 604 2536 a
628 2501 845 2537 sublimitate
871 2505 934 2536 tua
953 2501 1218 2537 constituentur
1241 2511 1332 2543 eum,
1357 2502 1420 2546 qui
1441 2512 1586 2547 quoque
1611 2505 1772 2547 tempore
1794 2504 1848 2536 est
1862 2502 2086 2548 Auqustalis,
2113 2506 2196 2538 tuae
2209 2502 2438 2539 sublimitatis

214 2547 389 2591 potestati
407 2550 441 2581 et
459 2547 612 2593 imperio
633 2546 829 2581 subiectum
850 2547 949 2592 sore,
973 2546 1082 2581 sicuti
1104 2557 1218 2592 usque
1242 2546 1291 2581 ad
1310 2556 1487 2592 praesens
1511 2555 1651 2593 tempus
1674 2546 1897 2582 observatum
1920 2550 1985 2582 est.

347 2591 392 2627 X.
440 2590 482 2626 Si
515 2597 632 2627 tamen
663 2591 816 2626 voluerit
844 2591 966 2637 qloria
999 2595 1061 2626 tua
1092 2597 1156 2626 aut
1185 2590 1370 2626 scriniarii
1400 2591 1456 2627 vel
1487 2594 1706 2627 tractatores
1733 2591 1790 2626 vel
1811 2591 1874 2637 qui
1896 2602 2021 2627 eorum
2046 2591 2164 2627 locum
2187 2593 2225 2628 in
2274 2593 2438 2629 rovincia

217 2635 386 2678 obtinent,
419 2635 529 2682 λόγον
560 2636 773 2681 quibusdam
798 2636 970 2682 personis
989 2635 1083 2678 dari,
1113 2647 1184 2682 pro
1209 2636 1254 2671 iis
1277 2636 1348 2681 ipsi
1367 2636 1571 2682 periculum
1594 2636 1822 2672 sustinebunt
1829 2649 1844 2677 ;
1867 2636 1967 2672 dabit
1987 2640 2106 2672 autem
2130 2648 2209 2673 eum
2258 2638 2293 2673 ei
2313 2647 2436 2673 aman-

217 2680 371 2715 tissimus
394 2682 612 2727 patriarcha
644 2682 682 2715 in
714 2686 768 2716 tot
795 2681 872 2716 de'es
902 2685 1091 2716 extensum
1121 2685 1158 2717 et
1188 2680 1253 2716 sub
1277 2681 1329 2716 eis
1359 2681 1643 2723 condicionibus,
1674 2680 1740 2716 sub
1766 2681 1895 2726 quibus
1918 2684 2001 2717 tuae
2023 2682 2261 2718 excellentiae
2283 2683 2435 2729 imperio

214 2729 387 2760 statutum
423 2731 487 2762 aut
522 2738 544 2761 a
579 2726 836 2761 tractatoribus
859 2727 1017 2772 petitum
1047 2727 1105 2761 sit.
1152 2724 1197 2762 Si
1225 2736 1310 2762 vero
1335 2730 1488 2771 praeter
1517 2725 1607 2761 haec
1637 2724 1736 2771 λόγος
1766 2726 1883 2768 detur,
1913 2726 2013 2761 datio
2041 2728 2189 2773 penitus
2219 2727 2327 2763 irrita
2357 2727 2434 2763 erit.

216 2769 340 2815 Neque
371 2771 463 2806 enim
495 2771 580 2806 ullis
603 2782 652 2806 ex
675 2771 796 2806 causis
819 2777 860 2807 ut
875 2775 1027 2817 praeter
1047 2769 1136 2806 haec
1160 2770 1294 2816 aliquis
1317 2770 1413 2815 asyli
1435 2770 1542 2818 λόγον
1559 2769 1739 2817 praebeat
1754 2770 1927 2817 personis
1948 2771 2104 2816 sinqulis
2125 2771 2238 2807 titulis
2261 2771 2438 2818 deteqatis

215 2815 452 2856 concedimus,
484 2816 554 2850 nisi
585 2827 628 2851 ea
652 2815 863 2851 condicione
886 2814 995 2862 λόγον
1019 2816 1214 2861 accipiant,
1238 2819 1280 2851 ut
1302 2816 1340 2850 in
1356 2816 1506 2862 publico
1530 2819 1717 2852 versentur
1733 2819 1776 2856 ‚et
1799 2815 1944 2850 omnino
1968 2816 2067 2850 intra
2091 2821 2209 2851 certos
2233 2815 2310 2851 dies
2333 2827 2436 2852 omne

215 2859 313 2903 quod
340 2859 465 2894 debent
492 2861 583 2902 fisco
614 2861 807 2896 exsolvant
837 2865 902 2896 aut
932 2860 1173 2905 sufficientem
1207 2860 1464 2896 tractatoribus
1487 2860 1732 2896 scriniariisve
1757 2860 1958 2895 cautionem
1978 2864 2178 2906 praestent.
2225 2860 2374 2896 Accedit
2395 2864 2438 2896 ut

215 2904 278 2948 qui
305 2909 452 2949 praeter
481 2905 568 2940 haec
599 2904 709 2951 λόγον
739 2917 762 2940 a
794 2905 953 2951 qualibet
976 2916 1142 2951 persona
1173 2905 1323 2951 accepit,
1353 2906 1518 2951 aequalis
1546 2905 1595 2940 sit
1623 2905 1677 2941 eis
1706 2905 1770 2950 qui
1791 2916 1867 2940 non
1889 2911 2105 2951 acceperunt
2129 2909 2164 2941 et
2186 2905 2285 2941 intra
2308 2909 2436 2941 sancta

215 2951 236 2984 1
284 2959 427 2994 quoque
449 2955 576 2996 saepta
597 2952 825 2986 exactionem
848 2950 1035 2986 sustineat.
1082 2949 1126 2985 Si
1147 2961 1231 2986 vero
1256 2949 1314 2985 dei
1331 2950 1599 2985 amantissimus
1626 2949 1922 2996 archiepiscopus
1945 2954 2072 2986 contra
2095 2961 2139 2986 ea
2162 2961 2256 2996 quae
2275 2950 2436 2986 diximus

216 2990 324 3038 λόγον
347 2994 495 3036 dederit,
520 2996 722 3030 necessario
746 2995 804 3030 dei
827 2995 1065 3030 amantissimi
1081 2995 1269 3030 oeconomi
1284 2998 1318 3029 et
1334 2994 1544 3040 defensores
1558 2995 1807 3030 sanctissimae
1821 2994 1992 3030 ecclesiae
2008 2995 2176 3031 damnum
2195 2995 2279 3031 hinc
2284 2995 2435 3042 publico

214 3037 354 3073 illatum
379 3039 423 3074 de
443 3050 508 3086 suo
533 3044 568 3075 et
591 3041 635 3075 de
655 3041 812 3087 propria
835 3040 1039 3075 substantia
1061 3041 1261 3075 restituent.
1295 3038 1338 3075 Si
1353 3050 1437 3075 vero
1454 3040 1652 3086 locupletes
1667 3050 1742 3075 non
1760 3040 1845 3081 sint,
1869 3050 1919 3075 ex
1931 3040 2097 3086 pecuniis
2111 3045 2147 3075 et
2162 3040 2270 3076 rebus
2284 3041 2436 3076 sanctis-

214 3083 238 3117 2
272 3084 383 3117 simae
403 3084 575 3120 ccclesiae
594 3085 684 3129 fisco
707 3086 870 3129 satisfiet.
907 3084 1013 3128 Quod
1035 3085 1070 3120 si
1091 3085 1164 3131 ipsi
1186 3086 1298 3121 invito
1323 3083 1380 3119 dei
1402 3085 1646 3120 amantissimo
1670 3083 1943 3130 archiepiscopo
1967 3084 2080 3131 λόγον
2102 3084 2192 3120 dare
2215 3085 2296 3120 ausi
2317 3091 2436 3127 erunt,

215 3138 287 3161 non
318 3128 424 3162 modo
456 3130 555 3174 quod
585 3131 708 3166 datum
732 3134 786 3165 est
803 3130 953 3176 penitus
975 3129 1121 3164 irritum
1144 3130 1226 3172 erit,
1249 3129 1313 3165 sed
1335 3129 1407 3176 ipsi
1430 3129 1598 3165 damnum
1616 3129 1765 3176 publico
1789 3129 1988 3172 restituent,
2013 3134 2049 3166 et
2072 3129 2295 3165 beatissimus
2315 3131 2434 3176 patri-

215 3171 338 3213 archa,
361 3173 395 3207 si
417 3172 484 3208 hoc
506 3179 654 3220 praeter
676 3175 754 3209 eius
777 3175 994 3210 voluntatem
1017 3174 1187 3220 fecerint,
1209 3174 1353 3210 omnino
1377 3184 1439 3210 eos
1463 3186 1486 3210 a
1509 3174 1718 3210 ministeriis
1741 3185 1833 3219 quae
1857 3173 1991 3209 habent
2012 3174 2204 3210 removebit
2226 3179 2263 3209 et
2283 3185 2303 3209 e
2317 3185 2436 3210 sacer·

215 3216 239 3250 3
284 3216 383 3251 dotio
414 3218 524 3254 eiciet.
575 3218 639 3253 Sin
673 3224 790 3255 autem
822 3219 936 3255 iudex
968 3223 1098 3255 contra
1129 3230 1173 3254 ea
1199 3230 1293 3265 quae
1315 3219 1506 3254 sanximus
1529 3218 1666 3254 dederit
1689 3217 1798 3265 λόγον
1823 3218 1932 3254 alicui
1956 3220 2022 3264 qui
2039 3219 2186 3266 publica
2209 3219 2340 3255 mensis
2364 3220 2436 3256 tuis

264 3363 278 3393 1
301 3362 407 3394 malim
425 3362 659 3406 προστάξειεν
676 3365 688 3407 11
707 3367 726 3398 2
743 3361 802 3398 ὑπ’
822 3365 946 3398 αυτῶν
960 3366 1006 3398 Μ
1018 3364 1030 3409 ΙΙ
1047 3366 1067 3399 6
1086 3361 1214 3399 αὐτοὺς
1227 3366 1273 3398 M
1279 3366 1290 3408 ῙΙ
1358 3362 1505 3407 δίδομεν
1529 3362 1662 3408 δήποτε
1683 3358 1772 3410 γοῧν
1795 3366 1843 3399 Μ
1859 3366 1914 3407 (an
1937 3365 2025 3411 γοῦν
2049 3366 2110 3399 del.
2120 3365 2150 3408 ¹?)
2170 3365 2183 3410 ΙΙ
2199 3365 2326 3408 αἰτίας]
2350 3362 2433 3400 ciav-

218 3407 234 3436 ἰ’
268 3415 321 3438 τις
353 3410 477 3440 inserui
496 3409 588 3449 (post
610 3407 796 3452 τολμήσειε
820 3409 1019 3448 Zachariae)
1050 3410 1062 3453 ΙΙ
1099 3411 1140 3444 13
1164 3412 1292 3453 aliquid
1361 3407 1436 3442 λίας
1453 3409 1638 3444 Zachariae
1663 3412 1759 3449 (idem
1783 3407 1866 3443 οὔτε
1890 3408 2088 3454 λαμβάνειν
2113 3413 2208 3454 addit
2226 3419 2303 3454 post
2325 3413 2433 3455 παρέ·

219 3451 372 3483 excidisse
396 3453 476 3484 vidit
494 3451 689 3495 Zachariae,
713 3457 770 3497 qui
792 3456 919 3497 supplet
942 3457 1002 3487 καὶ
1026 3455 1086 3488 ἐπὶ
1110 3457 1188 3488 ταῖς
1211 3466 1289 3488 ποι·
1360 3457 1446 3497 χειν)
1475 3455 1487 3498 ΙΙ
1519 3456 1560 3488 25
1585 3455 1638 3496 τῷ
1665 3454 1863 3496 Zachariae]
1888 3454 1930 3488 τὸ
1956 3457 2000 3488 Μ
2032 3460 2037 3499 Ι
2066 3456 2108 3488 26
2133 3453 2329 3500 προσώπου
2353 3454 2432 3488 ἴσον

219 3496 294 3545 ναῖς
324 3491 586 3538 δοθησομέιάις
618 3510 680 3530 non
710 3506 816 3539 recte,·
838 3501 910 3541 fuit
932 3501 1009 3541 sere
1033 3501 1092 3531 καὶ
1124 3500 1184 3534 ἐπὶ
1213 3501 1291 3533 ταῖς
1361 3498 1558 3541 Zachariae]
1582 3498 1718 3544 τρόπου
1742 3499 1829 3533 ἴσως
1849 3501 1892 3533 M
1903 3500 1917 3543 ss
1934 3494 2012 3543 άμπ
2036 3500 2185 3534 ακοῖνσιν
2201 3501 2316 3540 Kroll]
2341 3497 2431 3533 άπο-

219 3548 377 3578 σιτησεσι
401 3538 729 3583 καταβαλλομέναις
744 3542 756 3586 ΙΙ
783 3545 823 3576 14
847 3543 886 3575 οἵ
905 3555 944 3575 τε
968 3541 1137 3578 άντιπεῖν
1160 3545 1207 3577 Μ
1218 3544 1231 3589 ΙΙ
1250 3547 1290 3579 15
1359 3541 1608 3588 λαμβάνουσιν
1631 3546 1682 3587 Μ,
1706 3541 1770 3578 cim
1794 3541 1896 3578 ἅπολ.
1924 3543 2110 3579 Zachariae
2127 3545 2140 3587 ΙΙ
2165 3545 2207 3578 29
2231 3543 2432 3588 ἐπιγνῶναι

219 3584 323 3634 malim
348 3580 396 3615 ὣς
419 3584 458 3615 ἐν
482 3585 570 3617 πᾶσι
597 3586 609 3628 11
641 3588 681 3620 16
712 3587 757 3638 τῇ
782 3600 840 3620 om.
866 3600 933 3620 cum
958 3589 1142 3631 Scrimyero
1165 3591 1253 3633 vuly.
1279 3589 1291 3631 ΙΙ
1360 3602 1418 3622 om.
1445 3590 1518 3631 Ma,
1539 3603 1639 3634 supra
1665 3591 1780 3624 lineam
1803 3591 1878 3623 add.
1904 3589 1947 3623 M
1955 3589 1969 3611 ⁶
1991 3591 2004 3632 ΙΙ
2031 3591 2070 3622 31
2093 3586 2285 3631 δεδομένον
2309 3589 2429 3630 Κνοίί]

223 3625 261 3656 18
285 3629 363 3666 τον]
389 3627 533 3679 ubst!
555 3630 566 3671 ΙΙ
596 3631 634 3663 21
664 3629 755 3672 αὕτη
780 3632 822 3664 Μ
848 3631 860 3674 ΙΙ
893 3633 936 3664 22
960 3630 1087 3677 ἄκυρος
1110 3634 1291 3677 Ayylaeus]
1359 3632 1551 3679 λεγόμενον
1575 3635 1616 3668 Μ
1631 3635 1643 3678 ΙΙ
1661 3636 1704 3669 32
1727 3634 1835 3667 τοῑτο
1862 3634 2102 3676 Osenbriiyqen]
2125 3644 2161 3678 τι
2184 3630 2226 3664 τὸ
2250 3633 2297 3665 Μ
2314 3635 2370 3673 (an
2394 3646 2431 3667 τι

220 3670 321 3714 κυρία
337 3670 376 3702 Μ
397 3670 408 3713 ΙΙ
439 3669 520 3704 ουδὲ
542 3671 608 3718 γὰρ
634 3671 678 3707 δι’
706 3672 966 3718 οἱαςδηποτοῦν
980 3677 1096 3718 Kroll]
1121 3676 1204 3711 οὔτε
1222 3676 1292 3724 γὰρ
1360 3679 1543 3722 τοιοῦτοῗ)
1570 3678 1583 3724 ΙΙ
1611 3681 1653 3713 33
1674 3686 1822 3724 praestat
1845 3674 2052 3723 φροντίδων
2074 3677 2126 3710 vel
2148 3676 2431 3723 φροντισμάτων

2465 659 2504 691 10

2466 878 2505 910 15

2463 1194 2506 1226 20

2461 1639 2505 1671 30
