2586 3990
137 152 195 182 ET
226 151 345 183 Anus
375 151 650 183 PARENTIBUS
1211 135 1296 184 553
1974 141 2081 186 Nov.
2095 137 2257 188 CXVII
2287 143 2325 184 2.
2351 140 2376 183 3·

1291 262 1372 286 cum
1396 262 1467 297 qua
1490 251 1636 297 nuptiae
1661 251 1856 288 consistere
1881 258 2042 298 possunt,
2069 253 2166 289 dicat
2188 254 2226 289 in
2243 254 2374 289 instru-

1288 301 1407 333 mento
1432 298 1506 333 sive
1530 297 1673 342 publico
1703 298 1776 333 sive
1800 299 1947 342 propria
1977 310 2085 334 manu
2111 300 2316 344 conscripto
2341 305 2376 334 et

1288 342 1434 377 habenti
1459 342 1757 387 subscriptionem
1782 344 1889 378 trium
1913 344 2057 379 testium
2081 344 2151 380 fide
2177 346 2374 388 dignorum,

1289 388 1362 422 sive
1391 388 1429 423 in
1459 391 1674 424 testamento
1707 388 1780 423 sive
1812 390 1878 423 sub
1911 390 2019 433 gestis
2054 394 2373 432 monumentorum,

1256 433 1383 468 5hunc
1410 437 1472 468 aut
1494 434 1587 469 hanc
1611 434 1724 469 filium
1756 445 1858 469 suum
1890 445 1967 470 esse
1997 438 2060 470 aut
2083 436 2210 478 filiam,
2242 440 2279 471 et
2303 446 2374 470 non

134 479 275 524 προεθῇ
307 481 367 512 καὶ
398 478 552 524 φυσικὸν
581 493 602 522 η
627 491 790 524 φυσικην,
825 491 907 513 τους
931 491 1113 513 'commove
1137 481 1218 514 παῖ·
1287 479 1460 514 adiecerit
1483 479 1700 522 naturalem,
1735 479 1938 515 huiusmodi
1968 479 2059 516 filios
2089 481 2262 524 legitimos
2294 491 2374 516 esse

135 522 197 557 δας
228 527 393 577 γνησίους
422 523 532 566 εἶναι,
570 528 631 558 καὶ
662 523 842 569 μηδεμίαν
874 526 1000 569 ἑτέραν
1031 521 1219 564 ἀπόδειξιν
1288 527 1325 559 et
1360 525 1495 559 nullam
1532 525 1639 560 aliam
1675 525 1922 569 probationem
1959 526 2005 561 ab
2040 525 2092 560 eis
2126 526 2268 570 quaeri,
2311 527 2374 561 sed

134 565 222 613 παρ’
250 570 373 602 αυτιῦν
398 570 606 612 ζητεῖσθαι,
639 568 729 604 ἀλλὰ
755 570 909 604 πάντων
934 567 1131 604 ἀπολαύειν
1156 567 1218 602 αὐ-
1288 570 1383 604 omni
1405 570 1476 604 frui
1502 580 1561 606 eos
1585 571 1662 605 iure
1693 570 1789 615 quod
1812 570 1976 613 legitimis
2010 571 2090 606 filiis
2116 576 2262 607 nostrae
2287 583 2372 607 cou-

133 613 214 647 τοὺς
244 615 321 647 τῶν
346 612 499 648 δικαίων
531 611 602 648 ὅσα
636 619 708 650 τοῖς
730 619 890 661 γνησίοις
920 618 1048 649 παισὶν
1078 614 1114 649 οἱ
1135 611 1231 659 ἡμε’-’
1287 615 1407 649 ferunt
1438 616 1548 659 leges,
1584 619 1709 660 utpote
1739 616 1819 660 ipso
1852 621 1969 661 patre,
2006 617 2113 651 sicuti
2146 617 2280 652 dictum
2306 622 2372 659 est,

132 671 228 702 τεροι
260 663 454 705 παρεξζσυσι
486 658 612 705 νόμοι,
650 660 708 694 οἶα
742 662 806 694 τοῦ
839 660 976 706 πατρὸς
1009 658 1133 702 αὐτοῦ,
1170 658 1272 694 ιὸς10
1287 660 1379 696 filios
1411 661 1574 705 proprios
1606 671 1667 696 eos
1699 664 1860 696 vocante.
1909 661 1966 695 Ex
1997 661 2066 696 hoc
2099 662 2192 696 enim
2225 665 2261 696 et
2292 673 2372 697 eum

132 703 285 749 εἴρηται,
311 704 442 739 παῖδας
466 704 575 739 ἰδίους
599 704 728 740 αὐτοὺς
749 702 1048 741 ἄποκαλέσαντος.
1097 706 1216 739 έντεῦ-
1287 715 1410 740 eorum
1442 710 1555 741 matre
1585 709 1805 741 monstratur
1834 706 2026 750 legitimum
2057 708 2226 742 habuisse
2250 708 2372 743 matri-

131 748 202 782 θεν
225 748 294 795 γὰρ
319 754 379 784 καὶ
402 750 494 795 μετὰ
519 754 582 795 τῆς
607 748 730 786 αὐτῶν
752 751 886 797 μητρὸς
911 748 1092 784 δείκνυται
1115 749 1216 794 νόμι-
1287 751 1462 794 monium,
1497 754 1537 786 ut
1564 762 1680 796 neque
1709 753 1754 786 ab
1785 762 1827 786 ea
1863 762 1928 796 pro
1961 752 2167 796 nuptiarum
2199 752 2270 787 fide
2302 753 2373 787 alia

129 806 200 838 μον
231 796 418 837 ἐσχηκέναι
449 797 577 843 γάμον,
611 794 699 830 diere
730 795 821 841 μηδὲ
855 793 945 842 παρ’
983 792 1092 838 αὐτῆς
1127 795 1217 840 πρὸς
1288 797 1452 840 probatio
1478 797 1691 842 requiratur.
1741 797 1778 832 Si
1797 802 1916 833 autem
1940 801 2044 842 pater
2062 809 2105 832 ex
2129 798 2209 842 ipsa
2226 798 2373 833 muliere

130 839 198 882 τὴν
217 841 282 873 τοῦ
299 842 415 887 γάμου
441 847 567 876 πίστιν
592 843 718 887 ἑτέραν
737 840 928 882 ἀπόδειξιν
949 841 1214 883 ε’πιζητεῖσθαι.
1286 843 1417 877 multos
1442 842 1533 877 filios
1558 842 1694 878 habens
1719 843 1781 878 uni
1805 853 1849 877 ex
1873 843 1924 878 eis
1949 843 2189 878 testimonium
2214 844 2372 886 quolibet

131 885 161 917 εἰ
185 882 224 918 δὲ
248 884 267 919 ὁ
293 887 414 933 πατὴρ
447 890 485 920 ἐκ
517 889 580 931 τῆς
611 884 719 930 αὐτῆς
748 887 917 934 γυναικὸς
951 886 1103 921 πολλοὺς
1134 889 1216 921 παῖ·
1234 889 1272 921 15
1288 897 1331 921 ex
1355 887 1549 931 praedictis
1581 889 1784 933 praebuerit
1806 887 1938 929 modis,
1972 888 2137 923 sufficere
2161 889 2268 923 etiam
2292 888 2371 923 aliis

131 928 194 964 δας
226 932 320 973 έχων
344 933 398 965 ἑνὶ
429 933 467 973 ἐξ
497 930 621 966 αὐτῶν
651 935 854 978 μαρτυρίαν
883 928 976 966 καθ’
1004 929 1217 973 οἱονδὴποτε
1288 942 1331 966 ex
1355 933 1478 968 eadem
1501 933 1648 969 muliere
1671 935 1765 970 natis
1789 934 1835 970 ad
1851 933 2008 978 legitima
2030 935 2110 969 iura
2132 934 2246 979 patris
2270 935 2369 969 testi-

130 977 207 1009 τῶν
223 978 421 1021 εἰρημένων
446 977 624 1023 παράσχοι
640 978 803 1023 τρόπων,
829 975 951 1022 ἀρκεῖν
975 980 1034 1010 καὶ
1059 979 1131 1011 τοῖς
1155 975 1216 1010 ἄλ·
1287 978 1444 1013 monium
1469 978 1532 1013 uni
1556 979 1687 1015 datum.

131 1020 203 1055 λοις
227 1025 299 1056 τοῖς
317 1024 353 1054 ἐκ
371 1024 433 1066 τῆς
451 1020 560 1066 αὐτῆς
579 1023 748 1070 γυναικὸς
770 1023 933 1065 τεχθεῖσι
957 1021 1048 1067 πρὸς
1071 1022 1118 1056 τὰ
1140 1023 1217 1056 τῶν

130 1070 297 1111 νομίμων
329 1066 450 1102 δίκαια
483 1068 551 1111 τὴν
582 1070 636 1112 τῷ
669 1069 723 1103 ἑνὶ
756 1066 952 1112 δεδομένην
983 1068 1047 1102 τοῦ
1080 1068 1218 1115 πατρὸς

130 1117 341 1159 μαρτυρίαν.
1232 1117 1274 1149 20

1127 1192 1284 1228 CAPUT
1308 1193 1372 1228 III.

135 250 276 294 ναικός,
308 249 399 296 μεθ’
432 243 471 295 ἧς
500 250 613 298 γάμος
643 251 889 286 συνίστασθαι
921 250 1093 295 δύναται,
1126 252 1220 286 εἴποι

135 299 175 330 ἐν
196 297 403 342 συμβολαίῳ
429 297 499 331 εἴτε
516 294 677 344 ἀγοραίῳ
703 298 773 331 εἴτε
790 296 865 340 ἰδίᾳ
888 300 976 342 χειρὶ
1001 311 1218 345 συγγεγραμ-

133 346 231 386 μένῳ
258 346 317 376 καὶ
341 345 457 385 ἑγοντι
482 339 694 389 ὑπογραφάς
722 346 835 388 τριῶν
858 342 1055 388 μαρτύρων
1080 340 1218 383 οἷξιοπί·

135 400 235 422 στων
259 388 329 422 εἴτε
350 390 389 422 ἐν
406 386 564 435 διαθήκῃ
590 389 660 421 εἴτε
677 391 736 422 ἐπὶ
753 389 918 434 πράξεως
942 386 1219 432 ’ὑπομνημάτων

133 435 267 467 τοῦτον
283 431 305 476 ἦ
321 433 458 475 ταύτην
479 430 561 467 υἱὸν
579 430 689 486 αὑτοῦ
714 434 808 487 εἶναι
832 433 854 477 ἢ
872 435 1068 487 θυγατέρα,
1093 437 1153 467 καὶ
1168 433 1218 478 μὴ

198 1252 271 1281 Καὶ
304 1251 412 1284 τοῦτο
450 1248 489 1284 δὲ
523 1251 567 1297 τῇ
602 1249 768 1297 παρούσῃ
806 1248 969 1290 διατάξει
1003 1248 1214 1294 συνείδομεν

131 1294 360 1337 προςθεῖναι,
393 1291 480 1329 diste
505 1296 540 1329 εἴ
559 1308 612 1330 vis
637 1293 808 1342 ἀγράφως
839 1295 932 1329 κατὰ
957 1294 1130 1329 διάθεσιν
1152 1309 1215 1341 γα-

129 1340 238 1382 μικὴν
261 1343 412 1386 γυναῖκα
437 1341 542 1384 λάβοι
567 1344 626 1374 καὶ
651 1339 782 1375 παῖδας
814 1341 852 1381 ἐξ
876 1338 986 1384 αὐτῆε1
1011 1341 1213 1384 ποιήσαιτο,

129 1385 303 1419 λυθέντος
328 1384 367 1419 δὲ
390 1388 454 1420 τοῦ
476 1386 565 1432 πρὸς
590 1384 704 1430 αὐτὴν
727 1385 844 1439 γάμου
870 1388 988 1440 συμβῇ
1015 1383 1130 1420 αὐτὸν
1154 1389 1213 1420 καὶ

1351 1249 1430 1284 Hoc
1455 1260 1596 1294 quoque
1626 1251 1809 1295 praesenti
1841 1252 2090 1288 constitutioni
2120 1253 2368 1297 perspeximus

1285 1294 1528 1337 adiciendum,
1561 1299 1602 1330 ut
1626 1296 1656 1330 si
1680 1296 1759 1339 quis
1781 1307 1825 1331 ex
1849 1308 1920 1332 non
1945 1298 2079 1342 scripto
2113 1308 2178 1342 per
2202 1297 2367 1333 affectum

1284 1340 1480 1385 nuptialem
1505 1351 1651 1376 uxorem
1676 1342 1856 1386 acceperit
1885 1347 1920 1376 et
1945 1353 1989 1377 ex
2013 1353 2054 1378 ea
2076 1343 2169 1378 filios
2199 1354 2367 1387 procrea-

1282 1387 1381 1428 verit,
1415 1388 1533 1421 soluto
1558 1389 1678 1421 autem
1700 1387 1925 1423 matrimonio
1952 1389 2134 1433 contingat
2159 1399 2238 1423 eum
2263 1389 2368 1423 etiam

130 1430 257 1475 ἑτέραν
294 1429 520 1487 ἀγαγέσθαι,
533 1436 685 1486 γυναῖκα
720 1445 812 1477 μετα
849 1444 1046 1477 προικῳων
1082 1436 1213 1476 συμβο·
1228 1434 1269 1466 25
1283 1432 1387 1466 aliam
1421 1432 1553 1467 ducere
1587 1432 1773 1475 coniugem
1805 1444 1885 1467 cum
1911 1433 2089 1469 dotalibus
2122 1434 2368 1469 instrumentis

130 1474 253 1517 λαίων,
285 1480 345 1510 καὶ
369 1478 408 1518 εξ
433 1490 540 1520 αυτης
564 1482 697 1522 ομοίως
717 1478 948 1520 ποιήσασθαι
973 1475 1119 1519 παῖδας,
1149 1491 1213 1522 μη-

130 1520 190 1554 δὲν
212 1526 294 1567 περὶ
311 1522 376 1565 τὴν
393 1523 570 1567 πατρῴαν
590 1523 830 1567 κληρονομίαν
850 1525 923 1557 τοῖς
944 1525 981 1557 ἐκ
1003 1524 1065 1565 τῆς
1086 1519 1213 1568 ἀπροί-

128 1580 190 1600 κου
221 1570 377 1614 γαμετῆς
400 1569 562 1610 τεχθεῖσι
587 1573 692 1602 παισὶ
717 1569 900 1613 πρόκριμα
914 1569 1096 1615 γίνεσθαι,
1122 1565 1212 1601 ἀλλὰ

128 1612 218 1656 μετὰ
237 1614 313 1646 τῶν
330 1612 452 1647 ἄλλων
477 1612 623 1648 παίδων
647 1616 723 1648 τῶν
748 1616 785 1647 ἐκ
802 1616 862 1656 τῆς
879 1612 1044 1659 δευτέρας
1063 1615 1212 1656 τεχθέν-

1284 1482 1319 1512 et
1343 1488 1387 1512 ex
1412 1487 1454 1512 ea
1478 1477 1639 1513 similiter
1663 1478 1754 1513 filios
1781 1489 1986 1522 procreare,
2020 1480 2155 1515 nullum
2185 1480 2280 1515 circa
2303 1490 2367 1524 pa·

1283 1528 1420 1558 ternam
1450 1523 1683 1558 hereditatem
1715 1523 1794 1558 aliis
1825 1524 1908 1559 filiis
1944 1535 1988 1559 ex
2021 1525 2184 1560 indotata
2220 1525 2369 1569 coniuge

1282 1569 1377 1604 natis
1410 1568 1668 1614 praeiudicium
1696 1569 1794 1611 fieri,
1828 1570 1891 1604 sed
1915 1580 1996 1604 cum
2021 1570 2100 1606 aliis
2130 1570 2211 1606 filiis
2243 1581 2288 1605 ex
2312 1581 2368 1606 se-

1284 1614 1402 1649 cunda¹
1425 1615 1519 1650 natis
1544 1625 1665 1656 uxore,
1697 1624 1788 1658 quae
1814 1626 1894 1650 eum
1918 1615 2099 1651 dotalibus
2123 1616 2368 1651 instrumentis

128 1670 206 1691 των
220 1660 375 1703 γαμετῆς
398 1659 564 1711 τῆςῃμετὰ
582 1660 776 1713 προικξζᾷων
793 1658 1026 1704 συμβολαίων
1050 1671 1212 1702 συνοικη-
1227 1663 1268 1694 30
1284 1660 1452 1704 copulata
1483 1662 1556 1702 est,
1590 1659 1635 1694 ad
1665 1660 1778 1704 patris
1812 1663 1848 1695 et
1876 1660 1956 1696 illos
1980 1661 2212 1696 hereditatem
2237 1662 2367 1705 vocari,

128 1703 235 1746 σάσης
260 1704 306 1737 εἰς
325 1704 392 1737 τὸν
408 1717 472 1737 του
494 1717 632 1749 πατρος
656 1708 833 1738 κακείνους
857 1704 1050 1738 καλεῖσθαι
1070 1703 1212 1750 κλῆρον,

128 1746 187 1781 οἶα
217 1752 277 1782 καὶ
312 1750 351 1782 ἐκ
381 1748 493 1793 μόνης
525 1748 725 1784 διαθέσεως
761 1748 960 1794 δυναμένου
996 1752 1061 1784 τοῦ
1096 1750 1212 1797 γάμου

128 1794 384 1828 συνίστασθαι.
433 1791 524 1841 ὅπερ
541 1793 674 1839 ὁμοίως
698 1798 842 1841 κρατεῖν
858 1795 1082 1839 βουλόμεθα,
1107 1797 1137 1829 εἰ
1154 1799 1212 1829 καὶ

102 1844 104 1846 ’
128 1840 277 1882 πρῶτον
305 1842 372 1884 μὲν
401 1841 491 1896 μετα
522 1840 718 1886 προικιρων
748 1840 981 1896 συμβολαίων
1005 1841 1212 1886 συναφθείη

1284 1715 1364 1740 cum
1396 1706 1502 1740 etiam
1535 1715 1578 1740 ex
1610 1705 1686 1740 solo
1720 1705 1851 1740 affectu
1880 1706 1994 1750 possit
2026 1707 2222 1742 consistere
2246 1707 2367 1742 matri-

1282 1751 1450 1786 monium.
1506 1750 1608 1794 Quod
1647 1751 1808 1786 similiter
1846 1752 1964 1787 valere
2004 1753 2186 1795 volumus,
2233 1753 2368 1787 etiamsi

1281 1797 1380 1841 prius
1412 1796 1554 1842 quidem
1590 1807 1671 1831 cum
1705 1796 1884 1832 dotalibus
1919 1797 2165 1833 instrumentis
2200 1798 2369 1842 iungatur

1282 1842 1410 1887 aliquis
1435 1842 1557 1885 uxori,
1595 1846 1679 1887 post
1713 1842 1812 1877 illam
1846 1852 1927 1878 vero
1963 1843 2112 1879 alteram
2147 1844 2257 1878 ducat
2291 1845 2367 1879 solo

128 1896 181 1918 ‘cis
211 1898 360 1932 γαμετῃ,
395 1899 461 1928 μετ
510 1888 649 1929 ἐκείνην
679 1885 718 1920 δὲ
748 1887 875 1932 ἑτέραν
908 1887 1086 1933 αγάγηται
1117 1886 1212 1935 μόνῃ
1227 1890 1268 1922 35
1283 1887 1437 1933 nuptiali
1461 1888 1603 1923 affectu.

127 1932 258 1976 γαμικῇ
285 1929 459 1965 διαθέσει.

185 2012 210 2031 c.
225 2000 289 2032 ΙΙΙ
311 2001 536 2044 Θεσπίζομεν
559 2001 596 2034 εἴ
614 2013 668 2035 τις
690 1998 861 2047 ἀγράφως
876 2028 978 2035 ......
999 2011 1087 2036 extat
1106 2003 1138 2034 Β
1153 2004 1208 2044 45,
1224 2011 1252 2044 6,
1266 2011 1281 2036 3
1295 2004 1358 2044 (Βδ
1379 2005 1416 2035 K
1433 2005 1484 2044 16,
1500 2011 1534 2036 52
1548 2017 1583 2046 p.
1598 2004 1663 2036 433
1678 2003 1807 2044 Zach.).
1826 2022 1867 2026 —-
1896 2003 2058 2037 Summam
2079 2005 2175 2037 habet
2192 2005 2368 2047 Appendioe

130 2044 275 2087 Eeloqae
300 2047 318 2078 2
352 2046 553 2087 (Zachariae
574 2044 707 2080 Ἀνέκδ.
731 2060 764 2090 p.
783 2049 859 2087 186)
884 2049 940 2080 ubi
963 2050 1081 2081 citatur
1105 2049 1232 2081 novella
1251 2046 1325 2093 ριε’;
1354 2049 1520 2082 Theodori
1541 2061 1692 2081 summam
1716 2050 1831 2091 repetit
1856 2044 1924 2081 ΒΣ.

129 2133 265 2165 uxore,
298 2134 376 2158 cum
409 2134 482 2168 qua
513 2124 781 2159 matrimonium
814 2125 1008 2160 consistere
1035 2129 1172 2171 potest,
1205 2125 1243 2160 in
1266 2125 1503 2160 instrumento
1535 2126 1610 2161 sive
1639 2126 1784 2170 forensi
1811 2126 1885 2161 sive
1913 2137 1980 2162 sua
2003 2126 2119 2173 ipsius
2150 2138 2259 2162 manu
2283 2139 2366 2163 eon·

128 2168 265 2213 scripto
291 2172 325 2203 et
348 2168 631 2214 subscriptiones
655 2170 762 2204 trium
788 2171 927 2205 testium
948 2170 1022 2215 fide
1047 2170 1239 2215 diqnorum
1264 2170 1416 2206 habente
1446 2171 1519 2205 sive
1543 2170 1581 2204 in
1607 2174 1818 2206 testamento
1842 2172 1916 2206 sive
1938 2172 2004 2208 sub
2027 2173 2139 2217 qestis
2161 2183 2366 2208 monumen-

131 2217 247 2248 torum
273 2213 367 2248 hune
391 2213 447 2249 vel
469 2214 562 2248 liano
582 2214 699 2258 filium
721 2226 825 2249 suum
847 2215 1004 2259 filiamve
1028 2226 1103 2250 esse
1123 2215 1270 2256 dixerit,
1297 2226 1413 2261 neque
1437 2215 1619 2250 addiderit
1642 2216 1857 2257 naturalem,
1890 2217 2068 2252 eiusmodi
2089 2217 2193 2252 liberi
2218 2218 2367 2263 leqitimi

129 2259 217 2300 sint,
249 2270 364 2304 neque
388 2259 464 2294 ulla
489 2259 562 2294 alia
579 2260 754 2305 probatio
779 2261 823 2295 ab
849 2261 894 2295 iis
917 2261 1099 2306 exiqatur,
1131 2260 1196 2295 sed
1220 2260 1383 2295 omnibus
1405 2261 1546 2296 iuribus
1566 2261 1746 2306 fruantur
1777 2272 2021 2307 quaecumque
2053 2262 2222 2308 leqitimis
2247 2264 2368 2299 liberis

130 2304 227 2348 teqes
249 2308 398 2339 nostrae
415 2305 605 2350 praebent,
631 2305 765 2351 quippe
789 2316 868 2340 eum
892 2306 969 2351 ipse
992 2316 1055 2341 eos
1070 2310 1192 2352 pater,
1216 2306 1324 2340 sicuti
1348 2305 1481 2340 dietum
1505 2309 1568 2348 est,
1597 2305 1728 2340 liberos
1751 2317 1838 2341 suos
1861 2308 2109 2343 nominaverit.
2159 2307 2250 2343 Inde
2273 2309 2366 2344 enim

130 2350 237 2383 etiam
261 2360 340 2383 eum
364 2355 479 2384 matre
503 2360 626 2384 eorum
651 2350 847 2395 leqitimum
871 2350 1038 2386 babuisse
1069 2351 1334 2385 matrimonium
1357 2350 1554 2397 probatur,
1586 2355 1627 2397 ut
1658 2362 1702 2385 ne
1734 2351 1778 2385 ab
1810 2351 1874 2386 illa
1899 2352 2041 2397 quidem
2073 2352 2123 2387 ad
2145 2354 2369 2389 matrimonii

127 2394 235 2438 fidem
259 2394 333 2429 alia
352 2395 527 2440 probatio
551 2396 733 2440 exiqatur.
781 2394 918 2438 Quodsi
931 2401 1039 2442 pater
1055 2407 1104 2431 ex
1120 2395 1243 2431 eadem
1267 2396 1415 2431 muliere
1438 2395 1570 2431 multos
1594 2395 1729 2431 liabens
1754 2395 1885 2431 liberos
1908 2397 1972 2431 uni
1987 2408 2036 2432 ex
2052 2398 2097 2432 iis
2113 2398 2367 2445 qualicumque

130 2450 179 2475 ex
202 2439 319 2474 modis
339 2440 538 2486 praedietis
563 2441 799 2476 testimonium
850 2442 1047 2483 raebuerit,
1079 2442 1207 2477 ceteris
1230 2452 1374 2487 quoque
1405 2452 1454 2477 ex
1484 2441 1606 2477 eadem
1637 2441 1783 2476 muliere
1814 2442 1911 2477 natis
1940 2442 1989 2477 ad
2010 2443 2094 2478 iura
2125 2443 2365 2489 leqitimorum

130 2485 295 2530 sufficiat
312 2486 435 2531 patris
460 2486 697 2521 testimonium
722 2487 788 2521 uni
834 2491 942 2522 atum.

265 2530 330 2566 III.
387 2530 517 2566 Verum
542 2530 608 2566 boe
658 2542 777 2577 uoque
792 2532 983 2577 praesenti
1007 2531 1255 2567 constitutioni
1279 2530 1411 2567 addere
1435 2530 1673 2574 decrevimus,
1703 2535 1744 2567 ut
1766 2532 1798 2567 si
1816 2532 1898 2578 quis
1920 2533 1997 2567 sine
2016 2533 2164 2580 scriptis
2186 2544 2236 2569 ex
2255 2534 2363 2569 mari-

133 2575 199 2611 tali
222 2576 417 2622 affeetione
439 2587 590 2611 uxorem
615 2542 763 2612 (gazera
787 2588 836 2612 ex
859 2588 973 2622 eaque
998 2577 1128 2612 liberos
1150 2576 1361 2623 susceperit,
1393 2575 1513 2622 soluto
1539 2580 1658 2612 autem
1691 2588 1770 2612 cum
1794 2589 1837 2613 ea
1860 2578 2090 2614 matrimonio
2119 2579 2223 2625 forte
2255 2579 2364 2615 aliam

131 2632 284 2656 uxorem
309 2632 388 2656 cum
413 2621 592 2656 dotalibus
616 2623 862 2657 instrumentis
886 2624 1034 2658 duxerit
1050 2622 1268 2669 pariterque
1291 2633 1341 2657 ex
1364 2632 1407 2656 ea
1432 2620 1565 2656 liberos
1587 2622 1805 2668 susceperit,
1837 2621 1975 2657 nullum
2007 2622 2052 2658 de
2072 2628 2233 2670 paterna
2265 2625 2364 2660 ltere-

131 2666 243 2702 ditate
268 2667 534 2713 praeiudicium
567 2667 687 2702 liberis
718 2678 768 2703 ex
797 2668 962 2703 indotata
994 2678 1115 2703 uxore
1144 2668 1240 2703 natis
1272 2667 1426 2708 oriatur,
1462 2666 1527 2702 sed
1556 2678 1636 2702 eum
1666 2668 1795 2703 ceteris
1826 2667 1947 2703 liberis
1978 2679 2028 2704 ex
2056 2669 2215 2704 secunda
2245 2680 2365 2706 uxore

130 2713 238 2754 natis,
271 2723 363 2757 quae
395 2723 473 2747 cum
497 2712 678 2748 dotalibus
708 2713 955 2748 instrumentis
985 2714 1018 2748 ei
1048 2713 1230 2759 nupserit,
1264 2713 1313 2747 ad
1342 2711 1463 2758 patris
1493 2711 1726 2748 hereditatem
1757 2713 1812 2748 illi
1844 2724 1988 2759 quoque
2011 2719 2194 2756 vocentur,
2230 2715 2366 2767 quippe

130 2767 210 2791 eum
234 2759 341 2792 etiam
372 2768 421 2793 ex
444 2757 525 2792 sola
557 2758 749 2803 affectione
780 2758 1046 2793 matrimonium
1070 2758 1267 2793 consistere
1287 2757 1417 2803 possit.
1465 2756 1570 2799 Quod
1592 2758 1756 2793 similiter
1783 2758 1903 2794 valere
1926 2759 2090 2806 uolumus
2120 2761 2258 2795 etiamst
2284 2772 2366 2807 quis

122 2802 232 2848 prius
256 2813 335 2837 eum
359 2802 540 2838 dotalibus
562 2803 810 2839 instrumentis
841 2804 955 2839 uxori
986 2804 1180 2850 copulatus
1203 2803 1268 2845 sit,
1294 2806 1384 2849 post
1407 2802 1506 2837 illam
1538 2808 1657 2839 autem
1687 2804 1766 2839 sola
1797 2804 1960 2840 maritali
1989 2805 2182 2850 affectione
2213 2805 2364 2842 alteram

130 2847 263 2883 duxeri
266 2853 286 2882 t.

176 2928 195 2959 2
220 2923 242 2968 ἢ
267 2922 426 2972 ἀγοραίῳ
442 2927 486 2960 Bl
502 2927 514 2970 ΙΙ
534 2929 553 2960 3
571 2924 787 2973 ὑπογραφὴν
804 2929 878 2964 Βῑς
895 2929 907 2972 ΙΙ
926 2931 944 2962 5
963 2925 1075 2962 αὐτοῦ
1091 2929 1211 2969 MLB‚

131 2984 213 3005 corr.
239 2972 403 3014 Scrimqer
427 2972 438 3015 ΙΙ
465 2974 484 3004 6
510 2974 568 3004 καὶ
592 2972 757 3016 φυσικὸν]
791 2976 850 3005 καὶ
875 2975 1018 3011 0m.L;,
1046 2975 1094 3006 Bs
1110 2987 1141 3006 υ.
1157 2975 1175 3006 l.
1201 2973 1212 3018 ΙΙ

133 3018 151 3049 8
177 3011 288 3048 αὐτοῦ
313 3017 362 3049 B⁸
382 3017 393 3057 ΙΙ
418 3019 457 3050 10
480 3012 590 3050 αὐτοῦ
615 3018 680 3050 τοῦ
704 3018 841 3063 πατρὸς
868 3019 934 3052 LB
952 3019 964 3062 ΙΙ
991 3021 1030 3052 12
1056 3018 1213 3062 νόμιμον

132 3062 317 3102 ἐσχηκέναι
342 3057 524 3094 δείκνυται
545 3062 594 3094 Β8
612 3075 642 3095 υ.
657 3064 677 3095 l.
698 3064 709 3102 ΙΙ
728 3065 767 3096 13
791 3060 903 3106 μηδὲν
925 3065 955 3096 L
974 3064 986 3106 ΙΙ
1005 3060 1124 3097 αὐτοῖς
1141 3066 1186 3097 La
1202 3063 1214 3109 Η

134 3108 175 3139 14
202 3105 392 3147 ζητεῖσθαι
417 3107 466 3139 BS
484 3106 496 3149 ΙΙ
516 3109 556 3140 15
582 3107 630 3147 ἐκ]
654 3107 745 3150 μετὰ
763 3109 797 3141 Β
817 3110 828 3149 ΙΙ
843 3109 906 3151 τῆς
924 3105 1043 3150 αὐτῆς]
1069 3109 1131 3151 τῆς
1150 3105 1212 3141 αὖ·

131 3151 196 3184 τοῦ
226 3150 284 3183 ΒῘῙ
314 3151 385 3193 ipsa
410 3163 428 3187 ς
446 3150 458 3194 ΙΙ
485 3154 523 3185 17
549 3150 616 3185 τὸν
640 3152 825 3197 εἰρημένον
851 3154 880 3186 L
898 3154 910 3196 l}
934 3152 1076 3198 τρόπον
1094 3154 1180 3187 LBr
1201 3154 1213 3198 ss

133 3193 234 3240 ἀρκεῖ
245 3196 296 3228 ΒΓ
310 3196 322 3239 ΙΙ
343 3198 382 3230 18
401 3192 509 3239 αὐτῆς
533 3210 591 3229 om.
606 3198 650 3229 Bt
666 3197 678 3240 ΙΙ
700 3200 740 3232 19
765 3195 956 3241 διδομένην
979 3200 1027 3231 Bs
1043 3213 1071 3232 υ.
1087 3201 1118 3234 Ι..
1134 3199 1180 3232 Bl
1202 3199 1214 3242 ΙΙ

134 3243 176 3275 23
194 3239 287 3286 λάβῃ
305 3242 363 3283 ΒΓ,
384 3241 432 3273 B³
448 3254 475 3274 v.
492 3243 511 3274 l.
530 3241 542 3285 ss
560 3242 753 3284 ποιήσαιτο
767 3245 828 3283 Bs]
854 3241 1042 3286 ποιήσοιτο
1058 3244 1183 3277 MLBs
1203 3244 1215 3288 [l

134 3289 176 3320 24
193 3286 282 3330 πρὸς
300 3282 414 3328 αὐτὴν
431 3300 489 3319 om.
504 3298 522 3322 ς
540 3287 551 3330 ΙΙ
570 3288 611 3321 26
629 3290 699 3329 καὶ]
724 3290 783 3321 καὶ
800 3288 935 3333 ἑτέρων
953 3290 1002 3321 La
1019 3289 1031 3332 ΙΙ
1050 3291 1091 3323 29
1107 3302 1214 3335 γαμε-

133 3332 195 3374 τῆς
218 3330 428 3373 τεχθέντων
454 3332 484 3364 L
507 3332 519 3375 ΙΙ
546 3334 588 3366 32
612 3334 671 3364 καὶ
696 3346 754 3366 om.
770 3333 820 3366 ΒΓ
842 3334 854 3377 ΙΙ
879 3336 923 3368 34
947 3334 1120 3380 συναφθῇ
1146 3335 1215 3368 LB

205 3471 220 3502 1
248 3470 333 3509 cum]
367 3479 405 3501 ex
431 3481 451 3500 v
478 3468 490 3511 ll
522 3468 579 3509 qui
603 3467 651 3501 V¹
681 3468 694 3511 11
723 3469 841 3510 nuptia
866 3469 884 3500 b
915 3468 926 3511 ΙΙ
955 3468 1108 3502 contrahi
1133 3470 1180 3502 bv
1204 3468 1215 3515 Η

135 3513 171 3545 in
194 3513 255 3555 T2]
282 3527 340 3547 om.
356 3513 535 3547 RVT²bv
557 3513 569 3556 Η
597 3515 620 3546 2
643 3512 796 3555 publicae
820 3515 879 3547 Rb
912 3525 958 3556 ·p·
987 3515 1050 3556 T²‚
1079 3514 1213 3557 publico

136 3571 218 3591 corr.
239 3559 372 3600 publice
399 3559 451 3592 T2
481 3558 493 3602 ΙΙ
522 3560 541 3591 3
566 3558 725 3591 habentes
749 3572 779 3600 υ,
815 3558 957 3592 habente
981 3561 1065 3603 vulq.
1096 3560 1108 3603 ΙΙ
1136 3571 1213 3593 con—

136 3603 315 3646 scriptione
333 3605 381 3637 R¹
405 3603 648 3646 subscriptione
666 3604 714 3636 122
731 3604 743 3647 ss
760 3604 893 3636 testium
914 3604 1017 3637 trium
1039 3605 1071 3638 T
1083 3605 1095 3648 ΙΙ
1112 3607 1134 3640 4
1153 3606 1213 3639 sub

136 3648 249 3689 gestis]
276 3649 433 3682 subiectis
450 3650 482 3682 R
506 3649 542 3681 in
558 3649 658 3691 gestis
676 3649 708 3682 Τ
727 3649 902 3692 indigestis
927 3651 945 3682 b
965 3649 977 3694 ΙΙ
1002 3652 1020 3684 5
1044 3652 1113 3691 aut]
1139 3654 1171 3684 et
1193 3664 1214 3683 v

136 3696 195 3726 aut
218 3693 273 3726 uel
294 3694 349 3737 Vn
366 3696 463 3735 hanc]
487 3695 576 3727 huno
593 3696 625 3727 R
641 3694 653 3738 ΙΙ
673 3704 740 3727 esse
758 3694 861 3727 filium
882 3705 975 3728 suum
996 3708 1017 3728 υ
1034 3695 1045 3739 ΙΙ
1064 3698 1132 3737 aut]
1158 3696 1214 3729 uel

139 3739 196 3783 ΤΙΙ
215 3741 257 3780 et]
283 3742 342 3772 aut
366 3740 384 3771 b
410 3740 423 3783 ΙΙ
450 3741 470 3773 6
494 3740 582 3772 filius
604 3740 774 3781 legitimus
801 3742 848 3773 bv
867 3741 879 3784 Η
903 3743 920 3773 ῖ
946 3740 1077 3782 querire
1102 3742 1214 3775 domni
1247 3761 1250 3781 ς

207 3794 259 3822 ΙΙΙ.

1280 2927 1348 2959 frui
1366 2928 1384 2958 b
1403 2926 1415 2969 ΙΙ
1433 2927 1452 2959 8
1466 2936 1519 2958 eos
1539 2926 1653 2960 fruiR
1670 2926 1682 2970 ΙΙ
1701 2928 1801 2969 quod]
1824 2930 1856 2960 et
1873 2938 2099 2970 quaecumque
2117 2931 2157 2961 bv
2169 2928 2181 2974 Η
2192 2929 2364 2972 legitimus

1279 2972 1342 3005 filii
1360 2973 1378 3004 b
1397 2972 1410 3015 ΙΙ
1427 2973 1447 3004 9
1472 2973 1591 3014 utpute
1617 2972 1659 3005 Τι
1684 2976 1722 3005 ut
1738 2983 1796 3015 per
1813 2975 1832 3005 b
1857 2974 1946 3016 apud
1969 2986 1989 3005 v
2009 2973 2021 3018 ΙΙ
2037 2974 2146 3017 ipsum
2169 2978 2298 3017 patrem
2313 2989 2333 3008 υ
2353 2975 2364 3019 Η

1281 3018 1368 3050 sicut
1393 3019 1441 3048 bv
1459 3016 1471 3060 ss
1499 3019 1539 3050 10
1564 3027 1617 3050 eos
1641 3022 1814 3050 uocantem
1841 3020 1887 3051 bv
1919 3029 1986 3051 esse
2012 3023 2153 3052 uocante
2172 3021 2204 3052 Τ
2223 3024 2364 3053 uocante

1281 3074 1334 3096 eos
1351 3064 1383 3095 R
1402 3061 1413 3106 ΙΙ
1430 3064 1462 3094 et
1483 3064 1570 3102 cum]
1591 3073 1733 3104 aequum
1756 3066 1800 3096 bv
1818 3063 1831 3107 ss
1855 3066 1892 3097 11
1912 3066 2050 3096 matrem
2067 3078 2086 3097 υ
2104 3065 2116 3107 ΙΙ
2133 3065 2364 3097 manifestatur

1281 3109 1314 3141 R
1332 3109 1344 3151 H
1364 3109 1404 3141 12
1429 3107 1469 3139 ab
1487 3109 1535 3147 ea]
1558 3107 1677 3140 habeat
1699 3109 1716 3139 b
1733 3111 1745 3151 ΙΙ
1764 3119 1825 3151 pro
1845 3122 1903 3141 om.
1921 3110 1960 3141 bv
1977 3109 1989 3152 ΙΙ
2007 3110 2201 3142 nuntiarum
2223 3110 2300 3153 12¹1!
2323 3113 2361 3144 13

1281 3155 1438 3195 sequatur
1464 3154 1511 3183 bv
1529 3151 1541 3195 ΙΙ
1570 3155 1608 3186 14
1632 3164 1736 3186 unum
1763 3154 1811 3185 T¹
1842 3164 1930 3186 unus
1953 3167 1974 3186 υ
2004 3154 2065 3186 uni
2090 3155 2361 3198 0⁷11.R²11qu0d-

1282 3199 1366 3232 libet
1379 3209 1415 3230 ex
1427 3197 1604 3240 praedictis
1617 3198 1773 3240 praebuit
1788 3198 1894 3230 modis
1909 3199 1942 3231 T
1961 3198 2110 3240 qualibet
2122 3202 2181 3232 aut
2193 3201 2316 3240 (autem
2331 3203 2363 3242 b)

1281 3246 1536 3276 memoratarum
1553 3243 1708 3285 praebeat
1720 3243 1869 3285 (prebere
1885 3244 1947 3275 hac
1965 3245 1995 3285 b)
2013 3254 2126 3276 causas
2143 3246 2191 3276 bv
2206 3244 2218 3287 ΙΙ
2241 3247 2280 3279 15
2294 3246 2362 3278 suf-

1282 3290 1353 3322 ficit
1377 3290 1424 3321 bv
1454 3289 1465 3329 11
1494 3287 1592 3320 etiam
1616 3288 1693 3321 aliis
1720 3291 1778 3329 bv]
1815 3301 1873 3321 om.
1898 3289 2006 3321 RVT
2020 3290 2105 3333 vulq.
2137 3288 2149 3333 ΙΙ
2179 3291 2219 3323 16
2245 3290 2361 3322 mulie-

1282 3345 1351 3367 rem
1374 3347 1395 3366 v
1411 3335 1422 3376 {l
1441 3333 1481 3365 ad
1501 3333 1726 3375 legitimorum
1747 3334 1846 3377 vulq„
1870 3336 1928 3365 aut
1945 3333 2128 3375 legitimam
2151 3336 2197 3366 bv
2214 3334 2226 3378 ΙΙ
2249 3337 2286 3369 17
2303 3336 2363 3368 uni

1282 3380 1397 3412 datum
1414 3392 1471 3411 om.
1484 3380 1534 3420 bv,
1553 3380 1585 3411 in
1600 3380 1715 3421 quibus
1731 3379 1858 3421 reliqua
1867 3392 1952 3422 pars
1968 3380 2112 3412 novellae
2130 3392 2191 3412 non
2206 3382 2340 3414 liabetur
2351 3380 2363 3425 Η

1283 3428 1321 3458 21
1336 3427 1420 3458 rubr.
1435 3425 1483 3456 De
1496 3423 1633 3456 muliere
1650 3434 1734 3465 quae
1750 3423 1820 3456 sine
1837 3423 2004 3456 dotalibus
2017 3425 2248 3457 instrumentis
2264 3426 2362 3458 mari-

1282 3473 1351 3502 tata
1376 3472 1434 3510 est,
1466 3472 1497 3501 et
1523 3469 1561 3501 de
1586 3469 1664 3501 filiis
1689 3479 1727 3501 ex
1751 3468 1812 3501 tali
1835 3469 2047 3502 matrimonio
2071 3470 2161 3502 natis
2185 3471 2230 3510 (et
2254 3471 2293 3503 de
2317 3490 2361 3495 -

1281 3516 1369 3548 natis
1395 3527 1453 3548 om.
1469 3515 1514 3555 T)
1540 3514 1719 3557 RTmarq.
1739 3515 1790 3554 (esc
1802 3515 1877 3555 Iul.)
1896 3514 1907 3558 ΙΙ
1925 3515 2161 3547 constitutione
2184 3515 2232 3547 V¹
2244 3517 2276 3548 T
2291 3517 2302 3559 ΙΙ
2319 3518 2361 3550 22

1283 3563 1332 3601 ex]
1355 3562 1387 3592 et
1412 3570 1450 3592 ex
1477 3560 1509 3592 T
1527 3559 1538 3603 ΙΙ
1564 3560 1713 3592 effectum
1740 3559 1793 3592 Τι
1811 3559 1822 3602 Η
1847 3561 1890 3593 24
1913 3562 2035 3600 autem]
2060 3562 2137 3592 ante
2154 3560 2230 3603 13111
2250 3561 2360 3603 etiam]

1283 3609 1315 3639 et
1334 3606 1366 3638 T
1373 3605 1384 3625 ¹
1400 3604 1412 3647 ΙΙ
1438 3606 1478 3638 25
1505 3604 1664 3637 deducere
1687 3605 1736 3637 R¹
1754 3604 1765 3647 ΙΙ
1790 3606 1831 3638 26
1855 3615 2028 3647 procreare
2052 3604 2138 3638 filios
2154 3605 2186 3638 R
2205 3605 2217 3650 ΙΙ
2233 3606 2362 3639 nullam

1283 3651 1331 3684 R¹
1350 3649 1362 3694 ΙΙ
1378 3652 1549 3693 paternam
1568 3668 1613 3675 —-
1635 3651 1676 3684 30
1698 3648 1790 3693 copul
1817 3663 1877 3683 scr.
1893 3650 1943 3683 R2
1963 3652 1996 3683 in
2015 3652 2169 3685 ras.2vv.
2190 3651 2202 3694 ΙΙ
2219 3652 2259 3685 27
2285 3652 2361 3685 aliis

1291 3696 1340 3729 V³
1353 3697 1450 3738 vulq]
1476 3706 1551 3727 oum
1571 3695 1646 3728 aliis
1662 3694 1823 3738 RV¹T11
1848 3697 1888 3729 28
1914 3695 1992 3728 filiis
2013 3709 2069 3728 om.
2084 3696 2158 3737 R(²)
2175 3695 2187 3741 ss
2207 3697 2247 3731 31
2274 3699 2360 3737 cum]

1284 3741 1381 3774 eum?
1405 3740 1543 3784 R¹1132
1568 3741 1649 3783 quid
1673 3739 1888 3783 R¹nva1ere]
1915 3751 2088 3773 emnam
2115 3741 2164 3774 Β*

2045 3800 2086 3832 70
