2618 4010
240 127 347 171 Νῦν.
377 127 598 172 LXXVIII
628 130 665 171 3.
697 130 724 170 4
1311 124 1401 173 ’386

239 237 372 285 γαμικὰ
405 240 636 272 συνταττέτω
661 238 740 282 ’συμ
789 236 892 272 λεια·
925 236 1062 282 ταύτην
1086 238 1089 241 ’
1095 237 1163 285 γὰρ
1197 235 1326 283 μόνην

239 282 461 327 ἀπαιτοῦμεν
490 281 580 327 μετὰ
610 281 679 326 τὴν
709 285 728 316 ἐ
789 281 922 329 θερίαν
951 283 1019 326 τὴν
1051 282 1313 330 παρατήρησιν.

239 330 299 362 καὶ
320 330 490 362 ἴστωσαν
513 330 573 362 καὶ
596 326 642 362 οἷ’
655 326 901 375 προλαβόντες
923 327 1048 365 παῖδες
1076 331 1135 362 καὶ
1163 328 1200 362 οἱ
1224 329 1315 373 μετὰ

239 372 284 407 τὰ
306 374 471 418 προικῷα
494 372 684 415 «exstiteras
715 372 905 420 ἐλεύθεροί
924 386 963 408 τε
986 376 1046 407 καὶ
1070 369 1231 419 εὐγενεῖς,
1255 377 1316 408 καὶ

238 416 379 463 γνήσιοί
398 430 439 464 γε
460 417 532 462 μὴν
555 419 609 462 τῷ
631 421 742 466 πατρὶ
766 416 936 461 διάδοχοι,
959 418 1020 460 τῆς
1043 417 1218 461 αἰτήσεως
1237 420 1316 455 *τῶν

238 464 382 517 ζρυσῶν
403 461 615 502 δακτυλίων,
629 466 690 497 καὶ
712 465 776 498 τοῦ
797 462 936 498 δικαίου
959 464 1021 506 τῆς
1043 461 1316 510 παλιγγενεσίας

238 506 514 555 απηλλαγμένοι,
538 511 598 542 καὶ
620 506 792 554 οὐδεμίαν
815 507 1003 543 παντελῶς·
1026 510 1166 551 ἔχοντες
1190 506 1314 554 διαφο·

239 552 306 598 ρὰν
341 554 429 598 πρὸς
461 554 507 588 τὰ
543 553 651 598 λοιπὰ
685 555 763 589 τῶν
793 547 832 588 εὖ
862 552 1069 599 γεγονότων
1100 556 1315 588 συνοικέσια.

1902 144 1963 178 U'r
1991 144 2167 176 LIBERTI
2196 144 2258 175 DE
2282 143 2466 176 CETERO*

1379 238 1558 292 nuptialia
1578 239 1745 276 conficiat
1763 240 1991 288 documenta
2014 244 2108 280 hanc
2124 244 2218 281 enim
2241 244 2354 280 solam
2372 245 2462 290 post*

1383 284 1693 320 manumissionem
1737 286 2017 326 observationem
2057 289 2241 325 adicimus.
2301 288 2351 324 Et
2385 289 2457 325 sint

1384 330 1490 365 etiam
1511 329 1765 375 praecedentes
1787 330 1852 366 filii
1875 335 1913 368 et
1933 334 1994 378 qui
2017 338 2100 379 post
2122 334 2255 370 dotalia
2278 334 2354 370 nati
2371 336 2458 370 sunt

1383 375 1487 410 liberi
1499 378 1543 410 vet
1562 375 1706 419 ingenui
1730 376 1766 413 et
1785 375 1842 412 nui
1860 380 1897 412 et
1911 378 2005 422 patri
2027 389 2263 423 successores,
2287 390 2310 414 a
2355 382 2455 415 ostu-

1352 423 1372 454 5
1385 420 1517 455 latione
1540 429 1727 455 aureorum
1751 421 1939 459 anulorum
1968 425 2005 459 et
2029 425 2259 469 pristinorum
2281 435 2330 460 na
2369 424 2456 460 lium

1384 464 1532 517 liberati·
1557 464 1761 509 nullamque
1785 466 1926 510 penitus
1955 467 2128 506 habentes
2151 469 2385 506 differentiam
2408 469 2456 505 ad

1386 513 1507 562 cetera
1522 519 1755 554 ingenuorum
1770 511 2006 549 matrimonia.
2041 514 2203 550 Libertas
2221 515 2314 551 enim
2329 515 2454 550 matris

1386 558 1422 590 et
1442 564 1591 600 insuper
1614 555 1865 591 documentum
1889 557 2047 602 nuptiale
2070 559 2227 595 sobolem
2250 560 2397 596 liberam
2421 563 2457 596 et

239 597 426 644 ἐλευθερία
456 598 537 645 γὰρ,
554 599 616 642 τῆς
645 598 777 645 μητρὸς
813 602 873 632 καὶ
904 597 993 644 πρός
1022 611 1063 646 γε
1095 597 1318 643 συμβόλαιον
1385 600 1575 644 ingenuam
1597 604 1635 636 et
1658 601 1751 646 patri
1771 601 2019 638 succedentem
2042 603 2345 642 demonstrabunt.

237 643 390 690 γαμικὸν
422 643 487 687 τὴν
516 643 628 691 γονὴν
650 643 848 689 ἐλευθέραν
877 655 918 677 τε
941 646 1002 678 καὶ
1025 641 1151 691 εὐγενῆ
1181 647 1242 678 καὶ
1265 646 1319 687 τῷ
1337 648 1377 680 10

239 691 350 736 πατρὶ
371 687 539 732 διάδοχον
561 686 829 730 ἀποδείξουσιν.

1239 802 1396 839 CAPUT
1419 801 1482 839 IV.

284 886 357 939 gal
380 879 492 937 οὕτως,
501 882 579 917 τῶν
590 880 829 939 ,πραγμάτων
860 883 920 914 καὶ
950 882 1012 935 τῇς
1034 880 1207 935 ἀληθείας
1238 878 1316 937 ὅλοι
1422 882 1487 934 „Et
1510 883 1562 918 ita
1585 883 1692 937 rebus
1721 883 1927 936 elz-verIlzate
1958 883 2025 919 toti
2056 883 2254 939 efficimur,
2273 887 2315 921 ut
2343 886 2374 922 si
2398 886 2455 921 cul

238 929 602 1019 tristitiam?
617 924 1042 1016 5:1332'55‘2‘22‘3'2’32235123}
1065 939 1317 1007 {limati
1385 931 1558 1009 ἓὲῗωυῗέ
1582 929 1928 1009 Βῖὲἶέῖ““ωῒέἒιῐὲἳ
1949 929 2458 1012 Ρῶἒῗιῗὲἓῖΐέιέῗι“εέἒῖῗὲ

239 1031 303 1064 ρον
326 1017 394 1062 τὴν
415 1017 575 1066 γαμετὴν
599 1015 843 1064 ἐλευθερῶσαι
869 1020 931 1050 καὶ
954 1018 1119 1064 προικῷα
1143 1016 1315 1059 συντάξαι
1331 1022 1371 1054 15
1387 1018 1562 1054 conficere
1602 1022 1801 1061 ocumenta,
1819 1029 1903 1055 mox
1920 1030 2000 1054 cum
2018 1020 2098 1065 ipsa
2117 1019 2209 1056 dotis
2226 1020 2457 1066 inscriptione

239 1061 455 1110 συμβόλαια,
485 1059 559 1107 ἅμα
587 1063 631 1109 τῇ
663 1063 740 1096 τῶν
772 1060 968 1109 προικιρων
997 1064 1120 1117 γραφῇ
1150 1067 1211 1097 καὶ
1243 1066 1316 1099 τοῖς
1385 1067 1420 1099 et
1437 1063 1519 1099 filiis
1539 1067 1717 1110 competet
1739 1064 1914 1100 libertatis
1939 1065 2043 1100 simul
2067 1067 2103 1100 et
2126 1075 2272 1100 suorum
2294 1065 2362 1108 ius,
2387 1075 2459 1102 non

239 1112 367 1145 παισὶν
387 1105 535 1155 ἁρμόσει
558 1106 600 1142 τό
621 1119 660 1141 τε
683 1109 745 1150 τῆς
769 1106 974 1154 ἐλευθερίας
997 1106 1086 1152 ὁμου
1110 1111 1170 1143 καὶ
1193 1107 1236 1143 τὸ
1255 1111 1316 1165 τῆς
1384 1109 1644 1154 requirentibus
1663 1109 1765 1145 nobis
1791 1110 1980 1155 specialem
1999 1110 2199 1146 libertatem
2224 1110 2262 1145 in
2281 1110 2363 1146 filiis
2382 1110 2458 1146 fieri

211 1198 214 1201 ι
238 1154 470 1202 γνησιότητος
501 1151 658 1188 δίκαιον·
696 1149 759 1186 οὐκ
788 1150 1059 1196 ἐπιζητούντων
1089 1151 1193 1199 ἡμῶν
1225 1152 1315 1189 tom·
1384 1157 1420 1190 et
1451 1154 1555 1190 simul
1586 1155 1786 1190 manumitti
1822 1165 1902 1190 cum
1933 1159 2045 1191 matre
2080 1159 2143 1191 aut
2177 1159 2260 1200 post
2291 1165 2369 1190 eam
2403 1155 2459 1191 vel

239 1204 371 1244 ζουσαν
394 1198 606 1243 ἐλευθερίαν
635 1198 696 1233 ἐπὶ
725 1202 798 1232 τοῖς
827 1201 933 1233 παισὶ
955 1199 1150 1245 γενέσθαι,
1182 1197 1270 1234 ὤςτε
1294 1196 1316 1243 ἢ
1384 1201 1468 1235 ante
1499 1210 1577 1235 eam
1609 1200 1702 1235 forte
1733 1200 1932 1236 libertatem
1964 1201 2138 1246 accipere,
2174 1199 2237 1236 sed
2266 1201 2459 1246 scriptione

239 1244 603 1290 συνελευθερωθῆναι
633 1243 677 1290 τῇ
701 1246 809 1289 μητρὶ
839 1240 862 1286 ἢ
882 1246 942 1277 καὶ
964 1241 1046 1288 μετ’
1076 1242 1188 1289 αὐτὴν
1211 1242 1233 1289 ἢ
1256 1248 1315 1279 καὶ
1330 1246 1371 1279 20
1385 1245 1597 1290 nuptialium
1622 1246 1916 1281 documentorum
1946 1256 2029 1282 mox
2053 1246 2104 1282 eis
2129 1246 2235 1281 etlam
2258 1246 2459 1282 libertatem

239 1290 309 1338 πρὸ
333 1289 439 1335 αὐτῆς
462 1291 548 1325 ἴσως
573 1287 640 1332 τὴν
664 1287 877 1335 ἐλευθερίαν
900 1287 1036 1334 λαβεῖν,
1067 1287 1147 1324 ἀλλ’
1172 1286 1246 1334 ἅμα
1270 1292 1314 1337 τῇ
1385 1290 1568 1326 donamus.
1616 1290 1720 1334 Quod
1750 1291 1842 1326 enim
1872 1292 1986 1327 maius
2017 1291 2141 1336 utique
2170 1295 2381 1327 ostensurus
2405 1293 2459 1326 est

238 1337 358 1385 γραφῇ
392 1336 471 1370 τῶν
501 1334 668 1382 γαμικῶν
699 1333 934 1379 συμβολαίων
965 1332 1073 1369 εὐθὺς
1105 1332 1225 1370 αὐτοῖς
1256 1339 1316 1370 καὶ
1385 1338 1488 1380 pater
1503 1336 1678 1371 libertatis
1694 1336 1849 1372 filiorum
1865 1337 2035 1372 indicium
2057 1347 2162 1381 quam
2178 1336 2296 1381 [quod]
2312 1346 2459 1372 uxorem

239 1383 306 1426 τὴν
334 1379 546 1427 ἐλευθερίαν
600 1378 813 1425 αριζόμεθα.
859 1382 898 1414 τί
921 1379 992 1426 γὰρ
1023 1376 1068 1414 ἂν
1094 1382 1218 1424 μεῖζον
1247 1379 1315 1415 ‹ist-
1387 1381 1575 1417 ostendere
1599 1382 1818 1427 liberamque
1841 1382 1945 1418 simul
1977 1385 2012 1417 et
2035 1382 2225 1426 legitimam
2249 1382 2458 1427 nuptialium

240 1428 332 1469 ξειεν
355 1425 375 1461 ὃ
399 1426 519 1483 πατὴρ
543 1393 749 1470 ἐλξυθερίας
779 1426 857 1459 τῶν
880 1423 1028 1459 παίδων
1059 1430 1205 1470 σημεῖον
1229 1423 1251 1470 ἢ
1274 1425 1316 1460 τὸ
1386 1426 1679 1462 documentorum
1711 1427 1996 1473 conscriptione?
2044 1427 2081 1462 Si
2112 1428 2204 1462 enim
2230 1427 2330 1463 miles
2352 1427 2458 1462 relin-

240 1473 306 1517 τὴν
316 1471 477 1520 γαμετὴν
491 1471 677 1517 αποφῆναι
693 1474 754 1504 καὶ
771 1469 968 1517 ἐλευθέραν
984 1468 1074 1515 ὁμοῦ
1087 1474 1147 1504 καὶ
1162 1475 1318 1518 γνησίαν
1331 1473 1372 1507 25
1387 1482 1500 1516 quens
1535 1472 1688 1517 legatum
1722 1472 1829 1508 alicui
1864 1479 2012 1508 suarum·
2044 1472 2253 1508 ancillarum
2286 1473 2366 1517 ipsa
2396 1471 2458 1507 do-

239 1520 285 1566 τῇ
312 1519 391 1554 τῶν
415 1516 583 1563 γαμικῶν
611 1514 844 1562 συμβολαίων
873 1517 1014 1563 γραφῆ,·
1048 1517 1080 1550 εἰ
1109 1516 1178 1563 γὰρ
1210 1529 1316 1563 στρα-
1385 1517 1530 1553 natione
1552 1517 1661 1562 legati
1690 1521 1726 1553 et
1748 1518 1947 1554 libertatem
1972 1519 2057 1553 dare
2079 1518 2252 1560 videatur,
2284 1517 2459 1563 quomodo

240 1563 372 1608 ταύτης
395 1559 608 1598 καταλιπών
631 1564 825 1608 πρεσβεῖον
848 1561 927 1596 τῶν
945 1552 1088 1596 οἰκείων
1111 1565 1186 1596 τινὶ
1206 1563 1315 1608 θερα-
1385 1573 1456 1598 non
1472 1563 1584 1599 multo
1608 1564 1720 1608 magis
1736 1567 1848 1610 pater,
1873 1563 1903 1599 si
1923 1563 2174 1599 documentum
2192 1563 2353 1608 nuptiale
2374 1573 2458 1598 con·

241 1608 389 1644 πόντων
421 1605 512 1659 αὐτῇ
540 1607 585 1650 τῆ
609 1604 707 1641 δόσει
736 1608 800 1641 τοῦ
825 1610 1016 1662 πρεσρείου
1047 1609 1108 1641 καὶ
1131 1607 1200 1651 τὴν
1223 1607 1315 1641 ἐλευ-
1385 1608 1579 1652 scripserit,
1631 1608 1776 1644 habebit
1811 1609 1977 1654 proprios
2012 1608 2104 1645 filios
2139 1619 2183 1643 ex
2218 1608 2288 1644 hoc
2311 1608 2387 1644 solo
2423 1612 2458 1643 et

241 1655 375 1700 θερίαν
398 1651 541 1688 διδόναι
563 1643 678 1694 δοκεῖ,
709 1653 787 1687 πῶς
814 1649 878 1686 οὐκ
909 1665 955 1686 αν
984 1651 1108 1695 πολλῷ
1137 1651 1273 1697 μᾶλλον
1297 1650 1316 1686 ὁ
1384 1653 1517 1689 liberos
1550 1659 1585 1689 et
1614 1654 1789 1698 legitimos
1813 1654 2064 1690 successores?
2111 1653 2236 1697 Neque
2260 1653 2354 1689 enim
2382 1653 2459 1698 qui-

242 1698 372 1747 πατήρ,
397 1700 428 1733 εἰ
449 1697 599 1747 γράψειε
621 1696 842 1742 συμβόλαιον
861 1696 1025 1744 γαμικόν,
1050 1698 1121 1738 ἕξει
1143 1695 1224 1733 τοῦς
1239 1699 1316 1732 ἑαυ-
1330 1701 1372 1733 30
1385 1698 1473 1734 libet
1503 1709 1585 1734 eum
1640 1701 1807 1735 utaturus
1842 1699 1909 1735 eris:
1942 1699 2096 1736 voluisse
2130 1698 2284 1734 filiorum
2321 1699 2460 1744 quidem

241 1747 306 1781 τοῦ
329 1742 461 1781 παῖδας
491 1744 530 1786 ἐξ
554 1740 663 1778 αὐτοῦ
695 1741 740 1785 δὴ
761 1742 890 1777 τούτου
923 1746 983 1777 καὶ
1005 1743 1118 1787 μόνου
1141 1746 1202 1777 καὶ
1226 1742 1316 1777 ἐλευ-
1385 1747 1535 1779 matrem
1557 1745 1590 1779 le
1627 1744 1749 1779 timam
1777 1754 1855 1780 esse
1887 1746 1923 1779 et
1946 1744 2015 1780 hoc
2046 1747 2120 1780 tam
2143 1754 2199 1778 ma
2225 1755 2308 1779 num
2340 1744 2372 1779 ei
2396 1743 2459 1779 do-

242 1792 372 1838 θέρους
390 1792 449 1825 καὶ
471 1793 637 1837 γνησίους
660 1785 844 1831 διαδόχους
852 1802 866 1830 ,·
897 1786 938 1822 οὗ
961 1786 1029 1836 γὰρ
1053 1787 1099 1822 ἄν
1130 1800 1183 1823 τις
1208 1785 1319 1823 αὐτὸν
1387 1799 1493 1825 nasse
1525 1800 1615 1834 opus
1645 1790 1819 1832 libidinis,
1878 1790 2017 1835 roprios
2050 1795 2167 1825 autem
2238 1789 2290 1825 'os
2321 1799 2364 1826 ex
2395 1799 2459 1838 suo

242 1836 385 1880 οἰηθείη
406 1834 633 1881 βουληθῆναι
652 1832 720 1877 τὴν
738 1835 805 1878 μὲν
821 1835 899 1868 τῶν
915 1831 1061 1868 παίδων
1079 1837 1216 1879 μητέρα
1235 1847 1318 1881 γνη-

244 1886 330 1918 σίαν
345 1882 438 1917 εἶναι
462 1883 522 1914 καὶ
545 1878 756 1923 τηλικοῦτον
779 1877 870 1922 αὐτῆ
889 1879 1115 1934 χαρίσασθαι
1140 1880 1320 1936 πάρεργον

242 1925 388 1972 ἡδονῆς,
420 1925 502 1961 τοῦς
531 1925 659 1959 ἑαυτοῦ
691 1921 732 1959 δὲ
763 1915 895 1959 παῖδας
923 1936 1004 1960 τους
1036 1926 1075 1958 ἐκ
1106 1925 1184 1958 τῶν
1211 1926 1319 1958 αυτοῦ
1334 1927 1375 1960 35

243 1972 379 2020 φύντας
406 1969 628 2018 σπερμάτων
663 1970 718 2004 ἔτι
752 1967 1039 2015 καταλιμπάνειν
1074 1967 1317 2005 δουλεύοντας.

241 2022 263 2056 1
315 2018 433 2052 Ταῦτα
456 2015 586 2061 ὁμοίως
607 2017 675 2060 μὲν
697 2012 788 2062 ὑπὲρ
810 2015 888 2050 τῶν
905 2014 1166 2061 ἐλευθερωτῶν
1184 2013 1316 2059 ὁμοίως

244 2063 284 2099 δὲ
309 2061 400 2111 ὑπὲρ
430 2063 509 2098 τῶν
539 2057 796 2107 ἀπελευθέρων
820 2059 1148 2104 ἐνομοθετήσαμεν.
1196 2061 1227 2094 εἰ
1249 2058 1316 2108 γὰρ

207 2132 210 2134 ⁴
242 2108 292 2164 μὴ
325 2107 372 2144 τὰ
404 2107 615 2153 ἔμπροσθεν
651 2107 818 2160 εἰρημένα
853 2109 927 2140 τοῖς
961 2104 1220 2152 ἐλευθερωταῑε
1255 2119 1317 2151 φυ-

1387 1838 1492 1871 natos
1517 1835 1650 1871 semiue
1674 1835 1792 1870 adhuc
1815 1845 1855 1871 re
1869 1835 2015 1880 inquere
2038 1835 2242 1871 servituros.

1383 2018 1405 2051 1
1450 2015 1551 2051 Haec
1575 2015 1735 2051 similiter
1758 2015 1899 2060 quidem
1924 2026 1990 2061 pro
2014 2015 2332 2051 manumissoribus
2364 2015 2459 2051 simi-

1384 2061 1466 2096 liter
1497 2065 1616 2096 autem
1647 2071 1713 2106 pro
1744 2061 1969 2096 manumissis
1997 2061 2188 2096 sanximus.
2236 2060 2328 2096 Nam
2356 2061 2396 2096 si·
2418 2071 2462 2096 ea

1388 2115 1479 2150 quae
1510 2107 1547 2140 in
1578 2105 1875 2151 praecedentibus
1906 2106 2003 2142 dicta
2031 2110 2116 2142 sunt
2146 2106 2461 2142 manumissoribus

245 2155 407 2200 λαξομεν,
430 2150 680 2199 ὀκνηροτέρους
702 2153 787 2185 ἰσως
807 2150 888 2185 τοὺς
908 2149 1130 2197 ἀνθρώπους
1147 2153 1231 2195 περὶ
1248 2149 1316 2193 τὴν
1330 2153 1372 2185 40
1387 2161 1458 2186 non
1483 2160 1676 2193 servamus,
1701 2151 1881 2195 segniores
1906 2150 2030 2187 forsan
2052 2151 2212 2195 homines
2237 2151 2332 2186 circa
2355 2151 2461 2187 liber-

243 2279 302 2321 sit,
332 2276 513 2324 nuptialia
537 2279 728 2322 componat
752 2276 1010 2310 instrumenta:
1044 2273 1138 2309 hano
1161 2273 1255 2308 enim
1277 2273 1394 2309 solam
1419 2273 1703 2309 observationem
1732 2278 1818 2320 post
1849 2273 2048 2310 libertatem
2071 2273 2297 2318 requirimus.
2345 2275 2464 2320 Atque

241 2324 310 2371 filii
340 2328 412 2360 tam
444 2326 528 2358 ante
558 2332 667 2368 quam
690 2324 779 2367 post
807 2319 946 2356 dotalia
970 2320 1210 2356 instrumenta
1232 2319 1311 2355 nati
1334 2318 1438 2354 liberi
1461 2323 1497 2355 et
1518 2319 1556 2353 in
1583 2319 1667 2355 enui
1689 2318 1773 2362 sint,
1802 2323 1838 2355 et
1864 2319 2014 2366 leqitimi
2042 2318 2166 2365 utique
2192 2317 2341 2354 heredes
2355 2320 2466 2371 patri

243 2381 322 2412 suo,
355 2367 530 2415 petitione
559 2377 756 2404 aureorum
787 2364 981 2401 anulorum
1012 2369 1048 2401 et
1076 2364 1169 2400 iuris
1199 2364 1437 2403 restitutionis
1467 2367 1555 2401 nata
1579 2364 1644 2399 ‘um
1675 2363 1834 2408 liberati,
1872 2364 1975 2400 nulla
2004 2365 2147 2400 omnino
2179 2375 2202 2399 a
2230 2363 2379 2410 reliquis
2410 2365 2463 2400 in-

244 2424 443 2462 qenuorum
467 2412 645 2459 coniuqiis
668 2410 876 2458 differentia
901 2409 1069 2446 admissa.
1118 2409 1283 2445 Libertas
1306 2409 1400 2445 enim
1423 2410 1550 2453 matris
1580 2414 1616 2446 et
1638 2409 1788 2456 insuper
1810 2409 1973 2456 nuptiale
2003 2410 2277 2445 instrumentum
2304 2409 2462 2446 subolem

244 2468 278 2497 et
302 2460 450 2500 liberam
474 2462 510 2494 et
532 2459 725 2504 inqenuam
750 2460 784 2492 et
805 2466 1052 2492 successuram
1073 2455 1174 2503 patri
1197 2454 1501 2491 demonstrabunt.

314 2512 319 2516 ·
379 2504 441 2541 IV.
479 2504 598 2550 Atque
619 2503 673 2538 ita
698 2506 774 2538 tota
797 2506 914 2537 mente
937 2512 1123 2537 versamur
1145 2501 1184 2536 in
1200 2500 1306 2537 rebus
1329 2504 1365 2536 et
1384 2500 1544 2542 veritate,
1569 2503 1609 2535 ut
1631 2500 1664 2535 si
1684 2500 1744 2535 cui
1765 2500 1873 2535 etiam
1895 2499 1979 2535 dum
2003 2498 2131 2535 mulier
2152 2499 2190 2534 in
2205 2499 2374 2549 servitute
2397 2505 2462 2544 est,

245 2562 295 2591 ex
317 2562 360 2587 ea
391 2549 492 2586 liberi
514 2549 595 2584 nati
615 2548 706 2590 sint,
737 2548 839 2594 isque
861 2551 995 2594 postea
1025 2557 1179 2582 uxorem
1203 2545 1452 2582 manumittere
1482 2550 1518 2582 et
1545 2544 1683 2581 dotalia
1713 2546 1950 2581 instrumenta
1981 2554 2198 2591 componere
2229 2544 2326 2587 velit,
2357 2545 2465 2581 simul

245 2608 326 2635 cum
348 2595 522 2631 dotalium
545 2595 860 2630 instrumentorum
883 2592 1082 2639 scriptione
1113 2592 1221 2627 etiam
1244 2591 1365 2627 liberis
1389 2595 1461 2626 tam
1485 2589 1662 2638 libertatis
1691 2601 1798 2637 quam
1823 2589 2064 2637 leqitimorum
2086 2589 2145 2625 ius
2167 2594 2347 2636 competat
2354 2603 2369 2632 ;
2403 2601 2463 2627 ne-
2487 2598 2491 2602 “

245 2653 316 2689 que
336 2640 555 2686 requirimus
577 2637 769 2685 specialem
799 2638 838 2673 in
867 2637 989 2673 liberis
1012 2636 1228 2679 libertatem,
1257 2636 1310 2672 ita
1333 2640 1373 2672 ut
1403 2635 1459 2672 vel
1480 2647 1555 2674 una
1588 2646 1668 2672 cum
1699 2640 1815 2671 matre
1837 2635 2137 2671 manumittantur
2167 2635 2223 2671 vel
2252 2635 2359 2672 etiam
2409 2639 2464 2672 ost

246 2699 324 2724 cam
348 2687 405 2724 vel
425 2685 532 2722 etiam
562 2688 646 2721 ante
668 2694 747 2719 eam
772 2684 876 2730 forte
899 2682 1098 2719 libertatem
1121 2682 1320 2729 accipiant,
1352 2681 1417 2717 sed
1438 2681 1545 2717 simul
1575 2691 1655 2716 cum
1677 2680 1875 2727 scriptione
1905 2681 2224 2716 instrumentorum
2246 2681 2352 2727 nupti
2390 2681 2463 2716 ium

246 2732 367 2770 statim
396 2731 442 2769 iis
472 2730 579 2767 etiam
609 2729 808 2767 libertatem
840 2728 1029 2774 larqimur.
1083 2726 1190 2771 Quod
1217 2728 1310 2763 enim
1339 2727 1456 2762 maius
1487 2725 1665 2762 libertatis
1694 2725 1889 2762 liberorum
1919 2726 2062 2772 siqnum
2095 2730 2204 2772 pater
2233 2724 2387 2762 daturus
2410 2731 2464 2762 est

246 2789 354 2826 quam
378 2775 477 2823 quod
498 2786 652 2812 uxorem
677 2774 823 2812 liberam
847 2773 954 2809 simul
975 2778 1012 2809 et
1033 2773 1229 2819 legitimam
1250 2771 1417 2809 ostendat
1432 2783 1505 2819 per
1526 2771 1759 2818 scriptionem
1786 2770 1960 2807 dotalium
1983 2770 2323 2806 instrumentorum?
2369 2770 2464 2807 Nam

245 2824 278 2859 si
301 2822 402 2860 miles
432 2821 495 2868 qui
518 2821 675 2867 leqatum
705 2830 855 2855 suorum
887 2829 1072 2855 servorum
1102 2819 1212 2856 alicui
1241 2818 1389 2864 reliquit
1418 2818 1501 2864 ipsa
1531 2816 1678 2854 datione
1708 2816 1823 2863 leqati
1848 2816 1955 2852 etiam
1979 2814 2178 2851 libertatem
2201 2814 2291 2851 dare
2313 2815 2463 2859 videtur,

244 2866 375 2916 quidni
395 2867 507 2903 multo
528 2866 646 2913 maqis
663 2869 785 2912 pater,
807 2865 843 2900 si
863 2865 1136 2901 instrumentum
1161 2863 1324 2911 nuptiale
1346 2862 1545 2910 scripserit,
1569 2873 1654 2898 suos
1670 2861 1767 2907 filios
1786 2872 1836 2898 ex
1855 2861 1924 2897 hac
1942 2860 2085 2907 quidem
2107 2859 2189 2912 sola
2211 2871 2253 2896 re
2275 2868 2310 2897 et
2334 2860 2464 2898 liberos

246 2919 283 2951 et
295 2924 383 2953 suos
396 2911 545 2950 heredes
560 2910 837 2949 habiturus-sit?
868 2909 995 2956 Neque
1017 2909 1111 2945 enim
1123 2909 1314 2956 putaverit
1333 2907 1514 2960 quispiam
1536 2918 1616 2944 eum
1637 2907 1792 2943 voluisse
1814 2911 1962 2942 matrem
1979 2905 2120 2958 quidem
2134 2905 2331 2958 ‘liberorum
2348 2906 2464 2953 leqiti-

247 2970 341 2995 mam
365 2969 442 2994 esse
465 2968 510 2992 ac
527 2959 664 2992 tantum
686 2957 720 2991 ei
743 2955 938 3001 voluptatis
958 2956 1213 2990 incrementum
1233 2965 1308 2990 esse
1327 2953 1582 3000 qratoefieatum,
1606 2953 1737 2989 liberos
1755 2956 1875 2988 autem
1897 2962 1983 2987 suos
2002 2962 2052 2987 ex
2069 2961 2185 2998 ipsius
2203 2962 2338 2988 semine
2357 2955 2465 2988 natos

247 3007 268 3042 1
313 3004 517 3049 relinquere
538 3002 747 3039 servituros.
831 3000 934 3036 Haec
955 3001 1097 3046 pariter
1121 3003 1193 3035 tam
1209 3010 1285 3046 pro
1308 2998 1625 3035 manumissoribus
1646 3009 1754 3044 quam
1802 3008 1846 3033 ro
1870 2996 2007 3033 libertis
2029 2997 2229 3032 sanximus.
2277 2995 2372 3048 Nam
2395 2997 2465 3032 nisi

247 3062 291 3087 ea
320 3060 415 3096 quae
432 3048 542 3095 prius
564 3047 661 3083 dicta
689 3050 775 3082 sunt
797 3045 1116 3082 manumissoribus
1138 3055 1333 3087 servemus,
1364 3044 1550 3090 seyniores
1571 3044 1732 3089 fortasse
1780 3042 1916 3079 omines
1945 3041 1996 3078 ad
2018 3041 2216 3077 libertatem
2240 3040 2465 3088 larqzendam

1390 3178 1448 3201 nes
1462 3169 1492 3202 R
1510 3168 1531 3211 -11
1554 3171 1573 3203 5
1590 3169 1770 3211 pristinum
1786 3167 1909 3201 RVT¹
1934 3165 1948 3211 11
1969 3167 1989 3200 6
2007 3165 2213 3207 nullamque]
2236 3164 2364 3198 nullam
2387 3165 2462 3206 (scr.

1390 3227 1429 3247 m.
1443 3221 1460 3248 2
1481 3215 1514 3247 in
1534 3222 1619 3257 spat.
1639 3215 1724 3255 vac.)
1746 3214 1780 3247 V
1797 3212 1810 3257 11
1832 3215 1849 3247 7
1872 3212 2093 3254 ingenuarum
2109 3211 2161 3244 Ra
2179 3211 2192 3252 11
2215 3212 2256 3245 12
2277 3210 2417 3243 ueritate
2438 3209 2468 3244 V

1390 3260 1488 3302 vulq]
1514 3259 1649 3292 ueritati
1666 3259 1734 3292 ΒΤ
1745 3258 1758 3302 11
1776 3257 1843 3291 tuti
1861 3258 1941 3298 (tuti
1957 3257 2022 3289 tuti
2040 3257 2102 3297 Ru)
2127 3255 2196 3289 ΒΤ
2206 3256 2219 3299 11
2237 3255 2416 3288 efficiamur
2428 3253 2462 3287 R

1390 3303 1579 3338 effitiantur
1594 3305 1627 3338 Τ
1633 3317 1641 3343 3
1667 3305 1728 3349 leq.
1741 3302 1929 3336 afficimur?
1947 3301 1960 3346 11
1980 3303 2008 3334 si
2032 3302 2099 3343 cui]
2124 3301 2211 3334 sicut
2230 3299 2288 3344 1711
2308 3300 2347 3351 1s
2367 3307 2459 3349 prae-

1389 3352 1525 3382 oeentur
1537 3350 1571 3383 R
1589 3349 1602 3394 11
1619 3351 1660 3384 14
1675 3346 1848 3382 mulierem
1863 3351 1974 3391 postea
1988 3347 2020 3379 R
2035 3347 2047 3389 11
2076 3349 2117 3380 15
2142 3345 2229 3378 dotis
2247 3345 2460 3394 incoruptione

1389 3395 1445 3438 (cs.
1464 3407 1496 3437 p.
1515 3395 1591 3435 383,
1605 3396 1663 3436 16)]
1689 3393 1849 3427 dotalium
1864 3392 2044 3437 scriptione
2061 3392 2154 3425 Beck
2169 3390 2182 3434 11
2201 3391 2243 3424 16
2258 3389 2414 3430 competit
2427 3387 2460 3419 R

1390 3440 1588 3481 competebit
1605 3440 1651 3473 V*
1666 3437 1741 3478 1118
1763 3442 1796 3472 et
1815 3437 1928 3478 simul]
1953 3440 1985 3470 et
2008 3449 2066 3471 om.
2079 3436 2128 3470 13¹
2144 3435 2159 3479 Ι
2180 3436 2255 3477 post
2274 3441 2343 3464 eam
2361 3431 2458 3483 η’]

1388 3488 1503 3527 postea
1526 3484 1614 3518 RT¹
1634 3485 1720 3529 vulq.
1746 3483 1759 3529 11
1789 3484 1844 3517 uel
1866 3486 1942 3516 ante
1970 3482 2019 3516 1⁷²
2043 3484 2076 3516 in
2098 3491 2165 3514 rae.
2196 3477 2210 3523 fl
2240 3478 2282 3512 19
2305 3479 2458 3529 scriptio?

1388 3539 1463 3561 nem
1488 3530 1565 3563 VR’
1588 3529 1833 3573 conscriptione
1851 3529 1937 3572 vuly.
1955 3527 1969 3571 11
1993 3528 2036 3561 20
2055 3524 2208 3574 libertato
2228 3522 2282 3555 1⁷⁰
2309 3521 2457 3554 libertati

1387 3574 1439 3607 Β2
1449 3573 1499 3607 T*
1517 3574 1530 3618 11
1546 3576 1588 3609 22
1602 3575 1769 3608 libertates
1780 3575 1829 3608 Β*
1844 3573 1859 3619 11
1883 3572 2040 3606 inditium
2055 3569 2154 3609 R’T]
2178 3566 2397 3618 iuditium-13¹
2408 3567 2459 3608 Vn

1388 3619 1477 3661 quod
1501 3633 1559 3653 om.
1573 3622 1661 3664 vulq.
1684 3619 1699 3664 11
1727 3621 1768 3654 27
1782 3617 1928 3661 nuptiali
1951 3617 2006 3650 R*
2026 3615 2040 3656 Ι
2061 3614 2104 3648 28
2125 3622 2278 3655 propnoe
2301 3610 2387 3644 fillo·
2409 3611 2458 3644 V'

1387 3666 1420 3699 in
1438 3677 1503 3698 ras.
1526 3664 1539 3710 11
1569 3668 1602 3699 et
1624 3664 1756 3705 liberos]
1780 3666 1812 3697 et
1832 3662 1937 3698 om.R
1958 3661 1972 3704 Ι
1998 3659 2040 3694 33
2061 3660 2158 3690 natus
2183 3656 2232 3689 V¹
2250 3656 2263 3700 11
2287 3657 2328 3690 38
2344 3659 2455 3690 autem

1389 3709 1495 3743 om.R
1517 3709 1531 3755 Ι
1554 3710 1738 3744 sanccimus
1752 3709 1821 3742 ΒΤ
1841 3707 1854 3751 fl
1876 3708 1920 3740 40
1942 3705 2079 3738 tortam
2103 3702 2132 3734 R

296 3177 311 3209 l
331 3170 593 3207 συνταττέσθω
615 3171 674 3214 Ρ11
697 3171 718 3204 2
738 3167 975 3214 ἀπαιτοῦμεν]
999 3170 1159 3203 adicimus
1179 3169 1228 3208 ς11
1251 3171 1271 3203 5
1282 3180 1322 3214 γε

248 3218 318 3263 μὴν
342 3217 449 3252 οηι.Ρ
475 3220 508 3249 et
532 3230 550 3253 ς
578 3217 590 3259 11
622 3218 640 3251 8
666 3219 898 3250 συνοικεσίων
923 3217 953 3249 L
981 3216 993 3259 11
1027 3218 1065 3250 11
1092 3212 1321 3255 ἀποδείξουσι

252 3264 339 3299 M⁶L
357 3263 371 3308 11
387 3265 429 3298 12
454 3265 513 3295 καὶ
536 3262 597 3303 τῆς
619 3259 791 3303 ἀληθείας
811 3274 870 3295 om.
884 3261 936 3304 ΡΙ
964 3262 1003 3295 13
1018 3258 1251 3302 δουλευσὰσης
1265 3259 1323 3302 Ρ11

253 3313 293 3345 14
317 3308 356 3349 ἐξ
380 3305 489 3342 αὐτοῦ
517 3307 603 3341 ML·
626 3307 639 3350 11
670 3308 710 3340 16
734 3308 793 3339 καὶ
817 3319 875 3340 om.
890 3307 924 3340 P
944 3305 952 3361 1
978 3308 1019 3340 19
1043 3301 1137 3352 ὥστε
1159 3303 1193 3348 ἢ]
1227 3300 1321 3338 ὥστε

249 3351 271 3396 ἢ
293 3357 352 3388 καὶ
376 3354 416 3395 Ρ,
441 3356 473 3387 et
496 3365 515 3389 ς
540 3352 553 3396 11
576 3354 615 3386 21
642 3348 723 3385 ἀλλ’
742 3347 815 3394 ἅμα
839 3351 914 3393 M]
932 3349 1022 3384 αλλὰ
1045 3352 1134 3387 ΕΡς
1158 3351 1170 3395 11
1197 3352 1238 3386 25
1262 3351 1321 3383 καὶ

251 3398 444 3444 ἐλευθέραν
460 3396 663 3442 (ἐλευθέρας
676 3398 738 3439 L“)
755 3397 824 3438 ὗς]
849 3394 1046 3443 ἐλευθέραν
1058 3397 1103 3429 Μ
1112 3397 1124 3439 11
1149 3397 1192 3430 26
1199 3409 1245 3440 sq.
1270 3395 1320 3436 Cf}

257 3446 331 3478 Cod.
354 3447 386 3484 6,
405 3451 452 3483 21,
475 3452 502 3477 7.
534 3443 614 3487 Diq.
629 3444 726 3484 29‚1‚
747 3450 783 3476 4ο
799 3447 815 3481 9
831 3449 847 3476 2
877 3441 891 3481 11
918 3443 958 3476 27
984 3443 1186 3486 πρεσβεῖον]
1220 3437 1321 3486 ληγά·

251 3501 316 3522 τον
338 3502 362 3521 ε.
377 3502 407 3521 υ.
425 3489 457 3521 L
482 3489 496 3531 11
524 3485 782 3533 θεραπόντων]
814 3486 1012 3520 ancillarum
1036 3488 1069 3527 (i.
1093 3501 1118 3521 e.
1142 3486 1322 3530 θεραπαι-

252 3533 340 3573 νῶν)
365 3547 384 3569 ς
413 3535 426 3577 11
460 3535 497 3567 31
526 3533 564 3573 ἐξ
588 3530 697 3566 αὐτοῦ
728 3530 772 3575 δὴ
795 3529 923 3566 τούτου
952 3534 1012 3565 καὶ
1035 3529 1159 3575 μόνου]
1197 3542 1236 3565 ex
1260 3531 1322 3564 hoo

251 3578 321 3611 solo
346 3590 363 3613 ς
386 3578 398 3620 11
426 3579 466 3610 33
491 3580 648 3623 μητέραν
674 3579 704 3612 L

297 3668 317 3700 3
341 3669 373 3698 et
396 3667 465 3707 qui]
491 3670 523 3699 et
547 3681 604 3701 om.
617 3668 775 3712 &VT-11
801 3671 823 3702 4
847 3669 900 3702 sui
924 3670 957 3701 et
979 3668 1179 3711 R¹Tvulq.]
1212 3677 1228 3699 ε
1252 3678 1320 3700 cun

254 3713 357 3756 spatio
381 3723 451 3743 vac.
476 3713 516 3744 12
531 3714 607 3753 sere
628 3713 685 3746 liu.
708 3713 758 3745 1⁷¹
786 3713 840 3746 sui
862 3713 913 3746 V’
940 3714 1008 3745 sint
1033 3713 1082 3746 R³
1106 3713 1120 3755 11
1142 3711 1319 3745 successio-
