2580 4022
226 126 332 168 Nov.
356 123 528 167 CLXIII
557 135 618 176 pr.
643 125 678 165 1.
701 124 738 164 2.
1281 117 1365 163 750

2050 134 2107 163 DE
2136 133 2447 167 RELEVATIONE

225 233 316 268 κατὰ
345 233 388 267 τὸ
423 230 620 278 ἀναγκαῖον
650 227 844 276 προϊούσης
864 228 1026 273 δαπάνης
1048 230 1270 273 ἐπικειμένης
1292 232 1352 264 καὶ
1375 226 1520 275 σφόδρα
1541 231 1602 263 καὶ
1621 228 1859 273 συνωθούσης
1882 229 1971 275 ἡμᾶς
1993 230 2136 266 πολλοῖς
2159 234 2447 277 περιρρεομένους

224 277 387 321 πολέμοις
418 275 547 317 συχνὰς
577 275 768 310 ποιεῖσθαι
791 275 987 319 χρημάτων
1017 273 1080 309 τὰς
1111 272 1300 309 ἐπιδόσεις.
1347 274 1632 319 έμεριμνήσαμεν
1663 266 1728 307 οὖν
1754 273 1902 318 ἱκανῶς,
1934 276 2012 311 πῶς
2042 273 2088 310 ἄν
2117 278 2258 322 γένοιτο
2287 279 2348 309 καὶ
2378 276 2447 319 τὴν

222 326 344 366 χρείαν
364 320 553 365 πληρῶσαι
573 323 631 353 καὶ
658 321 735 354 τῶν
759 317 932 362 ὑπηκόων
955 319 1024 362 τὴν
1048 317 1191 353 ἔνδειαν
1215 318 1453 365 θεραπεῦσαι,
1477 318 1568 364 πρὸς
1590 316 1706 353 πολλά
1729 332 1769 353 τε
1790 321 2020 364 μεριζομένης
2042 317 2128 364 ἡμῖν
2151 321 2212 363 τῆς
2235 323 2318 365 περὶ
2332 321 2448 354 ταῦτα

222 363 365 412 γνώμης
395 364 591 408 ἐκράτησεν
621 361 644 398 ὅ
673 376 720 399 ως
745 364 788 398 τὸ
818 363 957 408 μᾶλλον
981 363 1070 408 πρὸς
1091 362 1380 417 φιλανθρωπίαν
1404 361 1494 397 ἰδεῖν
1517 366 1577 396 καὶ
1597 364 1659 405 τῆς
1681 359 1895 407 ἆρεσκούσης
1917 365 1997 408 θεῷ
2021 363 2241 409 μεταδοῦναι
2264 367 2337 399 τοῖς
2358 361 2445 400 ὑπο·

668 411 677 421 *
699 408 823 444 λεῖπον
846 411 919 443 τοῖς
942 411 1071 443 κοινοῖς
1096 406 1355 453 δαπανημασιν
1378 409 1417 442 ἐκ
1440 408 1518 442 τῶν
1537 406 1737 452 βασιλικῶν
1761 405 2027 455 ἀντειςαγαγεῖν
2051 410 2259 454 θησαυρῶν.

224 409 337 444 τελέσι
361 410 548 454 βοηθείας,
568 408 611 444 τὸ
660 422 677 442 ε

1237 496 1394 532 CAPUT
1418 496 1446 532 1.

354 551 569 589 Ἀναθέντες
596 554 789 601 τοιγαροῦν
820 556 880 587 καὶ
910 552 1048 596 ταύτην
1072 551 1176 598 ἡμῶν
1199 553 1268 596 τὴν
1291 550 1468 598 φροντίδα
1491 553 1544 595 τῷ
1567 550 1726 597 δεσπότη
1751 554 1912 599 Χριστῷ,
1937 557 1996 588 καὶ
2019 556 2206 599 πρέποντα
2230 554 2450 600 πράττοντες

223 601 300 634 ταῖς
330 598 529 653 παρούσαις
560 601 622 642 τῆς
645 597 797 645 μεγάλης
820 598 941 643 ἑορτῆς
965 595 1109 644 ἡμέραις
1128 600 1192 632 τοῦ
1217 595 1467 643 σωτηριώδους
1491 597 1634 632 πάθους
1657 589 1716 631 καὶ
1741 600 1804 641 τῆς
1828 595 1929 644 ἁγίας
1949 596 2059 633 αὐτοῦ
2079 597 2321 642 ἀναστάσεως,
2346 611 2447 645 προς-

223 644 358 690 άγομεν
387 645 479 689 υπὲρ
507 644 573 678 τοῦ
605 642 862 687 πολιτεύματος
885 640 1031 677 εἰκότως
1055 641 1156 686 αὐτῷ
1179 645 1239 676 καὶ
1262 643 1331 685 τὴν
1355 643 1415 676 ἐπὶ
1436 643 1499 676 τοῦ
1525 641 1703 688 παρόντος
1728 640 1882 689 δωρεάν,
1906 639 1950 677 δι’
1976 633 2016 687 ῆς
2039 644 2265 680 concedimus
2283 646 2450 691 γεωργοῖς

224 702 263 723 τε
293 691 352 722 καὶ
382 687 628 723 συντελεσταῖς
654 685 771 724 ἅπασι
801 685 953 731 (ταύτὸν
983 686 1025 722 δέ
1053 689 1154 722 ἐστιν
1187 688 1302 721 εἰπεῖν
1324 690 1397 721 τοῖς
1413 688 1490 721 τῶν
1513 691 1659 732 χωρίων
1677 691 1819 732 κυρίοις)
1843 687 2017 732 integrum
2042 699 2153 724 unum
2176 699 2348 725 canonem
2371 690 2449 723 τῶν

224 732 408 778 δημοσίων
438 732 565 779 φόρων
595 735 681 777 [τῆς]
713 734 760 768 εἰς
787 732 1055 778 quadriennium
1087 731 1342 778 διαιρουμένης,
1376 734 1540 766 τουτέστι
1571 733 1633 775 τῆς
1663 734 1729 775 μὲν
1761 732 2034 777 εἰςελευσομένης
2058 734 2184 776 ἐνάτης
2207 733 2449 777 ἐπινεμήσεως

223 776 401 825 τετάρτην
430 778 559 812 τούτου
583 781 724 824 μοῖραν,
755 780 818 820 τῆς
842 776 882 811 δὲ
902 777 995 821 μετὰ
1016 776 1154 818 ταύτην
1178 776 1326 820 δεκάτης
1350 777 1526 811 τοσοῦτον
1549 779 1672 822 ἕτερον
1694 780 1808 822 μέρος,
1832 776 1965 820 ὁμοίως
1987 781 2048 812 καὶ
2071 780 2132 821 τῆς
2156 776 2343 821 ἑνδεκάτης
2366 778 2449 823 (καὶ

225 821 450 868 δωδεκάτης)
481 822 723 868 έπινεμήσεως
754 819 826 857 ἀνὰ
858 823 1034 867 τετάρτην
1062 825 1203 867 μοῖραν,
1235 823 1556 865 συναπομειοῦντες
1580 825 1640 856 καὶ
1663 822 1727 856 τὰς
1751 819 1915 857 ὁπωςοῦν
1934 820 2026 869 ὑπὲρ
2045 824 2188 858 τούτων
2211 825 2451 868 παρεχομένας

225 872 299 902 τισὶ
319 868 523 911 συνηθείας.

1218 911 1374 947 CAPUT
1398 911 1443 946 11.

356 966 521 1014 Ἀφίεμεν
554 965 594 1002 δι’
623 966 762 1002 τούτοις
792 970 851 1001 καὶ
882 966 928 1001 τὰ
958 965 1176 1011 ἐλλείμματα
1208 968 1271 1001 τοῦ
1304 965 1516 1012 φθάσαντος
1549 966 1679 1013 χρόνον
1709 969 1811 1012 μέχρι
1836 971 1988 1013 πέρατος
2011 968 2073 1011 τῆς
2096 965 2176 1011 ἇρτι
2200 966 2451 1014 παρελθούσης

226 1014 370 1060 quintae
395 1012 645 1057 έπινεμήσεως,
669 1016 729 1046 καὶ
753 1012 977 1056 θεσπίζομεν
1001 1011 1180 1056 μηδεμίαν
1204 1012 1387 1057 εἴςπραξιν
1407 1012 1583 1058 γενέσθαι
1607 1012 1684 1046 τῶν
1709 1013 1790 1057 παρ’
1818 1010 1922 1057 ἡμῶν
1946 1011 2267 1058 φιλοτιμηθέντων
2290 1010 2451 1057 εὖσεβῶν

226 1057 465 1102 τελεσμάτων,
488 1058 560 1092 εἴτε
583 1057 650 1100 τὴν
672 1061 845 1103 μεγίστην
867 1056 979 1102 ἀρχὴν
1002 1054 1071 1102 ὁρᾷ
1094 1058 1210 1091 ταῦτα
1241 1058 1320 1091 τῶν
1342 1055 1570 1091 ἀνατολικῶν
1595 1057 1705 1100 ἱερῶν
1725 1061 1962 1105 πραιτωρίων
1981 1057 2052 1091 εἴτε
2075 1056 2142 1100 τὴν
2166 1056 2249 1105 παρ’
2273 1056 2452 1105 Ἰλλυριοῖς

226 1102 454 1149 ἐπαρχότητα
486 1099 507 1147 ἢ
538 1101 605 1145 τὴν
635 1099 746 1148 ἀρχὴν
775 1103 853 1136 τῶν
884 1100 1007 1145 νήσων
1037 1105 1097 1135 καὶ
1121 1103 1200 1135 τῶν
1231 1103 1291 1136 ἐπὶ
1315 1101 1481 1144 Σκυθίας
1510 1115 1550 1136 τε
1581 1105 1641 1135 καὶ
1666 1105 1808 1137 Μυσίας
1831 1103 2106 1147 στρατιωτικῶν
2125 1102 2322 1149 ταγμάτων
2345 1100 2367 1146 ἢ
2387 1100 2451 1137 τὰς

226 1149 330 1183 θείας
354 1146 458 1192 ἡμῶν
481 1145 707 1194 λαργιτιόνας
731 1144 752 1190 ἢ
775 1150 834 1181 καὶ
857 1146 969 1190 ἄλλην
991 1144 1123 1193 ἀρχήν·
1146 1144 1429 1194 ’ἀπαγορεύοντες
1448 1145 1654 1191 βουλευταῖς
1677 1160 1716 1181 τε
1739 1150 1800 1181 καὶ
1823 1146 2049 1194 έκλήπτορσι,
2073 1150 2306 1194 σκρινιαρίοις
2328 1160 2368 1182 τε
2391 1149 2451 1181 καὶ

226 1190 432 1235 ταξεοόταις,
457 1192 667 1227 παλατίνοις
690 1205 729 1226 τε
753 1195 811 1226 καὶ
835 1190 990 1235 ἄνυταῖς,
1014 1194 1068 1226 ἔτι
1090 1205 1131 1236 γε
1154 1191 1226 1235 μὴν
1249 1195 1310 1226 καὶ
1332 1189 1543 1226 ὑποδέκταις
1571 1194 1630 1225 καὶ
1655 1195 1767 1227 παντὶ
1792 1190 1976 1237 δημοσίων
2000 1189 2198 1234 ἀπαίτησίν
2217 1205 2257 1225 τε
2281 1195 2339 1226 καὶ
2362 1190 2450 1226 ύπο-

227 1237 335 1281 δοχὴν
365 1240 597 1282 ποιησαμένῳ
624 1250 664 1271 τε
691 1240 751 1270 καὶ
782 1240 985 1282 ποιουμένῳ
1017 1240 1214 1282 περινοίαις
1240 1237 1401 1280 χρῆσθαι
1428 1235 1520 1270 κατὰ
1550 1237 1628 1271 τῶν
1656 1250 1728 1283 γεω
1752 1237 1830 1283 γῶν
1860 1250 1899 1271 τε
1923 1240 1983 1270 καὶ
2007 1235 2205 1278 ὑποτελῶν,
2242 1234 2265 1280 ἢ
2288 1240 2347 1270 καὶ
2371 1236 2453 1271 τοὺς

225 1284 303 1318 τῶν
337 1286 482 1330 χωρίων
516 1279 694 1317 δεσπότας
724 1296 740 1314 α
761 1296 777 1314 u
798 1296 814 1314 u
846 1279 894 1316 ῶς
928 1279 1118 1328 διαφόρους
1156 1283 1194 1315 ἐκ
1231 1282 1311 1316 τῶν
1348 1284 1673 1328 συγκεχωρημένων
1710 1283 1728 1315 ἐ
1751 1281 1956 1326 λειμμάτων
1991 1279 2330 1327 προκαταβαλοῦσιν
2359 1279 2452 1327 ὑπὲρ

227 1326 350 1363 αὐτῶν
374 1325 395 1371 ἢ
418 1331 478 1362 καὶ
502 1325 765 1372 ἀντιφωνήσεις
787 1324 808 1371 ἢ
833 1325 957 1374 ἐγγύας
980 1330 1039 1361 καὶ
1063 1323 1250 1373 ὁμολογίας
1274 1325 1424 1370 λαβοῦσι
1448 1324 1529 1360 δολε
1552 1328 1608 1361 οἷς.
1646 1324 1843 1373 ἀκυροῦμεν
1866 1326 1933 1373 γὰρ
1958 1328 2080 1362 πᾶσαν
2095 1325 2188 1361 κατὰ
2204 1328 2264 1370 τῆς
2281 1324 2453 1374 ἡμετέρας

227 1372 431 1419 φιλοτιμίας
452 1374 650 1419 γενομένην
673 1369 696 1414 ἢ
719 1375 778 1406 καὶ
809 1374 1052 1418 γενησομένην
1082 1371 1324 1418 περιγραφήν·
1358 1373 1492 1405 ἐκείνου
1548 1371 1630 1414 ήλου
1662 1371 1782 1415 ὄντος,
1820 1369 1866 1406 ῶς
1895 1372 1931 1406 εἴ
1957 1385 1993 1406 τι
2026 1370 2238 1417 φθάσαντές
2267 1383 2362 1407 τινες
2391 1372 2453 1414 τῆς

227 1416 396 1464 ἡμετέρας
427 1415 562 1463 δωρεᾶς
592 1417 871 1471 εἶςέπραξαν,έκ
895 1418 973 1470 τῶν
994 1419 1096 1469 μέχρι
1128 1419 1189 1460 τῆς
1213 1420 1376 1461 πέμπτης
1400 1415 1641 1460 ἐπινεμήσεως
1665 1415 1916 1471 ἐλλειμμάτωνε
1935 1419 1994 1451 καὶ
2018 1417 2137 1471 τοῦτο,
2148 1414 2198 1461 μὴ
2230 1417 2453 1451 καταθέντες

2476 736 2515 768 10

2477 1015 2516 1047 15

2476 1238 2517 1271 20

227 1467 437 1508 φανείησαν,
464 1466 542 1517 ’τοῖς
574 1460 754 1505 δημοσίοις
784 1460 871 1496 αυτὸ
903 1473 1050 1508 τροποις
1071 1473 1209 1495 απασιν
1230 1462 1442 1515 εἰςκομιοῦσι
1465 1460 1654 1506 λογισμοῖς.
1703 1473 1784 1496 τους
1806 1475 1874 1509 γαρ
1898 1460 2078 1496 υποτελεῖς
2101 1462 2366 1508 ευεργετοῦντες
2388 1462 2449 1504 τῆς
2474 1463 2516 1495 25

227 1509 408 1553 παρούσης
432 1510 552 1542 αυτοῖς
575 1505 879 1552 μεταδεδώκαμεν
902 1506 1195 1552 φιλανθρωπίας,
1219 1505 1260 1541 οὗ
1284 1520 1357 1550 μην
1381 1509 1439 1540 καὶ
1458 1509 1531 1541 τοῖς
1553 1505 1600 1540 τὰ
1626 1504 1779 1549 δημόσια
1802 1507 1885 1550 τέλη
1910 1505 2084 1551 λαβοῦσιν
2106 1506 2155 1540 εἰς
2177 1504 2297 1552 κέρδος
2320 1507 2451 1541 οἰκειον

226 1551 501 1600 ἀπενέγκασθαι
524 1551 751 1596 βουλομένοις
770 1550 877 1595 τήνδε
901 1553 965 1586 τοῦ
989 1552 1166 1597 ῥηθέντος
1190 1553 1352 1598 ἐγκαίρου
1376 1549 1527 1585 κανόνος
1550 1552 1775 1605 συγχώρησιν
1798 1549 2070 1595 ἐποιησάμεθα·
2097 1552 2158 1594 τῆς
2181 1553 2324 1594 ἐτησίας
2348 1553 2452 1596 ἐμβο-

228 1598 286 1641 λῆς
309 1595 386 1632 κατ’
409 1595 539 1632 οὐδένα
561 1596 700 1643 τρόπον
724 1595 990 1640 ἐλαττουμένης.
1037 1595 1092 1630 δεῖ
1112 1595 1180 1643 γὰρ
1203 1595 1246 1631 τὸ
1269 1600 1402 1642 μέτρον
1425 1592 1525 1630 ἅπαν
1547 1609 1610 1630 του
1635 1610 1675 1630 τε
1698 1601 1799 1631 σίτου
1823 1599 1883 1630 καὶ
1906 1598 1984 1631 τῶν
2007 1594 2128 1630 ἄλλων
2153 1594 2262 1631 εἰδῶν
2282 1599 2342 1630 καὶ
2366 1607 2450 1630 συν-

227 1642 445 1685 τελεσθῆναι
468 1645 528 1676 καὶ
552 1642 823 1686 εῐςκομισθῆναι
846 1640 938 1676 κατὰ
961 1640 1002 1676 τὸ
1024 1641 1158 1676 εἰωθός
1180 1655 1219 1676 τε
1242 1645 1301 1675 καὶ
1321 1643 1591 1695 νενομισμένον,
1616 1643 1694 1676 τῶν
1716 1642 1929 1686 τιμημάτων
1953 1642 2013 1684 τῆς
2037 1644 2346 1696 συγκεχωρημένης
2366 1637 2450 1683 παρ’

227 1686 332 1731 ἡμῶν
348 1685 439 1721 καθ’
463 1689 615 1721 ἕκαστον
637 1688 716 1721 ἔτος
738 1686 908 1733 τετάρτης
930 1690 1055 1743 μςοίρξις
1079 1688 1140 1720 ἐπὶ
1165 1685 1229 1720 τὸν
1252 1687 1424 1732 τετραετῆ
1454 1699 1585 1731 χρόνον
1608 1687 1701 1721 κατὰ
1722 1686 1791 1731 τὴν
1814 1685 1993 1731 δημοσίαν
2009 1688 2192 1742 τραπεζαν
2211 1685 2452 1731 λογιζομένων
2476 1691 2519 1723 30

227 1736 301 1766 τοῖς
333 1730 521 1767 ὑποτελέσι
543 1735 615 1766 τοῖς
639 1730 757 1766 ἄλλοις
779 1735 852 1766 τοῖς
876 1744 950 1776 παρ
987 1732 1110 1765 αυτῶν
1134 1732 1174 1765 ἐν
1196 1735 1331 1775 χρυσίῳ
1356 1731 1644 1774 συντελουμένοις
1667 1730 1745 1774 ἦτοι
1769 1730 2098 1775 καταβαλλομενων
2122 1733 2161 1764 έκ
2183 1732 2246 1765 τοῦ
2269 1729 2450 1774 δημοσίου.

229 1821 332 1858 valde
362 1820 574 1867 urqentibus
610 1822 646 1855 et
675 1830 743 1854 nos
772 1818 893 1854 multis
924 1819 1025 1854 bellis
1055 1819 1296 1855 circumdatos
1323 1818 1456 1854 multas
1476 1819 1652 1864 pecuniae
1675 1829 1857 1864 expensas
1877 1819 2004 1864 facere
2028 1818 2331 1864 compellentibus.
2377 1819 2453 1854 Ali-

230 1869 402 1912 quantum
424 1865 538 1911 iqitur
559 1864 805 1910 coqitavimus,
857 1874 904 1899 ua
924 1864 1009 1908 fieri
1023 1867 1149 1910 posset
1168 1865 1322 1907 ratione,
1345 1866 1387 1898 ut
1408 1866 1443 1899 et
1466 1863 1670 1899 necessitati
1691 1863 1988 1909 satisfaceremus
2010 1867 2046 1899 et
2067 1863 2290 1899 subditorum
2308 1864 2454 1909 inopiae

228 1910 461 1952 mederemur,
492 1920 643 1961 cumque
672 1913 799 1945 nostra
827 1874 871 1943 de
898 1908 967 1943 hac
998 1919 1039 1943 re
1069 1909 1248 1944 sententia
1280 1910 1318 1944 in
1349 1908 1481 1943 multas
1512 1912 1637 1953 partes
1672 1907 1944 1951 distraheretur,
1967 1908 2127 1954 pervicit
2160 1912 2296 1951 tamen,
2331 1912 2371 1943 ut
2403 1908 2454 1943 ad

229 1955 485 1991 humanitatem
506 1958 631 2000 potius
653 1954 910 1999 respiceremus
932 1956 969 1988 et
990 1952 1056 1988 deo
1081 1958 1267 1999 acceptum
1291 1952 1469 1988 auxilium
1493 1952 1646 1988 subditis
1661 1955 1951 1998 praestaremus,
1984 1952 2083 1998 quod
2106 1963 2188 1989 vero
2209 1953 2453 1989 communibus

228 1998 428 2046 sumptibus
450 1998 589 2034 deesset
610 2008 660 2034 ex
683 1997 929 2050 imperialibus
946 1998 1074 2043 potius
1098 1997 1276 2033 thesauris
1294 1997 1554 2043 suppleremus.

363 2044 392 2079 Ι.
440 2042 655 2079 Dedicantes
678 2043 792 2088 iqitur
814 2041 909 2077 hanc
932 2052 1077 2087 quoque
1100 2052 1222 2076 curam
1247 2045 1406 2076 nostram
1423 2041 1566 2076 domino
1586 2040 1739 2082 Christo,
1764 2044 1874 2086 atque
1892 2038 2136 2077 convenientia
2154 2042 2332 2087 facientes
2345 2053 2451 2088 prae-

229 2089 386 2125 sentibus
416 2088 540 2133 maqni
567 2087 659 2133 festi
686 2087 862 2123 salutaris
881 2086 1071 2132 passionis
1101 2091 1319 2131 sanctaeque
1347 2087 1425 2122 eius
1455 2085 1733 2121 resurrectionis
1763 2085 1897 2127 diebus,
1930 2087 2054 2121 merito
2085 2086 2142 2121 illi
2195 2097 2237 2122 ro
2267 2086 2452 2133 republica

230 2135 324 2169 hanc
355 2143 497 2179 quoque
524 2135 751 2178 praesentem
782 2130 1013 2166 donationem
1046 2130 1245 2176 offerimus,
1278 2142 1351 2177 qua
1382 2130 1611 2166 concedimus
1641 2129 1815 2175 aqricolis
1838 2130 2072 2176 omnibusque
2095 2131 2152 2166 col
2166 2131 2326 2166 atoribus
2349 2131 2452 2174 (idem

229 2183 283 2215 est
321 2178 440 2213 dicere
467 2176 707 2223 praediorum
738 2175 905 2219 dominis)
935 2176 1114 2222 inteqrum
1145 2186 1254 2211 unum
1283 2186 1454 2211 canonem
1490 2174 1719 2221 publicorum
1756 2174 1970 2210 tributorum
2001 2177 2039 2210 in
2068 2176 2343 2221 quadriennium
2373 2186 2451 2211 eam

230 2223 492 2265 distribuentes,
516 2221 583 2257 hoc
607 2225 660 2257 est
683 2232 799 2257 nonae
820 2231 914 2266 quae
935 2221 1067 2266 futura
1090 2224 1145 2256 est
1166 2220 1375 2256 indictionis
1398 2224 1566 2265 quartam
1590 2220 1667 2255 eius
1687 2223 1841 2265 partem,
1865 2219 2022 2255 decimae
2037 2231 2121 2256 vero
2138 2221 2214 2256 inse
2241 2221 2355 2256 uentis
2372 2224 2450 2257 tan-

232 2274 303 2304 tam
334 2268 444 2303 aliam
467 2271 626 2313 partem,
657 2266 822 2301 similiter
851 2266 958 2300 etiam
987 2265 1197 2301 undecimae
1226 2269 1262 2301 et
1289 2264 1519 2301 duodecimae
1549 2264 1758 2300 indictionis
1779 2270 1931 2310 quartas
1947 2268 2096 2311 partes,
2126 2266 2217 2300 simu
2258 2266 2454 2301 minuentes

230 2314 337 2350 etiam
361 2311 646 2352 consuetudines,
671 2322 764 2357 quae
788 2310 917 2356 quibus
941 2314 1122 2356 utcunque
1141 2321 1213 2357 pro
1236 2310 1292 2345 his
1314 2310 1421 2345 rebus
1442 2310 1671 2356 praebentur.

364 2357 411 2393 ΙΙ.
458 2356 684 2392 Remittimus
708 2360 826 2391 autem
851 2356 902 2390 eis
925 2355 1031 2390 etiam
1042 2355 1243 2435 lpraeteriti
1267 2359 1334 2390 tem
1364 2355 1439 2390 oris
1461 2354 1603 2400 reliqua
1627 2364 1739 2400 usque
1759 2353 1809 2389 ad
1825 2354 1934 2399 finem
1958 2355 2106 2400 quintae
2129 2365 2223 2401 quae
2237 2365 2333 2390 nunc
2347 2366 2453 2402 prae-

232 2403 327 2439 teriit
357 2401 582 2443 indictionis,
613 2404 647 2436 et
677 2401 876 2443 sancimus,
906 2403 947 2435 ut
977 2399 1079 2435 nula
1109 2400 1255 2446 piorum
1288 2401 1337 2435 tri
1359 2403 1502 2435 uterum
1535 2411 1558 2435 a
1590 2399 1691 2435 nobis
1721 2398 2007 2435 condonatorum
2030 2401 2175 2435 exactio
2197 2400 2278 2444 fiat,
2307 2400 2381 2436 sive
2403 2400 2454 2435 ad

231 2448 427 2484 maximum
459 2447 710 2493 maqistratum
740 2444 829 2481 haec
855 2445 1043 2491 pertinent
1064 2445 1162 2480 sacri
1188 2444 1344 2481 Orientis
1357 2444 1558 2491 praetorii,
1589 2445 1661 2480 sive
1685 2443 1733 2479 ad
1748 2444 2024 2490 praefecturam
2049 2443 2212 2491 Illyrici,
2242 2444 2317 2481 sive
2339 2445 2453 2491 maqi-

230 2496 384 2528 stratum
408 2490 609 2527 insularum
632 2494 668 2526 et
690 2490 897 2526 militarium
921 2489 1089 2526 ordinum
1113 2490 1151 2524 in
1173 2488 1324 2536 Scythia
1348 2493 1383 2525 et
1406 2488 1544 2525 Moesia
1568 2489 1838 2531 collocatorum,
1860 2489 1934 2525 sive
1958 2489 2007 2524 ad
2028 2500 2155 2524 sacras
2178 2492 2323 2525 nostras
2343 2489 2454 2535 larqi-

232 2538 347 2573 tiones
376 2536 432 2573 vel
459 2537 567 2572 etiam
598 2535 709 2571 alium
740 2535 988 2581 maqistratum
997 2547 1013 2577 ;
1043 2535 1294 2571 interdicentes
1323 2534 1520 2570 curialibus
1550 2538 1586 2570 et
1616 2534 1886 2580 exceptoribus,
1917 2534 2118 2569 scriniariis
2141 2537 2175 2570 et
2198 2533 2453 2575 cohortalibus,

226 2581 405 2629 palatinis
428 2584 463 2616 et
485 2581 730 2623 exactoribus,
754 2590 820 2616 nec
842 2591 915 2615 non
938 2580 1216 2626 susceptoribus,
1239 2584 1274 2614 et
1297 2579 1501 2625 quicunque
1525 2579 1739 2614 tributorum
1763 2579 1988 2614 exactionem
2010 2583 2046 2614 et
2064 2579 2322 2625 susceptionem
2342 2580 2454 2625 qessit

231 2632 267 2663 et
296 2627 402 2673 qerit,
431 2636 476 2662 ne
499 2625 683 2672 aqricolas
705 2628 739 2660 et
761 2624 923 2661 subditos
946 2625 1224 2660 circumveniant
1245 2628 1310 2660 aut
1332 2624 1438 2659 etiam
1457 2623 1695 2670 praediorum
1719 2623 1883 2659 dominos
1906 2622 2036 2659 damno
2060 2624 2240 2669 afficiant,
2272 2626 2343 2659 tam
2371 2634 2453 2658 uam

232 2672 366 2708 tributa
396 2682 416 2707 e
446 2670 603 2707 remissis
633 2670 784 2716 reliquis
840 2681 882 2705 ro
905 2671 957 2705 eis
976 2673 1060 2705 ante
1082 2669 1256 2705 solverint
1278 2672 1343 2704 aut
1364 2670 1471 2705 etiam
1495 2668 1691 2704 constituta
1721 2668 1776 2704 vel
1794 2668 2043 2713 fideiussiones
2066 2672 2100 2704 et
2123 2669 2308 2704 cautiones
2357 2668 2454 2704 olose

232 2716 449 2762 acceperint.
496 2714 647 2751 Irritam
676 2715 769 2750 enim
821 2715 957 2750 acimus
988 2725 1127 2750 omnem
1158 2725 1250 2760 quae
1280 2717 1410 2749 contra
1431 2713 1681 2749 liberalitatem
1704 2715 1866 2748 nostram
1888 2713 1994 2758 facta
2017 2717 2071 2749 est
2093 2713 2150 2749 vel
2170 2713 2278 2749 etiam
2298 2713 2364 2759 fiet
2387 2714 2453 2748 cir-

233 2761 566 2806 cumscriptionem;
598 2771 677 2795 cum
704 2759 796 2795 illud
817 2760 1049 2804 manifestum
1072 2759 1130 2802 sit,
1161 2759 1193 2794 si
1217 2758 1279 2805 qui
1302 2762 1385 2794 ante
1408 2758 1639 2795 donationem
1661 2762 1822 2793 nostram
1845 2768 1895 2793 ex
1917 2757 1991 2792 illis
2010 2768 2122 2803 usque
2145 2757 2195 2793 acl
2215 2758 2378 2803 quintam
2402 2758 2454 2792 in—

232 2806 421 2842 dictionem
443 2805 598 2841 residuis
621 2804 760 2856 aliquid
782 2805 972 2850 exeqerint
995 2804 1103 2849 idque
1126 2815 1199 2839 non
1221 2803 1367 2839 solvisse
1382 2803 1621 2846 inveniantur,
1645 2812 1707 2838 eos
1722 2802 1761 2837 id
1775 2802 1936 2837 omnibus
1950 2801 2067 2837 modis
2080 2801 2236 2854 publicis
2251 2802 2455 2837 rationibus

232 2851 401 2887 illaturos
423 2860 510 2886 esse.
563 2849 607 2885 Ut
629 2860 722 2884 emm
744 2849 897 2885 subditis
920 2849 1054 2884 nostris
1078 2849 1354 2895 benefaciamus,
1376 2851 1601 2894 praesentem
1624 2848 1674 2883 eis
1697 2846 1945 2882 liberalitatem
1970 2847 2092 2892 larqiti
2116 2857 2250 2890 sumus,
2274 2857 2346 2882 non
2370 2857 2453 2882 vero

232 2896 339 2931 etiam
369 2897 421 2930 eis
452 2894 515 2940 qui
540 2893 686 2941 publica
718 2894 852 2930 tributa
883 2904 967 2929 acce
995 2898 1102 2929 erunt
1131 2897 1168 2929 et
1197 2894 1235 2929 in
1266 2892 1403 2928 lucrum
1433 2904 1537 2928 suum
1564 2897 1701 2928 vertere
1724 2891 1858 2932 volunt,
1883 2891 2014 2927 dictum
2035 2895 2261 2937 praesentem
2284 2901 2454 2927 canonem

232 2940 432 2977 remisimus
438 2952 455 2981 ;
476 2950 600 2975 annua
619 2950 766 2975 annona
781 2938 880 2974 nullo
897 2905 1004 2974 modb
1021 2938 1263 2974 diminuenda.
1299 2936 1442 2974 Omnem
1457 2939 1550 2973 enim
1565 2948 1767 2973 mensuram
1782 2936 1959 2982 frumenti
1973 2939 2243 2981 ceterarumque
2256 2936 2454 2982 specierum

233 2988 404 3021 consueto
428 2987 463 3020 et
481 2984 589 3020 solito
613 2995 712 3020 more
736 2984 917 3020 contribui
938 2987 973 3019 et
994 2983 1130 3029 inferri
1152 2986 1305 3035 oportet,
1327 2983 1456 3063 {retiis
1480 2986 1634 3028 quartae
1683 2983 1774 3017 artis
1786 2992 1859 3028 per
1881 2980 2045 3027 sinqulos
2068 2992 2185 3017 annos
2207 2981 2245 3015 in
2261 2980 2455 3026 quadrien-

233 3031 332 3065 nium
364 3040 387 3065 a
420 3029 524 3065 nobis
556 3030 727 3065 remissae
758 3028 859 3075 apud
888 3039 1045 3064 mensam
1073 3027 1258 3074 publicam
1288 3038 1330 3063 su
1355 3026 1439 3062 ditis
1470 3029 1634 3073 imputan
1661 3027 1692 3062 is
1724 3028 1763 3061 in
1794 3027 1939 3069 ceteris,
1973 3036 2066 3072 quae
2097 3026 2142 3062 ab
2173 3025 2263 3073 ipsis
2294 3025 2333 3061 in
2361 3035 2454 3060 auro

1381 3114 1559 3151 δεσπότας
1597 3118 1754 3151 excidisse
1790 3118 1884 3150 verbi
1920 3129 2020 3150 causa
2054 3113 2191 3149 ἀδικεῖν
2226 3122 2309 3149 recte
2342 3115 2455 3148 statuit

1382 3163 1529 3201 Schoell;
1562 3163 1635 3196 τοῖς
1665 3161 1743 3195 τῶν
1765 3173 1797 3203 χ.
1823 3158 2028 3204 δεσπόταις,
2061 3158 2110 3194 αἱς
2133 3158 2202 3207 ἄρα
2225 3156 2353 3204 φόρους
2377 3183 2386 3192 .
2412 3183 2453 3211 .‹.

1382 3205 1742 3251 προκαταβάλλουσιν
1769 3219 1941 3249 perperam
1965 3207 2046 3239 coni.
2071 3206 2267 3239 Zachariae.
2315 3204 2383 3237 Pro
2408 3213 2455 3236 ως

283 3134 299 3166 1
316 3133 377 3165 καὶ
394 3127 644 3172 συνωθούσης]
662 3131 721 3163 καὶ
738 3131 800 3163 del.
818 3130 1014 3163 Haloander
1029 3129 1114 3173 vulq.
1130 3129 1144 3170 ΙΙ
1163 3131 1182 3164 3
1199 3126 1313 3164 πολλά

233 3189 276 3211 τε
301 3176 509 3217 Haloander]
533 3173 665 3209 πολλάς
687 3186 728 3208 τε
751 3175 783 3208 L
801 3173 813 3218 ΙΙ
829 3176 849 3208 5
873 3172 998 3207 λεῖπον
1022 3175 1066 3216 L]
1090 3172 1223 3209 λοιπὸν
1246 3187 1313 3208 cum

235 3222 433 3255 Haloandro
456 3222 542 3265 vulq.
568 3221 650 3254 male
674 3217 906 3273 [θησαυρὸν
925 3220 976 3252 La
994 3219 1006 3263 ΙΙ
1034 3222 1052 3253 7
1085 3216 1229 3263 ἡμέραις
1255 3231 1313 3253 om.

236 3267 286 3299 La
305 3265 317 3310 ΙΙ
336 3268 376 3301 10
397 3265 491 3308 *τῆς
507 3266 626 3299 seclusi
631 3279 639 3305 ;
664 3264 772 3306 αυτῆς
796 3276 863 3297 cum
877 3265 1075 3298 Haloandro
1097 3266 1186 3308 vulq.
1202 3264 1214 3308 ΙΙ
1234 3274 1312 3306 qua-

237 3311 413 3344 drennium
437 3311 470 3343 L
496 3310 508 3351 11
540 3309 666 3352 ἐνάτης
691 3309 897 3350 Haloander]
930 3308 995 3341 ἕνα
1019 3308 1081 3351 τῆς
1103 3310 1145 3342 L.
1191 3309 1315 3352 Incipit

238 3357 303 3389 kal.
327 3356 419 3398 Sept.
445 3369 475 3388 a.
501 3356 566 3389 575
595 3354 607 3398 ΙΙ
640 3356 675 3388 11
704 3355 763 3386 καὶ
788 3349 990 3395 δωδεκάτης
1014 3355 1092 3388 add.
1118 3353 1314 3388 Haloander

236 3396 320 3440 (ἀπὸ
353 3398 393 3432 θ’
419 3397 644 3433 ἱνδικτιῶνος
674 3400 775 3442 μέχρι
803 3393 850 3440 ιβ’
879 3398 1013 3440 Τίιεοᾱ.)
1039 3397 1051 3438 ΙΙ
1084 3400 1126 3434 14
1146 3394 1313 3443 Ἀφίεμεν

237 3445 445 3484 Haloander]
479 3445 624 3487 ἐφίεμεν
649 3445 678 3477 L
713 3443 725 3487 ΙΙ
757 3439 1011 3486 παρελθούσης
1035 3443 1222 3477 Zachariae
1255 3445 1312 3487 (cf.

239 3490 315 3528 719,
330 3491 392 3530 lv]
416 3485 676 3533 περιελθούσης
691 3489 723 3522 L
749 3490 769 3521 i.
784 3500 810 3520 e.
835 3499 934 3530 usque
956 3489 1002 3521 ad
1011 3490 1121 3531 pridie
1139 3489 1206 3522 kal.
1221 3489 1314 3532 Sept.

239 3566 270 3587 a.
287 3554 380 3598 5721}
401 3556 440 3589 15
465 3534 584 3596 qu‘nte
609 3556 679 3597 (sic)
704 3556 735 3588 L
752 3554 764 3598 ΙΙ
784 3557 822 3589 17
851 3552 998 3597 νήσσων
1022 3556 1053 3588 L
1072 3554 1085 3599 ΙΙ
1098 3554 1234 3598 μυθίας
1258 3553 1313 3591 Lss

243 3599 284 3631 18
315 3600 348 3631 in
371 3601 474 3632 verbis
503 3597 708 3642 βουλευταῖς
730 3611 770 3633 τε
789 3601 849 3633 καὶ
870 3601 987 3634 desinit
1005 3600 1037 3633 L
1066 3599 1079 3643 ΙΙ
1108 3601 1150 3634 20
1175 3610 1311 3642 ποησα-

239 3643 337 3684 μένῳ
362 3643 373 3675 l
392 3643 405 3685 ΙΙ
431 3644 469 3676 21
503 3645 663 3687 Corrupta
686 3646 765 3678 haec
789 3656 855 3678 esse
874 3645 959 3679 vidit
982 3645 1184 3679 Haloander.
1232 3644 1312 3678 Post

1381 3249 1572 3296 διαφόρους
1591 3253 1700 3295 possis
1724 3247 1772 3284 αἷς
1796 3247 1839 3292 δὴ
1865 3251 1928 3292 (vel
1947 3248 2075 3292 δῆθεν)
2091 3248 2220 3294 φόρους
2243 3249 2255 3290 fl
2277 3259 2454 3293 προκατα-

1380 3294 1557 3340 βαλοῦσιν
1577 3298 1658 3338 (sim.
1680 3296 1880 3337 Zachariae)
1904 3296 2015 3336 Kroll]
2041 3292 2308 3340 προβάλλουσιν
2332 3294 2353 3326 l.
2402 3292 2453 3333 Cf.

1381 3354 1453 3374 nov.
1479 3342 1647 3376 Marciani
1666 3342 1685 3375 2
1719 3340 1739 3383 §
1763 3342 1782 3374 2
1803 3352 1840 3383 p.
1859 3341 1923 3374 275
1950 3341 2078 3373 Haenel
2105 3340 2117 3382 ΙΙ
2146 3340 2187 3373 23
2219 3335 2281 3371 τὰς
2307 3334 2364 3380 ἡμ.
2386 3333 2453 3369 δω-

1380 3384 1461 3430 ρεὰς
1485 3387 1514 3428 l,
1546 3399 1628 3420 corr.
1655 3386 1850 3419 Haloander
1878 3385 1890 3428 ΙΙ
1920 3385 1962 3418 26
1992 3380 2290 3428 μεταδιδῶκαμεν
2314 3383 2327 3415 l
2351 3380 2364 3423 fl
2392 3381 2453 3412 καὶ

1381 3431 1588 3472 Haloander]
1603 3427 1671 3477 γὰρ
1686 3431 1697 3463 l
1712 3429 1724 3473 ΙΙ
1742 3427 1915 3473 λαβοῦσιν
1928 3429 2016 3463 det?
2033 3429 2046 3473 ΙΙ
2064 3430 2105 3463 27
2125 3424 2234 3470 τήνδε
2247 3424 2449 3484 Ηαίοαηέἕν]

1379 3494 1446 3540 τήν
1467 3498 1533 3530 ‘tel
1555 3497 1568 3542 ΙΙ
1596 3499 1637 3532 28
1658 3494 1767 3530 εἰδῶν
1791 3493 1899 3551 εἱδῶν
1917 3497 1957 3538 l⁰‚
1976 3497 2072 3539 prius
2087 3495 2149 3528 del.
2167 3492 2194 3527 1⁶
2210 3492 2224 3535 ss
2238 3493 2280 3526 30
2295 3490 2423 3532 τετρτῆ
2442 3491 2454 3523 t

1378 3563 1446 3609 1131
1482 3560 1648 3598 ὑποκόοις
1671 3565 1710 3605 la,
1733 3553 1884 3597 bnoretf
1911 3561 1948 3605 l⁶‚
1985 3558 2193 3595 ὑποτελέσιν
2215 3553 2310 3601 (ἐπὶ)
2333 3557 2452 3590 mavult

1381 3609 1480 3642 Kroll
1489 3607 1501 3653 ss
1515 3606 1844 3653 καταβαλλομένων
1857 3607 1976 3648 Kroll]
1992 3601 2291 3648 καταβαλομένοις
2306 3601 2325 3642 l,
2342 3612 2449 3634 κατα-

1378 3651 1610 3697 βαλλομένοις
1637 3667 1705 3688 cum
1722 3653 1804 3687 Hal.
1829 3652 1917 3695 vulq-
