2618 4010
279 139 385 184 Nov.
416 140 628 185 LXXXII·
652 146 714 185 10.
748 145 795 185 11

277 252 354 285 τῶν
372 249 555 297 ἡμετέρων
578 253 726 295 ποιῆσαι
746 250 1021 296 διατυπώσεων)
1042 255 1182 298 μενέτω
1201 258 1262 289 καὶ
1281 257 1349 290 νῦν

277 297 338 329 ἐπὶ
371 292 504 329 ταύτοῦ
541 296 719 340 σχήματος
747 296 1033 343 φυλαττόμενον·
1070 300 1205 333 ἐκείνου
1234 299 1348 343 μόνου

277 340 619 386 προςεπιτιθεμένου
633 342 707 385 τοῦ,
729 343 828 390 εἴπερ
847 340 958 389 ὅρκον
978 341 1155 390 ἐπαγάγοι
1173 347 1256 390 περὶ
1271 346 1348 380 τῶν

276 383 551 428 δαπανημάτων
567 384 586 419 ὁ
605 384 774 431 δικαστὴς
796 389 849 431 τῷ
865 389 1079 432 νενικηκότι,
1100 386 1236 433 δηλαδὴ
1255 390 1346 434 μετὰ

274 430 336 471 τῆς
359 434 574 475 φαινομένης
598 428 695 474 αὐτῷ
721 429 847 478 ὀρθῶς
869 435 963 476 ἔχειν
986 433 1202 477 ποσότητος,
1231 431 1278 478 ἣν
1302 433 1346 478 δὴ

274 474 471 514 ταξατίονα
505 475 678 510 καλοῦσιν
711 476 748 511 οἱ
779 475 902 522 νόμοι,
937 478 1015 512 εἶτα
1050 479 1181 513 ἐκεῖνος
1215 480 1345 525 ἐπομό-

275 530 388 561 σαιτο,
418 520 468 565 μὴ
491 523 586 563 ἔχειν
617 520 743 556 ἄδειαν
769 522 837 556 τὸν
861 521 1036 566 δικαστὴν
1066 522 1242 559 ἐλάττονα
1269 525 1347 559 τῶν

274 561 549 608 ὀμωμοσμένων
579 565 844 609 καταδικάζειν,
875 567 966 612 μηδὲ
988 569 1190 614 φαίνεσθαι
1221 568 1346 616 φιλαν-

273 608 517 655 θρωπότερον
546 613 610 645 τοῦ
634 611 747 655 νόμου
777 614 841 646 τοῦ
865 614 982 647 ταῦτα
1007 611 1270 649 διατάττοντος.
1317 615 1349 648 εἰ

1350 141 1434 190 406

2175 155 2245 193 m}
2261 161 2495 197 mmmmm
2542 168 2544 170 ’

1416 257 1570 309 tionum,
1592 261 1733 311 maneat
1755 268 1840 306 ergo
1860 259 2085 301 etiamnunc
2102 261 2144 298 in·
2163 262 2292 298 eodem
2308 261 2487 299 schemate

1417 301 1641 346 custoditum,
1663 303 1725 339 illo
1745 305 1824 341 solo
1836 303 1991 349 adiecto,
2011 307 2043 343 si
2059 307 2487 344 iusiurandum-intulerit

1417 347 1462 382 de
1477 347 1642 392 expensis
1657 347 1765 384 iudex
1775 349 1916 391 -victori,
1933 351 2071 388 scilicet
2086 362 2171 388 cum>
2183 352 2381 398 quantitate
2391 362 2488 398 quae

1415 391 1491 427 visa
1513 392 1547 427 ei
1568 391 1680 428 fuerit
1701 395 1801 429 recte
1821 404 1861 430 se
1883 394 2029 438 habere,
2057 407 2163 442 quam
2185 397 2404 433 taxationem
2426 408 2487 433 vo-

1383 439 1402 470 5
1416 438 1500 471 cant
1520 437 1627 481 leges,
1651 437 1778 474 deinde
1793 438 1854 474 ille
1871 438 2048 483 iuraverit,
2068 452 2140 478 non
2156 443 2290 478 habere
2307 442 2486 479 licentiam

1414 480 1568 517 iudicem
1583 482 1698 518 minus
1722 493 1828 528 quam
1847 483 2002 520 iuratum
2024 489 2080 522 est
2103 487 2346 531 condemnare,
2371 497 2487 533 neque

1414 525 1526 562 videri
1549 527 1810 564 clementiorem
1834 531 1880 572 [a]
1903 528 1980 573 lege
2002 539 2093 575 quae
2116 531 2204 568 haec
2228 533 2402 578 disponet.
2449 533 2487 568 Si

1415 574 1535 607 tamen
1565 573 1787 618 perspexerit
1816 576 1996 609 neutrum·
2011 585 2088 611 sum
2114 579 2222 612 tumn*
2246 578 2398 614 subdere
2426 588 2485 613 ra-

1415 615 1504 652 tioni
1528 620 1564 652 et
1585 620 1732 663 propter
1754 619 1886 662 negotii
1907 618 2001 655 forte
2023 629 2067 655 va
2099 623 2247 664 etatem,
2276 623 2346 659 hoc
2367 623 2486 668 ipsum

271 656 396 698 μέντοι
420 653 558 690 συνίδοι
581 657 631 710 μὴ
657 655 733 692 δεῖν
747 656 943 703 μηδέτερον
966 660 1043 693 τῶν
1057 660 1178 712 μερῶν
1201 661 1253 702 τῷ
1270 660 1348 694 τῶν
1365 664 1403 696 10
1417 660 1585 698 decernat
1615 672 1682 698 sua
1705 664 1892 699 sententia.
1940 663 2110 701 Omnibus
2134 667 2213 702 aliis
2236 678 2343 713 super
2362 669 2484 713 appel-

274 698 551 745 δαπανημάτων
574 702 771 737 υποθεῖναι
792 700 833 736 λό
860 716 890 746 ῳ
912 701 972 738 διὰ
991 704 1034 738 τὰ
1056 715 1119 747 της
1138 702 1349 740 ὑποθέσεως

272 745 359 780 ἴσως
383 745 557 788 ποικίλον,
588 743 677 781 αὐτὸ
702 749 810 782 τοῦτο
857 748 1061 793 ιορίζεσθαι
1084 750 1207 796 ψήφῳ.
1255 747 1347 784 πάν-

272 803 349 825 των
378 792 456 825 τῶν
480 790 603 826 ἄλλων
634 793 712 827 τῶν
741 795 801 827 ἐπὶ
819 796 897 828 ταῖς
920 795 1076 840 ἐφέσεσι,
1106 793 1278 842 καθάπερ
1301 795 1346 829 εἰ-

272 835 403 888 πόντες
426 836 603 882 ἔφθημεν,
634 841 694 872 καὶ
716 840 795 872 τῶν
818 840 878 872 ἐπὶ
902 842 979 872 ταῖς
1001 838 1256 884 παραιτήσεσι,
1285 843 1346 874 καὶ

1416 706 1624 750 lationibus,
1649 708 1756 743 sicuti
1780 708 2037 754 praediximus,
2063 713 2101 746 et
2124 712 2424 755 excusationibus,
2449 717 2486 749 et

1417 755 1458 786 ut
1471 762 1544 788 non
1559 756 1724 798 prompte
1739 755 1775 788 et
1791 764 1872 789 cum
1887 753 2099 790 necessitate
2112 754 2202 791 fiant
2215 756 2288 793 litis
2304 760 2484 794 contesta-

1413 797 1540 841 tiones,
1565 797 1628 833 sed
1652 798 1809 834 habeant
1831 798 1955 843 viginti
1978 798 2110 834 dierum
2133 800 2306 846 indutias,
2328 803 2484 847 etquic—

1415 842 1499 887 quid
1529 843 1627 878 aliud
1657 843 1823 880 iudiciale
1853 844 2090 889 decrevimus,
2122 845 2160 879 iu
2191 848 2335 892 propria
2357 848 2485 884 virtute

271 894 349 915 των
372 885 454 927 περὶ
477 895 542 916 του
566 882 614 927 μὴ
635 887 829 928 προχείρως
852 887 913 917 καὶ
928 883 996 918 σὺν
1011 882 1151 941 ἀνάγκῃ
1173 886 1346 940 γίνεσέἳαι
1359 889 1399 922 15
1413 888 1649 924 manentibus.

271 926 335 959 τὰς
366 927 638 973 προκατάρξεις,
675 925 757 962 ἀλλ)
784 930 877 971 ἔχειν
908 929 977 972 τὴν
1006 943 1084 964 των
1106 942 1240 966 εικοσιν
1262 943 1345 976 ημε·

271 972 348 1016 ρῶν
364 972 608 1018 προθεσμίαν,
631 976 692 1006 καὶ
709 973 745 1007 εἴ
759 987 795 1007 τι
811 973 899 1007 ἄλλο
917 972 1129 1010 δικαστικὸν
1152 973 1346 1022 αἱρίσαμεν,

271 1015 420 1051 πάντως
443 1018 504 1052 ἐπὶ
527 1018 590 1060 τῆς
613 1018 743 1052 οἰκείας
764 1019 956 1062 μενόντων
979 1020 1104 1061 ἰσχύος.

1258 1111 1413 1147 CAPUT
1438 1111 1499 1147 XI.

312 1159 457 1207 Ἐπειδὴ
483 1161 522 1197 δὲ
545 1163 678 1198 πολλαί
698 1177 801 1221 τινεςΧ
814 1163 901 1210 ἡμῖν
919 1170 1083 1222 γίνονται
1108 1166 1344 1213 προςελεύσεις

1457 1168 1548 1212 Quia
1570 1178 1653 1205 vero
1685 1170 1817 1207 multae
1847 1171 2021 1217 quaedam
2044 1172 2146 1208 nobis
2170 1172 2261 1209 fiunt
2281 1174 2484 1220 interpella-

270 1207 492 1263 αἱρουμένων
515 1211 630 1244 τινῶν
653 1208 824 1244 &nactas
848 1216 1031 1246 παντοίως
1056 1212 1345 1267 ανεπξστήμονας
1357 1216 1398 1248 20
1412 1214 1538 1255 tiones,
1556 1214 1764 1258 eligentibus
1781 1216 1991 1260 quibusdam
2010 1218 2145 1253 iudices
2161 1219 2303 1262 penitus
2318 1221 2484 1264 ignoran-

269 1257 328 1287 καὶ
352 1267 478 1299 νομων
502 1258 562 1288 καὶ
585 1259 719 1302 πείρας,
741 1259 801 1289 καὶ
824 1253 896 1291 ὑπὸ
918 1257 1125 1303 προθυμίας
1147 1271 1167 1291 ο
1196 1259 1344 1292 νύουσιν

269 1300 435 1343 ἐμμένειν
467 1303 542 1334 τοῖς
570 1298 754 1334 δικασταῖς
784 1300 835 1335 οἶς
863 1298 926 1335 οὐκ
956 1301 1004 1336 ἄν
1034 1314 1088 1337 τις
1110 1272 1195 1336 οὗέξ
1219 1301 1344 1338 ὁτιοῦν

269 1343 504 1387 πιστεύσειεν,
537 1345 614 1379 εἶτα
645 1343 912 1381 ἀναπείθουσιν
941 1347 1028 1382 ἴσως
1058 1351 1118 1381 καὶ
1140 1348 1223 1383 τοὺς
1245 1347 1343 1383 δικα-

268 1389 355 1424 στὰς
377 1390 445 1424 τὸν
467 1392 635 1425 τοιοῦτον
660 1389 777 1434 δῆθεν
801 1389 920 1426 αὐτοῖς
943 1389 1256 1447 ὅρκονκπαρέχειν,
1280 1392 1343 1428 ἅν-

1412 1264 1466 1294 tes
1489 1259 1584 1303 leges
1607 1263 1644 1295 et
1664 1262 1951 1306 experimentum,
1976 1265 2012 1298 et
2030 1272 2143 1307 prone
2161 1264 2282 1299 iurant
2298 1268 2484 1301 contentos

1413 1313 1452 1339 se
1473 1303 1671 1347 iudicibus,
1704 1306 1832 1351 quibus
1864 1316 1908 1343 ne
1933 1317 2087 1353 uaquam
2107 1308 2281 1353 quispiam
2305 1310 2485 1354 quodlibet

1413 1349 1550 1393 credat,
1579 1350 1705 1386 deinde
1729 1352 1881 1387 suadent
1920 1362 2027 1388 orsan
2051 1353 2157 1388 etiam
2179 1354 2357 1390 iudicibus
2381 1355 2484 1400 quasi

1412 1394 1481 1430 sibi
1496 1395 1670 1440 praebere
1684 1397 1941 1440 iusiurandum,
1964 1398 2046 1433 viris
2062 1408 2176 1442 neque
2191 1399 2275 1443 quid
2290 1399 2338 1435 sit
2351 1401 2485 1435 iustum

268 1433 352 1481 δρας
375 1434 459 1469 οὔτε
482 1432 504 1470 ὅ
527 1440 567 1470 τί
587 1439 679 1471 ποτέ
699 1438 776 1470 ἐστι
799 1436 843 1470 τὸ
865 1435 1005 1472 δίκαιον
1030 1452 1114 1472 ουτε
1139 1440 1207 1482 τὴν
1231 1435 1341 1473 αὐτοῦ
1355 1442 1397 1475 25
1410 1449 1526 1493 neque
1548 1441 1624 1476 eius
1650 1441 1930 1478 observationem
1953 1443 2165 1487 scientibus,
2189 1448 2225 1479 et
2250 1445 2374 1480 merito
2396 1445 2485 1481 laesi

267 1479 520 1527 παρατήρησιν
544 1483 811 1526 ἐπισταμένους,
835 1486 895 1516 καὶ
913 1482 1059 1518 εἰκότως
1077 1483 1271 1529 βλαβέντες
1289 1485 1341 1517 αἰ-

266 1526 394 1559 τοῦσιν
418 1526 669 1570 ἐξετασθῆναι
688 1527 757 1571 τὴν
776 1525 961 1562 ὑπόθεσιν
980 1527 1242 1573 ἐπιλαθόμενοι
1265 1530 1342 1563 τῶν

266 1567 387 1616 ὅρκων
403 1571 458 1606 ῶν
473 1571 632 1615 ω’μοσαν,
657 1572 700 1606 τὸ
719 1574 867 1628 πρᾶγμα
889 1571 975 1617 ἡμῖν
1000 1576 1216 1621 ἐπιστροφῆς
1239 1572 1342 1615 ἄξιον

265 1618 287 1652 1
333 1617 522 1660 ἐνομίσθη
582 1620 642 1651 καὶ
673 1616 866 1663 ἐπειδηπερ
898 1621 1059 1665 ἔγνωμεν
1094 1621 1132 1653 ἐκ
1167 1621 1230 1663 τῆς
1263 1621 1342 1654 τῶν

1409 1484 1478 1530 ipsi
1501 1495 1626 1521 rursus
1650 1487 1773 1522 volunt
1800 1488 1993 1523 examinari
2017 1489 2195 1532 negotium
2218 1489 2318 1525 obliti
2340 1489 2483 1525 iurisiu-

1409 1530 1622 1611 11111ᾶίᾳὲοᾶ
1638 1531 1852 1575 iuraverunt,
1877 1543 1986 1568 causa
2004 1533 2107 1569 nobis
2127 1534 2356 1570 subversione
2379 1535 2484 1580 digna.

1409 1586 1442 1610 v1
1462 1584 1484 1610 a
1504 1585 1541 1611 es

1409 1585 1460 1655 1s
1475 1621 1524 1656 Et
1554 1621 1638 1665 quia
1670 1622 1896 1665 cognovimus
1931 1632 1975 1658 ex
2010 1633 2127 1659 rerum
2159 1624 2398 1670 experimento
2428 1625 2481 1660 in-

266 1661 493 1708 πραγμάτων
518 1666 640 1708 πείρας
655 1662 835 1710 σφαλερὸν
855 1663 947 1698 εἶναι
967 1665 1011 1698 τὸ
1031 1666 1185 1705 τοιοῦτο,
1209 1665 1341 1699 &emt-
1355 1668 1397 1700 30
1411 1670 1553 1701 cautum
1584 1667 1652 1702 hoc
1677 1669 1778 1710 esse,
1809 1668 1987 1703 sancimus
2019 1669 2063 1704 de
2095 1672 2212 1705 cetero
2243 1669 2378 1705 nullum
2406 1669 2483 1705 fieri

267 1708 375 1751 ζομεν
405 1708 470 1741 τοῦ
494 1706 621 1742 λοιποῦ
652 1706 789 1752 μηδένα
820 1709 993 1755 γίνεσθαι
1025 1708 1211 1745 παντελῶς
1243 1708 1340 1744 δικα-

266 1752 357 1796 στὴν
381 1752 527 1797 αἱρετὸν
549 1756 609 1787 καὶ
625 1754 716 1797 μετὰ
739 1755 801 1797 τῆς
825 1754 863 1795 ἐξ
882 1750 1004 1800 ὅρκων
1026 1752 1221 1801 ἀσφαλείας
1241 1753 1339 1789 δικά·

266 1797 416 1841 ζεσθαι,
448 1798 507 1832 ἵνα
530 1798 580 1843 μὴ
605 1798 780 1833 ἐντεῦθεν
804 1800 850 1832 εἰς
874 1801 1059 1846 ἐπιορκίαν
1086 1798 1257 1834 ἀκούσιον
1281 1802 1339 1844 ἐμ-

265 1846 453 1877 πίπτωσιν
477 1841 674 1889 ἇνθρωποι
699 1842 759 1877 διὰ
782 1844 850 1887 τὴν
873 1846 950 1879 τῶν
968 1843 1151 1879 δικαστῶν
1171 1842 1340 1889 ἀμαθίαν

1409 1712 1552 1746 omnino
1575 1711 1727 1748 iudicem
1750 1712 1954 1748 arbitralem
1978 1715 2014 1749 et
2043 1724 2124 1749 cum
2147 1714 2374 1750 iurisiurandi
2397 1725 2482 1750 cau-

1407 1756 1503 1791 tione
1526 1756 1695 1799 iudicare,
1719 1767 1765 1793 ne
1789 1767 1832 1792 ex
1855 1758 1925 1793 hoc
1948 1758 1985 1793 in
2008 1759 2203 1803 periurium
2226 1759 2374 1795 invitum
2391 1760 2482 1796 inci-

1408 1800 1495 1836 dant
1518 1801 1677 1837 homines
1705 1807 1853 1847 propter
1882 1803 2038 1838 iudicum
2068 1804 2301 1848 ignorantiam
2324 1805 2483 1850 peierare

1409 1847 1590 1891 compulsi,
1615 1848 1678 1883 sed
1701 1848 1844 1883 omnino
1865 1848 1926 1893 qui
1945 1849 2098 1883 iudicem
2118 1854 2181 1885 aut
2195 1850 2331 1885 iudices
2350 1850 2483 1894 eligunt

265 1889 445 1934 ἐπιορκεῖν
466 1885 767 1935 ἀναγκαζόμενοι,
792 1887 883 1923 ἀλλὰ
908 1888 1055 1936 πάντως
1084 1890 1120 1924 οἱ
1141 1890 1209 1924 τὸν
1242 1889 1339 1925 δικα-
1350 1892 1394 1926 35
1408 1901 1487 1927 cum
1518 1902 1634 1937 poena
1664 1892 1794 1937 eligant
1823 1903 1900 1936 eos,
1932 1898 2107 1937 quatenus
2138 1898 2258 1939 partes
2285 1895 2482 1931 adinvicem

264 1933 355 1977 στὴν
372 1930 395 1976 ἢ
413 1933 495 1968 τοὺς
514 1932 683 1968 δικαστὰς
708 1934 912 1980 αἱρούμενοι
941 1935 1032 1975 μετὰ
1057 1937 1183 1979 ποινῆς
1210 1933 1339 1970 αὐτοὺς
1407 1940 1553 1979 coeant,
1584 1941 1619 1973 et
1646 1938 1894 1973 necessitatem
1917 1938 2074 1974 habeant
2104 1944 2168 1975 aut
2193 1943 2380 1976 contentae
2403 1950 2482 1977 esse

264 1977 563 2025 ἐπιλεγέσθωσαν
604 1977 741 2022 ὁπόσης
784 1978 832 2014 ἂν
868 1980 915 2014 τὰ
950 1984 1039 2026 με’ρη
1081 1981 1170 2026 πρὸς
1210 1979 1346 2024 ἄλληλα

264 2026 449 2068 συμβαῒεν,
473 2027 533 2057 καὶ
549 2021 713 2070 ἀνάγκην
738 2026 919 2067 ἐχέτωσαν
939 2025 962 2068 ἢ
978 2027 1144 2070 ἐμμένειν
1162 2027 1208 2073 τῇ
1232 2030 1345 2071 κρίσει

264 2102 440 2138 tutionum
470 2105 676 2138 nostrarum
702 2103 862 2148 facere),
893 2107 1039 2138 maneat
1067 2103 1108 2138 id
1138 2114 1234 2138 nunc
1265 2114 1411 2149 quoque
1435 2104 1474 2138 in
1497 2104 1620 2139 eadem
1642 2105 1769 2149 forma
1793 2105 2086 2147 custodiendum
2119 2112 2229 2152 atque
2251 2107 2344 2142 illud
2363 2107 2480 2143 sol-um

262 2147 432 2189 addatur,
461 2151 503 2183 ut
524 2147 555 2182 si
578 2147 828 2182 iusiurandum
856 2146 900 2182 de
922 2147 1096 2193 expensis
1118 2147 1232 2183 iudex
1255 2149 1385 2184 victori
1405 2148 1568 2194 deferat,
1600 2150 1738 2184 scilicet
1761 2149 1911 2194 definita
1935 2150 2044 2185 simul
2065 2152 2270 2203 quantitate
2292 2163 2385 2198 quae
2407 2153 2481 2199 ipsi

261 2196 358 2227 recte
381 2191 512 2228 habere
535 2191 711 2234 videatur,
737 2203 843 2238 quam
869 2192 1010 2238 quidem
1035 2193 1260 2228 taxationem
1285 2193 1382 2239 leqes
1405 2197 1552 2236 vocant,
1575 2194 1638 2230 illc
1659 2205 1744 2231 vero
1767 2195 1955 2238 iuraverit,
1979 2206 2024 2230 ne
2045 2195 2152 2231 laceat
2173 2196 2285 2232 iudici
2307 2197 2353 2232 in
2367 2198 2480 2234 mino-

261 2248 321 2274 res
343 2247 524 2284 expensas
548 2247 656 2283 quam
680 2237 839 2272 iuratum
863 2241 915 2272 est
939 2236 1191 2278 condemnare,
1215 2248 1302 2274 neve
1324 2238 1488 2274 videatur
1508 2238 1703 2275 humanior
1725 2249 1802 2275 esse
1825 2240 1902 2286 leqe
1927 2251 2021 2287 quae
2042 2240 2132 2276 haec
2153 2242 2290 2278 statuit.
2336 2240 2379 2278 Si
2396 2254 2480 2279 vero

261 2286 425 2318 neutram
455 2287 598 2328 partem
627 2293 872 2328 expensarum
904 2283 1043 2318 rationi
1070 2282 1315 2318 subiciendam
1347 2294 1423 2319 esse
1455 2283 1604 2320 duxerit
1634 2285 1739 2330 forte
1762 2289 1922 2338 propter
1952 2286 2009 2321 rei
2033 2286 2260 2330 varietatem,
2295 2286 2334 2322 id
2353 2287 2481 2333 ipsum

260 2327 438 2363 sententia
461 2327 642 2363 decernat.
692 2327 817 2363 Cetera
837 2331 956 2363 autem
981 2329 1102 2363 omnia
1125 2339 1220 2373 quae
1248 2331 1335 2364 sunt
1357 2329 1402 2365 de
1425 2329 1748 2375 appellationibus,
1780 2334 1833 2366 uti
1864 2341 1979 2377 supra
2002 2330 2180 2374 diximus,
2212 2332 2314 2368 etde
2335 2343 2480 2368 reeusa-

262 2372 429 2415 tionibus,
454 2376 488 2408 et
511 2383 556 2408 ne
577 2383 828 2419 praepropere
855 2377 891 2408 et
910 2383 980 2424 per
1004 2373 1072 2408 vim
1094 2373 1169 2408 litis
1192 2374 1472 2410 contestationes
1491 2374 1603 2419 fiant,
1635 2375 1700 2411 sed
1722 2375 1909 2411 terminum
1932 2376 2061 2421 viqinti
2083 2375 2223 2411 dierum
2246 2376 2421 2420 habeant,
2445 2381 2480 2414 et

261 2418 294 2453 si
317 2417 406 2464 quid
428 2418 529 2453 aliud
550 2417 720 2453 iudiciale
744 2418 1009 2461 constituimuS,
1033 2418 1070 2452 in
1091 2429 1160 2454 sua
1179 2419 1355 2463 firmitate
1369 2425 1624 2466 permaneant.

394 2462 458 2498 XI.
508 2461 682 2505 Quoniam
706 2474 789 2498 vero
813 2462 935 2499 multis
964 2462 1122 2509 petimur
1143 2464 1481 2510 supplicationibus,
1513 2475 1593 2500 cum
1613 2465 1777 2502 nonnulli
1807 2465 1942 2502 iudices
1965 2465 2103 2519 eliqant
2132 2470 2167 2503 et
2189 2466 2307 2513 lequm
2337 2471 2373 2503 et
2393 2478 2481 2504 usus

259 2508 421 2554 forensis
438 2508 613 2544 omninoi
639 2519 761 2552 noros,
785 2519 829 2543 ac
849 2513 1020 2554 prompte
1044 2509 1166 2544 iurent
1183 2519 1221 2544 se
1237 2509 1414 2546 iudicibus
1429 2511 1659 2556 acquiescere
1681 2510 1810 2556 quibus
1826 2510 1925 2546 lzaud
1943 2511 2058 2556 facite
2100 2513 2273 2558 uisquam.
2286 2513 2480 2558 quicquam

261 2553 487 2596 commiserit,
511 2553 593 2588 dein
620 2564 639 2588 e
652 2553 755 2599 forte
770 2554 877 2589 etiam
894 2552 1072 2588 iudicibus
1086 2554 1334 2600 persuadeant
1353 2558 1393 2589 ut
1407 2555 1583 2591 eiusmodi
1603 2556 1745 2601 quidem
1769 2556 2019 2591 iusiurandum
2040 2557 2074 2592 si
2097 2558 2111 2592 i
2118 2562 2322 2604 praestent,
2344 2557 2481 2594 scilicet

261 2599 348 2634 viris
371 2598 435 2645 qui
457 2609 572 2644 neque
595 2598 685 2644 quid
706 2599 753 2634 sit
775 2601 906 2634 iustum
939 2609 1055 2644 neque
1079 2599 1258 2644 quomodo
1283 2599 1542 2636 observandum
1565 2601 1614 2636 sit
1636 2601 1818 2647 cognitum
1842 2600 2008 2642 habeant,
2042 2606 2151 2648 atque
2175 2613 2248 2638 non
2269 2604 2348 2638 sine
2368 2613 2481 2639 causa

261 2644 393 2679 damno
410 2643 534 2688 affecti
556 2643 628 2679 iam
652 2647 694 2679 ut
712 2654 769 2679 res
793 2643 910 2679 denuo
934 2643 1162 2679 examinetur
1180 2648 1312 2690 petant
1342 2645 1581 2681 iurisiurandi
1603 2645 1704 2692 quod
1725 2646 1893 2681 iurarunt
1918 2646 2030 2689 obliti,
2053 2658 2097 2682 ea
2116 2657 2175 2683 res
2197 2647 2299 2683 nobis
2318 2647 2479 2684 animad-

262 2692 284 2726 1
330 2689 493 2724 versione
515 2689 628 2734 diqna
652 2689 729 2724 visa
746 2693 808 2725 est.
878 2688 926 2724 Et
949 2688 1037 2734 quia
1060 2699 1109 2724 eae
1132 2700 1251 2724 rerum
1276 2690 1504 2736 experientia
1525 2691 1769 2737 periculosum
1793 2690 1832 2726 id
1853 2701 1930 2726 esse
1952 2692 2195 2737 coqnovimus,
2225 2692 2407 2728 sancimus
2434 2703 2479 2729 ne

262 2735 343 2787 quis
367 2735 513 2769 omnino
536 2734 574 2769 in
595 2739 780 2779 posterum
801 2734 872 2779 fiat
894 2734 1030 2770 arbiter
1060 2745 1147 2770 neve
1171 2735 1253 2779 quis
1276 2745 1355 2770 cum
1379 2735 1546 2771 cautione
1568 2735 1802 2771 iureiurando
1823 2737 2003 2783 praestita
2027 2736 2160 2782 litiget,
2191 2747 2236 2773 ne
2266 2737 2349 2773 inde
2376 2738 2482 2773 inriti

261 2790 300 2815 m
350 2780 521 2815 eriurium
545 2779 707 2814 incidant
729 2778 891 2815 homines
907 2781 1065 2825 propter
1089 2779 1246 2814 iudicum
1269 2780 1514 2826 iqnorantiam
1531 2781 1702 2827 peierare
1725 2781 1864 2822 coacti;
1893 2781 1959 2817 secl
1980 2782 2125 2817 omnino
2157 2783 2223 2827 qui
2248 2782 2480 2819 iudicemivel

262 2790 397 2861 iudzeces
420 2824 569 2870 eliqunt,
601 2834 681 2859 cum
702 2835 844 2870 poenae
873 2825 1108 2870 stipulatione
1139 2835 1201 2860 eos
1232 2825 1370 2870 etiqant
1398 2829 1709 2872 quantaecumque
1739 2826 1834 2861 inter
1862 2830 1989 2872 partes
2020 2827 2241 2868 convenerit,
2271 2830 2307 2863 et
2337 2837 2478 2864 necesse

1403 2907 1466 2939 hoc
1491 2918 1510 2942 ς
1536 2908 1548 2949 11
1581 2909 1619 2941 31
1637 2919 1684 2950 sq.
1711 2904 1855 2951 αἱρετὸν
1879 2903 2055 2949 δικαστὴν
2079 2907 2129 2940 ΒΓ
2155 2906 2168 2951 11
2197 2907 2242 2940 32
2265 2909 2336 2948 καὶ]
2369 2909 2477 2942 malim

1402 2948 1492 2994 μηδὲ
1506 2951 1518 2994 11
1542 2953 1586 2986 34
1609 2949 1819 2997 ἅνθρωποι]
1843 2950 1880 2985 οἱ
1901 2949 2099 2996 ἄνθρωποι
2115 2952 2151 2985 Β
2169 2952 2181 2994 11
2205 2953 2247 2985 35
2271 2950 2308 2985 οἱ
2329 2965 2386 2986 om.
2401 2953 2453 2986 ΒῙ
2464 2953 2477 2995 11

1404 2997 1444 3029 37
1471 2994 1607 3038 ὁπόσης
1631 2994 1692 3038 ἂν]
1717 2999 1880 3038 quatenus
1903 3008 1924 3032 ς

309 2908 325 2940 1
341 2901 571 2958 ποιήσασθαι
584 2903 636 2938 ΒΤ
649 2904 662 2948 11
677 2906 827 2947 μενέτω]
852 2907 982 2937 maneat
999 2915 1078 2946 ergo
1095 2917 1113 2940 ς
1129 2906 1141 2948 {l
1161 2907 1180 2939 2
1201 2901 1334 2938 ταύτοῦ

263 2986 302 3007 ex
314 2986 394 3007 corr.
417 2962 563 3013 (ῗαῦτοῦ
574 2973 616 3006 Μ
620 2975 637 2994 ⁰
645 2972 674 3013 Ὺ)
693 2972 747 3013 Μ]
768 2971 833 3005 τοῦ
859 2968 967 3005 αὐτοῦ
980 2973 1050 3006 LB
1066 2972 1079 3016 11
1096 2973 1115 3006 3
1135 2983 1335 3019 προςεπιτι·

262 3017 418 3062 θεμένου
435 3017 728 3062 (προςτιθεμένου
743 3017 809 3059 ΒΓ)
834 3019 894 3050 καὶ
909 3015 1176 3062 φυλαττομένου
1193 3018 1257 3051 τοῦ
1280 3018 1313 3051 Β
1325 3016 1337 3061 11

264 3066 284 3098 5
304 3059 423 3097 αὐτοῖς
436 3064 466 3096 L
485 3069 498 3106 11
521 3064 541 3096 6
559 3062 769 3102 ταξατίωνα
782 3063 832 3095 B⁶
842 3063 925 3107 vulq.
950 3062 962 3105 11
985 3063 1098 3096 ἐκεῖνο
1112 3063 1153 3095 Μ
1167 3063 1179 3106 11
1205 3059 1336 3105 ἐπομό-

263 3119 362 3142 σοιτο
374 3104 615 3151 (ἐπωμόσοιτο
627 3108 690 3149 ΒΟ)
710 3108 796 3148 libri,
809 3120 891 3140 corr.
904 3108 1081 3141 Heimbaclz
1098 3108 1110 3151 11
1130 3110 1147 3141 7
1163 3106 1337 3140 ἐλάττονα

265 3154 367 3194 ΜΒἿ
399 3151 550 3186 ἔλαττον
575 3152 626 3186 B!
648 3153 771 3192 (minus
791 3154 822 3194 ς)
854 3152 901 3186 εἰς
923 3150 1101 3186 ἐλάττονα
1125 3153 1156 3186 L
1188 3153 1200 3196 ΙΙ
1228 3155 1248 3186 9
1271 3152 1335 3185 τοῦ

263 3196 376 3243 νόμον
391 3198 455 3231 τοῦ
471 3198 588 3231 ταῦτα
603 3198 705 3239 MB‘]
729 3197 793 3230 τοῦ
816 3195 928 3239 νόμου
951 3198 1069 3231 ταῦτα
1085 3198 1116 3231 L
1140 3198 1204 3231 τοῦ
1220 3197 1337 3230 ταῦτα

263 3243 374 3286 νόμου
392 3243 443 3277 ΒΓ
455 3243 469 3287 11
486 3239 744 3276 διατάσσοντος
759 3243 788 3276 L
805 3242 817 3285 11
845 3245 884 3277 10
909 3239 1048 3275 συνίδοι
1061 3243 1157 3284 ΕΒἿ
1181 3239 1336 3276 συνείδοι

265 3288 356 3322 ΜΒΓ
369 3288 383 3331 11
398 3288 475 3321 τῶν
497 3287 619 3333 μερῶν
641 3300 729 3323 οηι.ς
745 3287 757 3330 11
773 3287 826 3329 τῷ
842 3287 946 3329 MBr]
971 3286 1039 3321 τὸν
1052 3288 1136 3321 LB⁶
1151 3287 1164 3331 11
1185 3290 1222 3321 11
1251 3283 1337 3321 ’ὑπο-

264 3333 388 3366 θεῖναι
410 3331 506 3379 λόγῳ
529 3334 586 3373 111]
611 3329 808 3367 ὑποθεῖναι
831 3330 982 3378 λόγονῙ,
1017 3329 1122 3378 λόγον
1145 3331 1254 3378 (λόγῳ
1270 3331 1337 3374 ΒΓ)

264 3375 462 3412 ὑποθεῖναι
486 3379 521 3411 Β
549 3377 562 3421 11
591 3374 665 3419 διὰ]
697 3380 729 3410 et
752 3380 887 3420 propter
911 3389 930 3413 ς
959 3377 973 3421 11
1002 3379 1042 3411 12
1066 3377 1152 3411 ἴσως
1176 3390 1234 3411 om.
1255 3377 1307 3411 B!
1324 3377 1337 3420 ΙΙ

265 3423 389 3468 ψήφῳ]
413 3433 472 3456 sua
496 3423 660 3456 sententia
681 3434 700 3459 ς
717 3422 729 3465 11
757 3424 796 3456 16
818 3424 861 3466 cs.
876 3436 944 3455 nov.
960 3423 1057 3455 LIII
1071 3436 1096 3456 c.
1113 3424 1160 3466 311
1182 3424 1221 3457 18
1245 3420 1335 3455 πάν-

265 3471 346 3509 τως]
360 3465 514 3502 πάντων
526 3469 568 3510 L,
578 3481 638 3502 om.
650 3479 670 3503 ς
681 3468 692 3510 11
704 3470 874 3507 μένοντος
883 3467 934 3501 B!
949 3467 962 3511 11
981 3469 1020 3502 19
1034 3464 1073 3500 δὲ
1087 3481 1145 3501 om.
1156 3467 1208 3501 B!
1223 3467 1236 3511 11
1251 3464 1336 3501 πολ-

266 3510 325 3543 λαὶ
348 3508 433 3554 ἡμῖν
450 3513 545 3546 τινὲς
561 3512 615 3567 L²‚
631 3510 745 3546 πολλὰ
763 3507 849 3565 ἡμῖν
865 3510 949 3545 τινὰ
965 3512 1012 3545 L²
1030 3513 1043 3555 11
1060 3514 1099 3566 ‚²¹
1129 3514 1189 3545 καὶ
1211 3509 1338 3555 νόμων

266 3559 489 3641 assistit
503 3560 579 3645 ἓν..
594 3560 911 3636 affixisses
921 3556 1338 3645 „2525'2255052235522

269 3632 344 3697 ΜῖΒ
368 3641 471 3677 οὐδὲν
485 3646 514 3678 L
531 3646 544 3690 11
560 3643 737 3702 ‘'qn-LE]
761 3643 843 3679 οὐδὲ
859 3647 899 3679 Μ
908 3646 925 3702 11
943 3648 985 3700 ²9
1009 3658 1060 3680 πα
1086 3643 1259 3711 οἱτήρησιν
1275 3647 1334 3687 Μ]

268 3689 728 3774 ἶὲῗὲιῗῖἷῗαῖἕτῖἑῗὲἒὶἴ
742 3691 1090 3780 ἶίεῗζέσῗίῖἷῖἶιῖο
1112 3701 1335 3777 «ἑμὶοῖἒῡῗῖἳ

1450 3154 1471 3186 4
1494 3153 1526 3185 ei
1549 3154 1624 3186 uisa
1647 3154 1680 3187 R
1714 3154 1804 3186 iussa
1827 3152 1859 3186 ei
1883 3153 1930 3186 17¹
1960 3151 1974 3196 11
2002 3154 2019 3186 7
2045 3162 2065 3185 a
2088 3165 2146 3187 om.
2171 3153 2260 3196 vulq.
2287 3152 2301 3196 11
2329 3152 2476 3197 disponit

1403 3198 1490 3241 vutq.
1507 3198 1519 3240 11
1539 3199 1559 3231 8
1572 3200 1703 3232 tautum
1714 3198 1756 3232 Τι
1774 3198 1787 3241 11
1805 3199 1825 3232 9
1839 3197 2033 3231 uarietatem
2046 3197 2131 3230 forte
2144 3197 2270 3240 negotii
2282 3197 2317 3231 R
2330 3197 2345 3241 Ι
2364 3199 2404 3232 10
2418 3197 2474 3230 ἀοι-

1404 3242 1558 3275 cernebat
1584 3244 1633 3278 Τι
1656 3243 1669 3287 11
1698 3245 1735 3278 11
1762 3244 1848 3276 sicut
1869 3243 1916 3276 V¹
1935 3241 1948 3286 11
1973 3245 2005 3275 et
2021 3245 2059 3275 ut
2083 3243 2116 3276 T
2123 3243 2221 3286 vulo]
2245 3244 2278 3276 et
2300 3239 2476 3329 οηι.ΒῩ11

1408 3288 1448 3321 12
1470 3289 1589 3329 pronte
1617 3289 1665 3322 T¹
1687 3287 1702 3332 1
1731 3287 1982 3321 contestationis
2002 3287 2052 3321 R¹
2083 3286 2353 3321 contestationem
2373 3286 2429 3337 ‘T‘

1408 3333 1447 3366 13
1465 3333 1648 3366 incedutias
1667 3334 1720 3367 Τα
1735 3334 1748 3376 11
1769 3334 1808 3367 19
1821 3335 1907 3367 rubr.
1933 3333 1977 3365 Ut
1997 3332 2116 3366 arbitri
2132 3343 2191 3376 per
2205 3339 2471 3375 compromissum

1405 3387 1471 3409 non
1495 3387 1554 3419 per
1576 3380 1816 3413 sacramentum
1840 3380 2051 3412 assumantur
2070 3378 2173 3411 RTm
2199 3401 2206 3409 .
2222 3378 2276 3418 (ετ
2287 3375 2368 3416 Iul.)
2385 3374 2470 3417 uap-

1404 3413 1602 3464 p'ellationes
1620 3423 1669 3456 R¹
1685 3424 1697 3466 11
1716 3425 1758 3458 20
1783 3422 1988 3466 elegentibus
2013 3421 2161 3456 R¹V¹T
2201 3422 2250 3455 21‘
2265 3429 2378 3463 prome
2395 3419 2441 3452 T¹
2458 3420 2472 3464 11

1404 3470 1609 3511 contemptos
1633 3469 1702 3502 ΒΤ
1733 3471 1765 3501 et
1787 3470 1895 3502 tentos
1919 3469 1965 3501 1⁷¹
2024 3468 2068 3501 22
2091 3477 2124 3500 se
2147 3477 2206 3499 om.
2218 3463 2298 3507 13¹1
2320 3463 2471 3506 qmlibet

1413 3511 1461 3544 V¹
1485 3512 1627 3553 quilibet
1647 3513 1697 3546 V’
1720 3512 1733 3556 11
1757 3514 1801 3548 24
1823 3513 1907 3547 uiris
1930 3513 1979 3546 R*
2052 3510 2080 3552 ’J
2102 3508 2356 3560 iuris-Twuly.
2383 3522 2467 3562 n..-

1403 3555 1452 3589 R¹
1468 3556 1481 3600 11
1499 3558 1587 3599 quod
1601 3558 1633 3592 R
1650 3557 1664 3603 11
1680 3559 1721 3592 25
1734 3558 1979 3592 obseruationes
1993 3557 2026 3590 T
2034 3555 2051 3599 Ι
2065 3555 2077 3587 ί
2119 3554 2128 3562 “
2141 3552 2201 3586 1681
2217 3551 2274 3597 Vn
2290 3554 2333 3587 26
2346 3563 2467 3606 exami-

1403 3610 1482 3634 nare
1497 3602 1632 3647 muz-1
1654 3604 1800 3637 causatio
1817 3603 1865 3637 T¹
1881 3602 1894 3647 ιι
1912 3603 1954 3637 28
1974 3601 2064 3634 iussa
2122 3597 2198 3642 l2⁹
2218 3600 2269 3650 εξ]
2291 3601 2329 3650 φῦ,
2344 3599 2400 3643 Vll
2415 3610 2468 3632 1¹1-

1402 3648 1535 3680 eantum
1563 3647 1642 3692 T¹ss
1660 3650 1702 3682 30
1726 3649 1787 3681 heo
1806 3646 1861 3691 Vll
1887 3649 1927 3682 31
1953 3644 2113 3695 arbitr-are
2138 3641 2468 3687 T¹fl1uns1urandi1

1402 3691 1489 3732 quod
1512 3691 1710 3725 iurauerunt
1733 3692 1811 3726 add.
1825 3691 1900 3735 R’l
1924 3691 1973 3725 32'
1989 3688 2130 3721 invitum
2155 3700 2213 3720 om.
2230 3687 2286 3732 Τ11
2312 3690 2356 3723 34
2379 3699 2466 3723 com-

1400 3735 1483 3778 pelli
1510 3736 1539 3769 R
1554 3738 1567 3781 11
1592 3738 1635 3772 36
1658 3737 1799 3770 coheaut
1817 3735 1889 3769 ΒΤ
1927 3734 2110 3775 contempte
2135 3731 2204 3765 ΒΤ
