2618 4010
147 135 430 168 nnnormsnm
459 133 671 165 HABEANT
1242 116 1290 163 15
2149 117 2257 160 Nov.
2291 117 2333 160 II
2362 119 2386 160 3

146 235 271 271 αὐτοὺς
292 237 347 270 ἔτι
363 233 500 280 μᾶλλον
518 231 695 281 ἀγαπήσει
713 236 773 267 καὶ
791 228 855 275 οὐχ
874 228 923 267 ὥς
941 243 1044 266 τινας
1061 233 1138 267 τῶν
1159 230 1233 266 δυς-
1304 241 1365 266 eos
1395 230 1512 266 adhuc
1549 229 1703 282 amplius
1740 228 1862 273 diliget
1898 231 1934 265 et
1968 239 2040 265 non
2075 228 2179 274 quasi
2218 228 2387 274 quosdam

137 283 269 338 ιμενοῦν
288 280 436 328 ὄψεται,
466 281 608 315 ποιναῖς
631 274 746 313 οὕτως
775 276 1051 322 ὑποβαλλομένη
1080 279 1232 324 πικραῖς.
1304 276 1454 312 odibiles
1485 274 1672 320 respic1et,
1731 275 1830 310 oenis
1855 275 1998 311 subdita
2022 274 2073 310 sic
2097 273 2240 310 amaris.
2289 274 2391 310 Sicut

151 329 269 362 Ωςπεο
291 326 360 374 γὰρ
383 324 465 360 τοὺς
488 327 660 371 πατέρας,
685 324 785 369 εἴπερ
809 324 857 357 εἰς
881 321 1063 369 δευτέρους
1085 321 1233 357 ἔλθοιεν
1303 323 1396 357 enim
1428 323 1568 367 patres,
1601 319 1632 355 Si
1662 330 1685 355 a
1741 320 1919 355 secundas
1944 320 2091 355 veniant
2120 319 2285 366 nuptias,
2317 330 2390 355 non

144 358 293 420 γάμοδς,
325 368 388 405 οὐκ
410 368 679 415 ἀποστεροῦμεν
700 369 762 412 τῆς
784 369 862 403 τῶν
886 366 1034 404 παίδων
1057 365 1233 411 διαδοχῆς,
1302 367 1511 402 fraudamus
1546 364 1700 401 filiorum
1735 366 1983 407 successione,
2019 376 2086 401 nec
2120 365 2301 410 quaelibet
2337 370 2391 400 est

145 414 231 452 οὐδέ
246 428 300 451 τις
321 419 399 450 ἐστὶ
426 413 532 460 νόμος
551 412 694 449 τοιοῦτό
718 428 755 448 τι
780 412 905 461 λέγων,
929 409 1043 448 οὕτως
1065 411 1149 448 οὐδὲ
1172 411 1234 447 τὰς
1270 417 1288 447 5
1302 412 1360 447 lex
1384 411 1519 457 aliquid
1541 411 1614 446 tale
1638 410 1773 452 dicens,
1798 410 1851 446 sic
1874 421 1989 456 neque
2014 415 2146 446 matres
2171 410 2388 456 privabimus

143 465 297 509 μητέρας
316 459 563 508 ἀφαιρήσομεν
586 461 648 503 τῆς
670 460 748 493 τῶν
769 457 916 495 παίδων
936 457 1111 504 διαδοχῆς,
1133 459 1233 511 εἴπερ
1303 458 1458 493 filiorum
1482 456 1719 498 successione,
1744 456 1776 491 si
1801 458 1934 491 matres
1957 455 2004 491 ad
2027 455 2142 491 virum
2166 455 2312 492 veniant
2335 466 2390 491 se-

145 507 185 542 αἱ
205 509 352 554 μητέρες
379 507 426 540 εἰς
454 503 585 553 ἀνδρὸς
614 503 764 540 ἔλθοιεν
787 502 971 552 δευτέρου,
1003 502 1071 539 κᾶν
1102 505 1133 539 εἰ
1161 517 1232 551 προ
1304 502 1470 546 cundum,
1495 502 1581 538 licet
1604 505 1688 537 ante
1712 501 1888 537 secundas
1912 501 2058 546 nuptias
2077 505 2141 536 aut
2187 504 2245 537 ost
2262 512 2391 537 secun-

145 554 224 587 τῶν
248 550 427 600 δευτέρων
454 549 582 598 γάμων
608 547 677 585 κᾶν
705 551 737 584 εἰ
764 549 854 595 μετὰ
877 548 959 584 τοὺς
985 547 1168 597 δευτέρους
1199 549 1236 583 οἱ
1303 549 1366 584 das
1398 548 1463 584 filii
1492 547 1700 584 moriantur.
1754 546 1926 591 Alioquin
1958 557 2002 582 ex
2033 547 2145 581 absur
2171 547 2258 582 itate
2290 547 2390 592 legis,

144 595 269 633 παῖδες
300 595 559 640 τελευτήσαιεν.
607 598 784 643 έπείτοιγε
815 597 853 629 ἐκ
886 595 947 638 τῆς
980 591 1134 630 ἀτοπίας
1167 596 1231 629 τοῦ
1301 594 1386 629 licet
1420 592 1709 639 praemoniantur
1743 591 1807 627 filii
1850 602 1990 635 omnes,
2036 603 2109 627 non
2151 592 2392 637 relinquentes

146 642 275 688 νόμου,
311 640 379 677 κᾶν
410 643 441 676 εἰ
475 641 749 688 προαπέλθοιεν
780 640 816 675 οἱ
849 637 973 675 παῖδες
993 635 1152 676 ἅπαντες
1185 638 1233 684 μὴ
1251 642 1288 674 10
1301 639 1395 675 filios
1419 641 1484 675 aut
1507 641 1674 684 nepotes,
1700 637 1930 673 nihilominus
1955 637 2170 683 supplicium
2195 640 2331 681 manet,
2357 639 2392 672 et

145 686 404 723 καταλιπόντες
427 686 559 722 παῖδας
582 684 603 730 ἢ
625 686 801 734 ἐγγόνους,
822 683 928 719 οὐδὲν
947 674 1057 727 ἧττον
1079 681 1101 728 ἡ
1121 695 1231 729 τιμω-
1301 695 1374 720 non
1397 684 1558 720 succedit
1583 684 1632 719 eis
1658 686 1790 725 mater,
1820 693 1887 718 nec
1919 683 1949 718 si
1975 684 2051 719 sine
2074 682 2158 718 filiis
2181 684 2391 726 moriantur,

145 738 205 778 ρία
227 736 338 779 μενεῖ,
362 736 422 767 καὶ
445 730 485 767 οὐ
505 731 708 773 διαδέξεται
727 730 872 766 τούτους
897 725 1059 776 ἡμήτηρ,
1081 728 1161 785 οὐδ’
1186 728 1231 764 ἂν
1302 730 1366 765 sed
1390 730 1581 775 expellitur
1603 729 1650 764 ab
1673 739 1797 765 eorum
1822 728 2015 764 inhumane
2038 727 2286 770 successione,
2317 727 2392 763 fru-

83 784 90 792 '
146 777 293 814 ἄπαιδες
324 777 584 821 τελευτήσαιεν,
615 774 696 812 ἀλλ’
720 773 994 818 ἀπελαθήσεται
1021 777 1084 818 τῆς
1107 776 1232 810 αυτιῦν
1302 780 1378 811 stra
1400 775 1539 819 quidem
1563 774 1719 819 pariens,
1739 774 1877 809 frustra
1898 774 2003 809 simul
2027 776 2064 809 et
2087 774 2259 818 nutriens,
2283 784 2392 818 prop-

145 822 311 867 διαδοχῆς
332 821 614 871 ἀπανθρώπως,
637 819 756 867 μάτην
767 824 844 875 μὲν
866 818 1089 862 ιόδινήσασα,
1113 820 1232 865 μάτην
1302 825 1357 855 ter
1386 821 1517 864 legales
1546 820 1694 864 nuptias
1727 820 1890 855 subiecta
1922 819 2067 864 poenis;
2106 819 2170 855 sed
2199 818 2394 855 succedent

147 868 186 904 δὲ
205 870 432 917 ἐκθρέψασοι,
449 873 527 903 ταῖς
545 882 585 903 τε
605 866 666 902 διὰ
682 866 748 901 τὸν
763 878 920 910 εννομον
940 863 1056 911 γάμον
1073 863 1231 910 ὑποβαλ-
1248 868 1287 900 15
1303 866 1444 911 quidem
1466 866 1536 901 illis
1558 865 1668 910 aliqui
1692 875 1736 900 ex
1760 865 1867 910 longa
1889 865 2112 910 cognatione,
2136 868 2251 899 mater
2274 868 2392 899 autem

148 914 275 958 λοιιένη
289 918 448 950 ποιναῖς·
473 911 562 948 ἀλλὰ
576 910 806 953 διαδέξονται
819 913 887 955 μὲν
903 909 1031 945 αὐτούς
1044 923 1138 945 τινες
1154 913 1232 945 τῶν
1301 911 1601 946 inrationabiliter
1631 910 1831 955 expellitur.
1880 910 2106 955 Quapropter
2142 914 2178 945 et
2208 910 2288 954 ipsa
2312 921 2393 945 suc-

148 950 367 1008 πορρωτέρω
389 961 583 1007 συγγενῶν,
607 955 629 1001 ἡ
648 957 764 1005 μήτηρ
786 955 826 990 δὲ
848 954 986 1003 ἀλόγως
1011 954 1231 1001 έκβληθήσε-
1303 956 1408 992 cedat
1428 956 1522 998 filiis,
1545 961 1581 991 et
1602 956 1649 991 sit
1670 957 1759 991 haec
1779 956 1839 991 lex
1861 956 2014 992 clemens
2036 958 2073 991 et
2090 956 2185 991 mitis
2208 961 2243 990 et
2262 959 2394 990 matres

147 1020 217 1041 ται.
253 1002 342 1048 ὥςτε
358 1008 418 1039 καὶ
440 1003 530 1047 αὐτὴ
549 1002 777 1046 διαδεχέσθω
795 1000 876 1036 τούς
894 999 1038 1044 παῖδας,
1058 1005 1118 1035 καὶ
1134 1000 1231 1036 ἔστω
1302 1001 1384 1036 filiis
1407 1002 1613 1037 concilians.
1657 1001 1871 1046 Colligentes
1891 1001 2002 1046 igitur
2021 1001 2130 1036 huius
2150 1001 2236 1046 legis
2256 1004 2394 1046 partem

149 1048 254 1096 νόμος
273 1049 375 1085 οὗτος
395 1047 659 1096 φιλάνθρωπός
685 1061 726 1082 τε
754 1050 814 1082 καὶ
836 1048 965 1092 πρᾷος,
997 1050 1058 1081 καὶ
1079 1046 1141 1081 τὰς
1168 1061 1232 1092 μη·
1303 1046 1500 1082 sancimus:
1532 1046 1700 1091 quoniam
1729 1051 1879 1082 matrem
1911 1047 2110 1082 secundum
2133 1046 2229 1092 quod
2260 1046 2394 1082 dudum

148 1100 250 1143 τέρας
270 1099 344 1130 τοῖς
366 1098 471 1130 παισὶ
493 1092 731 1129 διαλλάττων.
764 1091 981 1127 Συνελόντες
1002 1096 1126 1127 τοίνυν
1149 1091 1234 1127 τόδε
1247 1094 1288 1127 20
1303 1092 1455 1127 diximus
1487 1092 1763 1127 adsimilavimus
1794 1093 1907 1136 patri,
1942 1093 1979 1128 in
2010 1092 2247 1137 antenuptiali
2283 1092 2394 1127 dona-

148 1145 211 1176 τοῦ
231 1141 341 1186 νόμου
361 1139 403 1174 τὸ
420 1143 524 1184 μέρος
540 1139 777 1183 θεσπίζομεν,
799 1136 992 1185 ἐπειδήπερ
1010 1137 1078 1181 τὴν
1096 1141 1233 1186 μητέρα
1303 1137 1400 1173 tione
1440 1141 1477 1172 et
1513 1137 1611 1181 ipsas
1644 1138 1820 1174 sustinere
1859 1149 2012 1182 poenas,
2050 1138 2145 1173 sicut
2174 1138 2329 1173 sustinet
2360 1140 2396 1172 et

147 1186 239 1221 κατὰ
257 1185 300 1221 τὸ
319 1185 535 1233 ἔμπροσθεν
555 1185 743 1231 εἰρημένον
768 1180 1010 1228 αἱμοιιόσαμεν
1033 1185 1088 1227 τῷ
1110 1187 1233 1230 πατρί,
1302 1185 1406 1228 pater
1425 1183 1463 1218 in
1484 1182 1577 1225 dote,
1598 1182 1635 1216 in
1652 1182 1850 1217 hereditate
1871 1187 1989 1218 autem
2013 1183 2168 1219 filiorum
2189 1183 2266 1218 sine
2286 1183 2394 1227 tergi-

147 1232 209 1267 τὰς
230 1233 298 1277 μὲν
319 1232 379 1266 ἐπὶ
403 1231 447 1277 τῇ
473 1233 698 1278 προγαμιαίᾳ
722 1227 843 1275 δωρεᾷ
866 1232 926 1263 καὶ
950 1227 1064 1273 αὐτὴν
1086 1226 1234 1272 ὑπέχειν
1303 1228 1505 1264 versatione
1528 1227 1673 1262 veniant
1696 1230 1732 1263 et
1756 1231 1860 1272 pater
1890 1231 1927 1263 et
1953 1231 2068 1264 mater
2089 1229 2285 1264 secundum
2310 1229 2394 1264 sub-

147 1274 289 1318 ποινάς,
320 1274 491 1323 καθάπερ
513 1272 635 1318 ὑπέχει
659 1278 718 1309 καὶ
742 1269 762 1311 0‘
791 1273 912 1322 πατὴρ
939 1276 1000 1310 ἐπὶ
1026 1275 1074 1322 τῇ
1101 1278 1232 1321 προικί,
1302 1274 1417 1310 iectas
1441 1274 1584 1318 utrique
1606 1273 1709 1308 casui
1730 1273 1969 1318 quaestiones.
2015 1274 2170 1309 Proinde
2204 1274 2300 1319 quod
2330 1284 2394 1319 pa-

148 1324 206 1358 έπὶ
230 1319 271 1356 δὲ
298 1319 379 1356 τοὺς
408 1319 553 1367 κλήρους
584 1321 663 1355 τῶν
690 1318 837 1354 παίδων
865 1318 1110 1367 ἀπραγμόνως
1141 1322 1233 1365 έρχέ-
1249 1321 1289 1354 25
1304 1321 1379 1355 tres
1403 1319 1549 1363 habent,
1576 1318 1649 1354 sive
1674 1318 1720 1354 ad
1744 1319 1921 1354 secundas
1945 1319 2127 1355 venientes
2151 1320 2295 1364 nuptias
2324 1320 2396 1355 sive

147 1367 305 1401 σθωσαν
332 1362 352 1401 ὅ
375 1380 415 1401 τε
438 1365 559 1414 πατὴρ
580 1363 602 1412 ἦ
627 1379 666 1399 τε
688 1364 824 1411 μήτηρ,
858 1364 949 1399 κατὰ
969 1366 1032 1400 τὰς
1051 1361 1234 1410 ὑποκειμέ-
1304 1375 1395 1408 non,
1428 1365 1497 1400 hoc
1525 1364 1633 1400 etiam
1664 1370 1799 1399 mat-res
1829 1365 2006 1408 habeant,
2036 1368 2256 1409 voceturque
2283 1370 2397 1399 mater

146 1425 210 1448 νας
228 1410 288 1459 ἐφ’
308 1409 448 1455 ἑκάστῳ
465 1412 603 1456 θέματι
624 1410 795 1454 ζητήσεις.
819 1409 907 1445 diere
925 1408 1014 1456 ὅπερ
1033 1410 1068 1445 οἱ
1084 1414 1235 1459 πατέρες
1304 1410 1351 1445 ad
1385 1410 1450 1445 filii
1480 1410 1734 1452 hereditatem,
1775 1410 1849 1445 sive
1891 1410 1962 1446 iam
2002 1410 2049 1446 ad
2085 1410 2264 1446 secundas
2301 1411 2397 1446 venit

144 1457 297 1501 ἔχουσιν,
319 1458 392 1491 εἴτε
415 1458 463 1491 εἰς
482 1455 664 1505 δευτέρους
686 1454 836 1491 ἔλθοιεν
874 1455 982 1502 άμους
1000 1457 1072 1491 εἴτε
1092 1460 1152 1491 καὶ
1175 1456 1234 1502 μή,
1305 1457 1450 1501 nuptias
1475 1456 1549 1492 sive
1571 1458 1700 1501 postea
1723 1455 1853 1491 veniat.

145 1505 252 1538 τοῦτο
275 1506 335 1537 καὶ
357 1502 396 1536 αἱ
413 1505 506 1547 μητέ
526 1514 560 1537 ες
582 1505 775 1545 ἐχέτωσαν,
797 1516 841 1535 κα
866 1502 984 1536 είσθω
1010 1515 1051 1536 τε
1075 1498 1097 1545 ἦ
1118 1501 1234 1550 μήτηρ

147 1547 236 1596 πρὸς
257 1546 324 1583 τὸν
351 1550 417 1582 τοῦ
441 1516 570 1583 παιεδὸς
589 1547 728 1594 κλῆρον,
757 1547 827 1581 εἴτε
853 1546 920 1591 ἤδη
945 1545 1121 1593 δευτέροις
1148 1544 1233 1592 aial·
1249 1549 1291 1582 30

148 1593 231 1638 λησε
274 1592 375 1639 άμοις
392 1594 463 1628 εἴτε
485 1597 545 1628 καὶ
565 1591 650 1628 ὅστε
675 1606 718 1627 ον
740 1591 858 1627 ἔλθοι.

147 1642 167 1675 1
220 1607 284 1682 Τιζς
305 1636 345 1673 δὲ
383 1651 454 1683 προ
479 1642 624 1684 αμιαιάς
677 1639 788 1683 ωρεᾶς
808 1640 856 1673 εἰς
878 1636 1047 1686 δεύτερον
1071 1637 1234 1673 ἐλθοῦσα
1302 1640 1322 1674 1
1369 1638 1621 1683 Antenuptiali
1645 1649 1728 1674 vero
1749 1638 1944 1674 donatione
1965 1637 2011 1673 ad
2036 1637 2233 1674 secundum
2252 1637 2397 1673 veniens

148 1687 369 1719 συνοικέσιον
387 1698 436 1728 μη
462 1687 479 1718 ἑ
501 1684 668 1719 καθόσον
686 1684 749 1728 κλη
774 1687 897 1729 ονομεῖ
914 1686 978 1718 τοῦ
997 1682 1127 1719 παιδὸς
1146 1682 1232 1719 ἀπο·
1306 1683 1524 1719 consortium
1539 1694 1654 1728 neque
1668 1683 1866 1719 secundum
1882 1688 2056 1729 quantum
2070 1685 2174 1719 heres
2188 1684 2317 1718 existet
2335 1684 2398 1718 filii

149 1729 302 1771 λαυέτω,
337 1725 425 1764 ἀλλὰ
451 1731 558 1764 τοῦτο
581 1731 659 1764 τῶν
682 1734 752 1765 παί
776 1743 829 1763 ων
851 1728 949 1764 ἔστω
976 1728 1092 1773 μόνον
1114 1728 1235 1777 κέρδος
1304 1730 1458 1771 fruatur,
1483 1729 1546 1764 sed
1566 1729 1636 1764 hoc
1659 1729 1815 1765 filiorum
1834 1729 1882 1764 sit
1902 1730 2016 1765 solum
2041 1730 2181 1764 lucrum
2203 1729 2253 1764 eis
2278 1739 2300 1764 a
2323 1729 2399 1772 lege

149 1771 267 1810 αὐτοῖς
288 1773 388 1823 παρὰ
411 1777 475 1809 τοῦ
499 1774 611 1820 νόμου
635 1773 838 1821 δεδομένον,
871 1778 929 1809 καὶ
955 1774 1007 1833 μὴ
1031 1773 1161 1810 δοκοῦν
1189 1776 1233 1810 εἴ·
1248 1778 1288 1809 35
1305 1775 1438 1817 datum,
1459 1778 1494 1810 et
1517 1785 1589 1810 non
1613 1775 1777 1811 videatur
1801 1785 1878 1810 esse
1901 1785 1986 1820 pars
2007 1775 2214 1810 hereditatis
2235 1774 2310 1817 filii,
2336 1774 2398 1809 sed

147 1834 209 1854 ναι
231 1823 334 1868 μέρος
356 1821 420 1855 τοῦ
450 1819 578 1868 κλήρου
610 1822 675 1855 τοῦ
704 1818 852 1863 παιδός,
883 1815 950 1854 ἀλλ
991 1820 1048 1855 ἔτι
1075 1820 1143 1865 τὴν
1174 1822 1235 1865 τῆς
1304 1821 1423 1856 adhuc
1438 1821 1697 1865 antenuptialis
1720 1821 1922 1856 donationis
1942 1832 2014 1856 non
2036 1820 2195 1856 abiciens
2217 1822 2396 1855 naturam.

148 1869 389 1913 προγαμιαίας
403 1863 538 1912 δωρεᾶς
550 1864 613 1900 οὐκ
632 1864 841 1911 ἀποβάλλον
854 1863 975 1913 φύσιν.
1000 1863 1114 1914 Ἅπερ
1131 1878 1233 1913 προς·
1305 1866 1405 1911 Quae
1428 1866 1600 1911 competit
1623 1870 1743 1901 tenere
1763 1866 1870 1901 etiam
1889 1866 1986 1901 circa
2006 1876 2077 1908 eas,
2100 1876 2192 1911 quae
2213 1876 2308 1900 nunc
2328 1865 2397 1899 iam

148 1910 223 1954 ήκει
249 1914 395 1958 κρατεῖν
417 1915 478 1945 καὶ
501 1914 562 1946 ἐπὶ
590 1912 668 1946 τῶν
686 1913 752 1946 νῦν
772 1910 839 1955 ήδη
857 1913 1233 1960 χηρευουσῶν,γυναι-
1305 1915 1390 1947 sunt
1410 1911 1578 1947 viduatae
1602 1912 1768 1947 mulieres
1794 1916 1830 1946 et
1853 1912 2008 1957 propriis
2027 1915 2282 1947 successerunt
2302 1911 2397 1952 filiis,

149 1957 224 1990 κῶν
236 1955 390 1990 καὶτοὺς
404 1957 551 1991 οἰκείους
571 1954 844 2002 διαδεξαμένων
856 1955 999 1999 παῖδας,
1022 1959 1062 1991 έν
1080 1956 1110 2001 q}
1125 1957 1235 2002 μήπω
1305 1957 1344 1992 in
1373 1968 1444 2002 quo
1469 1956 1629 1993 nondum
1650 1957 1697 1992 ad
1720 1957 1897 1992 secundas
1922 1961 2096 1992 venerunt
2120 1957 2283 2002 nuptias,
2313 1956 2399 1991 licet

151 2000 325 2049 δευτέροις
344 2001 551 2046 προςῆλθον
574 2002 716 2049 γάμοις,
742 2000 810 2037 κᾶν
831 2003 863 2037 εἰ
880 2002 970 2048 μετὰ
994 2004 1110 2037 ταῦτα
1134 2015 1237 2051 προς·
1250 2006 1293 2038 40
1306 2007 1433 2048 postea
1456 2003 1614 2039 veniant.
1664 2002 1768 2047 Quod
1792 2003 1899 2048 igitur
1922 2003 1979 2038 hic
2013 2003 2184 2046 habetur,
2218 2003 2272 2037 sic
2303 2002 2398 2037 omni

150 2045 306 2082 έλθοιεν.
359 2045 404 2081 Τὸ
426 2049 495 2092 μὲν
515 2041 579 2082 οὗν
603 2051 664 2083 ἐπὶ
686 2045 826 2083 τούτοις
846 2046 930 2092 ἔχον
955 2039 1027 2082 ὦδε
1046 2049 1100 2092 τῷ
1126 2051 1238 2084 παντὶ
1308 2052 1469 2094 tempore
1492 2049 1686 2084 sanciatur.

149 2089 462 2136 νενομοθετήσθω
486 2092 617 2139 χρόνῳ.

197 2164 238 2196 32
269 2162 334 2205 Τῆς
354 2159 395 2195 δὲ
417 2181 460 2186 ——
484 2164 524 2196 37
548 2160 658 2207 φύσιν
682 2164 801 2196 habent
825 2163 1006 2196 Procleiron
1032 2165 1064 2203 6,
1089 2170 1121 2200 3;
1147 2163 1355 2207 Epanaqoqe
1379 2165 1432 2204 19,
1459 2170 1499 2197 14.

150 2241 266 2276 neque
299 2240 384 2265 vero
412 2230 542 2276 poenis
568 2234 640 2265 tam
674 2229 815 2265 acerbis
845 2229 1007 2265 subiecta
1033 2241 1109 2276 pro
1133 2231 1290 2266 inimicis
1313 2230 1466 2266 habebit.
1515 2229 1823 2273 Quemadmodum
1855 2231 1949 2266 enim
2008 2235 2127 2273 atres,
2162 2231 2195 2266 si
2218 2231 2398 2267 secundas

150 2275 300 2321 nuptias
323 2274 561 2317 contrahant,
586 2286 661 2309 non
683 2274 942 2321 fraudabimus
964 2275 1193 2310 successione
1217 2275 1436 2318 liberorum,
1460 2287 1527 2311 nec
1550 2275 1628 2310 alla
1652 2276 1716 2311 lex
1739 2280 1795 2311 est
1816 2287 1911 2321 quae
1936 2280 1973 2311 ta
1989 2287 2009 2311 e
2032 2275 2122 2322 quid
2144 2275 2254 2319 dicat,
2275 2277 2329 2311 ita
2354 2289 2398 2312 ne

150 2324 285 2355 matres
308 2319 451 2366 quidem
474 2320 700 2355 successione
725 2319 920 2354 liberorum
948 2319 1190 2365 privabimus,
1219 2320 1252 2354 si
1283 2325 1418 2355 matres
1443 2320 1602 2356 secundo
1628 2320 1785 2363 nubant,
1819 2322 1894 2355 sive
1923 2326 2009 2357 ante
2037 2321 2217 2357 secundas
2247 2323 2398 2368 nuptias

151 2365 225 2411 sive
245 2369 334 2411 post
355 2376 418 2399 eas
442 2364 545 2399 liberi
569 2365 784 2399 moriantur.
833 2364 982 2409 Alioqui
1006 2375 1055 2399 ex
1079 2363 1306 2399 absurditate
1330 2365 1438 2410 leqis,
1471 2365 1614 2400 etiamsi
1638 2375 1759 2399 omnes
1783 2365 1887 2400 liberi
1912 2366 2217 2411 praemoriamur
2240 2378 2315 2402 non
2339 2379 2394 2403 re-

153 2409 248 2443 lictis
271 2409 394 2444 liberis
416 2409 662 2455 nepotibusce,
683 2408 798 2443 nihilo
828 2408 946 2443 minus
962 2419 1089 2460 poena
1105 2408 1274 2451 manebit,
1299 2419 1365 2443 nec
1391 2413 1506 2444 mater
1533 2410 1580 2444 iis
1602 2409 1781 2452 succedet,
1806 2410 1972 2455 quamvis
1991 2411 2070 2446 sine
2095 2410 2218 2447 liberis
2236 2413 2396 2447 morian-

155 2458 225 2496 tur,
248 2453 314 2489 sed
335 2464 358 2488 a
382 2454 608 2489 successione
631 2464 755 2489 eorum
778 2452 1025 2488 inhumaniter
1048 2452 1255 2500 repelletur,
1279 2457 1321 2488 ut
1344 2465 1439 2499 quae
1458 2454 1608 2500 frustra
1625 2454 1836 2501 pepererit,
1858 2455 2008 2500 frustra
2031 2452 2242 2499 nutriverit,
2260 2458 2397 2503 poenis

153 2498 246 2534 adeo
263 2502 424 2545 propter
448 2498 481 2534 le
507 2499 628 2534 itimas
651 2498 801 2545 nuptias
823 2497 1002 2534 subiecta:
1032 2503 1075 2534 at
1096 2498 1290 2534 succedent
1311 2499 1358 2533 iis
1382 2498 1530 2544 quidam
1555 2510 1605 2535 ex
1627 2499 1883 2535 remotioribus
1906 2501 2085 2547 coqnatis,
2109 2505 2227 2537 mater
2248 2507 2397 2549 praeter

152 2544 331 2579 rationem
362 2543 471 2579 exclu
497 2548 588 2580 etur.
635 2542 759 2586 Quare
789 2547 825 2579 et
854 2543 938 2589 ipsa
969 2542 1092 2579 liberis
1121 2543 1310 2586 succedat,
1346 2544 1394 2579 sit
1421 2555 1465 2579 ue
1496 2544 1586 2581 haec
1616 2544 1680 2580 lex
1711 2544 1866 2591 beniqna
1890 2549 1926 2580 et
1957 2546 2054 2581 mitis
2077 2550 2114 2582 et
2142 2557 2237 2592 quae
2260 2552 2396 2583 matres

153 2588 275 2635 liberis
298 2588 474 2624 conciliet.
551 2587 597 2624 Ut
625 2589 740 2635 iqitur
763 2588 858 2624 hanc
881 2588 973 2635 leqis
995 2592 1144 2640 partem
1168 2588 1384 2635 comprehen
1406 2600 1531 2624 amus:
1560 2590 1733 2635 quoniam
1763 2594 1933 2632 matrem,
1966 2591 2021 2626 uti
2049 2595 2134 2626 ante
2164 2591 2298 2628 dictum
2329 2598 2395 2636 est,

149 2634 252 2680 patri
282 2634 583 2679 accumulavimus,
615 2634 816 2676 sancimus,
848 2638 890 2669 ut
912 2644 975 2669 eas
998 2644 1079 2679 ipsa
1102 2645 1248 2680 poenas
1278 2634 1316 2669 in
1341 2634 1541 2670 donatione
1564 2639 1650 2670 ante
1673 2635 1823 2681 nuptias
1843 2636 1965 2681 ferat,
1997 2647 2090 2682 quas
2112 2637 2152 2671 in
2176 2637 2261 2673 dote
2284 2642 2397 2691 pater

151 2679 323 2721 sustinet,
355 2678 406 2714 ad
427 2678 645 2715 hereditates
668 2690 753 2715 vero
779 2678 975 2714 liberorum
999 2679 1100 2714 nullo
1125 2679 1273 2724 neqotio
1300 2683 1374 2714 tam
1403 2683 1513 2726 pater
1533 2691 1642 2726 quam
1665 2685 1781 2716 mater
1803 2680 1966 2724 veniant,
1998 2681 2195 2717 secundum
2216 2683 2397 2719 subiectas

152 2724 265 2760 cuivis
295 2724 398 2760 casui
428 2725 668 2770 quaestiones.
722 2723 821 2760 Unde
851 2723 952 2770 quod
1007 2728 1105 2760 atres
1137 2724 1286 2766 habent,
1318 2726 1393 2760 sive
1423 2725 1602 2760 secundas
1634 2726 1783 2772 nuptias
1812 2726 1939 2761 ineant
1968 2727 2042 2762 sive
2069 2738 2162 2769 non,
2195 2727 2264 2763 hoc
2288 2729 2396 2764 etiam

153 2774 287 2805 matres
310 2768 483 2812 habeant,
513 2773 732 2816 voceturque
755 2775 871 2805 mater
891 2769 941 2804 ad
962 2736 1034 2815 filii
1057 2769 1311 2811 hereditatem,
1335 2769 1410 2805 sive
1432 2770 1612 2805 secundas
1630 2771 1781 2816 nuptias
1803 2771 1876 2805 iam
1900 2773 2133 2808 contraxerit
2160 2773 2235 2809 sive
2259 2778 2395 2820 postea

151 2817 171 2850 1
206 2815 345 2850 initura
373 2815 430 2850 sit.
498 2814 708 2850 Donatione
731 2826 816 2850 vero
867 2820 995 2861 ropter
1018 2815 1167 2861 nuptias
1187 2826 1282 2860 quae
1301 2814 1495 2850 secundum
1517 2815 1601 2851 iniit
1631 2816 1900 2851 matrimonium
1922 2827 1966 2852 ne
1985 2821 2166 2863 quatenus
2189 2818 2293 2854 heres
2317 2820 2395 2865 qui-

152 2860 230 2895 dem
250 2865 305 2896 est
324 2860 405 2905 filio
429 2860 595 2907 fruatur,
625 2860 690 2895 sed
721 2860 810 2896 haec
852 2859 961 2895 iberis
989 2860 1107 2895 solum
1139 2860 1241 2895 lucro
1269 2859 1374 2895 cedat
1403 2871 1425 2895 a
1457 2860 1536 2906 leqe
1562 2861 1608 2895 iis
1632 2860 1740 2903 data,
1769 2871 1836 2896 nec
1861 2872 1957 2908 pars
1986 2873 2064 2898 esse
2092 2862 2306 2899 hereditatis
2323 2865 2396 2910 filii

151 2904 328 2948 videatur,
352 2905 417 2941 sed
440 2905 649 2941 donationis
672 2910 757 2941 ante
780 2917 830 2940 nu
860 2906 929 2940 tias
952 2909 1123 2940 naturam
1148 2904 1308 2940 nondum
1334 2905 1507 2940 amisisse.
1555 2907 1673 2951 Atque
1697 2905 1787 2941 haec
1805 2906 1914 2941 etiam
1933 2907 1971 2941 in
1996 2908 2048 2942 eis
2067 2907 2231 2944 obtinere
2255 2909 2393 2951 debent,

152 2962 247 2997 quae
270 2961 365 2985 nunc
387 2951 460 2985 iam
482 2950 611 2986 viduae
632 2955 719 2986 sunt
742 2954 778 2986 et
800 2951 822 2985 li
850 2951 922 2986 eris
945 2951 1021 2985 suis
1043 2954 1295 2986 successerunt
1318 2950 1468 2985 necdum
1491 2951 1670 2986 secundas
1699 2951 1850 2997 nuptias
1876 2952 2053 2995 inierunt,
2084 2954 2153 2988 etsi
2180 2959 2317 3000 postea
2340 2956 2393 2990 in-

153 3001 246 3030 eant.
296 2994 377 3030 Iam
401 2995 502 3041 quod
521 2995 565 3031 de
584 2995 641 3030 his
663 2996 926 3037 constituimus,
951 2996 1004 3030 ita
1025 2995 1063 3030 in
1078 3001 1296 3042 perpetuum
1320 2995 1499 3030 sancitum
1524 3000 1611 3031 esto.

203 3067 216 3098 1
243 3060 306 3106 οὐχ
329 3060 389 3106 ὥς]
411 3060 525 3100 οὕτως
549 3067 578 3098 A
609 3065 621 3109 11
650 3067 668 3098 2
690 3060 804 3099 οὕτως
828 3078 885 3098 om.
911 3066 942 3098 A
966 3066 978 3108 11
1005 3070 1023 3098 3
1040 3061 1179 3110 ’Ὠσπερ
1201 3062 1240 3097 δὲ
1272 3069 1274 3074 ”
1310 3067 1352 3096 3⁴5
1373 3062 1440 3107 τὴν
1463 3073 1536 3098 ante
1558 3062 1669 3110 φύσιν
1691 3068 1760 3099 roll.
1776 3068 1807 3099 A
1824 3069 1835 3109 11
1854 3067 1908 3100 ἔτι
1930 3066 1996 3101 συν
2016 3069 2060 3110 τῆ
2081 3072 2305 3115 προγαμιαία
2325 3066 2393 3102 δω-

154 3118 236 3154 τοῦς
256 3121 286 3153 A
308 3122 354 3160 (in
380 3134 441 3163 mq.
468 3113 583 3154 ffixl.
602 3147 610 3156 .
633 3145 642 3154 .
663 3122 685 3163 .)
715 3121 728 3164 11
756 3124 775 3155 5
809 3117 894 3154 οὐδέ
914 3122 979 3162 τις]
1017 3117 1058 3153 οὗ
1081 3119 1150 3166 γὰρ
1174 3122 1204 3154 A
1228 3120 1240 3166 11
1309 3109 1371 3155 9Εᾶ
1394 3107 1462 3151 τὴν
1484 3108 1593 3167 Ψὺσξν
1617 3108 1869 3189 ἐῖαπῗέάλλθξ)
1887 3112 1957 3165 411
1980 3115 2022 3146 38
2048 3115 2107 3165 ’ἰαὶ
2132 3121 2205 3147 αηῑθ
2230 3112 2394 3165 προςήκει

154 3169 172 3199 7
188 3162 338 3210 ἀνδρῶν
358 3164 505 3199 ἔλθοιεν
525 3163 706 3211 δευτέρων
729 3167 979 3209 συνοίκησινΑ
1007 3166 1054 3210 119
1079 3163 1238 3199 τελευτ’-
1309 3156 1380 3188 ⁰⁰ll·
1405 3157 1435 3212 ⁴⁴!
1465 3154 1477 3199 11
1509 3156 1568 3189 ἐπι
1596 3169 1674 3189 των
1696 3169 1724 3210 Z?
1749 3168 1770 3197 η
1796 3169 1856 3189 '‘⁰“
1885 3170 1952 3190 ’νυν
1981 3169 2300 3209 καταχηρευθυσωῖ
2323 3160 2354 3192 Α
2381 3159 2394 3204 ss

154 3212 287 3244 οιιενΑ
306 3209 318 3254 n
339 3213 371 3244 ιι
388 3209 589 3257 εκγόνουςᾼ
606 3212 618 3253 η
642 3211 851 3265 maman
875 3214 912 3245 14
926 3208 1128 3245 ὠδίνασαᾼ
1147 3212 1159 3253 ῃ
1174 3225 1238 3255 μα.
1309 3202 1350 3253 39
1375 3212 1434 3232 και
1458 3213 1516 3252 οφ·
1541 3201 1574 3257 4
1603 3201 1615 3244 ΙΙ
1643 3198 1785 3254 nquius}
1816 3199 1884 3234 κᾶν
1905 3202 1953 3235 εἰς
1974 3200 2156 3247 δευτέρους
2179 3202 2393 3248 προσηλθον

154 3268 221 3298 την
240 3252 290 3296 δὲ]
313 3256 436 3288 frustra
453 3256 553 3290 simul
572 3258 604 3289 et
622 3268 641 3292 ς
659 3256 670 3296 ΙΙ
691 3259 728 3290 15
749 3267 932 3290 τοιαυταις
950 3270 990 3302 γε
1010 3254 1068 3289 διὰ
1088 3256 1167 3290 τῶν
1184 3258 1238 3290 ἐν·
1306 3255 1448 3291 ναμθυςι
1471 3258 1492 3287 η
1516 3258 1575 3278 ’‘⁰“
1598 3257 1689 3289 μετα
1712 3259 1830 3279 ταυτα
1855 3249 1884 3280 Α

153 3299 279 3345 νόμων
301 3298 428 3346 γάμων
451 3302 483 3334 A
513 3301 525 3345 11
557 3303 597 3335 16
620 3298 720 3343 ἀλλὰ]
745 3304 804 3335 καὶ
825 3303 855 3335 Α
879 3301 890 3343 11
914 3304 981 3345 μὲν
1004 3303 1067 3343 Ας]
1092 3314 1151 3335 om.
1174 3302 1239 3346 ΜΙΙ
1307 3314 2391 3325 Ἢ

157 3349 195 3380 ¹7
211 3347 493 3392 ποθρωτὲρωνΑ
510 3346 521 3391 ΙΙ
540 3343 802 3389 ἑκκληθῆσεται
811 3348 867 3380 Ma
883 3345 896 3391 ΙΙ
919 3350 957 3381 ¹9
980 3343 1238 3398 θῧΤωΕΑΗ-ΨΡ
1311 3395 1314 3397 ,
1354 3360 1371 3391 4
1398 3357 1548 3399 qualibet
1572 3357 1674 3392 R¹T¹
1694 3357 1741 3403 115
1769 3359 1862 3392 diens
1882 3360 1921 3394 V
1943 3359 1955 3403 11
1980 3363 2000 3394 6
2025 3360 2066 3392 ad
2087 3361 2198 3393 uirum
2223 3374 2282 3396 om.
2308 3359 2357 3395 R¹
2380 3361 2393 3408 11

155 3401 389 3446 λανθρώπως
406 3404 456 3437 Aa
473 3403 485 3447 11
505 3405 548 3436 20
570 3401 784 3437 Συνελόντες
804 3401 1036 3445 (συνελῶντες
1058 3404 1098 3436 Μ
1104 3405 1127 3445 1]
1150 3406 1184 3435 Ε
1200 3404 1246 3436 Μ
1309 3405 1328 3436 8
1353 3403 1416 3436 filii
1436 3403 1624 3436 moriantur
1640 3412 1715 3437 ante
1735 3407 1794 3437 aut
1814 3408 1888 3447 post
1908 3406 2068 3438 secundas
2090 3406 2161 3439 coll.
2176 3407 2208 3439 R
2226 3405 2239 3450 11
2261 3409 2293 3440 11
2318 3418 2392 3439 suc—

144 3462 226 3492 ,m9*,
258 3450 296 3486 E
319 3443 359 3481 οὗ
386 3473 394 3482 .
416 3473 424 3482 .
445 3474 454 3483 .
477 3449 509 3482 Α
533 3462 606 3494 my„
623 3448 636 3491 11
661 3446 758 3482 τῶδε
788 3448 843 3482 τῶ
870 3445 972 3492 νόμω
999 3446 1042 3482 τὸ
1073 3450 1184 3494 πέρας
1208 3449 1237 3481 A
1308 3449 1402 3480 cedet
1420 3449 1453 3482 Τ
1467 3447 1557 3490 (Gr.)
1575 3448 1588 3492 11
1607 3450 1646 3483 12
1662 3449 1844 3482 inhumane
1857 3451 2073 3492 successione]
2095 3447 2261 3495 διαδοχῆς
2277 3447 2391 3486 ἀπαν-

155 3494 255 3526 huius
268 3495 353 3535 legis
366 3497 521 3537 parteme
540 3493 552 3538 11
570 3496 604 3526 21
620 3495 806 3539 ἑπείπερΑ
823 3493 835 3538 11
855 3495 897 3527 22
909 3501 984 3536 post
996 3497 1111 3537 πατρί
1120 3494 1238 3526 lacuna
1308 3491 1474 3539 θριόπως
1502 3494 1560 3527 Gr.
1584 3493 1597 3538 11
1629 3497 1666 3529 16
1693 3494 1877 3537 expelletur
1901 3497 1986 3539 vulo.
2012 3496 2102 3538 (Gr.)
2121 3496 2133 3537 11
2153 3498 2191 3531 17
2217 3500 2251 3530 et
2270 3499 2394 3531 matres

156 3547 275 3574 25—30
290 3541 350 3572 litt.
365 3540 437 3573 inA
454 3539 466 3584 11
486 3542 527 3573 23
542 3539 603 3582 τῆς
616 3541 857 3585 προγαμιαίας
870 3535 923 3572 δω
947 3539 1041 3572 eas-A
1058 3538 1070 3583 11
1089 3535 1236 3581 *αὖτὴν]
1308 3539 1341 3573 R
1366 3540 1421 3580 al]
1446 3540 1566 3572 matres
1594 3540 1628 3572 T
1643 3543 1781 3572 matrem
1807 3540 1840 3574 V
1857 3540 1928 3583 1119
1953 3541 2078 3574 dudum
2103 3542 2148 3583 R]
2172 3542 2238 3575 iam
2264 3542 2390 3575 dudum

136 3607 138 3609 ·
156 3580 263 3618 αὐτὰς
281 3585 293 3627 11
310 3586 351 3618 25
373 3584 445 3618 τοῖς
465 3582 645 3630 κλήροιςΑ
662 3586 717 3627 (cf-
732 3587 764 3624 ς)
783 3583 795 3627 ΙΙ
812 3586 852 3618 27
875 3583 1027 3626 ἑκαστῳ]
1049 3586 1175 3627 utrique
1197 3585 1239 3630 ς11
1310 3584 1348 3617 V
1364 3585 1450 3627 vuly.
1470 3583 1535 3627 1121
1565 3584 1668 3627 ipsam
1692 3585 1777 3630 vulq.
1794 3585 1806 3628 11
1825 3586 1967 3618 sustinet
1990 3586 2077 3619 sicut
2098 3586 2135 3621 V
2137 3586 2154 3607 =²
2181 3587 2193 3630 11
2213 3589 2256 3621 22
2281 3588 2390 3620 dotem

157 3631 199 3663 30
223 3629 311 3673 πρὸς
335 3627 447 3663 αὐτὸν
469 3627 535 3663 τὸν
558 3630 589 3662 A
615 3629 686 3673 1132
712 3626 889 3672 ἐλθούσης
913 3631 939 3663 Α
958 3628 970 3673 11
990 3631 1031 3663 33
1055 3627 1136 3663 τοὺς
1156 3631 1236 3664 παῖ·
1309 3629 1344 3662 V
1353 3629 1363 3646 ¹
1380 3629 1392 3673 11
1411 3628 1627 3661 hereditatem
1652 3631 1737 3674 vuly.
1756 3631 1768 3674 11
1787 3631 1829 3664 27
1855 3630 1897 3663 ad
1921 3631 2080 3664 secundas
2103 3632 2168 3664 iam
2196 3632 2228 3665 V
2252 3632 2323 3678 1134
2347 3634 2391 3666 sit

157 3670 220 3707 δας
238 3677 269 3708 A
285 3676 296 3719 11
315 3670 531 3719 ἀπολαβέτω
552 3675 673 3718 Εραη.,
696 3674 811 3708 Proch.
828 3677 919 3708 codd.
939 3676 1028 3718 plur.
1045 3674 1058 3720 11
1078 3677 1119 3709 34
1142 3672 1236 3707 ἴστω
1306 3674 1452 3706 solutum
1476 3673 1508 3707 V
1510 3673 1523 3692 ¹
1539 3672 1551 3718 11
1571 3676 1613 3709 36
1637 3675 1884 3719 antenuptiales
1908 3673 1955 3711 R¹
1976 3675 1988 3723 11
2005 3678 2047 3712 39
2072 3680 2240 3712 uenerunt
2261 3679 2299 3715 V
2301 3681 2312 3723 ]
2331 3691 2388 3714 ue-

157 3716 276 3768 κέρδος
306 3717 420 3764 μόνον
444 3717 565 3755 αὐτοῖς
597 3717 790 3764 δεδομένον
820 3718 918 3768 παρὰ
943 3719 1006 3754 τοῦ
1036 3717 1147 3766 νόμον
1171 3721 1201 3754 A
1224 3719 1235 3763 11
1306 3721 1406 3753 niunt
1429 3719 1462 3753 R
1487 3720 1571 3766 ναῖς.
