2618 4010
234 115 342 159 Nov.
372 116 430 158 VI
466 117 481 156 1
1319 111 1375 159 38
1710 126 1924 167 Qnouono
1953 128 2184 161 OPORTEAT
2213 129 2450 177 muscosos

232 231 363 274 τηρεῖν,
395 225 486 261 κατὰ
514 223 653 269 μηδένα
684 238 705 260 τ
737 223 821 260 ’πον
849 221 953 270 αὐτῷ
984 225 1052 268 τὴν
1082 230 1306 273 χειροτονίαν
1375 238 1454 262 rum
1478 238 1550 262 non
1573 237 1612 262 se
1636 227 1753 262 valere
1775 238 1928 270 servare,
1953 229 2048 263 nullo
2071 229 2175 264 modo
2200 228 2232 263 ei
2255 227 2448 264 ordinatio·

234 272 452 306 ἐπιτιθέναι.
498 271 530 304 εἰ
553 268 593 304 δὲ
615 239 847 312 καταδέξοιτο
869 275 928 306 καὶ
953 269 1106 317 φήσειεν,
1139 267 1186 305 ὠς
1209 268 1303 305 καθ’
1375 282 1454 307 nem
1489 272 1645 316 imponi(
1682 271 1716 307 si
1748 282 1830 307 vero
1873 275 2069 318 susceperit
2111 279 2147 308 et
2181 273 2326 316 dixerit,
2367 274 2452 319 quia

232 314 321 350 ὅσον
351 314 545 362 ἀνθρώπῳ
575 313 732 350 δυνατὸν
761 315 943 361 πληρώσει
970 315 1015 351 τὰ
1037 314 1176 350 τούτοις
1208 328 1306 362 περι·
1376 322 1547 361 quantum
1576 316 1711 351 homini
1741 317 1910 362 possibile
1941 325 1998 354 est
2027 319 2218 364 complebit
2249 319 2336 354 haec
2360 329 2452 364 quae

232 360 394 406 εχόμενα,
417 361 616 403 τηνικαῦτα
631 360 821 396 νουθετεῖν
838 359 948 396 αὐτὸν
971 364 1030 394 καὶ
1056 361 1170 407 λέγειν
1193 357 1252 402 ὥς,
1275 361 1307 394 εί
1376 361 1432 396 his
1463 361 1703 402 continentur,
1734 366 1821 396 tunc
1849 373 1993 398 monere
2023 373 2102 398 eum
2135 366 2173 399 et
2205 364 2322 398 dicere
2355 364 2450 408 quia,

231 405 280 449 μὴ
302 407 418 440 ταῦτα
441 402 606 451 φυλάξαι,
640 405 731 440 θεοῦ
754 419 795 441 τε
826 403 1009 453 ἀλλότριος
1039 406 1142 439 ἔσται
1171 409 1231 439 καὶ
1254 407 1307 438 ἐκ·
1343 410 1361 441 5
1377 407 1444 441 nisi
1467 407 1557 441 haec
1582 406 1831 448 observaverit,
1855 411 1892 442 et
1909 418 1932 442 a
1951 408 2018 443 deo
2038 409 2174 444 alienus
2199 408 2267 443 erit
2289 413 2325 443 et
2348 408 2453 444 cadet

232 454 395 485 πεσεῖται
418 453 478 493 τῆς
510 447 681 492 δοθείσης
710 452 830 496 τιμῆς,
862 454 921 485 καὶ
953 448 1037 484 οὐδὲ
1066 449 1102 484 οἱ
1129 449 1308 484 πολιτικοὶ
1377 451 1460 486 dato
1485 452 1631 493 honore,
1658 455 1692 485 et
1716 461 1829 496 neque
1853 452 1971 488 civiles
1995 453 2089 498 leges
2109 454 2276 489 delictum
2300 453 2452 488 inultum

231 494 336 540 νόμοι
358 494 402 530 τὸ
425 493 685 549 πλημμεληθὲν
707 492 937 542 ἀτιμώρητον
961 494 1228 540 καταλείψουσι,
1257 493 1308 529 δι·
1378 496 1590 540 relinquent,
1615 506 1657 531 eo
1681 495 1777 540 quod
1797 499 1832 531 et
1849 506 1871 530 a
1893 499 2187 542 praecedentibus
2211 510 2276 533 nos
2300 499 2452 543 impera·

231 540 288 574 ότι
312 543 371 573 καὶ
395 543 468 574 τοῖς
492 539 563 587 πρὸ
587 541 691 583 ημῶν
713 538 984 586 βεβασιλευκόσι
1002 543 1063 573 καὶ
1087 537 1171 595 ημῖν
1191 537 1311 574 αὐτοῖς
1380 541 1517 576 toribus
1548 546 1583 575 et
1611 551 1634 575 a
1663 541 1766 576 nobis
1794 541 1882 585 ipsis
1913 546 2010 577 recte
2040 543 2172 579 dictum
2204 550 2258 578 est
2289 549 2452 588 oportere

231 583 356 632 ὀρθῶς
379 586 535 633 εἴρηται,
567 583 644 620 δεῖν
667 586 749 620 τοὺς
772 585 884 630 ἱεροὺς
914 586 1068 619 κανόνας
1090 588 1173 619 αντὶ
1197 582 1309 629 νόμου
1380 596 1503 621 sacras
1534 586 1674 630 regulas
1705 596 1769 630 pro
1798 586 1935 630 legibus
1957 587 2084 623 valere.
2131 588 2181 624 Et
2210 589 2240 624 si
2271 589 2376 624 etiam
2402 590 2453 624 Sic

231 633 388 676 κρατεῖν.
434 633 494 664 καὶ
517 630 617 676 εἴπερ
641 634 700 664 καὶ
723 628 837 665 οὕτως
860 632 1037 675 ἐμμείνειε
1059 631 1123 664 τοῦ
1147 629 1309 677 πράγμα·
1327 634 1365 666 10
1377 631 1614 683 permanserit
1637 641 1780 666 causam
1804 632 2031 675 amplectens,
2054 637 2141 668 tunc
2158 644 2266 678 super
2289 634 2345 669 his
2370 644 2453 678 pro-

230 687 290 709 τοι
313 672 563 719 ἀπεχόμενος,
594 677 794 718 τηνικαῦτα
826 678 886 710 ἐπὶ
917 673 1064 709 ταύταις
1086 678 1164 709 ταῖς
1187 672 1309 719 ὁμολο-
1378 676 1590 712 sessionibus
1621 686 1905 721 unumquemque
1937 686 2075 712 sacram
2104 679 2286 723 suscipere
2314 679 2452 724 episco-

229 724 324 772 ζίαις
346 722 502 755 ἕκαστον
523 720 590 764 τὴν
615 720 713 767 ἱερὰν
736 718 1004 762 καταδέχεσθαι
1032 721 1093 762 τῆς
1116 721 1311 763 ἐπισκοπῆς
1378 721 1402 757 9
1425 725 1533 766 patus
1552 722 1821 757 ordinationem.
1891 724 1928 756 et
1950 721 2043 756 hanc
2063 732 2135 757 non
2158 724 2319 768 pecuniis
2337 734 2454 759 emero

232 774 258 810 ς
301 766 328 802 9
367 779 418 808 χει
485 770 599 800 ονίαν.
681 769 741 799 καὶ
763 762 901 807 ταύτην
922 764 972 809 μὴ
994 763 1189 811 χρημάτων
1210 762 1310 800 ὠνεῖ·
1378 777 1492 811 neque
1514 777 1579 812 per
1601 777 1721 802 rerum
1743 766 1941 811 aliquarum
1965 766 2142 802 dationem
2166 769 2366 814 suscipere,
2391 770 2454 804 sed

230 811 325 846 σθαι
347 808 421 855 μηδ
462 809 522 845 διὰ
546 808 771 857 πραγμάτων
803 811 918 844 τινῶν
942 808 1077 844 δόσεως
1101 809 1310 854 λαμβάνειν,
1378 822 1503 856 puram
1534 812 1717 858 percipere
1746 816 1782 846 et
1814 812 1889 847 Sine
1922 812 2099 853 mercede,
2131 815 2310 858 tamquam
2340 825 2363 850 a
2386 814 2453 849 deo

229 854 318 890 ἀλλὰ
341 855 512 903 καθαρὰν
537 854 710 898 δέχεσθαι
733 858 793 889 καὶ
816 855 989 899 ἄμισθον,
1014 854 1072 889 οἶα
1096 855 1195 902 παρὰ
1219 857 1311 890 θεοῦ
1326 859 1363 892 15
1378 857 1507 892 datam.
1545 857 1637 892 Nam
1661 857 1693 892 si
1716 857 1821 892 etiam
1842 857 1913 892 alia
1931 857 2048 891 omnia
2071 857 2204 893 habeat
2224 859 2338 904 utilia,
2363 870 2455 904 quae

230 899 437 945 δεδομένην.
484 901 516 935 εἰ
546 900 613 947 γὰρ
637 903 697 934 καὶ
720 899 834 934 τᾶλλα
857 899 978 935 πάντα
1002 902 1076 943 ἔχοι
1107 900 1242 947 χρηστὰ
1264 902 1311 935 τὰ
1377 902 1476 947 prius
1500 913 1523 936 a
1546 902 1650 937 nobis
1674 902 1771 937 dicta
1794 907 1896 943 sunt,
1928 902 2088 947 pecuniis
2120 905 2239 938 autem
2260 904 2317 939 vel
2346 905 2454 940 rebus

230 944 399 991 πρόσθεν
422 944 507 989 ἡμῖν
537 946 724 991 εἰρημένα,
758 943 951 991 χρημάτων
976 943 1016 979 δὲ
1037 942 1060 988 ἢ
1083 943 1310 994 πραγμάτων
1377 947 1540 982 videatur
1563 947 1807 992 episcopatum
1830 947 1973 988 emisse,
2007 947 2098 982 sciat
2127 957 2165 982 se
2189 950 2226 982 et
2247 948 2455 994 episcopam

230 995 360 1037 φανείη
395 990 463 1033 τὴν
495 989 695 1032 ἐπισκοπὴν
730 988 1014 1033 ἐξωνησάμενος,
1049 991 1140 1026 ἴστω
1174 992 1236 1034 τῆς
1270 1005 1310 1026 τε
1376 993 1493 1036 ipsum
1529 1002 1694 1028 casurum
1730 995 1767 1028 et
1801 993 1870 1027 hoc
1905 1003 2033 1027 munus
2068 992 2325 1028 retributurum
2360 994 2454 1030 ordi·

230 1038 426 1079 έπισκοπῆς
457 1034 562 1069 αὐτὸς
594 1034 850 1079 ἐκπεσούμενος
880 1038 939 1069 καὶ
967 1037 1074 1070 τοῦτο
1105 1034 1227 1082 δῶρον
1249 1034 1309 1071 ἀν·
1378 1038 1494 1079 nanti,
1519 1041 1559 1073 ut
1582 1040 1619 1072 et
1641 1037 1701 1073 ille
1722 1038 1967 1083 episcopatum
1991 1038 2131 1072 amittat
2154 1042 2190 1072 et
2212 1047 2255 1073 eo
2280 1039 2396 1083 cadat,
2419 1044 2457 1074 et

228 1079 348 1116 τιδοὺς
371 1082 424 1124 τῷ
447 1079 743 1125 χειροτονήσαντι
767 1080 808 1115 τὸ
833 1077 996 1115 κάκεῖνον
1018 1080 1086 1125 τὴν
1109 1081 1310 1124 ἐπισκοπὴν
1322 1085 1363 1117 20
1378 1082 1521 1126 utrique
1546 1093 1656 1118 causa
1678 1083 1786 1118 talem
1817 1087 1976 1127 praestet
2006 1082 2294 1126 retributionem,
2328 1085 2370 1118 ut
2397 1084 2456 1119 hic

228 1125 428 1160 ἀπολλύναι
461 1129 521 1159 καὶ
560 1124 692 1168 ταύτης
731 1127 939 1168 ἐκπίπτειν,
981 1130 1040 1177 καὶ
1076 1127 1233 1172 ἑκατέρῳ
1266 1126 1308 1161 τὸ
1378 1127 1517 1172 quidem
1550 1139 1621 1163 non
1653 1127 1871 1172 adipiscatur
1900 1138 1991 1172 quae
2025 1128 2212 1172 sperabat,
2246 1128 2307 1163 ille
2336 1131 2457 1164 autem

229 1173 377 1218 πρᾶγμα
400 1168 574 1214 τοιαύτην
597 1174 718 1217 φέρειν
741 1168 938 1212 ἀντίδοσιν,
964 1168 1052 1206 ὡςτε
1074 1172 1142 1206 τὸν
1163 1174 1230 1217 μὲν
1260 1172 1309 1216 μὴ
1378 1173 1484 1208 etiam
1516 1183 1607 1217 quae
1637 1173 1795 1208 habebat
1825 1173 1986 1216 amittat3
2022 1177 2264 1208 verumtamen
2294 1173 2456 1218 pecuniis

228 1219 346 1258 τυχεῖν
367 1218 445 1250 τῶν
468 1214 725 1261 ἐλπιζομένων,
746 1215 812 1250 τὸν
836 1214 877 1250 δὲ
898 1220 958 1250 καὶ
984 1209 1038 1251 ὧν
1061 1217 1153 1259 εἶχεν
1177 1215 1307 1252 ἀποτυ-
1377 1228 1420 1253 ac
1452 1218 1559 1253 rebus
1591 1218 1684 1253 datis
1720 1219 1909 1253 occasione
1943 1218 2175 1253 ordinationis
2211 1219 2457 1254 sanctissimae

227 1265 319 1304 χεῖν·
344 1259 481 1304 δηλαδὴ
499 1262 579 1295 τῶν
602 1258 807 1306 δεδομένων
830 1261 1025 1308 χρημάτων
1046 1259 1308 1309 ἢπραγμάτων
1377 1263 1601 1307 assignandis
1626 1263 1811 1307 ecclesiae,
1836 1263 1909 1298 sive
1933 1263 2123 1308 episcopus
2148 1262 2194 1298 sit
2216 1264 2396 1308 accipiens
2421 1266 2458 1299 et

228 1319 298 1352 προ
327 1305 405 1340 άσει
435 1310 656 1351 χειροτονίας
691 1307 736 1354 τῇ
772 1304 956 1354 ἁγιωτάτῃ
991 1319 1121 1353 προςκυ
1146 1311 1309 1351 ουμένων
1321 1311 1363 1344 25
1376 1313 1570 1352 propterea
1593 1308 1793 1344 sacerdotio
1824 1308 1973 1351 cadens,
2005 1308 2079 1343 sive
2110 1308 2217 1343 etiam
2249 1309 2396 1352 quilibet
2418 1309 2456 1343 in

227 1354 288 1385 έκκ
311 1356 416 1395 ησίᾳ,
446 1352 517 1385 εἴτε
542 1353 733 1386 ἐπίσκοπος
755 1348 774 1385 ὁ
801 1350 928 1396 λαβὼν
959 1353 1011 1395 εἴη
1035 1355 1095 1386 καὶ
1143 1351 1180 1386 ιὰ
1202 1354 1309 1387 τοῦτο
1378 1353 1473 1388 clero
1498 1354 1787 1389 constitutorum.
1823 1353 1916 1388 Nam
1934 1356 1971 1388 et
1992 1353 2043 1388 illi
2068 1363 2218 1398 aequam
2240 1353 2456 1399 imponimus

227 1398 288 1439 τῆς
307 1395 502 1442 ἱερωσύνης
520 1394 695 1437 ἐκπεσών,
719 1397 790 1430 εἴτε
806 1400 869 1431 καί
887 1408 940 1431 τις
959 1398 1038 1432 τῶν
1056 1399 1096 1431 ἐν
1114 1398 1168 1441 τῷ
1190 1396 1307 1443 κλήρῳ
1377 1408 1547 1442 poenam,
1577 1402 1618 1434 ut
1649 1398 1790 1441 ordine,
1825 1408 1929 1443 quem
1957 1398 2051 1433 inter
2080 1398 2286 1434 sacerdotes
2317 1399 2456 1442 habuit,

227 1440 537 1489 καταλεγομένων.
579 1445 639 1475 καὶ
661 1441 728 1488 γὰρ
752 1440 797 1484 δὴ
819 1440 973 1486 κάκείνῳ
998 1441 1068 1485 τὴν
1089 1443 1172 1485 ἴσην
1195 1446 1308 1478 ἐπιτί-
1378 1443 1499 1486 cadat,
1536 1447 1572 1478 et
1606 1443 1734 1478 reddat
1767 1454 1892 1478 aurum
1929 1447 1992 1478 aut
2026 1453 2103 1485 res,
2143 1453 2235 1487 quae
2268 1445 2457 1480 occasione

229 1488 344 1531 θεμεν
364 1484 505 1530 ποινήν,
525 1485 568 1521 τὸ
589 1490 648 1520 καὶ
666 1488 728 1529 τῆς
743 1485 887 1528 τάξεως,
908 1484 952 1530 ἢν
972 1490 1012 1521 ἐν
1033 1487 1186 1533 ἱερεῦσιν
1205 1488 1309 1530 εἶχεν,
1378 1488 1613 1524 ordinationis
1647 1488 1753 1523 datae
1788 1492 1889 1532 sunt,
1925 1488 2092 1523 iniuriam
2125 1498 2254 1534 passae
2284 1493 2457 1533 quantum

227 1535 402 1574 ἐκπεσεῖν,
434 1535 495 1566 καὶ
525 1529 727 1566 ἀποδοῦναι
749 1531 792 1566 τὸ
823 1546 846 1574 χ
890 1536 971 1566 σίον
993 1530 1015 1576 ἢ
1037 1533 1084 1567 τὰ
1113 1532 1309 1579 πράγματα
1322 1537 1364 1570 30
1379 1533 1425 1568 ad
1448 1534 1564 1578 ipsum
1588 1533 1772 1569 ecclesiae.
1820 1533 1858 1568 Si
1881 1534 1961 1578 quis
1985 1535 2104 1569 autem
2135 1538 2387 1569 extraneorum
2410 1535 2458 1569 sit

226 1577 271 1612 τὰ
295 1575 474 1624 προφάσει
504 1578 566 1620 τῆς
596 1581 812 1621 χειροτονίας
865 1576 1018 1620 εδομένα
1049 1579 1093 1624 τῇ
1124 1582 1306 1624 περιυβρι-
1378 1583 1415 1613 et
1448 1589 1522 1614 non
1553 1579 1590 1613 in
1623 1579 1719 1614 clero
1756 1579 1990 1621 constitutus,
2026 1578 2088 1623 qui
2122 1589 2250 1614 aurum
2284 1583 2348 1614 aut
2382 1589 2457 1614 rem

226 1625 339 1666 σμένη
368 1620 411 1656 τό
441 1635 481 1668 γε
511 1620 595 1656 κατ’
630 1618 742 1656 αὐτὸν
773 1621 952 1665 ἐκκλησίᾳ.
998 1624 1044 1657 Εἰ
1079 1621 1122 1657 δέ
1148 1635 1203 1657 τις
1231 1625 1310 1657 τῶν
1377 1628 1526 1668 propter
1549 1624 1787 1668 patrocinium
1811 1623 2044 1660 ordinationis
2069 1623 2220 1668 accepit,
2248 1628 2284 1658 et
2306 1624 2458 1659 maxime

226 1658 372 1709 ἔξωθεν
395 1668 447 1710 εἴη
471 1670 531 1701 καὶ
555 1665 618 1701 οὐκ
642 1667 690 1701 εἰς
712 1666 843 1713 κλῆρον
865 1666 983 1702 τελῶν
1002 1665 1022 1702 ὁ
1049 1668 1092 1702 τὸ
1119 1672 1263 1715 χρυσίον
1287 1666 1309 1712 ἢ
1378 1669 1407 1704 Si
1431 1669 1774 1704 administrationem
1805 1669 1959 1713 aliquam
1989 1668 2171 1714 (habeat),
2199 1669 2348 1704 habebit
2377 1670 2456 1713 qui-

225 1712 268 1748 τὸ
301 1713 449 1760 πρᾶγμα
480 1710 539 1746 διὰ
571 1716 800 1759 προστασίαν
830 1711 897 1755 τὴν
933 1715 995 1748 ἐπὶ
1027 1714 1072 1760 τῇ
1107 1718 1310 1759 χειροτονίᾳ
1378 1714 1458 1749 dem
1480 1715 1559 1758 ipse
1582 1725 1605 1749 a
1628 1714 1694 1749 deo
1726 1725 1896 1759 poenam,
1927 1718 1963 1749 et
1996 1714 2190 1750 succedent
2218 1714 2252 1750 ei
2280 1714 2325 1749 de
2357 1715 2456 1750 caelo

227 1756 365 1802 λαβών,
397 1761 458 1791 καὶ
479 1756 638 1802 μάλιστα
661 1758 761 1804 εἴπερ
784 1756 898 1804 ἀρχὴν
921 1757 997 1801 ἔχοι
1018 1756 1118 1800 τινά,
1149 1760 1220 1800 ἕξει
1242 1761 1309 1803 μὲν
1323 1763 1363 1795 35
1378 1760 1569 1804 supplicia,
1600 1764 1842 1795 verumtamen
1869 1759 1975 1794 etiam
1999 1759 2094 1804 quod
2118 1760 2241 1794 datum
2263 1764 2318 1795 est
2340 1761 2456 1796 totum

226 1800 334 1838 αὐτὸς
357 1801 424 1846 τὴν
447 1804 487 1836 ἐκ
510 1803 601 1837 θεοῦ
625 1802 756 1846 ποινὴν
779 1806 839 1837 καὶ
868 1801 1099 1844 διαδέξονταί
1125 1817 1166 1850 γε
1196 1801 1309 1838 αὐτὸν
1378 1805 1539 1839 ablatum
1569 1805 1616 1840 ab
1641 1815 1683 1839 eo
1709 1805 1954 1841 sanctissimae
1985 1805 2160 1840 ecclesiae
2182 1805 2345 1841 omnibus
2374 1806 2454 1840 red-

227 1848 267 1882 αἱ
298 1848 337 1889 εξ
368 1845 522 1894 οὐρανοῦ
555 1851 745 1893 τιμωρίαι·
781 1847 877 1892 πλὴν
910 1846 1001 1883 ἀλλὰ
1028 1851 1090 1882 καὶ
1122 1848 1163 1887 τὸ,
1194 1848 1310 1884 δοθὲν
1378 1850 1485 1885 datur
1507 1850 1622 1885 modis
1647 1850 1811 1895 duplum:
1846 1851 1994 1894 insuper
2017 1849 2124 1885 etiam
2153 1850 2185 1885 si
2208 1861 2314 1895 quam
2345 1850 2454 1886 admi-

226 1890 326 1929 ἅπαν
355 1890 444 1939 ἀφαι
467 1894 558 1927 εθέν
589 1890 680 1939 παρ’
708 1891 818 1928 αὐτοῦ
849 1894 896 1936 τῆ
926 1891 1109 1941 άγιωτάτη
1141 1893 1309 1938 ἐκκλησίᾳ
1376 1895 1624 1931 nistrationem
1648 1895 1767 1938 habet,
1791 1906 1834 1930 ea
1851 1895 1968 1936 cadat,
1993 1899 2030 1929 et
2049 1899 2222 1939 perpetuo
2238 1895 2345 1931 exilio
2370 1907 2455 1931 con-

226 1939 340 1973 πᾶσιν
363 1907 604 1989 ἀποὸξιδόσθω
628 1935 773 1986 τρόποις
796 1928 1000 1981 διπλάσιον,
1024 1930 1114 1985 πρός
1136 1941 1208 1983 τῷ,
1238 1937 1306 1974 κᾶν
1374 1940 1571 1976 demnetur.
1619 1940 1713 1976 Illud
1751 1951 1893 1986 quoque
1921 1940 2013 1976 sciat
2044 1945 2168 1986 aperte
2205 1940 2266 1985 qui
2295 1941 2455 1986 pecuniis

226 1985 263 2018 εἴ
280 1998 365 2018 τινα
398 1979 509 2030 ἀρχην
533 1982 625 2038 ἔζιοι,
657 1982 791 2026 ταύτης
822 1986 1023 2027 ἐκπίπτειν,
1052 1987 1113 2018 καὶ
1144 1982 1311 2032 ἀειφυγίᾳ
1324 1988 1366 2020 40

228 2028 462 2072 ζημιοῦσθαι.
509 2031 663 2063 Κακεῖνο
686 2026 730 2063 δέ
755 2042 797 2076 γε
819 2029 911 2064 ἰ’στω
941 2030 1067 2076 σαφῶς
1089 2027 1109 2064 ὁ
1131 2027 1311 2075 χρήμασιν

270 2134 301 2154 υ.
325 2128 343 2154 o
367 2117 445 2153 δεῖν
468 2138 512 2144 -
536 2122 682 2166 κρατεῖν
710 2121 762 2154 cit.
787 2120 920 2154 Nomoc.
944 2120 1044 2155 XIV
1061 2133 1134 2164 cap.
1161 2123 1190 2161 1,
1214 2128 1241 2156 2.

271 2166 293 2208 ξ
318 2167 339 2200 9
359 2178 510 2198 summam
536 2178 575 2198 ex
596 2166 717 2199 Athon.
743 2165 864 2199 habent
886 2166 1017 2199 Nomoc.
1042 2166 1074 2198 L
1100 2168 1146 2199 tie.
1175 2168 1212 2199 11
1238 2173 1269 2200 et
1290 2166 1457 2205 Paratz'tla
1482 2167 1554 2200 coll.
1577 2174 1673 2201 const.
1700 2168 1775 2201 eccl.
1801 2168 1831 2207 3,
1857 2174 1872 2200 2
1890 2179 1925 2210 p.
1953 2168 2038 2201 1354
2069 2167 2170 2200 Voell.

225 2279 259 2315 ei
281 2279 501 2325 imponatur.
549 2276 591 2313 Si
613 2289 699 2314 vero
722 2278 911 2324 suscipiat,
938 2289 1048 2324 seque
1067 2290 1162 2324 quae
1185 2278 1259 2314 illis
1281 2279 1525 2321 continentur,
1549 2278 1675 2325 quoad
1696 2280 1773 2315 eius
1795 2278 1902 2314 homo
1923 2279 2052 2324 facere
2067 2279 2202 2326 possit,
2225 2278 2453 2325 impleturum

225 2324 407 2369 affirmet,
436 2327 510 2359 tum
533 2326 679 2358 moneat
700 2322 802 2358 illum
824 2327 861 2359 et
883 2323 999 2366 dicat,
1023 2323 1056 2358 si
1078 2323 1167 2359 haec
1190 2334 1265 2358 non
1289 2323 1470 2366 observet,
1492 2324 1580 2369 fore
1602 2327 1644 2359 ut
1665 2328 1702 2360 et
1723 2335 1746 2358 a
1770 2323 1836 2359 deo
1861 2323 2086 2359 abalienetur
2108 2327 2144 2360 et
2166 2323 2255 2360 data
2277 2324 2455 2371 diqnitate

225 2372 398 2411 exuatur,
421 2379 466 2404 ac
488 2379 534 2404 ne
556 2367 678 2404 civiles
700 2367 844 2420 quidem
867 2368 963 2415 leqes
985 2368 1154 2404 delictum
1176 2368 1332 2404 inultum
1354 2379 1431 2404 esse
1453 2368 1667 2411 relicturas,
1691 2369 1864 2415 quoniam
1887 2373 1924 2404 et
1945 2368 1990 2404 ab
2014 2369 2083 2411 eis,
2106 2369 2170 2415 qui
2193 2370 2277 2405 ante
2298 2380 2368 2405 nos
2390 2370 2454 2404 im-

222 2417 419 2461 perarunt,
453 2417 491 2450 et
517 2425 542 2448 a
569 2412 673 2449 nobis
700 2413 791 2460 ipsis
813 2418 910 2449 recte
932 2413 1066 2449 dictum
1090 2417 1146 2450 est
1168 2425 1190 2450 o
1220 2417 1340 2450 ortere
1362 2424 1490 2450 saeros
1513 2424 1671 2450 canones
1702 2414 1822 2466 tequm
1845 2413 1921 2450 vice
1950 2414 2080 2450 valere.
2128 2412 2267 2457 Quodsi
2287 2414 2342 2450 sic
2390 2425 2455 2450 uo-

251 2469 296 2495 ue
317 2462 538 2511 permaneat
571 2469 648 2494 rem
683 2470 742 2494 am
770 2458 922 2501 lectens,
961 2463 1034 2494 tum
1069 2469 1178 2495 secun
1204 2470 1265 2494 um
1298 2457 1367 2494 has
1396 2458 1550 2505 quisque
1605 2459 1831 2504 rofessiones
1860 2469 2004 2494 sacram
2038 2459 2272 2506 episcopatus
2306 2470 2351 2496 or
2383 2459 2465 2495 ‘nas

223 2471 250 2541 Z
297 2509 429 2540 tionem
451 2504 614 2551 recipiat.
743 2514 873 2550 amque
895 2515 941 2540 ne
956 2504 1119 2556 pecunia
1141 2507 1239 2540 emat
1266 2514 1355 2540 neve
1370 2515 1445 2551 per
1474 2515 1533 2540 res
1555 2515 1579 2539 a
1593 2504 1700 2551 iquas
1723 2503 1831 2539 datas
1853 2504 2041 2550 acquirat,
2074 2503 2139 2539 sed
2158 2515 2297 2550 puram
2319 2508 2356 2540 et
2376 2503 2456 2542 sine

224 2549 386 2586 mercede
413 2553 596 2594 tamquam
620 2560 644 2584 a
657 2548 723 2584 deo
745 2548 869 2584 datam
889 2549 1057 2596 accipiat.
1106 2549 1201 2585 Nam
1216 2549 1359 2585 etiamsi
1380 2548 1524 2595 reliqua
1547 2549 1669 2584 omnia
1693 2548 1825 2584 habeat
1847 2548 2034 2583 commoda
2057 2559 2152 2594 quae
2174 2553 2259 2584 ante
2281 2548 2453 2592 discimus,

219 2595 380 2641 pecunia
394 2599 513 2630 autem
529 2594 585 2630 vel
599 2593 706 2629 rebus
722 2594 971 2640 episcopatum
989 2594 1116 2630 emisse
1134 2605 1214 2630 eum
1233 2606 1282 2642 ap
1311 2598 1427 2636 areat,
1450 2594 1547 2629 sciat
1567 2605 1607 2629 se
1623 2597 1659 2629 et
1679 2593 1799 2640 ipsum
1817 2593 2065 2640 episcopatum
2081 2593 2296 2628 amissurum
2315 2598 2351 2629 et
2372 2605 2453 2629 eum

225 2641 289 2686 qui
305 2639 489 2675 ordinavit
502 2638 573 2675 hoc
588 2650 665 2674 esse
687 2650 832 2674 munere
847 2643 1172 2681 remuneraturum,
1197 2643 1239 2675 ut
1259 2640 1274 2674 i
1289 2639 1322 2675 le
1337 2650 1481 2685 quoquc
1497 2638 1710 2686 episcopatu
1729 2638 1896 2684 privetur
1918 2649 1997 2673 eum
2024 2649 2070 2673 ue
2084 2638 2249 2674 amittat:
2269 2638 2394 2685 itaque
2408 2650 2453 2675 ea

226 2696 285 2720 res
307 2684 454 2730 utrique
479 2684 585 2720 talem
607 2684 933 2719 remunerationem
956 2684 1104 2729 afferat,
1128 2688 1170 2720 ut
1191 2684 1285 2720 alter
1307 2695 1402 2730 quae
1423 2683 1599 2731 sperabat
1619 2694 1694 2718 non
1718 2683 1957 2730 adipiscatur,
1981 2694 2004 2718 a
2021 2687 2075 2718 ter
2097 2683 2206 2718 etiam
2229 2694 2323 2730 quae
2346 2682 2451 2720 habe·

223 2733 289 2767 bat
310 2729 475 2771 amittat,·
499 2729 661 2782 pecunia
687 2729 826 2765 scilicet
856 2728 1005 2765 rebusve
1034 2728 1279 2765 ordinationis
1301 2740 1414 2766 causa
1437 2729 1534 2765 datis
1555 2728 1804 2764 sanctissimae
1826 2727 1998 2764 ecclesiae
2020 2727 2248 2769 addicendis,
2279 2729 2354 2765 sive
2377 2730 2452 2775 epi-

224 2785 358 2822 scopus
378 2774 427 2810 sit
449 2785 510 2820 qm
535 2774 677 2820 accepit
705 2778 742 2810 et
769 2779 965 2821 propterea
987 2774 1194 2811 sacerdotio
1225 2774 1382 2817 excidit,
1413 2775 1488 2810 sive
1510 2774 1619 2810 etiam
1641 2784 1766 2810 eorum
1796 2773 1896 2819 quis,
1954 2773 1992 2808 ui
2014 2773 2053 2808 in
2081 2772 2179 2809 clero
2203 2779 2449 2810 numerantur.

225 2831 310 2855 nam
332 2818 388 2854 illi
411 2830 556 2871 quoquc
572 2830 703 2866 parem
726 2819 943 2871 imponimus
959 2830 1140 2866 poenam,
1170 2824 1212 2856 ut
1236 2819 1380 2862 ordine,
1413 2830 1518 2866 quem
1540 2818 1635 2855 inter
1657 2817 1865 2854 sacerdotes
1888 2817 1936 2853 lta
1959 2817 2059 2862 ebat,
2092 2817 2243 2854 eoecidat
2264 2825 2300 2854 et
2323 2830 2452 2855 aurum

225 2864 282 2901 vel
313 2875 372 2900 res
407 2864 651 2901 ordinationis
686 2869 810 2910 qratia
844 2864 952 2900 datas
985 2865 1157 2901 ecclesiae
1190 2864 1323 2901 reddat
1356 2863 1574 2900 contumelia
1603 2863 1721 2910 ipsius
1750 2873 1862 2898 causa
1891 2862 2056 2908 affectae.
2103 2861 2241 2906 Quodsi
2271 2864 2356 2912 quis
2386 2875 2451 2900 ex-

227 2915 377 2946 traneus
406 2913 444 2945 et
472 2909 536 2955 qui
566 2909 616 2944 ad
638 2909 772 2945 clerum
804 2921 878 2945 non
906 2910 1107 2957 pertineat,
1139 2921 1270 2946 aurum
1300 2909 1357 2946 vel
1384 2921 1461 2946 rem
1477 2919 1553 2957 pro
1578 2908 1790 2955 patrocinio
1814 2908 1853 2942 in
1877 2907 2107 2944 ordinatione
2129 2909 2358 2961 praestando
2390 2920 2450 2945 ac-

226 2955 332 3001 cepit,
356 2965 401 2990 ac
417 2955 637 3001 praesertim
654 2955 687 2989 si
709 2955 960 3001 maqistratum
980 2955 1135 3001 aliquem
1158 2959 1279 3002 qerat,
1313 2956 1346 2991 is
1369 2954 1512 3002 quidem
1532 2964 1689 3001 poenam
1712 2952 1870 2989 divinam
1891 2952 2082 2989 sustinebit
2102 2952 2351 3001 vandictaeque
2372 2965 2450 2990 eum

225 2999 396 3036 caelestes
418 2999 630 3042 manebunt,
659 2999 724 3035 sed
739 3004 936 3046 praeterea
959 3001 1065 3035 etiam
1089 3000 1190 3052 quod
1211 3000 1336 3036 datum
1358 3004 1413 3036 e-st
1436 3011 1539 3036 omne
1563 2998 1620 3034 illi
1643 2997 1804 3034 ablatum
1828 2998 2076 3034 sanctissimae
2102 2998 2272 3035 ecclesiae
2301 2999 2449 3046 duplum

227 3044 432 3080 omnimodo
456 3044 643 3087 reddatur,
677 3049 720 3080 ut
749 3045 857 3080 etiam
887 3045 1048 3091 insuper,
1078 3056 1110 3081 st
1140 3057 1246 3092 quem
1268 3045 1523 3092 maqistratum
1551 3048 1676 3091 qerat,
1707 3043 1751 3079 ab
1783 3054 1826 3079 eo
1857 3048 2086 3079 removeatur
2114 3048 2151 3080 et
2170 3049 2353 3091 perpetuo
2385 3055 2449 3081 ea:-

225 3089 290 3126 ilio
313 3090 492 3126 multetur.
527 3091 646 3136 Atque
664 3088 757 3126 illud
773 3101 935 3136 quoque,
959 3090 1023 3136 qui
1040 3091 1203 3137 pecunia
1222 3095 1288 3126 aut
1302 3089 1410 3126 rebus
1429 3090 1678 3137 episcopatum
1698 3088 1832 3130 emerit,
1857 3093 1957 3123 certo
1974 3089 2077 3130 sciat,
2101 3089 2135 3123 si
2151 3093 2258 3124 antea
2274 3089 2451 3125 diaconus

271 3195 292 3226 9
315 3189 398 3226 ἀντὶ
421 3191 545 3236 νόμου]
571 3203 632 3235 pro
655 3192 783 3234 legibus
807 3204 827 3229 ς’
847 3191 859 3246 ΙΙ
890 3195 929 3226 10
953 3182 1056 3227 οὗτος
1079 3194 1152 3227 MA
1181 3194 1194 3237 ΙΙ
1217 3194 1306 3237 *ἐμ·
1373 3194 1421 3227 R¹
1437 3193 1450 3237 ΙΙ
1468 3196 1489 3228 6
1512 3192 1655 3226 multum
1676 3191 1844 3234 reliquent
1863 3191 1912 3224 R¹
1931 3191 1943 3234 ΙΙ
1959 3194 1975 3224 '1
1999 3191 2087 3233 quod
2111 3196 2144 3224 et
2153 3193 2203 3233 V]
2229 3191 2419 3234 quodRal.

226 3240 342 3280 μείνοι
363 3239 404 3271 Μ
425 3239 443 3270 έ
469 3241 573 3281 μείνη
593 3238 625 3271 A
643 3237 655 3281 ΙΙ
674 3240 710 3271 11
738 3240 816 3272 ταῖς
838 3236 1041 3284 ομολογίαις
1061 3236 1205 3272 ταύταις
1228 3239 1305 3271 gna·
1376 3240 1416 3272 12
1439 3241 1553 3281 petum
1576 3238 1619 3271 iis
1643 3237 1691 3270 Β*
1709 3237 1721 3282 ΙΙ
1739 3238 1778 3270 15
1799 3235 1931 3277 habeat]
1956 3235 2062 3269 aliant
2082 3236 2162 3278 12¹1
2187 3238 2225 3271 17
2251 3239 2284 3269 et
2306 3250 2364 3270 om.
2382 3237 2416 3270 R

228 3294 318 3315 στον
339 3295 430 3316 κατα
455 3282 604 3325 ε’χεσθαι
626 3280 693 3325 τὴν
717 3280 816 3325 ἱερὰν
839 3285 867 3316 Α
900 3282 911 3326 ΙΙ
942 3286 981 3318 13
1012 3282 1190 3328 χρήμασιν
1215 3280 1304 3325 ὠνὴ-
1373 3283 1595 3326 episcopatum
1627 3282 1665 3316 V
1667 3287 1685 3304 ‘²
1723 3282 1836 3325 optatu
1865 3281 1914 3315 13¹
1948 3281 1961 3325 ΙΙ
2003 3284 2043 3316 18
2080 3284 2113 3314 ct
2148 3281 2212 3314 hoo
2241 3282 2374 3322 munus]
2409 3281 2446 3314 in

228 3327 369 3359 σασθαι
391 3326 481 3371 μήτε
505 3325 564 3362 διὰ
586 3324 812 3375 πραγμάτων
833 3324 965 3362 δόσεως
983 3329 1140 3363 τινῶνΑ
1159 3327 1171 3373 ΙΙ
1191 3331 1230 3364 16
1253 3325 1304 3362 δι·
1372 3329 1434 3361 hoc
1454 3329 1564 3363 minus
1586 3328 1620 3362 R
1649 3326 1661 3374 ΙΙ
1692 3329 1732 3362 19
1756 3329 1795 3360 ut
1817 3327 1862 3368 et]
1894 3329 1932 3359 ut
1954 3327 1988 3360 R
2014 3325 2027 3371 ΙΙ
2055 3328 2106 3367 eo]
2134 3325 2216 3359 adeo
2241 3327 2273 3359 R
2301 3327 2335 3367 (a
2356 3324 2444 3358 clero

229 3368 382 3414 δομένην
399 3375 429 3406 A
445 3373 457 3417 ΙΙ
474 3386 496 3415 χ
541 3371 610 3407 στὰ
632 3372 750 3415 ἔχοιΑ
765 3372 778 3417 ΙΙ
800 3375 837 3407 17
863 3370 1044 3418 πρόσθεν]
1067 3370 1228 3420 γυρόθεν
1245 3375 1276 3407 A
1372 3374 1472 3418 only.)
1498 3373 1511 3417 ΙΙ
1536 3374 1579 3407 20
1600 3374 1710 3413 causa]
1735 3382 1831 3405 cause
1851 3370 1889 3406 V
1890 3371 1905 3392 ³
1928 3372 1961 3406 in
1981 3384 2048 3405 ras.
2073 3373 2093 3406 3
2117 3371 2173 3404 lite.
2233 3370 2288 3403 hic
2311 3369 2444 3412 quidem

228 3412 262 3457 ἢ]
287 3426 340 3449 τις
362 3419 421 3449 καὶ
444 3420 475 3451 A
536 3420 576 3452 18
600 3420 742 3463 φανείη]
766 3417 799 3450 εἰ
849 3421 950 3460 ανείη
973 3420 1005 3452 A
1020 3419 1032 3461 ΙΙ
1054 3422 1093 3453 19
1118 3414 1225 3461 αὐτῆς
1246 3420 1277 3452 A
1371 3419 1434 3460 13¹1
1467 3421 1501 3451 et
1528 3418 1585 3451 hic
1609 3417 1742 3459 quidem
1765 3416 1816 3451 R*
1836 3416 1924 3460 vulq.
1955 3419 1988 3450 et
2007 3415 2139 3460 quidem
2207 3416 2217 3436 ¹
2248 3417 2282 3448 ot
2311 3414 2443 3456 quidem

228 3461 406 3511 καὶτοῦτο
419 3465 517 3496 om.A
535 3463 548 3507 ΙΙ
564 3464 607 3497 20
619 3430 951 3507 κᾶκεῖνοΜΐὯεᾳ.
965 3463 1042 3497 τῶν
1059 3461 1305 3508 ἐλπιζομένων
1371 3464 1435 3497 hoo
1459 3463 1497 3497 V
1501 3463 1517 3484 ²
1542 3462 1555 3515 ΙΙ
1582 3464 1624 3497 23
1648 3462 1850 3495 occasionem
1875 3461 1914 3495 V
1930 3462 1943 3505 ΙΙ
1967 3463 2008 3496 25
2032 3459 2174 3503 quilibet
2196 3458 2290 3511 VTJ·
2303 3458 2444 3512 quilibet

228 3517 277 3547 μη
300 3507 418 3546 τυχεῖν
440 3508 472 3540 A
489 3506 502 3550 ΙΙ
518 3510 558 3541 27
586 3506 750 3544 ἐκπεσών
772 3507 834 3551 τῆς
857 3506 1049 3555 ἱερωσύνης
1066 3510 1097 3542 A
1115 3508 1127 3553 ΙΙ
1143 3511 1182 3543 31
1207 3505 1303 3543 δεδο-
1371 3509 1458 3542 alius
1481 3507 1572 3551 (alim
1594 3507 1658 3550 R1)
1680 3507 1715 3541 R
1737 3507 1824 3551 vulq.
1839 3505 1853 3551 fl
1871 3507 1913 3541 27
1938 3506 2049 3548 quem]
2072 3514 2156 3547 quae
2179 3503 2218 3538 V
2225 3504 2234 3524 ¹
2280 3505 2381 3544 mter]
2404 3514 2441 3537 m

228 3551 321 3592 με’να
345 3558 418 3584 ante
441 3549 618 3596 προφάσει
649 3554 721 3586 coll.
745 3554 776 3587 A
803 3554 817 3597 ΙΙ
846 3554 889 3588 32
918 3551 961 3587 τό
983 3565 1024 3599 γε
1049 3554 1108 3595 Μ]
1142 3549 1230 3588 ὅσον
1261 3552 1303 3587 τὸ
1371 3553 1432 3606 Ru
1451 3555 1490 3588 31
1517 3553 1567 3594 in]
1590 3563 1633 3585 on
1651 3551 1689 3586 V
1693 3552 1705 3573 ²
1722 3551 1735 3597 ΙΙ
1751 3553 1793 3586 32
1817 3551 1957 3585 maxime
1980 3550 2020 3592 si]
2042 3549 2071 3582 ni
2093 3548 2233 3582 maximo
2303 3549 2442 3582 maxime

229 3595 260 3627 A
288 3592 302 3638 ΙΙ
329 3596 371 3629 38
403 3590 503 3628 ἅπαν
525 3592 726 3643 ἀφαιρεθὲν
749 3611 809 3631 om.
833 3599 863 3631 A
893 3597 906 3642 ΙΙ
933 3599 975 3632 39
1006 3595 1151 3644 τρόποις
1179 3595 1303 3634 άποδι·
1370 3598 1504 3641 quidem
1526 3597 1556 3631 si
1582 3598 1615 3632 T
1678 3598 1721 3632 33
1743 3596 1865 3630 habeat
1888 3597 2011 3630 inserui
2034 3593 2147 3634 (habet
2169 3594 2247 3627 add·
2269 3594 2318 3628 ed.
2339 3594 2442 3639 prust}

232 3635 360 3672 δόσθω
384 3636 575 3691 διπλάσιον
597 3637 711 3675 ἅπασι
734 3644 764 3675 A
779 3642 793 3687 ΙΙ
811 3645 850 3677 41
873 3654 914 3689 γε
936 3641 1040 3684 ἰ’στω]
1063 3641 1195 3689 γνώτω
1218 3645 1249 3678 A
1370 3645 1414 3678 34
1435 3642 1624 3676 succederet
1672 3643 1683 3662 ¹
1700 3641 1714 3686 ΙΙ
1729 3642 1772 3675 36
1796 3640 1837 3674 ab
1850 3643 1900 3682 eo]
1914 3640 2018 3674 habeo
2029 3639 2079 3673 R·
2096 3638 2109 3682 ΙΙ
2123 3637 2288 3680 omnibus]
2306 3639 2441 3673 omnino

267 3687 562 3730 ἰ’ῖῖᾱὶωωηιω
586 3697 616 3730 ei
638 3690 1317 3745 RWWR
1370 3688 1447 3733 1²⁸ss
1465 3689 1507 3723 38
1531 3687 1632 3721 habet
1651 3699 1709 3721 om.
1734 3686 1794 3728 ιιι,
1818 3685 1938 3720 habent
1959 3685 2009 3720 ω.
2027 3696 2082 3729 pr.
2105 3683 2196 3728 (Gr.)
