2612 4016
264 165 372 218 App.
390 163 468 206 VII
499 164 635 204 5—12

1318 155 1398 202 800

1851 170 2144 205 CONSTITUTIO
2173 172 2462 206 FRAGMATIGA

259 272 436 307 actionem
459 271 515 306 vel
537 269 732 314 potentiam
755 269 809 304 vel
831 268 980 312 gratiam
1003 267 1100 311 apud
1123 276 1203 303 eum
1226 266 1454 307 habentibus,
1479 267 1552 303 sive
1567 267 1767 304 venditione
1783 268 1838 304 vel
1855 268 2135 316 quibuscumque
2151 270 2325 307 contracti
2340 272 2465 314 titulis,

258 316 362 351 modo
393 324 476 350 vero
508 314 602 359 quod
634 313 769 349 factum
792 318 847 348 est
870 313 970 392 prius
990 311 1145 347 rescindi
1164 311 1377 353 desiderare,
1401 314 1527 356 utpote
1550 322 1614 357 per
1637 313 1839 349 violentiam
1861 314 1916 349 vel
1939 324 2003 359 per
2024 320 2156 351 metum
2179 315 2355 361 tyrannici
2377 320 2466 352 tem-

260 360 356 412 poris
387 359 533 402 factum,
567 358 744 393 sancimus
775 357 868 393 omni

895 368 938 392 us
967 366 1046 392 esse
1069 356 1247 391 licentiam
1271 356 1327 391 sui
1345 356 1543 400 recipiendi
1566 357 1638 393 sive
1661 358 1863 394 vindicandi
1885 359 1941 394 vel
1964 360 2200 404 possessionis
2224 370 2246 395 a
2265 360 2382 396 iudice
2404 361 2466 396 ad-

257 404 474 447 ipiscendae,
499 403 625 447 pretiis
648 402 894 437 tantummodo
918 401 1082 437 videlicet
1104 400 1286 442 restitutis,
1310 410 1401 445 quae
1425 405 1541 436 tamen
1567 411 1608 437 eo
1633 402 1693 447 qui
1716 412 1755 439 se
1778 403 1919 439 dedisse
1941 404 2104 448 perhibet
2123 405 2344 450 adprobante
2366 415 2466 440 vera-

260 449 349 483 citer
377 447 578 482 constiterit
601 447 772 487 exsoluta,
797 455 863 481 nec
886 445 1006 489 aliquo
1031 448 1158 489 postea
1180 445 1284 481 modo
1307 445 1363 480 vel
1386 445 1512 481 fraude
1535 446 1720 482 subtracta
1741 448 1796 483 vel
1817 448 1862 483 ab
1887 449 1928 484 'eo
1952 452 2112 493 recepta3
2138 459 2217 486 cum
2239 460 2310 485 non
2332 450 2467 494 absque
2491 451 2510 483 5

256 492 394 527 ratione
422 501 500 528 esse
529 494 708 536 putamus,
739 490 850 525 multa
879 491 967 525 tunc
998 489 1167 533 temporis
1190 499 1256 535 per
1278 491 1413 525 metum
1435 491 1491 527 vel
1515 491 1718 527 violentiam
1741 492 1841 528 facta
1864 501 1954 537 esse,
1982 503 2072 538 quae
2096 494 2226 529 nostris
2249 495 2467 540 temporibus

258 536 413 571 rescindi
437 536 599 581 exposcit
621 535 774 579 iustitia3
799 543 915 579 poena
937 534 1101 570 videlicet
1122 534 1366 571 instrumentis
1390 534 1526 577 inserta
1548 538 1697 581 propter
1718 537 1920 582 praedictas
1944 538 2146 574 sanctiones
2165 538 2279 575 modis
2303 539 2468 575 omnibus

256 580 470 626 quiescente.
518 581 601 617 Dat.
626 580 694 616 sub
718 580 775 615 die
797 589 891 615 anno
914 582 951 615 et
974 588 1072 615 cons.
1098 589 1145 615 ss.

255 672 280 707 6
414 670 479 706 De
511 673 710 713 tempore
743 668 1042 713 postliminii,
1076 668 1121 704 id
1155 671 1224 704 est
1256 671 1359 714 post
1394 669 1732 714 captivitatem.
1782 670 1870 706 Cum
1903 673 2022 706 autem
2054 671 2120 708 deo
2155 672 2310 718 propitio
2342 675 2466 708 nostro

256 715 402 760 imperio
435 715 508 750 sint
538 723 659 749 omnes
687 713 853 756 restituti,
885 713 1064 749 sancimus
1093 722 1160 758 pro
1191 716 1396 749 nostrarum
1421 714 1538 758 legum
1569 715 1784 751 auctoritate
1814 715 1960 760 triginta
1987 725 2054 751 nec
2077 726 2149 752 non
2172 720 2208 752 et
2231 716 2467 762 quadraginta
2494 718 2534 752 10

1276 772 1292 789 a»
1309 772 1325 789 ο
1343 772 1359 790 ε
1384 758 1502 794 locum
1534 759 1666 795 habere
1701 762 1738 795 et
1761 769 1862 796 suam
1885 763 2007 796 tenere
2027 770 2091 805 per
2115 762 2233 797 omnia
2256 761 2468 804 firmitatem,

256 770 427 796 annorum
458 758 785 803 praescriptionem,
816 758 906 794 alias
935 758 1083 803 insuper
1113 757 1250 801 legibus

254 805 310 839 his
341 804 528 839 dumtaxat
550 802 782 848 temporibus,
815 812 906 848 quae
930 803 975 838 ab
1000 803 1153 839 adventu
1176 805 1409 848 tyrannorum
1432 803 1562 839 bellica
1585 804 1748 840 confusio
1773 805 2048 850 comprehendit,
2076 807 2281 842 nullatenus
2303 806 2341 841 in
2364 816 2468 852 prae-

255 849 486 901 scriptionum
522 847 708 884 curriculis
743 847 971 893 imputandis.

255 894 377 929 Basilii
401 904 453 930 vc.
479 903 573 929 anno
597 892 696 929 XIII.

1030 848 1114 884 Dat.
1144 847 1192 883 id.
1224 848 1314 892 Aug.
1348 848 1418 884 GP.
1451 849 1534 893 imp.
1567 848 1626 884 dn.
1658 849 1845 885 IustIniani
1876 860 1936 895 pp.
1961 850 2054 894 Aug.
2086 860 2180 888 anno
2211 850 2377 887 XXVIII.
2410 861 2468 896 pc.

2308 897 2354 937 [a.
2380 898 2468 937 554]

256 984 276 1018 7
410 983 466 1018 Ut
488 982 792 1018 instrumenta
814 981 961 1017 inrita
983 981 1117 1061 ἕπου)
1140 983 1429 1018 revocentur.
1476 982 1583 1027 <Cum
1608 982 1743 1027 autem>
1766 983 2004 1035 cognovimus,
2030 984 2113 1018 dum
2135 984 2276 1019 hostilis
2298 984 2468 1019 ferocitas
2497 986 2533 1018 15

256 1028 454 1063 Romanam
486 1027 664 1063 civitatem
694 1026 749 1062 vel
781 1026 869 1062 alias
901 1026 980 1062 obsi

1006 1029 1091 1069 eret,
1124 1026 1282 1062 diversos
1314 1030 1520 1062 contractus
1553 1037 1632 1063 esse
1663 1026 1780 1063 factos
1810 1030 1903 1063 inter
1927 1027 2107 1064 Romanos
2154 1028 2192 1063 ui
2214 1028 2469 1064 obsidebantur

254 1072 309 1108 vel
340 1073 446 1107 etiam
475 1072 711 1108 instrumenta
745 1071 962 1116 conscripta,
994 1072 1031 1106 in
1059 1072 1241 1116 praesenti
1273 1081 1355 1107 vero
1388 1071 1562 1117 quosdam
1592 1071 1796 1117 praedictos
1830 1076 2038 1109 contractus
2060 1073 2262 1109 rescindere
2283 1074 2339 1109 vel
2363 1073 2468 1109 etiam

256 1117 494 1153 instrumenta
523 1117 625 1152 irrita
654 1126 836 1158 revocare,
869 1116 1064 1158 sancimus,
1094 1116 1163 1152 etsi
1192 1118 1318 1160 postea
1348 1126 1413 1161 per
1445 1116 1610 1152 hostilem
1641 1116 1878 1153 incursionem
1902 1117 2104 1153 huiusmodi
2134 1119 2345 1154 documenta
2374 1118 2468 1163 peri-

255 1165 370 1205 erunt,
402 1162 535 1198 nullam
567 1171 645 1197 esse
675 1161 855 1196 licentiam
887 1170 978 1205 quae
1008 1160 1106 1196 facta
1137 1164 1222 1197 sunt
1252 1161 1465 1204 infirmandi,
1490 1162 1552 1198 sed
1580 1171 1702 1197 omnes
1721 1165 1927 1197 contractus
1952 1162 2146 1199 obsidionis
2169 1166 2328 1208 tempore
2350 1163 2467 1199 factos

254 1207 292 1242 in
323 1216 388 1242 sua
418 1206 586 1242 firmitate
617 1206 766 1248 durare,
796 1206 1041 1241 instrumentis
1072 1206 1179 1241 etiam
1210 1209 1467 1251 competentem
1496 1205 1566 1242 vim
1597 1206 1773 1242 habituris
1804 1210 1840 1242 et
1871 1207 1969 1243 nullo
2002 1217 2067 1252 per
2097 1218 2220 1244 eorum
2243 1208 2468 1244 amissionem
2493 1209 2535 1242 20

951 1251 1054 1295 Quod
1085 1251 1179 1286 enim
1208 1251 1275 1286 rite
1298 1251 1497 1296 perfectum
1520 1253 1592 1296 est,
1626 1261 1691 1296 per
1713 1251 1880 1288 fortuitos
1903 1252 1988 1288 belli
2012 1262 2116 1289 casus
2139 1252 2299 1289 subverti
2331 1252 2469 1289 subtili-

255 1252 407 1287 dominis
437 1250 659 1296 praeiudicio
689 1251 903 1295 generando.

255 1296 340 1332 tatis
363 1306 437 1332 non
459 1296 596 1342 patitur
615 1295 720 1332 ratio.
766 1295 850 1332 Dat.
875 1305 969 1331 anno
988 1295 1045 1331 die
1070 1299 1104 1331 et
1128 1305 1226 1332 cons.
1252 1306 1300 1332 ss.

257 1387 281 1422 8
417 1385 449 1421 D
460 1395 479 1421 e
502 1386 639 1421 rebus
663 1385 909 1421 mobilibus
932 1384 1003 1420 vel
1025 1384 1355 1421 immobilibus.
1403 1385 1475 1422 Res
1500 1385 1646 1430 insuper
1668 1385 1817 1422 mobiles
1832 1386 1887 1421 vel
1901 1386 2096 1422 immobiles
2113 1396 2260 1432 seseque
2276 1389 2469 1430 moventes,

256 1440 344 1475 quas
377 1440 399 1466 a
426 1430 640 1466 Theudorici
671 1430 764 1475 regis
788 1430 1007 1475 temporibus
1031 1440 1145 1475 usque
1167 1431 1214 1466 ad
1237 1430 1480 1466 nefandissimi
1504 1430 1644 1466 Totilae
1668 1434 1918 1475 superventum
1944 1441 2164 1476 quocumque
2186 1432 2264 1467 iure
2286 1432 2341 1468 vel
2364 1432 2469 1467 titulo

254 1475 409 1511 Romani
440 1475 644 1520 possedisse
673 1478 871 1511 noscuntur
901 1485 966 1520 per
997 1484 1036 1510 se
1067 1475 1121 1510 vel
1152 1474 1436 1511 usufructuarias
1459 1475 1514 1511 vel
1536 1475 1626 1510 alias
1649 1485 1833 1520 personas,
1857 1486 1921 1529 per
1946 1485 2035 1521 quas
2058 1486 2342 1522 unumquemque
2363 1486 2466 1522 prae·
2492 1478 2534 1511 25

256 1520 351 1565 cepit
373 1520 567 1565 possidere,
590 1520 628 1555 in
647 1523 831 1565 posterum
854 1519 932 1556 sine
954 1519 1074 1565 aliqua
1097 1520 1330 1556 concussione
1353 1520 1450 1565 apud
1473 1530 1534 1556 eos
1558 1530 1751 1564 servamus,
1776 1530 1819 1557 eo
1841 1520 2007 1557 videlicet
2030 1521 2163 1565 ordine,
2189 1532 2258 1566 quo
2282 1531 2347 1567 per
2363 1531 2467 1567 prae-

263 1565 360 1600 dicta
382 1569 544 1610 tempora
568 1565 709 1600 easdem
730 1574 789 1601 res
813 1564 1016 1610 possedisse
1038 1567 1246 1601 noscuntur.
1295 1565 1378 1601 Dat.
1403 1575 1496 1601 anno
1521 1564 1578 1600 die
1602 1568 1637 1600 et
1659 1565 1782 1601 indict.
1806 1575 1852 1601 ss.

255 1655 280 1691 9
417 1655 503 1691 Pro
535 1654 826 1690 immunitate
854 1653 1145 1691 tributorum.
1192 1654 1248 1691 Ne
1278 1657 1397 1690 autem
1427 1654 1640 1690 tributorum
1665 1655 1861 1691 exactionis
1885 1654 2018 1691 intuitu
2040 1655 2262 1691 habitatores
2287 1654 2471 1701 patiantur

256 1699 438 1735 molestias
471 1710 713 1744 quascumque
742 1699 1015 1751 provinciarum,
1047 1700 1225 1736 sancimus
1256 1699 1389 1734 nullius
1419 1699 1563 1735 maioris
1587 1700 1766 1743 dignitatis
1791 1700 1911 1736 officia
1933 1710 1997 1745 pro
2023 1700 2202 1744 exigendis
2225 1699 2470 1736 functionibus

257 1744 370 1788 dirigi,
404 1745 467 1779 sed
499 1754 563 1789 per
594 1745 858 1788 provinciarum
887 1743 1024 1779 iudices
1055 1747 1092 1780 et
1122 1754 1246 1780 eorum
1277 1744 1396 1779 officia
1421 1758 1437 1775 ιι
1455 1758 1471 1775 ι»
1490 1758 1505 1775 ιι
1532 1745 1778 1789 quodcumque
1802 1745 1969 1781 damnum
1993 1745 2180 1781 collatores
2204 1745 2381 1781 sustinere
2394 1755 2470 1797 ‚pro
2493 1746 2537 1779 30

256 1789 471 1823 tributorum
501 1789 689 1823 videantur
719 1788 923 1832 exactione3
954 1788 1098 1824 licentia
1125 1799 1198 1824 non
1230 1789 1437 1832 deneganda
1468 1789 1660 1824 maioribus
1688 1790 1866 1825 iudicibus
1896 1793 1932 1824 et
1961 1799 2083 1824 eorum
2115 1790 2261 1832 officiis,
2293 1790 2324 1825 si
2355 1800 2471 1825 minus

257 1832 390 1868 inlatae
419 1832 554 1868 fuerint
583 1832 797 1874 functiones,
828 1832 926 1877 ipsos
955 1833 1092 1868 iudices
1122 1836 1159 1868 et
1181 1842 1304 1868 eorum
1326 1832 1449 1868 officia
1473 1834 1670 1876 convenire,
1694 1837 1730 1868 et
1753 1833 1846 1877 quod
1870 1833 1985 1868 minus
2009 1836 2065 1868 est
2083 1834 2235 1869 inlatum
2255 1834 2405 1879 exigere,
2429 1837 2471 1870 ut

257 1879 331 1912 tam
354 1877 517 1922 publicae
539 1877 695 1913 rationes
721 1886 826 1922 quam
850 1876 1029 1913 collatoris
1052 1877 1187 1913 utilitas
1211 1879 1435 1923 procuretur.
1483 1876 1568 1912 Dat.
1593 1887 1687 1913 anno
1712 1877 1769 1913 die
1792 1880 1828 1913 et
1853 1888 1950 1913 cons.
1976 1887 2024 1913 ss,

258 1967 307 2003 10
419 1966 481 2001 De
514 1965 872 2009 confirmatione
903 1965 1214 2001 absolutionis
1246 1965 1542 2002 tributorum.
1589 1966 1754 2010 Ipsarum
1787 1966 1879 2001 enim
1911 1966 2134 2001 functionum
2166 1967 2377 2003 solutionem
2406 1978 2472 2012 per

259 2013 431 2046 consueta
455 2011 535 2046 loca
565 2010 619 2046 vel
651 2012 813 2054 tempora
845 2010 1049 2045 solemniter
1070 2010 1310 2055 praecipimus
1333 2010 1421 2051 fieri,
1444 2010 1542 2045 nulla
1565 2010 1793 2046 innovatione
1814 2021 1879 2054 per
1901 2011 2068 2046 hostilem
2086 2011 2280 2051 ,adventum
2303 2012 2471 2048 solutioni
2493 2014 2536 2048 35

258 2055 472 2090 tributorum
503 2055 646 2099 penitus
677 2054 872 2097 inferenda,
905 2054 968 2090 sed
1002 2065 1067 2099 pro
1091 2064 1158 2089 sua
1181 2054 1438 2089 consuetudine
1461 2054 1517 2088 vel
1540 2057 1743 2090 nostrorum
1766 2054 2018 2090 beneficiorum
2041 2058 2164 2091 tenore
2187 2055 2260 2092 sive
2283 2056 2331 2091 ad
2352 2066 2471 2093 arcam

258 2100 334 2135 sive
353 2100 391 2135 in
412 2099 597 2144 provincia
619 2108 906 2143 unumquemque
929 2098 1140 2135 solutionem
1161 2098 1198 2134 in
1219 2101 1401 2143 posterum
1426 2098 1533 2133 etiam
1554 2099 1745 2135 celebrare.
1791 2099 1874 2134 Dat.
1899 2109 1992 2135 anno
2017 2099 2073 2135 die
2097 2102 2133 2135 et
2158 2110 2255 2136 cons.
2281 2111 2328 2137 ss.

259 2191 304 2225 11
417 2188 471 2224 Ut
504 2188 631 2233 leges
666 2188 994 2233 imperatorum
1027 2197 1105 2233 per
1138 2187 1410 2233 provincias
1444 2187 1648 2232 ipsorum
1683 2187 1953 2224 dilatentur.
2011 2188 2094 2224 Iura
2124 2189 2271 2234 insuper
2301 2191 2355 2227 vel
2377 2191 2471 2236 leges

260 2232 444 2269 codicibus
467 2234 600 2269 nostris
623 2234 787 2276 insertas,
822 2243 910 2278 quas
930 2233 1001 2268 iam
1025 2233 1092 2268 sub
1116 2232 1258 2268 edictali
1281 2234 1541 2277 programmate
1559 2232 1597 2268 in
1611 2232 1750 2268 Italiam
1765 2232 1898 2268 dudum
1912 2233 2082 2277 misimus,
2106 2234 2266 2270 obtinere
2280 2235 2469 2272 sancimus.

258 2278 328 2313 Sed
359 2283 394 2313 et
426 2288 499 2320 eas,
532 2289 620 2323 quas
652 2280 779 2323 postea
805 2278 1104 2322 promulgavimus
1132 2277 1415 2320 constitutiones,
1450 2277 1614 2312 iubemus
1647 2278 1713 2313 sub
1738 2277 1882 2313 edictali
1929 2278 2148 2331 repositione
2170 2280 2316 2325 vulgari,
2336 2280 2406 2324 <et>
2425 2291 2468 2316 ex
2493 2282 2536 2315 40

258 2333 300 2358 eo
327 2326 502 2367 tempore,
534 2334 605 2368 quo
635 2324 702 2358 sub
733 2322 875 2358 edictali
905 2325 1166 2368 programmate
1196 2322 1360 2365 vulgatae
1379 2322 1523 2365 fuerint,
1547 2322 1654 2357 etiam
1677 2332 1742 2367 per
1761 2326 1881 2367 partes
1922 2324 2029 2358 tahae
2053 2323 2222 2368 obtinere,
2245 2327 2286 2360 ut
2308 2334 2380 2360 una
2404 2325 2469 2361 deo

258 2367 396 2403 volente
421 2368 519 2403 facta
541 2367 726 2413 republica
749 2368 864 2412 legum
887 2367 995 2403 etiam
1018 2371 1220 2403 nostrarum
1238 2367 1371 2412 ubique
1393 2367 1591 2412 prolatetur
1614 2367 1822 2404 auctoritas.
1869 2367 1952 2404 Dat.
1978 2378 2071 2404 anno
2096 2368 2153 2405 die
2176 2372 2211 2405 et
2235 2379 2330 2405 cons.
2351 2379 2399 2406 ss.

258 2458 303 2493 12
416 2457 478 2493 De
501 2457 600 2492 suff
609 2457 732 2501 ragio
758 2456 1045 2493 collatorum.
1080 2456 1343 2492 Provinciarum
1367 2456 1474 2492 etiam
1496 2456 1630 2492 iudices
1653 2457 1699 2492 ab
1720 2457 1898 2502 episcopis
1915 2460 1951 2493 et
1965 2457 2174 2503 primatibus
2190 2457 2470 2503 uniuscuiusque

259 2501 412 2554 regionis
443 2502 590 2538 idoneos
621 2501 798 2546 eligendos
819 2504 855 2537 et
878 2501 1096 2537 sufficientes
1120 2502 1165 2536 ad
1188 2502 1347 2536 locorum
1370 2501 1712 2536 administrationem
1735 2512 1779 2538 ex
1801 2502 1887 2547 ipsis
1911 2502 2075 2538 videlicet
2098 2502 2261 2538 iubemus
2283 2502 2362 2538 fieri
2383 2514 2468 2547 pro·

259 2547 393 2589 vinciis,
422 2557 510 2591 quas
541 2547 823 2582 administraturi
847 2550 942 2590 sunt,
973 2547 1048 2582 sine
1072 2546 1253 2590 suffragio,
1286 2546 1399 2582 solitis
1424 2546 1529 2581 etiam
1553 2546 1724 2582 codicillis
1748 2557 1813 2591 per
1836 2549 2093 2592 competentem
2115 2547 2267 2583 iudicem
2290 2548 2341 2583 eis
2363 2557 2466 2593 prae·
2492 2552 2534 2584 45

260 2591 398 2627 standis
423 2592 473 2627 ita
506 2592 685 2634 videlicet,
718 2595 759 2626 ut
791 2591 821 2627 si
851 2591 1007 2636 aliquam
1038 2592 1270 2627 collatoribus
1301 2590 1492 2627 laesionem
1523 2591 1686 2627 intulisse
1708 2592 1932 2628 inveniantur
1954 2595 2019 2628 aut
2042 2602 2152 2637 supra
2176 2594 2313 2628 statuta
2334 2592 2468 2628 tributa

308 2707 324 2740 1
349 2715 485 2747 granam
514 2706 549 2738 U
567 2703 579 2748 ΙΙ
608 2703 820 2736 uenditiones
843 2701 924 2744 PU]
956 2703 1156 2736 uinditionis
1186 2703 1254 2736 sive
1277 2703 1334 2736 do-

261 2750 407 2783 nationis
431 2751 486 2791 M,
515 2762 596 2783 corr.
622 2749 789 2790 Pithoeus,
820 2747 1022 2781 venditionis
1050 2749 1180 2782 Haenel
1210 2747 1223 2790 ΙΙ
1256 2758 1333 2781 eon-

261 2797 386 2827 tractus
411 2792 623 2872 Zachariaely
641 2792 758 2826 titulos
781 2793 864 2834 PM,
888 2792 989 2826 titulo
1009 2790 1041 2827 U
1055 2791 1061 2836 Ι
1084 2794 1104 2826 2
1128 2792 1184 2826 uel
1201 2793 1249 2833 P]
1275 2794 1334 2826 aut

261 2840 303 2872 M
310 2838 338 2873 U
351 2838 363 2883 ΙΙ
381 2838 562 2882 tyrannicis
633 2837 646 2882 ΙΙ
665 2839 685 2872 3
705 2838 925 2880 possessiones
949 2839 1042 2871 codd.
1066 2837 1071 2882 Ι
1090 2839 1111 2871 4
1135 2837 1277 2881 praeciis
1294 2838 1341 2871 M

260 2882 274 2928 11
296 2886 391 2925 quae]
413 2885 471 2926 qui
496 2884 529 2917 P
548 2884 560 2927 ΙΙ
586 2884 605 2915 5
627 2882 735 2924 aliqui
761 2883 793 2918 U
812 2883 824 2926 ΙΙ
853 2884 873 2916 6
896 2885 1049 2926 potamus
1072 2882 1120 2916 M
1135 2883 1148 2926 ΙΙ
1174 2882 1333 2926 temporis

261 2929 378 2968 Kroll]
403 2932 548 2971 tempore
573 2929 648 2961 libri
669 2927 681 2971 ΙΙ
707 2930 725 2961 7
750 2927 914 2960 iustitiam
942 2927 973 2961 U
991 2927 1004 2970 ΙΙ
1030 2940 1072 2960 an
1096 2927 1293 2970 actionesNJ
1313 2929 1333 2962 8

263 2975 296 3005 et
315 2985 373 3005 om.
399 2973 430 3008 U
442 2973 454 3016 ΙΙ
471 2975 491 3007 9
516 2976 664 3015 tempora
688 2973 779 3005 codd.
798 2972 810 3015 ΙΙ
826 2974 902 3014 post
925 2971 1080 3004 liminum
1104 2973 1145 3014 P,
1169 2971 1334 3014 postlimi-

262 3018 355 3050 nium
380 3018 426 3051 M
435 3018 447 3061 Η
465 3019 516 3051 est
538 3031 595 3051 om.
621 3018 656 3049 P
676 3017 688 3060 ss
714 3017 909 3058 captiuitate
933 3017 967 3049 P
981 3015 993 3060 ΙΙ
1009 3017 1087 3049 dum
1112 3017 1184 3051 MU
1199 3016 1211 3059 ΙΙ
1228 3016 1335 3049 nostri

262 3062 395 3104 imperii
422 3063 452 3097 U
470 3062 482 3105 ΙΙ
509 3064 550 3096 10
575 3062 806 3094 auctoritatem
835 3061 866 3096 U
877 3061 888 3104 ΙΙ
908 3063 947 3096 11
973 3061 1247 3104 perscriptionem

263 3106 338 3139 aliis
361 3109 441 3139 coni.
468 3108 605 3140 Skutsch
623 3106 635 3149 ΙΙ
659 3107 806 3147 cognitas
828 3107 934 3149 suppl.
959 3107 1157 3148 Zachariae,
1188 3118 1229 3139 an
1254 3105 1332 3138 defi-

263 3150 395 3185 nitam?
421 3151 433 3193 ΙΙ
458 3161 518 3183 sua
544 3151 575 3185 U
593 3150 605 3192 ΙΙ
632 3152 673 3184 12
697 3150 739 3182 ad
763 3151 837 3184 PM
859 3151 871 3191 ΙΙ
894 3151 1076 3183 aduentum
1101 3150 1177 3185 MU
1188 3150 1201 3193 ΙΙ
1218 3151 1333 3183 consu-

263 3194 354 3227 sione
380 3195 410 3230 U
423 3196 434 3238 ΙΙ
460 3195 732 3238 perscriptionem
758 3195 789 3230 U
806 3195 818 3238 ΙΙ
840 3196 880 3229 13
906 3195 985 3236 ΟΡ.]
1008 3196 1111 3228 const.
1137 3194 1218 3236 PM,
1242 3205 1332 3228 cons.

266 3239 298 3272 U
308 3241 319 3281 ΙΙ
339 3239 422 3271 dom.
447 3250 503 3272 nn.
527 3239 710 3272 iustiniano
734 3250 789 3282 pp.
814 3241 854 3280 P,
885 3239 994 3272 domn.
1018 3250 1051 3272 n.
1076 3239 1258 3272 iustiniano
1281 3250 1332 3282 po.

265 3283 314 3321 M,
339 3283 413 3315 dom
448 3286 560 3316 nostro
584 3283 768 3316 iustiniano
793 3294 843 3326 pe.
873 3284 925 3327 [ΙΙΙ
944 3295 1019 3325 aug.
1043 3297 1102 3317 om.
1127 3284 1202 3319 MU
1213 3284 1226 3328 ΙΙ
1245 3294 1332 3317 anno

265 3325 396 3359 XVIII.
423 3328 477 3370 UH
508 3330 547 3362 14
570 3328 669 3360 basili
695 3328 775 3369 PM,
802 3328 956 3361 basilium
983 3329 1038 3372 UH
1055 3339 1104 3362 vc.
1129 3341 1187 3362 om.
1218 3328 1273 3372 [ΙΙΙ
1292 3331 1331 3362 15

265 3373 351 3403 rubr.
377 3384 434 3404 om.
461 3372 504 3404 Μ
523 3376 535 3414 ll
556 3383 624 3404 non
650 3373 726 3406 add.
741 3371 926 3406 Zachariae
950 3373 1210 3417 (Osenbriiyyen)
1226 3372 1239 3416 Ι]
1258 3384 1332 3406 cum

266 3418 375 3447 autem
399 3418 516 3448 addidi
530 3417 542 3459 ΙΙ
560 3416 694 3448 hostiles
718 3417 792 3450 MU
803 3416 815 3460 ll
835 3419 876 3451 16
905 3417 1063 3450 obsiderit
1086 3419 1137 3460 M,
1161 3418 1333 3451 obsederet

271 3458 301 3491 U
313 3458 325 3501 ΙΙ
341 3461 527 3492 contractos
551 3461 601 3500 M,
626 3462 846 3493 contractores
864 3462 892 3495 U
906 3465 918 3504 ΙΙ
936 3462 1043 3495 sactus
1056 3461 1114 3505 ΡΙΙ
1132 3462 1331 3495 obsedeban-

266 3504 321 3533 tur
347 3503 377 3536 U
396 3507 408 3543 ΙΙ
439 3506 476 3536 17
503 3506 688 3537 contractos
715 3505 746 3538 U
763 3505 775 3547 ΙΙ
801 3507 841 3538 18
866 3504 963 3538 irrita
987 3519 1044 3539 om.
1067 3507 1142 3541 MU
1156 3506 1168 3550 ΙΙ
1183 3517 1244 3549 pro
1272 3506 1304 3541 U
1319 3506 1331 3550 ΙΙ

269 3547 309 3579 19
334 3557 371 3578 ca
393 3547 545 3579 firmandi
573 3547 604 3581 U
617 3561 654 3581 ex
678 3561 759 3581 corr.
788 3548 801 3590 11
829 3549 934 3581 omnis
958 3551 1005 3584 M
1020 3550 1032 3593 11
1057 3552 1242 3583 contractos
1270 3551 1302 3586 U
1320 3551 1332 3595 ss

267 3589 373 3622 faetus
397 3591 440 3623 M
459 3591 472 3633 ΙΙ
496 3592 538 3624 20
562 3591 709 3624 habituri
730 3593 762 3624 P
776 3592 788 3634 ΙΙ
805 3594 838 3624 et
865 3593 908 3633 U]
934 3594 991 3626 sed
1014 3596 1087 3628 PM
1100 3594 1112 3638 ΙΙ
1131 3595 1263 3628 nullum
1285 3614 1330 3620 --

267 3634 507 3675 praeiudicium
536 3636 758 3675 generandum
784 3638 888 3676 codd,
913 3649 996 3670 corr.
1021 3637 1207 3672 Zachariae
1241 3643 1253 3682 ΙΙ
1286 3641 1326 3674 21

269 3678 366 3716 enim]
391 3676 515 3710 domini
539 3679 572 3710 P
592 3679 604 3722 ss
629 3679 769 3713 fortuitu
796 3679 827 3715 U
838 3679 851 3724 ΙΙ
869 3679 948 3714 belli
973 3691 1064 3714 casus
1087 3682 1234 3715 subverti
1259 3681 1327 3717 Za-

1403 2705 1545 2744 chariae]
1571 2702 1651 2736 belli
1675 2713 1768 2736 casus
1791 2704 1879 2737 uerti
1904 2705 1944 2747 P,
1967 2703 2088 2737 bellica
2110 2703 2261 2737 subuerti
2280 2705 2327 2747 M,
2351 2703 2470 2738 bellica

1401 2747 1568 2781 subuertis
1593 2748 1625 2783 U
1643 2748 1655 2791 ΙΙ
1683 2749 1725 2782 22
1750 2750 1783 2781 et
1806 2750 1908 2789 cons]
1934 2750 1967 2781 et
1989 2748 2092 2782 consl.
2117 2749 2200 2791 PM,
2224 2748 2416 2782 consulibus
2444 2747 2477 2783 U

1401 2792 1412 2835 11
1437 2794 1479 2826 23
1510 2795 1598 2826 rubr.
1623 2805 1682 2826 om.
1708 2793 1746 2835 U,
1776 2793 1816 2826 de
1845 2803 1898 2826 res
1925 2793 2062 2826 mobiles
2082 2792 2136 2825 uel
2159 2792 2343 2826 immobiles
2368 2794 2445 2826 ΡΜ
2459 2793 2471 2837 11

1402 2838 1445 2870 24
1468 2837 1654 2870 theuderici
1679 2837 1712 2872 U
1721 2837 1734 2882 ΙΙ
1752 2837 1855 2870 tutele
1878 2837 1996 2880 P1125
2021 2837 2250 2879 unusquisque
2273 2836 2467 2871 Zachariae.

1401 2882 1491 2915 Mihi
1511 2882 1678 2925 praecepit
1701 2889 1881 2926 corruptum
1903 2883 2029 2916 videtur
2043 2882 2055 2925 ΙΙ
2072 2881 2234 2924 praecipit
2251 2882 2283 2916 U
2295 2881 2307 2926 ΙΙ
2324 2883 2368 2916 26
2390 2892 2468 2915 con-

1401 2926 1584 2959 cussionem
1612 2926 1640 2961 U
1659 2926 1672 2970 ΙΙ
1698 2928 1775 2968 quo]
1798 2927 1887 2968 quod
1911 2928 2002 2960 codd.
2029 2926 2042 2970 ΙΙ
2065 2928 2105 2960 27
2134 2926 2308 2968 possedere
2332 2927 2374 2959 M
2397 2926 2410 2969 ΙΙ
2434 2928 2468 2959 et

1400 2971 1529 3011 indict]
1554 2971 1602 3004 in.
1628 2974 1647 3004 d
1671 2972 1728 3013 Pn
1748 2973 1815 3004 ssta
1837 2972 1885 3005 M
1895 2970 1907 3015 ΙΙ
1923 2973 1966 3006 28
1987 2971 2174 3013 exactiones
2196 2972 2275 3013 PM,
2298 2973 2468 3004 exactione

1402 3015 1434 3050 U
1445 3016 1458 3059 ΙΙ
1474 3015 1648 3049 instituitu
1671 3016 1702 3051 U
1712 3016 1725 3060 ΙΙ
1743 3018 1784 3050 29
1809 3016 1922 3049 nullus
1938 3016 2015 3050 MU
2025 3016 2037 3060 ΙΙ
2055 3018 2096 3050 30
2122 3017 2239 3049 excidit
2260 3017 2353 3049 verbi
2367 3027 2467 3049 causa

1273 3062 1304 3096 U
1322 3061 1335 3104 ΙΙ
1400 3062 1603 3094 exactionem
1626 3060 1706 3102 fieri,
1731 3071 1773 3093 ne
1793 3062 1873 3102 (sim.
1888 3059 2087 3104 Zachariae)
2104 3060 2116 3095 ll
2133 3070 2331 3102 quocunque
2349 3059 2467 3092 damno

1402 3105 1430 3140 U
1451 3105 1462 3149 ΙΙ
1487 3107 1527 3139 31
1554 3105 1722 3138 licentiam
1745 3115 1816 3138 nou
1840 3105 2066 3146 denegandam
2089 3105 2152 3139 PU
2172 3105 2184 3148 ΙΙ
2206 3105 2309 3138 officii
2335 3104 2367 3139 U
2384 3105 2397 3147 11
2423 3105 2466 3138 32

1399 3153 1432 3182 et
1453 3152 1546 3192 prius
1569 3163 1628 3183 om.
1656 3149 1688 3184 U
1709 3150 1721 3193 ΙΙ
1750 3160 1885 3192 exegere
1910 3150 1954 3183 M
1976 3150 1988 3192 ΙΙ
2019 3152 2058 3183 ut
2080 3151 2147 3182 tam
2171 3150 2336 3193 Osenbraq
2360 3150 2410 3189 en]
2434 3151 2468 3182 et

1398 3195 1465 3227 tam
1491 3194 1561 3234 PU,
1586 3194 1704 3227 aetiam
1727 3195 1775 3228 M
1793 3194 1804 3238 ΙΙ
1829 3197 1871 3229 33
1896 3194 2030 3237 puplice
2055 3195 2101 3227 M
2110 3195 2122 3237 ΙΙ
2146 3194 2286 3227 rationis
2343 3194 2435 3226 aenel
2457 3193 2468 3237 ΙΙ

1400 3238 1585 3272 conlatores
1613 3239 1645 3273 U
1657 3239 1668 3282 ΙΙ
1684 3241 1785 3280 cona]
1810 3240 1943 3272 constit.
1971 3239 2002 3274 U
2021 3239 2033 3282 ΙΙ
2059 3241 2103 3273 34
2125 3238 2283 3271 absolutis
2299 3238 2405 3279 codd„
2430 3248 2468 3270 ac

1399 3283 1565 3316 solutione
1590 3284 1721 3317 Haenel
1742 3283 1754 3327 ΙΙ
1778 3285 1821 3317 35
1846 3283 1973 3316 nullam
1996 3284 2245 3316 innonationem
2270 3281 2303 3317 U
2314 3281 2326 3325 ΙΙ
2343 3281 2468 3314 aduen-

1399 3331 1453 3360 tus
1481 3328 1511 3363 U
1523 3327 1536 3371 ΙΙ
1553 3329 1596 3362 36
1620 3328 1808 3361 inferendas
1833 3328 1865 3364 U
1877 3328 1889 3371 ΙΙ
1907 3328 2178 3361 consuetudinem
2205 3326 2233 3362 U
2248 3325 2261 3370 ΙΙ
2275 3326 2468 3359 beficiorum

1399 3373 1442 3405 M
1456 3371 1468 3415 11
1485 3382 1595 3405 aream
1620 3373 1652 3408 U
1670 3373 1682 3415 ΙΙ
1705 3374 1746 3406 37
1771 3372 1975 3416 provinciam
1999 3373 2070 3408 MU
2089 3371 2102 3416 ΙΙ
2129 3372 2182 3405 die
2206 3384 2264 3405 om.
2289 3371 2346 3414 Pu
2364 3371 2467 3404 consl.

1398 3417 1480 3458 PM,
1508 3417 1638 3450 constit.
1655 3417 1686 3451 U
1697 3417 1709 3460 ΙΙ
1728 3419 1770 3452 38
1788 3417 1852 3458 vel]
1869 3419 1901 3450 et
1915 3417 1947 3452 U
1956 3418 1968 3461 ΙΙ
1987 3419 2030 3452 39
2046 3417 2172 3450 inserta
2185 3416 2217 3450 U
2227 3415 2239 3456 ΙΙ
2258 3415 2365 3449 edicta
2379 3414 2466 3447 libro

1397 3464 1578 3503 grammate
1590 3462 1635 3494 M
1647 3461 1659 3504 ΙΙ
1675 3460 1775 3496 italia
1788 3461 1819 3496 U
1829 3462 1841 3505 ΙΙ
1858 3462 2008 3505 optinere
2017 3462 2051 3494 P
2062 3462 2073 3504 ΙΙ
2092 3463 2135 3495 40
2148 3460 2286 3495 edictale
2297 3469 2426 3502 propos.
2440 3458 2468 3492 U

1396 3504 1409 3550 ΙΙ
1431 3507 1465 3538 et
1489 3507 1566 3539 add.
1590 3506 1743 3539 Pithoeus
1758 3506 1771 3550 ΙΙ
1789 3508 1830 3540 41
1863 3517 1944 3548 quas
1968 3505 2148 3538 ubedietali
2173 3506 2216 3538 M
2228 3506 2240 3547 ΙΙ
2258 3512 2466 3547 programma

1397 3549 1591 3591 aeuolgatae
1614 3549 1672 3594 ΡΙΙ
1690 3552 1841 3594 optinere
1865 3551 1923 3593 ΡΙΙ
1942 3552 1985 3584 42
2007 3560 2044 3583 re
2065 3549 2200 3592 puplica
2224 3548 2280 3590 Pll
2298 3546 2411 3587 ibique
2439 3545 2471 3580 U

1395 3594 1408 3639 ΙΙ
1431 3594 1533 3628 consl.
1558 3595 1641 3637 PM,
1665 3595 1837 3628 constitut.
1864 3594 1895 3630 U
1907 3594 1919 3638 ΙΙ
1936 3597 2002 3627 ssto
2026 3595 2074 3627 M
2085 3593 2098 3637 ΙΙ
2113 3594 2156 3628 43
2176 3593 2216 3625 de
2238 3591 2339 3624 suffra
2363 3589 2464 3640 coila—

1395 3642 1482 3672 tores
1500 3639 1531 3674 U
1543 3639 1555 3682 ΙΙ
1572 3639 1624 3680 ab]
1649 3640 1691 3672 ad
1703 3640 1750 3672 M
1760 3639 1772 3682 ΙΙ
1789 3641 1830 3672 45
1854 3638 1961 3671 solitis
1974 3638 2092 3678 Kroll]
2116 3636 2187 3669 litis
2204 3636 2296 3669 codd.
2314 3634 2327 3678 ΙΙ
2343 3634 2464 3667 iudicis

1395 3696 1453 3717 om.
1479 3685 1526 3716 eis
1554 3683 1586 3717 U
1594 3683 1607 3727 ss
1625 3685 1668 3717 46
1691 3682 1831 3716 lesiones
1857 3682 1887 3717 U
