2586 3990
186 150 364 183 MILITES
393 150 648 182 TRANSITUM

184 260 295 293 ματος
320 246 493 283 duriora:
520 246 764 291 ὑποδέχεσθαι
789 250 834 283 τὰ
859 248 934 294 εἴδη
965 247 1046 292 δίχα
1070 248 1168 284 τινος
1191 247 1268 282 δια-

185 296 340 340 στροφῆς
363 297 422 328 καί
448 292 607 340 ῥογεύειν
631 298 703 328 τοῖς
727 295 886 341 ἑξάρχοις
913 298 973 328 καὶ
996 298 1068 329 τοῖς
1091 292 1267 339 στρατιώ-

183 351 261 373 ταις
285 339 348 373 τὰς
372 341 411 373 ἐν
428 338 512 374 εἴδει
536 343 796 386 χορηγουμένας
820 337 987 382 ἄννόνας,
1012 342 1105 383 ἔχειν
1126 338 1166 374 δὲ
1189 338 1268 373 τοὺς

185 381 314 418 αὐτοὺς
345 382 518 419 ὀπτίονας
551 389 610 418 καὶ
642 386 707 428 τὴν
739 383 994 430 ἀφωρισμένην
1030 383 1148 419 αὐτοῖς
1181 397 1265 430 προ-

184 429 291 474 φάσει
315 429 551 474 παραμυθίας
575 430 902 474 πεντεκαιδεκάτην
922 434 1061 475 μοῖραν.
1105 430 1150 464 τὰ
1173 427 1212 463 δὲ
1230 429 1268 469 ἐξ

184 475 291 508 ἔθους
306 478 455 509 recauta
470 476 643 519 γίνεσθαι
662 476 760 521 παρὰ
778 478 855 510 τῶν
872 473 1059 510 ὀπτιόνων
1082 479 1156 509 τοῖς
1181 472 1266 509 ὑπο-

183 518 321 553 τελέσιν
337 518 428 564 ὑπὲρ
450 520 528 553 τῶν
545 518 634 565 παρ’
655 517 778 555 αὐτῶν
796 519 1083 564 δαπανωμένων,
1108 518 1266 562 κινδύνῳ

182 565 259 597 τῶν
292 564 359 598 σὺν
391 561 509 598 αὐτοῖς
541 564 663 599 ὄντων
696 565 857 611 ἐξάρχων
889 569 947 598 καὶ
972 566 1177 610 τριβούνων
1208 567 1267 598 καὶ
1295 581 1297 584 ·

182 606 352 661 κομήτων
388 612 447 642 καὶ
483 607 703 645 διασωστῶν
738 615 797 644 καὶ
828 610 1065 655 delegatorwv
1101 614 1160 643 καὶ
1191 611 1268 644 τῶν

1258 133 1336 181 651

1982 135 2088 178 Nov.
2121 123 2281 177 CXXX
2316 135 2423 176 1—3

1338 248 1518 293 suscipere
1537 248 1673 293 species
1697 246 1774 283 sine
1797 245 1956 291 qualibet
1972 245 2261 290 tergiversatione
2284 246 2320 281 et
2343 254 2422 281 ero-

1337 303 1422 337 gare
1453 293 1629 338 magistris
1660 292 1810 328 militum
1841 295 1877 326 et
1909 292 2078 328 militibus
2103 291 2140 327 in
2172 290 2292 336 specie
2318 290 2421 326 mini-

1337 341 1469 374 stratas
1495 349 1675 380 annonas,
1707 338 1839 373 habere
1864 340 1982 372 autem
2006 337 2150 372 eosdem
2173 337 2335 381 optiones
2360 336 2418 372 de-

1337 386 1499 429 putatam
1524 384 1573 419 eis
1599 383 1788 420 occasione
1810 382 2038 418 emolumenti
2066 382 2224 427 quintam
2250 382 2421 418 decimam

1306 433 1324 464 5
1338 429 1551 474 portionem.
1600 429 1657 463 Ex
1683 428 1938 464 consuetudine
1962 431 2082 463 autem
2114 429 2150 462 et
2173 431 2320 463 recauta
2343 427 2420 461 fieri

1338 475 1383 510 ab
1409 474 1614 518 optionibus
1648 473 1880 509 collatoribus
1912 484 1977 517 pro
2001 473 2055 507 his
2089 482 2180 517 quae
2209 472 2254 507 ab
2279 472 2335 507 his
2360 482 2420 507 ex·

1338 519 1553 564 penduntur,
1579 519 1736 563 periculo
1761 529 1883 553 eorum
1908 518 1967 562 qui
1987 528 2067 552 cum
2088 518 2137 552 eis
2155 521 2239 552 sunt
2261 517 2420 552 iudicum

1339 567 1373 600 et
1396 564 1619 600 tribunorum
1644 568 1679 599 et
1704 563 1871 598 comitum
1903 565 1938 598 et
1962 563 2199 598 diasostarum
2223 566 2258 597 et
2282 562 2420 605 delega-

1338 614 1454 645 torum
1478 612 1513 644 et
1537 609 1818 652 uniuscuiusque
1847 608 1987 642 numeri
2017 608 2227 652 primatum3
2264 610 2299 641 et
2321 607 2419 641 nullo

182 654 334 706 ἑκαστον
367 652 550 709 τάγματος
585 655 871 700 πρωτευόντων·
907 658 983 709 καὶ,
1003 655 1095 688 κατὰ
1130 652 1268 698 μηδένα
1285 657 1323 689 10
1339 654 1442 690 modo
1477 654 1589 698 gratis
1625 653 1825 698 expendere
1868 653 1994 687 milites
2033 663 2055 687 a
2090 652 2317 687 collatoribus
2357 653 2421 686 aut

181 711 321 743 τροπον
338 697 478 745 δωρεαν
495 697 704 734 ἀναλίσκειν
727 700 809 735 τοὺς
826 711 1051 745 στρατιωτας
1075 699 1173 744 παρὰ
1191 700 1267 733 τῶν

182 742 440 783 συντελεστῶν,
473 746 544 779 εἴτε
568 745 748 791 προφάσει
781 747 846 779 τοῦ
874 745 924 789 μὴ
947 745 1119 790 γίνρσθαι
1152 743 1198 778 ὠς
1222 745 1267 778 εἰ·

182 788 241 822 κὸς
265 790 477 833 ἑτοιμασίαν
502 791 571 824 εἴτε
595 791 773 825 introitum
798 788 962 834 ὀνόματι,
989 789 1043 823 ὧν
1067 793 1126 834 καὶ
1152 786 1268 832 αὐτὴν

181 833 248 875 τὴν
265 839 503 880 προςηγορίαν
528 835 714 870 παντελῶς
739 833 969 881 ἅναιροῦμεν,
994 831 1054 880 ἐφ’
1076 836 1105 878 ᾧ
1128 847 1267 868 παντα-

1337 699 1527 735 occasione
1560 709 1632 734 non
1655 698 1774 734 factae
1803 697 1925 732 forsan
1957 697 2239 742 praeparationis
2272 698 2336 732 aut
2365 697 2418 731 in-

1335 745 1522 780 troitorum
1554 744 1710 787 nomine,
1745 753 1894 788 quorum
1924 743 2031 777 etiam
2064 742 2182 786 ipsum
2208 741 2420 777 vocabulum

1336 791 1479 826 omnino
1510 788 1726 834 perimimus,
1758 791 1800 823 ut
1830 787 1987 832 undique
2017 787 2143 823 inlaesi
2174 791 2210 823 et
2238 787 2419 823 indemnes

1337 835 1585 871 custodiantur
1608 833 1723 870 nostri
1745 833 1906 870 subiecti.

181 876 299 920 χόθεν
324 876 493 934 ᾇβλαβεῖς
524 884 582 914 καὶ
607 878 773 925 ἀζημίους
805 880 1057 926 φυλάττεσθαι
1080 879 1162 914 τοὺς
1185 877 1268 923 ἡμε-
1284 882 1323 913 15

181 927 300 969 τέρους
325 924 513 959 υποτελεῖς.

1175 1014 1331 1049 CAPUT
1356 1014 1402 1049 ΙΙ.

244 1081 294 1114 Τὰ
319 1079 358 1115 δὲ
381 1080 456 1124 εἴδη
481 1082 526 1115 τὰ
548 1081 787 1127 εὑρισκόμενα
812 1083 851 1116 ἐν
875 1080 1017 1125 ἑκάστῳ
1043 1081 1148 1125 τόπῳ
1175 1078 1267 1115 αὐτὰ

180 1124 383 1171 λαμβάνειν
414 1125 496 1161 τοὺς
520 1125 760 1172 στρατιώτας,
795 1130 854 1161 καὶ
876 1127 925 1171 μὴ
958 1129 1062 1172 ἕτερα
1087 1128 1267 1169 ἐπιζητεῖν

181 1168 275 1216 ἅπερ
308 1173 347 1206 ἐν
380 1175 423 1219 τῇ
458 1170 545 1218 αὐτῇ
579 1174 732 1225 ἐπαρχίᾳ
763 1169 828 1214 οὐχ
859 1171 1104 1216 εὑρίσκονται,
1137 1175 1197 1206 καὶ
1230 1174 1267 1206 ἐκ

1383 1081 1527 1127 Species
1544 1083 1662 1116 autem
1687 1090 1777 1124 quae
1801 1079 2029 1115 inveniuntur
2051 1079 2087 1115 in
2105 1089 2318 1124 unoquoque
2341 1079 2420 1115 loco

1336 1127 1432 1171 ipsas
1458 1126 1622 1171 accipere
1646 1126 1784 1169 milites,
1810 1128 1846 1161 et
1864 1135 1936 1160 non
1960 1125 2048 1160 alias
2074 1134 2244 1170 quaerere
2270 1134 2360 1170 quae
2382 1125 2420 1160 in

1336 1173 1415 1216 ipsa
1440 1172 1581 1216 regione
1611 1182 1683 1207 non
1714 1171 1949 1212 inveniuntur,
1983 1172 2020 1206 et
2042 1174 2188 1215 propter
2218 1170 2288 1206 1100
2311 1170 2418 1214 tergi-

181 1216 311 1251 τούτου
329 1215 552 1263 διαστροφην
576 1214 599 1260 ἠ
624 1219 755 1261 ζημίαν
780 1219 975 1264 ἐπαγαγεῖν
995 1220 1067 1251 τοῖς
1087 1215 1267 1263 ἡμετέροις
1282 1220 1322 1252 20
1337 1217 1572 1253 versationem
1595 1218 1660 1252 aut
1675 1216 1841 1252 damnum
1864 1216 1998 1252 inferre
2018 1216 2151 1252 nostris
2177 1215 2418 1252 collatoribus.

180 1260 379 1296 ὑποτελέσι.

1173 1352 1328 1388 CAPUT
1354 1352 1419 1387 lll'.

254 1420 324 1463 Τὴν
349 1418 388 1454 δὲ
414 1422 608 1467 γινομένην
641 1418 740 1464 παρὰ
771 1421 848 1453 τῶν
879 1420 1068 1466 κτητόρων
1101 1418 1267 1462 δαπάνην

179 1468 238 1499 καὶ
265 1464 485 1510 δηλουμένην
519 1462 579 1498 διὰ
612 1465 688 1498 τῶν
715 1467 894 1499 recautwv
926 1464 1114 1509 κελεύομεν
1136 1464 1267 1512 λογίζε-

180 1511 272 1545 σθἀι
298 1508 418 1545 αὐτοῖς
442 1510 541 1555 παρὰ
566 1511 629 1543 τοῦ
647 1509 787 1563 θρόνου
811 1511 873 1553 τῆς
890 1512 952 1566 σῇς
969 1509 1141 1555 ὑπεροχῆς
1162 1514 1268 1555 χωρὶς

1404 1418 1496 1453 Eam
1528 1428 1611 1454 vero
1648 1428 1740 1463 quae
1772 1418 1813 1452 fit
1843 1428 1865 1454 a
1896 1419 2027 1454 nostris
2063 1419 2329 1463 possessoribus
2358 1429 2420 1455 ex-

1336 1474 1447 1509 pensa
1483 1466 1519 1499 et
1550 1464 1755 1500 declaratur
1787 1473 1853 1509 per
1882 1466 2028 1499 recauta
2062 1463 2225 1498 iubemus
2261 1465 2421 1509 reputari

1336 1509 1387 1544 eis
1412 1520 1434 1544 a
1458 1509 1540 1545 sede
1564 1513 1648 1544 tuae
1670 1509 1888 1544 celsitudinis
1920 1510 1997 1544 sine
2021 1509 2180 1552 qualibet
2210 1510 2419 1555 tergiversa-

179 1558 241 1598 τῆς
268 1556 409 1590 οἷαι-οῦν
442 1554 659 1610 διαστροφῆς
677 1568 712 1610 ,η
726 1557 861 1607 ῃζημιάς
893 1570 913 1598 η
938 1558 1099 1590 ἐπινοίας
1130 1557 1176 1589 εἰς
1200 1556 1267 1599 τὴν
1281 1557 1320 1589 ⁴25
1334 1555 1432 1590 tione
1461 1558 1523 1590 aut
1554 1555 1680 1590 damno
1714 1558 1776 1590 aut
1799 1555 2002 1590 inventione
2031 1555 2068 1589 in
2094 1555 2283 1590 collatione
2315 1565 2421 1600 quam

180 1600 388 1636 συντέλειαν
419 1601 488 1644 τὴν
520 1613 594 1644 παρ
644 1613 768 1634 αυτων
799 1602 852 1643 τῷ
882 1599 1042 1645 δημοσίῳ
1075 1599 1267 1644 διδομένην

180 1643 271 1692 ’ὑπὲρ
295 1647 357 1690 τῆς
378 1646 621 1690 ἐπινεμησεως
646 1647 792 1688 ἐκείνης,
818 1644 911 1679 καθ’
938 1644 984 1689 ἣν
1000 1647 1021 1690 ἡ
1046 1645 1191 1690 δαπάνη
1215 1650 1266 1693 γί-

179 1705 291 1726 νεται.
340 1693 370 1725 εἰ
394 1689 434 1726 δὲ
457 1690 607 1725 πλείονα
639 1692 715 1724 τῶν
740 1690 908 1725 συντελου
938 1695 1032 1726 ε’νων
1064 1691 1163 1738 παρὰ
1189 1692 1266 1725 τῶν

180 1735 397 1771 δεδωκότων
422 1738 467 1770 τὰ
492 1735 566 1790 εζδη
592 1734 726 1790 εξρεθῇ
752 1737 798 1770 τὰ
826 1706 1104 1781 ἇναίίσκόμενα,
1129 1736 1264 1770 κελεύο-

1335 1600 1379 1635 ab
1413 1600 1463 1636 eis
1495 1600 1607 1635 fiscus
1640 1601 1736 1645 capit
1768 1611 1832 1644 pro
1864 1599 2058 1635 indictione
2088 1599 2167 1641 illa,
2196 1600 2233 1634 in
2265 1610 2335 1645 qua
2359 1611 2419 1636 ex-

1335 1655 1446 1690 pensa
1476 1646 1526 1681 fit.
1576 1646 1613 1680 Si
1643 1656 1725 1681 vero
1759 1645 1911 1690 amplius
1944 1655 2049 1688 quam
2079 1645 2312 1690 professionis
2337 1649 2421 1682 sunt

1336 1691 1380 1725 ab
1406 1691 1460 1726 his
1493 1691 1553 1735 qui
1578 1691 1665 1726 dant
1690 1691 1826 1735 species
1850 1691 2077 1726 inveniantur
2101 1700 2290 1735 expensae,
2321 1692 2420 1726 iube-

1335 1746 1412 1770 mus
1445 1746 1489 1770 ex
1521 1737 1617 1770 omni
1649 1746 1798 1780 corpore
1821 1735 1998 1771 fiscalium
2028 1735 2185 1770 eiusdem
2216 1737 2421 1780 provinciae

178 1795 244 1825 μεν
270 1783 307 1814 ἐκ
323 1783 385 1815 τοῦ
410 1793 547 1816 παντο,1
573 1792 738 1824 σωματος
761 1782 838 1815 τῶν
862 1780 1047 1836 δημοσίων
1070 1784 1132 1825 τῆς
1157 1779 1264 1825 αὐτῆς
1279 1783 1320 1815 30
1336 1781 1506 1825 compleri
1538 1792 1598 1816 eos
1629 1781 1689 1826 qui
1713 1782 1806 1816 ultra
1835 1791 1917 1816 suas
1942 1780 2146 1816 functiones
2171 1782 2419 1817 exhibuerunt.

179 1829 348 1874 ἐπαρχίας
371 1826 603 1872 πληροῦσθαι
628 1826 710 1859 τους
734 1824 825 1872 ὑπὲρ
846 1840 914 1870 την
935 1826 1032 1861 ἰδίαν
1056 1826 1264 1861 συντέλειαν

179 1870 467 1915 δαπανήσαντας.
516 1873 546 1904 εἰ
569 1869 607 1904 δὲ
624 1871 673 1914 μὴ
691 1873 760 1913 ἔχει
781 1870 802 1914 ἡ
825 1868 912 1914 αὕτη
935 1874 1087 1917 ἐπαρχία
1108 1871 1264 1915 δημόσια

179 1914 359 1961 ἀρκοῦντα
395 1918 442 1950 εἰς
478 1917 546 1959 τὴν
580 1920 775 1962 γενομένην
811 1915 991 1961 δαπάνην,
1031 1917 1264 1962 alisqui-atrei

179 1961 261 1995 τοὺς
291 1960 358 2003 τὴν
383 1960 497 2004 αὐτὴν
528 1961 698 2003 δαπάνην
728 1965 988 2005 ποιησαμένους
1019 1965 1056 1996 ἐκ
1086 1965 1148 2006 τῆς
1169 1976 1264 2003 γενι-

1335 1826 1372 1861 Si
1396 1837 1477 1861 vero
1502 1837 1574 1861 non
1599 1826 1730 1861 habeat
1760 1827 1839 1871 ipsa
1863 1827 2044 1870 provincia
2075 1826 2211 1861 fiscalia
2239 1826 2419 1862 sufficien-

1334 1872 1384 1906 tia
1409 1872 1453 1906 ad
1472 1882 1662 1915 expensam
1687 1882 1777 1915 quae
1801 1871 1851 1914 fit,
1878 1871 2049 1916 compleri
2074 1882 2133 1907 eos
2158 1871 2218 1916 qui
2241 1872 2336 1907 hanc
2359 1883 2418 1908 ex·

1333 1927 1479 1962 pensam
1512 1917 1651 1952 faciunt
1683 1928 1727 1952 ex
1750 1917 1907 1960 generali
1931 1927 2055 1952 mensa
2088 1926 2179 1961 quae
2202 1918 2337 1961 regitur
2360 1918 2421 1963 <a>

1333 1965 1397 1997 tua
1427 1963 1557 2006 gloria,
1593 1966 1657 1997 aut
1688 1963 1840 1997 retinere
1870 1962 1960 1997 haec
1993 1972 2053 1997 eos
2086 1973 2131 1996 ex
2162 1962 2217 1997 his
2252 1973 2343 2007 quae
2373 1964 2419 1998 ab

180 2007 240 2049 κῆς
263 2008 440 2059 τραπέζης
463 2007 525 2049 τῆς
550 2004 787 2060 διοικουμένης
818 2007 917 2053 παρὰ
948 2008 1011 2050 τῆς
1035 2008 1097 2051 σῆς
1122 2007 1263 2047 ἐνδοξό-
1278 2010 1319 2042 35
1335 2007 1386 2042 eis
1410 2007 1597 2042 inferenda
1622 2009 1707 2043 sunt
1731 2007 1925 2042 secundum
1949 2011 2154 2051 sequentem
2178 2007 2419 2048 indictionem,

179 2062 294 2093 τητος,
319 2064 428 2093 ηγουν
449 2054 695 2096 παρακρατεῖν
719 2051 847 2084 αυτούς
871 2053 984 2085 mira
1009 2054 1047 2085 ἐκ
1071 2054 1148 2086 τῶν
1170 2049 1259 2096 παρ’

181 2093 304 2130 αὐτῶν
336 2094 626 2137 συντελουμένων
664 2094 755 2128 κατὰ
786 2095 854 2138 τὴν
886 2097 1010 2142 ἐφεξῆς
1044 2099 1267 2141 ἐπινέμησιν,

179 2144 239 2175 καὶ
271 2141 388 2175 ταῦτα
421 2139 633 2186 λογίζεσθαι
666 2137 785 2174 αὐτοῖς
818 2142 855 2174 ἐκ
878 2142 1018 2186 τρόπου
1043 2142 1180 2176 παντὸς
1206 2140 1265 2174 διὰ

1333 2055 1368 2087 et
1403 2052 1492 2087 haec
1527 2053 1687 2096 reputari
1729 2053 1779 2087 eis
1822 2063 1866 2087 ex
1908 2053 2003 2087 omni
2043 2053 2148 2087 modo
2190 2052 2236 2088 ab
2272 2053 2323 2089 eis
2359 2053 2419 2097 qui

179 2276 265 2311 ullis
296 2274 507 2320 ambaqibus
538 2278 573 2309 et
602 2273 752 2308 ducibus
783 2284 828 2308 ac
859 2274 1029 2310 militibus
1061 2285 1228 2309 annonas
1258 2274 1295 2307 in
1319 2273 1437 2319 specie
1461 2273 1750 2308 subministratus
1774 2284 1943 2318 erobore,
1978 2272 2110 2309 babere
2133 2277 2253 2310 autem
2276 2277 2418 2312 eosdem

181 2321 345 2367 optiones
380 2320 488 2354 etiam
523 2318 737 2353 destinatam
774 2318 864 2364 ipsis
898 2319 1127 2354 emolumenti
1159 2319 1302 2354 nomine
1338 2321 1498 2364 quintam
1531 2318 1703 2353 decimam
1731 2322 1884 2364 partem.
1931 2317 2050 2354 Solita
2083 2330 2166 2354 vero
2199 2325 2348 2357 recauta
2374 2323 2418 2358 ab

181 2364 390 2412 optionibus
410 2364 493 2409 fieri
517 2363 749 2399 collatoribus
765 2374 839 2409 pro
864 2364 1035 2409 impensis
1058 2364 1102 2399 ab
1127 2364 1172 2399 iis
1194 2364 1317 2408 factis,
1349 2363 1513 2410 periculo
1538 2363 1667 2398 dueum
1700 2363 1762 2408 qui
1793 2373 1871 2398 cum
1895 2362 1940 2398 iis
1963 2367 2048 2398 sunt
2079 2367 2112 2399 et
2138 2364 2363 2401 tribunorum
2384 2371 2420 2403 et

181 2411 351 2446 comitum
382 2413 419 2445 et
441 2409 683 2444 diasostarum
716 2413 751 2444 et
774 2408 1021 2453 cleleqatorum
1045 2413 1081 2444 et
1103 2409 1384 2454 uniuscuiusque
1415 2409 1554 2444 numeri
1575 2408 1871 2455 praepositorum
1881 2421 1896 2450 ,·
1937 2419 2052 2453 neque
2072 2409 2146 2444 ullo
2169 2411 2276 2445 modo
2299 2413 2420 2458 qratis

180 2456 310 2491 milites
334 2466 357 2489 a
381 2454 616 2489 collatoribus
646 2458 810 2499 sumptus
842 2454 1017 2500 accipere,
1049 2455 1122 2489 sive
1146 2465 1194 2489 ex
1217 2464 1329 2488 causa
1353 2458 1558 2499 apparatus
1585 2454 1687 2498 forte
1711 2463 1782 2487 non
1804 2454 1900 2498 facti
1930 2454 2004 2489 sive
2028 2454 2241 2490 introituum
2265 2457 2416 2499 nomine,

181 2511 334 2546 quorum
359 2500 476 2544 ipsam
501 2498 782 2545 appellationem
803 2509 960 2544 prorsus
986 2499 1153 2540 tollimus,
1178 2502 1218 2534 ut
1241 2499 1399 2544 undique
1423 2498 1540 2533 illaesi
1564 2503 1600 2533 et
1623 2498 1805 2533 indemnes
1827 2498 1976 2534 subiecti
1999 2500 2117 2534 nostri
2136 2505 2334 2536 serventur.

317 2545 362 2579 Π.
411 2544 558 2590 Species
581 2547 699 2578 autem
725 2555 818 2588 quae
842 2555 986 2589 quoque
1010 2544 1090 2579 loco
1114 2544 1345 2590 reperiuntur
1373 2545 1474 2589 ipsas
1497 2543 1626 2578 milites
1650 2543 1844 2588 accipiant,
1878 2554 1963 2578 neve
1987 2544 2080 2578 alias
2101 2546 2294 2590 requirant
2325 2557 2419 2592 quae

181 2592 218 2626 in
242 2590 363 2626 eadem
387 2589 578 2635 provincia
602 2599 674 2623 non
698 2589 942 2634 reperiuntur,
965 2589 1118 2634 indeque
1141 2589 1369 2624 vexationem
1394 2588 1449 2624 vel
1473 2588 1642 2623 damnum
1665 2588 1833 2623 subiectis
1857 2588 1993 2623 nostris
2017 2589 2191 2633 inserant.

316 2635 381 2670 ΙΙΙ.
430 2634 603 2680 Sumptus
634 2640 752 2668 autem
784 2645 806 2668 a
835 2634 1104 2679 possessoribus
1130 2634 1255 2679 factos
1285 2638 1320 2669 et
1340 2645 1412 2680 per
1441 2637 1591 2668 recaula
1623 2633 1888 2668 demonstratos
1920 2633 2080 2669 iubemus
2111 2635 2285 2681 imputari
2317 2636 2362 2671 iis
2395 2648 2419 2673 a

181 2681 264 2716 sede
297 2684 379 2715 tuae
407 2678 637 2714 sublimitatis
667 2679 744 2713 sine
777 2677 852 2713 ulla
884 2679 1074 2714 vexatione
1105 2683 1170 2714 aut
1200 2678 1331 2725 damno
1364 2682 1426 2713 aut
1456 2678 1594 2723 fraude
1624 2679 1661 2712 in
1687 2678 1823 2713 tributa
1853 2678 1896 2713 ab
1921 2678 1967 2713 iis
1987 2679 2077 2723 fisco
2103 2681 2328 2725 praestanda
2345 2693 2419 2728 per

181 2726 281 2760 illam
305 2725 553 2765 indictionem,
585 2724 622 2757 in
648 2734 719 2768 qua
742 2727 905 2769 sumptus
925 2724 1030 2768 fiunt.
1079 2723 1216 2766 Quodsi
1232 2723 1346 2769 plura
1379 2734 1486 2768 quam
1511 2723 1554 2757 ab
1579 2722 1624 2758 iis
1648 2722 1872 2768 conferenda
1903 2728 2011 2759 erant
2041 2725 2084 2759 ab
2117 2725 2161 2759 iis
2193 2726 2258 2770 qui
2280 2727 2419 2772 speeies

182 2770 358 2806 dederunt
380 2774 532 2814 eroqata
556 2769 796 2811 inveniantur,
829 2768 987 2803 iubemus
1011 2780 1060 2804 ex
1084 2772 1158 2804 toto
1183 2779 1336 2814 corpore
1356 2768 1535 2813 fiscalium
1559 2768 1714 2803 eiusdem
1735 2768 1947 2814 provinciae
1971 2769 2017 2803 iis
2039 2770 2211 2814 satisfieri
2234 2772 2297 2816 qui
2320 2771 2418 2807 ultra

179 2816 336 2862 propria
370 2814 504 2850 tributa
533 2813 783 2859 expenderint.
832 2812 876 2848 Si
897 2825 980 2849 vero
1006 2814 1129 2849 eadem
1157 2814 1345 2860 provincia
1376 2823 1448 2848 non
1481 2812 1588 2848 nabet
1615 2813 1758 2857 fiscalia
1789 2824 1882 2858 quae
1913 2813 2106 2859 sufficiant
2138 2815 2187 2849 ad
2217 2826 2418 2861 expensura

179 2861 337 2906 factam,
367 2860 412 2894 iis
436 2859 499 2905 qui
522 2859 621 2894 illam
646 2869 845 2904 expensam
867 2859 1038 2904 fecerunt
1061 2870 1110 2894 ex
1132 2859 1295 2904 qenerali
1318 2868 1439 2893 mensa
1462 2858 1620 2902 satisfiat
1650 2869 1743 2903 quae
1765 2869 1787 2892 a
1813 2862 1875 2893 tua
1898 2858 2018 2904 qloria
2046 2860 2331 2903 administratur,
2364 2861 2420 2897 vel

181 2906 360 2941 retineant
384 2904 473 2939 liaec
495 2914 545 2939 ex
567 2904 613 2938 iis
636 2915 729 2948 quae
753 2903 797 2938 ab
822 2904 912 2949 ipsis
935 2905 1137 2949 insequenti
1160 2904 1353 2939 indictione
1377 2903 1601 2949 conferenda
1625 2908 1720 2945 sunt,
1746 2913 1860 2948 eaque
1876 2904 2038 2939 omnibus
2055 2905 2171 2940 modis
2195 2907 2417 2952 imputentur

1336 3039 1371 3070 in
1396 3039 1440 3079 (ot
1463 3037 1500 3069 in
1520 3037 1566 3078 V)
1592 3037 1822 3070 emolumentis
1847 3039 1922 3071 libri
1949 3037 1961 3081 ΙΙ
1990 3038 2151 3079 quintam]
2188 3039 2246 3080 qui
2270 3042 2418 3072 nostram

1338 3085 1370 3116 T
1388 3084 1399 3125 ΙΙ
1418 3086 1436 3116 5
1462 3084 1590 3125 partem
1617 3082 1671 3126 ΤΙΙ
1692 3085 1711 3116 6
1737 3083 1776 3115 ab
1802 3083 2006 3125 optionibus]
2031 3083 2266 3125 adoptionibus
2289 3084 2346 3128 VH
2363 3096 2415 3117 ex-

1335 3128 1516 3170 pediuntur
1543 3128 1573 3160 T
1592 3128 1604 3170 ῙΙ
1632 3129 1651 3161 8
1675 3128 1897 3160 diacostarum
1924 3128 1956 3160 T
1975 3128 1986 3169 ΙΙ
2015 3130 2052 3162 11
2081 3128 2187 3161 factae
2206 3131 2305 3172 vulo]
2330 3130 2418 3162 facta

1338 3176 1412 3206 libri
1430 3174 1440 3214 ΙΙ
1457 3173 1684 3213 introitorum]
1702 3172 1951 3205 anthidotorum
1972 3173 2003 3205 T
2015 3172 2027 3216 ΙΙ
2047 3174 2088 3206 12
2103 3174 2213 3214 etiam]
2231 3176 2347 3207 contra
2362 3176 2394 3208 Τ
2404 3174 2415 3219 Η

1338 3220 1376 3252 13
1401 3217 1603 3260 peremimus
1627 3219 1696 3259 (sic)
1720 3218 1774 3260 Vl]
1792 3217 1953 3250 indemnis
1975 3218 2035 3261 Vll
2065 3220 2103 3251 17
2127 3218 2186 3260 qui
2208 3219 2241 3252 V
2258 3219 2269 3262 ΙΙ
2296 3220 2333 3252 in
2357 3233 2416 3253 om.

1343 3265 1376 3297 V
1387 3263 1398 3306 ΙΙ
1420 3264 1458 3297 18
1472 3263 1562 3304 ipsas
1578 3263 1681 3303 Beck]
1707 3263 1795 3305 ipsos
1817 3263 1851 3296 V
1867 3263 1954 3306 ipsos
1972 3272 2103 3304 quoque
2118 3264 2150 3296 T
2163 3263 2174 3307 ΙΙ
2192 3263 2315 3296 milites
2331 3265 2416 3297 acci-

1334 3319 1410 3350 pere
1423 3309 1460 3349 T,
1476 3307 1600 3339 milites
1614 3320 1671 3340 om.
1683 3310 1714 3341 in
1728 3316 1810 3350 spat,
1826 3320 1894 3340 vac.
1909 3310 1948 3341 10
1964 3309 2021 3340 litt.
2038 3307 2094 3352 VH
2112 3309 2147 3340 in
2162 3321 2219 3341 om.
2236 3309 2292 3348 Vll
2313 3310 2416 3343 19111-

241 3040 257 3071 1
286 3034 465 3070 ὂππιόνας
481 3038 524 3079 (et
540 3039 587 3070 sic
604 3038 693 3080 infra
710 3039 905 3079 constanter)
924 3038 992 3081 ΜΙΙ
1010 3039 1031 3071 4
1054 3039 1114 3070 καὶ
1138 3051 1195 3071 om.
1214 3050 1234 3075 ς
1255 3037 1267 3084 Η

183 3086 203 3118 6
228 3084 373 3122 recautu]
398 3095 423 3114 s.
449 3095 479 3115 v.
505 3077 773 3127 εὖτρεπίσματα
798 3083 829 3115 L
854 3084 909 3122 (id.
936 3084 1012 3124 652,
1030 3083 1075 3124 15)
1105 3082 1118 3126 ΙΙ
1145 3086 1163 3117 7
1190 3081 1265 3116 δια-

183 3130 414 3170 πανωμένων
432 3128 463 3160 L
481 3127 492 3170 ΙΙ
511 3129 530 3160 9
555 3130 717 3168 κομίτιον
734 3128 765 3160 L
783 3128 794 3169 ΙΙ
813 3128 1037 3170 (nugatoriae,
1057 3141 1082 3160 s.
1096 3140 1125 3161 v.
1148 3124 1264 3173 εὐτρε-

183 3173 326 3206 πιστιῦν
345 3173 374 3204 L
400 3169 651 3226 διλιγατώρων
668 3173 710 3204 Μ
723 3172 734 3215 ΙΙ
757 3174 796 3206 13
822 3173 1006 3214 ἰνῖτοίὺῶν,
1025 3186 1049 3206 s.
1063 3185 1093 3205 v.
1111 3171 1266 3207 εἰσόδων

184 3219 215 3251 L
248 3217 442 3250 wteroitwn
467 3216 533 3260 ΜΙΙ
554 3217 676 3249 αυτεῦν
701 3218 750 3249 La
769 3218 780 3254 ΙΙ
800 3219 837 3251 17
864 3214 937 3259 εἴδη
963 3218 1021 3257 τὰ]
1051 3217 1098 3250 τὰ
1124 3231 1182 3251 om.
1202 3220 1231 3251 L
1257 3219 1267 3259 ΙΙ

184 3265 226 3296 20
250 3259 274 3304 ἢ
298 3263 377 3302 Μς]
410 3264 469 3294 καὶ
493 3263 524 3294 L
551 3261 563 3305 Η
588 3259 736 3312 ἐπάγειν
761 3263 791 3295 L
811 3265 823 3305 ΙΙ
848 3264 890 3295 22
915 3262 1014 3307 παρὰ
1039 3263 1115 3295 τῶν
1139 3261 1266 3304 κτητό-

183 3310 271 3351 ρων]
296 3317 315 3338 a
339 3308 463 3360 nostfis
487 3307 731 3348 possessoribus
756 3318 774 3343 ς
791 3307 802 3350 11
822 3308 863 3341 23
886 3311 1056 3340 recautum
1081 3308 1127 3340 M
1152 3318 1265 3341 recau-

183 3353 263 3392 ῑιῦν,
287 3365 312 3384 s.
334 3365 364 3384 v.
389 3350 688 3394 ευτρεπισμάτων
713 3352 744 3384 L
768 3352 779 3395 ΙΙ
806 3353 847 3385 28
872 3350 1021 3386 πλείονα
1044 3352 1121 3385 τῶν
1145 3364 1265 3386 συντε-

183 3395 380 3440 λουμένων]
406 3397 549 3438 amplius
573 3407 670 3437 quam
694 3398 910 3438 professionis
931 3401 1008 3429 sunt
1032 3408 1051 3433 ς
1068 3397 1080 3440 ΙΙ
1105 3399 1146 3431 29
1171 3394 1265 3442 εὑρε-

182 3442 266 3484 θείη
292 3443 322 3474 L
348 3441 359 3485 ΙΙ
385 3443 426 3474 32
452 3442 533 3482 ἔχει]
566 3441 685 3474 habeat
710 3453 728 3477 ς
751 3442 762 3485 ΙΙ
790 3439 810 3483 ἦ
837 3438 926 3484 αὕτη
953 3444 994 3474 M
1004 3443 1105 3484 (Iul.)]
1130 3438 1219 3485 αὕτη
1245 3440 1265 3485 ἡ

182 3488 243 3522 Lg
261 3487 272 3529 ΙΙ
290 3487 335 3520 34
358 3486 426 3528 την
443 3483 568 3527 αὐτὴν]
593 3488 678 3518 hanc
699 3488 733 3527 (i.
749 3500 774 3519 e.
791 3486 928 3529 ταύτην
944 3486 1048 3529 τηνῗ)
1073 3499 1091 3523 ς
1108 3488 1120 3531 ss
1139 3489 1180 3522 36
1206 3484 1266 3520 αὖ·

182 3533 255 3564 τοῖς
281 3532 310 3564 L
329 3532 341 3575 ΙΙ
365 3533 406 3565 37
435 3527 558 3564 αὐτῶν
583 3533 654 3571 Le]
680 3528 791 3564 αὐτοῦ
818 3533 860 3564 Μ

253 3622 269 3654 1
294 3620 395 3653 facies
420 3622 452 3654 T
465 3621 477 3664 ΙΙ
495 3621 576 3662 sine]
603 3620 668 3653 nisi
689 3621 744 3664 Vl]
763 3622 781 3654 2
807 3621 957 3662 magistri
979 3622 1013 3655 V
1030 3622 1267 3664 magistrorum

186 3664 219 3697 T
239 3664 251 3707 ΙΙ
276 3665 418 3707 speeiem
444 3667 476 3699 T
502 3676 589 3708 spem
613 3666 667 3709 Vll
686 3666 892 3698 ministratus
917 3668 949 3699 T
976 3666 1185 3700 ministratur
1208 3669 1241 3701 V
1256 3667 1267 3713 ῙΙ

187 3710 206 3743 3
232 3710 359 3742 easdem
386 3712 419 3744 T
433 3710 445 3755 ΙΙ
461 3714 482 3745 4
506 3712 677 3744 occasione
702 3711 917 3745 emolumenti
941 3713 1039 3755 only]
1065 3713 1266 3746 occasionem

1335 3353 1470 3386 uenitur
1492 3353 1521 3385 V
1537 3353 1548 3396 ss
1566 3354 1607 3385 20
1631 3351 1756 3385 inferre
1770 3353 1875 3393 Beck]
1900 3352 2018 3384 inferri
2035 3354 2112 3386 libri
2125 3352 2137 3396 ΙΙ
2158 3354 2200 3386 22
2216 3355 2300 3386 Eam
2317 3356 2415 3397 vulo]

1336 3409 1372 3431 ea
1398 3399 1474 3431 libri
1489 3397 1501 3440 ss
1519 3408 1538 3429 a
1553 3398 1685 3438 nostris]
1712 3398 1832 3429 nostris
1848 3409 1867 3429 a
1887 3398 1917 3430 T
1931 3397 1942 3440 ΙΙ
1960 3408 2134 3439 expensam
2154 3401 2240 3442 valq.
2259 3398 2271 3441 Η
2291 3400 2331 3432 23
2356 3411 2416 3442 pro

1341 3444 1371 3476 T
1391 3443 1402 3485 ΙΙ
1421 3444 1461 3476 24
1487 3442 1718 3483 tergiuersatio
1740 3442 1796 3485 Vss
1822 3444 1863 3476 25
1889 3445 1998 3484 quam]
2024 3454 2087 3484 quc
2113 3444 2144 3475 T
2171 3454 2278 3484 neque
2301 3444 2353 3488 Vss
2374 3446 2416 3478 26

1336 3487 1500 3520 inditione
1521 3488 1604 3527 V(et
1623 3489 1670 3520 sic
1691 3489 1794 3531 infra)
1811 3488 1822 3530 ΙΙ
1842 3498 1880 3520 ex
1905 3498 1968 3528 qua
1993 3489 2130 3529 inpensa
2152 3488 2207 3531 Vll
2233 3490 2273 3522 27
2299 3489 2348 3530 fit]
2373 3490 2418 3522 sit

1346 3534 1406 3566 VT
1420 3533 1431 3576 ΙΙ
1448 3532 1662 3575 professionis
1679 3535 1757 3564 sunt
1775 3534 1820 3573 T]
1846 3533 2063 3575 professiones
2081 3535 2159 3565 sunt
2178 3535 2264 3577 vuly.
2290 3534 2416 3577 profes·

1337 3578 1440 3610 sionis
1463 3578 1501 3616 V;
1528 3579 1587 3620 leq.
1612 3588 1672 3619 pro
1689 3577 1942 3611 functionibus?
1959 3578 1971 3620 ΙΙ
1990 3579 2031 3611 28
2056 3579 2279 3612 inueniuntur
2298 3579 2330 3612 T
2341 3579 2353 3623 ΙΙ
2372 3581 2416 3613 30

1337 3634 1373 3655 60
1395 3624 1427 3656 V
1449 3623 1461 3666 ss
1491 3622 1549 3663 qui
1572 3622 1661 3655 ultra
1685 3641 1727 3646 —
1754 3624 1796 3656 32
1821 3634 1874 3655 eos
1898 3635 1955 3655 om.
1980 3623 2012 3656 V
2032 3623 2043 3666 u
2071 3625 2111 3657 31
2138 3623 2262 3656 fiscalia
2285 3625 2332 3665 T]
2358 3637 2417 3658 om.

1335 3669 1420 3711 vulq.
1440 3667 1451 3711 ΙΙ
1477 3669 1519 3700 32
1545 3677 1628 3709 quae
1651 3667 1689 3699 fit
1716 3669 1760 3708 T]
1792 3668 1911 3700 factam
1936 3669 2020 3710 valy.
2047 3666 2059 3711 ΙΙ
2087 3669 2128 3701 33
2155 3679 2173 3700 a
2197 3670 2274 3701 add.
2295 3670 2381 3712 vuly.
2406 3669 2417 3713 ΙΙ

1338 3715 1378 3747 35
1405 3713 1463 3753 eis]
1488 3713 1540 3744 his
1566 3713 1596 3745 T
1622 3722 1660 3744 ea
1682 3712 1738 3756 VH
1756 3715 1797 3746 36
1821 3712 1969 3754 reputari
1992 3713 2094 3756 vzcly]
2119 3715 2272 3755 reputare
2298 3715 2374 3747 libri

2080 3769 2144 3802 82*
