2618 4010
252 102 363 146 Nov.
392 100 529 144 XLIV
543 114 606 156 pr.
638 103 658 143 1

251 211 450 257 μαρτύρων
486 209 710 246 ἐπιδεικνύω
744 214 957 258 παρουσίαν.
1002 210 1081 246 εἶτα
1115 208 1239 255 ἐπειδή
1273 223 1328 247 τις

251 254 515 313 ἀμφισβήτησις
545 258 628 301 περὶ
651 253 760 291 αὐτοῦ
782 259 916 304 γε’γονε,
938 255 1000 298 τῆς
1021 254 1186 303 γυναικὸς
1209 255 1326 310 λεγού-

252 312 315 343 σης
337 313 378 334 ου
399 301 515 334 ταῦτα
537 300 630 334 εἶναι
651 299 698 335 τὰ
720 313 773 336 πα
800 299 809 312 ²
834 299 940 354 αὐτῇς
963 300 1210 343 έπιταχθέντα
1233 313 1326 348 απερ

252 343 272 379 ὁ
294 342 440 398 χοίρτησ,ι
454 342 585 392 ἔλεγεν,
620 343 640 379 ὃ
670 345 731 400 τῆς
765 314 863 390 §inne
897 344 1138 399 axqoaipsvos-
1162 343 1326 389 ἐπεζήτει

253 402 352 435 παρα
374 401 439 423 του
463 388 799 445 συμβολαιογραφου
819 391 958 435 μαθεῖν
980 403 1047 444 την
1075 402 1151 445 του,
1164 389 1327 444 πράγμα;
1364 395 1383 427 5

251 445 311 468 τος
328 432 517 488 ἀλήθειαν,
535 437 595 469 καὶ
615 433 660 479 δὴ
679 449 746 470 τον
769 434 1106 490 συμβΙολαιογραφον
1128 447 1270 488 ηγαγεν.
1309 448 1328 468 ο

253 477 294 513 δι’
321 490 368 513 τα
396 481 465 524 μὲν
494 479 688 559 γράμῖιατα
719 482 970 528 ἐπιγινωσκειν
1001 480 1069 525 ἔφη
1102 490 1163 523 της
1185 478 1327 525 πληρώ-

252 534 342 558 σεως
370 524 435 558 τοῦ
465 529 581 578 συμβο
604 529 695 567 αίου,
728 526 776 570 μὴ
805 522 1034 581 μηνρίὃεζναι
1064 537 1100 558 τι
1129 525 1207 559 τῶν
1238 537 1327 570 παρ-

651 569 666 580 u

253 566 599 612 ακολουθησαντων·
624 583 707 605 ουτε
720 570 787 618 γὰρ
811 580 916 603 αυτος
938 582 1004 612 την
1022 565 1139 623 ,ᾇρχὴν
1163 571 1328 623 ἐπιταγῆ-

1334 98 1418 146 274

2030 115 2090 147 DE
2117 112 2466 149 TABELLIONIBUS

1395 211 1643 259 praesentiam.
1690 212 1829 249 Deinde
1852 213 1934 250 dum
1958 214 2132 260 quaedam
2160 213 2334 250 dubitatio
2358 225 2465 260 super

1395 267 1437 293 eo
1469 257 1586 300 fieret,
1620 256 1766 293 muliere
1796 258 1935 295 dicente
1970 270 2042 295 non
2073 270 2151 295 esse
2181 270 2203 294 a
2234 269 2273 295 se
2303 259 2465 304 delegata

1395 311 1489 347 quae
1518 302 1644 338 charta
1671 301 1894 347 loquebatur,
1925 304 1987 349 qui
2016 304 2113 340 litem
2144 304 2324 347 audiebat,
2379 315 2463 341 uae-

1395 347 1499 383 rebat
1517 356 1540 382 a
1557 345 1748 382 tabellione
1770 357 1981 392 cognoscere
2000 350 2131 395 negotii
2146 350 2341 390 veritatem,
2391 349 2464 385 eni-

1396 401 1465 471 aue
1484 390 1710 427 tabellionem
1727 390 1884 428 deduxit.
1919 394 1968 429 At
1982 394 2042 430 ille
2060 395 2196 430 litteras
2213 404 2465 439 recognoscere

1419 436 1487 471 ixit
1510 435 1755 480 completionis
1777 436 1993 482 tabellionis,
2023 449 2095 475 non
2123 443 2242 475 tamen
2270 449 2377 475 nosse
2400 440 2464 475 ali-

1397 480 1483 526 quid
1516 481 1644 516 horum
1677 489 1768 525 quae
1801 486 1924 517 secuta
1957 486 2057 527 sunt;
2091 494 2158 520 nec
2192 485 2285 520 enim
2319 484 2387 519 sibi
2419 484 2464 519 ab

1396 525 1497 561 initio
1532 526 1674 571 penitus
1713 525 1929 570 delegatum,
1969 528 2031 563 sed
2070 529 2287 566 commisisse
2325 529 2466 564 cuidam

1397 580 1545 606 suorum
1574 570 1643 606 hoc
1673 569 1805 614 facere,
1838 580 1952 623 neque
1982 576 2106 616 postea
2133 575 2270 610 venisse
2300 574 2346 609 ad
2370 585 2465 609 com-

252 626 315 647 ναι
337 612 541 658 παντελῶς,
565 612 646 650 ἀλλ’
673 617 865 662 ἐπιτρέψαι
887 616 962 647 τινὶ
985 626 1063 648 των
1086 615 1195 649 αυτοῦ
1218 627 1325 648 τουτο
1343 618 1381 650 10
1394 615 1596 660 pletionem,
1619 615 1682 650 sed
1701 625 1824 651 rursus
1845 616 1903 650 alii
1922 615 1991 651 hoc
2010 618 2236 655 commisisse.
2271 618 2323 654 Et
2339 620 2369 654 is
2389 618 2466 663 qui-

253 658 399 704 πρᾶξαι,
433 657 516 693 οὔτε
549 656 701 707 ὕστερον
735 658 1008 705 παραγενέσθαι
1051 660 1096 706 τῇ
1132 657 1325 704 πληρώσει,

252 701 333 737 ἀλλ’
368 695 478 739 αὖθις
506 704 618 751 ε’τέρφ
649 706 757 739 τοῦτο
788 705 1074 748 ἐπιτετραφέναι.
1121 707 1180 738 καὶ
1211 701 1230 738 ὁ
1259 706 1326 748 μὲν

253 749 542 803 παραγενόμενος
575 751 621 796 τῇ
652 748 835 802 πληρώσει
871 747 1072 801 παρῆλθεν,
1107 746 1214 782 οὐδὲν
1245 746 1327 783 οὐδὲ

254 805 359 828 αυτοῦ
430 804 495 828 σας
518 792 650 829 εἰδέναι
684 797 755 835 (καὶ
778 807 845 840 γαρ
868 790 951 827 οὐδὲ
974 807 997 846 ρ’
1017 792 1171 848 γραφεζις
1194 786 1239 837 ἦν
1261 795 1324 828 τοῦ

1395 661 1493 704 dem,
1525 662 1586 705 qui
1617 659 1724 695 affuit
1757 660 2000 705 completioni,
2032 663 2144 704 venit,
2175 663 2264 700 nihil
2295 674 2361 699 nec
2391 664 2467 708 ipse

1395 706 1515 741 dicens
1546 715 1583 740 se
1613 715 1718 740 nosse
1753 706 1896 749 (etenim
1928 715 2042 749 neque
2071 708 2222 753 scriptor
2256 707 2325 744 fuit
2356 708 2465 744 docu-

1395 751 1533 794 menti),
1565 750 1627 786 sed
1651 751 1764 785 solum
1789 750 1911 786 docuit
1938 751 2022 804 quia
2043 758 2230 796 praesente
2260 763 2299 789 se
2322 754 2391 789 hoc
2413 753 2464 787 di-

1395 796 1540 831 missum
1561 795 1618 831 sit.
1661 794 1738 830 Nec
1763 795 1819 830 cui
1839 796 1886 831 ab
1902 795 2002 831 initio
2020 795 2217 840 delegatum
2234 803 2289 834 est
2304 798 2467 834 inventus

254 841 369 891 συμβο
393 841 505 894 sev),
526 837 616 873 ἀλλὰ
636 838 751 884 μόνον
783 836 947 878 ἐδίδαξεν
977 851 1034 891 qvi
1058 850 1236 885 παρόντος
1267 837 1326 873 αὖ·
1345 843 1381 874 15
1396 844 1469 876 est:
1505 841 1609 884 unde,
1641 840 1710 875 nisi
1732 850 1797 885 per
1819 843 1929 875 testes
1955 840 2062 875 iudex
2085 842 2253 878 valuisset
2275 853 2467 889 agnoscere

252 896 316 917 του
346 896 454 918 τουτο
485 883 709 918 απολέλυται.
756 881 838 917 οὐδὲ
867 882 940 927 μὴν
971 897 990 917 ο
1021 881 1089 926 τὴν
1119 881 1229 931 ἀρχὴν
1252 885 1328 918 ἐπι-

253 927 403 970 ταχθεὶς
431 925 587 974 ηὖρόθη“
624 927 712 964 elien
741 930 772 962 εἰ
806 927 855 971 μὴ
873 926 945 981 ,διὰ
976 929 1055 982 τῶν
1082 929 1279 976 μαρτύρων
1308 926 1327 963 ὁ

1397 895 1558 927 causam,
1591 895 1680 930 pure
1711 886 1907 930 periculum
1930 886 2132 930 patiebatur
2161 887 2314 933 undique
2337 888 2467 933 negotii

1398 930 1547 966 cadendi
1563 929 1700 965 notitia.
1735 930 1785 965 Et
1801 930 1888 965 illud
1905 930 2044 975 quidem
2065 934 2320 976 competentem
2339 933 2468 969 meruit

255 970 332 1007 δικ’
357 986 412 1006 ων
440 973 583 1016 ἴσχυσεν
616 974 807 1016 ἐπιστῆναι
836 986 890 1016 τῳ
918 985 947 1007 π
969 986 1119 1020 αγματι,
1155 974 1329 1018 καθαρῶς
1397 976 1694 1011 examinationem
1717 980 1823 1021 atque
1846 975 2045 1011 decretum:

255 1019 330 1051 ἐκιν
353 1015 477 1052 ύνευεν
496 1018 539 1053 τὸ
564 1017 750 1054 διαπεσεῖν
774 1017 938 1060 πανταχό
972 1031 1012 1051 εν
1040 1017 1107 1062 τὴν
1131 1020 1194 1053 τοῦ
1219 1018 1328 1065 πράγ-

252 1074 364 1107 ματος
384 1063 533 1108 γνῶσιν.
581 1066 693 1098 έκεῖνο
716 1065 783 1108 μὲν
806 1056 871 1097 οὖν
902 1064 962 1107 τῆς
986 1061 1223 1110 προςηκούσης
1252 1066 1328 1098 ἔτυ-
1342 1067 1384 1099 20

252 1120 315 1150 χεν
337 1105 532 1148 ἐξετάσεώς
554 1122 595 1144 τε
617 1111 677 1143 καὶ
702 1112 868 1154 κρίσεως·

1258 1222 1414 1259 CAPUT
1437 1222 1466 1258 Ι.

296 1287 392 1335 ἡμεῖς
414 1287 456 1325 δὲ
477 1286 653 1334 ᾠήθημεν
681 1290 809 1336 χρῆναι
838 1291 893 1335 τῷ
917 1293 1030 1327 παντὶ
1059 1290 1244 1336 βοηθῆσαι
1268 1293 1327 1324 καὶ
1451 1300 1517 1326 nos
1547 1292 1666 1326 autem
1696 1290 1871 1326 credimus
1902 1293 2067 1336 oportere
2101 1292 2274 1328 universis
2304 1291 2468 1327 auxiliari

251 1335 374 1371 κοινὰν
397 1333 459 1381 ἐφ’
485 1332 601 1369 ἅπασι
624 1334 851 1378 ποιήσασθαι
874 1333 997 1381 νόμον,
1022 1333 1110 1371 ὦςτε
1138 1335 1218 1370 τοὺς
1241 1349 1325 1379 προ·
1395 1338 1431 1371 et
1462 1346 1682 1371 communem
1716 1336 1754 1371 in
1786 1336 1949 1371 omnibus
1980 1338 2100 1372 facere
2130 1337 2257 1382 legem,
2293 1341 2468 1382 quatenus

251 1382 412 1415 εστῶτας
444 1381 507 1424 τῆς
536 1381 701 1427 ἐργασίας
738 1379 1089 1428 συμβολαιογράφυυς
1114 1381 1241 1415 αὐτούς
1273 1378 1323 1414 δι’
1395 1381 1609 1426 praepositis
1641 1381 1742 1425 operi
1773 1381 2002 1416 tabellionum
2033 1382 2119 1427 ipsis
2150 1392 2215 1427 per
2245 1392 2283 1418 se
2307 1382 2468 1417 omnibus

251 1426 393 1460 ἑαυτῶν
423 1427 463 1460 ἐκ
493 1423 629 1472 τρόπου
659 1424 796 1460 παντὸς
825 1425 1089 1461 ἐπιτάττεσθαι
1122 1425 1164 1460 τὸ
1195 1438 1265 1470 συμ
1293 1425 1325 1460 ό-
1340 1429 1381 1461 25
1395 1426 1509 1461 modis
1544 1426 1750 1470 iniungatur
1786 1425 2055 1469 documentum,
2093 1430 2129 1462 et
2163 1428 2246 1462 dum
2281 1427 2468 1462 dimittitur

252 1470 356 1506 λαιον
374 1468 480 1514 ἡνίκα
497 1483 538 1505 τε
557 1467 752 1504 ἅπολύοιτο
767 1472 1050 1518 παραγίνεσθαι,
1071 1474 1131 1505 καὶ
1147 1469 1197 1515 μὴ
1212 1471 1257 1505 ἇλ
1281 1482 1327 1505 ως
1395 1471 1569 1512 intersint,
1601 1475 1636 1505 et
1659 1481 1730 1506 non
1754 1470 1858 1505 aliter
1881 1471 2083 1516 imponatur
2111 1471 2257 1507 chartae
2280 1472 2467 1517 completio

251 1516 461 1551 ἐπιτιθέναι
480 1517 534 1569 τῷ
555 1513 667 1562 χάρτῃ
690 1515 757 1558 τὴν
777 1515 964 1562 πλήρωσιν
984 1515 1078 1560 πλὴν
1099 1517 1130 1549 εἰ
1144 1518 1194 1560 μὴ
1212 1518 1328 1550 ταῦτα
1396 1516 1464 1551 nisi
1484 1516 1573 1551 haec
1591 1518 1779 1560 gerantur:
1806 1518 1846 1550 ut
1866 1516 2021 1551 habeant
2040 1516 2135 1551 unde
2156 1517 2272 1552 sciant
2290 1517 2468 1562 negotium

251 1561 452 1607 πραχθείη·
483 1572 571 1595 ωςτε
600 1562 694 1603 ἔχειν
726 1558 852 1595 αὐτοὺς
881 1559 1014 1596 εἰδέναι
1044 1559 1113 1595 τ“ν
1142 1559 1327 1596 ὑπόθεσιν
1396 1565 1431 1596 et
1453 1561 1661 1605 interrogati
1692 1571 1714 1596 a
1742 1560 1920 1596 iudicibus
1944 1562 2085 1606 possint
2117 1572 2208 1606 quae
2237 1565 2322 1597 sunt
2345 1562 2466 1597 subse-

251 1608 503 1653 ἐρωτωμένους
532 1618 573 1639 τε
601 1603 671 1640 ὑπὸ
703 1606 782 1639 τῶν
813 1604 1038 1649 δικαζόντων
1092 1605 1256 1640 ύνασθαι
1279 1605 1327 1640 τοὶ
1397 1608 1481 1641 cuta
1506 1616 1719 1650 cognoscere
1752 1610 1787 1641 et
1809 1607 2038 1652 respondere,
2071 1607 2220 1642 maxime
2244 1607 2384 1652 quando
2408 1606 2466 1641 lit-

253 1649 601 1698 παρηκολουθηκότα
620 1649 812 1697 γινώσκειν
832 1664 871 1685 τε
890 1654 950 1685 καὶ
966 1649 1242 1698 ἀποκρίνεσθαι,
1267 1654 1326 1684 καὶ
1340 1655 1382 1687 30
1395 1654 1490 1686 teras
1526 1655 1610 1686 sunt
1644 1651 1850 1695 ignorantes
1887 1651 1947 1695 qui
1981 1652 2070 1687 haec
2105 1652 2302 1697 iniungant,
2339 1651 2474 1697 quibus·

249 1695 408 1741 μάλιστα
420 1692 511 1730 ὅταν
523 1694 748 1742 γραμμάτων
759 1696 851 1730 εἰσὶν
866 1693 1146 1741 ἀνεπιστήμονες
1161 1696 1197 1730 οἱ
1211 1697 1327 1730 ταῦτα
1394 1697 1510 1731 facilis
1534 1700 1588 1731 est
1621 1700 1658 1731 et
1689 1696 1971 1732 inconvincibilis
2004 1698 2189 1741 denegatio
2219 1697 2346 1733 horum
2378 1706 2468 1741 quae

250 1740 519 1784 ἐπιτάττοντες,
548 1739 598 1774 οἷς
621 1738 730 1788 ῥᾳδία
761 1741 965 1784 καθέστηκε
993 1745 1053 1775 καὶ
1081 1738 1326 1788 ἀνεξέλεγκτος
1395 1752 1460 1787 pro
1484 1741 1635 1777 veritate
1659 1744 1784 1776 secuta
1808 1746 1901 1776 sunt.

251 1784 274 1830 ἡ
307 1786 387 1821 τῶν
420 1789 497 1820 ταῖς
533 1782 720 1828 ἀληθείαις
759 1785 1136 1831 παρηκολουθηκότων
1170 1786 1326 1833 ἄρνησις.

249 1834 273 1868 1
309 1827 388 1865 Ἵνα
409 1834 534 1865 τοίνυν
556 1827 704 1865 ἅπαντα
730 1832 846 1865 ταῦτα
874 1829 1103 1875 κωλύσωμεν,
1135 1829 1195 1865 διὰ
1218 1833 1326 1866 τοῦτο
1395 1833 1415 1867 1
1470 1831 1520 1867 Ut
1554 1831 1660 1876 igitur
1695 1831 1812 1866 omnia
1847 1832 1936 1868 haec
1970 1832 2243 1878 prohibeamus,
2281 1836 2469 1878 propterea

250 1874 318 1912 τὸν
339 1875 507 1922 παρόντα
523 1875 712 1923 γράφομεν
730 1875 855 1920 νόμον,
879 1880 938 1910 καὶ
957 1878 1074 1910 ταῦτα
1093 1875 1324 1923 παραφυλάτ-
1340 1880 1381 1912 35
1396 1880 1619 1921 praesentem
1643 1877 1850 1921 scripsimus
1874 1878 1996 1922 legem,
2029 1880 2064 1913 et
2086 1879 2175 1914 haec
2200 1878 2370 1914 custodiri
2393 1889 2467 1912 mo·

250 1921 386 1956 τεσθαι
408 1918 555 1957 πάντως
578 1920 787 1965 βουλόμεθα
817 1920 916 1969 παρὰ
945 1922 1023 1955 τῶν
1047 1932 1090 1955 συ
1117 1920 1324 1968 βολαιογρά-
1397 1921 1452 1956 dis
1485 1921 1649 1956 omnibus
1678 1923 1841 1956 volumus
1874 1932 1896 1957 a
1925 1923 2188 1966 tabellionibus,
2222 1923 2295 1958 sive
2325 1923 2362 1957 in
2390 1924 2469 1968 ipsa

250 1979 345 2013 φων,
375 1966 447 2000 εἴτε
469 1967 530 2000 ἐπὶ
553 1964 685 2008 ταύτης
713 1966 774 2008 τῆς
805 1964 1011 2011 εὐδαίμονος
1030 1963 1079 2000 πό
1103 1978 1168 2000 εως
1192 1966 1262 2000 εἴτε
1286 1968 1326 2000 ἐν
1395 1967 1600 2002 felicissima
1633 1966 1773 2001 civitate
1804 1967 1877 2003 sive
1906 1967 1943 2002 in
1972 1968 2162 2012 provinciis
2194 1968 2283 2012 sint;
2325 1967 2466 2003 scienti-

251 2014 298 2046 ἐπ
345 2015 438 2054 xime
464 2011 547 2052 εἷεν,
580 2009 839 2058 γινωσκόντων
871 2009 918 2046 ὠς
950 2012 981 2045 εἰ
1011 2010 1110 2059 παρὰ
1143 2008 1259 2045 ταῦτά
1289 2025 1326 2045 τι
1395 2013 1463 2046 bus
1495 2011 1595 2056 quia,
1632 2011 1663 2046 si
1692 2012 1835 2056 praeter
1870 2012 1960 2047 haec
1990 2013 2122 2057 aliquid
2151 2013 2303 2057 egerint,
2340 2013 2468 2048 cadent

251 2069 281 2092 π
314 2053 323 2066 ’
349 2069 438 2098 am,
462 2057 696 2091 ἐκπεσοῦνται
718 2053 866 2090 πάντως
888 2056 966 2090 τῶν
985 2059 1217 2101 καλουμένων
1241 2067 1324 2090 στα·
1395 2057 1492 2092 omni
1507 2056 1611 2091 modo
1636 2056 1691 2091 his
1723 2066 1814 2101 quae
1836 2061 2010 2092 vocantur
2033 2058 2255 2100 stationibus,
2280 2061 2315 2093 et
2338 2058 2398 2102 qui
2421 2058 2467 2092 ab

253 2149 290 2182 et
320 2145 460 2182 testium
483 2155 581 2191 prae
606 2155 646 2181 se
673 2144 818 2191 ferebat
873 2144 1098 2180 raesentiam.
1152 2143 1290 2196 Deinde
1321 2145 1546 2184 dubitatione
1574 2148 1699 2194 aliqua
1729 2147 1773 2184 de
1801 2159 1845 2184 ea
1875 2159 1916 2184 re
1947 2151 2048 2190 orta,
2078 2159 2158 2183 cum
2180 2147 2309 2183 mulier
2331 2147 2464 2184 diceret

252 2200 328 2226 non
350 2190 439 2225 haec
472 2201 549 2226 esse
572 2189 617 2224 ab
640 2189 721 2236 ipsa
743 2200 826 2224 man
853 2194 916 2225 ata
945 2200 1039 2235 quae
1062 2189 1190 2225 charta
1213 2189 1357 2232 diceret,
1391 2192 1423 2226 is
1445 2193 1508 2237 qui
1539 2193 1635 2228 litem
1660 2192 1841 2236 audiebat,
1872 2204 1895 2228 a
1919 2193 2107 2228 tabellione
2129 2193 2267 2228 discere
2296 2194 2349 2228 rei
2372 2194 2463 2229 veri-

254 2240 362 2271 tatem
384 2235 549 2281 cupiebat
570 2236 693 2280 itaque
718 2233 941 2270 tabellionem
964 2234 1129 2270 adduxit.
1183 2235 1231 2271 At
1253 2235 1315 2271 ille
1338 2236 1479 2271 litteras
1502 2237 1644 2282 quidem
1666 2248 1705 2272 se
1727 2247 1924 2283 aqnoscere
1953 2238 2180 2273 instrumenti
2207 2238 2374 2284 completi
2404 2249 2463 2273 ne-

253 2291 322 2326 que
343 2290 427 2315 vero
458 2280 651 2325 quicquam
678 2289 784 2315 nosse
807 2290 932 2314 eorum
961 2289 1054 2325 quae
1082 2284 1206 2316 secuta
1236 2285 1353 2316 essent
1375 2281 1473 2317 dixit
1478 2294 1494 2323 ;
1529 2292 1612 2316 nam
1635 2292 1751 2327 neque
1774 2282 1947 2317 abssinitio
1979 2282 2123 2317 omnino
2151 2293 2229 2318 sese
2258 2282 2464 2318 mandatum

252 2325 439 2371 recepisse,
469 2324 534 2360 sed
562 2323 704 2359 cuidam
732 2334 783 2359 ex
812 2324 888 2359 suis
910 2324 1083 2360 ministris
1112 2330 1154 2360 ut
1183 2324 1224 2360 id
1250 2326 1394 2371 faceret
1424 2327 1651 2368 commisisse,
1683 2338 1798 2379 neque
1822 2331 1955 2373 postea
1984 2327 2194 2373 interfuisse
2226 2327 2463 2373 completioni,

251 2369 315 2405 sed
343 2380 472 2405 rursus
499 2369 606 2405 alteri
637 2368 707 2404 hoc
737 2369 962 2405 commisisse.
1013 2371 1131 2416 Atque
1161 2370 1223 2406 ille
1251 2371 1393 2416 quidem
1428 2372 1491 2417 qui
1521 2371 1749 2424 completioni
1781 2372 1967 2418 interfuit,
1999 2372 2222 2418 comparuit,
2258 2372 2321 2424 qui
2351 2382 2389 2408 se
2419 2383 2465 2408 ne

250 2415 369 2461 ipsum
392 2414 535 2460 quidem
558 2414 751 2460 quicquam
772 2415 866 2450 scire
888 2414 986 2450 dixit
1008 2418 1135 2461 (neque
1151 2416 1244 2451 enim
1263 2416 1423 2462 scriptor
1438 2417 1567 2462 suerat
1585 2417 1838 2460 instrumenti),
1862 2417 1927 2452 sed
1946 2417 2014 2452 boc
2034 2428 2144 2452 unum
2163 2416 2285 2453 docuit
2303 2428 2342 2453 se
2352 2427 2463 2463 prae-

250 2464 350 2496 sente
378 2459 419 2495 id
440 2458 642 2495 absolutum
665 2469 751 2494 esse.
804 2458 880 2495 Nec
902 2460 1018 2506 maqis
1049 2461 1080 2495 is
1109 2461 1172 2507 qui
1200 2460 1244 2496 ab
1276 2461 1379 2496 initio
1410 2461 1618 2496 mandatum
1648 2467 1834 2508 receperat
1857 2463 2021 2497 inventus
2043 2466 2114 2497 est:
2151 2462 2203 2497 ita
2226 2466 2277 2504 ut,
2305 2461 2376 2496 nisi
2396 2473 2464 2508 per

253 2508 359 2540 testes
379 2503 495 2540 iudex
517 2504 688 2540 valuisset
711 2514 856 2540 causam
876 2505 1057 2551 persequi,
1089 2506 1286 2551 manifesto
1302 2506 1508 2552 periculum
1538 2509 1630 2542 esset
1659 2518 1704 2542 ne
1726 2506 1885 2553 undique
1907 2507 2044 2553 neqotii
2073 2506 2203 2542 notitia
2226 2506 2461 2543 intercideret.

250 2550 369 2595 Atque
388 2549 481 2584 illud
502 2549 644 2595 quidem
667 2560 710 2584 eo
735 2560 807 2595 quo
831 2549 931 2585 decet
951 2550 1118 2586 examine
1140 2555 1248 2596 atque
1271 2551 1405 2586 iudicio
1428 2551 1647 2598 impertitum
1669 2555 1744 2593 est,-

395 2594 426 2630 1.
479 2604 548 2630 nos
577 2598 696 2629 autem
725 2596 914 2630 universae
943 2596 997 2631 rei
1025 2595 1205 2631 auxilium
1232 2595 1426 2641 ferendum
1455 2600 1491 2632 et
1520 2607 1740 2632 communem
1771 2595 1816 2632 de
1839 2596 2000 2631 omnibus
2024 2597 2135 2649 leqem
2156 2596 2365 2642 faciendam
2388 2608 2463 2633 esse

250 2639 546 2682 existimavimus,
569 2644 609 2674 ut
626 2640 691 2691 qui
698 2645 879 2686 praesunt
901 2640 1028 2685 officio
1054 2640 1261 2676 tabelliones
1284 2641 1355 2688 ipsi
1375 2652 1445 2688 per
1458 2652 1497 2677 se
1510 2641 1626 2676 modis
1649 2640 1811 2677 omnibus
1833 2641 2022 2676 iubeantur
2045 2646 2315 2677 instrumentum
2335 2642 2462 2686 facere

250 2685 290 2720 id
314 2696 359 2721 ue
388 2695 469 2720 cum
498 2684 696 2720 absolvitur
726 2684 866 2727 adsint,
900 2696 987 2720 neve
1017 2685 1125 2720 aliter
1153 2686 1348 2732 patiantur
1383 2686 1546 2722 chartam
1581 2686 1756 2732 compleri
1782 2686 1853 2720 nisi
1887 2686 1976 2721 haec
2003 2690 2159 2732 peracta
2189 2686 2281 2721 sint:
2319 2692 2360 2721 ut
2390 2687 2462 2732 ipsi

250 2696 406 2766 bsseant
427 2730 565 2781 neqotii
587 2729 752 2781 notitiam
775 2733 809 2765 et
830 2740 855 2781 a
877 2729 1055 2765 iudicibus
1076 2731 1293 2777 interroqati
1310 2731 1457 2778 possint
1478 2742 1572 2777 quae
1594 2731 1782 2766 subsecuta
1804 2731 1878 2766 sint
1906 2741 2012 2767 nosse
2038 2735 2074 2766 et
2095 2731 2325 2778 respondere,
2355 2731 2463 2777 idque

250 2775 409 2811 maxime
429 2785 461 2809 st
483 2774 685 2810 litterarum
708 2775 867 2821 imperiti
889 2776 961 2810 sint
984 2776 1047 2821 qui
1069 2775 1158 2811 llaec
1180 2775 1366 2819 mandant,
1390 2775 1518 2822 quibus
1566 2776 1710 2811 reclivis
1731 2779 1786 2811 est
1802 2779 1911 2822 atque
1932 2776 1982 2810 ad
2001 2775 2280 2812 convincendum
2299 2776 2463 2821 difficilis

249 2822 272 2856 1
317 2819 487 2865 infitiatio
517 2829 640 2855 eorum
671 2829 763 2865 quae
792 2830 833 2854 re
863 2829 949 2855 vera
978 2824 1101 2856 secuta
1130 2825 1224 2856 sunt.
1315 2819 1448 2867 Itaque
1469 2826 1509 2856 ut
1557 2832 1620 2856 aec
1643 2821 1762 2856 omnia
1780 2820 2048 2867 prohibeamus,
2080 2820 2216 2856 idcirco
2233 2825 2462 2867 praesentem

251 2866 365 2917 lepem
387 2863 585 2906 scribimus,
608 2867 716 2915 atque
740 2863 829 2899 baec
852 2865 998 2900 omnino
1022 2865 1208 2901 observari
1228 2865 1390 2902 volumus
1413 2877 1436 2901 a
1458 2865 1717 2908 tabellionibus,
1741 2866 1815 2901 sive
1835 2866 1874 2900 in
1897 2864 1966 2900 hac
1987 2866 2091 2911 felici
2114 2865 2201 2901 urbe
2223 2866 2296 2902 sive
2316 2867 2355 2901 in
2373 2877 2461 2913 pro-

250 2909 378 2946 vinciis
397 2913 499 2944 sunt:
522 2909 587 2955 qui
607 2913 726 2944 sciant
747 2920 797 2951 se,
820 2910 852 2944 si
874 2910 963 2955 quid
985 2910 1157 2946 adversus
1179 2910 1268 2946 baec
1290 2912 1440 2957 eqerint,
1473 2911 1618 2946 omnino
1640 2910 1859 2947 stationibus
1881 2921 1976 2957 quae
1999 2914 2175 2946 vocantur
2193 2911 2378 2957 privatum
2400 2911 2460 2953 iri,

295 3002 316 3034 3
335 3000 452 3034 ταῦτα
472 3013 530 3034 om.
544 3013 564 3037 ς
588 3002 601 3044 ss
629 3003 646 3034 'l
668 3002 735 3046 ἔφη
751 2997 863 3040 ΜΒΣ]
892 2998 988 3046 ἔλεγε
1009 3002 1040 3034 L
1069 3000 1081 3045 ΙΙ
1112 3003 1131 3035 8
1154 3001 1217 3034 τοῦ
1238 3012 1322 3044 συμ-

249 3043 409 3123 bolezlav}
434 3045 622 3079 tabellionis
639 3058 658 3082 ς
684 3049 696 3089 u
728 3048 748 3079 9
773 3042 886 3079 *οὐδὲ
907 3047 983 3079 libri
1007 3046 1020 3088 ΙΙ
1053 3049 1093 3080 10
1117 3044 1226 3079 αὐτοῦ
1252 3047 1296 3079 Μ
1310 3044 1324 3091 ss

254 3092 350 3134 12sq.
364 3086 388 3123 ἀ
410 3087 443 3123 λ’
460 3083 569 3124 αὖθις
580 3110 624 3115 -
636 3088 819 3135 πληρώσει
835 3091 950 3125 om.M
968 3090 982 3135 ΙΙ
1004 3090 1114 3136 ἑτέρῳ
1130 3092 1237 3125 τοῦτο
1258 3092 1321 3131 Le]

248 3135 357 3169 τοῦτο
377 3135 487 3182 ε’τέρῳ
508 3133 566 3169 ΒΣ
586 3135 598 3180 ΙΙ
627 3137 667 3169 13
692 3133 884 3181 παρῆλθεν
907 3136 1008 3177 ML¹J
1033 3129 1147 3178 ἦλθεν
1170 3132 1280 3169 Ε’ΒΣ
1310 3135 1323 3178 11

249 3177 343 3221 οὐδὲ]
368 3177 450 3214 οὔτε
469 3177 530 3214 ΒΣ
554 3177 594 3213 δὲ
607 3181 656 3214 L⁰
681 3180 694 3224 fl
718 3183 756 3215 15
771 3180 959 3235 παρόντος]
978 3181 1046 3224 μὲν
1063 3182 1146 3215 male
1158 3182 1235 3214 add.
1250 3181 1321 3214 Ha-

251 3226 386 3259 loander
397 3221 486 3267 (ΒΣ)
501 3226 514 3270 ΙΙ
541 3227 582 3259 16
599 3223 618 3258 ὁ
639 3238 697 3259 om.
708 3226 754 3259 L¹
771 3226 783 3269 ΙΙ
802 3227 879 3268 την]
900 3226 959 3259 ἐπὶ
973 3225 1039 3267 τὴν
1051 3226 1083 3259 L
1101 3225 1114 3270 ΙΙ
1132 3228 1171 3260 17
1184 3221 1321 3269 ηὑρέθη

254 3271 295 3312 L]
320 3266 451 3315 εὑρέθη
465 3267 565 3304 MB2
592 3270 605 3314 ΙΙ
634 3272 676 3304 19
700 3268 922 3303 ἐκινδύνευεν
945 3282 988 3303 το
1012 3267 1198 3304 διαπεσεῖν
1218 3271 1321 3311 Μ(ς)]

249 3312 492 3348 ἐκινδυνεύετο
508 3312 692 3349 διαπεσεῖν
704 3313 797 3348 LEX
822 3315 834 3357 ΙΙ
861 3317 903 3349 23
916 3313 1039 3358 νόμον,
1061 3311 1167 3357 ὥστε]
1191 3316 1321 3349 Θεσπί-

251 3360 357 3403 ζομεν
377 3356 472 3393 ὥστε
491 3361 552 3393 inc.
566 3360 602 3393 B
625 3358 759 3403 (νόμον,
783 3362 842 3392 καὶ
866 3359 1089 3401 θεσπίζομεν
1113 3362 1179 3394 des.
1199 3356 1274 3402 ΒΣ)
1309 3362 1322 3404 u

251 3402 331 3437 τοὺς
345 3405 575 3450 προεστῶτας
592 3406 653 3447 τῆς
671 3406 835 3450 ἐργασίας
850 3401 1211 3451 συμβολαιογράφουσ]
1227 3415 1320 3449 prac-

250 3449 366 3489 positis
385 3450 476 3492 operi
496 3448 713 3483 tabellionum
730 3461 749 3485 ς
771 3450 784 3493 ΙΙ
808 3451 849 3483 25
871 3450 910 3482 ἐκ
927 3447 1062 3494 τρόπον
1080 3449 1217 3483 παντὸς
1236 3450 1320 3491 ML]

252 3492 290 3523 ἐκ
312 3494 447 3527 παντὸς
468 3492 604 3539 τρόπον
627 3496 688 3539 vul,
706 3521 713 3529 .
727 3507 795 3528 eum
810 3495 1006 3527 Haloandro
1020 3495 1082 3536 (Β)
1108 3494 1122 3539 ΙΙ
1146 3496 1187 3529 27
1207 3494 1319 3528 ὀπιτι·

252 3534 366 3576 θ’ἧναι
378 3539 424 3570 L¹
439 3538 452 3581 ss
477 3539 530 3581 τῷ
551 3552 611 3573 οηι.
624 3540 666 3572 M
683 3509 703 3584 (fi
724 3540 767 3573 30
783 3537 1133 3584 παρακολουθηκότα
1146 3540 1178 3573 L
1195 3540 1209 3583 fl
1232 3536 1319 3573 ἀπο-

252 3581 442 3622 κρίνεσθαι
454 3584 535 3624 LB]
557 3580 830 3629 ἀποκρίνασθαι
842 3585 885 3618 Μ
900 3585 913 3627 ΙΙ
928 3585 972 3618 34
987 3584 1103 3617 ταῦτα
1121 3583 1243 3619 πάντα
1262 3584 1293 3618 L
1308 3582 1320 3628 ΙΙ

253 3624 296 3657 35
306 3621 497 3677 γράφομεν]
511 3630 761 3672 conscripsimus
774 3641 793 3666 ς
807 3630 821 3673 Ι
839 3630 880 3663 37
897 3629 957 3663 ἐπὶ
969 3627 1111 3672 ταύτης]
1130 3629 1166 3662 in
1179 3629 1250 3671 ipsa
1265 3640 1285 3665 e
1307 3634 1320 3670 fl

254 3668 297 3702 ³9
320 3673 532 3711 στατιονων]
555 3672 719 3715 βαθμῶν
742 3674 778 3708 Β
802 3681 833 3708 et
854 3675 901 3708 eie
923 3675 956 3708 in
978 3686 1050 3719 sqq.
1073 3680 1252 3709 constanter

1437 3002 1457 3035 2
1482 3012 1555 3034 eum
1578 3002 1611 3035 V
1630 3002 1642 3044 ΙΙ
1665 3003 1685 3035 3
1705 3002 1763 3044 qui
1787 3021 1831 3026 —
1855 3002 1875 3034 6
1899 3000 2023 3045 tabelli}
2049 3013 2111 3034 scr.
2135 3001 2184 3034 R²
2208 3003 2241 3035 in
2264 3014 2330 3035 ras.
2348 3003 2368 3036 2
2391 3015 2460 3036 ver—

1391 3049 1506 3090 suumn
1525 3048 1546 3080 4
1566 3047 1693 3088 negotii
1714 3047 1851 3091 Vvuly.]
1875 3047 1924 3079 rei
1936 3045 2011 3088 R(²)
2073 3048 2091 3079 7
2110 3046 2185 3087 sibi]
2209 3046 2239 3079 si
2261 3047 2309 3079 V¹
2327 3046 2340 3090 ΙΙ
2366 3048 2385 3081 8
2406 3047 2460 3080 dc-

1390 3092 1536 3134 legatum
1550 3092 1665 3133 R²T²J
1690 3091 1840 3134 delegato
1859 3091 1965 3124 R²T¹
1996 3091 2035 3123 de
2051 3093 2145 3133 egat·
2168 3091 2212 3124 V¹
2243 3091 2391 3134 delegata
2411 3091 2461 3125 V³

1390 3138 1476 3181 vuly.
1507 3137 1520 3182 ss
1547 3137 1743 3169 commissise
1768 3136 1800 3169 R
1829 3135 1842 3180 n
1870 3137 1891 3170 9
1914 3146 2049 3169 suorum
2070 3154 2116 3160 —
2139 3136 2266 3169 venisse
2291 3149 2349 3170 om.
2371 3137 2419 3170 V¹
2446 3135 2460 3180 ΙΙ

1394 3184 1434 3216 10
1457 3181 1525 3214 alio
1549 3182 1597 3215 Β*
1634 3181 1647 3226 Ι]
1678 3189 1752 3225 post
1775 3181 1937 3214 comisisse
1967 3183 2068 3214 verba
2099 3181 2229 3214 cuidam
2251 3200 2296 3206 -
2319 3179 2458 3224 comple-

1390 3228 1514 3260 tionem
1538 3228 1573 3269 (8
1589 3230 1651 3270 sq.)
1672 3228 1786 3270 repetit
1807 3227 1854 3260 R¹
1885 3226 1898 3269 ΙΙ
1924 3226 1979 3258 his
2002 3225 2052 3259 R¹
2079 3225 2092 3270 ss
2121 3228 2162 3259 17
2184 3225 2319 3259 cadente
2337 3238 2380 3258 vu
2413 3249 2421 3257 .

1390 3272 1543 3304 notitiam
1564 3272 1598 3305 V
1617 3271 1630 3315 ΙΙ
1659 3273 1701 3305 22
1727 3273 1787 3316 ley.
1811 3270 2033 3303 credidimus?
2061 3269 2074 3314 11
2101 3272 2142 3304 25
2167 3270 2351 3304 demittitur
2409 3266 2421 3287 ¹

1391 3317 1433 3350 26
1457 3317 1589 3350 intersit
1612 3318 1689 3350 libri
1715 3315 1729 3361 11

1389 3361 1532 3394 habeant
1556 3364 1589 3395 in
1611 3374 1676 3395 ras.
1691 3363 1711 3395 3
1733 3360 1858 3395 litt.R²
1880 3361 1892 3404 u
1920 3362 1962 3395 28
1987 3359 2206 3402 interroganti
2227 3357 2276 3392 R·

1389 3406 1468 3438 teris
1489 3407 1542 3449 V!
1567 3407 1610 3440 30
1634 3407 1697 3439 hoo
1719 3406 1768 3439 R¹
1793 3404 1807 3449 Ι
1830 3405 2014 3447 iniungunt
2034 3406 2078 3446 V]
2103 3403 2247 3446 iungunt
2319 3402 2452 3441 ungunt

1389 3450 1439 3483 R²
1462 3452 1561 3493 ungit
1580 3450 1631 3484 Β*
1655 3452 1668 3495 ss
1698 3451 1737 3485 31
1763 3450 2081 3483 inconnincibilibus
2103 3446 2153 3481 12¹
2218 3446 2260 3478 35
2284 3447 2451 3486 praesente

1387 3495 1438 3528 Β*
1455 3494 1469 3540 ΙΙ
1491 3495 1742 3539 conscripsimus
1758 3495 1804 3536 R]
1827 3495 2016 3538 scripsimus
2035 3494 2068 3527 V
2084 3491 2098 3536 Ι
2119 3492 2152 3524 et
2207 3489 2251 3530 T]
2271 3491 2310 3521 ut
2330 3488 2375 3520 V·
2396 3488 2450 3540 uel

1396 3539 1446 3572 V³
1470 3539 1483 3584 fl
1507 3542 1549 3575 36
1561 3554 1609 3582 sq.
1633 3541 1735 3583 ipsam
1759 3539 1978 3573 felicissimam
2001 3536 2169 3585 ciuitatem
2190 3533 2225 3566 R
2254 3532 2269 3585 fl
2293 3534 2335 3567 39
2359 3543 2450 3565 omni

1387 3584 1485 3617 modo
1500 3585 1553 3618 his
1572 3585 1651 3627 W]
1676 3585 1767 3620 omni
1784 3584 1881 3618 modo
1897 3583 1992 3619 nobis
2003 3581 2037 3617 R
2048 3581 2060 3602 ¹
2081 3587 2216 3612 0111111Πο
2234 3578 2287 3612 111⁸
2305 3577 2361 3612 Β*

1757 3317 1799 3350 27
1819 3318 1955 3358 geratur
1979 3317 2167 3358 (generatur
2188 3315 2251 3356 1⁷¹)
2272 3310 2452 3388 Ιιωὲθῑῗίι-
