2618 4010
144 155 226 187 EST
254 154 402 193 NEQUE
430 154 662 187 MULIEREM

145 253 433 301 ἀναγκαζομένου
461 257 587 297 μέντοι
617 255 682 288 τοῦ
716 252 785 298 τὴν
815 255 944 310 χρῆσιν
975 253 1223 301 κερδαίνοντος

144 300 225 334 τοὺς
240 298 370 335 παῖδας
391 298 474 334 τοὺς
497 301 536 333 ἐκ
552 300 616 333 τοῦ
633 299 749 346 γάμου
773 303 832 333 καὶ
856 304 1072 346 αποτρέφειν
1096 302 1155 334 καὶ
1173 299 1218 333 τὰ

144 344 233 379 ἄλλα
255 344 379 381 πάντα
397 348 560 391 χορηγεῖν
583 342 703 379 αὐτοῖς
732 346 825 379 κατὰ
849 345 892 379 τὸ
918 347 980 389 τῆς
1009 343 1219 392 κερδανθεί-

143 390 168 425 2
213 402 274 432 σης
297 394 500 435 περιουσίας
522 393 664 435 μέτρον.
722 389 838 434 Ἴσμεν
862 388 905 424 δέ
920 404 957 424 τι
977 394 1036 424 καὶ
1054 391 1219 425 τοιοῦτον

142 435 349 482 γενόμενον,
373 431 432 468 δ’τι
452 436 545 470 bona
564 436 679 479 gratia
700 434 872 476 δόξαντος
896 433 1134 470 διαλελύσθαι
1153 435 1218 468 τοῦ

142 481 257 526 γάμου
287 483 347 514 καὶ
377 477 609 525 ἀναχωρῆσαι
638 481 707 524 τὴν
735 483 802 525 μὲν
833 480 903 526 πρὸ
934 481 1046 527 γάμου
1081 478 1219 526 δωρεὰν

143 527 189 559 εἰς
211 526 279 559 τὸν
301 522 496 580 γράψαντα
525 526 593 569 τὴν
618 524 657 560 δὲ
680 529 809 571 προῖκα
834 528 881 559 εἰς
911 526 979 568 τὴν
1011 524 1218 566 ἐπιδοῦσαν,

142 567 237 614 ὅμως
261 583 440 616 προφασει
464 569 580 614 δῆθεν
603 573 728 616 ζημίας
759 575 818 605 καὶ
842 570 965 605 ἄλλων
988 572 1117 605 αἰτιῶν
1140 583 1217 615 χρυ-

142 619 220 649 σίου
243 615 399 659 ποσότης
429 613 470 650 οὗ
491 621 618 661 μετρία
643 617 790 662 θατέρῳ
817 614 959 650 δέδοται
982 619 1098 661 μέρει,
1133 613 1219 649 ὤςτε

1211 138 1289 186 481

1901 141 2007 184 Nov.
2039 139 2216 184 xcvm
2244 140 2270 181 2
2295 152 2359 195 ep.

1290 257 1344 287 tes
1375 258 1554 295 manente,
1589 251 1746 296 cogendo
1777 255 1894 287 tamen
1919 262 1960 287 eo
1991 253 2051 297 qui
2076 263 2178 286 usum
2203 252 2362 286 lucretur

1289 298 1380 333 filios
1413 308 1456 332 ex
1486 297 1710 333 matrimonio
1749 300 1784 331 et
1814 298 1908 332 alere
1944 301 1979 332 et
2011 298 2082 332 alia
2115 297 2232 332 omnia
2262 296 2361 330 mini-

1288 347 1402 378 strare
1426 344 1476 378 eis
1500 343 1693 379 secundum
1718 342 1879 377 lucratae
1903 342 2125 378 substantiae
2149 352 2360 377 mensuram.

1287 388 1311 423 2
1363 389 1533 424 Novimus
1565 391 1683 423 autem
1715 387 1849 432 aliquid
1878 388 1983 422 etiam
2013 388 2084 423 tale
2115 387 2267 431 factum,
2301 390 2360 429 [et]

1256 435 1370 477 5quia
1401 434 1496 469 bona
1526 433 1641 478 gratia
1668 432 1743 467 viso
1775 432 1863 467 solvi
1892 433 2114 468 matrimonio
2139 437 2175 467 et
2198 433 2362 468 recedere

1288 479 1565 523 antenuptialem
1597 478 1738 522 quidem
1770 478 1996 514 donationem
2020 478 2066 513 ad
2090 488 2169 513 eum
2194 478 2253 522 qui
2277 488 2361 512 con-

1288 524 1441 569 scripsit,
1467 524 1583 560 dotem
1608 534 1691 559 vero
1715 523 1761 558 ad
1785 533 1862 557 eam
1887 533 1977 567 quae
2001 523 2141 564 obtulit,
2165 527 2283 558 tamen
2302 533 2361 557 oc-

1289 571 1431 605 casione
1457 570 1558 614 quasi
1582 569 1700 604 damni
1725 572 1760 604 et
1780 568 1929 603 aliarum
1947 579 2135 603 causarum
2155 569 2232 603 auri
2249 578 2361 612 quan-

1288 616 1371 650 titas
1403 626 1474 650 non
1507 615 1692 650 mediocris
1723 614 1862 657 utrique
1895 613 1979 648 data
2011 618 2064 648 est
2093 614 2202 657 parti,
2227 616 2267 648 ut
2291 623 2361 647 non

141 661 188 704 μὴ
214 659 331 695 δοκεῖν
355 662 447 695 εἶναι
471 675 577 716 τουτο
603 661 758 717 γαμικὸν
781 660 902 707 κέρδος
932 659 1023 706 μηδὲ
1046 660 1218 707 φυλάττε-
1236 661 1467 696 invideretur
1491 661 1560 696 hoc
1583 660 1742 704 nuptiale
1767 659 1904 694 lucrum
1928 669 2041 703 neque
2061 662 2261 694 servaretur
2281 658 2361 692 filiis

142 706 235 740 σθαι
265 710 338 740 τοῖς
361 710 467 741 παισὶ
490 720 581 741 κατα
605 719 687 742 τους
712 710 793 752 περὶ
815 707 944 741 τούτου
967 706 1111 750 νόμους,
1136 702 1216 739 ἀλλ’

142 751 290 792 ἔξωθεν
306 754 591 798 προςγενόμενον
607 751 656 787 οἷς
672 753 710 793 ἐξ
725 754 845 798 ἑτέρας
862 753 976 786 αἰτίας
991 750 1112 797 κέρδος
1126 755 1219 797 γίνε-

141 796 235 830 σθαι
256 799 320 831 τοῦ
346 797 471 842 λαβεῖν
496 796 584 832 αὐτὸ
605 797 937 843 καταπραξαμένου.
973 794 1060 831 diste
1075 799 1135 830 καὶ
1150 797 1219 839 τὴν

142 843 179 875 ἐκ
202 843 265 885 τῆς
287 843 454 886 τοιαύτης
485 847 607 898 τέξςνης
629 847 821 890 γινομένην
844 842 1108 887 θεραπεύοντες
1131 841 1217 885 βλά-

1290 706 1485 741 secundum
1520 706 1563 741 de
1601 706 1670 740 1100
1701 705 1814 748 leges,
1855 704 1918 739 sed
1947 704 2168 739 extrinsecus
2198 703 2361 738 accidens

1289 752 1390 796 quasi
1425 761 1469 786 ex
1501 751 1572 786 alia
1595 760 1705 785 causa
1729 751 1868 784 lucrum
1892 749 1993 784 fieret
2017 750 2092 784 eius
2116 750 2174 793 qui
2200 748 2362 792 accipere

1287 797 1355 833 1100
1380 797 1459 841 egit.
1508 796 1663 840 Ideoque
1687 805 1730 830 ex
1754 795 1820 830 hac
1845 797 1922 829 arte
1947 794 2079 829 factam
2103 797 2270 829 curantes
2291 795 2360 827 lae-

1288 842 1420 877 sionem
1445 842 1633 882 sancimus,
1659 844 1698 875 ut
1722 841 1776 876 vel
1799 840 1829 875 si
1853 840 1936 884 quid
1961 841 2031 874 tale
2055 839 2118 874 fiat
2143 842 2178 874 et
2201 839 2363 874 adveniat

140 891 211 931 βην
235 888 471 932 θεσπίζομεν,
495 902 564 923 καν
581 891 610 922 εὶ
626 903 663 923 τι
682 900 849 942 τοιουτον
871 891 1012 934 γένοιτο
1035 890 1095 921 καὶ
1115 898 1218 931 προς·
1234 890 1275 921 15
1288 887 1431 931 aliquod
1461 887 1565 922 alteri
1593 887 1749 929 lucrum,
1781 888 1817 921 et
1840 886 1908 920 hoc
1932 885 2092 920 similiter
2112 885 2244 919 servari
2268 884 2362 926 filiis,

141 932 245 966 έλθοι
261 947 297 967 τι
314 933 462 978 θατέρῳ
478 932 607 979 κέρδος,
625 937 683 966 καὶ
696 935 803 967 τοῦτο
820 937 951 975 ομοίως
968 931 1220 979 φυλάττεσθαι

141 981 212 1011 τοῖς
233 983 349 1020 παισί,
370 981 432 1022 τῆς
451 981 518 1023 μὲν
538 977 744 1013 δεσποτείας
766 976 876 1012 εὐθὺς
896 977 1155 1025 (ἐφικνουμένης
1173 978 1220 1011 εἰς

142 1021 285 1064 αὐτούς,
317 1025 378 1067 τῆς
407 1023 564 1069 χρήσεως
595 1022 634 1058 δὲ
656 1020 766 1067 μόνης
796 1023 895 1069 παρὰ
924 1025 977 1066 τῷ
1003 1021 1219 1070 κερδάναντι

142 1069 385 1111 καθεστώσης.
441 1066 556 1103 οὕτως
579 1066 774 1114 ἀφέξονται
798 1069 936 1103 παντὸς
959 1067 1218 1113 ἐλαττώματος,

1287 932 1506 976 proprietate
1537 932 1677 977 quidem
1705 942 1787 966 mox
1811 931 1972 966 veniente
2003 931 2048 966 ad
2079 940 2155 974 eos,
2188 940 2256 964 usu
2280 939 2362 963 vero

1289 978 1364 1012 solo
1382 978 1477 1022 apud
1494 978 1690 1012 lucrantem
1709 977 1913 1012 constituto.
1947 976 2004 1011 Sic
2021 975 2251 1011 abstinebunt
2268 974 2363 1010 omni

1287 1023 1383 1066 vitio,
1416 1023 1467 1058 sic
1493 1023 1588 1058 omni
1621 1022 1794 1057 desiderio
1818 1021 2068 1064 inrationabili,
2101 1021 2152 1056 sic
2176 1030 2241 1055 nec
2265 1019 2363 1054 inviti

1288 1078 1353 1103 nec
1377 1071 1504 1112 sponte
1528 1069 1600 1103 suis
1625 1068 1805 1103 nocebunt
1828 1067 1926 1109 filiis,
1951 1067 2013 1102 sed
2036 1070 2140 1102 erunt
2163 1065 2362 1110 temperati,

142 1110 238 1148 οὕτω
252 1115 367 1157 πάσης
380 1115 577 1158 ἐπιθυμίας
590 1112 731 1159 ἀλόγου,
749 1110 864 1148 οὕτως
880 1112 962 1148 οὔτε
975 1113 1120 1148 ἄκοντες
1136 1112 1219 1147 οὔτε
1233 1115 1275 1147 20
1287 1114 1439 1148 maxime
1464 1113 1603 1157 quidem
1628 1113 1724 1148 circa
1748 1123 1848 1147 suam
1871 1113 2082 1153 castitatem,
2112 1111 2238 1146 deinde
2259 1111 2363 1145 etiam

142 1158 282 1193 ἑκόντες
307 1160 388 1194 τοὺς
412 1160 552 1194 ἑαυτῶν
575 1158 757 1205 βλάψουσι
786 1157 934 1202 παῖδας,
965 1156 1045 1193 ἀλλ’
1073 1161 1218 1193 ἔσονται

141 1206 372 1249 μετριώτεροι
387 1204 546 1250 μάλιστα
560 1206 628 1248 μὲν
644 1207 726 1250 περὶ
742 1205 811 1247 τὴν
825 1201 950 1239 αὑτῶν
967 1203 1217 1250 σωφροσύνην,

142 1252 268 1284 ἔπειτα
297 1253 356 1283 καὶ
381 1253 462 1297 περὶ
486 1250 553 1293 τὴν
575 1250 731 1296 γαμικὴν
755 1247 938 1292 διάθεσιν,
973 1247 1019 1293 ἢν
1043 1251 1218 1296 προςῆκον

141 1298 206 1337 μέν
230 1297 330 1329 ἐστιν
362 1297 455 1337 ἐξῄειν
485 1295 567 1329 τοὺς
590 1291 691 1335 ἅπαξ
715 1296 970 1341 συναφθέντας
993 1295 1082 1341 πρὸς
1113 1293 1218 1337 ἄλλη-

1288 1160 1383 1194 circa
1399 1158 1614 1193 matrimonii
1630 1159 1807 1200 affectum,
1824 1167 1927 1202 quem
1943 1159 2146 1202 competens
2164 1161 2218 1192 est
2233 1156 2363 1190 habere

1287 1215 1347 1239 eos
1372 1204 1432 1248 qui
1457 1205 1564 1239 semel
1597 1204 1779 1238 coniuncti
1808 1207 1892 1238 sunt
1923 1203 2123 1238 alterutris:
2160 1213 2216 1237 res
2246 1205 2300 1236 est
2329 1206 2365 1236 et

1288 1250 1452 1284 castitate
1477 1249 1583 1294 plena
1608 1252 1643 1283 et
1668 1249 1768 1283 bonis
1792 1249 1949 1284 moribus
1975 1258 2132 1292 congrua
2155 1251 2190 1282 et
2212 1250 2363 1292 paterno

1288 1299 1518 1339 maternoque
1535 1294 1667 1329 affectu
1683 1294 1799 1339 plena,
1819 1296 1859 1328 ut
1876 1295 1971 1338 quod
1988 1294 2040 1346 eis
2055 1296 2220 1338 parentes
2237 1295 2364 1337 sponte

142 1340 220 1374 λους
245 1355 351 1372 *en*
385 1342 534 1387 πρᾶγμα
558 1344 617 1374 καὶ
642 1340 887 1393 σωφροσύνηςν
897 1339 1033 1385 μεστὸν
1064 1344 1123 1374 καὶ
1146 1343 1219 1373 τοῖς
1233 1342 1274 1373 25
1288 1351 1358 1375 non
1376 1345 1528 1381 servant,
1554 1340 1622 1375 hoc
1638 1343 1721 1384 post
1745 1340 1846 1375 deum
1865 1349 2061 1374 commums
2082 1338 2244 1373 omnibus
2262 1340 2365 1382 pater

143 1383 296 1432 ἀγαθοῖς
311 1384 420 1428 ἤθεσι
436 1389 635 1430 συμβαῖνον
658 1390 717 1419 καὶ
734 1398 907 1431 πατρικης
922 1399 962 1420 τε
977 1389 1036 1419 καὶ
1052 1385 1219 1430 μητρῴας

142 1430 341 1465 διαθέσεως
365 1431 510 1476 πλῆρες,
543 1432 603 1465 ἵνα
627 1427 718 1476 ὅπερ
742 1429 862 1465 αὐτοῖς
885 1431 921 1464 οἱ
941 1434 1054 1477 γονεῖς
1078 1432 1219 1465 ἑκόντες

142 1473 182 1509 οὗ
207 1475 442 1522 φυλάττουσι,
466 1478 574 1511 τοῦτο
598 1475 617 1510 ὁ
643 1476 734 1521 μετὰ
762 1477 853 1510 θεὸν
877 1477 995 1511 κοινὸς
1017 1474 1130 1511 ἅπασι
1150 1490 1217 1510 πα-

141 1521 207 1566 τὴρ
232 1524 363 1576 (φαμὲν
387 1520 426 1555 δὲ
448 1520 467 1555 ὁ
492 1522 561 1565 τὴν
584 1520 772 1566 βασιλείαν
794 1523 899 1565 ἔχων)
921 1520 991 1577 ’διὰ
1016 1522 1080 1556 τοῦ
1106 1522 1218 1564 νόμου

1287 1386 1449 1428 (dicimus
1482 1388 1602 1419 autem
1636 1385 1696 1429 qui
1726 1385 1911 1429 imperium
1935 1385 2055 1426 habet)
2087 1394 2151 1428 per
2174 1384 2286 1428 legem
2308 1383 2364 1417 his

1288 1432 1348 1476 qui
1367 1441 1389 1466 a
1407 1431 1616 1475 parentibus
1636 1430 1723 1465 laesi
1743 1433 1828 1465 sunt
1846 1432 1970 1465 servet.
2019 1430 2068 1464 Et
2087 1430 2147 1463 hic
2165 1438 2304 1473 quoque
2323 1438 2366 1463 ea

1289 1486 1379 1520 quae
1415 1476 1457 1511 de
1491 1476 1600 1511 lucris
1638 1479 1673 1509 et
1704 1476 1992 1510 successionibus
2024 1474 2159 1520 pridem
2192 1473 2366 1518 disposita

1289 1525 1373 1557 sunt
1403 1525 1567 1556 teneant:
1600 1521 1688 1555 nihil
1718 1521 1809 1555 enim
1839 1531 1960 1555 eorum
1991 1521 2199 1555 innovamus
2224 1523 2366 1563 praeter

141 1570 214 1600 τοῖς
229 1580 328 1612 παρα
346 1569 425 1620 τῶν
438 1571 577 1612 γονέων
598 1564 822 1611 ἠδικημένοις
840 1580 988 1614 τηρησῃ.
1024 1564 1275 1601 κάνταῦθαὸθ
1289 1567 1349 1602 1110
1378 1567 1455 1602 sola
1487 1577 1578 1611 quae
1607 1567 1801 1610 expressim
1826 1566 1861 1600 in
1886 1567 1953 1601 hac
1978 1566 2053 1610 lege
2078 1565 2363 1610 conscripsimus.

142 1610 181 1644 δὲ
198 1611 245 1645 τοὶ
270 1615 351 1657 περὶ
373 1625 452 1646 των
467 1611 605 1657 κερδῶν
629 1615 688 1645 καὶ
713 1613 790 1646 τῶν
808 1610 988 1655 διαδοχῶν
1009 1613 1221 1657 ἔμπροσθεν

142 1655 404 1703 διατεταγμένα
423 1661 616 1703 κρατείτω·
642 1655 748 1691 οὐδὲν
767 1658 834 1703 γὰρ
856 1655 979 1691 αὐτῶν
1003 1660 1220 1700 καινίζομεν,

141 1701 243 1758 πλὴν,
261 1700 283 1745 ἢ
308 1704 419 1736 έκεῖνο
441 1702 556 1746 μόνον
580 1699 671 1748 ὅπερ
696 1703 812 1748 ῥητῶς
836 1705 874 1736 ἐν
898 1704 1017 1746 τούτῳ
1041 1705 1094 1746 τῷ
1119 1704 1220 1747 νόμῳ

139 1761 375 1793 γεγραφαμεν.

196 1790 482 1839 <Ἐπίλογος.>

142 1836 202 1871 διὰ
226 1836 332 1871 τοῦδε
361 1839 425 1872 τοῦ
450 1838 554 1871 θείου
584 1836 783 1882 δηλούμενα
814 1852 927 1883 νομου
949 1853 971 1882 η
994 1851 1039 1882 ση
1064 1838 1219 1884 υπεροχὴ

141 1885 232 1930 ἔργῳ
257 1887 316 1916 καὶ
341 1886 470 1928 πέρατι
493 1882 722 1928 παραδοῦναι
749 1883 952 1919 σπευσάτω.
1019 1885 1102 1919 Dat.
1127 1895 1217 1918 XVII.

141 1930 177 1963 k.
204 1930 280 1964 Ian.
304 1929 372 1964 GP.
402 1929 486 1973 imp.
507 1929 565 1964 dn.
591 1929 778 1964 Iustiniani
802 1941 861 1974 pp.
886 1932 976 1973 Aug.
1003 1940 1096 1965 anno
1121 1930 1218 1963 XIII.

142 1974 280 2019 Apione
303 1986 335 2009 v.
361 1985 391 2009 c.
418 1985 514 2008 cons.

535 1793 584 1825 Τὰ
615 1797 740 1827 τοίνυν
770 1791 1012 1848 παραστάντα
1043 1791 1129 1847 ἡμῖν
1161 1796 1220 1826 καὶ
1235 1796 1277 1828 35

1356 1793 1633 1838 (Epilogus.)
1691 1793 1789 1836 Quae
1820 1793 1929 1837 igitur
1960 1792 2174 1836 placuerunt
2203 1791 2307 1826 nobis
2331 1793 2368 1825 et

1288 1848 1354 1882 per
1383 1839 1476 1872 hanc
1497 1848 1637 1873 sacram
1662 1838 1844 1872 declarata
1867 1841 1952 1873 sunt
1975 1837 2085 1881 legem
2109 1839 2172 1872 tua
2196 1836 2366 1872 celsitudo

1290 1884 1388 1928 operi
1425 1883 1636 1927 effectuique
1672 1883 1882 1918 contradere
1916 1883 2069 1918 festinet.
2167 1882 2250 1917 Dat.
2275 1892 2366 1916 xvn.

1289 1929 1360 1963 kal.
1386 1929 1462 1964 Ian.
1488 1929 1571 1974 imp.
1598 1929 1656 1963 dn.
1682 1928 1870 1964 Iustiniani
1894 1940 1953 1974 pp.
1981 1928 2070 1972 Aug.
2102 1942 2185 1959 *u*

1185 1978 1229 2016 [a.
1244 1977 1321 2015 539]

143 2047 261 2077 autem
283 2043 517 2087 ususfructus
547 2042 647 2088 apud
670 2043 840 2087 coniuqes
865 2043 1022 2078 divortio
1045 2046 1239 2088 separatos
1261 2047 1425 2077 maneat:
1458 2043 1510 2076 ita
1536 2047 1671 2085 tamen,
1705 2046 1746 2077 ut
1768 2043 1800 2077 is
1824 2042 1886 2088 qui
1909 2042 2174 2086 usumfructum
2199 2041 2368 2083 lucretur,

144 2087 276 2122 liberos
299 2098 347 2122 ecc
370 2088 599 2122 matrimonio
624 2091 732 2122 natos
762 2092 797 2122 et
819 2088 916 2123 alere
939 2092 974 2122 et
997 2087 1139 2132 reliqua
1165 2088 1284 2122 omnia
1307 2087 1501 2122 secundum
1525 2087 1668 2123 modum
1690 2088 1912 2123 substantiae
1937 2098 2043 2133 quam
2070 2087 2231 2121 lucratus
2253 2087 2301 2121 sit
2324 2086 2369 2120 iis

143 2132 166 2167 2
207 2131 386 2178 praebere
410 2135 572 2178 coqatur.
638 2131 779 2167 Scimus
799 2144 883 2168 vero
906 2133 1014 2167 etiam
1037 2132 1215 2167 eiusmodi
1239 2132 1379 2177 aliquid
1403 2132 1587 2174 accidisse,
1613 2136 1653 2167 ut
1677 2144 1755 2167 cum
1779 2132 2046 2168 matrimonium
2070 2131 2250 2167 videretur
2274 2131 2369 2166 bona

144 2177 267 2223 qratia
289 2177 445 2211 solutum
469 2181 503 2211 et
527 2177 677 2212 donatio
703 2181 787 2212 ante
810 2179 958 2223 nuptias
978 2178 1027 2212 ad
1046 2188 1124 2212 eum
1146 2178 1210 2222 qui
1226 2178 1381 2222 scripsit,
1406 2177 1471 2211 dos
1493 2181 1610 2212 autem
1633 2178 1682 2212 ad
1705 2189 1782 2212 eam
1805 2189 1897 2223 quae
1914 2177 2012 2212 dedit
2026 2177 2225 2220 revertisse,
2251 2181 2368 2211 tamen

145 2223 252 2267 quasi
282 2222 404 2257 damni
427 2222 569 2257 nomine
592 2221 817 2267 aliarumque
841 2233 1034 2257 causarum
1064 2233 1136 2256 non
1166 2223 1303 2267 exiqua
1328 2222 1507 2267 pecuniae
1532 2223 1717 2267 quantitas
1740 2222 1907 2258 alterutri
1928 2223 2031 2268 parti
2052 2222 2214 2264 daretur,
2245 2222 2297 2257 ita
2329 2226 2369 2256 ut

145 2267 184 2302 id
206 2278 278 2301 non
303 2267 440 2301 lucrum
464 2266 627 2312 nuptiale
651 2278 727 2302 esse
750 2266 930 2302 videretur
953 2278 1067 2312 neque
1091 2266 1212 2301 liberis
1234 2266 1427 2302 secundum
1452 2267 1484 2302 le
1510 2278 1549 2302 es
1572 2267 1615 2302 de
1636 2279 1679 2302 ea
1699 2279 1738 2302 re
1762 2268 1856 2302 latas
1871 2272 2087 2308 servaretur,
2111 2266 2176 2301 sed
2190 2267 2368 2301 extrinse-

150 2323 210 2347 cus
240 2311 459 2358 adquisitum
491 2313 598 2357 quasi
627 2323 676 2347 ex
708 2312 782 2346 alia
813 2323 925 2346 causa
958 2312 1095 2346 lucrum
1124 2312 1229 2356 fieret
1260 2312 1336 2347 eius
1368 2312 1430 2356 qui
1453 2312 1466 2345 i
1520 2316 1560 2347 ut
1591 2313 1669 2346 acci
1695 2318 1771 2347 eret
1800 2312 1943 2347 molitus
1970 2316 2060 2347 erat.
2107 2310 2239 2357 Itaque
2261 2312 2368 2347 etiam

147 2357 278 2392 damno
302 2368 352 2392 ex
374 2357 549 2392 eiusmodi
569 2357 706 2401 fraude
730 2357 869 2391 orituro
895 2357 1074 2392 medentes
1096 2357 1294 2398 sancimus,
1325 2361 1366 2391 ut
1395 2357 1501 2391 etiam
1530 2357 1561 2390 si
1584 2358 1649 2402 qui
1694 2357 1868 2392 eiusmodi
1887 2358 1957 2401 fiat
1979 2361 2016 2392 et
2038 2357 2205 2392 alterutri
2229 2357 2367 2391 lucrum

147 2402 298 2448 aliquod
320 2402 479 2444 accedat,
504 2401 571 2436 ltoc
595 2412 735 2447 quoque
759 2401 922 2437 similiter
945 2402 1066 2436 liberis
1089 2406 1260 2443 servetur,
1286 2405 1395 2447 atque
1419 2401 1614 2436 dominium
1639 2403 1760 2437 statim
1784 2402 1833 2437 ad
1854 2412 1917 2437 eos
1938 2405 2111 2443 transeat,
2136 2401 2369 2447 ususfructus

147 2454 265 2483 autem
296 2447 397 2482 solus
427 2447 529 2493 apud
556 2458 635 2482 eum
668 2448 730 2492 qui
761 2447 923 2482 lucratus
949 2447 998 2482 sit
1020 2450 1173 2482 maneat.
1222 2445 1283 2481 Ita
1309 2446 1406 2481 omni
1429 2446 1581 2488 iniuria,
1615 2448 1666 2482 ita
1699 2447 1794 2482 omni
1826 2448 1955 2482 insana
1986 2446 2185 2493 cupiditate
2215 2446 2367 2482 abstine-

147 2493 253 2534 bunt,
284 2493 336 2528 ita
359 2503 475 2538 neque
497 2492 599 2528 inviti
623 2503 737 2537 neque
760 2492 918 2527 volentes
943 2492 1073 2527 liberos
1096 2503 1181 2527 suos
1203 2492 1334 2526 damno
1359 2492 1532 2536 afficient,
1554 2502 1675 2527 verum
1698 2492 1958 2527 moderatiores
1981 2496 2088 2527 erunt
2106 2492 2273 2538 inprimis
2317 2492 2367 2526 ui-

148 2538 226 2573 dem
257 2538 357 2583 quod
385 2538 513 2573 attinet
541 2537 590 2572 ad
621 2537 820 2573 castitatem
845 2548 959 2579 suam,
992 2536 1119 2572 deinde
1142 2538 1248 2572 etiam
1273 2536 1372 2582 quod
1394 2536 1443 2571 ad
1465 2537 1691 2582 coniuqalem
1716 2537 1955 2583 affectionem,
1984 2548 2092 2583 quam
2115 2537 2216 2573 decet
2238 2536 2285 2572 lta
2309 2548 2369 2572 ere

148 2594 210 2619 eos
233 2584 296 2629 qui
318 2583 427 2618 semel
449 2583 542 2617 inter
565 2593 603 2617 se
626 2583 740 2617 iuncti
762 2586 857 2624 sunt,
879 2596 985 2613 nu*
1004 2593 1079 2617 rem
1103 2586 1138 2617 et
1161 2582 1326 2617 castitate
1343 2581 1492 2628 plenam
1516 2586 1551 2617 et
1575 2582 1677 2617 bonis
1701 2582 1861 2617 moribus
1885 2583 2148 2618 convenientem
2164 2586 2198 2617 et
2209 2586 2369 2629 paterna

148 2633 257 2674 atque
278 2632 442 2663 materna
466 2628 659 2673 affectione
681 2628 868 2674 refertam,
893 2631 932 2662 ut
948 2627 1046 2672 quod
1060 2627 1105 2662 iis
1118 2632 1294 2673 parentes
1308 2638 1376 2662 sua
1391 2630 1519 2673 sponte
1541 2638 1614 2662 non
1639 2627 1856 2670 custodiunt,
1880 2627 1919 2662 id
1942 2629 2137 2663 communis
2159 2631 2246 2674 post
2265 2627 2368 2663 deum

149 2675 306 2708 omnium
323 2678 446 2720 pater,
471 2683 550 2707 eum
574 2673 724 2707 dicimus
747 2674 809 2725 qui
830 2673 1025 2724 imperium·
1045 2676 1148 2724 tenet,
1168 2683 1238 2718 per
1262 2671 1374 2718 leqem
1396 2673 1442 2707 iis
1465 2672 1528 2717 qui
1551 2683 1574 2707 a
1588 2672 1806 2719 parentibus
1829 2673 1965 2708 iniuria
1989 2673 2114 2718 affecti
2135 2677 2220 2708 sunt
2241 2678 2367 2708 servet.

148 2720 265 2764 Atque
280 2718 339 2754 lzz‘c
380 2729 499 2764 uoque
514 2729 608 2763 quae
627 2718 671 2753 de
687 2718 798 2753 lucris
817 2722 853 2753 et
870 2717 1154 2753 successionibus
1172 2717 1277 2763 prius
1296 2717 1493 2752 constituta
1508 2722 1594 2752 sunt
1609 2717 1772 2753 valeant:
1795 2717 1886 2753 nihil
1904 2718 1996 2753 enim
2016 2729 2139 2753 eorum
2158 2718 2370 2754 innovamus

144 2768 296 2810 praeter
318 2763 411 2798 ilud
432 2763 546 2798 solum
571 2763 670 2809 quod
692 2763 824 2799 diserte
846 2763 884 2797 in
911 2762 977 2798 hac
1001 2763 1079 2808 leqe
1101 2763 1321 2808 scripsimus.

284 2808 350 2855 Ep
359 2809 372 2843 i
382 2808 395 2843 l
403 2820 424 2843 ο
432 2820 457 2854 q
466 2820 489 2843 u
498 2819 526 2844 s.

150 2866 242 2901 opus
264 2855 501 2899 effectumque
524 2853 702 2889 adducere
725 2853 878 2888 studeat.

196 2926 212 2957 1
238 2918 544 2967 ἀναγκαζομένους
557 2922 603 2954 M
613 2921 625 2964 ΙΙ
644 2924 662 2955 5
678 2917 774 2964 βόνα
793 2918 925 2966 γράτια
939 2921 984 2953 Μ
1001 2921 1226 2965 βοναγρατία

153 2968 272 3001 Theod.
293 2965 387 3010 βόνα
400 2967 529 3012 γραζία
538 2968 612 2999 ΑτῘι.
626 2965 638 3011 ΙΙ
651 2968 670 2999 9
684 2965 845 3007 θατέρῳ]
859 2966 992 3006 utrique
1006 2977 1024 3001 ς
1037 2967 1047 3003 ΙΙ
1061 2968 1101 2999 10
1116 2961 1226 3007 *μήτε

152 3014 192 3045 Μ
209 3014 221 3055 ΙΙ
237 3014 279 3046 20
292 3008 396 3045 *οὐδὲ
409 3031 450 3036 ——-
463 3008 547 3044 οὐδὲ
559 3012 604 3044 Μ
615 3011 628 3055 ΙΙ
646 3013 688 3044 22
703 3007 824 3043 αὐτῶν
837 3011 899 3047 ΜΗ
918 3012 960 3043 24
972 3007 1147 3052 ‘particula
1159 3011 1226 3053 μέν

153 3059 290 3090 delenda
311 3064 356 3090 est
372 3058 436 3090 nisi
454 3058 550 3090 altius
571 3058 752 3099 corruptela
774 3051 886 3089 lateat'
900 3056 1085 3088 Zachariae
1098 3056 1153 3098 (cf.
1168 3057 1198 3095 ς)
1215 3054 1226 3098 Η

153 3104 194 3135 25
208 3102 368 3147 πρᾶγμα]
384 3113 434 3134 res
451 3103 498 3133 est
511 3113 539 3137 ς.
565 3102 699 3134 Hiatum
714 3103 826 3133 notavi
838 3100 850 3140 ΙΙ
870 3102 904 3134 31
925 3099 1137 3154 ἔμπροσθεν
1151 3097 1238 3132 δια-’

151 3149 353 3193 τεταγμένα
366 3147 552 3179 Zachariae
566 3159 604 3179 ex
616 3148 648 3199 §J
670 3146 747 3178 τῶν
768 3145 978 3190 ἑζιιπροσθεν
998 3144 1226 3190 διατεταγμέ-

151 3205 229 3226 νων
239 3193 283 3225 Μ
290 3191 300 3236 {l
315 3194 356 3226 33
370 3192 482 3224 ἐκεῖνο
496 3189 612 3234 μόνον
626 3203 716 3237 οπερ
726 3191 781 3232 Μ]
796 3191 855 3223 1110
868 3190 937 3222 sola
950 3201 1032 3231 quae
1046 3202 1065 3226 ς
1077 3189 1088 3235 ΙΙ
1102 3192 1140 3224 37
1153 3192 1226 3222 sub-

153 3251 214 3271 scr.
230 3251 285 3271 om.
299 3238 418 3270 Theod.
439 3236 451 3279 ΙΙ
466 3247 554 3269 xvii.
570 3241 732 3280 (praestat
743 3246 858 3276 xvm„
874 3238 916 3279 cf.
930 3238 1051 3269 subscr.
1065 3248 1135 3268 nov.
1149 3236 1226 3278 seq.)

153 3285 186 3316 k.
199 3283 272 3315 Ian.
288 3284 414 3315 dedica·
425 3283 499 3314 Ath.
511 3283 566 3323 (ς)]
591 3293 651 3313 xv.
668 3282 700 3313 k.
718 3281 784 3313 ian.
800 3281 849 3321 M,
867 3282 954 3324 quod
966 3283 1087 3324 probat
1099 3281 1228 3314 Zacha-

153 3331 238 3366 riae3
264 3328 296 3360 k.
317 3327 378 3360 iul.
400 3326 504 3368 (iuliis
524 3325 616 3369 luth)
638 3327 763 3359 Iuliani
783 3328 919 3359 schedae
942 3326 1175 3369 Sanqallenses
1199 3333 1229 3358 et

153 3372 234 3407 lum
246 3373 257 3418 ΙΙ
271 3375 313 3406 38
323 3384 372 3416 cp.
384 3372 439 3404 dn.
453 3372 568 3405 iustin.
581 3383 635 3415 pp.
649 3382 724 3413 aug.
734 3382 811 3404 ann.
821 3371 902 3403 XII.
914 3372 962 3411 M
977 3373 1079 3403 const.
1088 3370 1226 3414 (conspl.

155 3421 272 3463 Sanq.)
304 3418 383 3460 imp.
410 3418 518 3450 domn.
544 3418 627 3458 (.01Ts
652 3418 769 3459 Sanc.)
800 3416 976 3449 iustiniani
1008 3426 1081 3458 aug.
1107 3416 1228 3458 (agusti

157 3465 273 3508 Sanq.)
290 3475 378 3499 anno
395 3465 513 3504 quarto
531 3462 655 3495 decimo
663 3460 744 3495 Iul.⁶
757 3469 785 3495 et
798 3462 902 3505 Sany.
922 3462 1001 3504 imp.
1015 3461 1069 3494 dn.
1084 3461 1159 3494 iust.
1173 3472 1228 3505 pp.

144 3514 230 3551 aug.
249 3521 269 3546 ς
291 3507 474 3553 βασιλείας
486 3504 739 3540 Ἰουστινιανοῦ
752 3507 827 3540 Ath.
845 3506 857 3551 ΙΙ
876 3508 919 3540 39
932 3506 1061 3548 Apione
1077 3517 1125 3539 vc.
1139 3517 1227 3539 cons.

159 3555 280 3588 Biener
289 3568 324 3598 p.
336 3555 399 3588 520
414 3549 599 3595 (ὑπατείας
610 3549 782 3586 Ἀπίωνος
791 3552 893 3594 Ath.)]
915 3552 990 3584 iust.
1005 3562 1055 3584 uc.
1071 3562 1174 3584 conss.
1190 3552 1232 3584 M

158 3600 283 3632 iustino
302 3610 352 3632 110.
375 3599 508 3632 consule
525 3599 589 3632 Iul.
605 3599 707 3640 Sanq.
733 3597 910 3630 iustiniani
933 3597 999 3629 uiri
1020 3597 1080 3630 cla.
1096 3597 1229 3630 consule

158 3643 250 3686 Iul-⁰,
264 3656 351 3681 οηι.ς
368 3644 380 3688 ΙΙ
398 3646 563 3687 antiquam
580 3645 775 3686 insontibus
797 3644 1049 3686 discrepantiam
1060 3644 1169 3686 fuisse
1188 3651 1229 3676 te-

158 3697 282 3722 stantur
294 3691 368 3723 Ath.
384 3698 413 3723 et
424 3691 499 3730 Iul„
523 3691 769 3722 contaminatam
789 3701 826 3721 ex
843 3690 968 3721 duabus
985 3689 1121 3720 diversis
1140 3695 1229 3721 nota-

161 3735 295 3768 tionibus
308 3737 568 3779 subscriptionem
583 3733 771 3768 exhibetM:
793 3735 893 3767 malui
909 3735 1006 3776 iqitur
1021 3733 1158 3766 Bieneri
1176 3747 1229 3766 ra-

231 3790 279 3816 111.

574 2807 674 2851 Quae
697 2808 809 2854 iqitur
831 2808 935 2843 nobis
951 2808 1174 2854 placuerunt
1197 2811 1232 2843 et
1246 2819 1319 2853 per
1336 2807 1428 2842 lianc
1451 2818 1593 2842 sacram
1617 2807 1730 2853 leqem
1756 2807 1987 2843 declarantur
2012 2810 2074 2843 tua
2097 2807 2298 2843 sublimitas
2321 2807 2370 2843 ad

1295 2920 1407 2951 tionem
1432 2926 1462 2952 et
1484 2920 1596 2952 ordine
1621 2919 1818 2952 novellarum
1843 2928 1872 2952 et
1895 2922 2089 2963 sequentium
2113 2922 2368 2954 constitutionum

1293 2965 1579 3006 subscriptionibus
1596 2966 1844 2997 commendatam
1859 2967 1951 3008 sequi
1966 2979 2058 3008 quam
2077 2978 2115 2998 ex
2132 2965 2179 2998 M
2180 2967 2285 3009 sacili
2300 2980 2367 2999 cor·

1294 3011 1431 3042 rectione
1445 3010 1574 3052 efficere
1590 3009 1655 3041 dat.
1669 3009 1701 3041 k.
1716 3009 1787 3041 Ian.
1800 3028 1844 3033 -—
1856 3020 1944 3042 anno
1958 3010 2058 3042 XIII.
2072 3010 2205 3043 Iustino
2219 3021 2265 3043 vc.
2281 3021 2367 3044 cons.

1340 3102 1354 3133 1
1372 3102 1415 3132 tffi
1428 3100 1459 3132 R
1475 3100 1487 3141 ll
1505 3099 1656 3131 lucratur
1670 3100 1702 3133 T
1715 3099 1726 3142 ΙΙ
1745 3101 1764 3132 2
1779 3099 1890 3131 omnia
1905 3099 1972 3131 alia
1984 3100 2017 3132 R
2033 3099 2045 3144 ΙΙ
2064 3101 2082 3132 3
2100 3110 2154 3132 eos
2168 3101 2229 3138 Ra,
2247 3100 2294 3132 eis
2310 3113 2367 3133 om.

1302 3144 1351 3189 Vl}
1364 3146 1385 3177 4
1398 3147 1430 3177 et
1444 3155 1503 3177 om.
1513 3145 1601 3187 vuly.
1615 3143 1626 3188 Η
1640 3146 1659 3178 5
1674 3146 1763 3185 quia]
1778 3144 1857 3185 quia
1870 3147 1902 3177 et
1918 3146 1959 3177 T¹
1974 3144 1985 3189 ΙΙ
1997 3145 2066 3176 viso
2079 3145 2173 3185 solvi]
2188 3145 2324 3177 dissolui
2338 3145 2370 3177 R

1294 3190 1416 3222 disolui
1433 3190 1464 3222 T
1477 3189 1488 3232 ΙΙ
1506 3189 1716 3221 matrimonia
1730 3190 1796 3222 ΕΤ
1813 3189 1825 3233 ΙΙ
1843 3190 1950 3222 1οᾶ110
1963 3189 2013 3222 R³
2029 3190 2040 3232 ΙΙ
2059 3191 2079 3222 6
2095 3189 2368 3231 antenuptialem]

1294 3236 1352 3277 qui
1377 3234 1637 3277 antenuptialem
1665 3234 1710 3267 [ἐι
1738 3234 1751 3277 ΙΙ
1778 3234 1877 3276 quide
1907 3235 1939 3267 V
1962 3234 1974 3277 ΙΙ
2004 3237 2020 3267 7
2048 3237 2130 3275 0010]
2163 3245 2236 3267 eum
2260 3235 2335 3268 RV
2357 3235 2368 3279 ΙΙ

1296 3281 1351 3322 qui
1374 3280 1427 3321 VH
1446 3282 1493 3311 tm
1518 3280 1586 3312 RT
1598 3279 1610 3322 ΙΙ
1628 3279 1829 3312 occasionem
1856 3280 1927 3311 RV
1941 3279 1990 3323 119
2015 3282 2093 3320 000]
2118 3290 2178 3312 1100
2204 3281 2236 3313 Τ
2250 3279 2262 3323 ΙΙ
2278 3282 2369 3312 utre-

1295 3335 1357 3367 que
1371 3325 1455 3357 R¹T
1467 3324 1479 3367 11
1497 3327 1546 3365 ut]
1563 3326 1622 3356 aut
1638 3324 1680 3357 Τι
1697 3324 1709 3367 ΙΙ
1730 3327 1769 3358 10
1784 3325 1942 3356 uidentur
1956 3325 2002 3357 12¹
2018 3324 2030 3368 ΙΙ
2053 3326 2090 3358 11
2109 3325 2148 3357 de
2166 3338 2223 3357 om.
2237 3324 2304 3369 T¹ss
2317 3335 2370 3357 ac-

1296 3371 1410 3402 cedens
1430 3369 1479 3402 V³
1495 3369 1507 3413 ΙΙ
1527 3370 1566 3403 12
1580 3370 1626 3401 eis
1646 3369 1702 3413 Vn
1721 3371 1762 3403 13
1775 3372 1882 3401 actam
1898 3369 1948 3402 V³
1965 3370 1976 3412 ΙΙ
1997 3371 2037 3403 14
2050 3372 2089 3402 ut
2102 3383 2158 3402 om.
2176 3370 2220 3403 Τ1
2236 3370 2248 3412 ΙΙ
2269 3372 2307 3404 15
2326 3372 2370 3412 et]

1296 3418 1334 3447 ut
1350 3415 1394 3447 12¹
1412 3417 1494 3447 utet
1511 3415 1541 3447 T
1554 3414 1566 3458 ss
1582 3424 1713 3447 seruare
1731 3414 1808 3447 VT²
1820 3413 1832 3458 ΙΙ
1844 3415 1905 3446 filii
1921 3414 1968 3446 Β*
1983 3413 1996 3458 ΙΙ
2018 3416 2058 3448 16
2070 3415 2306 3457 proprietatem
2321 3415 2372 3460 Vll

1299 3463 1336 3494 17
1363 3460 1468 3492 solum
1489 3459 1544 3503 VH
1569 3461 1611 3493 20
1636 3459 1769 3500 quidam
1792 3459 1848 3503 Vn
1871 3460 1968 3491 etiam
1994 3473 2052 3492 om.
2067 3461 2099 3492 R
2118 3461 2129 3501 ΙΙ
2153 3462 2191 3494 21
2221 3461 2369 3493 effectum

1306 3506 1360 3549 Vll
1378 3507 1486 3546 quem]
1507 3515 1590 3547 quae
1606 3506 1638 3537 T
1644 3506 1652 3524 ¹
1673 3503 1685 3548 ΙΙ
1702 3507 1749 3537 est
1770 3507 1801 3537 et
1819 3505 1938 3537 habere
1953 3505 1985 3537 T
1997 3504 2009 3548 ΙΙ
2029 3506 2070 3539 22
2090 3505 2284 3538 alterutrius
2298 3506 2330 3539 T
2337 3506 2348 3526 ¹
2360 3506 2371 3548 ΙΙ

1298 3553 1340 3584 24
1361 3551 1441 3591 quid
1463 3552 1532 3582 eius
1547 3549 1591 3582 T¹
1609 3549 1621 3593 ss
1639 3551 1678 3583 25
1700 3552 1878 3582 seruantur
1895 3551 1946 3582 Va
1961 3549 1973 3593 ΙΙ
1993 3561 2197 3583 communem
2217 3551 2371 3583 omnibus

1296 3598 1422 3638 patrem
1451 3595 1481 3628 R
1507 3598 1519 3637 ΙΙ
1547 3596 1587 3628 27
1613 3605 1632 3626 0
1655 3595 1861 3637 parentibus]
1886 3595 2123 3637 apparentibus
2147 3596 2207 3639 Vn
2237 3599 2371 3629 seruent

1298 3642 1386 3674 RTa
1404 3640 1415 3683 ΙΙ
1441 3651 1478 3673 00
1504 3653 1560 3673 om.
1588 3641 1621 3673 T
1639 3639 1651 3684 ΙΙ
1679 3641 1720 3674 28
1745 3641 1961 3673 successionis
1986 3641 2034 3673 V¹
2061 3639 2073 3684 ΙΙ
2097 3643 2138 3675 29
2162 3641 2280 3674 horum
2304 3642 2338 3674 R
2361 3642 2372 3684 ΙΙ

1298 3689 1337 3721 37
1357 3686 1449 3728 operi
1468 3688 1500 3718 et
1521 3686 1717 3726 effectuique
1738 3685 1792 3728 Vss
1810 3689 1930 3719 subscr.
1949 3686 2014 3718 dat.
2028 3697 2091 3718 vn.
2113 3686 2179 3719 kal.
2193 3687 2258 3719 ian.
2272 3688 2369 3730 impr.

1298 3732 1407 3764 donno
1421 3733 1498 3764 iust.
1511 3742 1566 3773 pp.
1580 3741 1656 3772 aug.
1673 3731 1711 3773 V,
1724 3743 1781 3763 om.
1792 3739 1861 3764 cett.
1879 3742 1957 3763 xvn
1967 3744 2029 3775 pro
2041 3741 2094 3763 vn
2108 3734 2235 3766 correxi
2246 3746 2284 3766 ea-
2294 3733 2370 3766 Acti.

2059 3789 2098 3822 61
