2618 4010
1239 122 1323 171 277

184 240 261 273 τῶν
285 237 367 284 ἡμῖν
386 237 605 286 διωρισμένα
626 241 686 272 καὶ
708 239 769 281 τῆς
789 236 967 284 ἀποτομῆς
990 239 1067 273 τῶν
1090 239 1256 283 καλουμέ-
1326 239 1470 275 decreta
1494 241 1577 275 sunt
1599 237 1668 284 <et>
1691 238 1734 274 de
1757 238 1928 274 incisione
1957 249 2080 275 eorum
2113 250 2204 284 quae
2227 241 2402 275 vocantur

184 298 261 318 νων
281 283 547 329 πρωτοκόλλων
570 286 715 331 κρατεῖν
738 286 798 318 ἐπὶ
823 285 883 328 τῆς
904 282 1111 329 εὐδαίμονος
1127 284 1258 328 ταύτης
1326 285 1527 330 protocolla
1561 285 1678 320 valere
1714 284 1750 318 in
1779 284 1846 319 hac
1875 284 2079 320 felicissima
2115 286 2229 321 solum
2260 285 2401 321 civitate

184 328 321 364 πόλεως
350 327 464 374 μόνον
487 327 714 374 βουλόμεθα,
749 329 846 363 ἔνθα
877 328 967 365 πολὺ
1001 332 1068 370 μὲν
1102 329 1144 364 τὸ
1179 331 1257 364 τῶν
1326 330 1499 373 volumus,
1532 330 1594 366 ubi
1617 330 1768 375 plurima
1801 330 1940 374 quidem
1974 330 2258 366 contrahentium
2281 330 2400 365 multi-

184 372 492 421 συναλλαγμάτων
513 373 654 417 πλῆθος
674 377 760 416 ἐστι,
781 373 894 418 πολλὴ
914 373 954 409 δὲ
974 372 994 419 ἡ
1014 376 1092 409 τῶν
1110 376 1257 422 χαρτῶν
1326 375 1424 418 tudo,
1457 376 1570 411 multa
1600 385 1740 420 quoque
1771 375 1973 410 chartarum
2012 375 2232 411 abundantia
2265 378 2329 418 est,
2364 379 2401 410 et

183 417 357 466 ἀφθονία,
389 423 447 453 καὶ
479 419 632 464 πάρεστι
664 421 717 463 τῷ
751 424 994 465 νενομισμένῳ
1025 418 1151 466 τρόπῳ
1184 424 1257 455 τοῖς
1294 422 1409 456 5licet
1432 421 1536 466 legali
1554 421 1658 456 modo
1680 420 1829 465 negotfis
1851 421 1903 455 uti
1925 424 1960 456 et
1980 431 2052 455 non
2071 421 2157 456 dare
2174 421 2399 456 occasionem

183 462 368 511 πράγμασι
391 465 552 511 χρῆσθαι
576 468 635 498 καὶ
658 465 707 509 μὴ
723 463 865 499 διδόναι
889 465 1074 513 πρόφασίν
1094 477 1169 500 τισι
1189 479 1255 501 πα·
1327 467 1544 512 quibusdam,
1571 466 1764 502 falsitatem
1794 466 2028 507 committere,
2066 467 2123 500 cui
2155 477 2192 501 se
2226 467 2399 502 obnoxios

183 513 376 564 ραποίησιν
398 507 630 556 ἁμαρτάνειν,
666 509 703 553 ἦς
727 509 872 545 ἑαυτοὺς
895 508 1120 546 ὑπευθύνους
1151 509 1257 546 ὄντας
1326 513 1476 547 existere
1500 512 1792 548 demonstrabunt
1816 511 1874 555 qui
1895 513 2035 556 praeter
2059 511 2148 546 haec
2174 521 2276 556 agere
2296 522 2398 556 prae-

181 552 440 597 αποὸείξουσιν,
473 555 509 589 εἴ
531 569 567 588 τι
599 554 697 602 παρὰ
726 558 840 590 ταῦτα
863 557 997 603 πρᾶξαι
1021 557 1256 603 θαρρήσειαν.
1327 557 1551 602 sumpserint.

226 597 397 645 <Ἐπίλο
433 600 503 645 ος.)
545 599 593 634 Τὰ
611 605 735 636 τοίνυν
754 600 994 647 παραστάντα
1015 599 1098 646 ἡμῖν
1117 605 1176 635 καὶ
1197 600 1255 636 διὰ
1370 601 1642 649 (Epilogus.)
1683 602 1782 646 Quae
1801 601 1909 646 igitur
1928 600 2141 645 placuerunt
2165 602 2267 637 nobis
2283 603 2319 636 et
2335 611 2400 646 per

182 643 287 678 τοῦδε
311 647 373 679 τοῦ
392 614 495 680 τζείου
519 643 717 690 δηλούμενα
741 646 851 691 νόμου
876 644 897 690 ἡ
920 646 964 690 σὴ
985 644 1139 694 ὑπεροχὴ
1162 649 1255 694 ἔργῳ
1273 651 1311 682 10
1326 648 1419 683 hanc
1454 658 1593 683 sacram
1628 648 1809 683 declarata
1844 648 1928 682 sunt
1963 647 2091 691 legem,
2128 650 2191 681 tua
2228 647 2399 682 celsitudo

182 693 241 723 καὶ
266 693 395 736 πέρατι
420 689 646 736 παραδοῦναι
670 691 870 726 σπευσάτω.
1325 693 1426 739 operi
1450 694 1661 738 effectuique
1684 693 1824 728 tradere
1849 692 2004 727 festinet.

226 735 308 770 Dat.
322 747 397 771 XVI.
418 737 453 771 k.
469 736 566 782 Sept.
582 737 649 772 ΟΡ.
663 741 745 783 post
767 747 864 774 cons.
880 737 1045 773 Belisarii
1062 748 1094 774 v.
1109 747 1140 773 c.
1160 748 1255 774 anno
1369 739 1452 775 Dat.
1466 749 1591 775 XVIIII.
1616 738 1688 775 kal.
1711 738 1887 784 Septemb.
1914 737 1984 773 GP.
2007 738 2091 782 post
2116 747 2214 773 cons.
2239 737 2400 817 Belisargi

1114 786 1158 824 [a.
1179 786 1256 825 537]
1325 795 1357 819 v.
1384 794 1415 820 c.
2260 786 2307 824 [α.
2322 786 2362 817 53
2388 786 2398 823 ]

188 139 248 171 nr
278 138 520 171 HAERETIGI
549 137 766 171 CURIALES
2068 126 2109 172 N
2111 141 2176 172 ov.
2198 126 2314 171 XLV
2341 139 2401 182 pr.

182 781 349 818 seeundo.

687 977 748 1020 IvTE
1804 987 1913 1023 XLV.
2186 987 2294 1022 Auth.
2320 987 2398 1022 LII.

305 1055 419 1088 ΠΕΡΙ
455 1055 563 1089 ΤΟΥ
597 1056 678 1089 ΜΗ
713 1055 1131 1089 ΕΛΕΥΘΕΡΩΘΗΝΑΙ
1271 1057 1310 1089 15
1517 1055 1556 1099 R:
1588 1054 1652 1089 UT
1675 1054 1940 1089 HAERETICI
1964 1054 2202 1090 CURIALES

181 1100 550 1134 ΒΟΥΛΕΥΤΙΚΗΣ
616 1101 793 1134 ΤΥΧΗΣ
855 1101 1130 1134 ΙΟΥΔΑΙΟΥΣ
1188 1101 1255 1133 ΤΕ
1324 1099 1389 1134 ΕΤ
1413 1099 1570 1134 MUNIA
1601 1099 1853 1135 IMPLEANT
1885 1100 1949 1134 ET
1979 1100 2143 1136 OMNES
2170 1100 2398 1137 FUNCTlo-

261 1146 354 1179 ΚΑΙ
395 1146 730 1180 ΣΑΜΑΡΕΙΤΑΣ
777 1145 814 1178 Η
857 1146 1174 1179 ΑΙΡΕΤΙΚΟΥΣ
1323 1144 1417 1179 NES
1449 1144 1746 1188 EXHIBEANT,
1778 1145 2068 1180 PRIVILEGIIS
2099 1146 2271 1181 AUTEM
2298 1146 2400 1181 NON

180 1190 441 1224 ΙΙΡΟΦΑΣΕΙ
467 1192 571 1224 ΤΗΣ
596 1191 772 1224 ΑΥΤΩΝ
797 1191 1102 1229 ΘΡΗΣΚΕΙΑΣ,
1125 1191 1256 1225 ΑΛΛΑ
1324 1189 1353 1224 F
1357 1189 1601 1227 RUANTUR.
1649 1190 1714 1224 ET
1745 1190 1812 1224 DE
1841 1190 2072 1226 TESTIBUS
2107 1191 2399 1227 HAERETICIS

182 1236 303 1269 ΤΟΙΣ
356 1237 464 1270 ΜΕΝ
514 1236 898 1269 ΒΟΥΛΕΥΤΙΚΟΙΣ
950 1236 1200 1270 ΛΕΙΤΟΥΡΓ
1204 1237 1255 1269 Η-

179 1281 342 1316 ΜΑΣΙΝ
365 1281 694 1320 ΥΠΟΚΕΙΣΘΑΙ,
732 1281 836 1315 ΤΩΝ
867 1281 924 1315 ΔΕ
953 1282 1255 1315 ΠΡΟΝΟΜΙΩΝ
1269 1282 1310 1314 20

180 1326 355 1359 ΑΥΤΩΝ
401 1326 483 1359 ΜΗ
530 1326 830 1360 ΑΠΟΛΑῩΕΙΝ.
903 1327 1155 1361 ΔΥΝΑΣΘΑΙ
1201 1328 1258 1361 ΔΕ

180 1370 392 1404 ΑΥΤΟΥΣ
425 1372 575 1405 ΚΑΤΑ
608 1370 907 1408 ΟΡθΟΔΟΞΩΝ
945 1372 1009 1406 ῼΣ
1044 1372 1257 1406 YHOKEI'-

177 1415 354 1449 ΜΕΝΩΝ
375 1416 731 1450 BOYAEYTIKHI
757 1418 922 1451 TYXHI
946 1418 1258 1457 MAPTYPEIN,

179 1461 266 1494 OIA
291 1461 354 1494 ΔΗ
384 1462 478 1495 ΚΑΙ
501 1462 632 1496 ΥΠΕΡ
662 1462 964 1499 ΟΡΘΟΔΟΞΟῩ
997 1464 1102 1497 ΤΗΣ
1123 1464 1257 1498 ΠΟΛΙ-

302 1508 456 1540 ΤΕΙΑΣ
489 1508 662 1542 ΚΑΛΩΣ
694 1509 1135 1542 ΜΑΡΤΥΡΟῩΝΤΑΣ.

177 1558 213 1594 ‘0
233 1558 338 1595 αὐτὸς
360 1560 525 1606 βασιλεὺς
539 1560 687 1609 Ἰωάννῃ
714 1560 856 1607 ἐπάρχῳ
883 1567 1120 1610 πραιτωρίων
1144 1563 1186 1598 τὸ
1207 1561 1255 1608 β’,

447 1604 519 1641 ἀπὸ
540 1605 692 1641 ὑπάτων
717 1610 777 1641 καὶ
801 1612 992 1654 πατρικίῳ.

222 1674 527 1720 (Προοίμιον.)
572 1672 677 1720 Ῥῆμά
701 1688 736 1709 τι
761 1674 849 1722 πρὸς
880 1673 968 1719 ἡμᾶς
998 1678 1143 1724 ἔναγχος
1167 1674 1189 1720 ἡ
1212 1676 1257 1721 σὴ

176 1719 374 1763 μεμήνυκεν
404 1717 574 1767 ὑπεροχή,
611 1720 711 1755 τινὰς
746 1722 786 1755 ἐν
821 1723 894 1755 τοῖς
927 1721 1133 1766 βουλευταῖς
1163 1722 1255 1756 εἶναι

1325 1235 1389 1270 ΕΤ
1413 1235 1478 1271 UT
1499 1235 1566 1271 DE
1592 1234 1787 1271 OURIALI
1810 1235 2041 1272 FORTUNA
2061 1236 2399 1273 TESTIMONIUM

1667 1279 1982 1317 PERHIBEANT
2014 1283 2056 1325 Rz

1411 1563 1498 1607 Imp.
1523 1562 1742 1598 Iustinianus
1766 1563 1857 1607 Aug.
1883 1563 2034 1599 Iohanni
2059 1573 2119 1608 pp.
2145 1563 2313 1599 secundo.

1369 1675 1654 1722 <Praefatio.>
1699 1676 1817 1712 Verbo
1843 1676 1946 1711 nobis
1971 1678 2034 1710 tua
2058 1676 2181 1711 retulit
2201 1676 2401 1718 eminentia,

1325 1721 1495 1766 quosdam
1529 1722 1622 1756 inter
1652 1722 1803 1757 curiales
1837 1731 1915 1756 esse
1938 1721 2091 1757 Iudaeos
2125 1722 2217 1757 forte
2250 1725 2314 1757 aut
2338 1722 2401 1757 Sa-

175 1763 362 1798 Ἶουδαίους
381 1765 487 1808 τυχὸν
506 1764 528 1808 ἢ
546 1769 772 1814 Σαμαρείτας
793 1763 1083 1809 ἢΜοντανιστὰς
1102 1766 1123 1811 ἢ
1140 1765 1254 1802 ἄλλως
1267 1770 1309 1802 30
1322 1768 1469 1802 maritas
1502 1770 1565 1801 aut
1595 1767 1833 1802 Montanistas
1866 1769 1929 1801 aut
1959 1767 2062 1802 aliter
2094 1767 2313 1812 respuendos
2337 1767 2402 1802 ho-

177 1810 446 1844 καταπτύστους
470 1808 699 1858 ἀνθρώπους,
729 1808 787 1846 οὓς
809 1811 912 1846 οὔπω
939 1816 999 1846 καὶ
1023 1814 1090 1847 νῦν
1114 1812 1135 1856 ἡ
1158 1809 1254 1868 ὀρθὴ
1323 1813 1447 1853 mines,
1472 1812 1601 1857 quibus
1622 1812 1778 1848 nondum
1802 1812 1976 1848 hactenus
1996 1815 2095 1847 recta
2120 1815 2156 1848 et
2175 1813 2402 1847 immaculata

176 1858 236 1889 καὶ
256 1853 445 1899 ἀμώμητος
468 1854 573 1901 ἡμῶν
590 1855 796 1903 κατέλαμψε
815 1861 944 1900 πίστις,
968 1856 1049 1892 ἀλλ’
1075 1860 1113 1892 ἐν
1133 1870 1253 1893 σκοτει
1323 1858 1410 1894 fides
1434 1858 1566 1901 illuxit,
1599 1858 1662 1895 sed
1684 1858 1722 1894 in
1747 1857 1903 1894 tenebris
1936 1857 2060 1893 sedent
2091 1858 2287 1894 animarum
2320 1868 2403 1893 vera

177 1899 378 1943 κάθηνται,
409 1903 486 1935 ταῖς
516 1906 643 1948 ψυχαῖς
673 1904 750 1936 τῶν
775 1901 929 1946 ἀληθῶν
958 1903 1020 1937 οὐκ
1043 1902 1257 1948 αἰσθόμενοι

234 1992 316 2025 Νου.
339 1993 520 2035 XLV(=
533 1994 681 2028 Authent.
696 1995 787 2036 LII)
816 1996 940 2030 Graece
960 2002 1046 2029 extat
1070 1996 1102 2029 in
1123 1995 1195 2029 ML
1216 1997 1270 2037 (de
1292 1996 1326 2028 B
1351 1998 1392 2039 cf
1411 1996 1590 2029 Heimbach
1615 1995 1763 2028 manuale
1779 1995 2000 2028 Basilicarum
2021 2008 2055 2039 p.
2075 1996 2140 2029 420
2157 1996 2210 2038 q.).
2237 2014 2280 2018 —
2312 1995 2400 2038 Epic.

179 2038 298 2070 Theod.
321 2040 376 2079 45,
407 2039 526 2072 Athan.
547 2041 576 2081 8,
591 2047 607 2073 2
633 2041 720 2083 (inde
740 2041 902 2075 Νοηιοο.1η
923 2041 1026 2074 XIV
1038 2042 1084 2074 eit.
1110 2043 1156 2074 ad
1180 2042 1232 2082 12,
1247 2042 1294 2084 2),
1332 2042 1452 2075 Iulian.
1474 2048 1571 2074 const.
1587 2040 1689 2074 XLI.
1743 2040 1957 2074 Summarium
1976 2047 2150 2084 praestant
2169 2041 2332 2084 paratitla
2358 2041 2404 2073 ad

182 2083 261 2116 Coll.
287 2091 383 2117 const.
410 2085 484 2118 eccl.
509 2085 533 2118 I
550 2093 576 2126 5,
598 2092 629 2119 21
648 2099 685 2129 p.
707 2087 792 2120 1291
816 2087 915 2120 Voell.
938 2087 997 2119 ubi
1018 2088 1136 2120 citatur
1158 2083 1248 2119 “roh
1271 2084 1362 2129 μετὰ
1382 2084 1444 2120 τὰς
1466 2084 1594 2132 νεαρὰς
1613 2083 1645 2118 ν’
1668 2081 1856 2124 ὃιάταξις’.

229 2141 283 2171 pr.
307 2141 459 2162 summam
484 2130 607 2163 Athan.
634 2133 748 2173 repetit
773 2132 805 2165 in
826 2132 996 2174 paratitlis
1022 2133 1068 2165 tit.
1083 2133 1102 2165 3
1127 2136 1175 2171 §8
1203 2133 1291 2173 (inde
1317 2132 1395 2166 Goll.
1418 2139 1516 2165 const.
1539 2131 1613 2164 eccl.
1628 2130 1692 2164 III
1709 2133 1727 2164 3
1752 2132 1784 2164 in
1803 2131 1954 2174 paratitl.
1970 2143 2006 2174 p.
2026 2133 2107 2165 1361
2131 2129 2244 2171 Voell.)

177 2217 280 2251 nobis
303 2217 450 2262 definita
473 2222 558 2253 sunt
580 2219 699 2254 valere
726 2220 970 2254 tantummodo
1000 2220 1038 2253 in
1068 2219 1136 2254 hac
1163 2219 1267 2264 felici
1295 2219 1382 2254 urbe
1406 2219 1579 2260 volumus,
1611 2218 1673 2252 ubi
1703 2229 1836 2264 maqna
1866 2223 1920 2254 est
1950 2223 1987 2254 et
2015 2223 2264 2254 contractuum
2294 2221 2401 2266 copia

178 2265 213 2295 et
237 2261 445 2296 chartarum
469 2262 703 2305 abundantia,
728 2267 762 2298 et
785 2264 823 2297 in
842 2267 1019 2309 promptu
1043 2268 1097 2298 est
1117 2264 1275 2309 leqitimo
1299 2264 1406 2298 modo
1432 2263 1539 2298 rebus
1563 2263 1617 2298 uti
1640 2273 1755 2307 neque
1773 2264 1940 2308 cuiquam
1960 2265 2183 2299 occasionem
2203 2264 2292 2299 dare
2308 2265 2402 2309 falsi

179 2306 311 2340 crimen
336 2306 587 2350 committendi,
613 2308 671 2342 cui
694 2319 732 2343 se
756 2308 855 2358 ipsos
880 2308 1060 2343 obnoxios
1083 2319 1159 2343 esse
1184 2308 1493 2350 demonstrabunt,
1517 2308 1551 2342 si
1573 2307 1662 2352 quid
1685 2307 1858 2342 adversus
1883 2308 1970 2343 haec
1994 2320 2104 2354 aqere
2128 2310 2209 2344 ausi
2232 2310 2314 2344 sint.

315 2350 551 2397 Epiloqus.
599 2351 699 2394 Quae
722 2353 836 2398 iqzcur
858 2352 962 2387 nobis
979 2352 1203 2399 placuerunt
1225 2357 1261 2388 et
1277 2364 1350 2400 per
1374 2352 1467 2388 hanc
1490 2363 1633 2387 sacram
1657 2351 1770 2397 leqem
1794 2352 1980 2389 declarata
2003 2358 2088 2390 sunt
2114 2358 2175 2389 tua
2199 2354 2401 2390 sublimitas

180 2395 229 2430 ad
252 2406 343 2442 opus
367 2395 602 2443 effectumque
625 2397 804 2433 adducere
827 2397 979 2433 studeat.

1230 2577 1346 2613 XLV.

180 2644 254 2680 NE
283 2644 467 2681 IUDAEI
494 2644 564 2680 ET
591 2644 882 2681 SAMARITAE
920 2645 1017 2681 VEL
1049 2644 1333 2681 HAERETICI
1359 2644 1567 2682 NOMINE
1598 2643 1899 2681 RELIGIONIS
1930 2643 2109 2681 EORUM
2131 2647 2162 2680 A
2195 2645 2403 2682 CURIALI

181 2689 494 2727 CONDICIONE
514 2690 867 2733 LIBERENTUR,
904 2690 1002 2726 SED
1031 2690 1095 2726 UT
1118 2690 1423 2726 MUNERIBUS
1451 2689 1654 2733 QUIDEM
1683 2689 1987 2725 CURIALIBUS
2020 2690 2241 2726 OBNOXII
2268 2691 2397 2734 SINT,

179 2734 508 2771 PRIVILEGIIS
531 2735 664 2772 VERO
684 2735 863 2773 EORUM
882 2736 990 2772 NON
1006 2735 1282 2782 FRUANTUR.
1319 2735 1479 2770 IIDEM
1495 2735 1671 2771 AUTEM
1697 2735 1759 2771 UT
1772 2734 1989 2771 POSSINT
2003 2734 2194 2772 CONTRA
2216 2736 2398 2773 ORTHO-

180 2780 346 2817 DOXOS
372 2780 579 2818 CURIALI
600 2780 901 2818 CONDICIONI
922 2780 1179 2818 OBNOXIOS
1203 2779 1560 2816 TESTIMONIUM
1578 2780 1779 2822 DICERE,
1800 2779 1993 2823 QUJPPE
2010 2779 2101 2824 QUI
2115 2779 2279 2818 ETIAM
2298 2782 2399 2818 PRO

597 2826 900 2863 ORTHODOXA
924 2824 1212 2862 REPUBLICA
1235 2825 1402 2861 RECTE
1424 2824 1778 2862 TESTIMONIUM
1801 2824 1994 2861 DICANT.

520 2882 620 2920 Idem
643 2884 828 2930 Auqustus
852 2882 1009 2918 Iohanni
1030 2883 1223 2929 praefecto
1241 2882 1434 2928 praetorio
1457 2882 1598 2924 iterum,
1621 2883 1812 2918 exconsuli
1834 2886 1869 2918 et
1885 2882 2059 2929 patricio.

315 2949 579 2997 Praefatio.

182 2995 340 3031 Iudaeos
362 2996 463 3040 forte
492 2996 547 3032 vel
572 2996 775 3032 Samaritas
806 2996 863 3031 vel
884 2995 1129 3031 Montanistas
1159 2996 1215 3031 vel
1234 2995 1307 3031 alio
1331 2995 1472 3030 nomine
1504 2993 1726 3030 detestabiles
1748 2994 1918 3037 homines,
1950 3006 2042 3046 quos
2069 3007 2114 3032 ne
2136 3007 2232 3031 nunc
2255 2997 2395 3048 quidem

181 3044 279 3075 recta
304 3045 338 3075 et
361 3041 504 3086 inteqra
527 3046 655 3077 nostra
684 3041 776 3086 fides
800 3041 1076 3083 collustraverit,
1109 3040 1174 3076 sed
1196 3040 1258 3086 qui
1281 3040 1319 3074 in
1344 3039 1497 3075 tenebris
1525 3038 1673 3075 sedeant
1704 3051 1818 3085 neque
1849 3040 1977 3075 animis
2007 3051 2091 3076 vera
2121 3046 2293 3087 mysteria
2308 3054 2395 3089 per-

650 2951 826 2987 Nuntium
850 2951 1005 2996 aliquem
1029 2950 1078 2986 ad
1099 2961 1167 2986 nos
1190 2961 1305 2996 nuper
1331 2953 1392 2985 tua
1416 2947 1615 2984 sublimitas
1638 2950 1796 2985 rettulit:
1827 2961 1902 2985 esse
1925 2950 2100 2996 quosdam
2123 2951 2218 2986 inter
2242 2952 2397 2988 curiales

227 3133 247 3164 4
273 3128 589 3176 συναλλαγμάτων]
616 3130 916 3178 συναλλαγμε-’νων
942 3145 980 3165 ex
1002 3132 1228 3168 §Haloander
1246 3130 1257 3174 ΙΙ
1288 3139 1291 3154 ¹

183 3179 201 3210 5
223 3173 370 3210 τόπωΙᾷ
389 3178 401 3218 ΙΙ
424 3179 442 3209 7
458 3173 687 3210 ὑπευθύνουν
700 3177 748 3210 L¹
764 3177 776 3220 ΙΙ
796 3179 814 3211 8
829 3173 1046 3222 θαρρήσειεν
1060 3178 1091 3209 L
1110 3175 1122 3220 ΙΙ
1144 3179 1164 3210 9
1179 3177 1254 3220 epil.
1325 3179 1344 3211 3
1370 3176 1427 3209 ubi
1452 3177 1502 3215 (ut
1524 3175 1585 3216 17¹)
1609 3175 1754 3217 plurima
1776 3175 1826 3208 R2
1838 3177 1912 3216 VT]
1950 3176 2087 3218 duplum
2111 3178 2160 3210 ΕΙ
2195 3177 2206 3221 Η
2244 3182 2262 3212 5
2288 3179 2339 3211 uti
2363 3183 2396 3212 et

184 3235 240 3255 om.
252 3222 287 3254 B
306 3220 317 3263 11
337 3223 376 3254 12
390 3232 463 3253 XVI.
476 3222 507 3254 k.
521 3224 600 3263 sept.
613 3222 677 3254 ΟΡ.
692 3223 748 3262 Μ]
763 3233 881 3254 xvnn.
897 3222 1211 3264 kal.Septemb.CP.
1227 3233 1256 3262 ς,
1289 3245 1290 3259 ,
1325 3222 1518 3261 Heimbach]
1540 3221 1578 3252 ut
1592 3222 1625 3252 et
1644 3220 1678 3253 V
1694 3222 1727 3253 et
1739 3223 1777 3253 ut
1795 3221 1827 3253 T
1846 3223 1884 3253 ut
1899 3221 1948 3254 R¹
1971 3222 2127 3255 interesse
2144 3224 2176 3255 et
2187 3223 2238 3256 R²
2250 3225 2362 3268 (vuly.)
2381 3224 2394 3267 ΙΙ

183 3265 252 3311 πρὸ
279 3262 328 3308 ιη’
344 3263 490 3299 καλανὸ.
514 3268 776 3312 Σεπτεμβρίων
798 3268 886 3308 Am,
917 3269 1002 3310 μηνὶ
1026 3269 1255 3310 σεπτεμβρίῳ
1289 3264 1290 3273 ³
1325 3269 1344 3301 6
1369 3266 1582 3305 committere]
1607 3265 1697 3297 omni
1719 3265 1851 3298 mittere
1865 3266 1912 3298 R¹
1930 3265 1943 3310 ΙΙ
1971 3269 1989 3299 ’7
2013 3277 2091 3308 prae
2111 3268 2145 3301 V
2160 3268 2172 3311 ΙΙ
2198 3269 2391 3310 agereRV]

186 3313 319 3353 Theoti„
340 3325 397 3344 om.
411 3312 474 3345 Iul.
495 3313 564 3352 (xv.
579 3312 611 3343 k.
626 3313 713 3354 Sept.
734 3313 934 3352 Zachariae)
964 3311 976 3356 ΙΙ
1002 3314 1076 3354 post
1100 3312 1256 3344 Bilisario
1289 3304 1291 3327 Ι
1324 3312 1453 3353 aliquid
1476 3321 1571 3352 agere
1595 3311 1679 3353 vuly.
1698 3310 1710 3353 ΙΙ
1734 3311 1987 3353 praesumpserit
2010 3313 2058 3344 R¹
2079 3312 2092 3356 [Ι
2120 3314 2160 3346 12
2180 3316 2301 3347 subscr.
2326 3315 2392 3348 dat.

184 3368 234 3389 uc.
249 3368 351 3390 conss.
365 3367 440 3388 ann.
455 3357 597 3389 secundo
611 3357 661 3398 M,
686 3359 759 3399 post
779 3367 866 3389 cons.
880 3357 1035 3389 Belisarii
1048 3368 1077 3389 v.
1092 3368 1118 3390 c.
1134 3369 1153 3393 ς
1183 3359 1257 3399 post
1324 3368 1440 3389 xvnn.
1461 3356 1526 3388 kal.
1552 3355 1704 3397 septemb.
1729 3358 1821 3398 (sept.
1837 3357 1969 3398 Bamb.)
1994 3367 2063 3400 cap.
2090 3359 2149 3399 (ca.
2164 3358 2299 3400 Bamb.)
2319 3362 2393 3402 post

184 3413 271 3434 cons.
297 3402 431 3435 uelisari
469 3404 531 3442 (vel
553 3401 696 3443 uilisari)
720 3402 842 3434 IuLwa
879 3400 969 3444 μετὰ
990 3400 1057 3444 τὴν
1080 3401 1257 3436 ὑπατείαν
1325 3402 1448 3435 consul.
1471 3400 1633 3433 bilisiario
1653 3401 1728 3433 uiro
1751 3401 1930 3434 clarissimo
1950 3412 2021 3434 con.
2045 3402 2192 3444 (bisiario
2212 3404 2287 3437 uiro
2308 3405 2390 3439 kari.

185 3445 394 3492 Βελισαρίου
418 3448 493 3481 Ath.
509 3447 659 3489 ΤΙιεοά.,ΙΙ
686 3449 725 3480 15
740 3449 827 3480 rubr.
850 3449 938 3490 Περὶ
963 3445 1153 3492 αἱρετικτῦν
1176 3450 1256 3489 βου·
1289 3461 1291 3484 ι
1325 3447 1458 3488 Bamb.)
1476 3446 1687 3488 VBamb.II‚
1702 3447 1883 3480 om.RTal.
1902 3446 1914 3490 ΙΙ
1934 3449 1974 3480 14
1984 3448 2082 3481 Hanc
2095 3450 2343 3484 constitutionem
2358 3454 2391 3485 in

1203 3488 1219 3499 ‘¹
1289 3486 1291 3506 ⁵
1325 3493 1358 3524 R
1370 3494 1474 3536 s.78²²
1497 3492 1654 3531 adfinem
1679 3492 1867 3525 Collationis
1882 3493 1943 3525 IX
1964 3494 2055 3535 (post
2074 3506 2143 3526 nov.
2161 3494 2330 3528 CXXIII
2346 3513 2392 3526 ==

1324 3538 1420 3570 Auth.
1452 3536 1666 3577 CXXXIV)
1691 3538 1808 3570 adiecit
1830 3536 1880 3569 13²
1909 3536 1922 3581 ΙΙ
1949 3537 1989 3582 Β(
2012 3538 2079 3571 LII
2111 3538 2145 3572 V
2170 3538 2183 3583 ΙΙ
2214 3541 2253 3574 15
2278 3541 2391 3573 afetici

1333 3582 1388 3624 Vll
1414 3583 1454 3614 16
1479 3583 1511 3613 et
1531 3583 1569 3612 ut
1592 3591 1702 3614 omnes
1725 3582 1758 3614 R
1775 3581 1787 3625 ΙΙ
1814 3583 1853 3615 18
1875 3584 1907 3615 et
1927 3582 1977 3624 de]
2003 3586 2035 3615 et
2058 3584 2159 3617 om.R
2181 3583 2194 3627 ΙΙ
2215 3586 2257 3619 20
2275 3587 2389 3628 prohi-

1325 3627 1562 3659 beanthubr.
1581 3626 1653 3670 1126
1665 3627 1864 3669 (I)nperator
1876 3627 1921 3660 iu.
1935 3628 1969 3661 R
1983 3627 1996 3672 ΙΙ
2016 3630 2058 3662 28
2069 3628 2210 3671 *Verbo1
2234 3641 2309 3664 cero
2322 3631 2396 3665 RV

1326 3672 1449 3705 Verum
1465 3671 1548 3704 Tal.
1567 3671 1578 3714 ΙΙ
1603 3672 1780 3704 eminentia
1801 3672 1916 3706 retulit
1936 3674 1970 3707 R
1990 3674 2004 3717 ss
2034 3675 2075 3708 30
2091 3675 2239 3708 homines
2258 3677 2388 3718 quibus]

1327 3717 1446 3759 quibus
1468 3716 1655 3749 hominibus
1678 3717 1711 3750 R
1735 3718 1747 3762 ss
1776 3720 1814 3751 31
1837 3718 1985 3751 nundum
2009 3719 2043 3752 R

1372 3134 1386 3164 1
1415 3132 1446 3164 et
1471 3131 1547 3164 add.
1562 3131 1647 3173 vulq.
1673 3129 1685 3174 ΙΙ
1715 3140 1826 3163 earum
1851 3132 1928 3165 libri
1955 3130 1968 3175 ΙΙ
1996 3133 2014 3164 2
2040 3131 2142 3165 solam
2163 3133 2214 3166 Va
2235 3133 2304 3166 sola
2328 3135 2361 3167 R
2383 3134 2396 3180 ΙΙ

186 3492 322 3526 λευτῶν
334 3492 460 3526 οἵτινες
474 3491 565 3525 κατὰ
577 3487 792 3537 ὀρθοδόξων
806 3488 981 3525 δύνανται
992 3494 1183 3538 μαρτυρεῖν
1200 3504 1256 3525 οτι

185 3536 272 3583 τύχῃ
294 3535 502 3572 ὑπόκεινται
522 3538 641 3570 Theod.
665 3534 699 3579 (ἡ
717 3539 800 3582 περὶ
819 3534 1024 3579 βουλευτῶν
1043 3539 1102 3570 καὶ
1126 3536 1256 3577 ταξεω-

186 3583 264 3616 τῶν
286 3582 477 3628 αἱρετικῶν
488 3581 541 3627 με’
557 3579 629 3626 (μβ’
641 3595 669 3615 υ.
683 3584 715 3619 l.)
740 3581 847 3627 νεαρά
862 3583 993 3616 Nomoc.
1003 3583 1062 3615 XI
1069 3583 1148 3616 Vtit.
1160 3585 1193 3624 9,
1203 3585 1232 3625 2)
1245 3582 1257 3626 ΙΙ

190 3629 230 3660 16
254 3639 294 3660 τε
317 3642 375 3662 om.
389 3630 463 3662 Ath.
497 3629 508 3666 ΙΙ
541 3630 578 3662 21
605 3623 800 3670 anaidem
824 3628 855 3660 L
890 3627 901 3671 ΙΙ
933 3629 976 3661 24
1000 3627 1070 3669 τῆς]
1094 3627 1157 3661 τοῦ
1180 3629 1212 3661 L
1245 3628 1258 3672 ΙΙ

188 3672 231 3705 28
253 3669 358 3716 Ῥῆμά
388 3676 436 3714 τι]
471 3671 613 3717 Ῥήματι
644 3674 719 3706 Ath.
745 3674 824 3715 cod.,
851 3684 870 3708 ς
904 3671 916 3716 ΙΙ
946 3674 1091 3718 ἔναγχος
1115 3686 1173 3707 om.
1194 3685 1213 3709 ς
1247 3673 1258 3718 ΙΙ

190 3717 231 3749 32
256 3713 358 3760 ἡμῶν
383 3732 440 3753 om.
456 3731 474 3754 ς
497 3719 510 3763 ΙΙ
533 3721 572 3753 33
597 3720 674 3751 ταῖς
697 3720 834 3763 ψυχαῖς]
860 3719 1043 3751 animarum
1068 3730 1087 3755 ς
