2618 4010
151 115 400 150 simsnacro
428 116 564 147 smum
1238 99 1294 146 67

2023 103 2131 146 Nov.
2166 103 2263 145 VIII
2299 107 2331 145 1.
2365 107 2389 145 2

1167 261 1323 296 CAPUT
1349 261 1376 296 Ι.

201 331 319 370 Ταῦτα
353 328 500 367 ἅπαντα
536 327 630 364 καθ’
665 327 811 363 ἑαυτοὺς
840 327 1118 374 βουλευσάμενοι
1152 326 1233 364 κάν·

150 376 276 410 ταῦθα
299 375 477 410 κοινωνὸν
500 376 564 410 τοῦ
595 371 834 419 βουλεύματος
862 373 1137 422 παραλαβόντες
1167 373 1234 418 τὴν

150 422 188 454 ἐκ
211 421 302 456 θεοῦ
327 419 523 465 δεδομένην
555 417 639 465 ἡμῖν
668 418 932 464 εὐσεβεστάτην
964 417 1141 462 σύνοικον,
1174 422 1233 454 καὶ

148 467 193 513 τῇ
218 467 262 514 σῇ
284 479 326 514 ys
349 464 503 515 ὑπεροχῇ
523 464 565 501 τὸ
587 466 734 512 πρᾶγμα
755 464 1015 510 κοινωσάμενοι
1037 469 1100 500 καί
1117 479 1153 500 τι
1173 468 1234 500 καὶ

148 510 249 558 παρὰ
272 513 333 555 τῆς
357 514 418 556 σῆς
441 511 613 557 λαβόντες
641 509 785 556 βουλῆς,
817 513 878 554 ἐπὶ
907 508 1015 546 τόνδε
1038 510 1104 546 τὸν
1128 511 1234 545 θἐῒον

149 562 177 594 Α
225 554 454 602 ἐληλύθαμεν
484 557 613 602 νόμον·
725 554 775 591 δι’
811 555 851 590 οὖ
876 556 1112 601 θεσπίζομεν,
1143 556 1234 601 μήτε

148 601 405 645 ἀνθυπατείαν
433 601 612 647 μηδεμίαν
643 599 734 647 μήτε
757 601 826 644 τὴν
847 604 949 648 μέχρι
973 603 1040 636 νῦν
1064 601 1232 646 καλουμέ-

147 663 216 693 νην
246 651 417 694 βικαρίαν
443 647 533 692 μήτε
562 647 629 683 τὸν
661 646 800 692 κόμητα
838 647 900 690 τῆς
931 644 1023 690 ἑῴας
1055 645 1145 691 μήτε
1175 646 1232 681 ἅλ-

150 694 215 748 λην
233 693 394 728 ὀίανοῦν
420 692 542 740 ἀρχὴν,
566 693 656 739 μήτε
678 690 858 735 ὑπατικὴν
887 688 978 736 μήτε
1007 688 1232 739 ἡγεμονικήν,

1349 330 1449 364 Haec
1483 329 1602 365 omnia
1634 327 1731 372 apud
1760 339 1826 364 nos
1860 329 2056 373 cogitantes
2089 330 2126 364 et
2160 329 2219 365 hic
2251 339 2392 375 quoque

1303 375 1515 420 participem
1548 373 1688 410 consilii
1717 376 1898 409 sumentes
1928 385 2006 409 eam
2038 385 2129 419 quae
2158 385 2180 410 a
2210 374 2276 411 deo
2307 374 2393 410 data

1303 420 1407 455 nobis
1440 424 1496 455 est
1525 419 1846 455 reverentissimam
1871 420 2075 463 coniugem,
2107 423 2143 456 et
2171 424 2255 456 tuae
2287 420 2390 457 celsi-

1298 465 1421 501 ‘tudini
1453 476 1600 501 causam
1633 464 1938 500 communicantes
1971 468 2007 500 et
2035 465 2202 510 quiddam
2238 466 2347 502 etiam
2370 477 2393 502 a

1269 514 1365 547 5tuo
1402 514 1583 547 sumentes
1620 509 1803 562 consilio&
1834 510 1879 545 ad
1921 510 2017 546 hanc
2059 521 2199 547 sacram
2232 511 2392 547 venimus

1302 557 1434 601 legem:
1471 567 1537 602 per
1566 566 1673 601 quam
1705 565 1904 598 sancimuS,
1940 565 2054 600 neque
2085 557 2392 601 proconsulariam

1302 602 1413 638 ullam
1437 612 1552 648 neque
1576 603 1751 638 hactenus
1769 604 1933 637 vocatam
1948 601 2118 637 vicariam
2142 612 2256 646 neque
2283 603 2392 638 comi-

1301 650 1374 683 tem
1407 647 1562 684 Orientis
1594 653 1710 692 neque
1741 646 1849 693 aliam
1881 646 2078 692 quamlibet
2113 646 2391 683 administratio-

1303 697 1402 735 nem,
1426 703 1542 738 neque
1565 692 1861 738 proconsularem
1884 702 2000 737 neque
2022 692 2277 737 praesidalem,
2303 704 2391 745 quas

127 739 187 774 .ᾰς
219 737 263 783 δὴ
293 738 547 787 κονσουλαρίας
584 741 654 792 καὶ(
674 740 921 793 κρρρεκτορίας
952 736 1124 771 καλοῦσιν
1164 737 1233 781 (ὠν
1250 740 1288 771 10
1303 739 1525 774 consularias
1550 742 1586 774 et
1610 738 1826 774 correctivas
1851 741 1981 774 vocant
2005 740 2170 782 (quarum
2194 748 2392 782 expresmm

147 798 263 820 τινων
284 785 401 833 ῥητῶς
432 789 611 830 μέμνηται
635 798 657 828 η
679 785 892 826 υποκειμένη
916 780 1012 826 τῷδε
1045 779 1147 826 ἡμῶν
1177 784 1231 825 τῷ

148 832 242 874 θείῳ
275 830 376 875 νόμῳ
407 827 616 877 ἀπογραφή,
650 826 691 863 ἃς
723 827 767 872 δὴ
791 830 849 860 καὶ
907 826 994 875 όνας
1024 825 1095 862 ὑπὸ
1127 826 1233 862 τόνδε

137 875 214 911 -τὸν
237 874 351 921 νόμον
379 875 541 923 ἄγομεν),
573 873 717 910 διδόναι
745 887 781 907 τι
814 883 855 907 su
884 873 1003 927 ragiov
1030 871 1121 917 μηδὲ
1143 874 1233 919 ὑπὲρ

149 923 208 964 τῆς
243 919 347 968 ἀρχῆς
381 922 449 965 τὴν
483 920 629 955 οἱανοῦν
662 917 765 954 δόσιν
800 917 890 962 μήτε
923 931 1070 963 αρχοντι
1105 917 1233 962 μηδενὶ

147 966 237 1011 μήτε
260 969 338 1001 τῶν
363 970 445 1014 περὶ
469 966 530 1001 τὰς
559 962 666 1012 ἀρχάς
688 977 761 998 τινι
825 961 834 973 ’
919 964 929 975 ‘

147 1011 240 1047 κατὰ
271 1011 458 1060 πρόφασιν
481 1013 718 1058 προστασίας·
754 977 844 1043 ἄλλα
876 1020 1007 1056 προικα
1037 1011 1106 1054 μὲν
1135 1013 1232 1054 κομί-

148 1059 283 1100 ζεσθαι
306 1058 369 1092 τὰς
392 1056 507 1105 ἀρχάς,
537 1059 666 1103 με’τρια
684 1052 730 1088 ’δὲ
753 1066 805 1088 πα
830 1057 924 1097 ἐχειν
950 1053 1131 1100 προφάσει
1156 1056 1234 1090 τῶν

147 1101 239 1151 ὑπὲρ
269 1102 417 1146 ἑκάστης
449 1100 650 1145 διδομένων
685 1098 802 1144 συμβό
828 1113 881 1134 ων
912 1113 952 1134 τε
983 1104 1043 1134 καὶ
1074 1102 1232 1147 χαρτῶν.

151 1152 221 1183 Καὶ
255 1147 323 1203 γᾲρ
354 1146 400 1192 δὴ
429 1150 493 1202 ’καὶ
524 1143 763 1190 ὑπεθήκαμεν
798 1143 1016 1200 ἀπογραφὴν
1046 1144 1143 1189 τῷδε
1177 1146 1231 1189 τῷ

1302 784 1462 819 meminit
1486 784 1674 829 supposita
1689 784 1774 819 huic
1792 793 1917 819 sacrae
1935 786 2081 819 nostrae
2100 783 2168 828 legi
2187 783 2392 829 descriptio,

1304 839 1462 874 quasque
1494 830 1589 866 solas
1614 830 1681 866 sub
1713 829 1784 865 hac
1806 828 2102 873 legeducimus),
2133 829 2218 864 dare
2250 829 2393 874 aliquod

1304 874 1512 918 suffragium
1541 885 1657 920 neque
1677 885 1753 928 ⁴‘pro
1778 874 2088 910 administratione
2111 874 2306 919 quamlibet
2326 874 2393 909 do-

1303 919 1501 962 nationem,
1534 930 1649 965 neque
1680 920 1791 956 iudici
1820 920 1884 955 ulli
1913 930 2029 966 neque
2060 919 2188 955 horum
2211 919 2273 963 qui
2297 919 2394 955 circa

816 976 878 1018 ητε
910 967 1020 1019 ετξρῳ
1051 963 1232 1012 προςώπῳ
1251 967 1288 999 15
1304 964 1651 1001 administrationem
1675 969 1761 1001 sunt
1785 965 1893 1001 alicui
1923 975 2040 1011 neque
2063 965 2169 1001 alteri
2199 975 2264 1010 per
2288 975 2393 1001 occa-

1303 1010 1439 1046 sionem
1468 1010 1677 1055 patrocinii:
1711 1011 1774 1047 sed
1805 1011 1917 1055 gratis
1941 1011 2084 1056 quidem
2114 1021 2256 1052 sumere
2279 1010 2393 1046 admi-

1303 1055 1551 1099 nistrationes,
1585 1067 1704 1101 pauca
1727 1067 1812 1092 vero
1845 1057 2019 1102 praebere
2043 1056 2235 1092 occasione
2266 1056 2395 1092 horum

1304 1111 1397 1145 quae
1420 1112 1486 1145 pro
1512 1101 1662 1146 singulis
1688 1102 1819 1137 dantur
1843 1102 2003 1146 cingulis,
2032 1102 2206 1138 codicillis
2230 1105 2266 1137 et
2290 1102 2394 1137 char-

1303 1147 1362 1181 tis.
1408 1146 1502 1182 Nam
1526 1147 1634 1182 etiam
1663 1147 1881 1183 subiecimus
1907 1147 2022 1183 deseri
2049 1148 2182 1183 tionem
2213 1147 2299 1183 huIc
2330 1158 2393 1183 no-

148 1195 243 1238 θείφ
267 1206 369 1249 ημῳν
398 1206 499 1236 νομῳ
531 1190 738 1244 δηλοῦσαν,λ
753 1194 793 1225 τί
822 1189 1000 1237 προςηκόν
1028 1193 1131 1226 ἐστιν
1154 1190 1232 1225 ἑκά·
1247 1194 1290 1226 20
1304 1196 1401 1227 strae
1425 1202 1553 1228 sacrae
1577 1192 1645 1235 legi
1670 1192 1928 1234 declarantem,
1954 1193 2014 1238 qui
2064 1195 2246 1238 competat
2268 1203 2393 1229 unam-

146 1252 236 1283 στην
258 1251 368 1284 αρχην
391 1241 562 1284 παρέχειν
584 1251 606 1281 η
628 1238 675 1271 εἰς
700 1250 742 1271 το
767 1237 872 1271 θεῖον
901 1234 1005 1281 ἡμῶν
1033 1237 1231 1273 laterculov

146 1283 168 1328 ἢ
194 1285 242 1319 εἰς
264 1282 307 1318 τὸ
332 1281 563 1330 δικαστήριον
585 1283 647 1326 τῆς
670 1283 730 1326 σῆς
757 1279 930 1329 ὑπεροχῆς
953 1280 1132 1339 προφάσει
1155 1284 1234 1317 τῶν

145 1327 374 1364 κωδικέλλων
392 1327 414 1372 ἢ
434 1326 628 1373 συμβόλων
647 1324 669 1371 ἢ
686 1325 990 1375 προςταγμάτων·
1014 1327 1102 1362 ω’ςτε
1119 1330 1233 1363 ἐκεῖνο

145 1377 208 1417 [τε]
241 1373 487 1409 συνεστάλθαι
511 1377 570 1408 καὶ
590 1372 639 1420 μὴ
672 1377 843 1419 παρέχειν
871 1370 969 1418 αὐτῷ
998 1373 1158 1422 μεγάλην
1182 1374 1233 1408 αἴ-

140 1421 292 1464 ’σθἠσιν.

1305 1248 1484 1283 quamque
1501 1237 1845 1273 administrationem
1865 1241 2027 1274 nostram
2048 1239 2222 1283 praebere
2237 1239 2274 1274 in
2291 1249 2394 1274 sacro

1304 1286 1443 1319 nostro·
1461 1283 1724 1328 laterculoaut
1754 1284 1792 1318 in
1824 1283 1903 1319 foro
1933 1287 2018 1319 tuae
2043 1283 2263 1320 celsitudinis
2287 1294 2394 1320 occa-

1305 1329 1416 1364 sione*
1431 1328 1676 1364 codicillorum
1701 1334 1764 1364 aut
1796 1333 2091 1374 praeceptorum:
2129 1329 2222 1364 unde
2246 1333 2282 1364 et
2305 1329 2395 1364 illud

1303 1374 1552 1411 adbreviatum
1577 1377 1643 1416 est,
1668 1385 1713 1410 ne
1741 1378 1901 1421 praestet
1924 1374 1976 1410 illi
1999 1374 2192 1410 maximum
2216 1375 2393 1411 damnum.

1153 1510 1310 1547 CAPUT
1335 1511 1383 1546 11:

189 1572 216 1615 Β
260 1578 395 1614 Ἐκεῖνο
417 1582 540 1624 μέντοι
572 1577 788 1625 διορίζομεν,
818 1578 860 1613 τὸ
884 1579 1013 1626 χρῆναι
1040 1576 1107 1613 τὸν
1133 1578 1232 1624 βικά-

143 1640 222 1676 ριον
245 1627 305 1670 τῆς
327 1623 500 1668 Ἀσιανῆς,
525 1623 616 1659 ὄντα
643 1623 682 1658 δὲ
704 1627 763 1658 καὶ
788 1622 946 1671 ἄρχοντα
970 1625 1030 1668 τῆς
1048 1627 1232 1659 Πακατια-

143 1674 205 1716 νῆς
231 1674 397 1719 Φρυγίας,
421 1673 546 1715 μηκέτι
569 1672 637 1715 μὲν
661 1666 757 1704 οὕτω
778 1667 1119 1717 προςαγορεύεσθαι,
1145 1667 1233 1704 ἀλλὰ

142 1719 207 1754 τοῦ
232 1716 357 1752 λοιποῦ
382 1715 521 1761 κόμητα
543 1719 697 1763 Φρυγίας
717 1717 950 1770 Πακατξιανῆς
970 1712 1232 1760 ὀνομάζεσθαι,

1315 1624 1317 1626 ¹
1347 1577 1441 1614 Illud
1465 1580 1586 1614 tamen
1610 1579 1834 1615 decernimus
1856 1583 2023 1624 oportere
2041 1578 2213 1614 vicarium
2225 1579 2394 1623 Asianae,

1303 1624 1365 1670 qui
1388 1627 1444 1660 est
1468 1635 1609 1670 quoque
1642 1625 1748 1660 iudex
1773 1625 1990 1661 Pacatianae
2016 1625 2210 1671 Phrygiae,
2244 1635 2317 1661 non
2341 1626 2394 1660 ul-

1302 1670 1414 1705 terius
1441 1668 1582 1715 quidem
1603 1671 1656 1706 ita
1680 1671 1900 1717 nuncupari,
1926 1671 1989 1707 sed
2014 1671 2058 1706 de
2085 1674 2204 1712 cetero
2229 1667 2395 1706 comitem

1301 1715 1478 1761 Phrygiae
1502 1716 1720 1752 Pacatianae
1745 1716 1942 1760 nominari,
1968 1719 2004 1752 et
2027 1716 2214 1762 percipere
2238 1715 2283 1752 de
2307 1716 2394 1751 fisco

143 1767 203 1798 καὶ
227 1762 443 1819 κομίζεσθαι
469 1764 507 1796 ἐκ
535 1763 600 1796 τοῦ
624 1759 814 1806 δημοσίου,
830 1774 939 1816 Ιαπερ
958 1764 1031 1815 (καὶ
1055 1762 1122 1795 νῦν
1146 1773 1230 1808 προ·
1246 1765 1287 1796 30
1303 1772 1394 1806 quae
1419 1761 1527 1796 etiam
1551 1773 1646 1797 nunc
1672 1762 1862 1798 occasione
1885 1773 2110 1798 annonarum
2135 1763 2172 1798 ei:
2196 1762 2394 1807 cupitorum

171 1808 250 1843 άσει
273 1821 442 1843 αννονων
470 1820 510 1842 τε
540 1810 600 1841 καὶ
631 1819 919 1842 καπιτατιωνων
947 1808 1038 1852 υπὲρ
1064 1806 1232 1854 ἑκατέρας

143 1856 250 1909 αρχῆς
273 1851 361 1898 ἐλάμ
389 1866 485 1894 ανεν,
518 1850 663 1888 οὐδενὸς
691 1851 953 1897 ἐλαττουμένου
974 1852 1133 1887 τούτων·
1171 1855 1232 1887 καὶ

143 1913 192 1945 μη
217 1897 280 1935 δύο
303 1897 348 1934 τά
372 1911 428 1933 εσι
452 1899 630 1945 χρῆσθαι,
663 1895 753 1932 ἀλλὰ
783 1895 1022 1945 ἆναμιγεῖσαν
1045 1898 1230 1944 ἑκατέραν,

142 1945 209 1989 τήν
231 1957 273 1980 τε
295 1946 359 1979 τοῦ
389 1943 648 2000 ἅρχοντοςγτην
672 1957 713 1978 τε
735 1945 800 1978 τοῦ
822 1947 1000 1999 βιμαρίου,
1022 1947 1114 1989 μίαν
1135 1947 1231 1991 γενέ-

1302 1810 1542 1852 pro-utraque
1561 1807 1872 1844 administratione
1895 1808 1995 1854 perci
2021 1808 2128 1851 iebat,
2156 1807 2243 1842 nihil
2267 1807 2394 1843 horum

1300 1852 1505 1897 imminut03
1538 1864 1610 1888 non
1643 1857 1762 1889 autem
1795 1853 1936 1889 duobus
1970 1853 2099 1890 o'ficiis
2124 1853 2196 1895 uti,
2225 1852 2289 1888 sed
2312 1862 2393 1898 per-

1300 1898 1451 1933 mixtum
1474 1900 1510 1934 et
1534 1898 1661 1934 iudicis
1687 1902 1722 1935 et
1750 1899 1875 1935 vicarii
1899 1910 2008 1935 unum
2034 1909 2128 1941 esse,
2162 1898 2393 1934 comitianum

1301 1943 1458 1980 existens
1483 1947 1521 1980 et
1546 1945 1814 1989 nominandum,
1835 1944 1998 1991 periculo
2027 1944 2252 1981 functionum
2275 1944 2393 1989 publi-

143 1993 256 2033 σθαι,
292 2003 505 2035 κομιτιανην
537 2001 650 2024 ουσαν
679 2002 720 2024 τε
756 1992 816 2024 καὶ
848 1991 1132 2034 ονομαζομένην,
1166 1990 1230 2024 τοῦ
1245 1992 1286 2026 35
1302 2000 1422 2026 carum
1462 1993 1498 2026 et
1535 1990 1567 2026 ei
1601 1994 1637 2026 et
1673 1991 1838 2027 omnibus
1876 1990 2037 2026 similiter
2071 1989 2291 2034 imminente,
2336 1993 2392 2024 ut-

143 2034 309 2071 κινδύνου
344 2037 422 2070 τῶν
457 2033 642 2080 δημοσίων
674 2032 800 2082 φόρων
825 2034 923 2079 αὐτῷ
956 2048 997 2070 τε
1028 2037 1089 2069 καὶ
1118 2036 1232 2071 πᾶσιν

143 2079 275 2127 ὁμοίως
304 2078 455 2116 ἐπόντος
478 2101 522 2106 -
546 2079 604 2115 οἶα
632 2082 714 2125 μιᾶς
738 2078 873 2121 τάξεως
897 2078 1153 2123 καθεστώσης,
1182 2079 1231 2126 μὴ

188 2161 261 2217 cap,
282 2174 412 2207 I—III
433 2180 542 2207 emant
565 2174 600 2207 Β
623 2175 654 2214 6,
680 2181 707 2213 3,
731 2181 819 2207 1—3.

277 2263 306 2300 1.
330 2263 433 2299 Haec
448 2263 570 2299 omnia
585 2263 769 2298 nobiscum
787 2261 855 2309 per
883 2263 1063 2304 endentes,
1088 2268 1123 2297 et
1135 2263 1193 2297 Ιιίι·
1207 2274 1352 2314 qaoque
1368 2262 1557 2309 participe
1570 2262 1714 2297 consilii
1727 2267 1915 2309 assumpta
1931 2263 2093 2314 conia-qe·
2094 2263 2266 2310 piissima
2284 2275 2307 2298 a
2323 2263 2391 2299 deo

143 2309 247 2345 nobis
264 2308 364 2351 data,
383 2313 492 2354 atque
511 2309 619 2343 etiam
635 2319 714 2343 cum
736 2313 798 2343 tua
814 2318 857 2342 su
882 2307 1033 2342 limitate
1051 2318 1092 2342 re
1109 2310 1372 2342 communicata
1390 2310 1427 2342 et
1444 2306 1570 2352 aliqua
1587 2311 1701 2353 parte
1717 2319 1740 2342 a
1759 2311 1820 2343 tuo
1838 2307 1991 2343 consilio
2008 2311 2143 2354 petita,
2169 2308 2219 2344 ad
2234 2308 2392 2344 divinam

144 2355 238 2390 hanc
258 2354 292 2389 le
318 2365 372 2388 em
396 2353 573 2389 venimus:
595 2364 664 2399 per
688 2363 796 2398 quam
819 2352 1013 2394 sancimus,
1037 2362 1082 2387 ne
1097 2352 1179 2397 quis
1202 2362 1319 2396 neque
1334 2351 1542 2398 proconsul
1564 2363 1680 2398 neque
1698 2353 1762 2398 qui
1781 2352 1900 2388 adhuc
1923 2356 2077 2389 vocatur
2099 2353 2260 2389 vicarius
2276 2365 2392 2400 neque

144 2410 262 2435 comes
287 2365 447 2435 grientis
469 2409 585 2444 neque
615 2397 710 2432 alius
739 2396 890 2443 quilibet
918 2397 1156 2443 maqistratus
1186 2407 1302 2441 neque
1335 2396 1542 2431 consularis
1572 2408 1688 2442 neque
1712 2397 1955 2444 praesidalis,
1988 2408 2082 2443 quos
2113 2398 2325 2434 consulares
2356 2403 2392 2434 et

144 2443 385 2480 correctorios
409 2447 541 2479 vocant
570 2444 738 2489 (quorum
762 2441 895 2478 diserte
918 2441 1079 2477 meminit
1101 2441 1233 2477 notitia
1252 2451 1382 2476 sacrae
1405 2440 1489 2476 kuic
1514 2441 1586 2488 leqi
1610 2446 1760 2478 nostrae
1781 2442 1964 2485 subiecta,
1996 2453 2091 2489 quos
2113 2443 2258 2490 quidem
2281 2444 2390 2479 etiam

143 2489 244 2526 solos
274 2488 359 2524 huic
390 2488 463 2536 leqi
494 2488 720 2531 subicimus),
756 2487 871 2523 ullum
901 2486 1123 2534 suffraqium
1157 2486 1235 2529 det,
1268 2497 1383 2532 neque
1414 2486 1526 2522 ullam
1551 2498 1626 2534 pro
1659 2488 1878 2534 maqistratu
1909 2487 2144 2524 donationem
2176 2499 2293 2541 neque
2323 2489 2390 2524 ulli

143 2534 378 2582 maqistratui
400 2545 516 2587 neque
539 2533 709 2580 cuiquam
732 2542 856 2569 eorum
879 2532 942 2579 qui
966 2532 1064 2568 circa
1086 2532 1341 2578 maqistratum
1363 2536 1460 2575 sunt,
1485 2543 1601 2579 neque
1625 2532 1690 2567 alii
1739 2544 1893 2569 ersonae
1909 2533 2115 2580 patrocinii
2137 2544 2300 2569 nomme:
2325 2534 2392 2571 sed

143 2585 185 2617 ut
205 2580 325 2628 qratis
348 2579 534 2626 accipiant
555 2579 821 2625 maqistratum,
845 2577 989 2614 modica
1013 2589 1097 2614 vero
1116 2577 1324 2624 praebeant
1345 2577 1589 2624 symbolorum
1614 2582 1651 2614 et
1672 2588 1692 2614 c
1719 2583 1884 2614 arturum
1908 2579 2065 2622 nomine,
2090 2589 2185 2625 quae
2198 2591 2273 2626 pro
2298 2591 2388 2626 quo-

143 2637 214 2672 que
243 2625 461 2671 maqistratu
485 2624 629 2660 dantur.
679 2623 846 2670 Namque
869 2623 977 2659 etiam
1001 2623 1168 2659 notitiam
1199 2622 1414 2658 subiecimus
1443 2634 1574 2659 sacrae
1597 2622 1682 2659 huic
1704 2628 1853 2660 nostrae
1876 2624 1949 2671 leqi
1999 2635 2070 2660 uae
2093 2623 2270 2668 declaret,
2326 2625 2390 2661 uid

142 2681 319 2718 quemque
350 2671 603 2718 maqistratum
627 2669 683 2706 vel
711 2680 820 2707 sacro
845 2673 972 2704 nostro
994 2668 1171 2705 laterculo
1203 2668 1259 2704 vel
1286 2667 1421 2704 iudicio
1454 2672 1537 2704 tuae
1565 2668 1797 2705 sublimitatis
1819 2680 1896 2716 pro
1922 2635 2099 2705 colliculis
2122 2674 2189 2706 aut
2214 2681 2293 2718 sym
2319 2671 2388 2707 olis

143 2721 207 2753 aut
229 2716 414 2752 mandatis
430 2715 612 2763 praebere
634 2714 779 2751 deceat:
802 2715 855 2750 ita
879 2717 921 2750 ut
943 2714 982 2749 id
1003 2714 1208 2750 restrictum
1232 2714 1282 2750 sit
1303 2724 1370 2749 nec
1392 2724 1615 2761 maqnopere
1639 2714 1685 2750 ab
1709 2714 1790 2761 ipso
1813 2715 2002 2751 sentiatur.

277 2762 323 2798 11.
373 2760 473 2797 Illud
496 2764 613 2797 tamen
645 2759 854 2841 dafinimus,
887 2760 1061 2796 vicarium
1084 2759 1302 2807 provinciae
1327 2759 1505 2802 Asianae,
1535 2759 1598 2806 qui
1627 2760 1735 2795 etiam
1759 2759 1948 2807 Pliryqiae
1970 2759 2197 2797 Pacatianae
2227 2765 2386 2808 praeest,

143 2819 218 2844 non
241 2807 398 2855 amplius
419 2807 472 2843 ita
497 2806 669 2853 appellan
696 2816 755 2841 um
778 2816 867 2848 esse,
890 2805 954 2841 sed
976 2805 1014 2840 in
1033 2808 1224 2852 posterum
1245 2804 1406 2840 comitem
1428 2803 1616 2851 Phryqiae
1640 2804 1866 2842 Pacatianae
1894 2805 2174 2849 nominandum,
2205 2810 2315 2853 atque
2338 2818 2387 2843 ex

141 2854 231 2900 fiseo
261 2854 294 2889 ei
318 2852 442 2888 danda
473 2863 567 2904 quae
595 2852 704 2887 etiam
733 2861 830 2886 nunc
858 2861 1087 2886 annonarum
1112 2854 1149 2886 et
1173 2850 1437 2897 capitationum
1454 2851 1604 2899 ¹‚nomine
1626 2861 1697 2898 pro
1719 2854 1876 2897 utroque
1905 2852 2125 2898 maqistratu
2153 2852 2314 2906 accepit,
2346 2856 2388 2889 ut

144 2898 236 2934 nihil
249 2909 299 2935 ex
313 2897 370 2934 his
387 2898 644 2939 imminuatur;
665 2907 732 2932 nec
750 2895 890 2932 duobus
906 2896 1044 2942 officiis
1059 2899 1196 2938 utatur,
1220 2895 1285 2931 sed
1298 2894 1454 2930 mixtum
1467 2898 1669 2942 utrumque,
1695 2899 1767 2932 tam
1778 2896 1966 2943 praesidis
1988 2908 2097 2943 quam
2113 2897 2252 2940 vicarit,
2276 2908 2386 2933 unum

139 2945 219 2990 fiat,
243 2943 342 2990 quod
364 2943 597 2979 comitianum
621 2945 658 2978 et
679 2941 728 2978 sit
750 2946 786 2978 et
807 2941 1029 2977 nominetur:
1052 2945 1094 2977 ut
1108 2940 1314 2988 periculum
1336 2939 1566 2986 publicorum
1591 2941 1808 2977 tributorum
1833 2946 1870 2978 et
1891 2942 1964 2989 ipsi
1979 2946 2015 2979 et
2034 2942 2198 2978 omnibus
2221 2943 2386 2979 similiter

188 3039 208 3070 4
233 3048 272 3082 γε
287 3036 344 3076 M]
369 3036 410 3068 τὲ
426 3037 455 3072 L
476 3034 488 3079 ΙΙ
504 3037 522 3069 7
544 3031 633 3078 μήτε
652 3035 845 3074 Heimbaclz]
866 3030 957 3077 μηδὲ
976 3035 1049 3067 ML
1068 3033 1080 3075 ΙΙ
1097 3035 1116 3067 8
1140 3031 1230 3078 μὴδὲ

143 3079 208 3115 τὸν
232 3082 263 3114 L
279 3081 291 3125 ΙΙ
310 3078 421 3123 ἄλλην
443 3079 511 3123 τὴν
534 3079 682 3113 οἱανοῦν
705 3081 741 3113 Β
766 3078 777 3124 ΙΙ
799 3081 819 3113 9
844 3075 884 3112 ἃς
906 3097 951 3103 -—
974 3076 1145 3112 καλοῦσιν
1169 3092 1228 3113 om.

146 3128 179 3160 Β
198 3126 210 3170 ΙΙ
231 3128 269 3160 10
293 3124 564 3173 κονσουλαρίους
575 3137 614 3158 τε
627 3127 688 3158 καὶ
700 3126 747 3158 Μ
756 3123 768 3169 ΙΙ
787 3126 1019 3171 κοπεστορίας
1032 3125 1062 3157 L
1078 3124 1092 3169 ΙΙ,
1113 3126 1150 3158 11
1173 3124 1227 3168 τῷ

144 3172 238 3214 θείῳ
254 3166 358 3214 ἡμῶν
372 3172 442 3205 LB
458 3171 470 3214 ΙΙ
491 3173 531 3206 13
546 3171 717 3213 sufragion
732 3171 779 3203 M
795 3166 1014 3216 σουφράγιον
1029 3170 1060 3203 L
1074 3169 1134 3203 ἐπὶ
1146 3171 1230 3213 βοη-

144 3217 233 3250 &sla
246 3217 323 3250 Ms.
333 3229 373 3256 v.,
390 3217 424 3248 Β
443 3215 454 3260 ΙΙ
471 3214 587 3260 *μήτε
602 3217 679 3249 libri
692 3217 704 3259 ΙΙ
727 3217 767 3250 14
779 3227 828 3258 sq.
842 3211 1076 3258 μήτε-μήτε
1088 3214 1167 3248 τῶν
1177 3215 1226 3256 Β]

142 3258 384 3307 μηδὲ-μηδὲ
396 3261 473 3295 τῶν
484 3262 556 3294 ML
572 3261 584 3305 ΙΙ
606 3264 645 3295 15
660 3257 778 3304 *μηδὲ
793 3261 868 3293 libri
885 3258 896 3304 ΙΙ
912 3256 1101 3306 προσώπῳ
1117 3273 1174 3293 om.
1186 3259 1221 3304 ςΙ

148 3311 186 3342 18
211 3309 271 3341 καὶ
295 3315 368 3340 ante
392 3307 539 3353 χαρτῶν
564 3319 621 3339 om.
647 3306 695 3339 L¹
714 3306 726 3349 ΙΙ
742 3307 782 3339 21
809 3307 979 3352 παρέχειν
1002 3300 1035 3347 ἢ]
1058 3301 1080 3348 ἢ
1105 3318 1162 3339 οηι.
1180 3305 1221 3347 ςΙ

143 3352 209 3387 τὸν
233 3352 338 3387 θἐἶον
363 3353 393 3385 L
413 3351 425 3397 ΙΙ
441 3351 626 3385 latereulon
650 3352 688 3392 (s.
704 3364 734 3384 v.
751 3345 830 3393 ἤτοι
853 3352 1016 3393 ταμεῖον)
1040 3351 1082 3384 Μ
1104 3348 1226 3395 λατέρ-

144 3396 272 3432 κουλον
295 3399 326 3431 L
355 3399 504 3440 ταμεῖον
534 3398 566 3430 Β
593 3395 605 3440 ΙΙ
636 3397 678 3430 23
716 3392 943 3429 κωδικέλλων
973 3391 995 3438 ἢ
1018 3393 1224 3439 συμβόλων]

143 3443 374 3477 codicillorum
391 3454 410 3479 ς
425 3443 437 3487 ΙΙ
456 3445 498 3476 24
520 3454 558 3475 τε
571 3442 622 3483 M,
635 3454 692 3475 om.
708 3442 739 3474 L
759 3440 770 3485 ΙΙ
788 3442 828 3474 28
852 3438 924 3484 μὴν
936 3441 967 3474 L
987 3440 999 3485 ΙΙ
1016 3443 1054 3476 31
1074 3453 1225 3475 καπιτα-

144 3486 304 3530 τιώνων]
337 3483 613 3522 καπιτατιάνων
635 3483 714 3529 ἦτοι
739 3483 1022 3530 κεφαλητιώνων
1054 3489 1113 3520 καὶ
1145 3498 1224 3520 συν-

143 3532 259 3568 τελεῖν
280 3534 354 3576 (sic)
375 3534 422 3567 M
437 3536 605 3568 καπίτων
623 3533 676 3568 Ες
699 3528 982 3576 κεφαλητιώνων
997 3533 1032 3565 Β
1048 3532 1060 3576 ΙΙ
1079 3534 1121 3566 32
1146 3528 1224 3566 τού-

144 3584 207 3613 του
231 3580 262 3613 L
278 3578 291 3624 ΙΙ
311 3581 352 3614 33
377 3576 456 3613 δυσὶ
479 3580 513 3613 Β
532 3579 544 3622 ΙΙ
560 3577 733 3622 ἑκατέραν
757 3589 814 3610 om.
836 3588 855 3612 ς
870 3575 883 3621 ΙΙ
902 3578 944 3610 34
967 3576 1140 3623 γίνεσθαι
1154 3578 1191 3612 Β
1213 3576 1225 3622 ΙΙ

145 3627 183 3659 37
211 3621 361 3659 ἐπόντος
385 3625 550 3669 Scrimqer
574 3624 633 3666 (ς)]
660 3622 811 3656 ἔποντος
835 3623 882 3655 Μ
899 3622 1048 3656 ἕποντος
1071 3623 1141 3656 LB

1297 3034 1330 3067 R
1365 3032 1377 3077 Η
1407 3036 1427 3067 5
1464 3033 1607 3066 uelimus
1636 3034 1685 3067 R¹
1707 3035 1725 3077 ἸΙ
1759 3036 1779 3068 6
1811 3034 2085 3077 proconsularia
2118 3035 2150 3068 V
2157 3035 2166 3055 ¹
2237 3037 2255 3068 7
2292 3035 2384 3068 uica-

1297 3079 1393 3119 riam]
1425 3078 1500 3112 nica
1530 3079 1587 3112 uia
1610 3079 1643 3111 R
1664 3078 1676 3122 ΙΙ
1707 3079 1872 3121 comitem]
1910 3080 2114 3113 committere
2138 3081 2170 3113 R
2193 3079 2199 3124 Ι
2235 3082 2275 3114 10
2305 3091 2383 3113 con-

1297 3123 1443 3156 sulariu
1468 3123 1506 3157 V
1514 3122 1524 3143 ²
1548 3123 1776 3157 consulariuas
1798 3125 1832 3158 R
1859 3124 1872 3169 ΙΙ
1902 3125 2084 3158 corretiuas
2105 3126 2136 3158 R
2159 3124 2171 3168 ΙΙ
2200 3127 2238 3159 11
2261 3136 2382 3168 suppo-

1297 3170 1373 3210 sita]
1400 3169 1433 3203 V
1435 3169 1449 3189 ²
1465 3170 1572 3212 suppl.
1598 3170 1631 3202 in
1651 3177 1737 3212 spat.
1758 3182 1840 3211 vac„
1860 3170 1921 3203 sub
1945 3170 1978 3204 R
1994 3169 2006 3214 ΙΙ
2028 3172 2068 3204 12
2093 3170 2233 3202 dicimus
2249 3170 2322 3204 RV
2321 3171 2354 3204 T
2370 3169 2383 3215 ΙΙ

1300 3217 1339 3248 13
1363 3225 1422 3258 per
1445 3213 1743 3247 aministrationem
1766 3215 1818 3248 R2
1837 3214 1850 3259 n
1878 3215 2028 3257 qualibet
2053 3215 2140 3248 R¹V
2143 3215 2157 3235 ³
2171 3213 2183 3259 ΙΙ
2202 3215 2382 3250 donatione

1296 3260 1386 3294 R'V
1386 3260 1417 3293 T
1438 3257 1450 3303 ΙΙ
1482 3261 1521 3293 15
1547 3259 1753 3294 occasionem
1777 3279 1819 3284 —
1843 3261 1886 3295 20
1919 3259 2073 3293 declaran
2096 3272 2157 3293 scr.
2185 3259 2232 3293 ΒΞ
2256 3261 2289 3294 in
2312 3273 2379 3295 ras.

1298 3307 1316 3338 2
1341 3317 1486 3339 versuum
1513 3303 1526 3349 ΙΙ
1560 3306 1598 3338 16
1624 3305 1758 3346 quidem
1782 3318 1840 3339 om.
1865 3306 1898 3339 R
1927 3304 1938 3349 ΙΙ
1969 3305 2292 3339 administrationem
2315 3307 2348 3339 R
2367 3308 2381 3351 ΙΙ

1303 3353 1337 3384 17
1364 3350 1568 3383 occasionem
1585 3349 1618 3383 V
1622 3350 1634 3370 ¹
1648 3351 1660 3394 ΙΙ
1684 3352 1722 3384 18
1745 3362 1806 3394 pro
1830 3350 1972 3393 singulis
1993 3349 2143 3392 (cingulo
2163 3352 2232 3393 pr.)
2256 3351 2379 3384 dantur

1295 3395 1441 3438 cingulis
1465 3397 1498 3428 et
1521 3395 1621 3428 cartis
1645 3397 1678 3429 et
1701 3396 1864 3429 codicillis
1884 3395 1968 3437 ΒΡ)
2001 3406 2062 3438 pro
2085 3395 2232 3438 cingulis
2256 3396 2379 3430 dantur

1295 3444 1327 3475 et
1357 3440 1457 3474 cartis
1483 3441 1516 3474 T
1537 3441 1654 3484 vulyo,·
1686 3443 1853 3475 delendum
1877 3443 1941 3475 vid.
1967 3439 2117 3482 cingulis
2142 3440 2155 3486 ΙΙ
2184 3443 2223 3476 19
2241 3454 2290 3485 sqa
2317 3453 2377 3475 no-

1294 3490 1380 3521 strae
1405 3499 1461 3519 om.
1479 3485 1521 3526 V,
1544 3485 1612 3528 legi
1635 3499 1696 3520 ecr.
1721 3487 1757 3520 V
1763 3486 1777 3508 ³
1800 3489 1833 3520 in
1856 3499 1923 3520 ras.
1947 3488 2034 3521 5-6
2056 3486 2114 3519 liu.
2135 3485 2149 3527 ΙΙ
2166 3487 2207 3520 22
2232 3488 2377 3521 occasio-

1293 3544 1369 3565 nem
1392 3531 1546 3574 RV'Tss
1565 3533 1608 3565 24
1632 3534 1680 3565 est
1704 3544 1764 3567 om.
1782 3531 1833 3565 R¹
1855 3529 1868 3576 ΙΙ
1892 3533 1935 3566 26
1959 3532 2082 3573 tamen]
2105 3532 2151 3565 tffi
2172 3531 2234 3576 Vn
2250 3534 2291 3566 27
2318 3533 2377 3575 qui

1294 3580 1353 3619 cst]
1383 3577 1462 3619 quia
1485 3577 1537 3610 12⁰
1562 3576 1575 3622 ΙΙ
1603 3577 1778 3621 pacatione
1800 3577 1850 3610 R¹
1877 3577 1888 3619 ΙΙ
1919 3577 1962 3610 28
1992 3576 2033 3610 de
2059 3578 2180 3618 cetero]
2204 3577 2243 3611 de
2267 3580 2376 3612 cetero

1293 3623 1426 3666 quidem
1449 3622 1483 3656 R
1506 3621 1518 3665 ΙΙ
1543 3623 1586 3660 29
1610 3623 1827 3665 pacationene
1851 3623 1899 3656 R¹
1922 3622 2096 3665 pacatione
2120 3622 2153 3656 V
2158 3623 2168 3643 ¹
2184 3622 2197 3666 ΙΙ
2216 3625 2258 3658 30
2282 3634 2375 3657 occa-

145 3685 1213 3695 ——————-—-———————
1292 3669 1395 3709 sione]
1418 3666 1458 3699 de
1475 3667 1553 3701 fisco
1571 3669 1777 3701 occasionem
1790 3667 1828 3702 V
1833 3668 1843 3688 ¹
1861 3666 1875 3713 ΙΙ
1891 3668 1933 3702 32
1958 3667 2009 3701 uti
2028 3680 2088 3702 om.
2105 3668 2154 3702 Β*
2170 3666 2182 3713 Ι]
2202 3669 2245 3703 34
2268 3669 2374 3702 nomi-

191 3717 211 3750 2
235 3716 345 3750 datam
371 3716 409 3751 V
414 3716 424 3737 ¹
446 3715 460 3761 ss
484 3718 503 3751 3
529 3715 716 3757 coniugem]
741 3714 942 3756 coniungere
965 3713 1024 3759 Ru
1043 3716 1063 3749 4
1088 3714 1222 3757 quidam
1292 3713 1403 3747 nando
1427 3712 1499 3747 RV
1498 3713 1531 3747 T
1968 3724 1969 3727 ¹
2053 3760 2074 3793 9

2086 3770 2105 3792 *
