2618 4010
174 129 384 167 QUOMODO
416 128 648 158 OPORTEAT
678 126 914 158 EPISGOPOS
944 127 1038 157 Ere.
1259 110 1316 157 35
2117 112 2224 158 Nov...
2255 114 2313 156 VI
2342 128 2403 168 pr.

1321 224 1440 268 politis
1472 223 1661 258 manifesta
1693 223 1848 263 faciant,
1886 227 1924 257 at
1957 223 2006 257 illi
2037 223 2205 258 subiectis
2240 224 2305 258 sibi
2338 225 2403 259 deo

1321 270 1535 304 amabilibus
1572 268 1753 313 episcopis
1786 268 1986 310 declarent,
2022 272 2058 303 et
2092 269 2144 303 illi
2179 271 2405 304 monasteriis

1324 316 1390 349 sub
1417 325 1483 349 sua
1508 314 1732 350 ordinatione
1757 314 1960 348 constitutis
1981 315 2121 358 cognita
2144 314 2292 355 faciant,
2319 326 2405 359 qua-

1321 365 1425 394 tenus
1450 371 1515 404 per
1539 360 1657 395 omnia
1681 359 1815 393 domini
1840 359 1980 393 cultura
2003 362 2148 395 maneat
2170 360 2328 404 undique
2351 361 2405 395 in-

1288 410 1502 449 5c0rrupta.
1558 404 1796 439 Imminebunt
1833 404 1925 438 enim
1963 405 2137 440 maximae
2168 415 2306 449 poenae
2334 406 2406 441 ista

1322 451 1682 495 transgredientibus:
1710 449 1859 484 dicimus
1879 454 1998 484 autem
2023 450 2066 484 de
2085 451 2202 492 caelo,
2229 461 2317 495 quas
2342 462 2404 486 ne-

1323 506 1423 531 cesse
1447 501 1502 531 est
1527 500 1705 531 rectorum
1731 495 1932 538 dogmatum
1964 497 2269 539 contemptoribus
2293 497 2405 532 immi-

173 228 318 263 ἑαυτοὺς
340 226 634 273 θεοφιλεστάτοις
658 224 866 261 ἐπισκόποις
890 223 1134 268 δηλούτωσαν,
1167 227 1251 258 έκεῖ-

171 277 231 308 νοί
250 287 291 308 τε
314 276 388 307 τοῖς
416 276 668 317 μοναστηρίοις
698 275 772 305 τοῖς
795 268 866 305 ὑπὸ
898 270 965 315 τὴν
989 272 1130 304 ἑαυτῶν
1152 274 1252 324 χεῖρα

171 320 382 353 καθεστῶσι
406 320 694 364 γνωριζέτωσαν,
716 313 814 350 ὅπως
834 314 880 350 ἂν
900 315 958 350 διὰ
978 314 1130 351 πάντων
1151 330 1172 359 η
1188 317 1252 349 τοῦ

171 361 349 398 δεσπότου
374 364 462 397 θεοῦ
487 363 670 408 θεραπεία
695 365 784 408 μένῃ
809 361 1048 404 πανταχόθεν
1073 359 1251 407 ἀδιάφθο-

171 421 239 457 ρος.
283 410 548 443 Ἐπικείσονται
579 406 646 454 γὰρ
676 410 844 452 μέγισται
875 411 1000 441 ποιναὶ
1032 410 1104 441 τοῖς
1135 408 1253 440 ταῦτα

171 458 458 500 παραβαίνουσι·
499 454 617 498 φαμὲν
641 451 681 486 δὲ
703 451 766 486 τὰς
790 452 828 492 ἐξ
852 449 1024 498 οὐρανοῦ,
1055 449 1094 486 ἃς
1117 449 1251 496 ἀνάγκη

171 504 243 534 τοῖς
278 501 356 533 τῶν
387 497 518 545 ὀρθῶν
553 495 746 543 δογμάτων
780 496 998 543 ὑπερόπταις
1034 498 1253 532 ἐπικεῖσθαι.

166 548 244 578 -Καὶ
275 543 312 578 οἱ
338 545 399 586 τῆς
433 540 602 588 ἡμετέρας
632 547 756 586 μέντοι
791 542 972 577 πολιτείας
1004 542 1186 588 ἄρχοντες,
1223 543 1254 575 εἰ
1323 551 1418 576 nere.
1466 541 1516 576 Et
1547 545 1691 577 nostrae
1724 540 1895 585 Siquidem
1929 540 2147 584 reipublicae
2182 542 2337 584 iudices,
2376 543 2407 577 Si

170 591 289 624 ταῦτα
313 587 431 623 αὐτοῖς
455 587 765 634 προςαγγελθεῖεν,
792 590 880 622 πᾶσι
900 585 1159 621 σπευδέτωσαν
1173 584 1253 633 τρό-
1323 587 1412 621 haec
1449 587 1498 621 eis
1536 586 1764 627 nuntientur,
1806 585 1969 621 omnibus
2011 586 2178 620 studeant
2212 587 2327 622 modis
2363 599 2407 623 ea

170 646 251 670 ποις
274 633 319 669 τὰ
342 638 416 668 τοῖς
450 635 563 668 θείοις
593 631 719 667 κανόσι
749 631 1001 678 περιεχόμενα,
1033 632 1082 666 οἷς
1114 630 1132 666 ὁ
1158 628 1251 676 παρ’
1270 635 1309 666 10
1323 642 1415 676 quae
1441 632 1551 667 sacris
1572 632 1704 675 regulis
1725 631 1963 672 continentur,
1989 641 2078 674 quas
2099 636 2224 666 nostra
2245 633 2408 678 sequitur

170 678 275 724 ἡμῶν
298 678 564 713 κατακολουθεῖ
585 677 710 721 νόμος,
742 679 789 712 εἰς
812 678 852 723 ἔρ
877 691 919 711 ον
947 675 1107 724 ἄγεσθαι
1139 691 1252 722 παρα-
1323 678 1396 715 lex,
1432 678 1478 713 ad
1503 677 1666 712 effectum
1699 676 1845 722 perduci
1869 686 2073 720 procurare.
2122 676 2213 711 Nam
2238 688 2303 712 nec
2328 679 2407 713 illos

171 725 364 767 σκευάζειν.
412 722 494 758 οὐδὲ
517 724 584 771 γὰρ
610 726 761 758 ἐκείνους
781 726 840 758 ἐπι
865 727 956 768 είψει
980 721 1089 764 ποινὴ
1112 720 1254 755 τούτων
1324 723 1456 757 deserit
1480 732 1596 767 poena
1622 723 1709 757 haec
1734 722 1969 765 neglegentes.
2009 721 2235 766 Quapropter
2256 733 2406 767 sequen-

152 768 466 817 .ῥᾳθυμήσαντας.
499 767 602 803 Ὣςτε
625 767 898 803 ἀκολουθοῦσαν
920 766 1061 801 τούτοις
1090 765 1254 813 προςήκει
1323 772 1395 801 tem
1432 768 1521 802 haec
1551 773 1651 802 tuam
1683 767 1910 803 sanctitatem
1941 767 2042 802 decet
2074 768 2238 802 omnibus
2271 770 2337 803 sub
2370 779 2407 803 se

170 815 237 859 τὴν
261 817 329 858 σὴν
348 812 558 862 ἁγιωσύνην
582 811 697 848 ἅπασι
719 817 793 848 τοῖς
816 811 880 848 ὑπ’
906 810 1019 855 αὐτὴν
1042 809 1254 846 ὁσιωτάτοις
1324 813 1450 856 positis
1484 813 1719 849 sanctissimis
1750 812 1985 858 metropolitis
2016 813 2105 847 haec
2141 812 2260 848 facere
2295 815 2407 850 mam·-

171 859 450 907 μητροπολίταις
470 859 606 905 φανερὰ
621 861 736 893 ταῦτα
757 859 990 900 καταστῆσαι.
1027 857 1109 892 Dat.
1124 867 1201 892 XVI.
1217 858 1252 891 k.
1272 861 1308 891 15
1324 858 1427 892 festa.

170 907 284 951 April.
305 906 615 950 Constantinopoli
639 905 810 940 Belisario
830 915 861 939 v.
884 914 915 939 c.
938 913 1037 938 cons.
1213 906 1258 945 [a.
1286 906 1375 943 535]
1426 904 1508 938 Dat.
1534 915 1616 938 xm.
1646 905 1682 939 k.
1707 904 1818 948 April.
1846 903 1914 937 ΟΡ.
1942 903 2115 938 Belisario
2140 915 2171 938 v.
2199 915 2230 939 c.
2255 914 2351 939 cons.

701 1056 727 1095 ς
1832 1051 1894 1087 vl.
2152 1052 2237 1087 0011.
2264 1052 2281 1086 1
2306 1053 2362 1088 tit.
2388 1057 2408 1088 6

172 1120 350 1174 HEPI
388 1121 531 1173 ΤΟΥ
569 1118 715 1172 ΠῼΣ
759 1117 874 1171 ΔΕΙ
908 1118 1253 1171 ΧΕΙΡΟΤΟ-
1325 1118 1658 1180 QUOMODO
1726 1119 2090 1170 OPORTEAT
2150 1121 2409 1173 EPISOO-

173 1190 224 1242 Ν
226 1188 477 1242 ΕΙΣΘΑΙ
536 1188 721 1241 ΤΟΥΣ
772 1186 1210 1239 ΕΠΙΣΚΟΠΟΥ
1214 1186 1255 1237 Σ
1323 1187 1448 1237 POS
1479 1189 1570 1236 ET
1595 1188 1934 1248 RELIQUOS
1960 1187 2289 1239 OLERIOOS
2314 1191 2408 1239 AD

172 1256 309 1309 ΚΑΙ
336 1254 903 1308 ΠΡΕΣΒΥΤΕΡΟῩΣ
940 1254 1081 1306 ΚΑΙ
1112 1253 1253 1306 AIA·
1324 1255 1852 1305 ORDINATIONEM
1882 1256 2157 1307 DEDUOI,
2197 1260 2288 1306 ET
2315 1259 2408 1309 DE

172 1323 471 1377 KONOYE
524 1323 866 1376 APPENAE
924 1321 1062 1374 ΚΑΙ
1123 1323 1308 1375 ΘΗ-ἳυ
1433 1323 1767 1374 EXPENSIS
1806 1322 2298 1376 EOOLESIARUM.

171 1390 419 1451 ΛΕΙΑΣ,
471 1390 611 1444 ΚΑΙ
660 1391 850 1443 ΠΟΙΑ
894 1390 1253 1443 ΕΠΙΤΙΜΙΑ

171 1459 379 1513 ΚΑΤΑ
416 1458 565 1511 ΤΩΝ
604 1458 1254 1511 ΠΑΡΑΒΑΙΝΟΝΤῼΝ

172 1527 320 1579 TON
351 1527 606 1580 TYHON
647 1527 793 1579 ΤΗΣ
833 1526 1253 1580 ΔΙΑΤΑΞΕῼΣ.

175 1609 203 1640 0
235 1604 340 1641 αὐτὸς
370 1605 536 1650 βασιλεὺς
572 1604 777 1652 Ἐπιφανίῳ
817 1607 870 1650 τῷ
909 1603 1102 1652 ἁγιωτάτῳ
1140 1604 1252 1653 ἀρχιε-

169 1651 339 1696 πισκόπῳ
370 1654 430 1695 τῆς
459 1650 644 1695 βασιλίδος
676 1650 820 1694 ταύτης·
838 1650 975 1686 πόλεως
1004 1655 1064 1685 καὶ
1096 1653 1251 1696 οἰκουμε-
1267 1655 1307 1686 25

547 1697 636 1741 νικῷ
663 1696 874 1745 πατριάρχῃ.

1323 1606 1411 1650 Imp.
1442 1605 1662 1642 Iustinianus
1693 1607 1735 1640 A.
1771 1606 1978 1651 Epiphanio
2011 1608 2284 1653 archiepiscopo
2316 1608 2409 1644 Con-

1703 1664 2034 1708 stantinopolitano.

212 1765 509 1813 <Προοίμιον.>
556 1768 722 1811 Μέγιστα
746 1767 786 1799 έν
809 1762 1023 1812 ἀνθρώποις
1048 1767 1124 1799 ἐστὶ
1150 1763 1203 1799 διῦ
1229 1779 1251 1798 α
1366 1765 1646 1811 (Praefatio.)
1688 1765 1847 1800 Maxima
1872 1765 2013 1810 quidem
2037 1766 2074 1801 in
2098 1767 2302 1802 hominibus
2327 1772 2411 1803 sunt

167 1812 258 1844 θεοῦ
283 1809 381 1857 παρὰ
410 1812 471 1854 τῆς
501 1809 652 1845 ἄνωθεν
683 1809 857 1855 δεδομένα
889 1810 1173 1857 φιλανθρωπίας
1206 1824 1250 1845 ιε-
1322 1811 1415 1846 dona
1447 1811 1504 1846 dei
1540 1822 1562 1846 a
1595 1821 1753 1855 superna
1784 1811 1915 1846 collata
1949 1812 2138 1847 clementia
2171 1813 2409 1848 sacerdotium

167 1854 311 1901 ρωσύνη
335 1869 375 1890 τε
399 1860 458 1890 καὶ
482 1855 663 1900 βασιλεία,
688 1854 710 1899 ἡ
731 1858 796 1900 μὲν
820 1859 893 1890 τοῖς
916 1857 1031 1890 θείοις
1054 1853 1246 1901 ὑπηρετου-
1317 1862 1352 1891 et
1382 1857 1588 1902 imperium,
1625 1857 1712 1891 illud
1747 1857 1888 1901 quidem
1921 1857 2046 1892 divinis
2077 1858 2302 1900 ministrans,
2339 1860 2409 1895 hoc

166 1905 273 1945 με’νη,
305 1899 326 1945 ἡ
351 1900 390 1936 δὲ
413 1903 490 1935 τῶν
514 1900 767 1948 ἀνθρωπίνων
800 1898 994 1957 ἐξάρχουσα
1023 1914 1062 1935 τε
1086 1905 1146 1935 καὶ
1169 1904 1303 1937 ἐπι-30
1318 1905 1437 1938 autem
1468 1902 1633 1938 humanis
1665 1902 1873 1946 praesidens
1898 1912 1941 1937 ac
1974 1903 2191 1947 diligentiam
2215 1904 2408 1950 exhibens;

175 1946 364 1992 μελομένη,
388 1950 447 1980 καὶ
473 1949 510 1980 ἐκ
534 1948 614 1991 μιᾶς
632 1961 671 1981 τε
694 1948 831 1990 καὶτῆς
850 1949 955 1990 αυτῆς
978 1944 1083 1994 ἀρχῆς
1107 1948 1257 1995 ἑκατέρα

213 2017 297 2050 Νου.
322 2016 374 2049 Vl
395 2019 452 2057 (=
471 2017 549 2050 Call.
564 2017 589 2050 I
607 2018 653 2049 tit.
671 2019 709 2050 6:
759 2017 847 2059 loss.)
873 2017 997 2050 Graece
1011 2024 1098 2050 extat
1114 2019 1146 2049 in
1166 2017 1248 2050 Met
1261 2019 1293 2051 A
1316 2019 1361 2057 (in
1380 2030 1442 2060 quo
1462 2025 1591 2060 partem
1611 2018 1715 2060 efficit
1738 2016 1822 2050 tituli
1837 2018 1967 2060 primi);
1994 2030 2052 2050 om.
2067 2019 2100 2051 in
2115 2019 2158 2051 L.
2183 2037 2226 2042 —
2250 2014 2367 2061 Ἀὕτη
2388 2017 2410 2062 ἡ

168 2059 277 2105 νεαρὰ
293 2059 355 2095 οὐκ
380 2061 490 2102 ἐτέθη
515 2062 562 2095 εἰς
579 2059 622 2095 τὰ
637 2030 824 2105 βασιλῖικῖ
852 2062 903 2095 Μ.
925 2082 969 2086 -
993 2063 1084 2105 Epir.
1100 2063 1221 2097 Theod.
1236 2065 1267 2101 6,
1281 2064 1442 2096 Athamas.
1461 2065 1489 2104 1,
1504 2071 1515 2096 1
1530 2064 1618 2101 (inde.
1636 2063 1716 2096 Colt.
1730 2070 1829 2096 const.
1844 2064 1918 2095 eccl.
1934 2065 1964 2100 3,
1981 2071 2005 2104 1,
2020 2064 2057 2100 1).
2083 2082 2127 2088 —
2151 2064 2215 2098 Iul.
2231 2073 2329 2098 const.
2354 2066 2408 2099 VI.

214 2107 411 2140 Prooemium
436 2109 586 2150 (praeter
609 2110 707 2140 verba
729 2104 845 2151 Ἡμεῖς
868 2126 912 2132 —
932 2107 1013 2150 θεῷ
1038 2110 1091 2149 36,
1118 2112 1228 2149 8-16)
1253 2110 1348 2142 habet
1374 2109 1453 2142 Coll.
1479 2107 1711 2141 LXXXVII
1731 2109 1829 2150 capit.
1858 2110 1871 2140 1
1902 2109 1989 2149 (inde
2014 2109 2146 2143 Nomoc.
2172 2110 2203 2142 L
2229 2111 2275 2144 tit.
2308 2112 2348 2151 l).

167 2174 252 2209 ditis
274 2174 471 2226 manifesta
497 2174 670 2217 reddant,
699 2175 727 2209 ii
753 2186 838 2211 vero
867 2175 932 2210 deo
954 2175 1161 2210 carissimos
1184 2176 1377 2227 episcopos
1401 2176 1492 2222 ipsis
1515 2175 1679 2210 subditos
1712 2175 1886 2210 certiores
1909 2175 2074 2220 faciant,
2104 2181 2214 2222 atque
2245 2178 2300 2213 illi
2328 2189 2408 2213 cum

167 2220 416 2262 monasterias,
442 2231 535 2265 qaae
555 2220 593 2254 in
614 2221 776 2266 ipsorum
793 2225 980 2267 potestate
999 2225 1104 2262 sunt,
1130 2226 1410 2255 communicent:
1433 2221 1487 2255 uti
1504 2225 1688 2267 perpetuo
1716 2220 1835 2254 cultus
1860 2220 1996 2255 domini
2020 2221 2078 2256 dei
2102 2222 2262 2273 undique
2286 2224 2407 2258 incor-

167 2270 297 2311 ruptus
317 2270 472 2300 maneat.
511 2265 753 2300 Gravissimae
777 2266 870 2300 enim
889 2276 1035 2311 poenae
1057 2265 1291 2301 imminebunt
1308 2266 1360 2301 eis
1377 2266 1440 2312 qui
1461 2265 1550 2300 llaec
1576 2265 1911 2311 trcmsqredientur:
1935 2266 2106 2301 caelestes
2127 2267 2288 2310 dicimus,
2313 2281 2409 2314 quas

167 2315 348 2345 rectorum
371 2310 580 2356 doymatum
605 2310 913 2356 contemptoribus
936 2310 1120 2345 imminere
1142 2321 1285 2345 neccsse
1309 2316 1371 2345 est.
1410 2312 1459 2345 At
1481 2310 1601 2345 nostri
1615 2311 1759 2355 imperii
1777 2310 2025 2355 vzaqiscratus,
2050 2312 2083 2346 si
2107 2312 2197 2348 haec
2220 2314 2294 2348 illis
2316 2326 2407 2349 mm-

170 2356 261 2390 tiata
285 2359 401 2396 erunt,
427 2355 591 2389 omnibus
613 2355 729 2389 modis
751 2354 921 2389 studeant
944 2366 1006 2395 ea,
1038 2365 1132 2399 quae
1156 2355 1287 2389 divinis
1311 2355 1510 2390 canonibus
1534 2354 1795 2401 comprehensa
1818 2360 1915 2396 sunt,
1940 2367 2033 2401 quos
2057 2356 2120 2392 lex
2144 2369 2166 2392 a
2190 2358 2296 2393 nobis
2319 2359 2407 2394 data

170 2400 344 2444 sequitur,
371 2399 420 2433 ad
443 2400 608 2443 effectam
630 2399 818 2434 adducere.
857 2398 1023 2443 Namque
1047 2410 1091 2433 ne
1114 2399 1199 2433 illos
1215 2399 1369 2450 quidem,
1394 2400 1426 2434 si
1450 2399 1539 2434 haec
1558 2399 1799 2444 meylexerint,
1817 2410 1943 2445 poena
1964 2400 2113 2445 deficiet.
2151 2401 2283 2449 Itaque
2309 2409 2407 2439 tuam

169 2444 396 2479 sanctitatem
420 2444 476 2478 fiis
501 2443 750 2489 obsequentem
775 2443 938 2478 omnibus
961 2443 1253 2488 metropolitanis
1275 2444 1340 2479 sub
1365 2444 1447 2490 ipsa
1470 2444 1677 2479 constitutis
1700 2443 1789 2480 llaec
1812 2449 1901 2479 nota
1923 2445 2051 2490 facere
2075 2446 2187 2483 decet.

1260 2588 1324 2625 VI.

171 2657 509 2718 QUOMODO
544 2657 878 2709 EPISCOPI
907 2657 1001 2708 ET
1035 2657 1481 2708 PRESBYTERI
1509 2658 1604 2709 ET
1631 2659 1942 2711 DIACONI
1971 2660 2289 2713 MASCIJLI
2317 2663 2412 2714 ΕΤ

169 2725 500 2775 ΕΕΜῘΝΑΕ
534 2725 853 2776 CREANDI
871 2725 1048 2788 SINT,
1086 2725 1180 2775 ΕΤ
1200 2725 1468 2785 QUALES
1488 2726 1658 2777 SINT
1676 2726 1961 2778 ΡΟΕΝΑΕ
1981 2728 2074 2779 IN
2089 2729 2240 2792 EO&
2283 2730 2410 2791 QUI

169 2793 382 2843 HUIUS
401 2793 810 2844 CONSTITUTI
812 2793 978 2844 ONIS
988 2793 1044 2843 N
1044 2793 1310 2845 ORMAM
1325 2793 2016 2860 TRANSGREDIUNTUR,
2039 2797 2398 2850 STATUTAE.

259 2882 359 2919 Idem
382 2885 568 2930 Λαμπείας
593 2883 802 2931 Epiplzanio
827 2885 1055 2919 sanctissimo
1081 2884 1356 2931 archiepiscopo
1381 2885 1505 2931 reqiae
1528 2884 1634 2920 huius
1658 2885 1758 2920 urbis
1781 2890 1817 2921 et
1840 2887 2083 2933 patriarchae
2107 2889 2311 2925 universati.

305 2951 397 2986 Pra
407 2964 426 2987 e
431 2953 458 2997 f
459 2964 482 2987 a
495 2952 528 2987 ti
538 2964 568 2986 ο.
607 2950 774 2987 Maxima
786 2952 882 2987 inter
900 2952 1062 2987 homines
1075 2952 1131 2987 dei
1144 2952 1241 2987 dona
1257 2964 1279 2986 a
1293 2963 1427 2998 supera
1448 2952 1669 2999 beniqnitate
1686 2954 1774 2989 data
1793 2959 1880 2989 sunt
1898 2955 2141 2991 sacerdotium
2154 2962 2190 2992 et
2201 2957 2401 3004 imperium,

170 3008 323 3042 quoram
338 2997 429 3031 illud
441 2997 584 3043 quidem
597 2997 704 3032 rebus
716 2997 846 3032 divinis
862 2998 1023 3039 inservit,
1046 2997 1114 3031 hoc
1127 3008 1210 3032 vero
1225 2997 1401 3032 humanas
1413 3009 1472 3032 res
1489 2999 1569 3045 reqi
1573 3004 1586 3033 t
1597 3011 1793 3044 earumque
1810 3010 1935 3034 curam
1951 3001 2066 3045 qerit:
2089 3013 2243 3046 quorum
2266 3008 2400 3039 utrum-

178 3050 2404 3061 Q

216 3081 230 3111 1
252 3074 405 3110 κάκεῖνοι
430 3075 468 3110 δὲ
486 3080 558 3110 τοῖς
574 3074 645 3110 ὑπὸ
667 3075 733 3119 τὴν
754 3077 895 3110 ἑαυτῶν
914 3081 1138 3122 χειροτονίαν
1156 3078 1247 3111 καθ-

169 3123 293 3155 εστᾶσι
330 3125 579 3168 μοναστηρίοις
602 3124 634 3155 A
671 3126 907 3169 (χειροτονίαν
945 3126 1038 3156 etiam
1065 3136 1083 3159 ς
1122 3125 1248 3157 videtur

171 3169 295 3210 leyisse)
312 3166 324 3209 ΙΙ
343 3170 363 3201 4
388 3167 490 3208 θεοῦ]
511 3168 656 3210 χριστοῦ
670 3170 711 3210 A,
737 3181 794 3201 om.
816 3180 835 3203 ς
851 3167 862 3212 Η
880 3170 982 3210 μενεῖ
1004 3168 1050 3201 Μ
1065 3170 1164 3211 με’νει
1186 3172 1216 3201 A
1237 3169 1247 3203 ΙΙ

170 3209 420 3253 πανταχόθεν]
454 3209 616 3245 καθόλου
648 3213 686 3246 ἐν
715 3213 759 3258 γῆ
785 3215 815 3245 Α
845 3213 856 3256 ΙΙ
884 3216 903 3246 6
931 3214 1049 3267 φαμὲν
1079 3211 1122 3255 δὴ
1147 3212 1185 3246 αἱ
1210 3213 1248 3253 ἐξ

169 3254 322 3302 οὐρανοῦ
348 3256 401 3290 αἶς
422 3254 555 3302 ἀνάγκη
580 3258 658 3290 τῶν
680 3255 810 3303 ὀρθῶν
831 3259 902 3290 τοῖς
925 3255 1144 3302 υπερόπταις
1169 3256 1246 3304 δογ-

167 3302 295 3346 μάτων
324 3301 578 3346 ἐμπλέκεσθαι.
626 3305 686 3335 καὶ
717 3301 796 3336 τοὺς
827 3303 887 3344 τῆς
922 3300 1092 3347 ἡμετέρας
1122 3305 1246 3346 μέντοι

169 3346 349 3383 πολιτείας
380 3345 553 3393 ἄρχοντας
584 3346 885 3393 προσαγγέλλοιεν
908 3348 996 3380 πᾶσι
1023 3346 1170 3393 τρόποις
1201 3347 1246 3381 τὰ

167 3396 240 3427 τοῖς
264 3395 294 3426 Α
317 3394 330 3437 ΙΙ
361 3395 398 3426 12
424 3391 603 3435 έπιλείψοι
623 3394 654 3426 A
679 3393 691 3435 ΙΙ
719 3396 757 3427 15
790 3393 918 3433 ταῦτα]
947 3394 984 3425 ἐκ
1009 3392 1144 3427 παντὸς
1169 3396 1244 3427 add.

168 3441 196 3471 A
210 3438 227 3484 ss
245 3441 365 3472 subscr.
380 3451 437 3471 om.
453 3440 481 3469 Α
500 3438 511 3482 ΙΙ
530 3449 586 3470 XVI
601 3438 633 3469 k.
651 3439 769 3480 April]
788 3435 857 3480 πρὸ
876 3434 920 3479 ιη’
937 3436 1014 3471 καλ.
1029 3435 1247 3482 Ἀπριλλίων

168 3485 242 3517 Aa..
265 3484 344 3524 (kal.
365 3484 470 3526 April.
485 3485 560 3525 Iul„
583 3485 669 3526 μηνὶ
686 3480 878 3529 Ἀπριλλίῳ
904 3483 1035 3525 Theod.)
1055 3483 1066 3528 ῃ
1087 3487 1124 3518 16
1148 3485 1244 3516 Omn-

167 3525 401 3563 stantinundi..
425 3529 557 3561 Bilisar.
574 3530 619 3561 M
635 3527 646 3572 ΙΙ
671 3530 706 3562 17
723 3542 771 3571 sq.
796 3530 957 3561 rubricam
981 3542 1037 3562 om.
1053 3531 1100 3568 A;
1125 3524 1246 3574 ‘vectori

169 3577 249 3618 περὶ
270 3577 486 3619 χειροτονίας
511 3569 738 3607 ἑπισκόπων’
765 3576 817 3607 cit.
834 3569 958 3606 Ῥοπαί
977 3576 1027 3615 19,
1042 3583 1054 3606 5
1073 3573 1085 3618 ΙΙ
1105 3577 1145 3608 24
1171 3572 1245 3607 Αὐ-

168 3618 354 3665 τοκράτωρ
374 3622 517 3666 Καῖσαρ
538 3616 708 3652 Φλάουιος
725 3615 974 3652 Ἰουστινιανὸς
994 3618 1247 3662 εὐσεβέστατος

170 3661 582 3710 αὔγουστοςἘπιφανίῳ
614 3665 692 3697 Coll.
719 3666 757 3697 87
791 3677 875 3706 cap„
907 3661 1139 3709 αὐτοκράτωρ
1164 3661 1244 3698 Ἰου-

153 3708 350 3744 ’στινιανὸς
371 3706 574 3755 Ἐπιφανίῳ
599 3712 628 3743 Α
651 3710 663 3754 Η
681 3705 871 3756 ἁγιωτάτῳ
896 3711 955 3741 καὶ
978 3707 1244 3754 μακαριωτάτῳ

1318 3075 1393 3124 ἀρχ.
1418 3081 1449 3111 A
1465 3079 1476 3119 ΙΙ
1497 3081 1538 3112 25
1563 3078 1695 3122 ταύτης
1719 3094 1776 3113 om.
1802 3082 1844 3122 A,
1868 3081 1986 3123 τῆς-
2003 3079 2142 3115 πόλεως
2166 3096 2222 3116 om.
2251 3085 2330 3118 Call.
2358 3088 2398 3119 87

1318 3137 1389 3166 cap.
1410 3122 1421 3166 ΙΙ
1439 3126 1478 3156 27
1503 3125 1553 3164 ἐν]
1579 3125 1657 3157 τῶν
1670 3126 1710 3157 ἐν
1728 3127 1807 3159 Coll.
1820 3128 1860 3159 87
1877 3139 1962 3169 cap„
1975 3128 2108 3168 quidem
2121 3128 2155 3159 in
2172 3141 2190 3163 ς
2209 3127 2220 3171 Η
2238 3131 2279 3163 28
2301 3127 2400 3174 παρὰ

1318 3189 1358 3192 -
1375 3166 1658 3213 φιλανθρωπίας
1679 3179 1754 3212 post
1776 3169 1945 3213 βασιλεία
1967 3174 2037 3205 coll.
2060 3174 2091 3205 A
2111 3172 2121 3215 ΙΙ
2139 3175 2180 3205 29
2206 3186 2245 3206 τε
2266 3188 2323 3207 om.
2338 3176 2369 3207 A
2389 3174 2400 3219 ΙΙ

1316 3214 1370 3247 τῶ
1394 3213 1475 3246 θεῶ
1500 3217 1530 3246 A
1556 3214 1567 3258 ss
1591 3217 1632 3248 30
1661 3213 1855 3261 ἐξάρχουσα
1879 3219 1938 3249 καὶ
1963 3216 2220 3260 έπιμελουμένη
2250 3220 2328 3252 Οοίἰ.
2356 3223 2397 3254 87

1317 3273 1387 3301 cap.
1406 3260 1416 3301 Η
1437 3261 1473 3291 31
1492 3272 1538 3302 sq.
1562 3257 1725 3306 ἑκάτεραι
1750 3262 1939 3305 προιοῦσαι
1962 3261 2028 3295 τὸν
2048 3259 2158 3308 ἀνθρ.
2183 3265 2266 3306 βίον
2290 3277 2397 3298 κατα-

1317 3305 1488 3346 κοσμοῦσι
1511 3306 1542 3337 A
1572 3306 1650 3338 Coll.
1674 3308 1714 3339 87
1740 3320 1811 3349 cap.
1835 3318 1854 3342 ς

1361 3397 1380 3428 2
1405 3395 1623 3436 monasteriis]
1649 3396 1702 3429 dei
1722 3398 1800 3430 add.
1814 3398 1899 3440 vuly.
1919 3396 1931 3439 ss
1948 3399 1966 3430 5
1992 3397 2209 3430 imminebant
2224 3398 2261 3431 V
2272 3398 2285 3444 ΙΙ
2302 3402 2322 3434 6
2348 3401 2397 3433 di-

1315 3450 1424 3472 cemus
1447 3440 1483 3472 V
1488 3440 1498 3460 ¹
1522 3439 1533 3481 ΙΙ
1553 3442 1570 3473 7
1598 3442 1865 3484 contemporibus
1891 3441 1945 3475 V1
1964 3442 2012 3483 119
2035 3444 2083 3483 ea]
2110 3453 2163 3475 eas
2187 3444 2222 3477 V
2225 3445 2234 3464 ¹
2251 3444 2262 3488 ΙΙ
2285 3447 2324 3478 12
2348 3457 2396 3479 se—

1315 3485 1445 3518 deritR
1461 3484 1472 3529 ΙΙ
1495 3487 1535 3518 14
1558 3487 1750 3529 metropolis
1763 3487 1795 3519 V
1800 3487 1810 3507 ¹
1829 3486 1841 3531 ΙΙ
1861 3489 1900 3520 16
1923 3490 2044 3520 subscr.
2067 3489 2145 3521 dedi
2167 3502 2205 3522 ea:
2225 3490 2257 3522 R
2275 3490 2396 3524 Bamb.

1316 3531 1370 3571 II,
1401 3532 1449 3563 ed.
1471 3543 1521 3573 pr.
1546 3529 1559 3573 ss
1591 3541 1657 3564 xm
1682 3532 1725 3572 R]
1758 3543 1808 3564 xu
1831 3533 1961 3572 Bamb.,
1994 3533 2043 3565 ed.
2066 3545 2119 3576 pr.
2147 3532 2159 3578 ΙΙ
2182 3534 2339 3569 Bilisario
2364 3537 2396 3569 R

1316 3575 1471 3607 Bisilario
1485 3575 1604 3609 Bamb.
1622 3577 1633 3619 ΙΙ
1653 3577 1787 3609 consule
1808 3578 1880 3609 viro
1905 3577 2085 3610 clarissimo
2102 3580 2233 3617 Bamb„
2253 3583 2301 3614 ed.
2319 3594 2370 3624 pr.
2385 3585 2396 3621 Η

1317 3623 1356 3654 19
1379 3620 1495 3652 deduci
1508 3621 1554 3661 R]
1580 3621 1701 3654 adduci
1714 3622 1748 3655 V
1758 3625 1843 3665 vuty.
1863 3622 1875 3664 ΙΙ
1893 3624 1935 3656 24
1957 3623 2326 3667 constantinopolitane
2341 3627 2378 3659 V
2385 3629 2396 3664 ΙΙ

1315 3668 1354 3700 27
1379 3666 1511 3706 quidem
1537 3667 1597 3699 del.
1622 3667 1673 3699 R²
1702 3668 1835 3708 quidem
1859 3668 1895 3699 in
1921 3667 1958 3701 V
1961 3668 1975 3687 ²
2000 3670 2032 3701 in
2054 3682 2118 3704 ras.
2148 3669 2160 3714 ss
2190 3671 2394 3712 hominibus]

1314 3711 1466 3743 omnibus
1488 3710 1588 3745 RVT
1610 3713 1652 3745 al.
1668 3711 1682 3756 ss
1700 3714 1741 3746 29
1761 3713 1836 3754 hoo]
1861 3713 1922 3746 hec
1945 3713 1994 3747 Β*

2075 3773 2124 3805 5*
