2586 3990
233 150 340 195 Nov.
361 149 515 194 CXXV

727 303 811 346 ffi

472 376 649 430 ΠΕΡΙ
681 375 1067 431 ΔΙΚΑΣΤῼΝ.

271 584 331 632 (Ὁ
354 583 462 622 αὐτὸς
484 586 651 632 βασιλεὺς
671 590 801 633 Πέτρῳ
825 588 972 633 ἐπάρχῳ
997 588 1263 634 πραιτωρίων.)

285 655 342 699 (Π
345 667 418 699 ροο
428 659 443 689 ι’
447 655 586 699 μιον.)
629 653 773 698 Ἐπειδή
796 666 889 690 τινες
912 656 990 689 τῶν
1010 652 1193 689 δικαστῶν
1215 656 1307 699 μετὰ

229 698 378 734 πολλοὺς
409 702 471 742 τῆς
503 698 599 742 δίκης
623 697 766 746 ἀγῶνας
797 703 857 734 καὶ
889 698 1058 734 πλείστας
1082 702 1207 744 ζημίας
1236 704 1308 735 τοῖς

227 743 470 789 δικαζομένοις
491 747 681 792 γινομένας
706 746 765 781 ἐπὶ
788 748 865 779 ταῖς
888 741 979 789 παρ’
1004 741 1122 778 αὐτοῖς
1146 749 1306 790 κινουμέ-

227 801 305 824 vais
327 787 527 824 ὑποθέσεσι
556 789 732 835 μηνύσεσι
757 793 945 842 κέχρηνται
959 790 1066 844 ’πρὸς
1089 789 1159 832 τὴν
1183 788 1305 834 ἡμετέ-

1288 144 1373 192 630

1768 162 1828 194 ΠΤ
1855 161 2043 195 ulmens-
2066 162 2156 194 NON
2183 162 2451 196 EXPEGTENT

1751 312 1894 350 CXXV.
1939 315 2048 352 Auth.
2059 315 2184 352 CXVI.
2203 313 2351 352 c011.1x
2363 315 2451 352 tit.4

1371 379 1423 428 R
1448 380 1544 429 UT
1567 380 1846 431 IUDIOES
1875 381 2016 434 NON
2038 383 2450 435 EXPECTENT

1374 446 1767 507 IUSSIONEM,
1816 447 1948 508 SED
1991 450 2178 510 QUAE
2214 452 2451 502 VIDEN-

1502 515 1644 564 TUR
1679 514 1788 565 EIS
1823 515 2242 569 DEOERNANT
2271 519 2323 568 R

1651 591 1747 626 idem
1770 590 1862 636 Aug.
1889 592 2066 630 Gabrieiio
2090 605 2125 640 p.
2149 606 2184 631 u.

1429 657 1721 703 (Praefatio.)
1762 658 1935 703 Quoniam
1957 660 2100 705 quidam
2117 661 2348 699 iudicantium
2368 665 2451 709 post

1376 704 1489 738 multa
1522 703 1594 739 litis
1625 702 1821 739 certamina
1855 705 1891 739 et
1920 704 2073 749 plurima
2102 705 2322 751 litigantibus
2352 709 2451 744 facta

1376 746 1563 792 dispendia
1592 748 1629 783 in
1653 748 1802 792 negotiis
1825 748 1922 793 apud
1951 759 2012 785 eos
2036 750 2141 786 motis
2164 753 2449 797 suggestionibus

1375 794 1525 828 utuntur
1549 792 1595 828 ad
1619 796 1777 828 nostram
1799 793 2112 838 tranquillitatem,
2141 798 2320 841 praesenti
2343 807 2449 842 gene·

226 848 294 880 ραν
316 834 563 881 γαληνότητα,
584 839 643 869 καὶ
666 836 774 869 τοῦτο
797 849 850 877 τῳ
872 848 1029 890 παροντι
1051 836 1181 880 γενικῷ
1201 834 1305 881 νόμῳ
1323 839 1362 872 10
1375 837 1441 872 rali
1469 837 1546 882 lege
1574 837 1664 873 haec
1688 838 1935 882 perspeximus
1959 839 2163 882 emendare,
2195 851 2241 877 ne
2263 842 2449 878 dilationes

227 878 435 925 συνείδομεν
459 878 764 926 διορθώσασθαι,
797 877 885 913 ὥςτε
913 894 962 923 μη
995 881 1197 925 υπέρθεσιν
1229 884 1307 915 ταῖς

227 921 448 959 ὑποθέσεσιν
472 927 510 960 ἐκ
532 923 662 959 τούτου
685 925 857 971 γίνεσθαι
888 928 949 958 καὶ
978 923 1065 958 ἄλλο
1086 922 1198 959 πάλιν
1221 938 1306 971 προ-

226 973 346 1014 οίμιον
369 970 434 1005 τὰς
458 970 632 1010 ἐξετάσεις
655 969 865 1014 λαμβάνειν.

1374 882 1524 926 negotiis
1560 892 1603 917 ex
1638 883 1707 918 hoc
1741 883 1831 918 fiant
1872 885 1907 918 et
1942 884 2041 919 aliud
2074 895 2198 921 rursus
2236 887 2450 931 principium

1375 928 1651 963 examinationes
1676 927 1866 972 accipiant.

1234 1083 1391 1120 CAPUT
1411 1085 1439 1120 Ι.

271 1146 472 1194 Κελεύομεν
491 1153 615 1184 τοίνυν
638 1148 776 1194 μηδένα
798 1150 875 1185 τῶν
896 1148 1079 1184 δικαστῶν
1103 1146 1197 1184 καθ’
1212 1150 1304 1186 οἱον·
1430 1152 1597 1187 Iubemus
1619 1151 1727 1196 igitur
1750 1153 1887 1188 nullum
1897 1152 2140 1190 ‚iudicantium
2164 1155 2324 1199 quolibet
2345 1154 2451 1192 modo

226 1192 361 1236 δήποτε
389 1195 529 1239 τρόπον
558 1192 580 1238 ἢ
610 1195 743 1240 χρόνον
775 1197 834 1230 ἐπὶ
857 1198 935 1229 ταῖς
957 1192 1047 1240 παρ’
1075 1192 1195 1230 αὐτοῖς
1219 1208 1247 1231 π
1270 1209 1305 1230 ο-
1322 1199 1361 1231 15
1376 1197 1428 1232 vel
1452 1200 1611 1242 tempore
1642 1207 1709 1241 pro
1734 1197 1850 1233 causis
1883 1198 1978 1243 apud
2001 1209 2040 1234 se
2063 1199 2258 1244 propositis
2287 1200 2452 1236 nuntiare

224 1240 434 1283 τιθεμέναις
466 1237 578 1273 δίκαις
605 1240 755 1284 μηνύειν
787 1239 877 1283 πρὸς
900 1239 969 1282 τὴν
992 1238 1169 1286 ἡμετέραν
1198 1254 1244 1288 γα
1269 1255 1305 1285 η-
1375 1241 1421 1277 ad
1443 1246 1602 1277 nostram
1631 1242 1938 1286 tranquillitatem,
1970 1243 2033 1278 sed
2059 1245 2262 1281 examinare
2292 1245 2451 1290 perfecte

225 1283 379 1327 νότητα,
411 1281 491 1318 ἀλλ’
519 1285 699 1327 ἐξετάζειν
722 1284 863 1319 τελείως
890 1284 934 1319 τὸ
959 1286 1107 1331 πρᾶγμα
1131 1289 1191 1319 καὶ
1215 1282 1306 1332 ὅπερ
1376 1296 1519 1322 causam
1543 1290 1578 1322 et
1597 1286 1690 1331 quod
1714 1287 1765 1322 eis
1788 1287 1920 1323 iustum
1945 1288 2207 1341 legitimumque
2229 1289 2367 1325 videtur
2389 1290 2449 1326 de·

225 1327 344 1364 αὐτοῖς
374 1326 514 1363 δίκαιον
548 1333 608 1363 καὶ
638 1330 794 1374 νόμιμον
830 1333 959 1376 φανείη
991 1334 1137 1376 κρίνειν.
1185 1333 1244 1364 καὶ
1276 1333 1306 1364 εί
1376 1342 1540 1376 cernere3
1565 1334 1602 1367 et
1625 1331 1655 1367 si
1679 1331 1819 1376 quidem
1842 1336 1962 1378 partes
1987 1335 2204 1370 cessaverint
2226 1334 2263 1370 in
2280 1334 2335 1370 his
2359 1344 2450 1380 quae

223 1376 291 1418 μὲν
313 1373 359 1408 τὰ
382 1377 470 1420 μέρη
496 1376 710 1420 ἐφησυχάσει
730 1378 803 1410 τοῖς
825 1378 1057 1420 κεκριμένοις,
1088 1375 1158 1418 τὴν
1180 1377 1306 1422 ψῆφον
1374 1377 1519 1413 decreta
1541 1380 1640 1420 sunt,
1673 1377 1875 1413 executioni
1899 1379 2062 1414 contradi
2085 1379 2298 1415 sententiam
2322 1389 2450 1415 secun-

224 1422 284 1453 καὶ
307 1421 486 1464 ἐκβιβασμ
502 1421 517 1428 ”
551 1418 827 1467 παραδίδοσθαι
857 1421 950 1454 κατὰ
981 1420 1050 1463 τὴν
1078 1421 1156 1454 τῶν
1178 1422 1306 1475 νόμων
1320 1425 1360 1456 20
1374 1422 1458 1457 dum
1481 1423 1596 1466 legum
1620 1421 1796 1458 virtutem.
1844 1422 1882 1457 Si
1904 1426 2023 1458 autem
2053 1423 2180 1469 aliquis
2203 1425 2382 1469 putaverit
2407 1435 2452 1460 ex

225 1463 389 1519 δύναμιν.
437 1465 468 1498 εἰ
489 1433 534 1499 δέ
552 1476 606 1500 τις
629 1469 785 1510 νομίσειε
809 1467 848 1498 ἐκ
869 1468 932 1508 τῆς
952 1462 1163 1500 αὐτοτελοῦς
1183 1477 1305 1512 ψηφου
1372 1467 1513 1512 prolata
1535 1466 1729 1502 novissima
1753 1468 1932 1503 sententia
1962 1478 2000 1504 se
2022 1467 2178 1511 laesum,
2212 1470 2451 1514 appellatione

223 1510 355 1544 ἑαυτον
377 1508 610 1556 βεβλάφθαι,
643 1509 802 1554 ἐκκλήτῳ
836 1510 1035 1555 κεχρῆσθαι
1058 1513 1212 1555 νομίμῳ,
1244 1514 1306 1545 καὶ
1372 1514 1495 1547 utatur
1524 1512 1695 1556 legitima,
1729 1515 1764 1547 et
1787 1512 1876 1548 haec
1906 1512 2102 1548 secundum
2131 1513 2290 1550 ordinem
2313 1514 2449 1560 legibus

225 1551 338 1598 αὐτὴν
371 1555 462 1589 κατὰ
498 1554 565 1598 τὴν
597 1553 668 1590 ὑπὸ
703 1556 781 1590 τῶν
815 1555 942 1599 νόμων
977 1553 1219 1601 διωρισμένην
1249 1558 1304 1602 ἐγ·
1372 1557 1553 1594 definitum
1582 1558 1800 1592 examinetur
1834 1561 1871 1593 et
1899 1557 2097 1603 perfectum
2126 1558 2300 1604 suscipiat
2330 1559 2450 1595 termi-

222 1597 475 1646 γυμνάζεσθαι
493 1600 600 1641 τάξιν
620 1603 680 1635 καὶ
698 1599 835 1635 τέλειον
855 1603 965 1646 πέρας
985 1597 1167 1643 δέχεσθαι.
1213 1602 1244 1635 εἰ
1265 1600 1305 1635 δὲ
1370 1613 1466 1639 num.
1514 1602 1553 1638 Si
1576 1606 1693 1638 autem
1723 1602 1793 1638 duo
1827 1602 1881 1638 vel
1906 1603 2057 1648 amplius
2085 1603 2219 1639 fuerint
2251 1604 2448 1649 cognitores

158 1663 166 1676 -
224 1643 289 1680 δύο
313 1648 373 1679 καὶ
396 1643 556 1680 πλείονες
578 1645 649 1680 εἶεν
672 1646 736 1689 τῆς
759 1643 856 1688 δίκης
880 1643 1137 1699 διαγνώμονες,
1161 1649 1222 1681 καὶ
1243 1660 1303 1691 με·
1316 1648 1357 1681 25
1369 1647 1454 1691 litis,
1483 1650 1520 1683 et
1550 1647 1669 1693 aliqua
1692 1646 1786 1683 inter
1809 1657 1870 1683 eos
1893 1650 2049 1693 emergat
2071 1648 2310 1692 dissonantia,
2344 1650 2452 1685 etiam

223 1689 314 1731 ταξὺ
348 1687 472 1724 αὐτῶν
503 1687 646 1744 ἀναφυῇ
678 1689 879 1735 διαφωνία,
912 1694 971 1724 καὶ
995 1703 1092 1725 ουτω
1116 1690 1305 1745 κελεύομεν
1372 1693 1424 1728 sic
1455 1693 1618 1729 iubemus
1654 1703 1937 1738 unumquemque
1972 1694 2097 1729 horum
2132 1694 2324 1730 secundum
2357 1694 2451 1740 quod

224 1737 290 1814 §ga
319 1736 643 1815 ἕιὲαὲσοτῖἶιτουταέἴ
674 1735 765 1769 κατὰ
794 1735 842 1769 τὰ
872 1736 1075 1781 φαινόμενα
1105 1737 1205 1779 αυτῷ
1237 1736 1306 1780 τὴν
1372 1737 1511 1774 videtur
1535 1738 1568 1773 ei
1590 1747 1692 1774 suam
1715 1738 1801 1773 dare
1823 1738 2045 1774 sententiam.

202 1817 205 1819 ’
224 1794 236 1814 ⁵
262 1791 595 1872 ικ1ιἰἘστιί,λ,ο)ὀἶξ>ηφ
608 1825 658 1859 Τὰ
675 1828 801 1879 τοίΙνυν
824 1822 886 1858 διὰ
904 1825 967 1858 τοῦ
988 1826 1167 1879 παρρντσς
1189 1825 1303 1870 νόμου
1431 1826 1711 1873 (Epilogus.)
1727 1872 1734 1879 ⁸
1756 1827 1856 1872 Quae
1877 1827 1985 1872 igitur
2007 1838 2072 1873 per
2093 1831 2317 1873 praesentem
2339 1828 2451 1881 legem

224 1871 290 1905 τοῦ
320 1871 367 1905 εἰς
396 1869 439 1904 τὸ
472 1867 629 1914 διηνεκὲς
663 1871 869 1914 ἰσχυσοντος
903 1869 1003 1915 παρὰ
1037 1882 1101 1915 της
1134 1874 1305 1917 ημετέρας
1317 1871 1410 1907 30in
1432 1873 1644 1917 perpetuum
1667 1872 1854 1908 valituram
1877 1875 2000 1909 nostra
2020 1873 2258 1918 tranquillitas
2281 1873 2449 1917 definivit,

292 1962 377 1997 Nov.
398 1961 541 1995 CXXV
556 1961 718 2003 (Audient-
738 1961 863 1995 CXVI
873 1977 918 1990 =
937 1961 1017 1996 Goll.
1034 1962 1095 1995 IX
1108 1963 1155 1996 tit.
1169 1964 1206 1996 4:
1230 1963 1343 2006 yloss.)
1371 1962 1496 1997 Graece
1519 1970 1607 1997 extat
1630 1965 1664 1997 in
1688 1963 1779 2005 ML,
1800 1967 1904 2007 cap.1
1931 1965 1963 1998 in
1988 1964 2025 1998 B
2049 1966 2080 2006 7,
2097 1971 2166 2006 1,18
2190 1975 2261 1999 cum
2281 1965 2381 1999 schol.
2404 1983 2450 1991 —

225 2007 317 2051 Epit.
344 2007 463 2040 Theod.
490 2007 565 2048 125,
595 2006 717 2039 Atlzan.
735 2007 811 2048 4,17
835 2007 925 2048 (inde
944 2007 1108 2050 paratitlo
1130 2006 1205 2040 ΔιΙι.
1224 2010 1244 2042 5
1264 2012 1323 2046 §9-
1349 2008 1370 2041 8
1390 2009 1462 2050 §5).
1509 2008 1631 2041 Iulian.
1655 2015 1754 2041 const.
1781 2009 1892 2043 CXII.

1265 2147 1415 2185 CXXV.

1020 2215 1135 2266 DE
1173 2215 1653 2268 IUDICIBUS.

897 2293 1000 2331 Idem
1024 2294 1213 2341 Auqustus
1234 2293 1346 2331 Petro
1367 2295 1559 2342 praefecto
1575 2295 1782 2342 praetorio.

356 2361 657 2411 (Praefatio.)
703 2361 879 2406 Quoniam
908 2361 1076 2398 nonnulli
1107 2372 1156 2398 cx
1185 2361 1364 2399 iudicibus
1388 2365 1478 2410 post
1507 2361 1622 2398 multa
1652 2362 1727 2399 litis
1757 2363 1957 2400 certamina
1984 2367 2021 2400 et
2040 2363 2202 2410 plurima
2224 2363 2356 2401 damna
2379 2365 2449 2402 liti-

222 2409 391 2456 qantibus
412 2409 452 2444 in
474 2408 595 2444 causis
617 2407 719 2454 apud
739 2408 840 2453 ipsos
862 2407 970 2443 motis
989 2406 1096 2443 illata
1119 2406 1355 2444 relationibus
1374 2408 1434 2443 usi
1451 2411 1539 2443 sunt
1559 2407 1610 2443 ad
1630 2412 1793 2444 nostram
1816 2409 2065 2452 serenitatem,
2087 2409 2156 2446 hoc
2176 2421 2319 2456 quoque
2341 2421 2447 2462 prae-

222 2456 317 2492 senti
336 2453 499 2501 qenerali
522 2453 601 2499 leqe
623 2452 813 2489 emendare
834 2452 940 2488 nobis
962 2452 1075 2489 visum
1099 2456 1164 2496 est,
1191 2463 1237 2489 ne
1259 2452 1343 2489 inde
1364 2453 1404 2488 in
1427 2453 1548 2488 causis
1569 2451 1762 2489 dilationes
1782 2452 1878 2498 fiant
1898 2460 1935 2490 et
1957 2453 2060 2490 aliud
2079 2465 2208 2492 rursus
2228 2455 2449 2502 principium

223 2511 266 2536 co
294 2500 449 2536 nitiones
472 2509 515 2535 ca
543 2499 631 2534 iant.

267 2511 292 2546 9
357 2545 385 2580 1.
433 2509 602 2579 Iubelionus
620 2543 735 2589 iqitur
756 2542 896 2578 nullum
914 2541 1072 2578 iudicum
1096 2541 1172 2578 ullo
1192 2541 1298 2578 modo
1321 2545 1387 2578 aut
1411 2545 1569 2589 tempore
1591 2543 1631 2579 in
1654 2542 1774 2579 causis
1797 2543 1898 2589 apud
1919 2554 1982 2579 eos
2002 2543 2201 2590 propositis
2223 2543 2274 2580 ad
2287 2547 2448 2581 nostram

221 2591 447 2626 serenitatem
478 2599 555 2625 rem
583 2588 740 2640 deferre,
768 2587 833 2624 sed
856 2588 1024 2634 perfecte
1054 2588 1268 2624 examinare
1296 2597 1444 2623 causam
1473 2590 1509 2623 et
1531 2586 1632 2634 quod
1657 2587 1725 2624 sibi
1747 2587 1881 2624 iustum
1904 2593 2014 2634 atquc
2041 2588 2236 2634 quitimum
2266 2590 2380 2626 visum
2400 2591 2450 2627 sit

220 2635 395 2671 iudicare.
443 2633 494 2670 Et
514 2634 550 2670 si
571 2633 713 2680 quidem
729 2636 861 2680 partes
883 2633 1052 2669 iudicatis
1072 2632 1333 2678 acquieverint,
1364 2633 1542 2668 sententia
1564 2633 1671 2669 etiam
1695 2633 1900 2669 executioni
1925 2633 2093 2669 tradatur
2114 2633 2308 2670 secundum
2331 2634 2450 2686 lequm

224 2686 390 2717 tenorem.
436 2678 479 2715 Si
501 2679 583 2725 quis
607 2682 725 2714 autem
755 2689 805 2714 ex
828 2677 1012 2723 definitiva
1042 2678 1220 2714 sententia
1250 2688 1289 2713 se
1319 2676 1451 2713 damno
1482 2677 1652 2723 affectum
1682 2688 1760 2715 csse
1779 2678 1981 2724 putaverit,
2017 2678 2177 2724 leqitima
2204 2690 2227 2714 a
2247 2679 2449 2725 pellattone

222 2731 359 2768 utatur,
390 2735 505 2777 eaque
527 2723 721 2760 secundum
744 2723 908 2759 ordinem
931 2735 954 2759 a
977 2722 1116 2770 leqibus
1137 2722 1183 2758 de
1209 2722 1324 2758 nitum
1347 2727 1565 2758 exerceatur
1586 2726 1623 2759 et
1641 2723 1846 2769 perfectum
1898 2733 1978 2758 nem
2001 2723 2169 2768 accipiat.
2274 2723 2357 2760 odsi
2377 2724 2448 2760 duo

214 2771 386 2818 pluresve
415 2774 490 2805 sint
519 2769 594 2805 litis
623 2768 840 2821 cognitores,
875 2773 912 2804 et
941 2768 1036 2804 inter
1065 2778 1126 2804 eos
1154 2770 1156 2773 ’
1181 2767 1338 2803 issensus
1367 2768 1521 2810 oriatur,
1556 2767 1610 2803 sic
1641 2778 1784 2814 quoque
1818 2767 1832 2802 i
1880 2777 1978 2803 emus
2008 2778 2295 2814 unumquemque
2325 2779 2449 2804 eorum

222 2814 519 2862 quemadmodum
541 2814 613 2862 ipsi
636 2814 802 2851 videatur
824 2814 1038 2850 sententiam
1060 2823 1165 2848 suam
1185 2813 1301 2859 ferre.
2202 2856 2210 2864 .

358 2859 599 2907 Epilogus.
647 2857 747 2902 Quae
769 2858 882 2904 iqitur
898 2869 971 2906 per
987 2861 1218 2905 praesentem
1242 2858 1353 2904 leqem
1384 2856 1424 2892 in
1438 2861 1659 2905 perpetuum
1682 2856 1875 2894 valituram
1897 2867 1921 2892 a
1942 2859 2070 2893 nostra
2091 2859 2283 2894 serenitate
2311 2859 2448 2893 statuta

1370 3000 1458 3026 extat
1489 3000 1625 3027 extremo
1657 2993 1725 3026 loco
1753 2993 1876 3036 scripta
1903 2998 1979 3035 pose
2006 3003 2076 3024 nov.
2102 2991 2267 3025 CXXIII
2282 3007 2326 3021 ==
2350 2991 2446 3025 Auth.

1373 3038 1616 3082 CXXXIVf.
1633 3038 1676 3071 76
1692 3038 1749 3080 (=
1763 3038 1808 3080 F)
1825 3037 1838 3080 ΙΙ
1856 3038 1876 3071 2
1893 3038 1980 3070 rubr.
1998 3049 2057 3069 om.
2070 3035 2163 3073 DFll
2182 3038 2200 3069 5
2223 3037 2319 3070 inscr-
2337 3049 2395 3069 om.
2411 3037 2447 3078 F}

1369 3083 1419 3115 Id.
1440 3084 1480 3116 A.
1502 3083 1636 3126 reliquis
1657 3083 1780 3116 omissi-i
1800 3082 1836 3116 D
1853 3082 1865 3125 ΙΙ
1884 3079 2006 3124 {sprum
2031 3081 2065 3114 T
2094 3080 2232 3124 ppei-um
2255 3081 2290 3114 V
2313 3079 2380 3124 ppo*
2403 3082 2447 3114 at.

1370 3129 1404 3170 (i.
1416 3140 1441 3161 e.
1459 3128 1702 3170 praetoriorum
1717 3128 1769 3160 vel
1782 3126 1979 3170 praetorio);
2010 3136 2043 3169 p.
2060 3135 2094 3159 u.
2111 3127 2132 3159 ι’.
2145 3138 2172 3160 e.
2189 3125 2355 3168 praefecto
2371 3125 2449 3159 urbi

1369 3174 1508 3207 restituit
1524 3173 1711 3206 Zachariae
1727 3173 1782 3215 (cf.
1799 3172 1847 3206 Io.
1866 3172 1980 3215 Lydus
2004 3172 2043 3204 de
2062 3182 2146 3214 may.
2164 3171 2196 3212 3,
2214 3173 2264 3211 38)
2289 3169 2305 3221 ΙΙ
2327 3172 2347 3204 6
2371 3170 2447 3214 qui·

1369 3218 1443 3250 dem
1466 3218 1499 3251 F
1522 3217 1535 3261 ΙΙ
1562 3216 1729 3251 iudicanti
1757 3217 1791 3250 V
1818 3214 2045 3250 iudicantibus
2074 3215 2170 3248 T¹D
2198 3214 2211 3259 ΙΙ
2241 3217 2259 3249 7
2281 3214 2447 3257 htiganti-

1371 3263 1442 3304 bus]
1467 3273 1487 3296 a
1502 3262 1716 3304 litigantibus
1731 3262 1767 3294 F
1773 3262 1859 3305 vulq.
1877 3261 1890 3305 [l
1913 3262 1934 3294 9
1954 3259 2246 3301 tranquillitatem]
2270 3259 2376 3301 legem
2393 3258 2447 3292 uel

1369 3307 1410 3340 ad
1426 3307 1705 3349 tranquillitatem
1720 3306 1756 3340 D
1773 3306 1787 3350 ΙΙ
1802 3305 1875 3348 lege
1890 3304 2039 3348 generali
2059 3305 2093 3338 V
2107 3304 2120 3348 ΙΙ
2147 3307 2189 3339 10
2207 3305 2270 3338 hoo
2286 3304 2319 3338 F
2325 3304 2410 3347 vulq.

1371 3354 1409 3387 11
1437 3362 1477 3386 ex
1498 3353 1562 3386 hoo
1585 3351 1734 3394 negociis
1759 3352 1794 3385 F
1807 3351 1820 3395 u
1847 3353 1885 3384 17
1908 3349 2094 3391 legitimum
2116 3349 2193 3393 V¹ss
2219 3349 2367 3383 desinere
2387 3347 2420 3380 F

1371 3398 1413 3431 18
1437 3399 1470 3430 et
1490 3410 1548 3431 om.
1563 3398 1596 3431 F
1613 3396 1626 3441 11
1655 3396 1841 3429 cetauerint
1863 3396 1898 3428 F
1926 3405 1994 3427 non
2018 3394 2221 3427 cessauerint
2245 3392 2296 3427 T’
2311 3392 2325 3435 ΙΙ
2340 3391 2389 3432 in]
2413 3393 2446 3424 et

1371 3442 1405 3475 F
1420 3442 1433 3485 ΙΙ
1450 3442 1539 3484 quod
1563 3440 1643 3486 T²ll
1664 3443 1704 3476 19
1723 3440 1854 3475 decerta
1874 3439 1924 3474 V¹
1947 3441 2057 3472 creata
2079 3439 2128 3472 Τι
2158 3439 2305 3471 detracta
2325 3435 2420 3469 T²F

1369 3487 1532 3527 contradi]
1563 3486 1760 3520 mandarent
1785 3486 1818 3519 F
1832 3484 1845 3528 ΙΙ
1871 3483 2036 3518 sententia
2062 3484 2095 3517 T
2113 3482 2126 3527 ΙΙ
2150 3484 2192 3517 20
2216 3483 2267 3521 ex]
2297 3489 2363 3514 esse
2386 3481 2420 3513 F

1370 3532 1409 3566 21
1436 3531 1543 3565 laesus
1568 3531 1599 3565 T
1606 3531 1647 3574 ἸΙ
1671 3533 1714 3565 22
1737 3530 1886 3573 legitima
1909 3532 2025 3562 utatur
2049 3527 2111 3572 F!
2135 3527 2198 3560 hoo
2221 3525 2344 3567 Fvulq.
2363 3524 2375 3568 ΙΙ
2402 3525 2444 3558 23

1369 3576 1567 3619 suscipiatur
1593 3575 1671 3620 T¹ss
1698 3576 1741 3609 24
1764 3576 1886 3615 autem]
1911 3573 2000 3607 enini
2024 3570 2088 3616 ΤΙ
2112 3570 2190 3622 ᾱιιρ]
2213 3569 2267 3603 uel
2292 3569 2358 3602 duo
2383 3567 2446 3620 [ΣΗ

1370 3620 1563 3662 cognicione
1589 3621 1624 3654 F
1639 3620 1652 3663 ΙΙ
1675 3622 1717 3654 25
1741 3619 1889 3662 aliquam
1912 3637 1955 3643 —
1979 3616 2215 3650 dissonantiam
2241 3613 2301 3658 Fu
2329 3615 2371 3647 26
2396 3623 2446 3647 sio

1370 3678 1429 3701 om.
1447 3666 1483 3699 D
1506 3664 1519 3709 ΙΙ
1547 3675 1749 3706 ununiquem
1775 3664 1826 3698 Τι
1849 3663 1864 3708 Ι
1891 3672 2003 3696 eorum
2027 3659 2150 3703 Fvulq.
2177 3658 2190 3703 fl
2216 3659 2258 3692 27
2283 3668 2350 3691 sua-
2367 3658 2445 3691 dare

1369 3710 1534 3744 sententia
1556 3710 1606 3743 V¹
1622 3709 1635 3750 ΙΙ
1659 3712 1700 3744 29
1725 3708 1842 3751 igitur]
1865 3708 1976 3740 autem
2000 3703 2034 3739 T

289 2998 310 3031 2
325 2998 413 3030 rubr.
438 2997 527 3039 Περὶ
551 2990 735 3028 δικαστῶν
758 2994 831 3028 ML
850 2995 982 3048 Theod.]
1012 2989 1122 3027 “Ὠστε
1145 2992 1227 3027 τοὺς
1249 2989 1301 3027 δι·

221 3041 353 3076 καστὰς
367 3040 417 3085 μὴ
430 3037 623 3084 ἀναμένειν
638 3038 744 3073 θείας
759 3037 942 3081 κελεύσεις,
960 3036 1050 3072 αλλὰ
1066 3038 1110 3072 τὰ
1124 3035 1301 3073 δοκοῦντα

222 3084 341 3121 αὐτοῖς
418 3084 593 3132 φίζεσθαι
615 3085 692 3119 Atli-
708 3096 728 3122 ς’
749 3083 763 3129 Β
793 3086 813 3118 5
836 3086 931 3118 inscr.
958 3097 1016 3118 om.
1042 3084 1132 3128 ML,
1154 3084 1303 3128 supplevi

223 3145 260 3166 ex
283 3133 359 3166 Atli.
390 3133 446 3176 (cjl
471 3133 592 3165 subscr.
619 3131 740 3164 Theod.
765 3131 856 3173 infra
883 3130 928 3163 ad
951 3131 1100 3171 631‚10).
1152 3129 1303 3163 Gabrieli

220 3178 431 3221 praefi‚urbi
458 3177 643 3219 inscriptum
675 3176 838 3219 exemplar
868 3176 1011 3218 sequitur
1035 3185 1070 3216 ς’,
1102 3175 1159 3208 ubi
1187 3175 1254 3208 vid.
1287 3171 1300 3217 ΙΙ

223 3224 243 3255 6
265 3218 410 3264 Ἐπειδὴ
434 3230 527 3255 τινες
551 3220 702 3257 ΕςΑεῘι.
718 3220 851 3261 ΤΙιεοᾰ.]
883 3217 1016 3252 Πολλοὶ
1041 3219 1134 3252 τινὲς
1158 3219 1204 3252 Μ
1221 3218 1235 3262 ΙΙ
1261 3220 1300 3252 10

223 3269 281 3299 καὶ
305 3267 424 3307 τοῦτο]
448 3267 529 3299 liaeo
552 3265 600 3309 ςΙΙ
627 3266 668 3300 12
692 3263 878 3299 ὑπόθεσιν
903 3265 950 3298 L¹
968 3264 981 3302 ΙΙ
1003 3263 1147 3297 τούτων
1171 3263 1231 3307 Lu
1259 3264 1300 3297 19

224 3310 429 3366 έφησυῇάσῃ
449 3310 498 3344 ΒΓ
515 3310 527 3354 ΙΙ
553 3312 595 3344 20
618 3311 679 3343 καὶ
703 3322 761 3343 om.
785 3322 805 3346 ς
820 3310 832 3353 ΙΙ
853 3310 892 3344 21
918 3309 1088 3361 *νομίσοι
1106 3308 1216 3342 MLB
1231 3307 1244 3352 ΙΙ
1261 3307 1301 3340 ἐκ

223 3356 284 3397 τῆς
300 3354 509 3390 αυτοτελοῦς
525 3354 660 3400 ψήφου]
677 3364 716 3387 ex
730 3354 861 3398 prolata
877 3354 1055 3388 novissima
1072 3353 1240 3387 sententia
1255 3364 1275 3389 ς
1289 3350 1302 3397 ΙΙ

225 3401 266 3433 23
287 3398 526 3445 διωρισμένην
544 3398 834 3446 ἑκγυμνάζεσθαι
849 3400 880 3433 L
905 3396 1196 3445 ἐγγυμνάζεσθαι
1217 3394 1301 3431 διω-

224 3447 393 3487 ρισμένην
416 3445 467 3479 B!
487 3446 500 3488 ΙΙ
524 3446 565 3479 25
589 3445 663 3487 τῆς]
687 3443 723 3478 οἱ
743 3444 804 3486 τῆς
826 3445 878 3478 B⁶
902 3444 915 3488 ΙΙ
937 3446 1009 3484 καὶ]
1034 3446 1066 3477 et
1091 3443 1203 3486 aliqua
1225 3443 1261 3486 (i.
1273 3454 1301 3476 ο.

225 3492 286 3522 καί
303 3491 395 3532 τιςῖ)
418 3502 438 3527 ς
454 3490 467 3534 ΙΙ
485 3491 528 3524 26
551 3486 706 3535 ἀναφύει
734 3489 781 3523 B⁶
798 3489 810 3533 ΙΙ
829 3490 870 3523 27
896 3484 1020 3523 αὐτῶν
1043 3489 1094 3522 B⁶

286 3623 303 3655 1
328 3622 413 3656 Νου.
430 3623 531 3656 CXX
538 3623 621 3657 V==
636 3623 735 3657 ΔιιιΙι.
752 3623 874 3657 CXVI
895 3635 953 3657 om.
970 3623 1015 3665 R,
1039 3625 1073 3658 in
1098 3623 1131 3657 T
1147 3623 1302 3666 repetitur

226 3666 308 3699 inter
331 3674 575 3709 extravayantes
599 3670 632 3701 i'n
657 3669 835 3711 appendice
860 3670 901 3701 ab
926 3669 992 3702 alio
1017 3668 1154 3702 librario
1177 3668 1302 3710 scripta

222 3711 250 3752 s.
271 3712 332 3744 179
345 3711 400 3753 (=
413 3711 471 3752 D).
506 3712 546 3745 In
570 3713 639 3745 cod.
656 3712 850 3747 Monacemi
872 3713 959 3754 (olim
974 3713 1188 3756 Frisinqensi)
1212 3712 1300 3747 6359
