2618 4010
190 160 248 194 AD
279 161 614 194 ORDmATmNEM
644 161 813 192 nemim
859 164 862 170 ·
1265 143 1322 191 37

186 274 266 302 σαν,
291 258 372 295 ἀλλ’
394 260 477 295 οὔτε
500 257 613 306 χήραν
633 259 715 295 οὔτε
739 258 1016 302 διαζευχθεῖσαν
1035 258 1163 306 ἀνδρὸς
1183 258 1266 293 οὔτε

184 307 209 342 4
255 304 460 349 παλλακήν·
552 305 632 340 οὔτε
663 304 794 340 παῖδας
818 302 839 359 ἢ
862 304 1026 353 ἐγγόνους
1048 304 1155 348 ἔχων,
1183 304 1266 338 οὔτε

183 353 464 398 γνωριζομένους
492 353 547 395 τῷ
576 349 677 395 νόμῳ
709 351 790 385 οὔτε
815 350 879 385 υπ’
909 354 1045 386 ἐκείνου
1073 353 1263 395 μεμισημέ-

184 408 284 431 νους·
320 399 497 443 έπείτοιγε
520 395 539 431 ὁ
564 395 662 441 παρὰ
692 393 808 431 ταῦτά
831 411 868 430 τι
900 397 1073 443 πράττων
1097 393 1202 429 αὐτός
1226 409 1265 429 τε

184 444 383 476 ἐκπεσεῖται
418 444 480 485 τῆς
515 439 709 487 ἱερωσύνης
742 445 800 475 καὶ
835 439 853 475 ὁ
883 445 1013 476 τοῦτον
1048 442 1264 487 χειροτονῶν

184 484 314 529 ὁμοίως
326 486 396 527 ἔξω
409 489 470 531 τῆς
487 488 683 530 ἐπισκοπῆς
700 486 932 529 έλαθήσεται,
953 489 1008 531 τῷ
1023 486 1124 531 νόμῳ
1144 484 1262 528 τούτῳ

183 533 246 578 <ῗ>
274 534 298 569 5
341 530 634 577 προςκεκρουκώς.
724 530 819 566 Ἀλλ’
846 531 930 566 οὐδὲ
953 530 1147 578 χρημάτων
1173 529 1261 573 ὠνή-

183 578 325 613 σασθαι
360 578 427 620 τὴν
458 577 640 624 ἱερατείαν
671 575 769 621 αὐτῷ
802 580 1064 624 συγχωροῦμεν,
1098 576 1190 624 μόνῃ
1223 575 1263 610 δὲ

187 626 369 671 προςέχειν
394 621 504 657 αὐτὸν
528 624 572 666 τῆ
593 625 657 658 τοῦ
677 620 853 658 δεσπότου
869 623 959 656 θεοῦ
975 624 1158 670 θεραπείᾳ
1181 626 1261 665 βου-

182 669 343 716 λόμεθα,
368 672 427 702 καὶ
451 667 500 711 μὴ
524 659 670 703 πὀλλαῖς
694 665 949 714 ἀνθρωπίναις
973 671 1140 713 φροντίσι
1165 680 1261 711 περι·
1282 671 1317 702 10
1332 669 1355 702 6
1399 667 1569 711 protrahi.

183 720 210 749 Δ
258 716 282 749 6
329 712 512 747 ε’λκεσθαι.
610 712 714 748 Ἀλλὰ
743 712 834 757 μηδὲ
863 709 1074 756 ἀμελέτητος
1100 709 1154 746 ὦν
1184 714 1263 746 τῶν

184 762 201 795 7
250 759 358 805 ἱερῶν
389 757 582 806 δογμάτων
615 760 702 804 πρὸς
726 757 928 801 ἐπισκοπὴν
951 759 1082 792 εἰςίτω·
1176 755 1261 803 πρό-

139 807 145 814 ’
182 818 286 851 τερον
311 803 351 838 δὲ
374 802 395 847 ἢ
419 803 615 859 μοναχικὸν
633 808 717 849 βίον
733 800 926 845 ἀσκήσαςῆ
948 805 987 837 ἐν
1011 800 1128 847 κλήρῳ
1154 816 1262 836 κατα-

183 848 367 905 λεγόμενος
383 863 455 904 ,ουκ
476 849 627 884 ἔλαττον
643 850 771 901 μηνῶν
788 849 836 889 ἕξ,
854 851 996 895 γυναικὶ
1011 850 1146 901 μέντοι,
1172 847 1262 880 καθ-

335 896 343 905 1

1300 445 1318 476 5
1333 443 1369 475 et
1392 441 1468 493 ipse
1493 440 1596 475 cadet
1620 438 1837 480 sacerdotio,
1871 443 1905 472 et

2160 146 2266 189 Nov.
2299 147 2356 189 VI
2389 149 2406 188 1

1334 259 1535 304 virginitate
1557 262 1677 293 autem
1701 256 1748 292 ad
1772 268 1852 292 eum
1876 258 2090 300 venientem,
2116 259 2152 293 et
2176 269 2247 292 non
2271 258 2413 292 viduam

1332 305 1357 340 4
1404 313 1517 348 neque
1541 303 1739 338 seiunctam
1764 303 1839 337 viro
1864 314 1976 346 neque
2001 303 2248 338 concubinam.
2298 313 2413 347 neque

1334 350 1425 385 filios
1449 354 1513 384 aut
1536 354 1683 393 nepotes
1715 348 1851 383 habens
1875 359 1988 392 neque
2015 349 2175 392 cognitos
2206 348 2274 392 legi
2299 359 2412 392 neque

1332 395 1383 429 illi
1407 395 1572 439 odibiles3
1607 393 1763 437 alioquin
1794 393 1854 437 qui
1885 398 2028 437 praeter
2056 394 2145 430 haec
2170 393 2304 438 aliquid
2328 393 2412 437 agit,

1937 439 1997 483 qui
2029 450 2109 474 eum
2134 439 2293 482 ordinat,
2324 438 2413 473 foris

1332 489 1355 521 ὗ
1381 490 1627 530 episcopatum
1645 484 1853 524 sectabItur‚
1872 484 1965 518 hanc
1986 484 2096 527 legem
2111 485 2304 520 offendens.
2343 484 2413 518 Sed

1332 542 1446 574 neque
1475 530 1636 575 pecuniis
1660 532 1851 573 [oportere]
1879 540 1993 564 emere
2016 529 2254 565 sacerdotium
2273 530 2305 564 ei
2331 540 2411 574 per-

1331 576 1515 619 mittimus,
1536 576 1650 611 solum
1668 585 1751 610 vero
1771 573 1949 618 respicere
1967 585 2047 609 eum
2069 574 2199 609 domini
2223 575 2277 609 dei
2295 575 2411 610 cultu-

1332 633 1407 656 ram
1423 623 1597 664 volumus,
1623 623 1659 655 et
1680 631 1751 655 non
1772 619 1934 664 plurimis
1953 620 2118 654 humanis
2138 621 2413 663 cogitationibus

1664 665 1732 700 Sed
1756 675 1870 709 neque
1890 665 2090 700 ineruditus
2116 666 2271 700 existens
2292 677 2414 701 sacro-

1333 713 1351 747 7
1397 724 1476 747 rum
1500 712 1703 756 dogmatum
1728 711 1773 745 ad
1799 710 2045 755 episcopatum
2069 710 2233 745 accedat:
2315 711 2413 756 prius

1332 762 1450 792 autem
1476 762 1538 792 aut
1562 756 1807 793 monachicam
1832 756 1940 791 vitam
1965 756 2148 801 professus
2173 758 2237 790 aut
2257 756 2294 790 in
2318 758 2414 791 clero

1332 803 1549 838 constitutus
1582 813 1653 837 non
1684 802 1800 837 minus
1831 801 2015 836 mensibus
2048 811 2128 844 seX,
2163 801 2265 838 uxori
2296 804 2415 836 tamen

1333 859 1404 882 uon
1430 848 1643 890 cohaerens,
1677 851 1740 882 aut
1763 847 1855 883 filios
1880 849 1944 881 aut
1967 850 2116 890 nepotes
2140 846 2289 882 habens.
2335 847 2416 881 Hoc

182 910 273 942 ιιπερ
312 907 474 930 ειποντες
505 896 683 940 ἔφθημεν,
720 907 769 938 μη
806 893 983 946 «ξυνοικῶν
1020 906 1042 935 η
1083 891 1214 927 παῖδας
1244 889 1426 935 ἢ156111111
1450 893 1592 929 omnino
1626 904 1734 937 super
1757 892 1822 928 deo
1853 892 2067 928 amabilibus
2100 892 2414 943 episcopisquae-

182 941 345 988 ἐγγόνους
369 940 475 983 ἔχων.
528 941 647 974 Ταῦτα
675 939 743 986 γὰρ
772 950 920 972 παντως
948 940 1008 972 ἐπὶ
1034 939 1112 971 τῶν
1137 938 1263 982 θεοφι-

184 985 367 1020 λεστάτων
385 983 596 1021 ἐπισκόπων
616 986 798 1027 ζητοῦμεν,
819 983 990 1030 καθάπερ
1009 986 1067 1017 καὶ
1088 980 1266 1029 πρότερον

185 1031 248 1066 δύο
272 1033 388 1065 θείαις
406 1028 510 1075 ἡμῶν
530 1032 636 1064 τοῦτο
654 1028 838 1069 ὃιατάξεσι
854 1030 1153 1072 νενομοθέτηται,
1167 1026 1262 1062 καθ’

182 1075 222 1111 iis
246 1076 326 1112 τοὺς
348 1079 416 1129 μὲν
440 1075 506 1119 ἤδη
531 1076 783 1128 συνοικοζζντας
805 1074 977 1127 ,γυναιξὶν
1001 1070 1041 1107 οὐ
1066 1087 1264 1120 περιειργα-

1332 938 1462 979 rimus,
1495 939 1590 973 sicut
1614 939 1720 974 etiam
1753 938 1852 983 prius
1882 937 2021 973 duabus
2046 938 2156 973 sacris
2182 940 2314 972 nostris
2346 937 2416 972 hoc

1335 984 1649 1020 constitutionibus
1676 984 1851 1018 sancitum
1876 988 1947 1026 est,
1980 993 2045 1027 per
2069 993 2158 1027 quas
2188 982 2324 1017 dudum
2356 994 2415 1017 co-

1335 1028 1524 1063 haerentes
1554 1029 1727 1064 uxoribus
1758 1040 1830 1064 non
1861 1031 2141 1073 perscrutamur,
2179 1038 2283 1063 omne
2312 1038 2415 1072 prae-

1335 1073 1479 1108 teritum
1503 1074 1761 1118 relinquentes,
1795 1074 1838 1109 de
1863 1077 1982 1109 cetero
2006 1077 2125 1109 autem
2149 1074 2239 1108 nulli
2269 1073 2415 1118 permit-

182 1120 346 1166 σάμεθα,
370 1135 412 1156 το
437 1131 646 1173 παρῳχηκρς
670 1132 769 1154 απαν
793 1122 956 1164 αφέντες,
983 1120 1045 1153 τοῦ
1071 1118 1198 1154 λοιποῦ
1224 1117 1264 1152 δὲ
1278 1122 1319 1153 20
1332 1122 1447 1153 tentes
1472 1129 1494 1153 a
1518 1119 1695 1163 positione
1719 1120 1806 1164 legis
1823 1130 1971 1154 uxorem
1987 1119 2134 1154 habenti
2152 1120 2258 1154 talem
2281 1119 2416 1164 imponi

182 1171 220 1201 ἑκ
244 1169 304 1211 τῆς
330 1167 466 1201 θέσεως
488 1179 552 1199 του
577 1178 688 1209 νόμου
718 1163 846 1209 μηδενὶ
871 1166 1134 1211 συγχωροῦντες
1157 1178 1264 1210 γαμε-

183 1212 249 1255 τὴν
281 1214 398 1254 ἔχοντι
429 1208 601 1253 τοιαύτην
625 1211 834 1245 ἐπιτιθέναι
865 1214 1101 1256 χειροτονίαν.
1149 1209 1262 1256 ὅνπερ

181 1257 292 1302 νόμον
315 1259 375 1290 καὶ
397 1257 466 1290 νῦν
490 1254 721 1300 ἀνανεοῦμεν,
752 1253 802 1299 μή
826 1269 934 1297 ποτε,
969 1256 1000 1289 εἰ
1025 1255 1123 1309 παρὰ
1147 1257 1264 1290 ταῦτα

182 1306 344 1356 γένηται,
377 1299 484 1335 αὐτός
507 1315 547 1335 τε
570 1303 713 1335 ἐκπέσοι
743 1302 805 1344 τῆς
835 1299 1029 1347 ἱερωσύνης
1059 1315 1126 1335 τον
1155 1314 1265 1353 χειρο-

1334 1164 1606 1199 ordinationem.
1655 1164 1768 1208 Quam
1799 1165 1910 1209 legem
1941 1165 2048 1199 etiam
2073 1175 2168 1199 nunc
2193 1175 2415 1205 renovamus

1332 1220 1378 1244 ne
1400 1209 1512 1250 forte,
1538 1210 1568 1245 si
1593 1212 1734 1254 praeter
1758 1210 1847 1244 haec
1873 1210 2008 1254 aliquid
2032 1210 2115 1251 fiat,
2148 1213 2184 1244 et
2208 1210 2286 1255 ipse
2311 1210 2417 1246 cadat

1334 1254 1534 1290 sacerdotio
1562 1260 1598 1290 et
1628 1255 1852 1290 ordinantem
1885 1255 2045 1290 similiter
2069 1255 2211 1290 excludi
2235 1263 2412 1300 procuret.

1334 1300 1447 1345 Igitur
1483 1300 1702 1336 ordinandus
1744 1301 1934 1345 episcopus
1966 1305 2029 1336 aut
2061 1311 2104 1335 ex
2138 1301 2323 1336 monachis
2354 1306 2417 1335 aut

181 1345 385 1390 τονησαντά
408 1360 447 1381 τε
471 1343 602 1391 ὁμοίως
631 1345 1017 1400 έκβληθῆναιιταὺτης
1042 1349 1319 1393 παρασκευα-ζὶῦ
1333 1356 1378 1381 ex
1407 1346 1545 1382 clericis
1578 1346 1643 1387 sit,
1679 1346 1786 1380 etiam
1815 1346 1852 1380 in
1884 1345 2087 1381 huiusmodi
2117 1346 2189 1381 vita
2224 1346 2416 1381 testimonii

180 1396 203 1427 Ε
251 1405 357 1427 σειεν.
448 1389 485 1425 ‘0
519 1396 644 1426 τοίνυν
674 1404 985 1436 χειροτονουμενος
1020 1394 1214 1427 ἐπίσκοπος
1244 1389 1265 1433 ἢ

178 1436 250 1473 ἀπὸ
274 1439 445 1481 μοναχῶν
469 1434 490 1480 ἢ
514 1436 587 1472 ἀπὸ
612 1436 790 1483 κληρικῶν
814 1435 926 1479 ἔστω,
959 1439 1029 1484 εἴγε
1054 1441 1115 1471 καὶ
1147 1440 1186 1471 ἐν
1210 1438 1263 1481 τῷ

177 1483 331 1526 τοιούτῳ
356 1487 427 1527 βίῳ
450 1487 666 1529 μαρτυροῖτο
691 1481 816 1526 σεμνὸς
847 1486 906 1516 καὶ
931 1480 1035 1526 δόξης
1063 1480 1262 1517 ἀπολαύων

177 1527 328 1576 ἀγαθῆς,
354 1532 414 1562 καὶ
432 1528 569 1570 ταύτην
588 1527 745 1575 κρηπῖδα
762 1529 822 1571 τῆς
845 1526 1107 1581 ἀρχιερωσύνης
1130 1531 1260 1563 ἐναπο-

179 1576 202 1611 8
249 1575 402 1617 θέμενος
432 1575 476 1621 τῇ
501 1575 607 1621 ψυχῇ.
699 1572 707 1584 '
789 1572 797 1582 '
934 1572 944 1585 ‘

178 1623 342 1664 κείμενον
366 1623 425 1652 καὶ
456 1618 544 1663 πρὸς
574 1618 642 1662 τὴν
672 1618 873 1662 ἐπισκοπὴν
899 1617 1262 1666 παρασκευαζόμενον

179 1662 353 1709 προςῆκόν
385 1666 462 1698 ἐστι
493 1664 575 1699 τοὺς
604 1662 737 1712 εὐαγεῖς
762 1668 822 1698 καὶ
846 1663 1085 1708 πανταχόθεν
1106 1668 1259 1711 ἐκκεκρι-

177 1714 303 1755 μένους
337 1708 601 1757 ἇναγινώσκειν
636 1708 790 1744 κανόνας
830 1710 900 1756 πρὸ
935 1712 997 1753 τῆς
1031 1715 1261 1756 χειροτονίας,

177 1752 235 1808 οὓς
260 1752 280 1798 ἦ
304 1752 402 1798 ὁοθὴ
426 1758 486 1789 καὶ
516 1753 707 1799 ἀμώμητος
738 1753 842 1810 ἡμῶν
874 1754 1021 1796 ἐδέξατο
1054 1760 1174 1792 πίστις
1203 1760 1263 1790 καὶ

760 1573 802 1607 λα
825 1578 886 1607 καὶ
909 1586 1023 1608 ουτως
1048 1572 1160 1608 αὐτὸν
1185 1572 1259 1607 δια·
1275 1577 1317 1609 30
1332 1574 1449 1617 legere
1472 1575 1613 1617 regulas
1638 1576 1722 1608 ante
1746 1573 2025 1614 ordinationem,

1334 1391 1419 1426 boni
1443 1396 1479 1426 et
1502 1392 1674 1426 honestus
1691 1396 1726 1426 et
1745 1391 1857 1434 gloria
1871 1391 1994 1426 fruens
2015 1391 2118 1434 bona,
2145 1395 2179 1426 et
2202 1391 2271 1427 hoc
2288 1391 2416 1426 funda·

1333 1439 1357 1473 8
1381 1439 1538 1472 mentum
1557 1437 1787 1482 pontificatus
1808 1436 1988 1481 deponens
2009 1437 2160 1471 animae.
2221 1437 2290 1471 Sed
2310 1436 2417 1471 etiam

1332 1483 1384 1517 sic
1415 1493 1497 1517 eum
1529 1482 1762 1517 constitutum
1794 1484 1830 1517 et
1862 1481 1909 1516 ad
1942 1482 2190 1526 episcopatum
2226 1493 2416 1527 praepara-

1331 1530 1406 1562 tum
1432 1532 1637 1573 competens
1661 1532 1716 1563 est
1745 1527 1965 1562 venerabiles
1990 1530 2026 1562 et
2058 1527 2213 1572 undique
2246 1528 2416 1572 probatas

2057 1583 2146 1617 quas
2179 1577 2278 1608 recta
2302 1577 2338 1608 et
2362 1573 2415 1607 in-

1331 1620 1463 1654 violata
1487 1622 1612 1654 nostra
1632 1620 1793 1663 suscepit
1810 1618 1908 1659 fides,
1935 1622 1970 1653 et
1992 1618 2171 1653 catholica
2190 1618 2246 1653 dei
2270 1623 2416 1662 aposto-

1329 1665 1470 1709 licaque
1506 1665 1682 1710 disposuit
1714 1669 1750 1699 et
1782 1663 1928 1699 tradidit
1961 1664 2124 1699 ecclesia.
2173 1664 2223 1698 Et
2260 1663 2343 1698 dum
2373 1674 2417 1698 ex

1330 1710 1509 1755 frequenti
1534 1721 1657 1745 earum
1682 1710 1833 1745 lectione
1857 1709 2041 1744 transierit
2066 1709 2127 1754 qui
2149 1709 2196 1744 ad
2219 1709 2415 1744 ordinatio-

1332 1767 1411 1790 nem
1429 1756 1627 1796 deducitur,
1654 1758 1739 1790 tunc
1757 1756 1798 1797 is,
1825 1755 1884 1800 qui
1905 1755 2163 1790 ordinationem
2183 1754 2416 1799 impositurus

179 1815 199 1843 η
222 1788 398 1843 καθολικὴ
430 1802 492 1835 τοῦ
526 1802 615 1835 θεοῦ
648 1805 708 1834 καὶ
739 1800 959 1844 amoveam>
991 1799 1189 1845 πουςήκατό
1221 1816 1260 1835 τε
1275 1805 1315 1837 35
1331 1806 1402 1844 est,
1440 1802 1637 1845 interroget
1669 1812 1766 1841 euru,
1803 1800 1834 1835 si
1865 1800 2050 1836 sufficiens
2084 1805 2137 1835 est
2170 1800 2350 1835 custodire
2383 1804 2418 1834 et

178 1850 237 1880 καὶ
262 1844 518 1893 παραδίδωσιν
541 1845 719 1889 ἐκκλησία.
756 1850 828 1880 Καὶ
851 1845 999 1881 ἐπειδὰν
1020 1836 1079 1881 διὰ
1098 1849 1158 1890 τῆς
1179 1860 1260 1881 συν-

178 1894 274 1934 εχοῦς
312 1891 434 1926 αὐτῶν
468 1888 707 1939 ἀναγνώσεως
747 1890 766 1926 ὁ
802 1893 890 1946 πρὸς
929 1891 997 1935 τὴν
1037 1897 1262 1939 χειροτονίαν

191 1936 196 1945 v

179 1935 349 2016 yae'eperos
369 1936 476 1985 ἔλθῃ,
501 1938 699 1980 τηνικαῦτα
723 1937 788 1972 τὸν
812 1952 879 1993 την
902 1942 1128 1985 χειροτονίαν
1153 1940 1265 1973 έπιτι-

211 1987 287 2016 έναι
320 1981 498 2027 μέλλοντα
530 1980 793 2017 πυνθάνεσθαι
828 1997 954 2025 αυτου,
988 1985 1089 2029 εἰπερ
1121 1983 1194 2018 οἶός
1226 1998 1267 2018 τε

1330 1858 1447 1891 agere,
1473 1858 1564 1891 quae
1589 1857 1713 1881 sacrae
1733 1847 1875 1890 regulae
1893 1846 2108 1880 sancierunt.
2147 1845 2197 1880 Et
2219 1845 2251 1880 si
2275 1845 2416 1889 quidem

1332 1892 1566 1928 declaraverit
1596 1895 1634 1928 et
1658 1892 1801 1934 dixerit,
1835 1896 2028 1937 praecepta
2060 1901 2244 1927 sacrarum
2275 1891 2415 1936 regula-

180 2026 371 2072 φυλάττειν
396 2030 473 2062 ἐστὶ
497 2031 558 2061 καὶ
582 2027 766 2074 πράττειν,
800 2025 895 2075 ἅπερ
927 2028 963 2062 οἱ
994 2030 1093 2063 θεῖοι
1117 2026 1265 2064 κανόνες
1278 2033 1321 2065 40

179 2074 460 2117 ἐνομοθέτησαν.
509 2077 568 2107 καὶ
599 2076 631 2107 εί
661 2075 729 2118 μὲν
761 2072 960 2119 ἁποφήσειε
993 2078 1053 2108 καὶ
1087 2074 1181 2122 λε’γοι
1217 2074 1265 2109 τὰ

180 2117 460 2165 παραγγέλματα
483 2119 562 2152 τῶν
586 2119 705 2153 θείων
728 2117 897 2154 κανόνων
921 2117 986 2162 οὐχ
1019 2119 1141 2154 ἱκανὸς
1171 2121 1264 2154 εἶναι

225 2177 244 2218 ξ
272 2179 288 2209 7
317 2172 493 2221 πρότερον
519 2197 553 2199 —ff
579 2177 709 2220 μηνῶν
730 2177 779 2217 ἕξ]
808 2186 919 2210 nolant
944 2179 1076 2211 Νοιηοε.
1103 2179 1201 2211 XIV
1223 2181 1270 2211 tic.
1300 2180 1328 2219 1,
1354 2187 1377 2212 11
1406 2186 1435 2211 et
1458 2175 1584 2211 ‘Ponat
1610 2180 1659 2217 19,
1685 2187 1709 2211 5.

224 2224 243 2261 ξ
272 2224 291 2253 8
316 2225 518 2255 summarium
546 2231 631 2254 extat
661 2224 739 2255 Call.
769 2223 995 2255 LXX‘XVII
1017 2226 1113 2265 rapit.
1142 2226 1160 2255 2
1188 2225 1276 2262 (inde
1304 2226 1334 2256 in
1357 2225 1536 2265 appendic-e
1560 2224 1692 2256 Nomoc.
1721 2224 1748 2255 L
1772 2225 1816 2256 tir.
1842 2236 1913 2265 cap.
1941 2224 2014 2254 ecel.
2046 2225 2085 2261 1).

178 2289 202 2324 4
247 2300 326 2324 nem
357 2289 482 2331 duxit,
517 2289 582 2324 sed
609 2301 724 2335 neque
755 2290 898 2325 viduam
929 2301 1045 2335 neque
1076 2301 1100 2324 α
1130 2291 1263 2325 marito
1296 2295 1504 2336 separatam
1529 2301 1645 2336 neque
1678 2289 1935 2331 concubinam,·
2004 2301 2069 2325 nec
2100 2291 2163 2336 qui
2194 2290 2328 2326 liberos
2351 2296 2416 2327 aut

178 2339 327 2381 nepotes
342 2333 483 2376 habeat,
507 2335 582 2370 sive
601 2335 747 2379 aqnitos
762 2346 786 2369 a
802 2335 880 2380 leqe
898 2335 973 2369 sive
989 2335 1075 2369 odio
1095 2333 1140 2369 ab
1160 2346 1202 2370 ea
1222 2334 1385 2370 habitos:
1408 2335 1550 2380 alioqui
1567 2335 1631 2380 qui
1650 2340 1780 2370 contra
1797 2334 1886 2369 baec
1902 2335 2048 2380 feeerit,
2065 2335 2270 2371 sacerdotio
2285 2340 2321 2371 et
2337 2337 2350 2370 i
2376 2348 2415 2371 se

178 2380 201 2414 ἶ)
249 2379 404 2420 excidet,
424 2383 460 2414 et
478 2379 541 2424 qui
561 2390 640 2414 eum
660 2379 893 2421 ordinaverit,
912 2379 1078 2414 similiter
1098 2380 1141 2413 ab
1160 2380 1374 2426 episcopatu
1390 2380 1643 2422 removebitur,
1667 2390 1747 2414 cum
1762 2380 1800 2414 in
1818 2379 1913 2415 lianc
1933 2380 2046 2425 leqem
2064 2381 2283 2426 peccaverit.
2339 2348 2414 2416 K'ec

180 2424 296 2469 maqis
318 2424 479 2470 pecunia
508 2435 622 2458 emere
645 2423 889 2459 sacerdotium
921 2424 953 2459 ei
979 2424 1243 2469 permittimus,
1276 2424 1325 2458 ad
1347 2425 1464 2459 solum
1488 2435 1573 2459 vero
1598 2424 1734 2459 domini
1757 2424 1815 2459 dei
1840 2425 1974 2459 cultum
1998 2425 2179 2471 respicere
2204 2437 2269 2460 nec
2292 2427 2414 2461 multis

180 2469 203 2504 6
249 2468 416 2503 humanis
440 2469 537 2503 curis
560 2468 715 2503 distrahi
739 2479 819 2504 eum
851 2468 1023 2504 volumus.
1118 2468 1195 2503 Nec
1219 2470 1336 2514 maqis
1358 2480 1550 2504 sacrorum
1579 2469 1789 2515 doqmatum
1818 2469 1973 2515 iqnarus
2002 2469 2052 2504 ad
2080 2470 2330 2521 episcopatum
2354 2483 2413 2506 ac-

181 2514 200 2548 7
246 2513 367 2549 cedat:
434 2513 499 2549 sed
519 2513 625 2565 prius
648 2517 713 2549 aut
736 2514 845 2549 vitam
869 2513 1118 2549 monachicam
1140 2514 1336 2560 professus
1359 2519 1425 2549 aut
1446 2515 1485 2549 in
1509 2514 1643 2549 clerum
1667 2525 1741 2561 non
1762 2514 1880 2549 minus
1897 2526 1966 2550 sex
1988 2515 2170 2550 mensabus
2193 2524 2412 2563 assumptus,

180 2570 300 2594 uoeore
325 2563 460 2600 tamen,
492 2563 586 2594 swut
610 2564 694 2594 ante
718 2559 898 2601 diximus,
930 2570 1004 2594 non
1028 2564 1134 2594 utens
1157 2570 1222 2594 nec
1252 2559 1385 2594 liberos
1408 2563 1474 2595 aut
1504 2571 1548 2595 ne
1577 2563 1654 2595 otes
1677 2559 1821 2595 liabens
1870 2559 1972 2595 Haec
1996 2560 2089 2596 enim
2113 2561 2259 2596 omnino
2283 2562 2321 2595 in
2345 2562 2412 2597 deo

180 2604 377 2639 carissimis
400 2604 583 2655 episcopis
606 2604 841 2650 requirimus,
874 2604 1174 2650 quemadmodum
1198 2605 1305 2640 etiam
1329 2609 1438 2640 antea
1461 2604 1534 2640 dua
1560 2616 1604 2639 us
1626 2605 1763 2640 nostris
1786 2605 1902 2640 sacris
1926 2605 2244 2640 constitutionibus
2267 2606 2307 2641 id
2328 2618 2411 2642 san-

180 2649 289 2684 citum
313 2653 386 2684 est:
420 2661 459 2683 tn
483 2649 612 2695 quibus
635 2661 708 2691 eos,
733 2650 796 2695 qui
819 2650 892 2685 iam
915 2649 1097 2685 uxoribus
1119 2649 1324 2692 utebantur,
1349 2662 1423 2685 non
1447 2651 1580 2685 morati
1602 2661 1725 2685 sumus
1742 2650 1983 2702 praeteritum
2009 2662 2113 2686 omne
2138 2651 2349 2694 omittentes,
2374 2653 2412 2686 in

176 2698 363 2740 posterum
388 2705 471 2730 vero
501 2695 585 2729 inde
609 2707 631 2730 a
656 2695 735 2742 leqe
767 2695 861 2736 lata,
895 2696 959 2742 qui
988 2706 1143 2730 uaeorem
1167 2695 1289 2736 habet,
1322 2707 1401 2730 eum
1426 2696 1599 2731 ordinare
1622 2695 1754 2731 nemini
1778 2696 2038 2742 permittentes.
2087 2695 2202 2738 Quam
2221 2695 2254 2731 le
2281 2707 2334 2732 em
2348 2696 2411 2731 eti-

180 2752 239 2777 am
270 2750 368 2775 nunc
390 2751 616 2782 renovamus,
641 2751 685 2775 ne
706 2741 810 2786 forte
825 2741 858 2776 si
877 2745 1008 2775 contra
1028 2740 1118 2776 haec
1139 2742 1266 2786 faetus
1283 2741 1342 2782 sit,
1367 2744 1403 2775 et
1424 2740 1504 2786 ipse
1526 2741 1732 2777 sacerdotio
1757 2741 1907 2776 eaecidat
1924 2746 1960 2776 et
1982 2741 2045 2787 qui
2068 2741 2169 2776 illum
2190 2708 2414 2778 ordinaverit

179 2790 221 2819 ut
242 2785 333 2836 pari
356 2785 463 2820 modo
496 2785 579 2820 inde
602 2790 832 2821 removeatur
862 2786 1012 2831 efficiat.
1063 2784 1195 2831 Itaque
1218 2786 1281 2831 qui
1305 2785 1498 2832 episcopus
1521 2786 1701 2822 creandus
1724 2790 1796 2828 est,
1827 2787 1883 2822 vel
1905 2798 1954 2822 ex
1977 2786 2164 2822 monachis
2193 2787 2248 2823 vel
2270 2799 2321 2823 ex
2343 2789 2412 2824 cle-

181 2830 268 2865 ricis
295 2830 362 2872 sit,
393 2831 426 2865 si
449 2830 555 2866 modo
579 2831 618 2865 in
652 2830 716 2866 tali
740 2842 884 2877 quoque
908 2832 983 2867 vita
1014 2830 1202 2866 honestum
1234 2842 1273 2865 se
1294 2831 1412 2875 fuisse
1435 2836 1472 2866 et
1501 2831 1772 2867 existimatione
1798 2831 1893 2867 bona
1921 2832 2004 2877 frui
2034 2832 2236 2867 testimonio
2260 2833 2410 2884 probet,

180 2877 202 2912 8
233 2880 343 2921 atque
362 2875 431 2911 lzoc
450 2887 489 2911 se
508 2877 636 2910 summi
659 2876 855 2911 sacerdotii
876 2876 1155 2922 fundamentum
1179 2876 1217 2910 in
1241 2876 1361 2910 animo
1387 2876 1598 2911 condidisse.

1678 2876 1809 2912 Verum
1834 2877 1917 2912 licet
1939 2877 1992 2912 ita
2016 2877 2215 2923 dispositus
2234 2882 2283 2913 stt
2305 2882 2341 2914 et
2363 2879 2413 2914 ad

179 2921 429 2967 episcopatum
448 2927 710 2967 praeparatus,
735 2921 838 2957 decet
856 2933 935 2957 eum
954 2926 1038 2957 ante
1062 2921 1327 2957 ordinationem
1344 2932 1471 2956 sacros
1486 2925 1522 2956 et
1544 2921 1641 2957 omni
1658 2933 1707 2957 ex
1724 2926 1838 2968 parte
1857 2922 2084 3002 qpprobatos
2106 2933 2264 2958 canones
2281 2923 2410 2970 leqere,

1878 2979 1888 3002 ι

179 2977 270 3012 quos
298 2970 396 3001 recta
427 2972 464 3002 et
494 2967 663 3012 vituperii
693 2978 828 3013 expers
855 2967 949 3012 fides
972 2971 1100 3002 nostra
1130 2967 1291 3013 suscepit
1313 2970 1349 3001 et
1371 2966 1553 3002 catholica
1583 2966 1642 3003 dei
1671 2971 1708 3003 et
1730 2971 1861 3014 aposto

352 3011 509 3057 Cumque
530 3012 572 3053 is,
598 3011 661 3058 qui
681 3012 731 3046 ad
752 3012 1017 3047 ordinationem
1042 3012 1190 3054 accedit,
1216 3011 1363 3046 assidua
1386 3011 1539 3047 lectione
1561 3012 1599 3047 in
1621 3012 1673 3047 eis
1697 3017 1860 3048 versatus
1880 3013 2008 3059 fuerit,
2035 3017 2107 3047 tum
2126 3014 2189 3058 qui
2210 3014 2410 3049 ordinatin-

180 3011 301 3046 tradit.

1891 2979 1934 3003 ca
1960 2968 2110 3003 ecclesia
2134 2967 2279 3004 admisit
2302 2973 2411 3020 atque

179 3067 257 3091 nem
280 3057 515 3103 impositurus
533 3062 587 3092 est
611 3068 690 3092 eum
709 3058 920 3100 interroqet,
944 3069 1028 3092 num
1049 3069 1104 3099 ea,
1129 3069 1222 3102 quae
1237 3057 1348 3092 divini
1373 3067 1531 3092 canones
1546 3062 1762 3100 sanxerunt,
1788 3058 1978 3093 observare
1994 3063 2029 3093 et
2040 3058 2174 3136 facere
2194 3059 2321 3104 possit.
2362 3059 2411 3093 Et

2054 3116 2074 3135 0

178 3101 211 3135 si
226 3101 368 3146 quidem
388 3106 504 3148 neqet,
529 3113 637 3147 seque
655 3103 867 3148 praeceptis
882 3102 1085 3138 divinorum
1104 3113 1282 3137 ecmonum
1301 3101 1490 3136 servandis
1510 3114 1638 3147 parem
1657 3115 1729 3136 non
1746 3114 1822 3137 esse
1841 3103 1950 3143 dicat,
1974 3103 2039 3137 nul

227 3173 237 3202 1
269 3166 375 3202 *ἀλλ’
402 3167 485 3203 οὐδὲ
510 3171 555 3203 ΔΙ
579 3167 659 3203 ἀλλ’
687 3168 727 3203 οὐ
751 3169 799 3214 μὴ
823 3172 854 3203 A
879 3176 911 3203 et
932 3182 998 3202 non
1023 3183 1042 3206 ς
1072 3172 1083 3213 ΙΙ
1111 3169 1192 3203 οὗτε
1216 3172 1259 3210 Α]

179 3211 262 3247 οὐδὲ
287 3214 356 3258 Mn
372 3217 392 3249 6
416 3213 548 3258 ὁμοίως
572 3229 630 3248 om.
657 3228 675 3252 ς
697 3217 708 3259 ΙΙ
734 3216 840 3248 τοῦτο
864 3217 904 3248 M
919 3217 930 3258 ss
952 3219 967 3248 7
995 3212 1172 3260 χρήμασιν
1195 3218 1226 3249 Α
1249 3214 1260 3260 ΙΙ

179 3262 198 3293 8
224 3257 337 3302 αὐτῷ]
363 3261 479 3293 τινὶΑ
495 3260 506 3304 ΙΙ
530 3262 565 3294 11
589 3257 757 3303 ἀμελετὴς
770 3262 800 3293 Α
819 3261 831 3303 ΙΙ
852 3264 889 3294 14
912 3259 1082 3304 καθάπερ
1100 3258 1261 3294 εἰπόντες

179 3305 347 3348 ε”φθημεν
363 3319 422 3338 om.
444 3318 462 3341 ς
478 3305 489 3349 ΙΙ
512 3307 552 3339 16
577 3303 782 3350 ἑκγόνουςΑ
807 3306 818 3347 ΙΙ
844 3306 959 3339 ταῦτα
979 3308 1035 3347 M]
1062 3306 1168 3339 τοῦτο
1182 3307 1234 3342 Ag
1250 3306 1261 3351 ΙΙ

182 3348 369 3394 θεοφιλῶν
389 3351 420 3383 A
437 3350 448 3394 ss
473 3353 508 3384 17
532 3349 634 3383 καθὰ
648 3353 679 3384 A
698 3351 710 3395 ΙΙ
731 3354 768 3384 18
794 3349 875 3383 δυσὶ
894 3352 923 3383 A
943 3350 958 3408 'i
972 3354 1012 3395 cf.
1037 3353 1114 3385 God.
1131 3354 1159 3391 1,
1182 3360 1208 3387 3.
1226 3359 1258 3384 47

179 3400 242 3438 (is)
262 3404 292 3429 ee
312 3404 341 3429 41
362 3398 436 3437 (42),
457 3401 472 3426 2
488 3410 534 3438 sq.
555 3396 567 3436 ΙΙ
583 3396 690 3429 τοῦτο
715 3410 773 3429 om.
789 3398 819 3429 A
836 3395 846 3439 ΙΙ
866 3396 944 3429 καθ
985 3393 1023 3430 ἃς
1051 3394 1139 3436 τοὺς]
1165 3393 1256 3429 καθ’

180 3438 307 3475 αὖτοὺς
330 3442 374 3474 Μ
399 3441 412 3485 ΙΙ
440 3444 478 3474 21
512 3437 617 3474 τοῦδε
640 3442 704 3474 τοῦ
733 3441 843 3484 νόμου
867 3441 898 3474 A
925 3441 937 3485 ΙΙ
967 3444 1008 3475 22
1042 3441 1260 3483 ἐπιτεθῆναι

180 3488 261 3528 Am)
289 3486 301 3530 ΙΙ
331 3488 376 3520 24
408 3488 556 3532 γένηται
580 3487 638 3526 Μ]
671 3500 708 3520 τι
731 3489 878 3532 γένηται
901 3487 953 3523 A:
980 3486 993 3531 ΙΙ
1024 3484 1130 3520 αὐτός
1154 3489 1205 3526 τε]
1240 3484 1258 3519 ὁ

179 3529 485 3577 χειροτονούμενος
508 3533 586 3565 add.
610 3531 668 3576 Au
688 3533 729 3565 25
757 3530 884 3573 ταύτης
909 3545 966 3566 om⁴
988 3544 1008 3568 ς’
1033 3531 1045 3577 ΙΙ
1061 3543 1258 3578 παρασκευ-

178 3574 258 3609 άσοι
276 3577 308 3609 Α
324 3577 335 3620 ΙΙ
355 3579 396 3610 27
422 3573 495 3610 ἀπὸ
511 3578 568 3618 M]
596 3577 633 3609 ἐκ
656 3577 687 3609 Α
706 3576 718 3620 ΙΙ
735 3578 776 3610 29
801 3578 860 3609 καὶ
886 3590 943 3610 om.
961 3578 992 3610 A
1009 3577 1020 3621 ΙΙ
1041 3579 1082 3611 32
1108 3579 1257 3623 έγκεκρι-

177 3623 303 3665 μένους
316 3622 348 3655 Α
363 3621 378 3666 ΙΙ
395 3625 436 3657 33
462 3620 534 3667 πρὸ
550 3622 611 3664 τῆς
628 3625 846 3667 χειροτονίας
861 3630 935 3655 ante
948 3620 1028 3655 τοὺς
1041 3621 1176 3666 εὐαγεῖς
1190 3624 1259 3662 (32)

180 3668 251 3700 coll.
267 3668 298 3700 A
314 3666 326 3709 ΙΙ
344 3669 387 3701 34
411 3662 546 3713 οὕσπερ
570 3669 628 3700 καὶ
652 3665 844 3710 ἀμώμητος
866 3668 899 3700 Α
914 3666 926 3710 ss
945 3669 987 3701 36
1012 3666 1173 3708 ἐπειδὰν]
1199 3663 1260 3700 ὅτε

182 3708 218 3743 δ’
245 3708 290 3744 ἄν
315 3713 345 3744 Α
364 3712 375 3753 ΙΙ
392 3715 431 3746 37
459 3710 479 3745 ὁ
504 3726 562 3745 οηι.
583 3714 613 3745 A
630 3711 641 3756 ΙΙ
662 3715 703 3745 38
729 3709 942 3759 ἑναγόμενος
961 3713 992 3746 A
1010 3712 1024 3758 ss
1039 3711 1145 3746 ἔλθοι
1164 3713 1235 3746 MA
1248 3710 1260 3756 ΙΙ

183 3759 221 3789 41
248 3753 444 3800 ἀποφήσοιε
469 3760 527 3790 καὶ
552 3755 643 3802 λέγει
669 3760 699 3791 A

2097 3103 2202 3137 modo
2225 3104 2408 3139 ordinatio

1380 3173 1393 3204 1
1420 3173 1543 3212 autem]
1568 3175 1626 3203 aut
1640 3172 1690 3204 V¹
1708 3171 1720 3215 ΙΙ
1740 3174 1758 3205 3
1784 3175 1842 3203 aut
1866 3175 1999 3214 nepotes
2014 3191 2051 3195 —-
2068 3171 2120 3204 illi
2146 3186 2202 3204 om.
2221 3174 2250 3204 R
2266 3173 2277 3215 ΙΙ
2296 3175 2317 3206 4
2342 3173 2406 3213 1111]

1330 3216 1416 3248 filios
1442 3217 1475 3248 T
1493 3218 1505 3258 Ι]
1524 3217 1606 3257 agit]
1629 3217 1724 3257 augit
1749 3217 1787 3250 V
1794 3217 1804 3237 ¹
1820 3216 1832 3261 ΙΙ
1852 3221 1871 3251 6
1897 3218 2103 3259 episcopatus
2129 3217 2165 3249 V
2174 3218 2183 3236 ¹
2199 3216 2211 3260 ΙΙ
2230 3218 2409 3250 sectabitur

1330 3268 1510 3303 corruptum
1522 3259 1755 3303 (ἐλαθήσεται
1766 3263 1853 3301 Gr.);
1870 3275 1911 3295 an
1923 3263 1982 3304 leq.
1990 3261 2241 3303 segregabitur?
2253 3262 2265 3306 Η
2279 3265 2296 3295 ’7
2312 3274 2408 3305 opor-

1330 3309 1398 3338 tere
1411 3307 1529 3339 seclusi
1543 3306 1555 3350 ΙΙ
1578 3309 1617 3340 14
1638 3310 1773 3349 nepotes
1786 3307 1922 3348 habens]
1947 3310 2046 3348 nepot
2061 3320 2167 3336 uu*
2186 3307 2222 3339 V
2227 3307 2238 3327 ¹
2254 3308 2265 3349 ΙΙ
2288 3310 2326 3342 15
2339 3320 2407 3340 oni-

1330 3351 1410 3383 nino
1432 3352 1476 3391 R]
1503 3352 1691 3384 omnimodo
1714 3353 1811 3396 vulq,
1837 3366 1894 3385 om.
1922 3353 1958 3386 V
1974 3351 1985 3396 ΙΙ
2010 3355 2045 3385 17
2071 3363 2130 3393 per
2155 3365 2212 3384 om.
2240 3353 2375 3387 R¹V¹T
2398 3356 2410 3398 ΙΙ

1330 3397 1465 3436 dudum]
1491 3396 1569 3428 dum
1583 3397 1620 3430 V
1626 3397 1637 3417 ¹
1657 3397 1726 3438 1120
1751 3408 1770 3430 a
1790 3398 1967 3439 positione]
1992 3397 2198 3439 appositione
2212 3398 2250 3430 V
2262 3397 2274 3442 Ι]
2291 3401 2330 3432 21
2356 3411 2407 3431 re-

1330 3452 1486 3473 uocamus
1511 3442 1558 3473 R¹
1587 3441 1598 3485 ΙΙ
1627 3444 1669 3476 25
1703 3453 1742 3475 ex
1766 3443 1906 3482 clericis]
1938 3442 2067 3474 ecclisis
2091 3442 2124 3474 R
2152 3443 2163 3485 ΙΙ
2194 3443 2293 3475 etiam
2318 3447 2350 3476 et
2371 3446 2406 3476 in

1330 3487 1396 3519 VT
1407 3488 1419 3528 ss
1438 3488 1480 3519 2ss
1502 3487 1627 3528 fruens]
1640 3488 1768 3520 faueres
1780 3489 1828 3521 13¹
1853 3488 1969 3520 fauens
1984 3488 2030 3520 [32
2046 3486 2058 3531 ΙΙ
2077 3488 2121 3527 et]
2138 3487 2175 3519 in
2187 3488 2237 3521 ΕΙ
2256 3488 2268 3531 ΙΙ
2284 3491 2325 3522 27
2351 3491 2407 3522 sed

1329 3532 1441 3571 etiam]
1465 3532 1508 3564 fri
1532 3533 1604 3573 (sie)
1628 3534 1674 3566 R*
1696 3533 1766 3576 1128
1787 3544 1863 3565 eum
1887 3533 1935 3564 sic
1959 3533 2001 3574 (si
2026 3533 2050 3573 ¹)
2076 3532 2108 3566 V
2122 3533 2134 3576 ΙΙ
2153 3534 2196 3566 29
2220 3537 2407 3576 competens

1329 3579 1388 3617 est]
1413 3580 1626 3619 competenn
1643 3578 1678 3611 V
1679 3578 1690 3598 ¹
1709 3578 1720 3620 ΙΙ
1737 3580 1778 3612 30
1803 3578 1924 3619 legere]
1949 3577 2055 3619 legem
2067 3578 2117 3611 13¹
2132 3577 2145 3623 ΙΙ
2164 3580 2206 3612 32
2231 3579 2405 3622 disposuit]

1328 3622 1361 3655 di
1385 3623 1421 3664 (i.
1447 3635 1472 3654 e.
1498 3622 1564 3663 dei)
1589 3623 1751 3665 disposuit
1774 3624 1823 3656 Βι
1850 3622 1861 3665 ΙΙ
1892 3624 1943 3663 ex]
1972 3636 1988 3652 α
2012 3623 2045 3656 V
2048 3623 2059 3643 ²
2088 3623 2100 3667 ΙΙ
2124 3626 2166 3657 33
2191 3624 2402 3658 ordination*

1331 3667 1360 3697 V
1366 3667 1376 3686 ¹
1405 3666 1418 3710 ss
1446 3669 1488 3701 34
1524 3668 1735 3701 ordination*
1769 3668 1987 3707 (ordinationi
2012 3668 2043 3701 V
2046 3668 2073 3709 ³)
2110 3669 2284 3711 impositus
2307 3670 2346 3704 V
2351 3671 2363 3691 ²
2393 3670 2403 3712 li

1329 3714 1369 3745 35
1394 3712 1423 3744 si
1447 3725 1505 3745 om.
1531 3713 1568 3745 V
1573 3714 1584 3733 ²
1599 3713 1613 3758 ss
1631 3716 1678 3746 est
1702 3716 1734 3747 et
1758 3713 1923 3746 custodire
1950 3717 1983 3747 et
2007 3713 2066 3758 Vn
2085 3716 2128 3749 36
2151 3718 2332 3748 san-erunt
2359 3717 2375 3748 Ι
2396 3718 2402 3736 ¹

1328 3760 1508 3790 sanxerunt
1532 3758 1570 3792 V
1574 3758 1588 3778 ²
