2618 4010
146 148 203 177 DE
233 146 480 178 LENONIBUS
1217 128 1292 174 107
2135 133 2174 174 N
2177 146 2242 175 ov.
2273 134 2374 175 XIV

146 245 303 287 δυνατοί,
328 243 566 292 σωφροσύνην
591 243 701 292 ἄγειν,
731 241 804 287 ἥτις
830 247 888 278 καὶ
912 243 1006 288 μόνη
1031 244 1110 287 θεῷ
1135 242 1226 288 μετὰ
1296 243 1435 287 possint
1467 243 1666 279 castitatem
1698 253 1821 286 agere,
1858 254 1948 287 quae
1973 244 2078 279 etiam
2103 243 2181 279 sola
2205 243 2270 279 deo
2297 254 2377 278 cum

146 296 343 338 παρρησίας
367 289 503 332 δυνατὴ
534 291 760 332 καθέστηκεν
790 288 1010 334 ἀνθρώπων
1040 290 1225 342 παραστῆ-
1296 289 1428 324 fiducia
1460 288 1641 335 possibilis
1672 292 1726 323 ost
1755 289 1935 335 hominum
1967 290 2103 324 animas
2133 292 2375 334 praesentare.

145 349 205 370 σαι
228 336 348 382 ψυχάς.
383 333 528 378 Ἐπειδὴ
553 333 592 369 δὲ
618 333 732 369 πολλὰ
751 334 796 369 τὰ
818 333 1053 382 ἀνθρώπινα,
1076 349 1119 369 το
1140 335 1227 381 γοῦν
1298 334 1389 377 Quia
1420 344 1503 370 vero
1535 334 1688 379 plurima
1723 336 1807 368 sunt
1831 335 2003 378 humana,
2030 346 2110 370 cum
2135 338 2212 370 arte
2236 337 2272 369 et
2295 334 2375 370 dolo

146 381 212 416 aim
235 384 340 428 τέχνῃ
372 384 431 414 καὶ
463 378 558 424 δόλῳ
590 383 650 413 καὶ
680 378 814 428 ἀνάγκῃ
846 380 946 415 τινας
977 381 1024 415 εἰς
1053 377 1227 422 τοιαύτην
1298 385 1333 413 et
1364 380 1577 415 necessitate
1609 378 1786 423 quaslibet
1818 379 1863 413 ad
1895 380 2018 414 talium
2048 380 2225 415 luxuriam
2250 379 2378 414 deduci

145 425 332 473 ἀσέλγειαν
364 425 521 472 ἄγεσθαι
545 426 635 460 πᾶσι
668 424 852 470 κωλύομεν
875 424 1040 472 τρόποις·
1074 428 1133 459 καὶ
1163 438 1226 469 μη·
1263 425 1459 460 ῦοωιιὶὶηιε
1494 424 1723 470 prohibemus
1756 424 1886 465 modis,
1921 427 1956 459 et
1987 425 2074 460 nulli
2106 425 2272 460 fiduciam
2301 435 2378 460 esse

147 471 221 505 δενὶ
246 475 451 518 παρρησίαν
475 471 567 505 εἶναι
592 475 851 514 πορνοβοσκεῖν
871 474 931 504 καὶ
951 469 1012 505 ἐπ’
1040 468 1228 514 οἰκήματος
1297 480 1445 514 pascere
1470 470 1690 506 meretricem
1722 472 1757 504 et
1780 469 1818 503 in
1842 470 1944 504 domo
1970 470 2102 505 habero
2128 471 2291 505 mulieres
2315 474 2378 505 aut

146 520 238 559 ἔχειν
258 520 436 563 γυναῖκας,
461 515 482 559 ἢ
505 519 565 550 καὶ
590 514 743 560 δημοσία
768 517 946 563 προϊστᾶν
965 515 1025 550 ἐπ’
1051 514 1228 562 ἀσελγείᾳ,
1298 516 1441 560 publice
1465 515 1681 561 prostituere
1706 514 1752 550 ad
1777 514 1962 556 luxuriam,
1988 520 2024 549 et
2048 527 2111 559 pro
2133 516 2203 550 allo
2225 516 2377 560 quodam

148 560 167 606 ἢ
199 558 284 595 ἀντ’
318 560 422 604 ἄλλης
450 560 547 595 τινὸς
577 566 823 607 πραγματείας
856 561 902 595 τὰ
935 562 1085 595 τοιαῦτα
1123 562 1229 605 ἑμπο-
1299 560 1439 604 negotio
1475 561 1560 596 talia
1599 560 1768 600 mercari,
1802 570 1916 604 neque
1952 560 2233 604 conscriptiones
2270 571 2377 605 super

147 604 330 653 ρεὺεσθαι,
353 604 444 650 μηδὲ
468 619 601 653 συγγρα
633 606 670 640 ας
695 609 755 640 ἐπὶ
780 606 898 649 τούτῳ
919 605 1118 650 λαμβάνειν
1141 604 1231 649 μηδὲ
1299 606 1367 640 hoc
1391 606 1575 651 percipere
1600 617 1643 640 ne
1671 616 1715 641 ue
1745 605 1972 640 fideiussores
1995 605 2133 648 exigere
2158 616 2222 640 nec
2246 606 2378 649 aliquid

147 650 314 699 ἐγγυητὰς
350 649 518 686 ἀπαιτεῖν
549 620 639 696 μηδὲ
669 650 835 686 τοιοῦτόν
864 665 901 685 τι
931 649 1105 697 πράττειν
1140 648 1230 697 ὅπερ
1250 654 1284 684 10
1300 652 1371 685 tale
1407 662 1530 695 agere,
1574 617 1668 694 quoll
1705 653 1809 695 cogat
1852 650 1999 685 miseras
2042 653 2077 685 et
2112 651 2241 684 invitas
2277 662 2378 685 suam

146 696 336 744 ἀναγκάζει
364 696 427 731 τὰς
454 695 704 742 ταλαιπώρους
733 700 792 730 καὶ
824 693 975 730 ἀκούσας
997 695 1065 738 τὴν
1089 696 1231 729 ἑαυτῶν
1301 696 1503 732 castitatem
1529 696 1757 739 confundere,
1782 705 1897 740 neque
1922 706 2067 740 sperare
2091 696 2174 740 quia
2195 696 2316 731 licebit
2335 696 2378 730 de

147 741 385 787 σωφροσύνην
416 741 686 784 καταισχύνειν,
718 740 808 786 μηδὲ
839 740 997 781 ἐλπίζειν
1031 740 1077 774 ὠς
1113 741 1230 780 ἔξεστι
1302 745 1420 776 cetero
1447 742 1496 777 eis
1521 743 1670 776 vestium
1695 741 1888 776 donatione
1912 745 1975 775 aut
2000 745 2285 775 ornamentorum
2306 741 2377 774 for-

124 785 187 821 ’τὸ
219 786 347 822 λοιπὸν
383 786 501 821 αὐτοῖς
532 785 754 831 ἐσθημάτων
786 785 883 820 δόσει
919 786 940 829 ἢ
974 789 1034 819 καὶ
1067 790 1229 828 κοσμίων
1299 797 1363 821 san
1398 791 1463 821 aut
1494 787 1650 822 alimenti
1685 787 1866 831 decipere,
1903 790 1944 820 ut
1974 787 2079 821 etiam
2111 786 2240 820 invitae
2270 786 2377 820 susti-

146 831 252 875 τυχὸν
277 830 465 878 ἢτροφαῖς
497 831 675 875 ὃελεάζειν
703 830 810 866 αὐτας
842 832 888 865 εἷς
919 830 961 865 τὸ
994 833 1054 864 καὶ
1078 828 1230 864 ἀκούσας
1298 836 1416 867 neant.
1465 832 1547 867 Non
1580 833 1671 866 enim
1697 831 1933 877 permittimus
1965 831 2152 876 quicquam
2184 831 2261 865 fieri
2296 831 2377 872 tale,

148 882 429 924 προς-καρτερεῖν.
478 876 526 912 Οὐ
550 877 619 925 γὰρ
643 877 893 924 συγχωροῦμεν
924 872 1005 910 οὐδ’
1033 872 1154 910 ὁτιοῦν
1177 879 1228 922 γί-
1247 879 1284 910 15
1299 877 1362 911 sed
1386 877 1493 912 etiam
1518 889 1614 912 nunc
1638 877 1755 913 omnia
1779 877 1866 912 talia
1886 877 2038 912 breviter
2058 876 2272 921 competenti
2294 886 2379 910 cura

148 924 282 956 νεσθαι
320 924 503 957 τοιοῦτον·
548 921 636 957 ἀλλὰ
668 925 727 956 καὶ
763 923 831 955 νῦν
866 918 1013 955 ἅπαντα
1042 922 1159 955 ταῦτα
1190 921 1230 954 ἐν
1300 922 1550 965 disposuimus,
1577 926 1772 958 statuentes
1792 923 1897 957 etiam
1919 922 2018 957 reddi
2043 922 2093 957 eis
2114 931 2253 956 omnem
2273 931 2378 965 quam

147 971 273 1014 βραχεῖ
295 970 356 1011 τῆς
383 966 617 1015 προςηκούσης
641 965 845 1011 ἠξιώσαμεν
873 967 1087 1012 θεραπείας,
1113 979 1227 1011 παρα·
1300 967 1447 1010 contigit
1482 968 1681 1003 cautionem
1715 968 1904 1003 occasione
1930 968 2075 1003 sceleris
2096 967 2203 1002 huius
2227 967 2376 1011 exponi;

148 1013 383 1047 σκευάσαντες
407 1017 465 1046 καὶ
489 1012 718 1055 ἀναδοθῆναι.
744 1011 866 1045 αὐταῖς
890 1014 1012 1046 πᾶσαν
1035 1009 1080 1054 ἣν
1104 1013 1230 1053 ἔτυχον
1300 1015 1335 1046 et
1359 1023 1473 1056 neque
1504 1014 1727 1056 permisimus
1753 1014 1924 1049 scelestos
1954 1014 2116 1055 lenones,
2152 1012 2182 1047 si
2206 1012 2292 1055 quid.
2313 1012 2376 1046 *de-

146 1056 345 1104 άσφάλειαν
378 1056 555 1105 προφάσει
586 1059 649 1092 τοῦ
673 1054 836 1091 τοιούτου
868 1058 999 1101 μύσους
1023 1057 1229 1100 ἐκθέμεναι,
1300 1057 1427 1092 derunt
1451 1058 1519 1099 eis,
1554 1059 1622 1093 hoc
1650 1060 1694 1093 ab
1721 1059 1771 1094 eis
1796 1059 1956 1093 auferre:
1997 1059 2057 1094 sed
2077 1058 2183 1093 etiam
2207 1058 2377 1101 ipsosle-

149 1108 207 1137 καὶ
232 1102 315 1137 οὐδὲ
338 1102 636 1150 συνεχωρήσαμεν
659 1101 740 1136 τοὺς
762 1100 923 1136 ἀνοσίους
954 1100 1229 1149 πορνοβοσκούς,
1244 1104 1285 1135 20
1299 1113 1410 1137 nones
1443 1103 1610 1137 iussimus
1644 1106 1746 1138 extra
1781 1104 1876 1138 hanc
1911 1104 1988 1139 fieri
2022 1103 2261 1138 felicissimam
2295 1102 2377 1137 civi-

149 1150 243 1183 εἴτι
274 1147 475 1182 δεδώκασιν
513 1147 652 1189 αὐταῖς,
689 1149 794 1181 τοῦτο
826 1145 918 1193 παρ’
952 1145 1074 1181 αὐτῶν
1106 1146 1228 1192 ἀφελέ-
1298 1150 1408 1182 tatem
1444 1151 1624 1191 tamquam
1656 1149 1845 1192 pestiferos
1876 1152 1911 1184 et
1944 1159 2147 1184 communes
2179 1152 2377 1183 vastatores

149 1195 250 1228 σθαι.
296 1192 398 1227 Ἀλλὰ
422 1197 481 1226 καὶ
506 1190 631 1227 αὐτοὺς
657 1192 736 1226 τοὺς
761 1191 1026 1238 πορνοβοσκοὺς
1050 1192 1121 1232 ἔξω
1146 1191 1228 1226 ταύ-
1301 1193 1477 1228 castitatis
1510 1193 1639 1234 factos,
1677 1198 1711 1228 et
1743 1194 1874 1229 liberas
1908 1195 2124 1238 ancillasque
2155 1194 2375 1237 requirentes

148 1251 208 1281 της
241 1239 415 1286 γενέσθαι
449 1239 510 1280 τῆς
544 1236 752 1282 εὐδαίμονος
787 1235 1130 1285 παρεκελευσάμεθα
1162 1234 1228 1271 πό-
1300 1241 1335 1273 et
1366 1238 1583 1273 deducentes
1616 1239 1662 1274 ad
1693 1239 1898 1274 huiusmodi
1930 1240 2177 1274 necessitatem
2210 1242 2245 1273 et
2282 1239 2378 1272 deci-

149 1284 244 1325 λεως,
268 1281 314 1317 ώς
337 1281 523 1330 ὀλεθρίους
546 1287 606 1316 καὶ
634 1282 772 1317 κοινοὺς
797 1282 979 1328 λυμεῶνας
1003 1284 1063 1325 τῆς
1089 1294 1228 1329 σωφρο-
1298 1284 1440 1328 pientes
1473 1288 1509 1318 ct
1540 1284 1714 1319 habentes
1746 1284 1917 1319 educatas
1950 1285 1997 1319 ad
2029 1285 2228 1319 universam
2252 1282 2376 1318 confu-

147 1327 252 1371 σύνης
275 1331 498 1375 γινομένους,
532 1331 590 1362 καὶ
624 1328 813 1375 ἐλευθέρας
844 1342 885 1363 τε
916 1331 975 1362 καὶ
1000 1328 1230 1372 θεραπαίνας
1244 1331 1283 1362 25
1299 1330 1444 1364 sionem.
1482 1330 1746 1364 I’raeconamus
1771 1330 1891 1374 itaque
1915 1330 2009 1373 quia,
2036 1330 2066 1375 si
2089 1330 2168 1374 quis
2194 1330 2237 1363 de
2257 1331 2376 1363 cetero

141 1375 484 1422 περιεργαζομένους
499 1376 558 1407 καὶ
573 1373 794 1421 κατάγοντας
810 1374 857 1408 εἰς
881 1372 946 1417 τὴν
971 1372 1143 1416 τοιαύτην
1166 1370 1228 1407 ἇν-
1298 1375 1581 1419 praesumpserit
1605 1375 1750 1409 invitam
1772 1375 1928 1419 puellam
1955 1385 2094 1410 sumere
2118 1379 2153 1409 ct
2177 1375 2308 1408 habore
2332 1373 2377 1407 ad

146 1417 258 1465 άγκην
288 1423 347 1452 καὶ
379 1417 610 1461 δελεάζοντας
641 1422 700 1452 καὶ
734 1421 880 1461 ἔχοντας
910 1422 1230 1466 παρατρεφομένας
1299 1421 1547 1455 necessitatem
1580 1421 1748 1454 nutritam
1779 1422 1815 1455 et
1846 1420 2093 1455 fornicationis
2125 1420 2193 1454 sibi
2218 1420 2376 1453 deferen-

146 1467 193 1498 είς
229 1465 350 1498 πᾶσαν
388 1464 571 1507 αἰσχύνην.
618 1462 914 1511 Προαγορεύομεν
944 1463 982 1498 δὲ
1014 1462 1077 1506 ὠς,
1114 1464 1151 1498 εἴ
1177 1475 1230 1498 τις
1299 1468 1370 1500 tem
1405 1469 1606 1510 quaestum,
1640 1466 1735 1500 huuc
1771 1476 1918 1500 necesse
1953 1468 2007 1500 est
2043 1466 2088 1500 ab
2122 1464 2378 1508 spectabilibus

146 1511 209 1543 τοῦ
235 1508 360 1543 λοιποῦ
378 1508 585 1565 τολμήσειεν
604 1509 760 1544 ἄκουσαν
780 1508 890 1556 κόρην
911 1508 1036 1554 λαβεῖν
1053 1512 1112 1543 καὶ
1136 1511 1230 1552 ἔχειν
1299 1512 1525 1555 praetoribus
1557 1511 1680 1556 populi
1714 1511 1820 1546 huius
1854 1511 2079 1546 felicissimae
2104 1510 2257 1545 civitatis
2285 1519 2377 1543 com-

146 1554 233 1600 πρὸς
257 1552 408 1601 ἀνάγκης
431 1559 726 1601 αποτρεφομένην
747 1569 786 1589 τε
811 1558 870 1588 καὶ
886 1556 924 1589 ἐκ
944 1559 1112 1601 πορνείας
1129 1555 1228 1598 αὐτῷ
1244 1558 1284 1590 30
1299 1557 1512 1600 prehensum
1548 1557 1703 1591 omnium
1746 1556 1936 1591 novissima
1977 1557 2152 1591 sustinere
2189 1554 2376 1599 Supplicia.

146 1599 390 1646 προςάγουσαν
414 1597 559 1645 πόρους,
593 1602 722 1635 τοῦτον
746 1598 882 1648 ἀνάγκῃ
907 1600 1006 1647 παρὰ
1029 1602 1107 1635 τῶν
1131 1614 1227 1646 περι·
1298 1602 1336 1636 Si
1368 1602 1461 1636 enim
1495 1602 1727 1646 pecuniarum
1759 1612 1820 1637 eos
1852 1603 2029 1637 furtorum
2053 1606 2088 1637 et
2111 1601 2378 1636 latrociniorum

146 1647 317 1689 βλεπτων
344 1643 566 1692 πραιτώριον
589 1647 653 1680 τοῦ
686 1643 797 1690 δήμου
819 1647 881 1688 τῆς
905 1644 1114 1690 εὐδαίμονος
1145 1644 1227 1680 ταύ-
1298 1648 1541 1682 emendatores
1578 1648 1761 1691 elegimus,
1802 1647 1978 1692 quomodo
2014 1658 2085 1682 non
2121 1647 2232 1681 multo
2269 1646 2378 1689 magis

146 1703 206 1734 της
230 1689 366 1726 πόλεως
396 1689 633 1734 συνεχόμενον
665 1690 727 1725 τὰς
758 1693 891 1726 πασῶν
920 1691 1069 1733 ἐσχάτας
1099 1688 1226 1735 ὑπομέ-
1299 1693 1476 1728 castitatis
1508 1692 1645 1728 furtum
1676 1697 1711 1727 et
1735 1693 1961 1728 latrocinium
1993 1703 2054 1727 eos
2086 1692 2276 1727 cohercere
2297 1701 2377 1735 per-

146 1751 222 1770 νειν
247 1735 384 1771 ποινάς.
431 1737 461 1770 εἰ
483 1735 550 1784 γὰρ
573 1738 652 1770 τῶν
674 1738 908 1783 χρηματικῶν
929 1735 1056 1771 αὐτοὺς
1080 1735 1228 1772 κλοπῶν
1297 1738 1494 1776 mittimus?
1550 1739 1586 1773 Si
1623 1738 1701 1783 quis
1738 1742 1855 1773 autem
1893 1739 2051 1782 patiatur
2091 1738 2128 1772 in
2168 1747 2234 1772 sua
2275 1736 2377 1771 domo

145 1785 204 1815 καὶ
231 1781 409 1828 λῃστειῶν
433 1780 696 1828 ἐπανορθωτὰς
727 1779 1052 1829 προῦβαλλόμεθα,
1086 1783 1164 1816 πῶς
1187 1779 1227 1816 οὐ
1243 1785 1281 1817 35
1298 1784 1475 1827 quendam
1500 1785 1664 1819 lenonem
1693 1787 1727 1818 et
1751 1783 1954 1819 huiusmodi
1986 1783 2228 1828 praepositum
2252 1791 2377 1826 opera-

146 1826 267 1870 πολλῷ
303 1825 439 1871 μᾶλλον
473 1825 539 1870 τὴν
571 1828 631 1870 τῆς
661 1828 894 1873 σωφροσύνης
929 1825 1066 1870 κλοπήν
1097 1841 1138 1862 τε
1168 1831 1228 1861 καὶ
1298 1829 1404 1864 tionis
1430 1829 1562 1864 habere
1587 1833 1623 1864 et
1646 1829 1735 1864 haec
1760 1829 1967 1864 denuntiata
1997 1838 2214 1873 cognoscens
2238 1838 2310 1862 non
2335 1826 2378 1860 de

147 1872 314 1919 λῃστείαν
339 1870 456 1906 αὐτοῖς
479 1869 694 1907 ἀπελαύνειν
717 1873 910 1918 ἑφήσομεν;
946 1874 993 1906 Εἰ
1020 1871 1059 1907 δὲ
1090 1877 1153 1907 καί
1173 1885 1226 1907 τις
1296 1874 1399 1910 domo
1434 1885 1501 1910 sua
1540 1874 1731 1919 expulerit,
1780 1874 1872 1909 sciat
1907 1874 2012 1910 etiam
2048 1875 2169 1909 decem
2207 1873 2378 1907 librarum

145 1915 334 1960 ἀνάσχοιτο
359 1919 399 1951 ἐν
429 1919 482 1961 τῷ
518 1918 644 1952 ἑαυτοῦ
676 1918 762 1961 οἴκῳ
794 1917 877 1952 τινὰ
907 1920 1226 1966 πορνοβοσκοῦντα
1297 1921 1375 1954 auri
1400 1920 1576 1955 sustinere
1600 1930 1753 1964 poenam
1778 1924 1812 1955 et
1837 1921 1934 1955 circa
1961 1920 2076 1964 ipsam
2093 1918 2377 1963 periclitaturum

146 1966 206 1996 καὶ
218 1961 383 2005 τοιαύτης
397 1961 661 2009 προϊστάμενον
682 1965 847 2010 ἐργασίας
858 1966 952 2007 ἔχειν
965 1967 1023 1997 καὶ
1043 1962 1093 2008 μὴ
1109 1965 1226 1998 ταῦτα
1296 1965 1565 2001 habitationem.
1615 1965 1650 2000 Si
1676 1965 1751 2009 quis
1777 1969 1895 2000 autem
1929 1965 2227 2010 conscriptionem
2251 1963 2295 1999 de
2320 1973 2376 1998 ce-

147 2007 459 2055 προςαγγελθέντα
474 2007 612 2053 μαθών
630 2009 691 2051 τῆς
706 2007 873 2053 οἰκήσεως
891 2008 1001 2043 αὐτὸν
1018 2008 1225 2051 ἐξελάσειεν,
1240 2012 1282 2044 40

146 2055 236 2087 ἴστω
258 2057 317 2087 καὶ
342 2054 463 2089 decem
487 2054 658 2089 librarum
679 2055 758 2089 auri
780 2052 1071 2099 ὑποστησάμενος
1095 2054 1227 2097 ποινὴν

146 2102 205 2132 καὶ
230 2101 311 2145 περὶ
338 2096 451 2142 αὐτὴν
482 2097 726 2133 κινδυνεύσων
746 2099 813 2143 τὴν
837 2101 986 2143 οἴκησιν.
1035 2101 1080 2133 Εἰ
1106 2098 1146 2133 δὲ
1168 2103 1231 2133 καί

146 2195 186 2225 ut
210 2201 330 2225 omnes
354 2196 526 2235 quantum
555 2191 704 2236 possint
731 2190 944 2236 pudicitiam
978 2191 1117 2232 colant,
1151 2202 1245 2236 quae
1272 2192 1415 2237 quidem
1443 2191 1524 2226 sola
1549 2192 1615 2227 deo
1645 2191 1826 2226 hominum
1854 2192 1996 2229 animas
2025 2202 2102 2225 cum
2124 2190 2260 2235 fiducia
2284 2201 2377 2226 com-

147 2234 315 2270 mendare
337 2235 464 2281 possit.
512 2234 691 2277 Quoniam
715 2246 799 2270 vero
824 2235 981 2269 humana
1001 2239 1085 2269 sunt
1109 2236 1240 2277 mulla,
1266 2240 1361 2270 certe
1381 2248 1426 2271 ne
1476 2247 1544 2271 uae
1568 2240 1647 2271 arte
1674 2240 1707 2269 et
1724 2235 1808 2271 dolo
1826 2241 1861 2271 et
1877 2236 1911 2271 vi
1928 2236 1977 2270 ad
1992 2234 2099 2270 talem
2116 2236 2377 2282 impudicitiam

149 2280 351 2321 tralumtur,
389 2280 486 2314 omni
513 2280 620 2314 modo
649 2279 896 2325 prohibemus.
944 2279 1070 2330 Neque
1094 2280 1262 2325 cuiquam
1296 2280 1415 2315 licebit
1459 2281 1660 2315 enocinium
1693 2291 1865 2316 exercere
1895 2285 1930 2316 et
1954 2281 1991 2314 in
2015 2281 2121 2315 domo
2151 2279 2219 2315 sua
2246 2280 2379 2316 nabere

149 2325 312 2359 mulieres
336 2324 391 2359 vel
416 2325 523 2358 etiam
540 2324 688 2369 publice
709 2324 930 2370 prostituere
957 2324 1117 2358 libidinis
1141 2335 1268 2365 causa,
1303 2329 1367 2359 aut
1389 2325 1483 2359 alius
1508 2326 1629 2360 nescio
1659 2326 1762 2359 cuius
1786 2325 2044 2371 neqotiationis
2067 2326 2143 2360 vice
2169 2326 2258 2360 talia
2283 2336 2376 2361 com-

148 2370 280 2404 mercia
304 2368 527 2410 contrahere,
552 2379 668 2413 neque
690 2368 924 2414 synqrapleas
944 2380 986 2403 eo
1011 2369 1155 2403 nomine
1185 2369 1351 2415 accipere
1375 2380 1490 2414 neque
1512 2370 1744 2413 fideiussores
1767 2371 1916 2415 exiqere
1939 2381 2054 2415 neque
2078 2371 2258 2405 eiusmodi
2278 2371 2377 2415 quic-

175 2425 255 2448 uam
280 2425 390 2459 aqere
418 2424 490 2458 quo
523 2414 675 2448 miserae
706 2418 741 2448 et
772 2414 906 2448 invitae
935 2423 1040 2447 suam
1066 2413 1283 2459 pudicitiam
1307 2414 1473 2459 polluere
1494 2418 1684 2460 coquntur,
1718 2426 1832 2460 neque
1855 2426 2005 2460 sperare
2032 2415 2070 2449 in
2095 2419 2286 2461 posterum
2309 2415 2378 2450 sibi

148 2425 255 2494 licere
283 2458 573 2494 vestimentorum
603 2459 658 2492 vel
679 2459 780 2503 forte
803 2459 909 2493 etiam
941 2462 1234 2493 ornamentorum
1259 2458 1405 2493 datione
1435 2459 1490 2494 vel
1519 2460 1697 2494 alimentis
1728 2470 1790 2494 eas
1823 2461 1873 2495 ita
1906 2461 2087 2503 inescare,
2121 2465 2161 2495 ut
2193 2461 2299 2495 etiam
2322 2461 2376 2495 in-

149 2505 241 2540 vitae
257 2507 500 2550 perseverent.
536 2503 662 2548 Neque
683 2503 774 2538 enim
788 2503 1046 2549 permittimus,
1072 2508 1111 2538 ut
1135 2504 1325 2549 quicquam
1340 2505 1408 2548 siat
1426 2505 1517 2539 tale:
1545 2516 1666 2540 verum
1687 2515 1782 2539 nunc
1801 2516 1946 2550 quoque
1969 2504 2058 2540 llaec
2079 2505 2198 2540 omnia
2223 2505 2377 2540 breviter

148 2553 356 2600 opportuno
387 2548 541 2583 remedio
569 2548 847 2594 impertivimus,
878 2559 957 2583 cum
983 2559 1120 2584 omnem
1145 2559 1252 2594 quam
1278 2548 1384 2583 liuius
1411 2549 1540 2595 probri
1564 2551 1705 2584 nomine
1734 2551 1995 2596 praestiterunt
2018 2550 2220 2584 cautionem
2238 2550 2373 2596 puellis

147 2595 219 2629 illzs
248 2593 467 2629 reddendam
498 2604 729 2635 curaremus,·
766 2604 810 2628 ac
839 2604 884 2628 ne
910 2593 953 2640 id
986 2593 1130 2639 quidem
1160 2594 1419 2636 concessimus,
1453 2598 1492 2629 ut
1526 2595 1663 2640 nefarii
1695 2595 1860 2636 lenones,
1897 2595 1930 2629 si
1966 2595 2054 2641 quid
2086 2595 2159 2629 illis
2190 2595 2375 2637 dederunt,

145 2640 184 2674 id
219 2639 262 2674 ab
295 2638 341 2673 iis
372 2639 571 2684 auferrent.
622 2637 735 2673 Immo
770 2639 870 2685 ipsos
906 2639 1051 2674 lenones
1087 2650 1135 2674 ea·
1171 2638 1238 2673 leac
1267 2639 1371 2683 felici
1403 2639 1491 2675 urbe
1524 2639 1704 2675 discedere
1734 2640 1903 2675 iussimus
1939 2644 2120 2685 tamquam
2147 2641 2378 2686 perniciosos

146 2685 306 2720 homines
341 2687 376 2719 et
414 2695 617 2719 communes
647 2684 849 2730 pudicitiae
881 2688 1134 2730 corruptores,
1172 2684 1234 2729 qui
1268 2689 1339 2719 tam
1374 2684 1506 2719 liberas
1537 2696 1646 2731 quam
1680 2696 1804 2720 servas
1838 2685 2031 2720 sollicitent
2062 2690 2095 2719 et
2128 2685 2166 2719 in
2202 2685 2377 2721 eiusmodi

146 2730 388 2765 necessilatem
422 2729 601 2764 deducant
633 2733 740 2774 atque
775 2729 935 2764 inescent
974 2728 1199 2775 habeantque
1234 2729 1400 2764 alumnas
1438 2729 1487 2764 ad
1520 2741 1656 2765 omnem
1690 2734 1748 2765 tur
1776 2730 1956 2766 itudinem.
2018 2730 2204 2765 Edicimus
2246 2734 2375 2772 autem,

145 2775 178 2810 si
201 2775 282 2826 quis
310 2773 466 2820 posthac
498 2785 609 2809 ausus
632 2775 679 2809 sit
709 2775 857 2809 invitam
882 2774 1045 2821 puellam
1076 2786 1207 2820 capere
1239 2778 1273 2809 et
1297 2785 1370 2820 per
1393 2775 1462 2810 vim
1487 2774 1617 2810 habere
1642 2775 1737 2822 alen(
1750 2787 1808 2810 am
1834 2780 1867 2811 et
1890 2787 1939 2811 ex
1962 2776 2163 2811 meretricio
2189 2781 2376 2821 quaestum

145 2821 214 2866 ipsi
245 2825 482 2866 paraturam:
517 2819 550 2854 ei
581 2831 603 2854 a
635 2819 891 2865 spectabilibus
915 2820 1151 2865 praetoribus
1176 2819 1296 2865 plebis
1320 2819 1427 2854 liuius
1451 2820 1567 2859 felicis
1598 2820 1697 2855 urbis
1727 2821 1983 2867 comprehenso
2009 2825 2193 2856 extremas
2218 2821 2375 2856 omnium

143 2877 227 2912 poet
242 2876 283 2900 as
304 2876 380 2900 esse
402 2864 617 2899 subeundas.
665 2864 760 2899 Nam
783 2865 815 2899 si
846 2864 930 2900 illos
956 2865 1257 2916 pecuniariorum
1284 2865 1472 2910 furtorum
1501 2870 1535 2900 et
1558 2866 1773 2911 rapinarum
1797 2867 1955 2901 vindices
1977 2866 2214 2906 instituimus,
2248 2866 2374 2912 quidni

145 2911 257 2945 mulo
290 2909 406 2955 maqis
430 2909 633 2955 pudicitiae
654 2911 797 2954 furtum
822 2913 855 2944 et
886 2921 1039 2955 rapinas
1062 2910 1107 2944 iis
1131 2909 1348 2956 expellenda
1374 2910 1660 2945 committamus?
1707 2910 1845 2952 Quodsi
1869 2912 1951 2957 quis
1974 2911 2079 2946 eliam
2111 2911 2149 2945 in
2179 2911 2283 2946 (Ionio
2307 2923 2374 2946 sua

144 2956 238 2990 sinat
275 2955 431 3000 aliquem
463 2954 594 2990 liabere
629 2954 844 2989 lenocinium
881 2959 1107 2990 exercentem
1135 2959 1169 2990 et
1201 2954 1377 2990 eiusmodi
1410 2959 1597 3001 quaestum
1636 2955 1965 2998 administrantem,
2005 2967 2048 2991 ac
2085 2967 2158 2990 non
2194 2955 2250 2990 leis
2283 2967 2374 2991 nun-

146 3001 243 3036 tiatis
266 3004 301 3035 et
324 3000 517 3045 compertis
547 3011 625 3035 eum
647 2999 828 3034 domicilio
860 2999 1040 3045 expellat,
1071 3000 1164 3035 sciat
1186 3011 1225 3035 se
1251 3004 1285 3034 et
1309 3000 1428 3034 decem
1454 3000 1628 3035 librarum
1653 3001 1735 3035 auri
1757 3012 1917 3046 poenam
1940 3002 2141 3037 subiturum
2169 3006 2203 3036 et
2227 3001 2271 3036 de
2294 3001 2374 3047 ipso

144 3045 326 3079 domicilio
353 3044 658 3090 periclitaturum.
706 3043 845 3087 Quodsi
870 3045 951 3090 quis
974 3045 1080 3079 etiam
1105 3045 1263 3091 postliac
1291 3044 1540 3091 synqrapliam
1574 3044 1642 3079 ltoc
1677 3047 1819 3081 nomine
1851 3047 2017 3093 accipere
2046 3046 2100 3082 vel
2127 3046 2374 3090 fideiussorem

190 3139 208 3170 2
236 3133 391 3168 δυνατὸν
406 3137 437 3168 L
454 3135 465 3179 11
485 3139 501 3168 7
524 3131 627 3177 ἣκαὶ]
656 3138 714 3168 καὶ
730 3149 788 3168 om.
806 3137 841 3169 B
889 3138 908 3169 9
935 3137 995 3170 ἐπὶ
1020 3137 1127 3170 τοῦτο
1147 3138 1193 3171 L¹
1214 3135 1227 3182 11
1296 3139 1334 3170 11
1362 3138 1574 3178 confundere]
1605 3138 1763 3171 *fundere
1786 3139 1828 3171 V¹
1856 3138 1868 3182 11
1898 3139 1977 3180 quia
2004 3138 2118 3170 licebit
2141 3138 2192 3171 12²
2215 3140 2248 3171 in
2273 3151 2338 3171 ras.
2362 3138 2374 3183 11

149 3184 183 3215 11
197 3181 426 3221 ἑαυτῶνΕΒ]
436 3177 558 3213 αὐτῶν
566 3181 609 3213 M
618 3180 844 3223 1114τυχεῖνΙ>
885 3182 922 3214 17
932 3178 1224 3227 παρασκευάσαν·
1296 3185 1335 3216 12
1362 3183 1392 3215 ci
1415 3183 1448 3215 V
1465 3183 1535 3215 eius
1552 3183 1584 3215 Τ
1598 3183 1609 3222 11
1627 3183 1759 3215 datione
1781 3185 1864 3227 vulq.
1882 3183 1894 3227 11
1913 3185 2136 3216 armentorum
2149 3183 2196 3216 R¹
2213 3183 2225 3226 11
2248 3185 2286 3216 13
2311 3183 2372 3216 ali-

143 3238 206 3260 τας
223 3228 250 3259 L
268 3226 280 3269 11
303 3228 340 3259 18
367 3222 475 3258 αύτᾶς
489 3226 535 3258 L¹
561 3222 668 3258 αὐτὰς
681 3227 729 3258 L2
746 3226 758 3269 11
780 3228 818 3259 19
839 3225 903 3270 τοῦ
927 3225 1100 3268 τοιούτου]
1126 3228 1224 3260 huius
1292 3228 1411 3260 mentis
1438 3228 1470 3260 T
1486 3228 1576 3269 (Gr.)
1601 3226 1613 3271 11
1638 3230 1688 3268 ut]
1714 3230 1772 3261 aut
1796 3229 1844 3261 R¹
1862 3227 1874 3273 11
1892 3231 2002 3261 mutae
2021 3228 2071 3261 R¹
2096 3227 2107 3272 11
2128 3231 2166 3262 16
2192 3238 2289 3269 quam
2313 3242 2370 3263 om.

145 3286 162 3308 ς
180 3272 191 3315 11
211 3272 400 3313 ἑκθέμενοι
413 3271 448 3303 Β
467 3270 478 3313 11
497 3272 535 3303 21
563 3270 690 3303 τοῦτο*
711 3267 799 3316 παρ’
823 3268 934 3304 αὐτὸν
954 3273 999 3304 L¹
1020 3271 1031 3316 11
1049 3274 1090 3305 23
1110 3284 1222 3319 παρα·
1301 3273 1342 3305 V¹
1367 3280 1451 3315 spat.
1476 3284 1547 3306 vac.
1570 3273 1681 3306 relicto
1700 3272 1712 3317 11
1732 3276 1768 3307 17
1796 3275 1938 3315 contigit
1958 3275 2003 3314 R]
2026 3274 2192 3314 contingit
2214 3274 2275 3306 VT
2295 3284 2371 3306 con-

144 3314 389 3360 κελευσάμεθα
410 3317 440 3348 L
464 3315 476 3358 11
503 3317 542 3349 25
567 3318 774 3360 γενομένους
800 3316 834 3348 Β
857 3315 869 3359 11
895 3319 932 3349 27
960 3313 1222 3362 ἀναστρεφομέ-
1292 3318 1406 3359 tigerit
1417 3318 1505 3361 vulq.
1521 3318 1533 3361 11
1552 3319 1755 3351 occasionem
1768 3319 1869 3352 R¹V¹
1888 3320 1900 3359 11
1922 3321 1958 3354 18
1977 3319 2172 3351 dederintR
2189 3318 2199 3360 11
2220 3321 2262 3351 20
2287 3320 2371 3352 hanc

143 3373 222 3395 νους
247 3363 282 3396 Β
301 3362 371 3406 1128
397 3357 701 3406 προςαγορεύομεν
722 3362 769 3393 Μ
783 3360 794 3403 11
815 3362 855 3394 29
882 3359 968 3407 κόρη
993 3363 1041 3395 L¹
1060 3361 1071 3406 11
1089 3366 1130 3397 33
1156 3375 1222 3396 πα-
1291 3363 1512 3395 felicissimam
1537 3363 1707 3396 ciuitatem
1732 3364 1804 3396 fieri
1830 3365 1860 3397 R
1880 3362 1891 3407 11
1909 3367 1947 3397 21
1980 3366 2126 3396 uastores
2148 3364 2182 3395 R
2200 3363 2270 3406 1126
2295 3365 2369 3396 inu-

143 3409 220 3441 σιῦν
246 3408 307 3440 del.
333 3407 381 3439 L²
401 3408 413 3449 11
441 3409 481 3439 35
513 3400 797 3450 προύβαλόμεθα
820 3406 855 3438 Β
871 3404 883 3450 11
904 3409 944 3440 36
973 3405 1041 3449 τὴν
1065 3421 1122 3442 om.
1150 3410 1193 3441 M
1211 3410 1223 3454 11
1291 3410 1356 3440 tam
1381 3408 1413 3440 R
1437 3407 1448 3451 11
1474 3407 1585 3450 pulam
1611 3408 1659 3441 R¹
1685 3408 1697 3452 11
1720 3409 1760 3441 ad
1786 3423 1843 3442 om.
1866 3409 1909 3441 V¹
1925 3408 1937 3453 11
1963 3411 2001 3442 2Ἶ
2029 3408 2264 3441 fornicationes
2286 3410 2334 3442 R¹
2360 3410 2364 3454 1

144 3456 184 3487 38
211 3449 459 3497 πορνοβοσκὸν
483 3451 519 3484 Β
550 3452 560 3494 11
590 3453 631 3486 40
655 3451 728 3493 τῆς]
753 3451 830 3483 τῶν
855 3452 886 3483 L
915 3450 927 3494 11
956 3449 1079 3485 αὐτῶν
1103 3450 1221 3495 ἐξηλά-
1290 3453 1456 3486 deferente
1473 3452 1526 3496 Vll
1547 3455 1587 3486 30
1613 3455 1760 3486 omnium
1776 3456 1822 3494 T]
1848 3455 1959 3486 omnia
1975 3455 2119 3496 Vvulq„
2144 3454 2362 3498 omnibusRl

143 3509 237 3530 σειεν
252 3499 281 3530 L
299 3497 310 3541 11
329 3500 367 3531 41
397 3497 508 3530 decem
532 3496 697 3538 libparum
722 3496 795 3528 auri
817 3497 866 3536 Μ
892 3493 976 3529 δέκα
1000 3495 1135 3541 λιτρῶν
1161 3497 1220 3537 (λί-
1291 3501 1328 3532 31
1356 3498 1623 3540 pecuniariorum
1646 3500 1733 3543 vulo.
1760 3499 1771 3543 11
1796 3499 2034 3532 latrocinorum
2056 3499 2089 3532 V
2105 3499 2116 3543 11
2144 3501 2184 3533 32
2211 3499 2369 3541 elegimus

143 3554 227 3587 τρας
239 3544 283 3583 L)
307 3545 450 3588 χρυσίου
463 3542 509 3575 Μ
524 3555 548 3575 s.
563 3555 604 3579 v.,
624 3542 692 3574 LB
709 3541 721 3584 11
738 3539 1033 3585 ’ὑποστησάμενον
1047 3544 1096 3576 La
1114 3543 1126 3588 11
1144 3556 1220 3578 ποι·
1289 3545 1393 3586 suppl.
1418 3545 1447 3575 V
1452 3543 1466 3563 ²
1482 3545 1513 3577 in
1527 3551 1611 3586 spat.
1629 3557 1699 3578 vac.
1720 3543 1732 3588 11
1750 3547 1790 3578 33
1815 3545 2043 3586 permittemus
2063 3545 2150 3587 vulq.
2167 3544 2179 3588 11
2199 3547 2240 3579 35
2265 3555 2368 3586 quan-

141 3588 207 3630 νην
230 3584 519 3631 ὑποστησάμενος
546 3588 578 3619 Β
596 3586 607 3629 11
626 3588 668 3620 42
698 3583 918 3619 κινδυνεύων
943 3588 974 3620 L
992 3586 1003 3631 11
1021 3590 1082 3621 καί
1105 3602 1162 3623 om.
1189 3591 1220 3622 L
1289 3589 1362 3621 dam
1386 3589 1464 3621 RV
1482 3588 1493 3630 11
1514 3589 1719 3632 propositum
1741 3591 1774 3622 R
1797 3590 1808 3632 11
1829 3592 1870 3624 36
1895 3590 1934 3622 de
1959 3589 2054 3623 domo
2078 3590 2185 3631 RV³J
2211 3591 2304 3623 demo
2325 3590 2368 3623 V¹

149 3650 1221 3659 —————-——-——-——
1288 3635 1383 3667 domo
1405 3634 1459 3666 V²
1483 3633 1495 3677 Ι1
1521 3635 1561 3668 37
1592 3635 1769 3677 expullerit
1795 3636 1825 3667 lt
1842 3634 1853 3676 11
1873 3636 1983 3676 etiam]
2013 3638 2046 3669 et
2068 3636 2155 3679 vulq.
2176 3635 2246 3679 1139
2273 3635 2364 3668 habi-

186 3680 206 3712 2
229 3679 383 3721 possibile
405 3679 454 3712 V¹
471 3679 483 3722 11
502 3680 520 3712 3
551 3680 654 3710 artem
678 3679 727 3710 12¹
747 3677 794 3721 115
819 3678 969 3710 fidutiam
997 3689 1063 3711 esse
1088 3690 1219 3722 pascere
1287 3679 1411 3712 tatione
1432 3680 1479 3712 R¹
1500 3679 1566 3723 {lde
1590 3684 1698 3714 cetero
1720 3680 1994 3725 conscriptionem
2016 3681 2051 3717 V

141 3733 227 3756 mere
251 3723 300 3757 R²
324 3725 356 3757 in
381 3737 446 3757 ras.
463 3724 476 3767 11
496 3725 513 3756 7
540 3723 593 3763 ad]
619 3724 678 3755 aut
698 3722 752 3765 Vll
777 3725 814 3756 10
838 3723 974 3764 inuitas]
1004 3725 1111 3757 mutas
1136 3726 1183 3758 R¹
1208 3723 1219 3764 ΙΙ

2031 3782 2097 3817 14*
