2586 3990
238 111 345 157 Nov.
367 111 478 155 CXV
509 113 546 153 3.
578 113 603 151 4

237 218 419 255 τοιαύταις
442 218 636 262 διαθήκαις
667 217 804 265 ληγοὶτα
827 218 911 253 τινὰ
943 216 965 260 ἢ
990 214 1269 271 φιδεϊκόμμίσσα
1293 216 1314 261 ἢ

237 265 439 309 ἐλευθερίας
453 263 476 306 ἢ
493 264 704 308 ἐπιτρόπων
727 261 844 297 δόσεις
866 261 1158 308 καταλειφθῆναι
1178 275 1200 304 η
1221 260 1312 296 ἄλλα

236 307 430 351 οἰαδήποτε
446 307 619 354 κεφάλαια
639 311 712 342 τοῖς
727 309 851 352 νόμοις
868 309 1077 354 ἐγνωσμένα
1100 304 1312 350 ὀνομασθῆ-

236 367 313 398 ναι,
345 354 462 387 ταῦτα
492 353 617 388 πάντα
647 350 837 397 κελεύομεν
868 351 1102 396 πληροῦσθαι
1133 353 1192 385 καὶ
1217 348 1311 385 δίδο-

235 399 328 432 σθαι
360 400 506 432 ἐκείνοις
535 397 586 431 οἶς
615 397 854 443 κατελείφθη,
883 395 931 430 αἱς
954 397 984 430 εἰ
1013 395 1107 430 κατὰ
1138 396 1246 430 τοῦτο
1268 396 1311 430 τὸ

235 446 338 487 μέρος
359 442 408 487 μὴ
426 440 675 487 ἀνατραπεῖσα
699 440 898 486 ἡδιαθήκη
923 439 1072 486 ἐκράτει.
1109 443 1183 474 Καὶ
1198 441 1313 475 ταῦτα

234 489 302 532 μὲν
317 490 398 533 περὶ
413 488 491 522 τῶν
507 485 700 531 διαθηκῶν
723 488 801 522 τῶν
821 489 960 533 γονέων
983 483 1267 530 διετυπιόσαμεν.

1304 104 1390 151 544

1815 120 1876 152 ΠΤ
1905 121 1996 152 CUM
2028 121 2086 151 DE
2115 117 2454 150 APPELLA'HONE

1384 216 1516 268 talibus
1540 216 1759 253 testamentis
1783 218 1954 263 quaedam
1973 219 2089 263 legata
2112 219 2167 254 vel
2183 217 2455 254 fideicommissa
2503 231 2505 234 ⁴

1381 264 1445 296 aut
1459 261 1642 296 libertates
1663 263 1728 313 apt
1743 263 1900 298 tutorum
1920 263 2080 299 dationes
2102 262 2252 308 relinqui
2273 262 2328 298 vel
2344 272 2453 307 quae-

1381 307 1468 341 libet
1503 305 1573 340 alia
1610 305 1767 350 capitula
1802 316 1974 343 concessa
2010 309 2146 353 legibus
2181 308 2374 350 nominari,
2411 317 2455 342 ea

1382 350 1499 386 omnia
1522 350 1683 385 iubemus
1707 349 1892 396 adimpleri
1915 356 1950 388 et
1968 352 2046 389 dari
2068 353 2136 398 illis
2157 353 2286 398 quibus
2309 353 2455 388 fuerunt

1349 400 1368 432 5
1382 394 1563 437 derelicta,
1588 399 1629 430 ut
1645 399 1825 440 tamquam
1847 396 1884 431 in
1902 396 1971 432 hoc
1994 407 2067 433 non
2083 399 2272 435 rescissum
2297 398 2456 433 obtineat

1381 442 1640 476 testamentum.
1689 439 1739 475 Et
1762 439 1851 476 haec
1874 441 2014 486 quidem
2037 442 2081 479 de
2104 447 2290 490 parentum
2315 442 2454 478 ordina-

1381 487 1493 521 vimus
1515 485 1748 521 testamentis.

1223 597 1379 634 CAPUT
1402 597 1463 634 IV.

304 669 454 702 Δίκαιον
485 665 525 702 δὲ
552 667 645 701 εἶναι
676 665 887 711 συνείδομεν
914 670 974 701 καὶ
998 668 1036 701 ἐκ
1058 668 1124 701 τοῦ
1149 668 1314 701 ἐναντίου

1449 665 1586 702 Iustum
1611 669 1729 702 autem
1758 665 2003 711 perspeximus
2035 669 2071 701 et
2093 676 2114 702 e
2136 668 2314 703 contrario
2346 667 2390 703 de
2413 668 2455 703 li·

236 717 317 758 περὶ
340 714 418 747 τῶν
436 711 628 756 διαθηκῶν
652 714 730 747 τῶν
751 710 897 748 παίδων
919 713 964 746 τὰ
988 709 1079 746 αὐτὰ
1102 710 1193 756 μετά
1217 723 1315 746 τινος
1382 711 1547 746 berorum
1583 711 1804 747 testamentis
1845 713 1933 746 haec
1971 710 2092 746 eadem
2132 722 2212 747 cum
2247 712 2366 757 aliqua
2402 712 2455 748 di-

236 757 444 799 διαστίξεως
463 756 699 792 διατυπῶσαι.
736 758 961 801 θεσπίζομεν
977 761 1102 792 τοίνυν
1115 757 1165 801 μὴ
1183 757 1313 797 ἐξεῖναι
1329 758 1370 791 10
1383 756 1570 792 stinctione
1605 757 1805 801 disponere.
1859 755 2044 791 Sancimus
2082 756 2201 802 itaque
2240 768 2312 793 non
2351 757 2457 793 licere

234 806 308 837 τοῖς
331 806 436 837 παισὶ
458 803 541 837 τοὺς
563 801 673 837 ἰδίους
694 806 808 856 γονεῖς
830 802 1061 848 praeteritovs·
1089 801 1313 846 καταλιμπά-

234 861 313 882 νειν
336 846 358 891 ἢ
382 844 474 882 καθ’
500 845 717 891 οἱονδήποτε
743 861 885 893 τρόπον
915 849 992 882 τῶν
1021 845 1126 882 ἰδίων
1150 844 1315 894 πραγμά-

234 906 312 927 των
336 895 377 928 έν
399 893 451 927 οἷς
473 893 638 934 ἐξουσίαν
661 894 778 936 ἑῇςουσι
799 890 1041 927 διατίθεσθαι
1065 892 1208 927 τούτους
1223 904 1314 927 παν-

235 937 345 972 τελῶς
379 935 584 984 ἀλλοτρίους
621 938 829 979 ποιεῖσθαι,
870 938 901 971 εἰ
934 938 983 983 μὴ
1023 938 1085 972 τὰς
1119 939 1236 972 αἰτίας
1273 934 1314 972 ἃς

1383 801 1502 837 liberis
1533 805 1699 846 parentes
1732 811 1815 837 suos
1847 801 2042 846 praeterire
2072 806 2135 836 aut
2165 802 2322 847 quolibet
2351 802 2456 837 modo

1382 847 1489 882 rebus
1513 847 1677 892 propriis,
1710 847 1747 882 in
1771 845 1899 892 quibus
1932 846 2067 882 habent
2089 846 2245 889 testandi
2267 847 2456 890 licentiam,

1383 900 1445 928 eos
1469 892 1611 927 omnino
1636 892 1804 934 alienare,
1828 891 1895 926 nisi
1916 901 2043 926 causas
2067 901 2156 936 quas
2175 892 2457 927 enumerabimus

1382 936 1418 972 in
1455 937 1530 972 suis
1568 937 1790 972 testamentis
1825 936 2027 982 specialiter
2061 937 2327 973 nominaverint.
2382 936 2457 973 Has

235 981 467 1037 ἀριθμοῦμεν
490 985 530 1017 ἐν
553 986 632 1017 ταῖς
654 981 762 1017 ἰδίαις
784 980 905 1016 ἰδικῶς
936 980 1157 1030 ἐγγράψαιεν
1181 981 1312 1026 διαθή-
1330 983 1368 1017 15
1382 985 1499 1017 autem
1524 991 1601 1018 esse
1625 982 1866 1018 decernimus:

235 1039 320 1062 καις.
367 1039 501 1062 ταυτας
524 1025 564 1062 δὲ
585 1028 679 1062 εἶναι
701 1025 908 1072 κελεύομεν·

234 1075 256 1108 1
302 1074 332 1107 εἰ
354 1072 390 1107 οἱ
410 1076 524 1120 γονεῖς
547 1074 596 1107 εἰς
618 1070 805 1118 ἀναίρεσιν
835 1074 927 1116 ζωῆς
951 1072 1033 1108 τοὺς
1052 1071 1160 1107 ἰδίους
1183 1070 1313 1109 παῖδας

235 1116 443 1163 παραδοῖεν,
475 1117 557 1161 δίχα
578 1121 743 1164 μέντοιγε
767 1118 882 1152 αἰτίας
906 1118 954 1152 εἰς
977 1118 1206 1153 καθοσίωσιν
1227 1115 1311 1153 ἄνα-

235 1166 437 1225 φερομένης.

1381 1075 1403 1108 1
1451 1071 1488 1107 Si
1510 1075 1679 1116 parentes
1709 1071 1756 1107 ad
1778 1071 1958 1107 interitum
1989 1072 2083 1108 vitae
2110 1072 2242 1108 liberos
2273 1082 2357 1107 suos
2383 1075 2457 1107 tra·

1382 1117 1550 1169 diderint,
1588 1117 1678 1152 eitra
1709 1127 1853 1169 causam
1882 1121 2001 1153 tamen
2036 1127 2128 1162 quae
2162 1117 2208 1152 ad
2238 1117 2458 1153 maiestatem

1381 1166 1557 1207 pertinere
1581 1166 1817 1205 cognoscitur.

236 1209 259 1243 Ζ
304 1209 586 1261 εἰφαρμακειάις
601 1206 632 1262 ἢψ
638 1212 815 1255 γοητείαις
838 1206 860 1251 ἢ
881 1206 980 1252 ἄλλῳ
1001 1206 1128 1263 τρόπῳ
1150 1206 1186 1242 οἱ
1200 1211 1313 1254 γονεῖς
1327 1209 1367 1241 20
1381 1208 1405 1243 2
1453 1207 1489 1242 Si
1511 1207 1654 1243 venenis
1679 1211 1743 1242 aut
1764 1206 1946 1243 maleficiis
1978 1210 2042 1242 aut
2064 1208 2135 1244 alio
2158 1207 2262 1244 modo
2289 1209 2457 1253 parentes

234 1254 278 1300 τῇ
298 1266 376 1287 των
392 1251 538 1288 παίδων
559 1255 634 1300 ζωῃ
655 1253 974 1297 ἐπιβουλεύσαντες
997 1251 1258 1296 αποδειχθεῖεν.

234 1299 259 1334 3
304 1300 336 1331 εἰ
359 1296 379 1332 ὁ
405 1299 525 1344 πατὴρ
555 1300 601 1345 τῇ
632 1297 707 1341 ἰδίᾳ
739 1297 861 1345 νύμφῃ
893 1297 916 1341 ἢ
947 1299 991 1346 τῇ
1025 1297 1216 1333 παλλακίδι
1247 1299 1310 1332 τοῦ

234 1344 363 1377 οἰκείου
386 1341 517 1379 παιδὸς
539 1347 737 1390 συμμιγείη.

234 1388 260 1424 4
304 1389 336 1422 εἰ
365 1389 403 1423 οἱ
430 1392 544 1435 γονεῖς
571 1389 654 1422 τοὺς
677 1386 785 1422 ἰδίους
813 1386 943 1424 παῖδας
967 1386 1145 1430 διαθήκας
1166 1388 1311 1429 ποιῆσαι

1381 1252 1533 1287 filiorum
1556 1253 1647 1287 vitae
1670 1252 1828 1288 insidiati
1851 1253 2109 1298 probabuntur.

1380 1298 1426 1351 3·
1451 1298 1488 1332 Si
1510 1302 1613 1376 paiter
1636 1298 1742 1332 nurui
1765 1307 1852 1333 suae
1881 1300 1945 1332 aut
1969 1297 2189 1333 concubinae
2212 1297 2278 1333 filii
2300 1297 2355 1333 sui
2379 1307 2458 1333 sese

1380 1353 1678 1432 finlsglileplarentes
1703 1388 1794 1423 filios
1818 1397 1902 1423 suos
1926 1389 2176 1423 testamentum
2201 1386 2354 1422 condere
2375 1396 2456 1431 pro-

235 1432 436 1468 κωλύσειαν
467 1436 507 1467 ἐν
537 1437 610 1468 τοῖς
641 1435 850 1480 πράγμασιν
880 1435 919 1468 ἐν
942 1433 992 1467 οἷς
1015 1434 1156 1476 ἔχουσιν
1186 1430 1313 1466 ἄδειαν
1325 1435 1366 1467 25
1382 1433 1563 1468 hibuerint
1592 1434 1629 1468 in
1651 1434 1757 1468 rebus
1789 1433 1826 1467 in
1849 1433 1978 1478 quibus
2013 1434 2147 1467 habent
2170 1431 2323 1467 testandi
2347 1431 2456 1466 licen-

234 1481 299 1512 τοῦ
323 1476 582 1513 διατίθεσθαι·
619 1476 774 1514 πάντων
798 1476 932 1522 δηλαδὴ
966 1480 1066 1520 [τῶν]
1092 1478 1151 1512 ἐπὶ
1174 1478 1218 1523 τῇ
1243 1490 1311 1510 κω-

234 1522 332 1557 λύσει
362 1525 440 1558 τῶν
470 1523 648 1558 τοιούτων
680 1521 872 1567 διαθηκῶν
895 1522 1187 1570 φυλαττομένων,
1219 1520 1312 1568 ἅπερ

235 1570 295 1604 ἐπὶ
317 1569 371 1612 τῷ
395 1570 472 1603 τῶν
494 1572 634 1615 γονέων
657 1567 836 1612 προςώπῳ
862 1566 1100 1611 διεστίξαμεν.

233 1615 258 1650 5
303 1615 335 1648 εἰ
354 1617 511 1669 συμβαίη
534 1614 602 1648 τὸν
618 1612 736 1660 ἄνδρα
758 1615 803 1661 τῇ
827 1615 955 1648 ἑαυτοῦ
978 1614 1113 1659 γαμετῇ
1138 1613 1186 1646 εἰς
1210 1609 1312 1646 εἷναί-

1381 1479 1483 1519 tiam;
1509 1479 1672 1513 omnibus
1698 1478 1861 1514 videlicet
1883 1478 1919 1512 in
1940 1477 2141 1513 huiusmodi
2164 1481 2457 1512 testamentorum

1381 1523 1619 1568 prohibitione
1655 1523 1837 1559 servandis
1877 1533 1968 1568 quae
2003 1523 2040 1558 in
2076 1524 2263 1568 parentum
2305 1531 2458 1567 persona

1381 1569 1616 1604 distinximus.

1381 1614 1404 1650 5
1451 1614 1488 1649 Si
1513 1613 1701 1658 eontigerit
1729 1614 1794 1648 aut
1817 1613 1929 1648 virum
1960 1612 2063 1647 uxori
2094 1622 2181 1648 suae
2209 1612 2255 1648 ad
2278 1612 2458 1648 interitum

234 1671 335 1714 ρεσιν
364 1673 386 1702 η
418 1661 590 1693 ἔκστασιν
621 1671 683 1702 της
714 1656 874 1693 διανοίας
903 1657 1030 1693 δοῦναι
1059 1658 1259 1712 φάρμακον,
1292 1655 1367 1700 ἣ3Ο
1381 1662 1444 1693 aut
1474 1659 1725 1694 alienationem
1756 1658 1883 1693 mentis
1916 1657 2001 1692 dare
2023 1667 2196 1692 venenum
2226 1660 2290 1693 aut
2312 1667 2458 1693 uxorem

233 1717 302 1747 την
324 1704 484 1748 γαμετὴν
515 1705 570 1746 τῷ
601 1701 711 1750 ἀνδρί
718 1730 726 1746 ,
758 1702 780 1747 ἢ
810 1703 908 1747 ἄλλῳ
941 1704 1068 1749 τρόπῳ
1098 1716 1167 1737 τον
1190 1705 1312 1747 ἕτερον

233 1750 278 1805 τῇ
310 1750 374 1783 τοῦ
404 1750 524 1795 ἑτέρου
555 1750 629 1795 ζωῇ
660 1747 931 1793 ἐπιβουλεῦσαι,
965 1748 1008 1782 τὸ
1045 1750 1111 1792 μὲν
1148 1749 1312 1782 τοιοῦτον

233 1794 390 1840 ἔγκλημα
412 1793 471 1827 οἷα
489 1794 654 1839 ριὼΙῘοον
678 1792 840 1839 ὑπάρχον
863 1794 955 1828 κατὰ
985 1793 1067 1827 τοὺς
1097 1793 1227 1837 νόμους
1259 1793 1312 1833 ἐξ·

1380 1704 1519 1746 marito‚
1544 1704 1597 1739 vel
1613 1704 1684 1738 alio
1706 1702 1809 1738 modo
1833 1703 1983 1737 alterum
2007 1702 2101 1737 vitae
2117 1703 2263 1738 alterius
2287 1703 2457 1745 insidiari,

1380 1749 1452 1784 tale
1487 1749 1627 1794 quidem
1666 1749 1791 1793 utpote
1827 1747 2011 1792 publicum
2051 1748 2183 1783 crimen
2224 1748 2458 1784 constitutum

300 1884 400 1917 c.IV
423 1887 463 1918 10
486 1883 535 1927 μὴ
560 1883 690 1923 ἐξεῖναι
712 1884 802 1928 μήτε
825 1887 898 1917 τοῖς
922 1904 965 1908 -
991 1887 1030 1918 15
1056 1882 1250 1926 διαθήκαις
1273 1884 1368 1917 habet
1392 1884 1441 1916 Β*
1467 1886 1503 1917 Κ
1527 1886 1578 1925 14,
1595 1893 1612 1918 4
1633 1898 1667 1928 p.
1682 1885 1745 1918 401
1771 1884 1875 1917 ΖαοΙι.
1899 1884 1988 1924 (inde
2013 1882 2049 1915 B
2075 1884 2094 1916 I.
2112 1895 2139 1916 c.
2164 1883 2224 1924 37).

373 1931 412 1963 16
436 1929 500 1962 τὰς
524 1926 564 1962 δὲ
587 1930 703 1962 αἰτίας
725 1930 787 1971 τῆς
811 1925 1019 1973 ἀχαριστίας
1042 1930 1119 1962 τῶν
1141 1931 1279 1974 γονέων
1303 1927 1392 1973 πρὸς
1414 1929 1496 1962 τοὺς
1519 1927 1650 1963 παῖδας
1672 1927 1807 1962 ταύτας
1829 1926 1922 1961 εἶναι
1946 1925 2135 1971 κελεύομεν
2158 1928 2201 1953 ’-
2226 1929 2303 1968 545,
2318 1936 2350 1962 24
2376 1932 2456 1974 περὶ

435 1975 512 2007 τῶν
534 1976 673 2020 γονέων
697 1971 970 2017 διετυπώσαμεν
997 1975 1043 2006 B⁸
1065 1977 1103 2007 A
1129 1977 1167 2008 71
1190 1987 1226 2017 p.
1243 1975 1306 2008 126
1326 1974 1429 2007 Zach.
1453 1977 1541 2016 (inde
1566 1976 1600 2008 Β
1626 1977 1710 2016 l.c.).
1735 1993 1779 1998 —-
1805 1974 2019 2007 Summarium
2044 1986 2069 2005 c.
2084 1973 2144 2006 IV
2164 1981 2250 2006 artat
2274 1976 2306 2007 in
2330 1975 2457 2019 Ecloya

431 2022 565 2062 privata
590 2028 686 2052 aucta
711 2022 742 2059 7,
758 2026 802 2053 19.
817 2026 864 2053 20.

232 2119 359 2154 mentis
383 2118 504 2164 leqata
528 2118 705 2164 quaedam
730 2118 785 2153 vel
803 2117 1082 2162 fideicommissa
1105 2118 1163 2153 vet
1179 2118 1361 2153 libertates
1384 2118 1441 2153 vet
1464 2123 1621 2154 tutorum
1645 2117 1813 2153 dationes
1835 2117 1926 2153 relin
1953 2118 1994 2153 ui
2016 2118 2070 2153 vel
2089 2118 2164 2154 alia
2184 2118 2459 2165 qualiacumque

232 2164 354 2210 capita
379 2163 516 2209 leqibus
538 2165 664 2209 aqnita
687 2162 879 2203 nominari,
911 2161 1001 2196 leaeo
1025 2163 1147 2197 omnia
1170 2163 1315 2209 impleri
1337 2162 1499 2198 iubemus
1522 2166 1630 2208 atque
1652 2162 1727 2198 iltis
1749 2161 1835 2197 dari
1855 2162 1918 2208 qui
1941 2172 1984 2197 us
2006 2162 2132 2198 relicta
2154 2167 2251 2204 sunt,
2277 2167 2457 2208 tamquam

232 2209 270 2243 in
294 2207 363 2244 hac
411 2211 491 2243 arte
514 2218 589 2242 non
611 2218 770 2243 eversum
797 2210 1045 2242 testamentum
1068 2207 1212 2243 valeret.
1260 2209 1377 2253 Atque
1400 2207 1489 2243 haec
1511 2208 1654 2254 quidem
1678 2207 1723 2243 de
1745 2208 1962 2243 testamentis
1982 2212 2175 2253 parentum
2199 2208 2456 2244 constituimus.

366 2219 428 2289 lg.
475 2253 636 2298 Aequum
669 2256 788 2287 autem
819 2263 896 2288 esse
926 2251 1032 2286 nobis
1060 2252 1173 2288 visum
1204 2257 1257 2288 est
1285 2253 1392 2288 etiam
1416 2264 1435 2287 e
1459 2253 1646 2288 contrario
1678 2253 1722 2287 de
1754 2252 1971 2287 testamentis
2001 2252 2195 2288 liberorum
2225 2252 2348 2288 eadem
2379 2263 2458 2289 cum

232 2298 389 2344 quadam
412 2297 644 2334 distinctione
667 2297 896 2332 constituere.
945 2295 1137 2332 Sancimus
1159 2298 1284 2344 iqitur,
1308 2309 1354 2333 ne
1377 2298 1498 2334 liberis
1520 2297 1629 2333 liceat
1644 2302 1822 2344 parentes
1843 2307 1930 2332 suos
1946 2298 2152 2343 praeterire
2175 2298 2230 2334 vel
2252 2297 2326 2333 ullo
2351 2299 2458 2334 modo

232 2355 256 2378 a
278 2343 384 2379 rebus
406 2343 494 2385 suis,
517 2343 554 2377 in
571 2342 701 2388 quibus
722 2346 936 2388 potestatem
961 2342 1119 2377 testandi
1141 2342 1284 2385 habent,
1308 2354 1371 2378 eos
1383 2344 1497 2389 piane
1520 2343 1660 2378 alienos
1678 2342 1839 2385 reddere,
1863 2342 1936 2378 nisi
1953 2352 2084 2378 causas
2101 2354 2194 2389 quas
2213 2345 2462 2380 enumeraturi

231 2399 354 2423 sumus
377 2388 415 2423 in
440 2388 660 2423 testamentis
682 2388 758 2422 suis
780 2387 988 2433 specialiter
1010 2387 1234 2434 scripserint.
1282 2387 1363 2423 Has
1386 2393 1505 2423 autem
1529 2398 1606 2424 esse
1631 2387 1809 2423 iubemus.-

232 2436 254 2470 1
307 2432 349 2468 Si
358 2437 533 2480 parentes
548 2432 679 2468 liberos
694 2442 780 2467 suos
796 2431 847 2467 ad
860 2432 1045 2479 interitu-m
1062 2433 1156 2468 vitae
1173 2431 1347 2475 dederint,
1368 2437 1524 2479 excepta
1543 2437 1662 2468 tamen
1682 2443 1794 2468 causa
1815 2431 1865 2467 ad
1880 2432 2014 2468 crimen
2034 2432 2231 2467 maiestatis
2250 2433 2457 2478 referenda.

231 2479 257 2514 2
301 2477 344 2513 Si
367 2477 545 2523 veneficiis
560 2478 618 2513 vel
630 2476 939 2512 incantationibus
961 2477 1019 2512 vet
1036 2477 1110 2513 alio
1134 2477 1241 2513 modo
1258 2483 1436 2525 parentes
1458 2479 1552 2514 vitae
1572 2478 1766 2513 liberorum
1788 2476 1980 2512 insidiatos
2002 2487 2079 2512 esse
2094 2476 2376 2513 demonstratum
2398 2479 2458 2516 sit.

231 2524 257 2559 3
303 2522 345 2558 Si
365 2527 474 2569 pater
496 2533 575 2558 cum
599 2534 694 2558 nuru
717 2533 785 2557 sua
809 2522 864 2558 vel
886 2521 1086 2557 concubina
1103 2523 1258 2569 proprii
1274 2523 1347 2567 filii
1368 2534 1503 2570 eorpus
1524 2523 1715 2558 miscuerit.

231 2569 257 2604 4
302 2567 345 2603 Si
394 2572 538 2603 arentes
561 2567 694 2603 liberos
716 2577 803 2602 suos
828 2571 1040 2603 testamenta
1061 2568 1189 2612 faeere
1205 2568 1463 2615 prohibuerint
1484 2569 1523 2603 in
1541 2567 1660 2610 rebus,
1683 2568 1722 2602 in
1740 2567 1871 2613 quibus
1896 2567 2051 2603 testandi
2068 2570 2285 2614 potestatem
2306 2567 2460 2611 habent;

231 2618 272 2649 ut
302 2614 337 2650 vi
362 2613 465 2649 elicet
496 2613 616 2648 omnia
650 2613 689 2647 in
718 2611 967 2658 prohibitione
1001 2612 1176 2648 eiusmodi
1207 2618 1499 2649 testamentorum
1532 2613 1764 2649 observentur
1798 2623 1893 2658 quae
1922 2612 1961 2647 in
1988 2616 2185 2658 parentum
2214 2623 2376 2659 persona
2406 2614 2455 2650 di-

231 2659 438 2695 stinaeimus.

232 2705 256 2740 ὃ
304 2703 346 2738 Si
364 2704 468 2750 sorte
490 2703 642 2738 maritus
665 2703 780 2738 uxori
799 2713 888 2738 suae
919 2701 968 2737 ad
990 2703 1173 2737 interitum
1204 2702 1260 2738 vel
1289 2702 1416 2738 mentis
1445 2702 1698 2739 alienationem
1727 2713 1898 2738 venenum
1929 2701 2079 2742 dederit,
2111 2702 2169 2738 vel
2189 2713 2289 2738 uxor
2315 2703 2459 2744 marito,

232 2749 290 2784 vel
310 2748 384 2784 alio
408 2748 515 2783 modo
540 2748 633 2783 alter
657 2747 807 2783 alterius
831 2748 924 2783 vitae
948 2747 1140 2782 insidiatus
1162 2748 1228 2792 sit,
1260 2747 1434 2783 eiusmodi
1457 2748 1599 2794 quidem
1621 2749 1755 2783 crimen
1786 2751 1912 2793 utpote
1930 2746 2115 2793 publicum
2145 2747 2339 2782 secundum
2363 2747 2460 2793 leqes

1380 2863 1446 2905 Ep.
1471 2858 1662 2895 κωλύσειεν
1678 2861 1738 2905 Lu
1758 2862 1800 2896 26
1823 2860 1888 2894 τοῦ
1913 2873 1971 2893 om.
1986 2860 2050 2902 Ep.
2069 2859 2081 2903 Ι]
2099 2858 2249 2892 πάντων
2270 2879 2312 2883 -
2334 2862 2376 2894 28
2389 2857 2459 2894 διε·

1381 2906 1485 2946 στίξα
1515 2919 1554 2940 εν
1579 2920 1636 2940 om.
1649 2906 1713 2951 Ep.
1731 2906 1744 2949 ss
1761 2906 1838 2939 τῶν
1862 2918 1920 2939 om.
1934 2906 1993 2941 Ας
2011 2904 2024 2949 ΙΙ
2039 2905 2083 2951 τῇ
2109 2917 2168 2938 om.
2183 2905 2214 2938 L
2230 2904 2242 2949 ΙΙ
2263 2906 2304 2939 28
2320 2905 2373 2948 τῷ
2399 2919 2456 2939 οηι.

1380 2952 1428 2984 A¹
1444 2952 1455 2996 ΙΙ
1475 2920 1702 2995 δίεστίξαμεν
1717 2950 1897 2996 προςιύπῳ
1913 2951 1970 2983 Pr.
1990 2950 2002 2993 ΙΙ
2027 2952 2069 2983 29
2085 2949 2203 2995 συμβῇ
2218 2951 2274 2984 Pr.
2283 2951 2433 2994 plerique
2448 2952 2459 2989 ΙΙ

1380 2996 1449 3029 τὸν
1471 2993 1599 3042 ἄνδρα]
1624 2999 1683 3030 aut
1705 2996 1814 3029 virum
1835 3008 1854 3032 ς
1871 2996 1884 3039 ΙΙ
1907 2995 1970 3037 τῆς
1994 2991 2105 3028 αὐτοῦ
2129 2995 2284 3040 γαμετῆς
2307 2997 2353 3029 Α“
2370 2996 2383 3039 ΙΙ
2399 2995 2458 3037 εἰς]

1380 3041 1470 3085 πρὸς
1489 3043 1521 3075 A
1533 3043 1598 3086 Ep.
1622 3039 1644 3083 ἢ
1661 3041 1709 3075 εἰς
1725 3042 1781 3075 Pr.
1799 3041 1812 3085 ΙΙ
1830 3042 1872 3075 30
1895 3041 1958 3082 τῆς
1982 3037 2142 3072 διανοίας
2164 3053 2221 3073 om.
2235 3042 2264 3074 A
2281 3041 2294 3084 Ι]
2310 3042 2353 3076 31
2378 3039 2459 3082 τὸν]

1380 3086 1423 3120 τὸ
1437 3088 1477 3120 Μ
1491 3087 1504 3130 ΕΙ
1523 3088 1565 3121 32
1580 3087 1646 3130 μὲν
1663 3099 1720 3120 om.
1734 3087 1776 3127 A,
1791 3087 1848 3120 Pr.
1862 3098 1943 3119 unus
1958 3086 1970 3128 ΙΙ
1991 3087 2032 3118 33
2050 3084 2108 3118 ota
2131 3098 2190 3118 om.
2201 3085 2260 3119 Pr.
2274 3100 2302 3118 v.
2314 3087 2348 3128 1.,
2360 3086 2424 3129 Ep.
2447 3088 2460 3129 ss

1380 3132 1538 3174 publicon
1554 3132 1604 3172 M
1625 3129 1822 3175 πούβλικον
1834 3132 1898 3164 LA
1909 3130 1966 3163 Pr.
1978 3132 2042 3174 Ep.
2067 3126 2243 3173 δημόσιον
2255 3131 2305 3164 B⁸

281 2865 298 2898 1
322 2861 459 2906 ληγάτα
478 2860 530 2902 (λε
553 2860 625 2894 άτα
638 2865 681 2902 Α)
708 2862 811 2894 MLA
822 2863 853 2902 ς]
878 2857 899 2903 ἢ
924 2858 1058 2913 ληγάτα
1077 2858 1221 2907 (λεγάτα
1236 2862 1313 2904 Ep.)

234 2909 292 2942 Pr.
302 2909 367 2951 Ep.
386 2907 399 2951 ΙΙ
422 2905 445 2949 ἢ
469 2875 726 2952 φιὸζικόμμισα
747 2907 776 2938 L
799 2903 823 2948 ἢ
846 2902 1085 2951 φιδικομισσα
1107 2907 1177 2939 MA
1207 2901 1229 2949 ἢ
1254 2908 1312 2938 καὶ

233 2953 279 2986 τὰ
299 2955 418 2988 πίστει
442 2954 517 2986 τινὶ
540 2950 800 2995 παρατεθέντα
825 2951 883 2984 Pr.
898 2952 963 2994 Ep.
982 2950 995 2994 ΙΙ
1019 2952 1038 2983 2
1063 2949 1267 2998 ἐλευθερίας
1290 2948 1313 2993 ἢ

235 3011 294 3032 οηι.
308 2999 354 3031 M
363 2999 375 3040 Ι]
394 2997 604 3041 ἐπιτροπῶν
621 2998 652 3030 A
669 2997 681 3039 ΙΙ
699 2993 826 3037 δόσεις]
850 2995 913 3029 τὰς
936 2997 1055 3037 (adeor.
1069 3009 1095 3029 ε.
1109 3009 1137 3030 v.
1153 2997 1195 3030 Μ
1202 2996 1229 3037 ⁶)
1253 2993 1312 3029 δό-

234 3053 306 3077 σεις
332 3041 404 3087 ΜΙΙ
435 3045 454 3076 5
477 3039 526 3075 ὠς
548 3042 580 3075 εἰ
605 3042 729 3082 MP1·.]
753 3037 802 3074 αἶς
825 3038 873 3074 ἂν
896 3040 927 3073 εἰ
952 3041 982 3074 L
1006 3038 1054 3074 ὠς
1078 3042 1108 3074 A
1132 3038 1193 3083 (αἶς
1215 3041 1246 3074 εἰ
1268 3060 1313 3066 -

235 3088 374 3132 ἐκράτει
398 3101 455 3120 om.
471 3089 550 3130 Ep.)
569 3089 580 3127 11
603 3085 646 3120 τὸ
667 3088 771 3130 μέρος
794 3099 852 3120 om.
867 3098 886 3122 ς
903 3086 915 3129 ΙΙ
940 3088 960 3119 6
984 3084 1033 3128 μὴ
1058 3081 1313 3131 ἀνατραπῆναι

233 3132 303 3175 τὴν
327 3129 512 3174 διαθήκην
535 3131 740 3176 κρατοῦσαν
763 3132 793 3164 A
817 3131 829 3174 ΙΙ
860 3133 879 3165 8
903 3128 946 3167 ις’
961 3144 1063 3174 marq.
1077 3134 1107 3164 A
1134 3131 1146 3175 ΙΙ
1169 3134 1229 3164 καὶ
1254 3144 1312 3164 om.

235 3179 299 3221 Ep.
326 3178 338 3217 ΙΙ
364 3180 404 3211 10
430 3174 616 3219 διαστολῆς
635 3177 698 3220 Ep.
724 3177 737 3219 11
769 3178 806 3210 11
834 3176 1058 3221 πραετερίῒιιε
1079 3177 1125 3209 Μ
1153 3188 1312 3220 πραιτω-

235 3222 353 3266 ριτοὺς
374 3223 406 3256 Δ
443 3218 730 3266 ἀμνημονεύτους
754 3221 843 3254 LB⁸
879 3218 1100 3265 άποκλήρους
1124 3222 1180 3255 Pr.
1206 3223 1271 3265 Ep.
1302 3221 1313 3263 ΙΙ

239 3269 277 3301 13
310 3265 552 3301 διατίθεσθαι
587 3265 754 3306 ἐξουσίαν
786 3266 904 3307 έχουσι
930 3266 986 3299 Pr.
1015 3266 1028 3310 ΙΙ
1061 3265 1216 3308 τούτους]
1252 3262 1311 3298 αὖ·

234 3312 315 3346 τοὺς
340 3314 370 3345 A
397 3314 410 3354 ΙΙ
448 3314 487 3346 14
510 3309 550 3345 ἃς
579 3309 821 3357 ἀριθμοῦμεν]
856 3311 916 3352 τῆς
947 3307 1154 3355 ἀχαριστίας
1178 3312 1238 3351 B‘,
1272 3306 1314 3344 ἃς

236 3370 293 3390 om.
319 3357 365 3390 L¹
390 3357 403 3400 ΙΙ
434 3359 474 3391 15
499 3354 621 3389 ἰδικῶς
650 3357 691 3389 ἐν
719 3358 796 3389 ταῖς
828 3355 970 3388 οἰκείαις
994 3359 1040 3395 A,
1077 3357 1117 3388 ἐν
1141 3365 1170 3390 et
1193 3353 1314 3389 ἰδικῶς

237 3414 293 3433 om.
313 3402 361 3434 B·
386 3402 399 3439 ΙΙ
427 3402 643 3447 ἐγγράφοιεν
668 3402 711 3434 M
716 3402 793 3439 LA,
823 3401 876 3433 Pr.
893 3402 1057 3444 plerique,
1082 3402 1158 3444 Ep„
1192 3398 1312 3447 ἐγγρά-

237 3456 345 3488 ψαιεν
368 3449 427 3478 καὶ
452 3443 555 3479 αὐτοὶ
579 3447 628 3479 Β*
654 3446 912 3487 (nominaverint
936 3448 967 3487 ς)
998 3446 1011 3490 Ι]
1046 3447 1084 3480 17
1110 3449 1247 3490 sinyulis
1272 3450 1309 3485 ἐξ

238 3502 380 3522 numeros
405 3499 569 3534 apponant
589 3488 709 3533 α’-η’
724 3492 771 3531 A,
804 3487 922 3531 «ι’-ζ’
938 3491 969 3523 L
998 3491 1010 3534 ss
1040 3489 1100 3532 εἰς]
1134 3490 1225 3536 πρὸς
1248 3492 1278 3524 Α
1302 3491 1314 3534 ΙΙ

239 3535 281 3566 20
304 3534 346 3574 εἴ]
366 3531 389 3575 ἢ
413 3537 454 3575 A,
476 3536 525 3569 B‘
539 3549 567 3569 v.
583 3537 617 3579 L,
641 3536 706 3579 Ep.
729 3535 742 3573 ΙΙ
771 3533 807 3568 οἱ
827 3536 942 3580 γονεῖς
965 3549 1022 3568 om.
1037 3535 1101 3579 Ep.
1129 3538 1142 3578 Ι]
1169 3539 1208 3570 21
1237 3535 1312 3570 ἐπι-

238 3575 464 3619 βουλεύοντες
491 3581 536 3613 B,
561 3582 574 3620 ιι
599 3583 641 3615 22
666 3581 708 3621 ει]
733 3575 756 3623 ἢ
780 3582 809 3613 A
835 3581 847 3623 ιι
869 3578 1035 3627 παλλακῇ
1060 3581 1109 3613 Β·
1136 3581 1188 3613 Pr.
1212 3582 1245 3614 E
1268 3607 1276 3616 .
1301 3579 1314 3625 ΙΙ

240 3623 291 3673 23‘
302 3622 430 3655 οἰκείου
445 3625 500 3663 Μ]
526 3622 616 3657 ἰδίου
639 3626 752 3658 LAB'
776 3625 831 3658 Pr.
858 3627 922 3668 Ep.
941 3625 954 3668 ΙΙ
980 3625 1024 3659 24
1047 3625 1089 3666 εἰ]
1114 3621 1137 3667 ἢ
1160 3627 1190 3659 A
1207 3626 1220 3669 ΙΙ
1260 3637 1311 3658 ια·

239 3664 360 3708 &ilium
384 3668 408 3698 A
426 3667 439 3710 ΙΙ
458 3667 684 3709 ποιήσασθαι
707 3671 735 3702 A
750 3670 806 3702 Pr.
820 3670 883 3712 Ep.
903 3670 916 3713 ss
933 3671 974 3703 25
999 3668 1197 3703 κωλύσαιεν
1211 3674 1237 3704 A
1255 3670 1311 3704 Pr.
1342 3689 1346 3701 ι

1428 3268 1443 3300 1
1467 3265 1531 3307 vel]
1556 3268 1588 3298 et
1611 3266 1642 3299 Τ
1656 3265 1669 3310 ΙΙ
1685 3266 1705 3299 2
1726 3263 1876 3307 qualibet
1895 3264 1952 3308 Vn
1970 3267 1991 3298 4
2010 3263 2164 3297 omnibus
2183 3264 2215 3297 Τ
2256 3263 2392 3296 fuerunt
2412 3261 2455 3302 V]

1381 3311 1508 3343 suerint
1531 3311 1696 3355 RTvuly.
1725 3309 1738 3353 Ι]
1765 3311 1784 3343 5
1809 3311 1848 3341 ut
1869 3310 1914 3350 V]
1948 3313 1980 3342 et
2003 3310 2165 3352 RTvuly.
2195 3308 2208 3352 fl
2259 3309 2310 3349 οο]
2333 3315 2371 3339 ea
2394 3305 2427 3338 T
2444 3307 2456 3348 ΙΙ

1381 3357 1400 3390 8
1420 3359 1452 3388 et
1472 3366 1489 3388 e
1513 3368 1571 3389 om.
1595 3354 1711 3399 Vn12
1731 3353 1831 3387 habet
1852 3354 1900 3387 R¹
1915 3354 1928 3398 ΙΙ
1950 3356 1989 3388 13
2015 3365 2096 3396 quas
2118 3367 2156 3388 ez·
2176 3365 2258 3387 corr.
2281 3349 2356 3401 ΡΠ
2372 3359 2454 3401 enu-

1380 3400 1577 3433 merabimus
1603 3401 1650 3441 T]
1681 3399 1948 3432 enumerauimus
1972 3400 2139 3442 RVvuly.
2163 3397 2177 3442 1]
2207 3398 2247 3431 14
2269 3399 2455 3428 nominauit

1351 3475 1368 3488 ,
1385 3446 1416 3478 Τ
1433 3445 1445 3487 ΙΙ
1473 3448 1513 3479 15
1538 3455 1605 3478 esse
1630 3458 1687 3479 om.
1703 3445 1735 3479 R
1764 3444 1777 3489 ΙΙ
1810 3447 1849 3479 17
1876 3457 2021 3478 numeros
2043 3442 2266 3494 parayraphie
2289 3440 2456 3491 adponant

1380 3489 1485 3523 R2T²
1503 3490 1516 3534 ΙΙ
1534 3492 1574 3525 18
1595 3491 1641 3523 tii»
1660 3490 1729 3524 ΒΤ
1772 3491 1814 3524 20
1838 3489 1995 3522 maleficis
2015 3489 2048 3522 V
2065 3486 2228 3521 uenantu-
2246 3483 2296 3517 Τι
2312 3483 2325 3527 ΙΙ
2344 3485 2381 3518 21
2403 3495 2454 3517 in-

1381 3534 1466 3567 sidia
1488 3535 1536 3567 V*
1560 3534 1714 3568 insidiari
1771 3534 1786 3555 ³
1807 3534 1820 3578 ΙΙ
1845 3534 2030 3577 probantur
2049 3531 2114 3575 V!
2137 3530 2179 3564 24
2202 3529 2380 3561 concedere
2405 3529 2452 3562 R·

1391 3579 1439 3612 V¹
1456 3580 1468 3622 1]
1486 3580 1672 3622 proibuerit
1692 3579 1741 3614 Β*
1757 3579 1771 3624 Ι
1788 3581 1830 3614 25
1852 3579 2015 3617 habetss¹
2030 3577 2045 3621 Ι
2061 3577 2104 3611 26
2122 3574 2158 3607 in
2182 3586 2240 3607 om.
2264 3573 2319 3617 Vll
2337 3576 2378 3607 27
2396 3585 2453 3617 pa—

1380 3624 1484 3657 rentis
1506 3625 1554 3658 V⁰
1578 3625 1721 3669 pare-03
1747 3624 1827 3668 R¹fl
1867 3623 1992 3657 monis
2014 3619 2074 3661 13²,
2098 3631 2155 3652 om.
2175 3618 2222 3651 12¹
2241 3618 2253 3661 Ι]
2278 3620 2319 3653 29
2344 3623 2452 3652 autem

1391 3669 1446 3713 Vll
1464 3671 1499 3703 31
1518 3671 1636 3703 merito
1654 3670 1708 3703 T⁰
1724 3669 1737 3713 ΙΙ
1753 3668 1866 3702 alteris
1882 3668 1960 3711 ΤἸ]
1977 3666 2021 3700 32
2038 3663 2119 3707 quid
2137 3663 2182 3696 T'
2203 3662 2216 3707 ΙΙ
2232 3666 2350 3707 utpute
2372 3663 2452 3698 VT¹
