2586 3990
163 138 221 168 m·
249 136 368 170 Anus
396 127 674 180 rummiens

162 247 303 282 χοντος,
333 232 356 280 ἢ
383 238 444 271 καὶ
471 236 551 270 τῶν
574 233 696 269 ἄλλων
727 233 777 269 οἷς
800 235 918 270 ταῦτα
940 233 1040 281 παρὰ
1063 235 1140 270 τῶν
1160 231 1241 279 ἦμε-

162 284 279 335 τέρων
297 283 559 325 ἐπιτέτραπται
574 281 712 324 νόμων.
760 280 790 314 εἰ
807 277 846 314 δὲ
862 277 986 315 παῖδας
1004 279 1052 323 μὴ
1070 273 1150 322 ὦσι,
1175 279 1243 323 τὴν

162 339 227 360 του
260 327 428 372 ἑκατέρου
468 323 659 373 προςώπου
699 328 910 371 περιουσίαν
948 327 1041 360 τοῖς·
1063 322 1244 369 δημοσίοις

163 369 342 418 λογισμοῖς
364 370 673 417 προςκυροῦσθαι,
703 375 763 404 καὶ
787 369 869 405 τοὺς
897 371 1013 404 ταῦτα
1036 369 1087 406 πλ
1109 367 1242 415 μμελῆ-

160 427 298 451 σαντας
319 418 479 460 νομίμοις
503 413 781 459 ὑποβάλλεσθαι
800 418 996 461 τιμωρίαις.
1039 384 1108 450 ἄλλ

163 459 345 514 διάζευξιν,
354 458 485 508 γάμων
500 461 673 506 γίνεσθαι
689 462 727 495 ἐκ
744 463 982 495 συναινέσεως
1004 456 1125 495 οὗδενὶ
1146 458 1242 507 λόγῳ

163 517 424 552 συγχωρουμεν.

1227 119 1307 167 561

1916 120 2024 166 Nov.
2055 118 2213 165 oxvn
2244 123 2307 164 10.
2342 123 2388 180 11

1310 233 1439 279 quibus
1471 233 1560 268 haec
1590 241 1635 268 ex
1665 231 1799 268 nostris
1831 231 1969 276 legibus
2000 234 2085 268 sunt
2109 232 2308 268 commissa.
2355 230 2395 267 Si

1313 282 1431 315 autem
1454 278 1518 313 filii
1539 287 1613 313 non
1636 277 1718 319 sint,
1745 276 1932 321 utriusque
1955 286 2130 323 personae
2156 276 2394 313 substantiam

1311 324 1390 360 fisci
1419 323 1620 359 rationibus
1649 321 1842 367 applicari,
1875 325 1911 358 et
1941 332 2003 358 eos
2035 322 2095 367 qui
2126 322 2214 358 talia
2239 322 2393 366 delique-

1312 373 1396 404 runt
1419 368 1583 414 legitimis
1607 367 1712 403 subdi
1735 366 1931 411 suppliciis.
1978 367 2094 402 Aliter
2124 367 2217 402 enim
2250 376 2393 411 separa-

1109 426 1157 450 ως
1174 414 1243 461 γὰρ
1280 419 1299 450 5
1311 415 1442 450 tionem
1463 412 1768 449 matrimoniorum
1785 411 1864 448 fieri
1879 421 1924 448 ex
1940 422 2117 449 consensu
2136 413 2235 447 nulla
2253 412 2394 447 ratione

1311 459 1560 505 permittimus.

1154 598 1311 654 offm-
1334 617 1396 653 XI.

233 695 278 730 Τὸ
302 699 427 741 μέντοι
458 695 548 742 παρ’
575 696 680 741 ἡμῶν
704 696 960 740 νομοθετηθὲν
991 699 1072 741 περὶ
1105 698 1181 730 τῶν
1206 697 1245 730 ἐν

164 739 341 789 ἐξποδίτῳ
377 740 501 776 ὄντων
534 745 593 776 καὶ
626 744 666 776 ἐν
696 745 899 788 στρατείαις
933 740 1243 786 καταλεγομένων,

1380 695 1485 740 Quod
1507 697 1628 732 autem
1651 704 1674 730 a
1695 694 1799 730 nobis
1823 693 1999 729 sancitum
2030 696 2086 729 est
2115 693 2159 728 de
2187 693 2243 728 his
2274 693 2335 737 qui
2357 692 2396 728 in

1314 741 1598 786 expeditionibus
1623 741 1710 776 sunt
1731 741 1768 775 et
1789 739 1826 774 in
1846 739 1982 774 militiis
2006 738 2208 781 constituti,
2234 738 2306 773 sive
2330 738 2394 773 mi-

163 787 234 821 εἴτε
265 798 310 821 στ
333 788 488 821 ατιιῦται
518 787 589 821 εἶεν
620 787 690 822 εἴτε
720 784 928 833 φοιδεράτοι
959 786 1029 820 εἴτε
1061 784 1244 831 σχολάριοι
1260 788 1301 820 10
1314 786 1394 822 lites
1417 786 1491 822 sint
1520 786 1594 821 sive
1615 784 1792 821 foederati
1822 784 1895 820 sive
1918 783 2100 819 scholares
2132 784 2205 820 sive
2235 782 2296 818 alii
2320 782 2395 827 qui-

163 832 234 866 εἴτε
266 830 311 865 ἄλ
333 845 368 866 οι
399 834 493 866 τινὲς
528 830 593 877 ὑφ’
627 833 754 878 ἑτέραν
785 832 933 866 οἱανοῦν
964 834 1157 876 στρατείαν
1189 833 1243 865 ἔν-

164 876 278 911 οπλον
297 875 585 932 καταλεγόμενοι,
610 876 757 911 κάλλιον
778 874 1007 911 διατυπῶσαι
1024 873 1243 920 συνείδομεν.

163 925 223 955 καὶ
247 921 437 966 κελεύομεν
462 920 702 965 οσουςὸήποτε
722 921 906 956 ἐνιαυτοὺς
922 923 962 955 ἐν
978 919 1153 964 ἐξπεδίτῳ
1169 924 1243 965 μεί-

164 978 274 1009 νωσι,
300 970 504 1012 περιμένειν
527 967 589 1001 τὰς
612 967 755 1012 τούτων
778 964 952 1013 γαμετάς,
977 964 1046 1000 κᾶν
1064 966 1112 1010 μὴ
1133 965 1200 1012 γρά
1230 986 1243 990 -

1315 831 1396 866 dam
1427 831 1493 867 sub
1518 831 1588 866 alia
1620 839 1843 876 quacumque
1873 829 1999 865 militia
2029 830 2168 865 armata
2199 827 2395 870 constituti,

1314 877 1439 911 melius
1464 876 1629 912 ordinare
1652 875 1908 921 perspeximus.
1963 875 2011 909 Et
2034 874 2195 909 iubemus
2225 875 2394 918 quantos-

1315 932 1465 965 cumque
1489 931 1602 957 annos
1632 921 1669 956 in
1692 920 1853 966 expedito
1884 919 2098 963 manserint,
2131 919 2307 954 sustinere
2330 917 2395 953 ho-

1314 977 1393 1001 rum
1409 977 1549 1007 uxores,
1575 967 1660 1002 licet
1684 976 1750 1001 nec
1768 965 1907 1000 litteras
1930 974 1997 1000 nec
2017 974 2228 1009 responsum
2252 963 2396 1016 aliquod

163 1025 262 1055 ματα
283 1010 307 1055 ἢ
331 1009 523 1056 ἀπόκρισίν
545 1025 629 1046 τινα
654 1013 753 1064 παρὰ
783 1013 861 1066 τῶν
884 1009 990 1046 ἰδίων
1018 1008 1165 1057 ἀνδρῶν
1212 1014 1243 1044 ε’·
1261 1013 1300 1045 15
1314 1021 1336 1045 a
1358 1011 1434 1047 suis
1463 1011 1601 1046 maritis
1632 1011 1865 1056 susceperint.
1914 1009 1951 1045 Si
1981 1018 2052 1054 qua
2082 1019 2164 1044 vero
2196 1019 2241 1044 ex
2271 1009 2395 1044 huius-

164 1057 311 1098 ξωνται.
358 1058 389 1090 εἰ
420 1055 462 1091 δέ
489 1068 543 1091 τις
573 1059 611 1090 ἐκ
641 1070 718 1091 των
749 1069 930 1091 τοιουτων
959 1057 1142 1103 γυναικῶν
1176 1056 1244 1090 τὸν

163 1101 258 1136 ἴδιον
294 1100 414 1148 ἄνδρα
448 1099 592 1136 ἀκούσει
626 1101 930 1144 τετελευτηκέναι,
966 1099 1048 1135 οὐδὲ
1080 1100 1167 1135 τότε
1198 1101 1245 1135 εἰς

164 1148 302 1192 ἑτέρους
323 1144 438 1190 αὐτὴν
461 1146 586 1181 ἐλθεῖν
608 1146 741 1195 γάμους
764 1149 1014 1192 ἐπιτρέπομεν,
1039 1147 1070 1180 εἰ
1087 1146 1136 1191 μὴ
1157 1146 1243 1191 πρό-

163 1205 268 1238 τερον
289 1195 534 1238 παραγένηται
557 1189 579 1235 ἡ
596 1193 680 1248 xvv*
698 1190 760 1247 ’δι’
780 1193 905 1235 ἑαυτῆς
923 1191 945 1235 ἢ
965 1190 1025 1226 διὰ
1045 1192 1123 1226 τῶν
1139 1190 1245 1226 ἰδίων

1313 1056 1409 1092 modi
1439 1057 1645 1092 mulieribus
1681 1066 1786 1091 suum
1820 1055 1987 1090 maritum
2020 1054 2174 1090 audierit
2203 1056 2395 1095 mortuum,

1314 1111 1428 1146 neque
1451 1104 1539 1136 tunc
1563 1102 1610 1137 ad
1629 1101 1719 1136 alias
1743 1110 1822 1136 eam
1839 1100 1959 1135 venire
1978 1100 2123 1145 nuptias
2143 1099 2305 1142 sinimus,
2326 1098 2397 1134 nisi

1313 1146 1413 1191 prius
1437 1147 1630 1182 accesserit
1652 1145 1780 1181 mulier
1803 1155 1866 1190 per
1890 1155 1929 1180 se
1954 1148 2017 1180 aut
2040 1154 2106 1190 per
2121 1154 2205 1180 suos
2229 1146 2396 1189 parentes

1314 1194 1376 1226 aut
1411 1201 1476 1235 per
1512 1191 1618 1226 aliam
1653 1200 1912 1235 quamcumque
1947 1199 2138 1235 personam
2176 1189 2223 1226 ad
2257 1189 2395 1234 priores

164 1241 302 1283 γονέων
321 1236 344 1281 ἢ
368 1234 420 1271 δι’
446 1236 555 1271 ἄλλον
585 1250 662 1271 οιου
687 1250 800 1281 ηποτε
830 1235 1020 1283 προςιόπου
1051 1237 1142 1283 πρὸς
1164 1236 1246 1281 spic
1260 1238 1302 1270 20
1314 1237 1452 1271 numeri
1475 1240 1511 1271 et
1535 1236 1765 1278 cartularios,
1796 1236 1834 1270 in
1859 1246 1928 1280 quo
1960 1235 2065 1271 huius
2096 1235 2244 1270 maritus
2267 1234 2394 1269 milita-

165 1285 313 1329 πρίορας
343 1283 407 1316 τοῦ
433 1279 594 1328 ἀριθμοῦ
624 1285 686 1316 καὶ
717 1283 800 1316 τούς
831 1282 1076 1324 cartulariovs,
1110 1283 1149 1316 ἐν
1170 1282 1200 1325 ᾧ
1225 1278 1244 1315 ὁ

164 1327 296 1370 ταύτης
327 1324 419 1373 ἀνὴρ
443 1326 687 1373 ἐστρατεύετο,
719 1331 779 1361 καὶ
802 1328 948 1362 τούτους
971 1326 1052 1370 ἤτοι
1079 1326 1148 1361 τὸν
1171 1339 1246 1373 τρι-

165 1374 311 1416 βοῦνον,
344 1374 380 1406 εἴ
395 1386 441 1427 γες
459 1372 646 1427 πάρεστιν,
679 1372 860 1427 ἐρωτήσῃ,
876 1373 927 1426 “ei
949 1374 1027 1407 ταῖς
1057 1369 1247 1414 ἀληθείαις

1314 1281 1387 1324 bat,
1414 1284 1449 1316 et
1472 1291 1534 1317 eos
1558 1291 1622 1316 seu
1646 1281 1845 1323 tribunum,
1869 1281 1900 1315 si
1919 1283 2039 1315 tamen
2063 1280 2175 1322 adest,
2200 1279 2395 1325 interroga-

1314 1327 1413 1368 verit,
1437 1326 1470 1362 si
1492 1337 1557 1371 pro
1578 1327 1725 1361 veritate
1748 1327 1911 1361 mortuus
1936 1327 1992 1360 est
2016 1325 2091 1360 eius
2116 1324 2258 1366 coniux,
2282 1326 2323 1359 ut
2345 1324 2397 1359 illi

1314 1372 1448 1407 sanctis
1479 1371 1671 1416 evangeliis
1701 1370 1895 1416 propositis
1926 1371 2000 1422 sub·
2015 1369 2124 1414 gestis
2147 1373 2395 1405 monumento-

166 1417 392 1461 ἐτελεύτησεν
423 1431 442 1452 ο
474 1430 563 1464 αυτῃ
594 1429 825 1461 συνοικησας,
862 1428 949 1452 ωςτε
984 1419 1136 1452 ἐκείνους
1169 1418 1246 1451 τῶν
1313 1428 1394 1452 rum
1417 1418 1613 1462 deponant,
1644 1416 1676 1452 si
1698 1426 1765 1461 pro
1789 1415 1938 1451 veritate
1969 1425 2022 1451 v1r
2049 1418 2211 1450 mortuus
2235 1418 2299 1450 est.
2349 1414 2397 1449 Et

164 1460 283 1515 ἁγίων
307 1460 525 1509 εὐαγγελίων
549 1466 795 1508 προκειμένων
820 1464 880 1498 ἐπὶ
901 1462 1065 1517 πράξεως
1084 1461 1245 1517 ῥπομνη-
1259 1464 1300 1496 25
1313 1466 1504 1508 postquam
1526 1462 1617 1497 haec
1631 1465 1733 1507 gesta
1755 1463 2065 1497 monumentorum
2086 1460 2252 1497 confecta
2270 1460 2397 1495 mulier

164 1521 295 1551 ματων
318 1508 602 1551 κατατίθεσθαι,
626 1509 657 1542 εἰ
681 1511 758 1542 ταῖς
781 1505 970 1551 ἀληθείαις
992 1520 1012 1541 ο
1032 1505 1126 1553 ἀνηρ
1148 1519 1245 1541 τετε-

165 1551 327 1596 λεύτηκε·
365 1557 424 1587 καὶ
447 1551 541 1597 μεθ’
568 1550 591 1586 ὃ
618 1554 736 1587 ταῦτα
765 1553 894 1599 πράξει
925 1553 972 1587 τὰ
1001 1550 1246 1597 ὑπομνήματα

166 1595 429 1644 ἀναληφθέντα
459 1596 481 1641 ἦ
509 1598 599 1643 γυνὴ
633 1595 724 1644 ὑπὲρ
755 1599 817 1642 τῆς
850 1596 942 1632 ἰδίας
968 1601 1164 1644 μαρτυρίας
1192 1599 1246 1632 ἐκ·

165 1642 271 1691 λάβῃ,
301 1646 361 1677 καὶ
391 1644 482 1687 μετὰ
514 1645 632 1696 ταῦτα
655 1641 844 1697 κελεύομεν
873 1646 996 1698 μεζνειν
1028 1640 1144 1686 αὐτὴν
1167 1643 1247 1677 ἑνὸς

166 1689 331 1723 ἐνιαυτοῦ
357 1686 552 1743 διάστημα,
577 1684 666 1722 ω’ςτε
680 1702 771 1733 μετα
793 1702 862 1731 την
879 1689 989 1722 αυτοῦ
1000 1687 1247 1743 ,παραδρομὴν
1261 1690 1303 1723 30

166 1733 297 1774 ἐξεῖναι
332 1734 446 1780 ταύτῃ
482 1746 640 1789 νομιμον
674 1732 932 1788 συναλλάττειν
965 1746 1090 1779 γαμον.
1146 1734 1178 1767 εἰ
1209 1731 1249 1767 δὲ

1313 1518 1378 1553 pro
1404 1518 1468 1543 suo
1493 1507 1695 1543 testimonio
1716 1506 1928 1551 perceperit,
1952 1505 2059 1541 etiam
2083 1509 2166 1550 post
2183 1505 2273 1540 haec
2296 1505 2395 1540 iube-

1314 1563 1393 1588 mus
1416 1563 1560 1587 manere
1585 1562 1662 1587 eam
1685 1551 1791 1587 unius
1815 1551 1900 1586 anni
1923 1551 2095 1596 spatium,
2120 1553 2162 1585 ut
2184 1550 2291 1585 etiam
2314 1552 2398 1594 post

1315 1598 1411 1633 hunc
1441 1598 1631 1633 decursum
1661 1597 1767 1633 liceat
1797 1596 1971 1641 legitimas
2004 1595 2216 1631 contrahere
2238 1595 2394 1640 nuptias.

1316 1643 1354 1678 Si
1377 1646 1497 1679 autem
1527 1646 1672 1688 praeter
1703 1643 1796 1678 hanc
1826 1641 2109 1679 observationem
2137 1641 2263 1676 mulier
2293 1649 2396 1685 prae-

109 1825 112 1827 *
168 1779 268 1825 παρὰ
298 1779 437 1822 ταύτην
465 1792 534 1821 την
563 1791 825 1824 παρατηρησινΥ
849 1793 870 1822 η
902 1792 990 1825 γυνη
1017 1778 1182 1823 τολμήσει
1207 1779 1254 1812 εἰς

222 1883 248 1903 c.
262 1870 326 1921 Χζ
340 1877 427 1903 extat
443 1870 478 1902 B
492 1871 545 1911 28,
559 1878 586 1911 7,
600 1877 616 1904 3
640 1870 850 1912 (decurtatum
868 1870 917 1902 B⁸
940 1872 976 1902 Γ
991 1871 1023 1911 4,
1037 1877 1053 1903 3
1070 1883 1106 1913 p.
1123 1871 1188 1903 154
1206 1870 1324 1911 Zach.)
1349 1877 1378 1903 et
1392 1863 1473 1903 ..inde
1494 1846 1656 1903 No‘mocffl
1675 1869 1833 1902 XIVtit.
1850 1869 1902 1910 13,
1916 1875 1950 1907 33
1975 1868 2117 1901 maxima
2138 1878 2222 1910 pars
2245 1866 2292 1908 (10
2310 1864 2398 1898 Εἴτε

167 1924 391 1960 στρατιωται
413 1913 484 1948 εἶεν
507 1934 551 1939 -—
574 1916 650 1957 562,
665 1922 680 1948 8
699 1910 985 1959 ἀναλαμβάνειν)
1011 1917 1043 1968 in
1065 1915 1221 1948 Procltiro
1241 1916 1293 1956 11,
1310 1922 1423 1956 19—21,
1449 1914 1654 1959 Epanaqoqe
1672 1914 1725 1955 21,
1742 1922 1768 1947 7.
1784 1932 1829 1938 -
1854 1913 1987 1947 Summa
2007 1913 2141 1948 habetur
2160 1912 2292 1945 Nomoc.
2306 1911 2402 1944 XIV

167 1962 214 1994 tit.
230 1961 282 2002 13,
296 1967 312 1994 3
328 1973 363 2004 p.
378 1961 443 1994 612
461 1960 575 2001 Pitra,
599 1972 629 1992 υ.
653 1967 768 1994 14-30
791 1962 996 1994 summarium
1027 1961 1112 1993 Hm.
1136 1960 1190 2001 24,
1208 1967 1254 1994 39.

168 2063 368 2094 ceterorum
392 2058 521 2104 quibus
544 2058 633 2094 ltaec
656 2065 679 2093 a
704 2058 840 2104 leqibus
864 2058 997 2093 nostris
1019 2058 1209 2093 commissa
1230 2063 1324 2093 sunt.
1372 2056 1437 2092 Sin
1455 2057 1558 2092 liberi
1581 2067 1654 2091 non
1671 2060 1809 2099 extent,
1833 2055 1984 2092 alterius
2002 2065 2182 2101 personae
2197 2054 2400 2090 substantia

163 2103 323 2151 publicis
353 2103 555 2138 rationibus
586 2103 792 2145 addicatur,
828 2108 938 2148 atque
968 2102 1032 2148 qui
1062 2101 1150 2137 haec
1182 2102 1270 2137 talia
1300 2102 1553 2137 commiserunt
1582 2101 1751 2146 leqitimis
1781 2100 1971 2148 suppliciis
2001 2100 2237 2135 subiciantur.
2283 2099 2400 2135 Aliter

169 2149 262 2184 enim
284 2148 498 2184 solutionem
522 2148 741 2183 matrimonii
764 2158 814 2183 ex
837 2157 1012 2182 consensu
1032 2147 1117 2190 fieri
1138 2146 1240 2182 nullo
1265 2146 1371 2182 modo
1393 2146 1562 2192 patimur.

304 2193 368 2229 XI.
415 2193 520 2236 Quod
543 2203 626 2229 vero
653 2205 675 2228 a
699 2192 804 2228 nobis
825 2192 1000 2227 sancitum
1031 2196 1086 2227 est
1108 2191 1152 2226 de
1175 2191 1222 2225 iis
1252 2191 1315 2236 qui
1344 2191 1382 2225 in
1406 2189 1638 2237 expeditione
1669 2195 1752 2224 sunt
1777 2193 1813 2225 et
1835 2189 1875 2224 in
1898 2189 2044 2224 militias
2069 2189 2295 2234 referuntur,
2326 2189 2401 2225 sive

169 2239 299 2274 milites
321 2239 396 2274 sint
426 2239 500 2274 sive
521 2238 710 2283 foederati
737 2238 810 2273 sive
833 2236 1018 2272 scholares
1048 2236 1122 2271 sive
1145 2235 1210 2270 alii
1234 2236 1348 2281 aliqui
1378 2235 1415 2270 in
1440 2235 1550 2270 aliam
1574 2233 1868 2280 qualemcumque
1890 2237 2068 2269 armatam
2092 2234 2257 2269 militiam
2280 2233 2399 2277 relati,

170 2283 297 2319 melius
328 2283 544 2319 constituere
568 2283 725 2329 placuit.
771 2283 888 2328 Atque
911 2280 1083 2324 iubemus,
1115 2284 1356 2326 quotcumque
1388 2290 1506 2315 annos
1536 2280 1573 2315 in
1605 2278 1839 2325 expeditione
1869 2279 2083 2320 manserint,
2116 2289 2253 2314 umores
2276 2289 2400 2314 eorum

170 2332 396 2374 eoespectare,
428 2328 567 2363 etiamsi
590 2328 711 2363 nullas
735 2327 876 2362 litteras
906 2336 972 2362 nec
995 2335 1207 2372 responsum
1231 2336 1254 2360 a
1277 2325 1418 2361 maritis
1440 2325 1517 2360 suis
1540 2323 1756 2371 acceperint.
1803 2323 1845 2358 Si
1868 2334 1941 2370 qua
1965 2333 2050 2359 vero
2077 2323 2255 2359 eiusmodi
2276 2323 2399 2359 mulie·

169 2384 251 2409 rum
275 2374 443 2408 maritum
473 2383 578 2408 suum
606 2372 818 2419 defunctum
849 2381 925 2407 esse
955 2370 1133 2413 audierit,
1164 2381 1210 2405 ne
1233 2373 1306 2405 tum
1330 2369 1472 2416 quidem
1502 2369 1535 2405 ei
1565 2372 1607 2404 ut
1637 2368 1687 2403 acl
1709 2368 1803 2404 alias
1831 2369 1981 2415 nuptias
2012 2368 2132 2405 veniat
2160 2368 2399 2410 concedimus,

171 2419 242 2454 nisi
257 2419 367 2465 prius
390 2417 520 2453 mulier
540 2428 615 2464 per
637 2428 675 2453 se
699 2417 756 2453 vel
773 2428 842 2464 per
862 2420 1034 2462 parentes
1057 2425 1143 2450 suos
1173 2414 1229 2450 vel
1253 2425 1324 2461 per
1348 2415 1457 2450 aliam
1489 2414 1783 2460 qualemcumque
1807 2424 2008 2459 personam
2031 2413 2182 2460 priores
2203 2414 2347 2450 numeri
2366 2416 2402 2450 et

172 2463 427 2506 chartularios,
458 2463 497 2497 in
520 2473 593 2509 quo
618 2462 770 2498 maritus
793 2462 870 2497 eius
892 2460 1082 2502 militabat,
1113 2459 1245 2496 adierit
1274 2463 1310 2496 et
1332 2470 1395 2496 eos
1426 2459 1482 2495 vel
1505 2458 1704 2505 tribunum,
1735 2458 1769 2493 si
1791 2458 1895 2493 modo
1923 2462 2075 2505 praesto
2100 2461 2165 2501 est,
2195 2458 2401 2505 interroqa-

172 2509 273 2551 verit,
298 2519 383 2543 num
407 2518 448 2543 re
471 2519 557 2543 vera
581 2508 720 2543 coniux
741 2507 857 2553 ipsius
879 2505 1076 2550 defunctus
1098 2505 1163 2547 sit,
1195 2508 1235 2540 ut
1257 2504 1311 2540 illi
1333 2504 1469 2540 sanctis
1492 2503 1689 2550 evanqeliis
1703 2503 1912 2550 propositis
1933 2504 1999 2539 sub
2022 2503 2135 2549 qestis
2156 2507 2399 2539 monumento—

171 2565 252 2589 rum
275 2553 478 2600 deponant,
510 2564 594 2588 num
624 2564 665 2589 re
686 2563 772 2588 vera
794 2552 948 2587 maritus
971 2549 1166 2595 defunctus
1188 2550 1245 2585 sit.
1293 2548 1345 2585 Et
1375 2550 1436 2586 ubi
1467 2548 1556 2586 lzaec
1586 2553 1815 2584 monumenta
1845 2548 1957 2595 qestis
1986 2551 2143 2595 excepta
2175 2548 2304 2584 mulier
2328 2559 2401 2595 pro

174 2599 376 2634 testimonio
399 2609 466 2633 suo
491 2599 647 2642 accepit,
679 2598 786 2634 etiam
808 2601 937 2642 postea
960 2599 1174 2642 exspectare
1196 2605 1273 2630 eam
1297 2595 1405 2630 unius
1435 2595 1522 2630 anni
1545 2595 1702 2641 spatium
1726 2592 1906 2636 iubemus,
1937 2597 1978 2629 ut
2004 2596 2091 2639 post
2114 2592 2190 2628 eius
2213 2592 2401 2628 decursum

173 2644 368 2690 leqitimum
391 2643 426 2679 ei
447 2643 714 2678 matrimonium
737 2640 949 2677 contrahere
976 2640 1092 2676 liceat.
1142 2638 1278 2682 Quodsi
1308 2643 1437 2676 contra
1468 2638 1562 2675 hanc
1593 2638 1875 2674 observationem
1906 2637 2037 2673 mulier
2067 2637 2117 2673 ad
2146 2637 2249 2673 aliud
2278 2638 2400 2674 matri-

243 2748 259 2781 1
285 2740 306 2788 ἢ
332 2758 391 2778 om.
406 2757 425 2781 ς
455 2743 468 2789 ΙΙ
495 2745 514 2778 3
539 2743 707 2798 ἑκατέρου
721 2744 778 2784 (ς)]
807 2742 929 2786 ἑτέρου
953 2738 974 2784 ἢ
998 2741 1165 2785 ἑκατέρου
1188 2741 1254 2784 Ep.

174 2792 295 2835 ἑτέρου
310 2791 349 2823 Μ
364 2790 377 2834 ΙΙ
396 2792 415 2824 8
428 2788 698 2833 νομοθετηθεν]
719 2801 790 2822 που.
801 2788 924 2822 ΧΧΙΙ
933 2800 959 2820 c.
977 2788 1018 2820 14
1035 2785 1047 2829 ΙΙ
1065 2786 1105 2819 ἐν
1120 2799 1179 2820 om.
1192 2786 1224 2818 L
1244 2784 1256 2828 ΙΙ

174 2839 194 2872 9
207 2833 399 2878 ἐξπεδίτῳ]
411 2834 612 2874 ταξατίωνι
625 2834 656 2867 L
665 2847 690 2868 s.
699 2847 727 2867 v.
747 2832 947 2873 ταξατιῶνι
958 2831 1004 2865 Bt
1015 2831 1138 2864 Nom.m
1159 2829 1255 2870 ταξι-

175 2879 263 2915 δίοις
278 2881 327 2914 ΒΓ
345 2877 535 2919 ταξειδίοις
549 2880 598 2912 Β8
616 2878 627 2922 ΙΙ
648 2881 709 2912 καὶ
726 2878 777 2919 ἐν]
801 2879 861 2911 καὶ
881 2877 957 2910 τῶν
978 2877 1023 2929 ἐν,
1038 2876 1068 2908 L
1087 2874 1100 2919 ΙΙ
1124 2877 1164 2910 10
1185 2874 1256 2932 εἴτε

175 2918 1255 3013 ἴῖἷῗῖῗαὲῗιιιῖεἳέξῖτῖἓιῖἒῇΖῖἓέέῖιὲῑὶῗὲἵὶκῖῗλέοἶαξέἓῖ

177 3016 229 3050 ΒΓ
251 3015 263 3060 ΙΙ
285 3016 423 3058 με’νωσι
447 3016 502 3046 Pr.
533 3015 681 3056 με’νουσι
704 3012 763 3053 ΒΓ,
788 3013 847 3046 Pr.
859 3024 941 3045 unus
964 3011 978 3055 ΙΙ
1008 3012 1050 3045 14
1073 3009 1122 3053 μὴ
1145 3008 1255 3054 γράμ·

175 3072 276 3105 ματα
306 3058 466 3105 (γράμμα
489 3059 630 3098 Nomffl)
662 3054 686 3099 ἢ
711 3053 918 3101 ἀπόκρισιν]
952 3067 1014 3088 nec
1037 3055 1166 3088 litteras
1196 3064 1257 3088 nec

176 3115 368 3147 responsum
394 3115 412 3139 ς
429 3104 441 3147 ΙΙ
461 3106 500 3137 17
516 3098 660 3135 ἀκούσει
675 3102 763 3142 ΜΒ]
788 3097 969 3148 ἀκούσῃΙι
983 3102 1040 3134 Pr.
1054 3100 1120 3143 Ep.
1137 3099 1150 3143 ΙΙ
1174 3095 1259 3132 οὐδὲ

176 3148 272 3191 τότε]
296 3146 441 3182 οὐδέπω
456 3149 579 3182 Nom.m
600 3143 772 3180 οὐδέποτε
787 3147 843 3179 Pr.
856 3147 1015 3189 plerique,
1028 3146 1094 3188 Ep.
1110 3143 1123 3188 ΙΙ
1145 3146 1185 3179 18
1198 3140 1257 3177 αὖ·

177 3194 246 3229 τὸν
270 3195 392 3228 Nom.m
417 3193 428 3236 ΙΙ
451 3192 585 3238 γάμους
607 3190 734 3224 ἐλθεῖν
757 3192 821 3234 Ep.
838 3190 851 3234 ΙΙ
870 3191 1122 3236 ἐπιτρέπομεν]
1147 3184 1260 3232 αὐτὴν

178 3241 420 3284 ἐπιτρέπομεν
446 3239 491 3271 Μ
501 3238 513 3281 ΙΙ
541 3239 581 3271 19
607 3235 900 3281 παραγενήσηται
922 3235 980 3283 Pr.
986 3237 1148 3278 plerique,
1160 3235 1226 3277 Ep.
1249 3232 1261 3278 ΙΙ

179 3285 306 3326 ἑαυτῆς
332 3284 440 3317 MPr.
455 3285 486 3324 ς]
518 3278 627 3323 αὐτῆς
649 3282 719 3314 LB
731 3282 808 3324 Ep„
833 3281 890 3313 Pr.
905 3293 987 3313 unus
1016 3280 1028 3322 ΙΙ
1056 3281 1098 3313 20
1123 3273 1174 3312 δι’
1201 3292 1259 3312 om.

180 3331 302 3366 Nom-⁷⁷¹
326 3333 338 3372 ss
357 3326 445 3372 πρὸς
464 3326 546 3360 τοὺς
567 3324 840 3369 χαρτουλαριόυς
863 3326 924 3357 καὶ
947 3323 1179 3379 ληγαταρίοιζς
1198 3321 1260 3366 (λι-

180 3376 369 3421 γαταρίους
382 3374 460 3416 Ep.)
484 3374 544 3406 καὶ
563 3370 774 3415 τριβούνους
796 3370 861 3404 τοῦ
883 3365 905 3402 ἆ
931 3369 1045 3413 ιθμοῦ
1071 3370 1111 3403 ἐν
1134 3381 1177 3410 ῳ,
1201 3381 1259 3403 om.

181 3422 225 3455 22
237 3433 285 3463 sq.
310 3417 456 3452 τούτους
471 3437 510 3441 -
526 3415 704 3461 πάρεστιν
726 3415 786 3448 Pr.
810 3416 876 3459 E'p.
907 3382 929 3459 Ιῗ
949 3416 989 3448 21
1011 3414 1076 3448 τοῦ
1099 3409 1261 3467 ἀριθμοῦ

158 3497 160 3499 -
182 3489 240 3509 mn.
257 3475 304 3508 Bt
322 3475 335 3518 ss
350 3477 404 3507 tus
427 3473 627 3507 cartularius
641 3472 684 3505 M
703 3469 785 3505 τοὺς
807 3468 1082 3515 χαρτουλαρίους
1104 3468 1261 3512 (χαλτου-

182 3518 323 3565 laetave
345 3520 417 3561 (sic)
432 3520 575 3560 Nomffl)
600 3510 669 3550 ΖΒ
686 3516 699 3560 ΙΙ
714 3513 846 3556 ταύτης
862 3513 881 3548 ὁ
905 3516 957 3548 Pr.
975 3515 989 3558 ss
1006 3515 1048 3548 22
1068 3511 1160 3556 ἤτοι]
1176 3514 1212 3548 εἴ
1222 3527 1262 3561 γε

184 3565 308 3599 Ναυῆ-ἠ
366 3566 412 3599 23
437 3563 473 3597 εἴ
489 3576 529 3609 γε
552 3576 610 3596 om.
623 3562 746 3596 Nomsn
771 3560 784 3604 ΙΙ
809 3558 973 3605 ἐρωτήσῃ
993 3560 1064 3600 Ρη]
1087 3558 1262 3604 ἐρωτήσω

148 3621 150 3623 ’
185 3610 294 3643 MLB
364 3634 372 3642 .
401 3608 585 3654 ἐρωτῆσαι
606 3607 730 3642 Nonum
754 3601 962 3648 1124αὐτῆς
986 3604 1033 3637 M
1047 3603 1060 3642 ΙΙ
1086 3605 1129 3638 26
1153 3615 1261 3637 κατα-

185 3652 327 3687 θέσθαι
352 3654 408 3687 Pr.
422 3655 550 3697 ΕῙο.Β8
576 3653 588 3694 ΙΙ
618 3652 648 3685 εἰ
673 3651 793 3685 om.L¹
821 3650 833 3694 ΙΙ
863 3647 883 3683 ὁ
907 3645 1009 3694 ἀνὴρ]
1044 3646 1063 3681 ὁ
1085 3646 1176 3694 ἀνὴρ
1201 3644 1261 3681 αὖ·
1329 3657 1406 3679 nere
1439 3646 1471 3679 V
1494 3644 1506 3689 ss
1535 3645 1636 3678 etiam
1659 3644 1721 3678 del.
1749 3644 1842 3678 Beck
1864 3643 1877 3687 ss
1908 3645 1949 3678 28
1975 3643 2157 3677 discursum
2183 3643 2301 3686 RVT,
2324 3656 2407 3678 corr.

184 3699 247 3741 τῆς
268 3697 320 3732 ΒΤ
340 3695 360 3731 ὁ
381 3695 514 3740 ταύτης
535 3694 629 3743 ἀνὴρ
655 3697 703 3730 B⁸
720 3695 733 3740 ΙΙ
757 3696 798 3730 27
810 3692 1011 3740 εᾳ.“πράξει
1033 3692 1080 3727 τὰ
1103 3689 1261 3738 ὑπομνὴ-
1329 3693 1414 3736 vulq.
1677 3739 1679 3741 η

1321 2751 1420 2783 ματα
1445 2736 1721 2783 ἀναληφθέντα]
1747 2735 1876 2785 πράξει
1895 2739 1956 2773 ἐπὶ
1979 2740 2052 2780 (ἐπὶ
2071 2753 2130 2774 om.
2145 2739 2224 2783 Ep.)
2242 2735 2401 2782 ὑπομνη-

1321 2783 1452 2827 μάτων
1468 2780 1731 2828 ἀναληφθέντα
1747 2784 1804 2818 Pr.
1814 2785 1879 2828 Ep.
1903 2786 1996 2827 gesta
2016 2785 2306 2818 monumentorum
2323 2795 2401 2817 con-

1321 2830 1408 2862 fecta
1427 2841 1447 2866 ς
1465 2831 1476 2872 ΙΙ
1499 2831 1542 2864 28
1559 2825 1705 2873 ἐκλάβοι
1724 2829 1781 2863 Pr.
1795 2841 1889 2871 unus,
1905 2830 1970 2872 Ep.
1989 2829 2002 2874 ΙΙ
2026 2831 2068 2865 30
2087 2825 2317 2872 διαστήματα
2342 2830 2372 2862 L
2391 2828 2402 2873 ΙΙ

1321 2870 1421 2915 ὥςτε]
1446 2876 1485 2907 ut
1507 2875 1605 2907 etiam
1625 2886 1644 2911 ς
1661 2874 1673 2917 ΙΙ
1689 2872 1781 2917 μετὰ
1801 2872 1869 2916 τὴν
1889 2874 1954 2907 τοῦ
1975 2874 2140 2908 ἐνιαυτοῦ
2165 2871 2403 2919 παραδρομὴν

1321 2920 1386 2963 Ep.
1410 2921 1486 2962 post
1509 2920 1599 2952 hunc
1623 2920 1795 2952 decursum
1820 2930 1840 2955 ς
1857 2919 1869 2963 ΙΙ
1886 2920 1925 2953 31
1952 2917 2068 2967 ταύτῃ
2082 2918 2192 2960 ΜΒΓ]
2216 2918 2355 2960 ταύτην
2372 2920 2402 2952 L

1322 2966 1387 3007 Ep.
1402 2966 1450 2997 13⁸
1465 2965 1589 2998 Nom.m
1622 2963 1666 3009 τῇ
1693 2959 1783 3009 αὐτῇ
1809 2964 1880 3004 Pr„
1897 2977 1954 2997 om.
1970 2976 1989 3000 ς
2013 2963 2027 3008 ΙΙ
2049 2966 2208 3007 νομίμως
2232 2965 2289 2998 Pr.
2302 2965 2368 3008 Ep.
2391 2966 2402 3006 ss

1323 3011 1365 3043 32
1388 3005 1559 3052 τολμήσει
1582 3008 1652 3042 LB
1666 3009 1722 3042 Pr.
1736 3009 1814 3051 Ep]
1838 3004 2009 3052 τολμήσοι
2033 3009 2079 3043 M
2084 3009 2208 3043 Nom.m

1370 3155 1389 3186 3
1414 3151 1657 3193 delinquuntur
1682 3152 1714 3184 R
1740 3150 1752 3194 ΙΙ
1776 3153 1798 3184 4
1821 3150 1939 3183 subdet
1962 3151 1995 3183 T
2008 3150 2021 3194 ΙΙ
2045 3152 2253 3193 separatione
2272 3150 2323 3184 R¹
2355 3162 2405 3185 se-

1324 3197 1511 3240 parationes
1537 3195 1585 3228 R2
1602 3196 1615 3241 ΙΙ
1638 3198 1657 3230 8
1671 3198 1759 3230 rubr.
1783 3196 1834 3228 De
1856 3194 2017 3228 uxoribus
2039 3195 2186 3228 militum
2212 3196 2324 3229 R'l'in
2341 3209 2402 3240 my.

1325 3244 1377 3284 (ex
1399 3243 1476 3283 Iul.)
1507 3241 1519 3285 ΙΙ
1546 3241 1644 3278 Quod
1667 3259 1709 3265 —
1738 3242 1778 3274 10
1802 3240 1944 3274 scolares
1965 3252 2026 3273 ser.
2052 3240 2103 3274 V2
2124 3242 2157 3274 in
2181 3253 2248 3274 ras.
2269 3242 2289 3274 2
2313 3254 2362 3275 vv.

1325 3289 1365 3320 de
1388 3287 1416 3320 is
1439 3287 1489 3319 Β*
1506 3286 1518 3329 ΙΙ
1543 3296 1628 3327 quae
1656 3285 1703 3319 Τι
1721 3284 1734 3328 ΙΙ
1756 3285 1794 3318 in
1819 3298 1878 3318 om.
1900 3285 1948 3318 Β*
1964 3284 1977 3328 ΙΙ
2002 3287 2022 3318 9
2046 3285 2237 3319 constitutis
2261 3285 2372 3319 R¹T²

1325 3332 1449 3365 milites
1470 3332 1539 3363 sint
1561 3330 1631 3364 sive
1655 3343 1713 3363 om.
1736 3329 1824 3372 V(²),
1860 3329 1928 3362 sint
1951 3342 2010 3363 om.
2031 3330 2062 3362 R
2091 3329 2104 3373 ΙΙ
2133 3332 2174 3364 10
2197 3329 2340 3363 scolares
2362 3330 2407 3371 (οε

1326 3380 1373 3411 sic
1396 3378 1497 3419 inst-a)
1521 3376 1627 3410 RVF
1646 3375 1659 3418 n
1686 3377 1723 3409 11
1750 3375 1853 3407 militi
1876 3374 1925 3407 R¹
1950 3373 1963 3418 n
1985 3376 2124 3416 armata]
2150 3377 2198 3407 est
2222 3376 2300 3408 add.
2318 3375 2373 3409 Tt⁸
2394 3373 2407 3420 u

1330 3424 1370 3457 13
1394 3432 1482 3454 anno
1506 3420 1583 3464 1⁷¹ss
1609 3420 1817 3462 expeditione
1839 3419 1890 3454 V²
1915 3418 1928 3463 ΙΙ
1955 3421 1996 3453 16
2020 3422 2130 3461 suum]
2155 3419 2228 3453 siue
2253 3418 2344 3463 RTu
2364 3422 2404 3454 17

1328 3478 1399 3500 eam
1419 3480 1476 3500 om.
1498 3465 1554 3508 Vn
1575 3466 1614 3499 18
1627 3475 1686 3507 per
1701 3475 1734 3497 se
1746 3465 1834 3505 RV]
1858 3465 1917 3497 aut
1935 3473 1994 3506 per
2009 3474 2043 3497 se
2062 3465 2187 3508 Tvulq.
2207 3463 2220 3507 ΙΙ
2238 3465 2278 3498 19
2291 3474 2406 3506 quam—

1328 3512 1410 3545 libet
1432 3511 1466 3543 R
1497 3509 1510 3554 ΙΙ
1545 3511 1587 3544 20
1612 3512 1645 3542 et
1675 3522 1735 3543 om.
1761 3509 1810 3543 R¹
1842 3508 1855 3552 ΙΙ
1892 3510 1932 3542 21
1958 3509 2004 3542 tffi
2032 3509 2081 3542 13¹
2110 3509 2123 3553 ΙΙ
2149 3509 2252 3550 adest]
2288 3509 2407 3543 addere

1330 3558 1379 3591 T¹
1397 3555 1410 3600 ΙΙ
1434 3557 1476 3590 22
1500 3555 1570 3588 illis
1597 3554 1708 3588 R¹V⁰
1730 3553 1744 3598 Ι]
1770 3555 1812 3588 23
1835 3553 1938 3595 gestis
1961 3555 1994 3587 in
2016 3566 2080 3587 ras.
2103 3553 2178 3595 V'H
2206 3555 2249 3588 24
2273 3553 2325 3587 vir
2347 3566 2406 3588 om.

1338 3600 1394 3645 Vll
1418 3602 1460 3634 25
1482 3600 1653 3633 confertur
1676 3599 1726 3633 Β*
1750 3598 1762 3642 ΙΙ
1792 3600 1835 3633 26
1859 3599 1970 3639 etiam]
2002 3600 2036 3631 et
2058 3598 2108 3631 13²
2137 3597 2150 3642 Ι
2177 3599 2219 3632 27
2242 3609 2314 3632 eam
2338 3609 2407 3632 ma-
