2618 4010
220 135 327 179 Nov.
359 135 421 178 111
452 139 476 176 2

1309 132 1364 179 22

1911 150 1972 182 ur
1998 149 2342 184 Dnrnnmarus
2373 152 2444 183 srr
2483 138 2485 140 ’

219 247 326 281 τοῦτο
348 244 416 294 γὰρ
441 246 480 288 ἐξ
502 243 668 299 οὐδεμιᾶς
687 246 845 291 μηχανῆς
873 243 956 280 οὐδὲ
977 246 1017 279 ἔκ
1039 257 1138 280 τινος
1162 243 1302 290 τρόπον
1367 246 1461 282 enim
1484 245 1582 280 nulla
1603 245 1875 289 machinatione,
1900 258 2015 295 neque
2033 260 2078 284 ex
2102 249 2221 294 aliquo
2242 249 2345 285 modo
2365 249 2444 286 fieri

218 291 390 337 γίνεσθαι
409 302 671 339 συγχωρουμεν.
704 293 778 324 Καὶ
797 292 914 325 ταῦτα
929 292 997 335 μὲν
1016 293 1099 345 περὶ
1115 290 1176 333 τῆς
1191 286 1299 344 ἁγιω-

219 339 238 372 l
273 334 382 380 τάτης
402 334 553 383 μεγάλης
576 333 770 378 ἐκκλησίας.
816 334 877 370 Ἐν
901 334 941 370 δὲ
962 339 1039 370 ταῖς
1062 333 1185 370 αλλαις
1206 333 1299 369 απά-

220 392 298 416 σαις
321 379 530 424 ἐκκλησίαις,
555 370 611 414 αἷν
633 379 701 424 τὴν
723 385 895 429 χορηγίαν
915 377 937 424 ἡ
959 377 1142 433 ἁγιωτάτῃ
1164 378 1299 427 μεγάλη

219 424 387 468 ἐκκλησία
407 427 577 467 ποιεῖται,
598 425 824 470 θεσπίζομεν
841 424 923 460 τοὺς
941 427 1008 470 μὲν
1024 426 1093 459 νῦν
1112 436 1220 459 οντας
1238 427 1298 470 με’-

218 484 295 504 νειν
317 467 449 514 ὁμοίως
471 473 531 504 καὶ
555 466 684 505 αὖτοὺς
707 472 767 506 ἐπὶ
791 469 986 514 σχήματος,
1017 470 1080 504 τοῦ
1106 467 1146 503 δὲ
1172 467 1298 505 λοιποῦ

217 513 355 559 μηδένα
387 515 696 560 χειροτονεῖσθαι,
730 518 820 563 πρὶν
854 513 900 549 ἂν
931 515 979 549 εἰς
1008 513 1051 549 τὸ
1080 512 1300 559 καλούμενον

217 560 419 594 στατοῦτον
442 558 591 603 ἑκάστης
614 558 815 602 ἐκκλησίας,
846 556 936 607 ὅπερ
959 559 997 600 ἐξ
1020 557 1125 606 ἀρχῆς
1146 555 1299 606 ὥρισται

218 603 315 651 παρὰ
344 605 423 639 τῶν
445 602 579 640 ταύτας
608 603 963 661 οἰκοδομησαμένων,
993 600 1013 638 ὁ
1036 605 1116 638 τῶν
1145 607 1298 653 πρεσβυ-

219 652 335 702 τέρων
356 662 396 685 τε
419 653 480 685 καὶ
503 647 695 693 διακόνων,
718 652 881 703 αρρένων
900 662 941 684 τε
961 652 1020 683 καὶ
1041 647 1214 692 θηλειῶν,
1238 651 1299 683 καὶ
1314 652 1354 684 10
1369 650 1608 685 masculorum
1653 651 1762 694 atque

216 692 473 730 υποδιακόνων
501 698 561 729 καὶ
592 691 843 742 άναγνωστων
871 697 930 728 καὶ
961 693 1116 739 ψαλτῶν
1144 697 1206 728 καὶ
1234 706 1298 729 πυ-

218 738 350 786 λωρῶν
369 737 526 787 ἀριθμὸς
546 744 753 786 περισταίη·
781 742 840 773 καὶ
858 737 950 783 μηδὲ
969 739 1017 773 εἷς
1037 741 1077 773 ἐν
1095 741 1194 784 μέσῳ
1207 751 1298 775 παν·

217 783 327 819 τελῶς
350 785 622 832 προςτιθέσθω.
654 781 770 828 Ἡμεῖς
789 797 829 818 τε
848 783 916 831 γὰρ
936 782 1040 818 αὐτοὶ
1059 781 1299 831 φυλαξόμεθα

216 828 360 864 τοιοῦτό
374 843 409 864 τι
421 829 596 877 πράττειν
609 832 668 863 καὶ
686 828 767 864 τοὺς
778 829 1188 884 χειροτονηθησομένους
1200 828 1298 864 στέλ·

1368 291 1528 326 sinimus.
1587 290 1637 325 Et
1669 290 1759 325 haec
1798 292 1937 337 quidem
1972 293 2016 329 de
2050 294 2274 330 sanctissima
2311 295 2444 330 maiore

1366 337 1388 372 1
1434 334 1595 371 ecclesia.
1642 334 1685 370 In
1708 334 1787 371 aliis
1811 341 1930 374 autem
1952 338 2116 374 omnibus
2145 338 2324 381 ecclesiis,
2355 349 2443 384 qua-

1367 391 1447 416 rum
1469 389 1645 425 expensas
1670 380 1895 433 sanctissima
1917 383 2030 420 maior
2052 383 2204 420 ecclesia
2225 384 2334 425 facit,
2357 393 2441 419 san-

1334 428 1352 459 5
1369 425 1480 460 cimus
1504 434 1600 459 nunc
1621 423 1761 468 qmdem
1783 425 1974 464 existentes
1992 438 2137 464 manere
2158 428 2319 464 similiter
2338 429 2443 464 etiam

1367 480 1429 506 eos
1461 469 1529 505 sub
1559 469 1757 513 schemate,
1789 469 1834 505 de
1865 475 1981 508 cetero
2004 483 2088 509 vero
2116 474 2252 509 nullum
2275 472 2444 515 ordinari,

1368 518 1558 559 antequam
1581 513 1628 549 ad
1655 523 1735 549 eum
1765 515 1827 560 qui
1854 521 2002 552 vocatur
2026 520 2184 554 statutus
2214 518 2445 554 uniuscuius-

1369 569 1438 613 que
1460 558 1644 603 ecclesiae,
1674 558 1769 604 quod
1790 560 1987 605 antiquitus
2009 561 2174 599 definitus
2199 565 2255 599 est
2276 563 2322 598 ab
2346 563 2444 599 aedi-

1368 604 1576 640 ficatoribus
1619 613 1760 647 earum,
1833 605 2093 651 resbyterorum
2134 611 2172 644 et
2213 608 2444 644 diaconorum

1823 649 2017 686 eminarum
2062 656 2100 687 et
2143 653 2445 690 subdiaconorum

1368 698 1478 740 atque
1511 694 1685 730 lectorum
1716 704 1785 730 nec
1819 705 1891 730 non
1927 698 2115 732 cantorum
2148 701 2185 734 et
2218 697 2445 734 ostiariorum

1368 749 1536 776 numerus
1560 740 1758 785 redigatur,
1792 743 1827 775 et
1857 739 1977 776 nullus
2007 740 2045 776 in
2068 741 2181 778 medio
2231 743 2346 779 enitus
2369 742 2445 778 adi-

1369 785 1494 821 ciatur.
1535 784 1611 820 Nos
1636 795 1777 830 quoque
1799 785 1869 830 ipsi
1893 795 2059 821 cavemus
2081 787 2154 823 tale
2176 787 2310 833 ahquid
2328 797 2446 832 agere,

1369 835 1404 865 et
1445 829 1663 866 ordinandos
1707 829 1973 874 adbreviamus‚
2017 831 2208 877 nullusque
2243 834 2447 869 nostrorum

218 873 304 915 λειν,
335 872 450 909 οὐδείς
476 888 517 909 τε
548 875 625 910 τῶν
654 871 838 926 ἡμετέρων
867 887 1058 920 αρχοντων
1087 873 1232 910 τοιοῦτό
1262 887 1299 909 τι
1315 877 1354 910 15
1368 875 1524 911 iudicum
1547 875 1620 910 tale
1640 875 1775 920 aliquid
1796 879 1896 920 agat,
1921 876 2081 911 nostram
2100 875 2295 913 formidans
2313 877 2444 922 legem3

217 918 363 964 πράξει,
395 919 461 954 τὸν
481 918 652 966 ἡμέτερον
680 915 940 963 εὐλαβούμενος
966 918 1090 964 νόμον.
1137 916 1239 954 ἆδειά
1258 932 1299 954 τε

215 966 311 999 ἔστω
335 965 388 1009 τῷ
411 962 680 1011 μακαριωτάτῳ
704 961 974 1011 άρχιεπισκόπῳ
1003 967 1063 998 καὶ
1093 963 1298 1012 πατριάρχῃ

214 1010 277 1052 τῆς
295 1007 481 1054 βασιλίδος
500 1007 632 1051 ταύτης
650 1006 788 1044 πόλεως
804 1007 894 1064 πρὸς
913 1008 981 1053 τὴν
999 1014 1226 1055 χειροτονίαν
1238 1007 1298 1044 άν·

215 1053 378 1108 τιλέγειν,
409 1051 477 1088 κᾶν
500 1052 599 1108 παρὰ
620 1054 683 1097 τῆς
706 1050 812 1098 αὐλῆς
834 1067 857 1097 η
879 1053 1034 1089 κέλευσις
1056 1054 1177 1090 ἔλθοι·
1216 1051 1237 1090 ὅ
1259 1067 1300 1089 τε

1368 925 1405 956 et
1425 920 1571 956 licentia
1595 919 1642 956 sit
1658 920 1865 956 beatissimo
1880 920 2152 966 archiepiscopo
2169 924 2204 956 et
2222 922 2447 973 patriarchae

1368 966 1474 1001 huius
1505 965 1624 1010 regiae
1648 965 1801 1001 civitatis
1823 965 2040 1001 ordinationi
2071 965 2335 1011 contradicere,
2364 967 2449 1003 licet

1366 1010 1478 1047 iussio
1509 1010 1553 1046 de
1583 1010 1718 1055 palatio
1749 1011 1878 1046 veniat.
1925 1010 2017 1046 Nam
2049 1013 2086 1046 et
2116 1010 2177 1055 qui
2199 1011 2383 1057 praecepit
2412 1015 2450 1048 et

1368 1056 1427 1091 cui
1460 1055 1581 1101 praeci
1608 1055 1698 1098 itur,
1733 1056 1800 1091 sub
1836 1055 2081 1092 ecclesiastica
2114 1055 2228 1091 multa
2256 1058 2383 1099 erunt,
2418 1057 2450 1092 si

213 1112 282 1151 γαρ
304 1098 513 1135 ἐπιτάττων
536 1113 555 1134 ο
579 1111 620 1133 τε
643 1097 923 1144 ἐπιταττόμενος
951 1095 1023 1135 ὑπὸ
1055 1098 1298 1143 ἐκκλησιαστι·
1312 1103 1353 1134 20
1367 1101 1440 1137 tale
1469 1101 1581 1146 aliqui
1635 1100 1781 1145 egerint.
1837 1100 1908 1136 Sed
1944 1111 2059 1145 neque
2092 1101 2130 1136 in
2164 1100 2243 1137 aliis
2278 1100 2449 1144 ecclesiis,

214 1158 278 1178 κον
306 1145 410 1178 ἔσται
444 1145 638 1188 ἐπιτίμιον,
670 1144 707 1178 εἴ
729 1156 767 1179 τι
798 1146 942 1179 τοιοῦτο
974 1142 1151 1192 πράξειεν.
1196 1142 1295 1179 Ἀλλ’

214 1187 298 1223 οὐδὲ
316 1191 357 1223 ἐν
379 1192 459 1224 ταῖς
481 1187 680 1232 ἐκκλησίαις
699 1192 778 1224 ταῖς
797 1186 930 1231 ἄλλαις,
955 1185 1037 1224 ὅσαι
1059 1188 1108 1235 μὴ
1127 1188 1196 1234 τὴν
1218 1203 1297 1233 τρο-

215 1233 287 1280 φὴν
309 1236 369 1268 καὶ
398 1238 572 1282 χορηγίαν
599 1234 741 1276 ἔχουσιν
764 1236 802 1268 ἐκ
830 1235 891 1278 τῆς
919 1231 1119 1282 ἁγιωτάτης
1147 1234 1299 1283 μεγάλης

215 1277 415 1323 ἐκκλησίας,
444 1278 620 1324 προςῆκόν
643 1280 721 1314 ἐστι
744 1277 886 1323 πλῆθος
909 1281 1102 1326 ἐπαφιέναι
1130 1281 1209 1315 τῶν
1230 1294 1298 1324 χει-

1368 1155 1612 1190 quaecumque
1653 1146 1930 1181 emolumentum
1971 1150 2007 1181 et
2041 1155 2217 1191 expensas
2252 1145 2389 1182 habent
2427 1156 2451 1182 a

1368 1191 1594 1226 sanctissima
1617 1191 1750 1226 maiore
1771 1190 1942 1233 ecclesia,
1971 1191 2214 1236 incompetens
2246 1192 2301 1227 est
2329 1188 2450 1227 multi-

1368 1236 1525 1271 tudinem
1548 1236 1638 1271 inire
1662 1236 1941 1272 ordinandorum
1964 1236 2026 1279 eis,
2057 1245 2173 1281 neque
2195 1236 2451 1272 transcendere

1368 1280 1412 1316 de
1442 1283 1561 1317 cetero
1586 1280 1818 1316 constitutam
1848 1290 1872 1316 a
1902 1280 2078 1333 principio
2106 1281 2214 1317 etiam
2243 1291 2352 1326 super
2378 1281 2450 1317 illis

214 1327 487 1378 ροτονουμένων
510 1326 551 1357 ἐν
575 1320 708 1365 αὐταῖς,
729 1321 813 1358 οὐδὲ
832 1320 1065 1371 ὑπερβαίνειν
1086 1325 1150 1360 τοῦ
1172 1324 1299 1361 λοιποῦ
1315 1328 1354 1360 25
1368 1335 1580 1368 mensuram,
1603 1335 1649 1361 ne
1671 1325 1794 1362 forsan
1819 1326 1926 1361 etiam
1949 1337 2010 1371 qul
2032 1326 2070 1361 in
2093 1335 2154 1362 eas
2179 1328 2448 1369 consecrantur,

214 1383 256 1404 το
281 1371 502 1416 τεταγμένον
526 1368 566 1410 ἐξ
594 1365 701 1426 ἀρχῆς
723 1372 782 1403 καὶ
811 1366 872 1404 ἐπ’
905 1372 1058 1404 ἐκείναις
1078 1373 1222 1416 μέτρον,
1250 1368 1300 1415 μή

214 1427 303 1450 ποτε
331 1417 391 1448 καὶ
422 1413 459 1448 οἱ
486 1411 569 1449 κατ’
594 1425 702 1449 αυτας
734 1412 922 1461 ἱερώμενοι
954 1414 1043 1460 πρὸς
1073 1414 1214 1458 πλῆθος
1246 1417 1299 1449 ἐκ·

215 1463 410 1494 πίπτοντες
440 1456 597 1504 ἄμετρον
627 1462 686 1493 καὶ
709 1458 791 1494 τούς
820 1458 1032 1515 προςιόντας
1055 1457 1175 1495 αὐτοῖς
1201 1459 1300 1505 παρὰ

214 1505 293 1539 τῶν
315 1501 566 1558 εὐσεβούντων
589 1501 722 1559 πῖόροὶυς
743 1506 988 1558 μεριζόμενοι,
1017 1501 1189 1540 κάκεῖθεν
1212 1504 1301 1552 πρὸς

1369 1371 1406 1406 in
1429 1371 1692 1406 multitudinem
1715 1371 1913 1407 incidentes
1937 1371 2144 1406 immensam
2177 1374 2213 1407 et
2239 1370 2450 1407 accedentes

1368 1415 1440 1451 sibi
1467 1426 1491 1451 a
1521 1416 1579 1461 pie
1609 1415 1796 1460 agentibus
1826 1419 1996 1462 quaestus
2029 1415 2224 1452 dividentes
2255 1419 2305 1452 et*
2323 1416 2452 1453 exinde

1369 1460 1415 1496 ad
1441 1470 1645 1496 mensuram
1673 1471 1796 1497 eorum
1825 1471 1898 1496 non
1927 1460 2164 1504 sufficientes,
2194 1461 2232 1497 in
2261 1461 2449 1497 maximam

1369 1505 1571 1550 angustiam
1594 1505 1765 1542 incidant.
1814 1505 1851 1541 Si
1874 1515 1958 1541 vero
1984 1506 2079 1541 ultra
2098 1515 2301 1542 mensuram
2324 1506 2448 1542 defini-

214 1549 256 1584 τὸ
279 1551 415 1595 μέτρον
439 1546 563 1584 αὐτων
585 1562 649 1583 ουκ
672 1562 870 1595 αρκουντας
894 1550 1122 1607 ορῶντεςχείς
1143 1549 1300 1605 μεγάλην
1314 1554 1355 1586 30
1368 1555 1442 1586 tam
1466 1550 1713 1587 sanctissimae
1736 1551 1880 1587 maioris
1904 1551 2078 1586 ecclesiae
2109 1551 2182 1586 sive
2213 1551 2363 1587 aliarum
2391 1561 2449 1587 ec·

214 1597 462 1641 στενοχωρίαν
490 1595 714 1638 ἐμπίπτοιεν.
763 1595 809 1628 Εἰ
839 1592 880 1629 δὲ
910 1608 1002 1641 υπερ
1030 1608 1073 1630 το
1101 1598 1234 1641 μέτρον
1257 1609 1299 1630 το

215 1637 418 1686 ὡρισμένον
440 1640 481 1673 ἐν
502 1639 548 1687 τῇ
570 1635 754 1686 ἁγιωτάτῃ
777 1638 912 1694 μεγάλη
931 1638 1100 1684 ἐκκλησία
1117 1638 1138 1684 ἢ
1159 1643 1200 1675 ἐν
1221 1643 1300 1675 ταῖς

213 1682 336 1719 ἄλλαις
360 1682 559 1728 ἐκκλησίαις
587 1684 871 1731 χειροτονήσειεν
893 1698 913 1719 o
937 1686 998 1729 τῆς
1020 1683 1222 1732 ἁγιωτάτης
1240 1699 1299 1731 με·

213 1727 321 1777 γάλης
342 1727 529 1772 ἐκκλησίας
547 1727 733 1776 προεστώς
752 1729 844 1764 κατὰ
868 1729 994 1777 καιρὸν
1017 1727 1218 1777 άγιώτατος
1237 1729 1301 1777 ἆρ-

214 1777 453 1818 χιεπίσκοπος,
476 1776 560 1817 [καὶ]
580 1775 619 1808 οἴ
635 1787 675 1808 τε
694 1774 763 1808 θεο
1020 1776 1036 1783 ”’
1206 1772 1214 1784 ‘

213 1817 323 1862 τάτης
345 1817 532 1862 ἐκκλησίας
554 1818 738 1864 οἰκονόμοι
763 1788 931 1864 ἔαπάνην
954 1822 993 1854 ἐκ
1014 1821 1093 1855 τῶν
1117 1820 1299 1864 ἐκκλησια-

215 1865 350 1899 οτικῶν
373 1862 534 1899 ἐπιδοῖεν
557 1863 696 1912 πόρων,
718 1862 824 1900 αὐτοί
844 1878 885 1899 τε
915 1865 1064 1900 οἴκοθεν
1086 1868 1146 1900 καὶ
1175 1868 1213 1900 ἐκ
1236 1867 1298 1910 τῆς

214 1910 357 1944 ἑαυτῶν
370 1912 575 1956 περιουσίας
589 1907 798 1944 διδότωσαν
810 1908 878 1954 τὴν
897 1907 1078 1954 δαπάνην,
1099 1908 1120 1946 ὅ
1130 1923 1171 1945 τε
1183 1912 1301 1946 ταῦτα

210 1957 378 2010 ’χορηγεῖν
401 1953 531 2007 αὐτοῖς(
543 1955 740 2010 ἐπιτρέψας
766 1953 1041 2009 μακαριώτατος
1069 1955 1301 2003 πατριάρχης.

1369 1595 1558 1632 elesiarum
1590 1595 1730 1631 ordinet
1761 1596 1823 1641 qui
1857 1606 1922 1641 per
1960 1598 2123 1641 tempora
2154 1596 2263 1631 fuerit
2297 1597 2450 1632 sanctis-

1369 1641 1480 1676 simae
1510 1640 1655 1676 maioris
1684 1641 1858 1677 ecclesiae
1888 1641 2134 1677 sanctissimus
2171 1641 2379 1687 episcopus,
2396 1644 2452 1679 ..et

1369 1685 1588 1721 venerabiles
1632 1685 1791 1721 eiusdem
1833 1685 2009 1722 ecclesiae
2050 1686 2235 1722 oeconomi
2274 1686 2449 1732 erogatio-

1370 1741 1450 1767 nem
1485 1741 1529 1767 ex
1564 1730 1818 1767 ecclesiasticis
1852 1730 2085 1776 praebuerint
2118 1731 2345 1776 quaestibus,
2380 1731 2450 1777 ipsi

794 1773 974 1809 ιλέστατοι
994 1787 1056 1818 της
1074 1774 1182 1819 αὐτῆς
1194 1788 1300 1823 aym·
1315 1779 1356 1812 35
1371 1786 1511 1822 quoque
1542 1776 1587 1812 de
1618 1787 1683 1812 suo
1714 1786 1759 1812 ex
1789 1776 1936 1822 propria
1959 1775 2131 1812 facultate
2162 1776 2359 1821 praebeant
2388 1787 2448 1813 ex·

1370 1832 1518 1866 pensam
1550 1825 1586 1856 et
1617 1821 1677 1866 qui
1711 1821 1804 1857 haec
1843 1822 2042 1867 expendere
2071 1831 2134 1858 eos
2169 1821 2331 1867 permisit
2366 1821 2450 1858 bea·

1367 1866 1525 1956 Zigsgirinlitis
1569 1867 1767 1920 atriarcha.
1815 1867 1938 1902 Sciant
1960 1867 2054 1902 enim
2083 1867 2186 1912 quia,
2216 1867 2248 1903 si
2271 1865 2356 1913 quid
2379 1867 2452 1904 tale

1512 1938 1521 1954 9

1582 1912 1734 1947 centiam
1758 1911 1883 1947 damus
1908 1915 1945 1947 et
1969 1911 2203 1947 sanctissimis
2226 1913 2451 1957 patriarchis,

1371 1957 1431 2001 qui
1454 1959 1539 2003 post
1561 1957 1634 1992 tale
1658 1956 1792 2002 aliquid
1816 1960 1978 2001 agentem
2002 1956 2152 2000 fuerint,
2183 1959 2220 1992 et
2242 1958 2450 2002 posteriori-

221 2002 388 2034 Ιστωσαν
405 2012 478 2057 γαρ
503 2011 568 2040 ως,
600 2012 631 2034 ει
654 2012 693 2053 τι
714 2012 857 2034 τοιουτο
885 1998 1071 2047 πράξοιεν,
1096 1999 1223 2035 ἄδειαν
1247 2000 1297 2036 ct·
1312 2005 1355 2038 40
1369 2002 1435 2037 bus
1468 2002 1673 2038 oeconomis
1707 2006 1743 2037 et
1773 2002 1936 2038 omnibus
1975 2002 2121 2047 reliquis
2157 2003 2450 2039 reverentissimis

214 2043 326 2089 δομεν
355 2057 416 2078 και
439 2047 514 2079 τοῖς
541 2043 632 2088 μετὰ
654 2056 721 2079 τον
748 2046 893 2079 τοιοῦτο
925 2044 1117 2093 πράξαντα
1146 2042 1299 2081 ὁσιωτά-

214 2101 288 2124 τοις
318 2087 555 2137 πατριάρχαις
578 2092 638 2123 καὶ
668 2092 742 2124 τοῖς
763 2089 856 2133 μετὰ
877 2091 995 2125 ταῦτα
1018 2089 1217 2136 οἰκονόμοις
1238 2095 1300 2126 καὶ

215 2135 306 2170 πᾶσι
329 2137 403 2169 τοῖς
426 2132 562 2169 λοιποῖς
584 2131 859 2179 εὖλαβεστάτοις
881 2134 1057 2182 κληρικοῖς
1080 2135 1126 2170 τά
1147 2137 1301 2172 τοιαῦτα

215 2182 277 2214 καὶ
302 2178 619 2226 πολυπραγμονεῖν
641 2182 701 2233 xa}
729 2179 902 2227 γινόμενα
926 2179 1078 2215 κωλύειν
1105 2184 1165 2215 καὶ
1198 2193 1300 2229 προς·

1369 2047 1508 2082 clericis
1544 2047 1633 2083 talia
1664 2050 1701 2082 et
1737 2046 1957 2092 perscrutari
1988 2051 2024 2082 et
2057 2047 2155 2082 facta
2193 2047 2385 2092 prohibere
2415 2053 2452 2085 et

1368 2092 1528 2128 indicare
1558 2091 1726 2138 imperio,
1759 2095 1799 2128 ut
1828 2091 1917 2128 illud
1942 2102 2161 2137 cognoscens
2185 2093 2384 2139 praecipiat
2405 2104 2450 2130 ex

216 2218 400 2273 αγγέλλειν
411 2225 457 2272 τῇ
469 2223 647 2269 βασιλείᾳ,
662 2236 750 2260 ωςτε
763 2224 902 2269 ταύτην
915 2225 1184 2270 μανθάνουσαν
1196 2238 1298 2274 προς·
1312 2231 1354 2263 45

216 2342 324 2374 tatur.
374 2337 455 2373 Hoc
477 2338 572 2374 enim
596 2337 699 2373 nulla
722 2337 991 2375 machinatione
1013 2349 1080 2375 nec
1102 2338 1178 2375 ullo
1199 2338 1308 2375 modo
1329 2339 1414 2384 fieri
1430 2339 1686 2386 permittimus.
1734 2339 1853 2385 Atque
1876 2338 1965 2375 haec
1988 2338 2132 2386 quidem
2155 2338 2200 2375 de
2220 2341 2451 2378 sanctissima

214 2384 235 2419 1
268 2393 404 2430 maqna
423 2382 584 2419 ecclesia.
655 2382 701 2418 In
715 2383 846 2419 ceteris
867 2387 987 2419 autem
1009 2383 1171 2419 ecclesiis
1194 2383 1370 2426 omnibus,
1395 2395 1551 2430 quarum
1573 2387 1740 2431 sumptus
1761 2383 1992 2420 sanctissima
2013 2395 2149 2430 maqna
2170 2384 2321 2421 ecclesia
2341 2386 2473 2432 facin*

213 2428 414 2471 sancimus,
446 2431 489 2463 ut
510 2427 566 2462 itti
589 2426 751 2474 quidem,
776 2428 840 2474 qui
862 2438 960 2463 nunc
983 2432 1088 2471 sunt,
1111 2428 1281 2464 similiter
1308 2433 1345 2465 et
1374 2429 1447 2475 ipsi
1469 2429 1509 2464 in
1527 2439 1596 2465 suo
1618 2433 1717 2465 statu
1742 2433 1929 2471 maneant,
1959 2429 1999 2464 in

215 2473 404 2509 ordinetur
426 2476 622 2519 antequam
648 2472 699 2508 ad
719 2477 894 2509 statutum
918 2472 1019 2519 quod
1039 2477 1193 2510 vocatur
1215 2474 1499 2520 uniuscuiusque
1521 2473 1693 2510 ecclesiae
1725 2473 1770 2510 ab
1794 2473 2023 2520 aedificatori
2047 2484 2091 2509 us
2112 2485 2238 2510 earum
2260 2475 2366 2511 initio
2390 2475 2450 2512 de-

211 2518 356 2565 finitum
380 2529 551 2553 numerus
574 2521 611 2554 et
625 2517 927 2565 presbyterorum
951 2522 989 2555 et
1010 2518 1263 2561 diaconorum,
1288 2523 1360 2554 tam
1380 2518 1626 2554 masculorum
1647 2529 1757 2565 quam
1773 2519 2009 2565 feminarum,
2031 2522 2069 2555 et
2088 2518 2396 2556 subdiaconorum
2415 2525 2451 2558 et

214 2564 390 2599 tectorum
415 2567 451 2599 et
474 2567 665 2599 cantorum
688 2567 724 2599 et
744 2563 981 2599 ostiariorum
1002 2563 1174 2599 redactus
1195 2563 1254 2605 sit,
1278 2574 1396 2609 neque
1418 2563 1611 2610 quisquam
1635 2563 1781 2599 omnino
1802 2563 1946 2599 interim
1966 2563 2158 2599 adiciatur.
2206 2563 2302 2600 Nam
2325 2569 2362 2600 et
2381 2576 2450 2601 nos

214 2609 227 2643 i
253 2608 286 2644 si
309 2607 512 2644 cavebimus
536 2608 609 2644 tale
631 2607 721 2654 quid
739 2608 868 2653 facere
891 2612 928 2643 et
950 2607 1175 2644 ordinandos
1195 2608 1355 2650 mittere,
1384 2619 1500 2654 neque
1522 2608 1713 2660 quisquam
1733 2611 1942 2644 nostrorum
1964 2608 2243 2654 maqistratuum
2266 2609 2339 2645 tale
2361 2610 2451 2656 quid

213 2622 349 2700 faciet,
382 2652 496 2699 leqem
519 2656 684 2688 nostram
706 2653 850 2689 veritus.
899 2651 1028 2698 Sitque
1059 2653 1163 2689 venia
1195 2652 1400 2689 beatissimo
1433 2652 1712 2699 archiepiscopo
1743 2656 1781 2688 et
1802 2651 2046 2700 patriarchae
2075 2652 2199 2699 reqiae
2221 2651 2329 2689 huius
2347 2654 2449 2691 urbis

215 2697 441 2733 ordinationi
465 2696 727 2740 contradicere,
756 2697 842 2733 licet
860 2697 904 2733 ab
926 2697 1014 2733 aula
1032 2697 1146 2733 iussio
1170 2698 1344 2778 prgsecta
1365 2698 1423 2734 sit.
1471 2697 1566 2733 Nam
1589 2701 1626 2734 et
1644 2697 1708 2743 qui
1724 2698 1856 2744 praeci
1882 2697 1912 2733 it
1933 2700 1970 2733 et
1988 2697 2048 2733 cui
2059 2697 2304 2744 praecipitur,
2323 2699 2356 2734 si
2376 2699 2449 2736 tale

215 2742 306 2789 quid
325 2741 471 2788 fecerit,
487 2752 646 2789 poenam
669 2741 949 2778 ecclesiasticam
971 2742 1170 2779 sustinebit.
1248 2742 1294 2778 ed
1312 2754 1358 2779 ne
1379 2743 1418 2778 in
1439 2742 1591 2789 reliquis
1613 2741 1758 2789 quidem
1781 2753 1841 2779 ecc
1856 2742 1951 2784 esiis‚
1974 2752 2219 2788 quaecumque
2240 2742 2448 2780 alimentum

215 2792 252 2824 et
269 2791 436 2833 sumptus
458 2798 482 2822 a
501 2787 730 2823 sanctissima
750 2798 885 2839 maqna
908 2787 1059 2823 ecclesia
1082 2798 1158 2823 non
1179 2787 1323 2831 habent,
1345 2798 1471 2824 eorum
1491 2787 1555 2834 qui
1576 2787 1616 2823 in
1638 2787 1686 2823 iis
1705 2786 1924 2823 ordinantur
1946 2786 2138 2823 multitudo
2156 2787 2309 2830 admitti,
2333 2799 2448 2836 neque

214 2833 254 2869 in
271 2837 461 2879 posterum
481 2831 610 2867 modus
630 2832 738 2868 etiam
758 2831 832 2867 illis
856 2831 901 2868 ab
924 2832 1029 2868 initio
1049 2833 1268 2869 constitutus
1286 2832 1416 2869 excedi
1435 2832 1554 2869 debet:
1577 2843 1623 2868 ne
1639 2832 1743 2878 forte
1761 2832 1870 2868 etiam
1894 2831 1957 2878 qui
1976 2831 2015 2866 in
2035 2831 2111 2866 iltis
2131 2833 2334 2868 conscerati
2349 2839 2446 2875 sunt,

215 2877 266 2913 ad
284 2876 465 2923 infinitum
485 2887 672 2912 numerum
695 2877 795 2913 aucti
813 2881 851 2913 et
875 2877 1014 2913 reditus
1034 2889 1057 2913 a
1070 2877 1150 2924 piis
1169 2877 1373 2914 hominibus
1396 2876 1652 2925 suppeditatas
1674 2877 1765 2924 ipsis
1785 2876 2003 2918 dividentes,
2026 2876 2180 2923 indeque
2199 2887 2262 2913 eos
2283 2877 2446 2924 ipsorum

215 2933 365 2958 numero
384 2932 458 2957 non
477 2922 651 2968 sufficere
668 2921 828 2958 videntes
850 2922 889 2957 in
912 2933 1067 2968 maqnas
1087 2923 1279 2969 anqustias
1298 2922 1471 2958 incidant.
1514 2921 1556 2958 Si
1575 2933 1660 2959 vero
1682 2922 1781 2958 ultra
1801 2932 1987 2957 numerum
2007 2921 2046 2956 in
2065 2921 2293 2957 sanctissima
2312 2933 2447 2969 maqna

215 2966 366 3004 ecclesia
386 2965 443 3002 vel
471 2967 601 3002 ceteris
623 2967 781 3003 ecelesiis
803 2966 990 3019 definitum
1012 2968 1261 3003 sanctissimus
1283 2967 1581 3015 archiepiscopus
1602 2967 1667 3013 qui
1689 2978 1764 3014 pro
1789 2971 1949 3014 tempore
2001 2970 2122 3002 raeest
2141 2966 2380 3018 ordinaverit,
2411 2972 2447 3003 et

215 3012 284 3048 deo
305 3011 483 3047 carissimi
502 3011 659 3047 eiusdem
681 3012 931 3048 sanctis-samue
949 3012 1121 3048 ecclesiae
1138 3013 1327 3048 oeconomi
1341 3017 1508 3060 sumptus
1526 3023 1577 3049 ex
1592 3011 1844 3048 ecclesiasticis
1861 3011 1970 3048 rediti
1994 3022 2037 3047 us
2056 3010 2231 3054 dederint,
2254 3015 2292 3047 et
2310 3012 2383 3059 ipsi
2401 3012 2447 3048 de

215 3068 282 3093 suo
302 3061 339 3093 et
359 3066 411 3093 ex
427 3056 596 3103 propriis
615 3056 859 3103 facultatibus
877 3061 1043 3104 sumptus
1062 3057 1267 3104 praebeant
1285 3062 1322 3094 et
1345 3057 1410 3104 qui
1434 3057 1524 3093 haec
1542 3056 1777 3110 suppeditare
1796 3057 1849 3093 eis
1862 3057 2035 3104 permisit
2058 3056 2306 3092 sanctissimus
2323 3058 2445 3104 patri-

215 3101 340 3138 archa.
387 3100 517 3138 Sciant
533 3101 639 3144 enim,
661 3102 695 3137 si
743 3101 806 3137 uid
829 3102 901 3138 tale
918 3102 1088 3148 fecerint,
1113 3113 1182 3139 nos
1203 3106 1240 3139 et
1261 3102 1500 3139 sanctissimis
1515 3101 1759 3156 pamarchis,
1781 3101 1846 3148 qui
1871 3101 1960 3137 talia
1982 3101 2224 3153 committenti·
2237 3101 2445 3145 succedunt,

216 3151 252 3183 et
268 3147 409 3193 futuris
429 3146 646 3189 oeconomis,
674 3158 714 3182 re
729 3146 895 3193 iquisque
915 3146 1079 3183 omnibus
1098 3147 1380 3194 reliqiosissimis
1399 3147 1540 3183 ctericus
1558 3147 1775 3193 facultatem
1793 3146 1883 3183 dare
1904 3146 1994 3182 talia
2013 3150 2049 3182 et
2066 3145 2222 3182 rimandi
2241 3150 2278 3182 et
2301 3146 2335 3182 si
2351 3146 2447 3192 fiant

261 3262 282 3295 2
306 3262 401 3306 περὶ]
426 3257 517 3307 ὑπὲρ
539 3260 609 3294 ΑΒ
630 3259 644 3305 11
669 3262 689 3295 3
714 3258 835 3294 ἄλλαις
858 3274 917 3296 om.
937 3261 970 3296 A
995 3260 1044 3306 115
1060 3262 1133 3317 μὲν
1157 3274 1216 3296 om.
1236 3262 1269 3295 L
1289 3260 1302 3308 ΙΙ

218 3308 238 3339 9
259 3305 396 3346 ταύτην
413 3306 446 3339 Β
463 3305 477 3350 Ι
496 3307 532 3341 11
556 3306 618 3340 καὶ
637 3302 900 3351 ἀναγνωστῶν]
920 3308 1031 3339 τεκαὶ
1049 3319 1120 3340 ανα
1144 3307 1300 3340 νωστῶν

221 3350 321 3383 LAB
339 3349 352 3391 11
372 3353 409 3383 13
424 3348 711 3396 προτιθέσθωῑι
726 3349 740 3395 11
763 3352 801 3384 14
811 3348 1109 3393 ουστέλλεινΔ(ς)
1150 3353 1186 3385 17
1197 3349 1299 3385 ἔσται

219 3395 249 3427 Α
268 3394 280 3436 11
297 3392 483 3437 ἐπισκόπῳ
499 3394 594 3438 LBu
616 3396 656 3430 18
674 3391 800 3429 ἇντιλέ
820 3397 886 3436 ειν]
907 3407 944 3429 τι
965 3393 1126 3442 λέγεινΒ
1143 3395 1156 3441 ΙΙ
1175 3398 1215 3431 19
1232 3392 1299 3429 κᾶν

220 3438 250 3471 εἰ
274 3436 372 3482 παρὰ
395 3439 442 3471 A⁶
461 3439 530 3483 1122
555 3438 605 3483 μὴ
624 3452 683 3474 om.
705 3452 735 3481 ς,
767 3441 781 3474 i
804 3452 850 3474 em
871 3442 1070 3484 neqaeionem
1095 3448 1169 3475 ante
1189 3451 1298 3486 προσ-

1413 3263 1434 3295 2
1455 3260 1661 3294 sanctissima
1684 3260 1724 3294 de
1749 3259 1787 3294 V
1791 3258 1863 3304 ιΤΙ
1881 3261 1900 3293 5
1923 3259 2082 3293 existente
2101 3269 2233 3292 manere
2255 3259 2293 3293 V
2307 3259 2444 3292 existere

1367 3307 1521 3339 manente
1544 3305 1600 3349 Τ11
1618 3306 1717 3339 etiam
1740 3315 1794 3339 eos
1817 3304 1868 3347 V]
1890 3315 1944 3338 eos
1963 3305 2062 3338 etiam
2082 3304 2167 3348 valy.
2186 3303 2199 3346 11
2215 3306 2234 3337 7
2258 3305 2362 3336 status
2388 3303 2421 3336 T
2431 3302 2445 3348 11

1370 3353 1410 3386 13
1424 3361 1484 3385 nos
1497 3361 1628 3393 quoque
1643 3350 1691 3392 V]
1709 3355 1833 3392 nosque
1845 3350 1901 3384 vul
1923 3376 1930 3383 .
1947 3348 1960 3392 11
1982 3351 2020 3384 15
2041 3348 2198 3382 iuditium
2212 3347 2244 3381 V
2257 3347 2269 3390 11
2291 3349 2330 3381 18
2372 3356 2442 3381 rae-

1367 3396 1456 3439 cepit
1476 3395 1514 3430 V
1531 3396 1630 3439 vulga]
1657 3396 1821 3438 praecipit
1847 3395 1880 3428 Τ
1899 3363 1921 3438 ff
1944 3395 1986 3428 20
2011 3393 2115 3437 egerit
2138 3392 2172 3426 T
2193 3390 2206 3436 fl
2235 3393 2274 3426 21
2305 3391 2348 3424 ha
2371 3394 2440 3433 ent]

1367 3451 1435 3474 non
1462 3440 1587 3473 habent
1614 3441 1699 3483 vuly.
1728 3440 1741 3484 11
1771 3441 1813 3474 22
1845 3438 2080 3481 incompetens]
2110 3438 2296 3479 competens
2323 3436 2409 3481 valy.
2430 3436 2442 3478 11

220 3483 305 3525 ἧκον
324 3485 395 3524 (2⁴)
416 3484 564 3518 habuisse
576 3486 702 3519 videtur
719 3487 732 3526 ΙΙ
748 3486 791 3519 30
814 3481 834 3518 ὁ
859 3484 981 3527 ὥντες]
1003 3498 1060 3520 om.
1075 3498 1094 3522 ς
1109 3488 1125 3538 fl
1140 3487 1183 3520 34
1206 3483 1298 3519 κατὰ
1367 3487 1427 3527 est]
1456 3487 1504 3518 est
1527 3486 1561 3518 et
1582 3484 1617 3518 V
1641 3485 1653 3528 11
1686 3486 1728 3519 23
1751 3485 1810 3526 eis]
1837 3484 1908 3518 eius
1931 3484 1964 3518 Τ
1983 3482 1996 3528 ss
2025 3485 2068 3517 26
2091 3482 2127 3514 in
2149 3479 2366 3514 multitudine
2388 3481 2440 3513 in-

221 3524 346 3572 καιρὸν
366 3526 591 3571 προεστὼςᾼ
609 3529 679 3574 1135
705 3531 765 3563 καὶ
783 3530 831 3564 Μ
859 3555 867 3571 ,
888 3543 945 3564 om.
959 3530 990 3563 A
1009 3530 1023 3572 ΙΙ
1037 3525 1144 3573 αὗτης
1164 3543 1224 3565 om.
1241 3529 1300 3585 Bfl
1366 3531 1517 3564 cedentes
1541 3529 1575 3563 V
1603 3528 1616 3574 11
1643 3531 1684 3563 27
1717 3529 1850 3562 sibimet
1874 3529 1932 3563 vul
1955 3553 1961 3559 .
1994 3527 2007 3571 11
2041 3528 2083 3562 28
2117 3525 2267 3559 sufficere
2292 3525 2441 3577 videntes

220 3567 432 3617 ἁγιωτάτηθ]
452 3584 510 3605 om·
525 3585 544 3609 ς
562 3574 630 3615 1137
652 3571 823 3616 ἐπιδοῖεν]
834 3573 884 3619 μὴ
895 3571 1097 3609 ἑπιδοῖενᾼ
1116 3575 1184 3620 1141
1207 3587 1297 3619 μετα
1366 3576 1421 3610 vul
1443 3602 1450 3609 .
1484 3574 1497 3619 ΙΙ
1525 3575 1567 3608 29
1602 3573 1693 3607 ultro
1715 3584 1901 3607 mensuram
1947 3571 2068 3614 'ffinita
2086 3570 2124 3605 V
2128 3570 2163 3622 ,fl
2192 3571 2231 3604 31
2266 3569 2440 3604 ordinetur

221 3614 263 3649 τὸ
286 3613 350 3649 τὸν
374 3613 416 3649 τὸ
436 3617 601 3651 τοιοῦτον
617 3619 646 3652 Α
670 3617 762 3663 μετὰ
781 3617 848 3654 τὸν
861 3619 970 3654 τοῦτο
983 3620 1019 3654 Β
1026 3633 1034 3658 ;
1056 3628 1132 3663 post
1153 3621 1217 3654 eale
1237 3621 1298 3654 ali—
1367 3620 1405 3655 V
1458 3621 1499 3654 33
1520 3619 1722 3653 uenerabilis
1741 3619 1818 3653 libri
1841 3619 1948 3661 flante
1970 3625 2139 3650 oeconomi
2158 3614 2236 3648 add.
2258 3617 2291 3647 et
2314 3615 2405 3648 codd.
2427 3614 2441 3660 11

222 3661 302 3703 quid
320 3662 356 3702 (i.
378 3673 404 3694 ε.
429 3659 571 3695 τοιοῦτό
593 3665 642 3704 τι)
668 3672 812 3708 ayentem
836 3676 856 3702 ς
878 3664 891 3709 11
915 3667 958 3700 45
980 3665 1095 3698 ταῦτα
1117 3665 1166 3699 L²
1183 3665 1196 3709 fl
1211 3675 1296 3711 προ·
1366 3667 1408 3700 34
1429 3675 1468 3698 ex
1489 3676 1547 3698 om.
1574 3665 1664 3698 codd.
1696 3663 1709 3706 ΙΙ
1736 3665 1777 3698 35
1799 3665 1851 3704 ex]
1873 3665 1906 3696 et
1931 3661 2029 3706 vulg„
2051 3661 2111 3704 leq.
2129 3660 2162 3692 et
2182 3658 2247 3711 ex}
2276 3657 2289 3703 11
2315 3660 2358 3694 36
2376 3659 2439 3692 hoc

224 3702 359 3749 στάτην
381 3703 430 3739 L'
1367 3708 1433 3755 Tu
1455 3711 1496 3744 37
1519 3708 1598 3751 quia
1617 3707 1759 3751 siquid]
1785 3707 1879 3750 quasi
1902 3706 1961 3749 qui
1985 3704 2052 3749 νη
2077 3706 2120 3739 39
2143 3703 2282 3746 sumt]
2305 3703 2386 3737 fient
2410 3705 2444 3739 T

2055 2432 2214 2465 osterum
2236 2440 2322 2466 vero
2345 2442 2450 2468 nemo
2487 2446 2497 2449 s
