2618 4010
254 146 362 190 Nov.
393 144 622 190 XXXVIII
649 157 712 200 pr,
745 148 764 188 1

254 258 362 291 τοῦτο
392 253 614 302 περιγραφὰς
643 254 777 291 πολλὰς
805 257 1010 304 γινομένας,
1042 253 1157 299 νόμον
1180 255 1335 304 ἐγράψα-

255 315 332 345 μεν,
367 299 454 335 [fiete
478 302 517 335 ἐκ
539 300 677 347 τρόπου
708 301 846 336 παντὸς
867 302 996 346 χρῆναι
1019 299 1086 343 τὴν
1109 300 1244 345 βουλὴν
1266 302 1338 337 εἴτε

254 345 347 390 μετὰ
371 345 540 389 σώματος
569 345 640 379 εἴτε
661 344 791 380 τούτου
818 349 927 392 χωρὶς
956 343 1102 379 πάντως
1131 345 1174 380 τὸ
1198 346 1336 394 τριοὺγ·

255 403 335 424 κιον
366 394 470 432 ἔχειν,
501 392 561 424 καὶ
589 389 639 434 μὴ
668 389 823 426 ἔλαττον
846 391 982 432 ἐξεῖναί
1009 404 1083 424 τινι
1113 389 1337 435 uarat-aptata·

1319 142 1403 192 248

2076 160 2136 193 Du
2165 158 2481 194 summanus

1405 256 1693 309 conscripsimus,
1713 259 1757 292 ut
1773 258 1869 295 omni
1884 258 1990 296 modo
2011 259 2140 296 debere
2157 259 2293 295 curiam
2311 258 2385 297 sive
2402 269 2484 296 cum

1406 311 1556 347 corpore
1579 311 1654 337 slve
1676 300 1754 354 sine
1775 301 1846 339 hoc
1868 304 2011 341 omnino
2030 308 2104 341 tres
2128 304 2254 340 uncias
2278 304 2422 346 habere,
2447 307 2486 341 et

1406 357 1479 382 non
1514 346 1630 381 minus
1664 345 1772 382 licere
1807 347 1948 385 cuidam
1977 349 2179 395 relinquere
2210 349 2333 385 curiae
2367 359 2483 394 neque

1406 390 1699 426 circumscribere
1728 400 1844 443 neque
1873 392 2075 430 deminuere
2105 403 2149 430 ea
2177 394 2243 430 sub
2269 394 2341 429 ullo
2365 394 2482 435 modo,

257 448 342 488 νεινἱ
365 436 410 482 τῇ
468 433 554 483 ουλῇ
585 432 677 491 μηδὲ
706 433 892 478 τεχνάζειν
918 433 1011 480 μηδὲ
1041 433 1216 469 ἐλαττοῦν
1248 433 1336 471 αὐτὸ
1361 440 1381 472 5
1405 435 1478 471 sive
1507 435 1602 471 filius
1634 435 1684 471 sit
1703 445 1772 488 'qul
1802 436 1840 472 in
1873 437 1974 474 cuth
2002 442 2059 476 est
2086 439 2159 476 sive
2182 440 2263 484 ipsa
2285 439 2484 484 susceperit

256 493 347 514 κατα
377 492 426 523 μη
451 483 516 514 ε’να
544 493 695 526 τροπον,
727 480 800 515 εἴτε
823 483 906 516 παῖς
930 477 949 514 ὁ
973 477 1156 523 βουλεύων
1189 480 1242 523 εἴη
1266 481 1337 515 εἴτε

255 525 280 559 8
327 527 386 558 καὶ
423 521 514 568 αὐτὴ
547 522 686 568 δέχοιτο
719 523 763 560 τὸ
797 522 1001 571 τριοὺγκιον
1036 523 1057 566 ἡ
1088 523 1208 568 βουλή.
1263 528 1337 559 Καὶ

255 567 339 603 οὐδὲ
361 572 462 616 μέχρι
482 566 625 605 τούτων
645 573 810 615 ἔστημεν,
835 568 922 603 ἀλλὰ
944 572 1003 602 καὶ
1027 567 1090 603 τὰς
1109 569 1258 613 θηλείας
1276 571 1337 613 τῆς

255 615 385 649 οἰκείας
407 613 607 650 ἀνατάσεως
637 614 779 650 διδόναι
810 614 893 648 τινὰ
921 617 1051 667 μοῖραν
1075 614 1335 660 ἐθεσπίσαμεν,

256 656 345 694 ὥςτε
365 658 458 694 κατὰ
467 658 651 717 μηδεμίαν
670 659 857 705 πρόφασιν
877 658 1123 714 ἐλαττουσθΙαι
1147 661 1192 707 τῇ
1213 659 1335 706 βουλῇ,
1353 663 1392 695 10
1405 660 1538 703 curiae,
1572 660 1666 696 sicut

255 703 427 750 καθάπερ
445 704 607 741 ειπόντες
626 706 804 751 ἔφθημεν,
827 703 870 738 τὸ
887 717 1091 748 τεταρτημο
1117 718 1172 738 ιον
1193 706 1254 748 τῆς
1270 706 1335 740 πά·

256 760 318 793 σης
335 751 399 784 τοῦ
415 746 673 794 βουλεύσαντος
690 749 820 784 οὐσίας.
869 752 942 783 Καὶ
960 748 1022 783 τὰς
1042 718 1174 784 πολλὰς
1194 747 1235 784 δὲ
1251 748 1335 784 ταύ-

255 806 319 829 τας
342 798 402 829 καὶ
426 797 655 839 έκκεχυμένας
679 794 882 841 φιλοτιμίας
903 791 1102 847 ἀνείλομεν,
1135 793 1176 828 οὗ
1201 806 1336 848 συγχω-

1407 481 1509 515 curia
1531 482 1605 516 tres
1629 490 1766 516 uncias.

1404 525 1431 561 3
1474 524 1525 560 Et
1555 535 1630 561 non
1661 535 1774 578 usque
1805 525 1851 560 ad
1881 526 1952 562 hoc
1974 527 2154 572 stetimus,
2186 529 2251 565 sed
2273 532 2309 565 et
2331 528 2483 564 feminas

1404 569 1442 605 in
1466 570 1612 615 propria
1635 569 1862 606 institutione
1892 570 1978 607 dare
2001 574 2177 618 quandam
2200 578 2338 619 partem
2363 573 2481 609 sanxi-

1405 625 1495 657 mus,
1529 614 1697 660 quatinus
1722 625 1785 660 per
1808 615 1942 668 nullam
1973 617 2197 654 occasionem
2219 619 2483 672 demipueretur

1405 705 1561 740 stantiae
1595 660 1948 741 curiaflis-aedghmss,
1975 666 2111 742 διῇξε
2139 673 2227 744 gagg
2255 664 2482 744 tontutfflffslisig

1404 749 1665 785 munificentias
1690 750 1954 794 abrogavimus‚
1985 760 2059 786 non
2082 752 2316 789 concedentes
2338 752 2483 789 liberari

1406 794 1507 830 curia
1529 795 1633 831 aliter
1655 795 1724 830 nisi
1748 805 1812 840 per
1836 794 2069 830 maximarum
2092 795 2300 841 dignitatum
2319 798 2481 843 adeptio·

256 840 401 884 ροῦντες
420 838 721 875 ἀπαλλάττεσθαι
739 838 866 884 βουλῆς
887 837 1002 873 ἄλλως
1023 852 1044 881 η
1063 840 1156 874 κατὰ
1174 852 1242 883 την
1258 852 1337 874 των
1404 850 1507 883 nem,
1546 840 1759 885 patriciatus
1795 843 1860 876 aut
1894 840 2101 877 consulatus
2140 845 2203 877 aut
2236 843 2483 888 praefecturae

254 889 438 937 μεγίστων
467 882 689 927 ἀξιωμάτων
720 887 856 927 κτῆσιν,
891 882 1168 930 πατρικιότητός
1202 898 1243 920 τε
1277 888 1337 919 καὶ
1354 887 1392 920 15
1405 885 1478 922 sive
1502 885 1611 921 civilis
1636 885 1710 920 sive
1729 885 1892 920 militaris
1922 885 2182 930 (praefecturas
2204 891 2323 924 autem
2345 897 2425 923 esse
2445 890 2483 924 et

255 934 428 964 ἰ’πατείας
451 933 511 963 καὶ
536 930 786 976 έπαρχότητος,
811 929 883 963 εἴτε
906 930 968 972 τῆς
991 930 1031 963 ἐν
1046 928 1243 965 πολιτικοῖς
1266 930 1337 965 εἴτε

255 976 317 1017 τῆς
349 976 389 1008 ἐν
421 978 692 1023 στρατιωτικοῖς
728 977 1036 1021 (πραεφεκτωρίας
1065 976 1132 1021 γὰρ
1161 975 1254 1010 εἶναι
1278 978 1338 1009 καὶ

255 1019 317 1053 τὰς
341 1023 557 1066 στρατηγίας
580 1018 600 1054 ὁ
623 1017 730 1063 νόμος
751 1021 975 1062 ἐπι’σταται)·
1003 1016 1090 1054 ὥςτε
1111 1020 1214 1054 εἴτις
1231 1033 1337 1067 πραε·

256 1068 472 1119 φεκτωριάνι
487 1062 598 1110 ἀρχὴν
621 1063 710 1119 (Ξρξῃ
735 1066 784 1119 ἐν,
803 1061 894 1112 αὐτῇ
918 1066 964 1112 τῇ
987 1062 1115 1119 πράξει
1137 1066 1337 1112 γενόμενος,

1407 940 1468 965 eas
1504 940 1596 976 quae
1631 931 1870 975 principatum
1906 935 2016 974 agunt
2053 932 2230 967 exercitus
2263 932 2322 969 lex
2352 932 2481 975 novit):

1406 975 1499 1010 unde
1530 976 1590 1020 qui
1620 975 1867 1021 praefecturae
1899 975 2104 1020 dignitatem
2127 976 2424 1013 administraverit
2445 976 2483 1013 in

1406 1020 1485 1065 ipso
1508 1024 1591 1055 actu
1616 1020 1843 1063 constitutus,
1876 1024 1912 1055 et
1937 1021 2009 1056 sive
2033 1020 2286 1057 administrans
2310 1031 2387 1058 eam
2411 1022 2484 1058 sive

1407 1065 1644 1111 principatum
1668 1076 1776 1110 agens
1802 1066 1997 1107 exercitus,
2029 1066 2097 1101 iste
2120 1066 2293 1102 liberatur
2316 1077 2339 1102 a
2362 1067 2482 1102 condi-

255 1112 314 1162 κριὲ
347 1122 418 1143 ειτε
448 1122 572 1153 αρχων
603 1123 717 1152 αυτην
747 1111 820 1144 εὶτε
852 1121 1080 1156 στρατηγων,
1113 1109 1339 1154 βουλευτικῆς
1351 1113 1392 1145 20
1407 1111 1508 1146 cione
1538 1111 1735 1146 secundum
1766 1114 1924 1146 nostram
1956 1111 2085 1155 legem,
2117 1110 2197 1146 aliis
2228 1111 2391 1147 omnibus
2422 1121 2483 1146 ex-

255 1164 358 1187 ουτος
381 1152 649 1189 ἀπαλλάττεται
672 1154 779 1198 τύχης
801 1153 894 1189 κατὰ
925 1153 992 1188 τὸν
1018 1151 1190 1202 ἡμέτερον
1213 1152 1338 1199 νόμον,
1408 1155 1631 1200 ceptionibus
1663 1156 1855 1201 abrogatis.
1911 1155 2004 1191 Nam
2035 1156 2160 1201 (quae)
2194 1160 2340 1201 propter
2371 1156 2484 1193 solum

255 1199 334 1232 τῶν
357 1196 477 1232 ἄλλων
501 1201 634 1234 πασῶν
659 1199 873 1245 ἐξαιρέσεων
895 1197 1142 1246 ἀνῃρημένων.
1185 1199 1247 1234 τὰς
1270 1199 1336 1247 γὰρ
1407 1201 1575 1236 honorem
1613 1200 1745 1236 dantur
1780 1202 1871 1237 tales
1907 1201 2096 1245 dignitates
2132 1205 2143 1244 (
2171 1200 2401 1237 ruefectorias
2431 1200 2483 1237 di-

258 1242 317 1276 διὰ
339 1241 457 1287 μόνην
481 1244 591 1288 τιμὴν
612 1242 803 1300 διδομένας
825 1242 994 1279 τοιαύτας
1013 1241 1113 1285 ἀξίας
1133 1244 1208 1287 (τὰς
1229 1258 1336 1291 πραε-
1406 1246 1517 1281 cimus
1549 1246 1664 1291 qualis
1701 1249 1738 1281 et
1765 1246 2106 1291 magistromilitatus
2168 1245 2214 1281 ‘ci
2245 1250 2377 1292 potest)
2412 1256 2484 1281 non

256 1293 456 1334 φεκτωρίας
475 1292 604 1335 φαμέν,
630 1289 742 1324 ταυτὸ
775 1287 815 1324 δὲ
837 1292 940 1324 ἔστιν
970 1290 1086 1325 εἰπεῖν
1116 1293 1176 1323 καὶ
1208 1302 1336 1337 στρατ-
1406 1291 1559 1326 eximere
1599 1291 1643 1326 de
1679 1291 1801 1327 curiae
1836 1291 1916 1326 albo
1954 1301 2014 1326 eos
2054 1291 2113 1344 qui
2147 1291 2236 1326 haec
2277 1295 2485 1327 meruerunt

256 1332 418 1376 ηλασίας)
459 1332 524 1368 οὐκ
558 1334 713 1380 ἐξαιρεῖν
742 1336 807 1369 τοῦ
843 1333 1073 1379 βουλευτικοῦ
1111 1332 1338 1378 λευκώματος
1351 1337 1393 1370 25
1407 1335 1600 1371 sanximus.
1638 1335 1737 1371 Haec
1759 1337 1880 1380 itaque
1902 1336 1939 1371 in
1963 1336 2202 1371 antenor-ibus
2227 1346 2250 1371 a
2272 1336 2375 1372 nobis
2400 1346 2483 1371 san·

255 1377 337 1412 τοὺς
359 1378 502 1413 τούτων
531 1377 704 1421 τυχόντας
727 1379 986 1424 ἐθεσπίσαμεν.
1039 1380 1158 1414 Ταῦτα
1181 1381 1249 1423 μὲν
1273 1374 1338 1413 οὖν
1407 1380 1479 1415 cita
1503 1383 1587 1416 sunt
1611 1391 1691 1416 cum
1716 1380 1794 1416 aliis
1819 1381 1950 1423 multis,
1975 1391 2065 1425 quae
2088 1381 2210 1416 licebit
2230 1391 2274 1416 ex
2292 1381 2381 1427 ipsis
2399 1381 2483 1416 olim

256 1426 297 1458 ἐν
319 1426 393 1458 τοῖς
423 1424 639 1469 ἔμπροσθεν
662 1422 747 1469 ἡμῖν
769 1425 1059 1469 νενομοθέτηται
1081 1424 1173 1469 μετὰ
1190 1423 1338 1460 πολλῶν
1406 1426 1531 1470 positis
1551 1426 1690 1470 legibus
1710 1425 1902 1462 advertere.
1940 1425 2166 1461 Absolvimus
2182 1429 2301 1461 autem
2323 1430 2358 1462 et
2376 1435 2483 1471 quos-

255 1466 387 1510 ἄλλων,
412 1464 505 1515 ἅπερ
528 1469 669 1509 ἔξεστιν
689 1470 727 1510 ἐξ
750 1467 874 1504 αὐτῶν
894 1471 972 1504 τῶν
992 1467 1060 1512 ἢδη
1080 1472 1255 1514 κειμένων
1279 1467 1335 1504 νό·
1406 1471 1487 1506 dam
1518 1480 1541 1506 a
1573 1470 1693 1505 curiae
1717 1470 1938 1513 condicione,
1970 1470 2128 1506 diversas
2156 1471 2213 1506 his
2244 1471 2483 1516 pragmaticas

255 1526 338 1558 μων
362 1512 497 1592 λαβεῖν.
543 1511 790 1559 ’Λπελύσαμεν
820 1512 860 1548 δὲ
890 1518 952 1548 καί
979 1525 1081 1549 τινας
1105 1513 1336 1594 ἰουλευτικῆε
1406 1515 1642 1551 concedentes
1666 1515 1773 1560 leges,
1803 1526 1892 1561 quas
1918 1525 2038 1551 omnes
2063 1515 2184 1551 firmas
2209 1526 2287 1551 esse
2310 1516 2484 1558 volumus,

255 1558 361 1601 τύχης
415 1558 582 1616 ιαφόριους
613 1559 732 1595 αὐτοῖς
766 1558 1034 1606 πραγματικούς
1061 1573 1101 1606 qu
1146 1557 1336 1605 τιμησάμε-
1350 1562 1392 1595 30
1406 1564 1442 1595 et
1476 1564 1696 1606 praesentem
1733 1561 1954 1596 sanctionem
1991 1561 2038 1595 ab
2073 1560 2260 1596 undecima
2293 1561 2486 1596 indictione

257 1616 314 1637 νοι
330 1602 468 1649 νόμους,
489 1615 548 1638 ους
567 1600 733 1639 ἅπαντας
755 1608 891 1650 κυρίους
913 1604 1007 1638 εἶναι
1029 1603 1253 1649 βουλόμεθα,
1277 1607 1336 1638 καὶ
1405 1616 1522 1650 nuper
1546 1605 1693 1650 delapsa
1715 1605 1899 1648 incohare,
1924 1615 1967 1641 ex
1987 1605 2093 1651 (quo)
2117 1606 2220 1642 nobis
2239 1605 2313 1652 (in)
2336 1605 2485 1642 consilio

255 1648 324 1691 τὴν
348 1650 538 1696 παροῦσαν
560 1650 787 1693 νομοθεσίαν
814 1647 887 1684 ἀπὸ
919 1650 981 1693 τῆς
1003 1646 1192 1692 ἑνδεκάτης
1221 1652 1336 1684 ἐπινε-
1406 1651 1502 1686 venit
1526 1651 1614 1686 haec
1637 1651 1705 1685 lex.

254 1691 396 1737 μήσεως
418 1695 480 1737 τῆς
502 1693 586 1741 ἄρτι
602 1692 817 1738 διελθούσης
840 1693 1031 1740 ἄρχεσθαι,
1056 1694 1095 1735 ἐξ
1117 1693 1229 1740 οὗπερ
1253 1692 1337 1739 ἡμῖν

255 1738 282 1773 4
327 1739 366 1772 ἐν
390 1737 672 1790 βουλῇΙγέγονεν
695 1739 799 1774 οὗτος
822 1737 842 1773 ὁ
861 1738 979 1784 νόμος,
1026 1735 1169 1782 Ἐπειδὴ
1190 1738 1230 1774 δὲ
1247 1736 1335 1787 ὁρῶ·
1405 1740 1426 1775 4
1474 1739 1650 1784 Quoniam
1683 1744 1802 1775 autem
1836 1739 1988 1775 vidimus
2024 1740 2197 1786 quosdam
2231 1740 2283 1776 sic
2316 1739 2485 1776 adversos

256 1786 324 1828 μέν
346 1795 448 1818 τινας
472 1781 587 1819 οὕτως
609 1782 785 1827 ἀπεχθῶς
803 1782 1045 1829 διακειμένους
1068 1784 1156 1829 πρὸς
1178 1784 1240 1819 τὰς
1259 1786 1336 1818 ἑαυ-
1350 1788 1392 1821 35
1405 1794 1485 1820 esse
1517 1788 1642 1821 contra
1672 1785 1837 1830 proprias
1866 1784 2013 1830 patrias,
2045 1789 2086 1821 ut
2110 1787 2250 1830 elegant
2279 1785 2398 1830 potius
2423 1785 2485 1820 alii

256 1829 335 1862 τῶν
354 1827 542 1874 πατρίδας,
563 1826 652 1864 ὤςτε
671 1829 858 1875 αἱρεῖσθαι
875 1828 1013 1874 μᾶλλον
1031 1829 1149 1864 ἄλλοις
1171 1828 1234 1864 τὰς
1258 1830 1335 1862 ἑαυ-
1406 1840 1490 1866 suas
1520 1830 1722 1875 relinquere
1751 1830 1972 1866 substantias
2004 1834 2040 1865 et
2071 1831 2129 1866 vix
2160 1833 2323 1875 quartam
2347 1833 2485 1875 partem

256 1875 334 1907 τῶν
357 1873 645 1918 καταλιμπάνειν
666 1874 790 1909 οὐσίας
817 1878 878 1908 καὶ
900 1873 999 1918 μόλις
1029 1873 1070 1908 τὸ
1093 1877 1268 1920 τέταρτον
1291 1877 1336 1918 τῆ
1406 1875 1537 1919 curiae,
1557 1878 1593 1911 et
1612 1875 1681 1910 hoc
1726 1885 1766 1910 er
1783 1877 1943 1910 nostram
1962 1876 2075 1919 legem
2096 1875 2359 1912 aestimavimus
2378 1884 2485 1920 opor·

256 1917 385 1966 βουλῇ,
418 1921 477 1951 καὶ
500 1920 610 1954 τοῦτο
634 1917 694 1954 διὰ
724 1918 791 1954 τὸν
811 1916 983 1965 ἡμέτερον
1004 1918 1129 1964 νόμον,
1159 1911 1336 1963 ᾠήθημεν
1405 1923 1491 1963 tere,
1516 1920 1578 1955 ubi
1601 1919 1666 1955 filii
1715 1921 1830 1962 esunt,
1856 1920 1950 1955 hanc
1974 1923 2113 1965 partem
2137 1929 2280 1965 augere.

256 1964 384 2008 χρῆναι
407 1959 580 1999 ἀπαιδίας
603 1960 760 2007 ὑπούσης
784 1966 890 1999 τοῦτο
914 1963 956 1998 τὸ
979 1966 1084 2009 μέρος
1106 1961 1271 2007 αὐξῆσαι.

1269 2054 1426 2091 CAPUT
1446 2055 1474 2091 1.

311 2110 359 2144 Εἰ
389 2113 514 2144 τοίνυν
544 2107 635 2154 μετὰ
666 2107 773 2144 τόνδε
807 2106 911 2154 ἡμῶν
942 2108 1009 2145 τὸν
1043 2108 1158 2155 νέμον
1191 2109 1339 2154 τελευτᾷ
1353 2114 1395 2146 40
1454 2110 1493 2146 Si
1509 2111 1616 2155 igitur
1631 2115 1715 2156 post
1738 2111 1832 2146 hanc
1853 2113 2010 2147 nostram
2033 2111 2144 2154 legem
2169 2109 2358 2146 defunctus
2376 2110 2487 2146 fuerit

256 2154 445 2199 βουλευτὴς
483 2153 615 2189 παῖδας
649 2152 712 2188 οὐκ
741 2156 835 2197 ἔχων
866 2153 950 2189 οὔτε
977 2154 1129 2201 ἄρρενας
1159 2153 1241 2188 οὔτε
1273 2155 1341 2198 θη-
1412 2156 1557 2190 curialis
1580 2156 1675 2191 filios
1697 2166 1771 2191 non
1794 2156 1931 2191 habens
1956 2165 2071 2199 neque
2092 2155 2274 2190 masculos
2297 2165 2410 2200 neque
2431 2155 2484 2191 fe-

257 2236 298 2280 ut
315 2232 433 2268 modis
452 2231 617 2267 omnibus
637 2232 776 2268 curiam
795 2234 870 2268 sive
890 2243 971 2268 cum
987 2243 1143 2280 corpore
1161 2233 1236 2269 sive
1253 2234 1330 2269 sine
1346 2243 1502 2280 corpore
1522 2237 1618 2269 certe
1634 2237 1707 2269 tres
1721 2233 1850 2268 uncias
1870 2231 2002 2269 habere
2019 2237 2207 2279 oporteret
2225 2244 2296 2270 neu
2316 2234 2486 2280 cuiquam

257 2278 382 2313 liceret
401 2277 525 2312 curiae
541 2276 659 2312 minus
676 2277 880 2323 relinquere
899 2289 986 2314 neve
1005 2277 1160 2313 insidias
1178 2282 1319 2314 struere
1342 2289 1429 2314 neve
1451 2278 1491 2314 id
1512 2278 1587 2314 ullo
1606 2278 1713 2314 modo
1733 2277 1954 2320 imminuere,
1977 2278 2168 2358 Sivfflius
2183 2278 2229 2312 sit
2245 2278 2312 2330 qui
2327 2278 2367 2314 in
2382 2278 2485 2315 cua-ia

255 2323 281 2359 3
332 2326 386 2358 est
407 2323 482 2358 sive
504 2322 613 2357 etiam
636 2322 719 2368 ipsa
742 2323 846 2358 curia
876 2326 949 2358 tres
970 2323 1099 2358 uncias
1121 2323 1291 2369 accipiat.
1360 2325 1414 2359 Ac
1436 2334 1482 2359 ne
1504 2334 1547 2359 eo
1572 2323 1717 2370 quidem
1739 2322 1979 2366 substitimus,
2012 2333 2032 2358 s
2099 2327 2141 2359 ut
2159 2323 2322 2368 femmae
2343 2333 2486 2375 quoquc

254 2378 344 2403 suae
367 2367 605 2402 institutionis
628 2371 777 2414 partem
808 2367 971 2414 aliquam
994 2367 1126 2404 darent
1153 2368 1365 2411 sanoeimus,
1395 2379 1442 2405 ne
1465 2368 1540 2414 ullo
1572 2380 1623 2405 ex
1648 2371 1845 2415 praetextu
1870 2368 2011 2411 curiae,
2041 2368 2150 2403 sicuti
2180 2372 2291 2404 antea
2312 2367 2485 2411 deminans,

281 2416 391 2448 uaria
407 2423 502 2459 pars
525 2411 702 2448 bonorum
728 2413 885 2448 omnium
914 2413 992 2448 eius
1023 2413 1087 2459 qui
1118 2413 1268 2448 curialis
1296 2413 1375 2459 fuit
1398 2414 1641 2450 imminuatur.
1698 2412 1895 2449 Praeterea
1910 2412 2096 2460 plurimas
2117 2413 2201 2449 illas
2221 2417 2331 2459 atque
2349 2412 2487 2459 effusas

256 2424 493 2494 qiberalitates
514 2457 737 2500 sustulimus,
769 2468 850 2493 cum
872 2468 947 2493 non
969 2463 1179 2504 pateremur
1202 2457 1351 2494 liberari
1374 2469 1397 2494 a
1418 2459 1521 2494 curia
1569 2469 1758 2505 uemquam
1777 2457 1884 2493 aliter
1906 2457 1978 2493 nisi
2000 2458 2183 2494 maximas
2202 2457 2398 2505 diqnitates
2421 2457 2486 2494 ad-

256 2507 397 2550 eptum,
424 2502 664 2547 patriciatum
689 2506 724 2538 et
746 2502 975 2538 consulatum
999 2508 1034 2538 et
1049 2503 1349 2550 praefecturam,
1378 2504 1453 2540 sive
1476 2504 1544 2539 civi
1579 2515 1614 2538 m
1641 2504 1717 2539 sive
1747 2503 1938 2538 militarem
1969 2503 2239 2549 (praefectoria
2261 2502 2354 2539 enim
2377 2503 2486 2539 etiam

255 2548 466 2600 maqisteria
485 2546 637 2582 militum
655 2557 732 2583 esse
752 2547 816 2584 lex
835 2548 1045 2594 intelleqit).·
1074 2552 1115 2583 ut
1132 2548 1166 2583 si
1189 2548 1271 2595 quis
1287 2549 1581 2595 praefectoriam
1632 2551 1815 2584 otestatem
1838 2551 1945 2594 qerat
1966 2548 2005 2583 in
2027 2548 2109 2594 ipso
2134 2552 2218 2583 actu
2231 2547 2389 2594 positus,
2410 2547 2486 2584 sive

256 2593 371 2629 civilis
394 2592 632 2638 maqistratus
653 2593 728 2628 sive
749 2592 918 2628 militaris
941 2595 1008 2634 sit,
1041 2593 1101 2628 ille
1125 2592 1296 2629 liberetur
1318 2604 1342 2629 a
1366 2593 1497 2629 curiali
1523 2604 1591 2629 eon
1625 2593 1735 2629 ‘cione
1761 2591 1956 2628 seeundum
1987 2597 2150 2628 nostram
2173 2592 2304 2638 leqem,
2334 2591 2486 2638 reliquis

257 2637 420 2673 omnibus
443 2636 731 2684 exemptionibus
753 2637 912 2674 sublatis.
962 2637 1057 2673 Nam
1081 2649 1175 2684 quae
1200 2638 1446 2674 tantummodo
1470 2637 1622 2675 lionoris
1653 2647 1765 2673 causa
1789 2636 1924 2672 dantur
1946 2636 2120 2673 eiusmodi
2141 2636 2338 2682 diqnitates
2360 2639 2485 2683 (prae-

254 2684 422 2729 fecturas
436 2682 588 2718 dicimus
608 2685 643 2718 et
660 2682 761 2729 quod
774 2682 896 2718 eodem
917 2683 1015 2719 valet
1033 2683 1242 2729 maqisteria
1258 2683 1422 2726 militum)
1441 2694 1515 2719 non
1535 2683 1695 2719 eximere
1713 2693 1763 2718 ex
1785 2681 1869 2717 albo
1889 2681 2020 2717 curiali
2039 2692 2103 2718 eos
2118 2682 2182 2727 qui
2200 2681 2286 2717 illas
2301 2681 2486 2718 consecuti

255 2732 342 2764 sunt
362 2727 564 2764 sanoeimus.
619 2726 723 2763 Haec
745 2727 860 2774 iqitur
876 2728 1008 2774 priore
1033 2733 1193 2774 tempore
1217 2739 1240 2763 a
1263 2727 1368 2763 nobis
1389 2729 1531 2764 sancita
1553 2731 1638 2763 sunt
1668 2737 1748 2763 cum
1772 2726 1855 2763 aliis
1878 2726 2010 2769 multis,
2042 2737 2136 2772 quae
2159 2725 2301 2772 quidem
2323 2737 2375 2769 ece
2395 2726 2486 2773 ipsis

257 2772 396 2819 leqibus
419 2773 492 2808 iam
516 2772 600 2807 latis
615 2776 744 2819 petere
767 2773 858 2808 licet.
906 2771 982 2808 Sed
1002 2773 1172 2809 solvimus
1194 2784 1340 2820 quoque
1361 2773 1559 2809 nonnullos
1581 2784 1605 2808 a
1629 2772 1760 2808 curiali
1782 2770 1995 2808 condicione
2017 2771 2140 2807 varias
2169 2771 2215 2806 iis
2234 2772 2486 2818 praqmaticas

257 2818 356 2864 leqes
375 2817 512 2864 larqiti,
537 2828 630 2863 quas
654 2828 775 2853 omnes
797 2821 903 2853 ratas
925 2828 1002 2854 esse
1020 2818 1184 2854 volumus
1208 2823 1318 2864 atque
1333 2822 1564 2865 praesentem
1590 2817 1852 2864 leqislationem
1875 2815 1920 2851 ab
1942 2815 2131 2852 undecima
2154 2815 2352 2852 indictione
2369 2826 2487 2863 nuper

256 2863 283 2899 4
327 2862 454 2910 elapsa
477 2862 619 2898 initium
643 2873 784 2908 capere,
808 2873 859 2898 ex
882 2873 954 2909 quo
979 2863 1084 2898 nobis
1107 2862 1196 2899 haec
1220 2862 1284 2899 lex
1305 2864 1342 2898 in
1361 2863 1482 2899 animo
1503 2863 1677 2909 aqitatur.
1743 2860 1920 2905 Quoniam
1939 2871 2023 2897 vero
2045 2861 2204 2897 videmus
2226 2872 2303 2897 esse
2324 2861 2388 2907 qui
2411 2866 2486 2897 tam

256 2909 294 2943 in
316 2911 392 2944 esto
414 2908 534 2943 animo
555 2907 630 2943 sint
651 2907 825 2944 adversus
846 2918 934 2943 suas
954 2909 1111 2955 patrias,
1134 2913 1176 2943 ut
1199 2908 1284 2944 aliis
1306 2907 1402 2944 bona
1424 2918 1493 2943 sua
1508 2907 1713 2953 relinquere
1732 2906 1861 2942 malint
1876 2910 1911 2942 el
1930 2906 1994 2942 vix
2010 2911 2182 2958 quartam
2194 2911 2343 2953 partem
2361 2905 2486 2943 maiae

257 2954 272 2988 i
321 2963 366 2988 ue
414 2955 542 2999 ropter
565 2957 730 2988 nostram
753 2952 786 2988 le
811 2963 878 2996 em,
902 2952 997 2989 hanc
1013 2957 1162 3000 partem
1183 2953 1217 2988 si
1240 2952 1332 2988 nulli
1355 2952 1457 2989 liberi
1480 2952 1603 2988 adsint
1625 2951 1829 3004 augendam
1853 2961 1929 2988 esse
1952 2951 2250 2987 existimavimus.

381 2964 421 3034 ἴ.
470 2996 602 3044 Itaque
624 2998 657 3032 si
672 3002 763 3044 post
836 3008 880 3033 nc
901 3001 1064 3033 nostram
1088 2998 1202 3045 leqem
1226 2997 1376 3034 curialis
1397 2997 1588 3040 moriatur,
1620 3008 1682 3043 qut
1707 2997 1839 3034 liberos
1860 3006 1933 3032 non
1956 2995 2062 3031 habet
2085 3006 2201 3042 neque
2222 2995 2402 3032 masculos
2423 3005 2484 3033 ne-

1453 3090 1467 3121 1
1484 3090 1523 3120 ut
1541 3101 1598 3121 om.
1610 3089 1698 3131 vulq.
1746 3087 1864 3120 ¹‘'omni
1875 3087 1984 3128 modo]
1998 3087 2134 3120 omnino
2149 3088 2227 3121 libri
2239 3085 2252 3131 11
2270 3086 2484 3131 dobenttpro

1404 3132 1560 3175 debeam)
1577 3133 1672 3166 curia
1721 3135 1787 3166 eob.
1807 3131 1820 3177 1
1836 3133 1857 3166 2
1878 3132 1940 3164 hoc
1961 3144 2020 3165 om.
2039 3130 2134 3176 7114
2148 3131 2335 3165 diminuere
2346 3128 2486 3175 Ναοῦ-Ι

1405 3188 1458 3211 eas
1482 3179 1567 3221 vulq.
1595 3177 1607 3222 11
1631 3180 1651 3212 5
1675 3178 1818 3221 suscepit
1842 3175 1895 3222 Vfl
1922 3179 1941 3211 8
1965 3176 2152 3210 sancximus
2164 3177 2280 3217 Nasu]
2304 3174 2484 3210 moti-n

1414 3222 1476 3267 Vss
1501 3224 1521 3256 9
1546 3223 1753 3256 diminuetur
1773 3222 1808 3256 V
1827 3221 1840 3265 11
1873 3223 1914 3255 10
1937 3232 2014 3264 pars
2037 3234 2095 3255 om.
2111 3221 2215 3255 Neob.
2241 3220 2255 3266 11
2287 3223 2323 3255 11
2349 3218 2414 3254 flod
2436 3219 2481 3260 οἰδ

1406 3269 1439 3300 et
1462 3280 1520 3302 om.
1537 3267 1592 3311 Vn
1620 3269 1659 3302 12
1683 3267 1835 3301 cedentes
1859 3267 1937 3300 libri
1953 3266 1965 3310 ΙΙ
1986 3265 2092 3300 libera
2114 3277 2135 3300 a
2157 3266 2251 3299 curia
2271 3265 2306 3299 V
2361 3263 2402 3298 13
2419 3262 2481 3302 ,ad-

1406 3313 1604 3355 emptionem
1626 3313 1662 3347 V
1673 3312 1848 3356 adeptione
1860 3311 1964 3346 Neob.
2015 3313 2057 3345 14
2069 3311 2256 3344 consolatu
2271 3308 2306 3341 V·
2344 3308 2385 3341 17
2398 3307 2480 3340 anii-

305 3093 320 3124 1
343 3086 469 3132 νόμον]
485 3091 557 3132 suit
574 3089 650 3122 Cod.
669 3091 719 3130 10,
735 3094 787 3129 35,
803 3095 819 3120 4
844 3087 858 3134 11
882 3090 902 3123 2
919 3086 987 3131 τὴν
1004 3086 1150 3133 βουλὴν]
1172 3087 1242 3131 τὴν
1257 3087 1336 3129 (τὸν

257 3135 319 3177 L²)
343 3131 539 3179 βουλευτὴν
553 3134 584 3167 L
603 3134 615 3176 11
643 3137 662 3166 5
687 3129 787 3174 αὐτὸ]
805 3145 843 3167 ea
863 3146 884 3171 ς
905 3133 918 3179 11
948 3135 968 3169 8
993 3134 1123 3167 τούτον
1136 3134 1183 3167 L¹
1207 3130 1335 3167 τούτου

259 3180 308 3213 L²
328 3181 341 3222 11
365 3181 516 3222 ἔστησεν
540 3178 589 3212 L¹
613 3177 626 3223 11
657 3181 677 3212 9
701 3177 964 3223 ἐθεσπίσαμεν]
987 3181 1059 3223 suit
1085 3179 1163 3214 cod.
1182 3181 1233 3220 10,
1252 3184 1302 3216 35.
1318 3184 1334 3209 5

258 3227 313 3268 (ff
331 3225 480 3268 Kriiqeri
499 3225 590 3266 adn.)
619 3227 631 3267 11
660 3225 702 3258 10
718 3232 793 3267 post
813 3224 856 3271 τῇ
877 3222 989 3267 βουλῆ
1002 3225 1034 3258 L
1057 3226 1157 3258 verba
1174 3225 1235 3257 καὶ
1253 3219 1338 3256 οὐδὲ

258 3259 1338 3359 exsatieturseirent?.';2²,;²325{÷52‚3„⁸32’11

263 3362 300 3392 17
315 3359 387 3401 τῆς]
399 3361 472 3393 τοῖς
485 3326 841 3403 ΜΕἾΙπέέίφαικτω
866 3314 992 3404 lasLd
1009 3360 1048 3394 18
1062 3326 1338 3405 πρεφὲκτωρίαν
1406 3356 1601 3391 nistrauerit
1625 3365 1656 3391 et
1681 3360 1721 3392 18
1744 3356 1956 3390 ministrans
2042 3355 2056 3400 Ι
2097 3357 2136 3390 to
2158 3351 2380 3389 conditionem
2410 3351 2482 3404 VJ}

262 3404 293 3436 L
309 3403 321 3446 11
343 3407 382 3437 19
394 3402 417 3437 οἵ
442 3403 485 3450 ἔῃ
498 3404 538 3437 ἐν
555 3410 562 3442 t
596 3405 677 3437 ossis
689 3405 783 3437 etiam
796 3401 842 3448 ἄρ
865 3415 937 3437 ειεν
949 3404 1003 3446 ἐν)
1021 3405 1100 3438 dedi
1110 3417 1177 3438 cum
1192 3405 1223 3445 ς]
1239 3401 1338 3448 ἄρξει
1407 3403 1446 3436 21
1474 3412 1559 3444 quae
1583 3403 1661 3436 add.
1674 3403 1732 3436 vul
1754 3413 1780 3441 ,ς
1805 3414 1848 3435 an
1872 3402 1932 3446 leq.
1947 3402 1990 3435 22
2009 3399 2128 3434 datu?
2156 3403 2171 3444 Ι
2199 3398 2242 3432 22
2263 3395 2482 3440 praefectoria

262 3449 302 3480 εν
316 3448 359 3480 Μ
371 3416 440 3492 apg
568 3416 593 3493 (11
607 3450 650 3483 20
662 3445 887 3492 βουλευτικῆς
901 3449 959 3490 M]
979 3461 1038 3483 om.
1049 3449 1102 3486 Le
1119 3448 1132 3493 11
1156 3451 1194 3483 21
1213 3443 1336 3492 νόμον]
1414 3446 1468 3490 Vll
1489 3448 1531 3481 23
1547 3446 1688 3490 *quales
1745 3447 1848 3481 Neob.
1865 3445 1879 3491 11
1895 3447 2004 3489 potest
2018 3445 2064 3486 V]
2180 3441 2303 3482 -Μ,
2324 3442 2481 3483 poterunt

268 3492 344 3525 Cod.
365 3496 413 3533 10,
433 3501 481 3534 32,
497 3500 533 3525 67
554 3494 567 3537 11
585 3496 627 3527 23
641 3494 905 3538 πραεφεκιοπὶεε
918 3493 966 3527 Μ
978 3495 1271 3539 πρεφαικτωρίας
1284 3492 1315 3525 L
1409 3492 1588 3526 Heimbaeh
1603 3492 1616 3534 11
1640 3493 1684 3527 24
1697 3491 1794 3525 alueo
1815 3491 1850 3525 V
1862 3491 1959 3524 ambo
1970 3490 2073 3525 Neob-
2110 3487 2353 3526 ffimm]
2374 3496 2482 3519 ⁸⁸8⁰!-

263 3538 307 3569 25
325 3534 460 3581 λειτουρ
486 3537 616 3579 ι’)ματος
636 3539 712 3582 L²fl
731 3540 772 3572 27
799 3534 883 3580 ἡμῖν
902 3551 960 3572 om.
975 3540 1007 3572 L
1025 3541 1096 3581 1128
1121 3537 1316 3578 ἐξέτινεςὶ
1407 3547 1480 3569 mus
1503 3537 1581 3571 libri
1599 3536 1612 3582 fl
1641 3537 1755 3579 itaque
1779 3537 1860 3569 haec
1880 3536 1915 3570 V
1937 3535 1950 3578 fl
1977 3535 2020 3569 28
2045 3533 2097 3566 hi·
2130 3532 2186 3564 lue
2206 3530 2241 3564 V
2256 3530 2319 3563 hoc
2339 3530 2444 3582 Neob.
2469 3531 2482 3576 fl

262 3579 342 3613 ’τῶν
364 3577 429 3621 ἤδη
501 3585 511 3622 ]
538 3580 603 3625 ἤδη
626 3578 715 3626 (ἦδει
739 3583 798 3625 L¹)
821 3582 900 3617 τῶν
920 3583 952 3617 L
976 3583 989 3627 11
1015 3586 1059 3618 30
1082 3581 1340 3637 πραῖματικός
1408 3581 1450 3614 30
1474 3581 1640 3615 inditione
1670 3581 1704 3615 V
1728 3580 1741 3626 fl
1770 3582 1811 3616 31
1837 3589 1877 3614 ex
1922 3588 1966 3612 ua
1988 3577 2084 3611 noffifl
2105 3575 2203 3619 “¹9¹⁵
2235 3584 2257 3607 ὓ
2274 3574 2370 3607 ΒΟῙΠΙ
2391 3575 2418 3609 V
2441 3585 2481 3609 08

265 3622 540 3669 φιλοτησᾶμενοι
554 3627 613 3671 Lu
633 3630 674 3662 35
695 3625 858 3670 ἄπεχθῆς
869 3628 918 3662 L¹
937 3628 949 3670 ΙΙ
965 3630 1008 3663 38
1032 3630 1091 3661 καὶ
1114 3629 1234 3669 τουτο]
1257 3622 1339 3660 κᾶν·
1407 3635 1474 3658 non
1489 3626 1591 3659 Neob.
1616 3625 1629 3670 11
1652 3626 1689 3659 iu
1711 3625 1886 3669 add-vulq-
1946 3620 2145 3658 Mamm
2159 3621 2268 3652 sstem
2290 3619 2346 3664 Vfl
2362 3619 2479 3653 8ὖῦΘῖ-

263 3667 391 3703 ταῦθα
415 3670 610 3704 Haloander
632 3673 644 3714 11
674 3674 716 3706 39
740 3670 907 3715 εἰπούσης
929 3673 978 3706 L¹
1001 3673 1014 3717 11
1040 3674 1084 3708 40
1107 3670 1256 3715 τελευτᾷ
1278 3670 1338 3713 Μ]
1407 3680 1462 3703 sus
1483 3671 1662 3704 Vauersos
1673 3670 1776 3705 Neob.
1796 3668 1811 3714 Ι
1840 3670 1883 3704 35
1906 3665 2086 3709 affirmas·
2107 3663 2121 3709 Ι
2151 3664 2192 3699 37
2218 3664 2296 3697 ὓίῑθῦ
2319 3665 2352 3698 V

266 3711 444 3747 τελευτῶν
469 3714 510 3756 L,
535 3713 709 3758 τελευτῴη
736 3719 790 3760 (ff
806 3720 838 3759 ς)
865 3717 1059 3751 Haloander
1563 3716 1565 3719 ¹

438 3461 509 3482 ειεν
521 3449 552 3482 L
