2586 3990
155 150 210 178 ET
241 149 356 179 ALIIS
384 148 661 179 PARENTIBUS

155 261 289 293 ταρτον
311 250 414 294 μέρος
442 247 504 290 τῆς
529 243 639 280 αὐτοῦ
665 252 884 292 περιουσίας,
916 250 975 281 καὶ
1001 249 1123 294 ἕτερον
1146 248 1236 292 μετὰ

154 295 270 327 ταῦτα
295 293 539 335 πεποιήκαμεν
563 289 679 334 νόμον
703 292 771 326 τὸν
788 291 1003 337 διορίζοντα,
1029 294 1128 327 εἴτις
1145 292 1234 328 ἄπο-

154 352 218 383 ρον
249 342 399 384 γυναῖκα
434 336 524 371 κατὰ
558 334 730 371 διάθεσιν
761 337 876 381 μόνον
908 338 1013 382 λάβοι
1045 342 1104 371 καὶ
1135 342 1235 383 μέχρι

155 383 316 427 τελευτῆς
347 383 414 417 σὺν
446 379 535 429 αὐτῇ
569 383 677 425 ζήσας
701 382 1002 429 προτελευτήσειε,
1036 383 1236 428 λαμβάνειν

155 426 286 472 ὁμοίως
309 431 366 462 καὶ
391 424 506 470 αύτην
530 427 571 462 τὸ
590 430 764 473 τέταρτον
787 431 891 474 μέρος
907 430 968 470 τῆς
985 432 1118 463 ἐκείνου
1137 442 1234 474 περι-

154 478 274 507 ουσίας
298 470 404 515 (οὕτω
428 476 592 519 μέντοιγε
617 470 705 507 (ὅςτε
729 474 778 517 μὴ
798 472 1031 519 ’ὑπερβαίνειν
1056 471 1145 508 αὐτὸ
1167 474 1236 517 τὴν

154 521 230 553 τῶν
264 518 394 552 ἑκατὸν
430 519 493 552 τοῦ
527 520 655 573 χρυσοῦ
692 517 826 564 λιτρῶν
862 519 1073 563 ποσότητα),
1111 521 1149 553 ἑν
1180 520 1232 562 τῷ

154 564 307 609 παρόντι
329 562 476 596 κάλλιον
502 564 670 610 ἑκάτερον
691 564 807 608 νόμον
828 562 1086 598 διατυποῦντες
1104 565 1233 599 θεσπί-

153 613 269 653 ζομεν,
303 605 363 653 ἐφ’
387 610 556 654 ἑκατέρου
583 610 740 653 θέματος
770 609 851 643 τοὺς
883 611 920 642 ἐκ
950 611 1028 642 τῶν
1058 610 1238 643 τοιούτων

1232 133 1315 179 555

1970 134 2076 178 Nov.
2108 132 2261 176 CXVII
2292 135 2328 174 5.
2359 134 2384 174 6

1306 247 1546 289 substantiae,
1579 248 1615 283 et
1637 246 1744 282 aliam
1774 249 1857 291 post
1887 246 1976 282 haec
2007 245 2157 281 fecimus
2182 244 2293 288 legem
2323 243 2383 278 de·

1306 295 1526 335 cernentem,
1561 293 1590 328 si
1615 293 1692 338 quis
1723 291 1918 326 indotatam
1951 301 2096 326 uxorem
2128 300 2190 334 per
2219 289 2386 324 affectum

1305 338 1418 372 solum
1442 338 1622 382 acceperit
1651 340 1686 373 et
1710 347 1822 382 usque
1846 337 1893 371 ad
1916 341 2065 372 mortem
2096 346 2175 371 cum
2201 345 2244 370 ea
2268 334 2385 370 vivens

1305 383 1575 427 praemoriatur,
1598 383 1762 427 accipere
1779 382 1938 417 similiter
1960 385 1995 416 et
2015 391 2092 416 eam
2110 383 2273 426 quartam
2291 379 2385 414 illius

1272 433 1290 463 5
1305 429 1527 463 substantiae
1548 428 1765 473 portionem,
1790 427 1840 461 ita
1859 431 1979 461 tamen
2002 430 2042 461 ut
2062 437 2133 461 non
2154 425 2386 461 transcendat

1305 474 1393 508 haec
1418 477 1559 509 centum
1578 474 1655 508 auri
1679 474 1849 508 librarum
1874 472 2119 516 quantitatem,
2146 471 2181 505 in
2205 470 2386 515 praesenti

1307 518 1428 553 melius
1464 521 1653 563 utramque
1693 519 1804 562 legem
1844 517 2073 561 disponentes
2110 516 2307 557 sancimus,
2349 515 2386 550 in

1305 567 1455 608 utroque
1497 574 1583 599 casu
1624 574 1666 598 ex
1705 564 1838 598 talibus
1878 562 2110 597 matrimoniis
2150 563 2253 596 natos
2293 560 2385 596 filios

1304 609 1478 653 legitimos
1514 618 1591 644 esse
1626 613 1662 644 et
1693 609 1738 643 ad
1770 611 1955 653 paternam
1988 607 2108 642 vocari
2143 606 2384 647 hereditatem,

152 658 385 688 συνοικεσίων
411 655 607 696 τεχθέντας
639 653 770 690 παῖδας
794 658 962 698 νομίμους
991 654 1082 688 εἶναι
1107 658 1165 688 καὶ
1189 655 1235 688 εἰς
1251 658 1290 689 11)
1304 665 1452 689 uxorem
1477 656 1596 689 autem
1621 663 1663 688 ex
1684 659 1836 697 utroque
1860 653 1987 687 horum
2008 662 2170 693 casuum,
2197 652 2227 686 si
2246 651 2385 696 quidem

151 698 218 739 τὴν
241 700 419 744 πατρῴαν
444 699 638 734 καλεῖσθαι
663 699 913 744 κληρονομίαν,
938 699 1004 742 τὴν
1029 697 1068 732 δὲ
1084 704 1235 746 γυναῖκα

152 741 212 789 ἐφ’
232 744 398 789 ἑκατέρου
422 743 564 779 τούτων
588 746 665 779 τῶν
682 745 869 788 θεμάτων,
895 745 925 778 εἰ
940 746 1007 785 μὲν
1024 743 1105 790 ἄχρι
1122 746 1235 790 τριῶν

151 791 225 831 ἔχοι
250 788 396 825 παίδων
420 787 439 823 ὁ
466 787 573 833 αὐτῆς
604 787 695 835 ἀνὴρ
727 790 797 823 εἴτε
819 790 856 829 ἐξ
882 787 988 832 αὐτῆς
1020 790 1089 823 εἴτε
1113 793 1172 822 καὶ
1198 789 1235 829 ἐξ

152 834 271 880 ἑτέρου
307 840 544 878 συνοικεσίου,
589 835 631 869 τὸ
670 838 845 880 τέταρτον
880 839 982 880 μέρος
1017 836 1077 876 τῆς
1114 831 1234 868 οὐσίας

1305 709 1418 743 usque
1442 702 1514 734 tres
1540 699 1705 734 habuerit
1728 699 1820 734 filios
1845 698 1921 733 eius
1946 697 1999 732 vir
2015 697 2087 732 sive
2112 707 2155 731 ex
2179 706 2221 731 ea
2246 697 2319 731 sive
2343 706 2385 730 ex

1305 745 1374 778 alio
1400 745 1635 787 matrimonio,
1670 747 1833 789 quartam
1857 746 1995 787 partem
2027 752 2071 777 ex
2096 741 2299 777 substantia
2322 741 2386 776 viri

1305 789 1480 834 accipere.
1529 789 1566 824 Si
1590 793 1708 825 autem
1739 789 1891 833 amplius
1923 787 2057 822 fuerint
2079 787 2158 829 filii,
2190 789 2329 821 tantum
2350 786 2385 820 in

1305 838 1456 879 utroque
1492 835 1651 870 similiter
1689 845 1774 870 casu
1809 833 1973 878 accipere
2007 832 2169 868 iubemus
2205 831 2385 866 mulierem

152 882 214 914 τοῦ
240 878 369 925 ἀνδρὸς
395 880 610 935 λαμβάνειν
648 881 678 913 εἰ
703 879 741 914 δὲ
763 880 923 914 πλείονες
947 879 1071 922 εἴησαν
1095 879 1131 913 οἱ
1153 882 1233 914 παῖ-
1251 882 1290 914 15
1306 884 1476 922 quantum
1503 880 1564 914 uni
1589 881 1760 925 competit
1781 879 1952 914 filiorum:
1983 878 2035 913 ita
2059 877 2191 923 quippe
2216 881 2256 912 ut
2280 887 2384 912 usum

153 924 223 968 δες,
256 928 430 960 τοσοῦτον
462 929 505 972 ἐφ
549 927 715 969 ἑκατέρου
749 922 880 969 ὁμοίως
911 925 1069 968 θ’ἐματος
1099 922 1233 968 λαμβά-

152 983 228 1004 νειν
263 970 449 1014 κελεύομεν
484 972 552 1014 τὴν
584 974 734 1017 γυναῖκα
770 966 859 1004 ὅσον
891 970 945 1003 ἑνὶ
979 971 1056 1003 τῶν
1088 968 1234 1003 παίδων

153 1016 308 1060 ἁρμόζει.
369 1014 464 1050 οὕτω
498 1014 633 1059 δηλαδὴ
668 1012 755 1051 diere
778 1017 907 1060 χρῆσιν
930 1014 1048 1059 μόνην
1078 1017 1139 1049 ἐπὶ
1163 1018 1235 1048 τοῖς

152 1060 327 1095 τοιούτοις
360 1059 546 1108 πράγμασι
583 1060 651 1104 τὴν
683 1064 832 1107 γυναῖκα
866 1062 969 1102 ἔχειν,
1005 1058 1074 1103 τὴν
1107 1058 1234 1094 δεσπο-

1304 925 1419 959 solum
1454 926 1490 960 in
1526 926 1660 960 talibus
1694 926 1800 960 rebus
1841 925 1967 959 mulier
2007 924 2154 965 habeat,
2193 921 2386 958 dominium

1305 974 1423 1005 autem
1445 971 1513 1005 illis
1534 971 1615 1005 filiis
1636 975 1797 1006 servetur
1819 980 1907 1015 quos
1927 979 1970 1004 ex
1987 969 2073 1013 ipsis
2092 967 2227 1012 nuptiis
2248 967 2383 1002 habuit.

1306 1014 1343 1049 Si
1366 1025 1448 1050 vero
1473 1016 1554 1050 talis
1579 1016 1703 1051 mulier
1727 1016 1819 1051 filios
1847 1025 1891 1049 ex
1915 1024 1956 1049 eo
1981 1025 2051 1049 non
2077 1013 2254 1057 habuerit,
2286 1013 2384 1048 iube-

1304 1070 1383 1095 mus
1414 1060 1519 1095 etiam
1553 1061 1697 1096 dominii
1728 1061 1804 1096 iure
1837 1060 1968 1095 habere
2001 1070 2079 1094 eam
2110 1069 2186 1100 res,
2223 1068 2311 1103 quas
2344 1068 2387 1093 ex

153 1111 254 1141 τείαν
279 1105 318 1140 δὲ
342 1110 487 1140 ἐκείνοις
517 1109 589 1140 τοῖς
613 1110 719 1140 παισὶ
743 1104 996 1160 φνλάττεσθαι
1028 1102 1087 1139 οὓς
1111 1105 1149 1145 ἐξ
1173 1102 1234 1138 αὐ-
1249 1108 1290 1139 20
1305 1106 1369 1139 viri
1390 1105 1564 1141 facultate
1588 1106 1632 1141 ad
1650 1117 1727 1141 eam
1747 1106 1865 1141 venire
1890 1115 1954 1150 per
1970 1107 2194 1150 praesentem
2216 1104 2386 1139 iussimus

152 1154 215 1185 τοῦ
245 1154 309 1186 τοῦ
331 1152 445 1198 γάμου
468 1153 578 1193 ἔσχεν.
632 1152 663 1184 εἰ
688 1149 727 1184 δὲ
757 1165 779 1194 η
803 1150 953 1193 τοιαύτη
982 1150 1071 1197 γυνὴ
1105 1148 1236 1184 παῖδας

153 1198 190 1237 ἐξ
214 1195 326 1231 αὐτοῦ
358 1198 406 1241 μὴ
433 1199 522 1240 ἔχοι,
555 1195 742 1240 κελεύομεν
773 1199 833 1229 καὶ
866 1194 1075 1230 δεσποτείας
1107 1194 1235 1238 δικαίῳ

151 1244 245 1284 ἔχειν
270 1240 382 1286 αὐτὴν
406 1241 451 1276 τὰ
474 1242 690 1287 πράγματα,
726 1237 818 1286 ἅπερ
851 1243 887 1273 ἐκ
917 1242 979 1284 τῆς
1009 1242 1073 1275 τοῦ
1106 1239 1236 1286 ἀνδρὸς

152 1287 275 1323 οὐσίας
299 1289 345 1322 εἰς
370 1284 485 1331 αὐτὴν
514 1287 638 1321 ἐλθεῖν
662 1286 721 1321 διὰ
745 1288 810 1320 τοῦ
842 1286 1022 1331 παρόντος
1054 1285 1235 1320 ἐκελεύσα-

1304 1150 1427 1194 legem.
1476 1151 1575 1194 Quae
1603 1155 1719 1187 tamen
1750 1150 2047 1186 inrationabiliter
2073 1151 2220 1185 exclusa
2243 1152 2315 1192 est,
2349 1149 2386 1184 in

1304 1196 1382 1240 ipso
1414 1200 1573 1240 tempore
1605 1197 1825 1241 expulsionis
1861 1199 1997 1241 partem
2030 1195 2192 1230 iubemus
2225 1195 2387 1239 accipere

1305 1250 1396 1285 quae
1429 1242 1633 1276 continetur
1668 1243 1737 1277 hac
1767 1243 1853 1285 lege.
1904 1241 2027 1276 Virum
2063 1241 2154 1275 enim
2189 1241 2225 1274 in
2256 1241 2385 1275 talibus

1307 1286 1450 1321 casibus
1483 1290 1647 1331 quartam
1679 1287 1874 1323 secundum
1903 1286 2056 1330 priorem
2085 1289 2245 1321 nostram
2274 1286 2385 1329 legem

151 1347 219 1376 μεν
242 1332 362 1385 νόμον.
413 1333 480 1376 τὴν
503 1336 626 1377 μέντοι
650 1329 788 1378 ἀλόγως
814 1331 1056 1375 ἐκβληθεῖσαν
1075 1335 1115 1365 ἐν
1132 1329 1232 1374 αὐτῷ
1250 1335 1291 1367 25
1305 1342 1348 1366 ex
1373 1331 1575 1368 substantia
1599 1332 1760 1368 mulieris
1792 1332 1955 1378 accipere
1978 1331 2091 1367 modis
2117 1331 2279 1367 omnibus
2303 1341 2383 1376 pro—

152 1380 204 1421 τῷ
229 1392 342 1424 καιρῳ
377 1379 439 1422 τῆς
464 1378 609 1422 ἐκβολῆς
637 1378 678 1411 τὸ
704 1380 806 1422 μέρος
830 1377 1017 1421 κελεύομεν
1043 1376 1166 1421 λαβεῖν
1190 1375 1233 1411 τὸ

152 1424 404 1469 περιεχόμενον
420 1422 515 1466 τῷδε
532 1426 586 1466 τῷ
602 1423 717 1467 νόμῳ.
764 1421 831 1457 τὸν
852 1421 968 1467 ἄνδρα
987 1422 1056 1469 γὰρ
1074 1425 1133 1457 ἐπὶ
1157 1425 1235 1457 τῶν

151 1467 330 1503 τοιούτων
356 1467 531 1513 θεμάτων
555 1468 597 1503 τὸ
623 1472 799 1515 τέταρτον
822 1471 925 1513 μέρος
949 1468 1042 1502 κατὰ
1063 1468 1131 1502 τὸν
1148 1468 1235 1514 πρό-

151 1527 256 1561 τερον
281 1513 385 1558 ἡμῶν
409 1514 524 1558 νόμον
555 1516 592 1548 ἐκ
623 1515 685 1557 τῆς
709 1511 831 1548 οὐσίας
855 1513 1056 1558 λαμβάνειν
1088 1515 1148 1557 τῆς
1176 1527 1236 1560 yv-

152 1559 274 1594 ναικὸς
298 1562 390 1595 πᾶσι
416 1559 564 1605 τρόποις
589 1557 773 1593 κωλύομεν

1304 1377 1477 1413 bibemus.

1248 1561 1292 1595 30

1151 1673 1311 1710 CAPUT
1334 1674 1396 1710 VI.

196 1739 350 1775 Ἐκείνου
374 1739 633 1787 ἀναμφιβόλως
657 1740 1038 1787 παραφυλαττομένου,
1064 1737 1152 1775 ὥςτε
1171 1741 1238 1784 τὴν

154 1789 312 1821 Λέοντος
332 1788 396 1821 τοῦ
421 1788 482 1830 τῆς
506 1784 673 1831 εὐσεβοῦς
695 1788 834 1831 μνήμης
858 1785 1024 1827 διάταξιν
1057 1788 1118 1820 ἐπὶ
1142 1786 1235 1820 πάν-

1364 1741 1431 1777 Illo
1459 1740 1703 1776 indubitanter
1727 1739 1961 1783 observando,
1993 1740 2034 1774 ut
2057 1739 2188 1775 Leonis
2213 1739 2293 1786 piae
2316 1750 2387 1775 me-

1305 1787 1440 1822 moriae
1464 1786 1674 1823 constitutio
1699 1786 1736 1821 in
1760 1786 1924 1822 omnibus
1949 1784 2027 1821 aliis
2052 1785 2205 1828 casibus,
2233 1785 2293 1831 qui
2318 1795 2390 1822 non

221 1874 322 1911 esVI
348 1876 416 1911 Τὸν
441 1876 483 1911 δέ
502 1891 542 1924 γε
565 1878 653 1919 (Τόν
676 1879 743 1921 μὲν
770 1879 825 1918 Rs)
851 1875 966 1920 νόμον
990 1874 1042 1910 δι’
1069 1869 1113 1911 οὗ
1137 1876 1176 1911 αἱ
1198 1879 1275 1911 τῶν
1298 1878 1481 1924 γυναικῶν
1505 1879 1667 1924 συζυγίαι
1691 1874 1733 1911 εἲς
1758 1873 1865 1912 αὐτὸς
1889 1874 1907 1910 ὁ
1935 1873 1967 1920 (ὁ
1991 1872 2098 1911 αὐτὸς
2117 1877 2179 1921 Bss)
2202 1875 2310 1922 νόμος
2334 1873 2388 1910 εύ-

153 1922 261 1956 τελεῖς
285 1922 428 1956 ἐκάλεσε
442 1949 588 1958 .......
615 1932 703 1957 extat
726 1924 762 1956 B
788 1925 842 1964 28,
855 1931 882 1964 4,
896 1931 930 1957 47
956 1925 1019 1965 (Βὲς
1043 1925 1079 1956 Γ
1101 1926 1174 1964 1‚10
1197 1937 1232 1967 p.
1248 1926 1312 1958 144
1336 1925 1466 1964 Zach.).

152 2040 293 2080 partem
317 2035 539 2070 substantiae
563 2037 640 2071 eius
659 2036 828 2081 accipiat,
853 2040 962 2081 atque
986 2036 1096 2070 aliam
1118 2040 1246 2081 postea
1268 2035 1380 2080 leqem
1399 2036 1554 2081 fecimus
1575 2046 1669 2080 quae
1685 2035 1820 2080 definit,
1845 2039 1886 2070 ut
1900 2036 1934 2070 si
1948 2035 2030 2080 quis
2045 2035 2190 2080 inopem
2206 2033 2390 2069 mulierem

156 2091 204 2115 ecc
227 2080 306 2114 sola
331 2080 522 2125 affectione
546 2080 693 2115 duxerit
717 2085 751 2115 et
775 2091 888 2125 usque
912 2081 960 2114 ad
980 2081 1088 2124 finem
1112 2081 1207 2115 vitae
1231 2091 1274 2115 ea
1298 2091 1385 2115 usus
1404 2082 1511 2126 prior
1535 2080 1737 2123 decesserit,
1762 2081 1926 2115 similiter
1945 2082 2029 2125 ipsa
2053 2090 2197 2125 quoque
2221 2083 2389 2124 quartam

153 2130 296 2171 partem
325 2125 547 2160 substantiae
578 2125 677 2160 iltius
709 2126 865 2171 accipiat
899 2126 963 2166 (ita
994 2130 1112 2159 tamen
1143 2130 1184 2160 ut
1212 2136 1256 2160 ea
1287 2136 1360 2160 non
1391 2125 1547 2160 excedat
1576 2129 1716 2160 centum
1741 2125 1916 2160 librarum
1941 2125 2024 2160 auri
2053 2125 2321 2170 quantitatem),
2351 2124 2389 2158 in

150 2170 362 2216 praesentia
394 2174 583 2215 utramque
615 2170 728 2215 Zeqem
752 2170 879 2205 melius
903 2170 1133 2215 disponentes
1163 2170 1202 2204 in
1224 2174 1379 2215 utroque
1404 2180 1490 2204 casu
1514 2170 1705 2211 sancimus,
1738 2176 1779 2205 ut
1802 2171 1907 2205 liberi
1933 2181 1983 2205 ex
2006 2169 2182 2205 eiusmodi
2211 2169 2390 2214 coniuqiis

156 2217 233 2250 nati
258 2215 407 2261 leqitimi
430 2216 503 2250 sint
526 2219 561 2250 et
583 2215 631 2250 ad
647 2219 842 2261 paternam
867 2214 1099 2250 hereditatem
1124 2219 1306 2256 vocentur,
1340 2225 1439 2250 uxor
1463 2218 1583 2249 autem
1607 2215 1645 2248 in
1669 2219 1822 2261 utroque
1846 2226 1895 2250 ex
1919 2214 1975 2250 bis
1999 2214 2158 2256 casibus,
2191 2214 2224 2248 si
2246 2214 2388 2259 quidem

157 2262 308 2296 maritus
333 2261 410 2295 eius
435 2271 547 2306 usque
570 2260 618 2295 ad
644 2267 715 2295 tres
739 2260 869 2294 liberos
894 2259 1024 2294 habeat
1054 2260 1126 2294 sive
1151 2270 1199 2294 ex
1223 2261 1303 2304 ipsa
1327 2260 1400 2294 sive
1424 2270 1472 2294 ex
1497 2259 1569 2294 alio
1595 2260 1778 2305 coniuqio,
1811 2264 1980 2305 quartam
1997 2264 2144 2306 partem
2167 2259 2390 2295 substantiae

157 2307 278 2340 mariti
303 2306 483 2351 accipiam
517 2306 573 2339 sin
598 2310 715 2340 autem
736 2305 863 2351 plures
886 2306 958 2339 sint
983 2305 1102 2346 liberi,
1134 2305 1172 2339 in
1196 2309 1351 2349 utroque
1373 2304 1536 2339 similiter
1559 2315 1645 2339 casu
1671 2309 1809 2340 tantum
1832 2305 2015 2340 mulierem
2041 2305 2206 2350 accipere
2230 2303 2389 2339 iubemus

158 2355 332 2396 quantum
358 2352 419 2386 uni
444 2362 492 2386 ea:
517 2351 637 2386 tiberis
662 2351 848 2396 competit:
879 2351 931 2384 ita
954 2349 1091 2384 scilicet
1114 2352 1152 2383 ut
1175 2350 1440 2394 usumfructum
1465 2348 1581 2383 solum
1606 2350 1644 2384 in
1668 2349 1842 2384 eiusmodi
1864 2349 1970 2384 rebus
1993 2349 2120 2384 mulier
2145 2348 2292 2390 babeat,
2325 2348 2388 2385 do-

158 2397 302 2430 minium
329 2403 447 2431 cautem
474 2396 593 2431 tiberis
617 2395 689 2430 illis
711 2400 872 2430 servetur
897 2406 987 2440 quos
1012 2406 1060 2429 ex
1083 2395 1162 2440 ipso
1186 2395 1414 2429 matrimonio
1440 2394 1575 2429 babuit.
1623 2393 1757 2436 Quodsi
1781 2394 1954 2429 eiusmodi
1977 2394 2105 2429 mulier
2129 2394 2261 2429 liberos
2278 2405 2327 2430 ex
2347 2405 2389 2430 eo

158 2452 231 2476 non
254 2442 393 2483 habeat,
426 2441 585 2476 iubemus
608 2442 715 2476 etiam
740 2440 892 2475 dominii
911 2441 991 2475 iure
1016 2439 1146 2475 habere
1170 2450 1247 2474 eam
1272 2450 1331 2474 res
1355 2450 1448 2485 quas
1471 2450 1520 2474 ecc
1543 2439 1745 2474 substantia
1776 2440 1844 2474 viri
1868 2439 1917 2474 ad
1939 2450 2018 2474 eam
2042 2439 2162 2475 venire
2188 2450 2258 2485 per
2275 2450 2386 2485 prae-

157 2491 290 2522 sentem
316 2487 427 2531 [essem
451 2487 628 2521 iussimus.

159 2533 317 2567 iubemus
349 2542 442 2576 quae
472 2532 539 2566 bac
563 2531 641 2576 leffe
664 2531 878 2566 continetur.

676 2484 776 2528 Quae
806 2496 888 2521 vero
919 2486 996 2520 sine
1026 2495 1138 2519 causa
1167 2484 1361 2530 repudiata
1385 2491 1455 2525 est,
1487 2495 1564 2519 eam
1589 2486 1668 2531 ipso
1693 2485 1836 2530 repudii
1867 2490 2026 2531 tempore
2050 2488 2197 2530 partem
2224 2485 2389 2531 accipere

927 2530 1022 2565 Nam
1045 2530 1212 2565 maritum
1237 2530 1275 2564 in
1294 2529 1468 2565 eiusmodi
1492 2529 1633 2564 casibus
1657 2537 1825 2575 quartam
1848 2536 1989 2576 partem
2013 2529 2207 2565 secundum
2228 2530 2388 2576 priorem

160 2578 271 2623 lcqem
295 2582 456 2611 nostram
480 2587 529 2611 ex
552 2576 754 2612 substantia
777 2577 907 2610 uxoris
931 2576 1094 2622 accipere
1117 2574 1278 2610 omnibus
1300 2574 1415 2609 modis
1436 2574 1680 2621 probibemus.

294 2622 354 2673 VI.
404 2621 504 2656 Illud
526 2625 644 2657 autem
666 2622 743 2656 sine
768 2620 991 2656 dubitatione
1016 2620 1232 2662 observetur,
1257 2625 1297 2655 ut
1312 2620 1444 2655 Leonis
1461 2620 1551 2666 piae
1571 2620 1764 2656 memoriae
1788 2619 1998 2656 constitutio
2022 2620 2061 2654 in
2079 2619 2207 2656 ceteris
2226 2619 2389 2655 omnibus

205 2738 225 2770 2
249 2731 377 2779 νόμον]
403 2748 472 2768 nov.
490 2735 589 2768 LIII
601 2748 626 2768 e.
642 2737 661 2769 6
681 2734 692 2776 11
717 2737 802 2768 2-5
825 2734 859 2767 εἴ
878 2744 931 2768 τις
956 2754 994 2757 *ν
1022 2735 1238 2777 περιουσίας]

161 2781 215 2814 Εἴ
232 2792 285 2814 τις
309 2778 448 2824 ἄπορον
471 2782 622 2826 γυναῖκα
646 2779 738 2812 κατὰ
762 2779 828 2822 τὴν
852 2779 916 2813 τοῦ
942 2778 1054 2823 νόμου
1079 2778 1238 2822 παρατή-

159 2823 1040 2915 ἷῖἷὲἷτᾷἶῗῗιι’ἱῗᾷἶῗῖτῖςεπὲἕῖἑλῖἔίἷῗῖγῗωοἷ’
1053 2824 1240 2910 λιῗσῖῗηρὲζι

159 2919 264 2950 verbis
277 2888 348 2950 nlov.
360 2917 456 2949 LIII
466 2929 490 2949 c.
503 2917 523 2949 6
536 2915 751 2959 κομίζεσθαι
765 2915 833 2958 τὴν
846 2916 1094 2957 γυναῖκα(304,
1104 2916 1153 2956 36)
1167 2927 1240 2947 con-

162 2964 287 2995 tinuant
305 2963 379 2996 BL.
400 2969 474 3003 post
493 2974 521 2995 v.
535 2963 575 2995 15
592 2962 654 2993 τοῦ
672 2957 804 3005 ἀνδρὸς
820 2959 998 3004 λαμβάνει
1015 2961 1087 2993 coll.
1101 2960 1217 2992 Proclz.
1229 2958 1241 3003 11

163 3002 251 3039 αὐτὸ
267 3007 322 3047 Μ]
350 3002 463 3048 αὐτὴν
489 3006 592 3046 BsL,
618 3019 676 3038 om.
699 3006 748 3038 ,Β8
765 3007 879 3039 Proclz.
906 3005 918 3049 11
942 3003 1009 3047 τὴν
1033 3012 1106 3037 ante
1129 3002 1239 3038 ποσό-

161 3063 253 3093 τητα
272 3054 317 3092 (7)
341 3052 412 3083 coll.
436 3050 486 3083 ΒΓ
506 3050 518 3094 11
550 3054 567 3083 7
593 3050 722 3094 χρυσοῦ
748 3051 805 3091 M]
840 3053 983 3095 χρυσίου
1008 3050 1076 3082 BL
1091 3049 1206 3083 Proch.
1238 3052 1241 3093 1

162 3098 202 3129 ἐν
225 3097 277 3137 τῷ
302 3093 459 3139 παρόντι
485 3114 523 3118 ——
552 3097 593 3129 12
618 3093 796 3138 θεμάτων
821 3109 877 3128 om.
894 3097 961 3128 BL
975 3096 1091 3127 Procli.
1105 3095 1214 3137 Epan.
1237 3096 1241 3136 Ι

165 3143 205 3175 12
230 3141 260 3173 εἰ
287 3142 454 3173 MFroch.
470 3141 592 3183 Epan.]
618 3137 697 3173 ἀλλ)
725 3140 756 3172 εἰ
779 3141 847 3173 BL
873 3141 885 3183 11
917 3143 956 3173 13
981 3141 1051 3181 ἔχει
1076 3141 1124 3172 Β8
1142 3152 1170 3172 υ.
1186 3141 1205 3172 l.
1230 3139 1241 3183 11

163 3182 182 3219 ὁ
210 3182 317 3228 αὐτῆς
330 3186 494 3227 Μ(ΒΓ)ς]
522 3181 541 3217 ὁ
567 3181 675 3218 αὐτὸς
700 3186 788 3219 BSL
813 3181 922 3218 αὐτὸς
944 3182 962 3217 ὁ
994 3184 1037 3217 Βῑ
1066 3181 1085 3216 ὁ
1111 3183 1242 3226 ταύτης

164 3232 280 3264 ΡνοεῘι.
300 3231 409 3273 Εραη.
440 3230 452 3273 11
479 3229 548 3263 εἴτε
573 3233 632 3262 καὶ
656 3229 694 3270 ἐξ
719 3226 828 3272 αὐτῆς
852 3230 938 3263 BlL
975 3229 1044 3262 εἴτε
1070 3229 1108 3269 ἐξ
1132 3225 1241 3262 αὐτοῦ

163 3278 274 3320 Epan.
292 3276 304 3319 11
322 3279 381 3308 καὶ
399 3289 455 3308 om.
469 3276 758 3320 ProclaEpanssssl
777 3275 788 3318 11
810 3278 849 3309 15
863 3275 926 3308 τοῦ
940 3272 1071 3320 ἀνδρὸς
1088 3288 1146 3308 om.
1160 3275 1208 3308 BS
1230 3273 1242 3320 11

163 3320 343 3365 λαμβάνει
359 3322 473 3353 Procli.
484 3323 539 3363 (cf.
555 3323 600 3353 ad
613 3323 645 3362 4)
662 3321 674 3364 11
691 3322 784 3362 ἦσαν
797 3320 856 3359 ΒΓ,
871 3321 986 3353 Procli.
1002 3333 1082 3353 unus
1097 3319 1110 3364 11
1138 3321 1179 3354 16
1193 3333 1240 3364 sq.

164 3369 338 3400 τοσοῦτον
365 3385 403 3389 -
428 3367 579 3411 γυναῖκα
604 3379 661 3399 om.
676 3366 724 3398 BS
740 3368 750 3407 11
771 3361 830 3409 ἐφ’
849 3365 1015 3409 ἑκατέρου
1032 3361 1164 3408 ὁμοίως
1179 3364 1241 3398 19²6-

163 3424 274 3455 ματος
289 3413 331 3444 M
337 3414 367 3452 ς]
393 3412 452 3443 ἐπὶ
476 3411 540 3444 τοῦ
562 3409 724 3443 τοιούτου
740 3410 899 3454 θέματος
913 3411 1043 3447 Proch.,
1060 3424 1116 3443 om.
1131 3411 1241 3454 Epan-

165 3458 234 3490 BL
259 3458 271 3501 11
299 3459 337 3491 17
364 3452 454 3499 ὅσην
479 3457 509 3488 L
528 3456 540 3499 11
567 3457 606 3490 18
633 3452 785 3500 ἁρμόζοι
809 3456 840 3488 L
862 3456 873 3498 11
900 3450 996 3488 οὕτω
1022 3452 1156 3498 δηλαδὴ
1182 3469 1241 3489 om.

166 3503 214 3535 BS
233 3503 245 3545 11
270 3500 386 3546 μόνον
413 3503 457 3534 Bt
486 3501 498 3544 11
528 3503 566 3535 21
594 3501 657 3543 τοῦ
683 3500 797 3546 γάμου
821 3514 879 3534 om.
905 3501 954 3533 Βδ
981 3500 992 3539 11
1022 3502 1135 3542 ἔσχεν]
1170 3501 1242 3542 ἔχοι

167 3549 208 3587 (υ.
234 3548 254 3580 Ζ.
280 3548 361 3589 ἔχει)
386 3548 435 3579 Β8
461 3546 473 3590 11
503 3543 524 3588 ἡ
547 3545 696 3588 τοιαύτη
720 3545 807 3591 γυνὴ
836 3559 892 3578 om.
919 3546 968 3578 B⁸
996 3546 1008 3588 11
1038 3547 1079 3580 22
1103 3546 1176 3587 ἔχοι
1199 3565 1242 3569 —

168 3594 210 3625 25
223 3588 347 3635 νόμου]
373 3592 484 3633 ἔσχεν,
510 3593 602 3633 ἐχειν
622 3587 734 3633 αὐτὴν
753 3590 799 3624 τὰ
822 3587 1016 3636 πράγματα
1036 3593 1096 3623 καὶ
1115 3588 1241 3625 δεσπο-

167 3639 262 3670 τείας
286 3635 412 3679 δικαίῳ
440 3639 562 3670 omissis
585 3637 757 3670 ceteris-13³
783 3637 794 3674 11
818 3634 970 3669 δικαίων
987 3636 1032 3668 Μ
1043 3636 1055 3679 11
1080 3638 1122 3670 24
1146 3647 1242 3681 περι-

169 3685 288 3715 ουσίας
313 3684 343 3714 L
374 3683 385 3725 11
419 3679 543 3716 ἐλθεῖν
574 3702 616 3706 —
648 3684 690 3716 25
719 3679 844 3725 νόμου]
881 3677 1102 3722 ἐληλύθασιν
1126 3682 1241 3715 Proch.

170 3726 383 3771 (περιῆλθον
409 3728 523 3761 Procli.
551 3729 699 3770 auctum),
730 3729 762 3761 in
787 3741 847 3771 quo
877 3740 963 3770 seqq.
988 3729 1105 3761 omissa
1127 3735 1201 3761 sunt
1233 3728 1244 3770 11
1275 3754 1278 3765 2

1308 2734 1349 2767 25
1359 2734 1439 2766 -27
1454 2730 1522 2774 τὴν
1534 2734 1659 2775 μέντοι
1675 2753 1712 2755 ,L
1730 2732 1845 2776 νόμῳ]
1868 2746 1930 2777 pro
1948 2734 1998 2766 his
2017 2735 2118 2766 verba
2140 2733 2284 2766 novellae
2299 2733 2394 2766 LIII

1307 2792 1332 2812 c.
1349 2779 1368 2812 6
1390 2778 1421 2810 εἰ
1441 2780 1565 2821 μέντοι
1590 2776 1785 2822 πρεσβεῖόν
1803 2791 1839 2812 τι
1859 2798 1902 2802 -
1922 2777 1969 2811 τὰ
1993 2777 2070 2811 τῶν
2094 2774 2221 2821 νόμων
2245 2780 2387 2822 τηροῖτο

1307 2825 1397 2865 (304,
1411 2831 1445 2857 37
1469 2844 1494 2846 —-
1513 2825 1639 2864 305,32
1664 2826 1720 2857 ubi
1738 2825 1822 2866 vide)
1848 2825 2017 2857 decurtata
2041 2825 2221 2857 inseruntur
2245 2825 2278 2857 in
2307 2824 2337 2856 Β
2362 2831 2390 2856 et

1309 2870 1339 2902 L
1366 2869 1378 2912 11
1403 2871 1443 2902 27
1469 2867 1537 2901 τὸν
1561 2866 1679 2913 ἄνδρα
1702 2866 1782 2914 γὰρ]
1819 2867 1886 2902 τὸν
1911 2866 1950 2901 δὲ
1974 2866 2113 2912 ἄπορον
2136 2865 2253 2913 ἄνδρα
2278 2870 2387 2911 Epan-

1308 2913 1376 2947 τὸν
1400 2911 1440 2946 δὲ
1463 2910 1579 2957 ἄνδρα
1605 2911 1744 2957 ἄπορον
1766 2912 1857 2947 ὄντα
1875 2915 1942 2947 BL
1959 2915 1970 2953 11
1991 2915 2049 2947 ἐπὶ
2068 2932 2113 2937 —
2130 2915 2172 2948 29
2189 2911 2390 2968 λαμβάνειν

1311 2961 1471 3002 MEpan.
1488 2961 1518 2998 ς1
1543 2961 1603 2991 καὶ
1626 2958 1675 3002 μὴ
1701 2956 1875 2993 ἐπιδόντα
1900 2956 2127 2997 (ἐπιδιδόντα
2152 2960 2199 2999 Β)
2231 2971 2299 3001 την
2329 2955 2388 2991 διὰ

1308 3002 1437 3050 γάμων
1454 3002 1583 3049 (γάμον
1596 3004 1649 3037 Bs
1678 3002 1794 3049 γάμου
1809 3005 1876 3046 BS)
1901 3002 2043 3048 δωρεὰν
2066 3001 2267 3047 λαμβάνειν
2290 3016 2326 3036 τι
2351 3004 2388 3035 ἐκ

1309 3050 1371 3091 τῆς
1387 3044 1509 3081 ούσίας
1523 3049 1591 3081 BL
1610 3048 1622 3093 11
1640 3051 1681 3083 29
1697 3048 1874 3094 γυναικὸς]
1896 3048 2062 3093 γυναικὸς
2087 3049 2124 3080 ἐκ
2141 3049 2203 3081 τοῦ
2222 3045 2389 3092 ἡμετέρου

1309 3094 1421 3136 νόμου
1439 3095 1468 3126 L
1488 3094 1499 3135 11
1518 3095 1559 3126 30
1577 3092 1774 3136 κωλύομεν]
1800 3092 2009 3127 κωλύεσθαι
2027 3095 2094 3131 L⁰;
2120 3092 2214 3136 εἰμὴ
2236 3092 2306 3137 ἄρα
2330 3095 2388 3125 καὶ

1310 3135 1411 3181 αύτῷ
1435 3136 1455 3180 ἡ
1475 3139 1687 3172 συνοικοῦσα
1713 3136 1958 3182 δωρήσασθαί
1974 3151 2009 3171 τι
2028 3136 2050 3180 ἢ
2067 3137 2281 3182 καταλεῖψαι
2305 3140 2387 3180 βου-

1310 3183 1438 3226 ληθείη
1464 3185 1540 3216 add.
1554 3184 1622 3216 BL
1642 3184 1653 3227 11
1672 3186 1712 3218 32
1739 3185 1908 3224 ι”ΙεόντοςἹ
1937 3185 2015 3217 Cod.
2041 3186 2072 3224 5,
2093 3191 2136 3223 14,
2153 3191 2169 3216 9

1374 3277 1387 3307 1
1416 3274 1552 3306 fatimus
1573 3273 1630 3315 Vn
1647 3275 1666 3307 5
1691 3273 1843 3315 portione
1865 3273 1912 3304 1⁷¹
1929 3271 1941 3316 11
1960 3273 2003 3305 ῒιῖι
2026 3272 2098 3305 RV
2112 3272 2124 3315 11
2149 3273 2168 3305 6
2193 3272 2274 3304 haec
2290 3271 2387 3314 RT²1

1308 3322 1370 3353 hoc
1397 3320 1428 3352 T
1437 3319 1559 3362 1υιιίφ,
1584 3331 1641 3351 om.
1665 3317 1696 3351 V
1718 3318 1729 3360 11
1757 3317 1917 3350 librarum
1943 3317 2017 3349 auri
2043 3317 2169 3361 Tvuly.
2196 3318 2207 3358 11
2236 3319 2253 3350 7
2280 3316 2389 3360 dispo-

1310 3366 1441 3398 nentem
1466 3363 1514 3397 R*
1549 3363 1702 3405 dispones
1724 3362 1774 3395 V¹
1793 3362 1805 3406 11
1829 3364 1848 3396 9
1875 3373 1939 3394 esse
1966 3375 2023 3395 om.
2049 3361 2097 3394 R²
2116 3362 2128 3405 11
2156 3364 2192 3397 11
2221 3372 2324 3403 usque
2348 3363 2390 3395 ad

1310 3414 1376 3443 tres
1392 3408 1640 3451 R2V³Tvu19.
1661 3409 1672 3449 11
1690 3409 1750 3448 vir]
1773 3407 1831 3440 ubi
1846 3408 1896 3439 Ra
1913 3407 1925 3450 11
1946 3409 1985 3441 12
2006 3407 2116 3440 alieno
2138 3408 2169 3440 T
2183 3407 2194 3448 11
2214 3408 2253 3441 13
2270 3409 2309 3439 tfi
2330 3408 2362 3440 R
2378 3406 2390 3452 11

1310 3456 1347 3488 in
1371 3468 1429 3488 om.
1448 3454 1479 3486 T
1495 3453 1507 3497 11
1536 3455 1576 3488 15
1601 3453 1758 3495 competit
1781 3453 1840 3484 uni
1867 3453 1899 3485 T
1919 3452 1931 3496 11
1952 3453 2012 3493 ita]
2039 3453 2151 3493 itaque
2173 3452 2228 3494 Vll
2254 3453 2295 3486 16
2320 3452 2389 3486 solo

1312 3500 1360 3534 R¹
1385 3500 1397 3542 11
1427 3498 1598 3532 dominum
1623 3498 1672 3530 T¹
1701 3497 1713 3541 11
1745 3500 1782 3532 17
1810 3508 1891 3539 quas
1917 3497 1950 3530 T
1972 3498 1984 3538 11
2017 3499 2056 3531 18
2082 3508 2120 3529 ex
2146 3507 2183 3530 eo
2214 3497 2299 3530 filios
2323 3498 2356 3530 R
2379 3502 2389 3539 11

1314 3547 1353 3580 19
1368 3545 1478 3585 etiam]
1500 3554 1569 3576 eam
1587 3544 1619 3576 T
1633 3543 1645 3586 11
1662 3553 1714 3575 eas
1735 3543 1782 3576 V2
1800 3542 1812 3586 11
1830 3553 1868 3574 ex
1886 3555 1944 3575 om.
1960 3543 1992 3575 T
2004 3540 2015 3561 ²
2029 3542 2041 3585 11
2060 3543 2101 3575 20
2118 3543 2188 3585 per]
2212 3552 2289 3584 prae
2308 3543 2360 3576 Va
2378 3542 2390 3588 11

1274 3585 1276 3600 λ’
1312 3593 1351 3625 21
1367 3593 1414 3622 tin
1432 3590 1464 3622 R
1481 3589 1493 3632 11
1519 3591 1561 3622 22
1579 3587 1778 3621 exclusionis
1791 3588 1823 3621 T
1842 3589 1853 3630 11
1881 3589 1924 3621 24
1940 3587 2070 3620 casibus
2087 3600 2145 3620 om.
2162 3588 2194 3620 T
2206 3587 2219 3631 11
2244 3589 2283 3622 31
2301 3591 2389 3622 rubr.

1312 3638 1359 3668 De
1384 3634 1538 3668 leoniana
1562 3635 1594 3666 et
1617 3633 1884 3666 constantiniana
1908 3633 2146 3665 constitutione
2168 3633 2214 3673 (et
2238 3635 2388 3666 constan-

1311 3682 1382 3713 tina
1406 3681 1556 3712 constina
1581 3679 1629 3721 T)
1653 3679 1722 3712 ΒΤ
1742 3691 1844 3722 marq.
1866 3679 1917 3720 (ex
1934 3678 2011 3720 Iul.)
2040 3677 2052 3722 11
2082 3677 2317 3712 indubitantur
2340 3679 2389 3712 R¹

1311 3725 1530 3759 indubitando
1554 3724 1602 3758 Τι

2060 3777 2123 3813 70*
