2580 4022
141 146 284 178 SAcRA
312 146 464 178 FORMA
1057 132 1303 198 *747
1951 135 2058 180 Nov.
2080 134 2235 179 CLXII
2265 148 2323 190 pr.
2354 137 2371 177 1

1199 297 1298 339 53-ss-

141 379 359 434 ΘΕΙΟΣ
387 380 632 434 ΤΥΠΟΣ
675 381 1278 437 ΚΑΤΑΠΕΜΦΘΕΙΣ
1309 381 1681 436 ΔΟΜΝΙΚῼῙ
1710 381 1834 437 Tm
1865 381 2373 437 ΕΝΔΟΞΟΤΑΤῼΙ

517 459 855 513 ΕΠΑΡΧῼΙ
898 461 1076 515 ΠΕΡΙ
1121 461 1483 515 ΔΙΑΦΟΡῼΝ
1526 461 1986 515 ΚΕΦΑΛΑΙῼΝ.

171 589 181 603 t
273 548 555 603 (Προοίμιον.
626 547 807 584 Ἐπύθετο
839 547 989 595 ἡμῶνὴ
1023 549 1285 604 σὴῖἐνδοξότης
1315 555 1401 605 πἐρί
1429 565 1544 587 τινων
1577 549 1922 631 ἀμφιςβητουέιενων
1946 551 2047 597 παρὰ
2077 553 2156 586 τῶν
2180 550 2371 606 ἐλλογιμωῖ

139 593 683 682 ἒῗέἴέζῶξῆΖτσὲιὲρέζεέἐαιὲριοῖς
706 593 835 642 ἇγορᾶς
859 596 920 639 τῆς
944 593 1042 639 δίκης
1066 596 1293 643 αγωνιστῶν,
1324 610 1415 643 απερ
1440 597 1574 642 ἔφησας
1597 594 1767 643 ἡμετέρας
1813 600 2001 642 ιακρίσεως
2025 594 2182 639 δεῖσθαι,
2211 608 2298 632 ωςτε
2320 609 2370 641 μη

1142 720 1300 756 CAPUT
1323 721 1351 756 Ι.

279 795 323 831 Τὸ
348 799 472 831 τοίνυν
488 796 637 843 πρῶτον
660 794 855 842 κεφάλαιον
879 797 1044 832 τοιοῦτον
1067 792 1124 841 ἧν.
1157 798 1255 843 Γυνή
1271 811 1324 835 τις
1348 801 1409 836 ἐπὶ
1432 802 1505 834 τοῖς
1529 797 1628 845 παρὰ
1651 799 1716 833 τοῦ
1740 797 2017 842 συνοικήσαντος
2041 797 2266 844 δωρηθεῖσιν
2282 794 2374 844 αὐτῇ

138 839 357 889 πράγμασιν,
379 839 421 876 οὗ
444 840 517 886 μὴν
540 839 854 890 παραδεδομένοις,
888 839 1061 898 ήβούλετο
1084 841 1362 888 τελευτήσαντος
1385 845 1447 879 τοῦ
1470 841 1600 889 ἀνδρὸς
1623 846 1683 877 καὶ
1707 841 1858 886 ἡσυχίαν
1881 842 2078 890 ἀγαγόντος
2103 846 2162 879 ἐπὶ
2185 844 2230 891 τῇ
2256 841 2375 889 δωρεᾷ

137 889 183 921 τὰ
216 886 410 934 πράγματα
442 885 606 929 ἐκδικεῖν,
639 884 688 921 οὖς
717 890 821 933 κυρία
844 900 987 922 τουτων
1010 888 1053 934 τῇ
1077 901 1117 922 τε
1142 887 1261 935 δωρεᾷ
1283 891 1328 937 τῇ
1353 903 1392 924 τε
1416 890 1537 937 σιωπῇ
1561 889 1625 923 τοῦ
1650 887 1780 935 ἀνδρὸς
1800 891 1986 935 γενομένη.
2034 888 2250 924 auvert-9⁶10
2274 887 2373 934 παρὰ

136 933 215 967 τῶν
238 931 477 975 κατεχόντων,
509 930 754 978 παραγραφὴν
779 931 892 976 αὐτὴν
915 930 1031 977 μόνην
1053 936 1145 975 ἐχειν
1168 936 1390 981 ἐναγομένην
1413 936 1445 969 εἰ
1475 936 1633 976 κατέχοι,
1665 931 1705 967 οὗ
1734 933 1808 978 μὴν
1839 937 1899 967 καὶ
1924 931 2008 982 παρ’
2035 934 2158 980 ἑτέρου
2183 932 2370 968 δύνασθαι

137 979 253 1012 ταῦτα
276 976 437 1013 ἐκδικεῖν.
472 975 515 1012 τὸ
537 978 605 1021 μὲν
625 970 692 1011 οὖν
713 975 989 1023 ἀμφιςβητηθὲν
1012 979 1178 1013 τοιοῦτον
1201 973 1259 1023 ἦν.
1298 977 1394 1034 ἡμεῖς
1418 978 1457 1014 δὲ
1480 976 1763 1023 ἀνεμνήσθημεν
1783 977 1978 1020 διατάξεως
2000 975 2170 1027 ἡμετέρας
2195 975 2372 1025 λεγούσης,

138 1022 204 1056 τὸν
228 1020 498 1078 δωρησάμενον,
524 1022 555 1056 εἰ
578 1025 638 1056 καὶ
661 1021 711 1066 μὴ
736 1023 955 1068 ἐπερωτηθῆ
976 1023 1043 1066 τὴν
1066 1022 1281 1070 παράδοσιν,
1302 1025 1462 1072 ανάγκην
1485 1023 1580 1067 ἔχειν
1603 1021 1849 1071 παραδιδόναι
1873 1023 1914 1059 τὸ
1940 1023 2122 1070 δωρηθέν.
2153 1021 2194 1059 οὗ
2219 1024 2289 1071 γὰρ
2313 1020 2370 1058 ἐπ’

138 1066 311 1114 ἐξαπάτῃ,
341 1065 424 1102 ουδὲ
447 1067 509 1101 ἵνα
531 1068 724 1114 γράμματα
750 1068 803 1111 εἴη
826 1059 944 1114 γυμνά
966 1066 1008 1102 τὸ
1055 1068 1233 1112 ινόμενον,
1263 1069 1427 1116 προςήκει
1451 1068 1686 1116 πράττεσθαι
1710 1068 1944 1114 συμβόλαιον.
1980 1067 2308 1116 προςενενοήσαμεν
2333 1066 2373 1102 δὲ

136 1115 197 1146 καὶ
219 1111 287 1155 τὴν
302 1113 366 1147 τοῦ
383 1112 524 1148 Cinciov
540 1111 652 1156 νόμου
669 1113 733 1146 τοῦ
750 1111 906 1148 παλαιοῦ
923 1081 1161 1158 νομοιζεσίαν,
1185 1111 1230 1149 ὃν
1254 1108 1292 1148 εὗ
1317 1116 1470 1150 ποιοῦσα
1494 1115 1555 1158 τῆς
1579 1115 1709 1149 οἰκείας
1731 1115 1951 1158 νομοθεσίας
1974 1112 2217 1161 ἀπεπέμψατο
2241 1111 2372 1160 πρώην

137 1159 158 1194 1
183 1153 205 1201 ἦ
228 1155 402 1200 πολιτεία,
435 1158 587 1192 τοιαῦτα
610 1157 886 1203 νομοθετοῦντα
909 1156 1019 1194 ὁποῖα
1042 1158 1136 1196 κατά
1161 1158 1204 1194 τὸ
1228 1159 1348 1206 παρὸν
1372 1158 1646 1206 ήμφιςβήτηται.
1695 1162 1768 1193 Καὶ
1792 1160 2028 1204 θεσπίζομεν,
2060 1161 2091 1194 εἰ
2122 1158 2215 1195 κατὰ
2245 1160 2288 1194 τὸ
2313 1160 2370 1202 esu-

136 1202 304 1257 προσθεν
327 1201 414 1248 ἡμῖν
436 1203 622 1249 εἰρημένον
645 1201 789 1237 τελείως
819 1200 966 1238 ἅπαντα
996 1206 1096 1247 σχοίη
1128 1203 1176 1239 τὰ
1206 1209 1270 1247 τῆς
1294 1204 1459 1249 τοιαύτης
1483 1204 1535 1240 δω
1561 1206 1619 1238 εᾶς
1642 1202 1735 1239 κατά
1757 1217 1796 1239 τε
1819 1204 1862 1240 τὸ
1885 1208 2019 1250 μέτρον
2041 1203 2133 1240 κατά
2157 1218 2198 1240 τε
2221 1204 2289 1248 τὴν
2313 1206 2370 1246 ἐμ-

137 1261 300 1293 φανειαν,
326 1248 516 1295 ἐρρῶσθαι
538 1247 674 1291 ταύτην
698 1249 736 1281 ἐκ
760 1246 895 1295 τρόπου
920 1247 1058 1284 παντὸς
1080 1249 1124 1297 τῇ
1148 1251 1212 1283 τοῦ
1235 1247 1365 1296 ἀνδρὸς
1380 1252 1502 1298 σιωπῇ
1518 1248 1629 1284 ewis-
1644 1249 1683 1290 ἐξ
1699 1246 1805 1295 ἀρχῆς
1820 1250 1914 1284 κατὰ
1928 1250 1995 1293 τὴν
2009 1248 2186 1297 ἡμετέραν
2204 1248 2372 1290 διάταξιν

137 1293 175 1334 ἐξ
197 1285 241 1327 οὗ
262 1295 419 1340 γέγονεν,
449 1288 538 1327 α’)’ςτε
561 1288 629 1327 κᾶν
649 1294 680 1327 εἰ
701 1293 794 1337 μετὰ
818 1295 934 1328 ταῦτα
957 1292 977 1328 ὁ
1000 1291 1091 1341 ἀνὴρ
1115 1294 1162 1328 εἰς
1181 1292 1374 1339 ὑποθήκην
1398 1293 1477 1339 δοίη
1508 1294 1551 1330 τὸ
1580 1295 1730 1341 πρᾶγμα
1752 1293 1775 1339 ἢ
1799 1296 1846 1329 εἰς
1870 1297 2036 1343 ἐνέχυρον
2059 1295 2250 1341 παράσχοι,
2281 1292 2371 1330 ἀλλὰ

137 1341 484 1385 προεκπεποιηκέναι
516 1336 634 1373 δοκεῖν
672 1338 739 1373 τόν
769 1351 808 1382 γε
837 1341 939 1384 μέχρι
971 1340 1100 1384 περιῆν
1133 1336 1381 1383 ἡσυχάσαντα·
1413 1344 1472 1374 καὶ
1503 1340 1572 1384 τὴν
1601 1338 1805 1385 παράδοσιν
1843 1340 1914 1374 εἴτε
1943 1345 2067 1387 γέγονε
2097 1339 2243 1375 διδόναι
2274 1337 2372 1386 αὐτῇ

136 1383 391 1430 παραγραφήν,
423 1383 496 1418 εἴτε
518 1380 560 1418 οὗ
584 1386 707 1430 γέγονε
731 1386 899 1429 παρέχειν
922 1388 982 1418 καὶ
1006 1381 1214 1428 ἀπαίτησιν,
1246 1385 1278 1419 εἰ
1299 1388 1367 1430 μὲν
1391 1385 1612 1431 ἐπερώτησις
1633 1388 1785 1431 γένοιτο,
1819 1383 1878 1419 διὰ
1908 1387 1969 1429 τῆς
1991 1396 2034 1421 ex
2057 1386 2240 1431 stipulato,
2269 1386 2300 1419 εἰ
2330 1383 2369 1418 δὲ

135 1429 159 1464 2
182 1428 231 1473 μὴ
252 1430 372 1472 τοῦτο,
404 1426 464 1462 διὰ
494 1429 557 1463 τοῦ
582 1439 626 1463 ex
649 1429 724 1473 lege
748 1428 991 1471 condicticiov,
1024 1425 1111 1464 ὥςτε
1143 1429 1370 1476 παραλαβεῖν
1393 1431 1435 1466 τὸ
1469 1429 1731 1479 δεδωρημένον.
1779 1427 1935 1464 Κάκεῖνο
1956 1429 1996 1465 δὲ
2027 1429 2200 1472 διατάξαι
2230 1428 2372 1465 δίκαιον

136 1470 350 1520 ἡγησάμεθα
373 1473 415 1509 τὸ
440 1473 471 1508 εἰ
493 1475 560 1518 μὲν
583 1475 752 1518 ἐμφανεῖς
774 1476 937 1520 γένοιντο
961 1473 1028 1518 τὴν
1051 1472 1164 1520 ἀρχὴν
1187 1475 1228 1510 αἱ
1250 1473 1382 1522 δωρεαὶ
1402 1478 1443 1511 ἐν
1465 1473 1710 1521 ὑπομνήμασι,
1742 1476 1832 1511 πᾶσι
1857 1475 2004 1521 τρόποις
2034 1474 2145 1511 αὐτὰς
2175 1477 2220 1523 τῇ
2250 1476 2372 1523 σιωπῇ

270 1565 356 1599 Νου.
378 1565 520 1599 CLXII
543 1565 668 1599 Graece
693 1572 813 1599 tantum
838 1572 926 1599 extat
949 1567 981 1599 in
1007 1566 1090 1608 ML,
1115 1578 1141 1599 c.
1162 1568 1176 1600 1
1205 1567 1316 1609 (Γυνή
1334 1578 1388 1601 τις
1411 1568 1471 1601 ἐπὶ
1497 1568 1569 1600 τοῖς
1588 1590 1736 1602 .......
1739 1566 1751 1607 )
1777 1567 1809 1600 in
1830 1567 1867 1599 B
1883 1568 1977 1608 47,1,
1992 1575 2038 1608 76,
2061 1580 2087 1600 ε.
2108 1569 2128 1601 2
2151 1572 2166 1607 §
2191 1570 2204 1602 l
2228 1568 2372 1609 (Θεσπί-

136 1611 244 1653 ζομεν
276 1609 312 1643 εἴ
334 1620 387 1643 τις
418 1609 457 1650 ἐξ
480 1607 670 1655 ἐλευθέρας
692 1613 752 1643 καὶ
777 1607 1030 1656 ἐναπογράφου
1052 1635 1240 1646 .........
1242 1614 1254 1654 )
1276 1620 1307 1646 et
1329 1626 1354 1646 c.
1376 1614 1395 1647 3
1421 1615 1454 1647 in
1479 1613 1514 1646 Β
1531 1613 1586 1653 48,
1599 1619 1644 1654 26,
1657 1619 1686 1646 3.
1709 1630 1754 1637 -—
1778 1612 1868 1656 Epit.
1893 1613 2015 1646 Theod.
2037 1614 2111 1656 162,
2136 1613 2257 1646 Athan.
2278 1613 2330 1655 18,
2345 1620 2371 1654 4,

135 1656 320 1699 Anonymus
346 1655 552 1689 Bodlez'anus
576 1656 618 1690 30
638 1669 674 1699 p.
693 1656 757 1689 223
783 1656 887 1690 Zach.
913 1657 984 1698 (ubi
1004 1657 1121 1690 citatur
1145 1669 1214 1690 nov.
1233 1655 1332 1703 ρλγ’).

224 1713 250 1733 c.
267 1701 292 1734 I
310 1702 513 1734 summarium
538 1702 634 1734 habet
658 1700 713 1734 ΒΣ
729 1702 821 1743 47,1,
836 1708 870 1735 76
891 1713 1064 1746 perperam
1083 1701 1251 1736 Theodoro
1274 1703 1488 1747 adscriptum3
1513 1702 1589 1736 Ath.
1613 1714 1765 1736 summam
1789 1703 1904 1745 repetit
1928 1701 2055 1736 libellus
2078 1704 2160 1748 περὶ
2185 1698 2373 1747 διαφόρων

133 1740 434 1790 ἀναγνωσμάτων
461 1750 476 1785 §
498 1747 539 1780 19
560 1759 595 1789 p.
615 1748 678 1781 197
704 1747 820 1779 Heimb

1177 1921 1327 1960 CLXII.

133 2001 353 2052 SAORA
394 2000 636 2052 FORMA
678 2000 1123 2051 TRANSMJSSA
1165 2001 1448 2053 DOMINI
1449 2001 1532 2053 00
1575 2002 2134 2054 GLORIOSJSSIMO
2167 2001 2372 2054 PRAE-

716 2078 930 2130 FECTO
972 2078 1075 2129 DE
1113 2079 1358 2131 VARIIS
1402 2080 1784 2131 CAPJTIBUS.

269 2167 526 2214 Praefatio.
574 2166 793 2204 Percontata
816 2171 870 2203 est
891 2178 942 2204 ea:
964 2168 1067 2203 nobis
1084 2168 1206 2214 qloria
1237 2172 1300 2205 tua
1323 2169 1368 2205 de
1391 2169 1574 2204 nonnullis
1597 2169 1852 2206 controversiis
1874 2170 1983 2206 motis
2004 2170 2101 2206 inter
2122 2170 2370 2223 eloquentissi-

134 2225 211 2251 mos
234 2213 380 2259 Illyrici
409 2213 486 2253 fori
516 2223 708 2248 causarum
726 2216 919 2260 patronos,
944 2223 1036 2259 quas
1058 2212 1239 2250 decisione
1261 2218 1389 2250 nostra
1409 2213 1574 2259 indiqere
1597 2214 1736 2255 dixisti,
1761 2225 1805 2249 ne
1828 2215 1865 2249 in
1887 2219 2103 2267 perpetuum
2127 2220 2370 2262 aqztarentur.

268 2260 298 2294 Ι.
344 2258 506 2294 Primum
531 2258 645 2303 iqitur
667 2261 778 2304 caput
800 2257 1005 2293 huiusmodi
1027 2261 1119 2294 erat.
1166 2257 1301 2295 Mulier
1325 2258 1503 2304 quaedam
1526 2259 1564 2294 in
1587 2259 1693 2294 rebus
1715 2258 1787 2304 ipsi
1810 2270 1833 2294 a
1863 2264 1995 2295 marito
2028 2260 2174 2297 donatis
2197 2272 2262 2296 nec
2285 2273 2369 2298 vero

136 2304 291 2347 traditis,
317 2314 396 2339 cum
419 2303 572 2339 maritus
601 2306 764 2338 mortuus
786 2307 879 2338 esset
901 2305 935 2338 et
958 2302 1002 2338 de
1024 2302 1221 2339 donatione
1242 2303 1422 2339 silentium
1446 2304 1576 2350 eqisset
1598 2315 1658 2350 res
1680 2303 1863 2340 vindicare
1885 2305 2010 2347 voluit,
2036 2310 2218 2351 tamquam
2243 2317 2369 2343 earum

135 2350 281 2386 domina
306 2353 379 2384 tam
402 2347 598 2384 donatione
621 2358 729 2394 quam
752 2347 896 2383 silentio
920 2347 1044 2383 mariti
1065 2348 1182 2393 facta.
1224 2347 1485 2395 Opponebatur
1508 2360 1531 2383 a
1553 2359 1673 2384 rerum
1694 2349 1964 2395 possessoribus
1986 2351 2236 2396 exceptionem
2251 2351 2368 2387 solam

135 2394 266 2431 habere
289 2404 368 2429 eam
391 2394 429 2428 in
453 2393 510 2428 ius
533 2397 707 2434 vocatam,
731 2392 764 2428 si
779 2391 981 2439 possideat,
1002 2403 1066 2428 nec
1091 2403 1175 2429 vero
1199 2394 1306 2428 etiam
1331 2393 1376 2429 ab
1400 2393 1475 2428 alio
1499 2404 1562 2429 eas
1585 2393 1769 2429 vindicare
1789 2405 1908 2439 posse.
1956 2394 2063 2437 Quod
2085 2396 2100 2430 i
2123 2396 2198 2431 itur
2221 2397 2258 2430 in
2282 2407 2367 2432 con-

136 2443 335 2475 troversum
358 2437 557 2474 vocabatur
579 2437 755 2473 eiusmodi
776 2441 867 2473 erat.
903 2437 982 2473 Nos
1005 2439 1122 2472 autem
1145 2438 1330 2474 recordati
1346 2449 1470 2473 sumus
1493 2438 1757 2474 constitutionis
1780 2443 1939 2482 nostrae,
1989 2451 2058 2476 uae
2081 2407 2170 2476 agcit
2184 2441 2367 2483 donatori,

135 2484 276 2522 etiamsi
308 2483 537 2519 traditionem
569 2493 642 2518 non
683 2479 903 2534 promiserit,
987 2482 1231 2518 necessitatem
1256 2483 1397 2529 imponi
1416 2493 1491 2518 rem
1514 2482 1686 2519 donatam
1710 2483 1887 2520 tradendi.
1935 2450 2061 2530 N‘ssque
2083 2485 2177 2521 enim
2201 2484 2252 2520 ad
2273 2485 2367 2521 deci-

133 2530 317 2576 piendum,
341 2539 457 2574 neque
480 2531 521 2563 ut
543 2527 582 2562 in
605 2526 713 2562 nudis
735 2527 906 2562 consistat
929 2526 1060 2562 litteris
1083 2527 1182 2573 quod
1194 2528 1347 2574 qeritur,
1370 2528 1642 2564 instrumentum
1659 2528 1791 2573 confici
1805 2532 1956 2575 oportet.
1998 2529 2194 2566 Praeterea
2210 2531 2368 2566 animum

134 2573 378 2612 revocavimus
400 2572 508 2609 etiam
532 2571 581 2607 ad
603 2571 772 2608 lationem
792 2571 882 2623 leqis
907 2571 1048 2608 Cinciae
1071 2573 1210 2615 veteris,
1235 2583 1344 2619 quam
1366 2583 1434 2608 suo
1458 2572 1537 2608 iure
1558 2584 1578 2608 e
1603 2574 1719 2618 lequm
1735 2583 1892 2619 corpore
1906 2584 1973 2610 suo
1996 2575 2202 2620 respublica
2220 2574 2367 2621 pridem

136 2623 158 2657 1
204 2618 354 2656 removit
379 2617 469 2654 talia
491 2617 707 2653 sancientem
733 2617 857 2662 qualia
881 2617 918 2651 in
939 2616 1125 2662 praesenti
1147 2617 1186 2652 in
1209 2617 1489 2653 controversiam
1514 2617 1671 2653 adducta
1693 2621 1786 2653 sunt.
1833 2619 1887 2654 Ac
1908 2619 2102 2661 sancimus,
2126 2623 2167 2655 ut
2185 2621 2217 2654 si
2239 2630 2366 2656 secun-

136 2665 220 2700 dum
251 2664 291 2698 id
319 2662 419 2708 quod
446 2666 555 2698 antea
587 2673 610 2696 a
640 2661 744 2696 nobis
774 2661 906 2697 dictum
937 2665 991 2697 est
1021 2661 1197 2697 eiusmodi
1227 2661 1375 2698 donatio
1401 2673 1473 2708 per
1503 2662 1624 2697 omnia
1654 2662 1823 2709 perfecta
1853 2663 1903 2698 sit
1932 2669 2003 2699 tam
2033 2663 2133 2710 quod
2153 2667 2294 2711 spectat
2317 2663 2368 2700 ad

136 2708 279 2745 modum
304 2719 412 2754 quam
436 2706 486 2743 ad
507 2706 794 2748 insinuationem,
818 2717 861 2742 ea
885 2706 1048 2742 omnibus
1070 2706 1187 2742 modis
1208 2707 1351 2743 silentio
1377 2708 1447 2743 viri
1466 2707 1587 2742 statim
1611 2707 1656 2743 ab
1680 2707 1784 2743 initio
1808 2707 2041 2753 confirmetur
2063 2709 2257 2745 secundum
2281 2720 2367 2745 con-

136 2754 358 2790 stitutionem
389 2756 560 2794 nostram,
591 2762 640 2787 ex
671 2762 744 2797 quo
774 2751 881 2797 facta
909 2754 972 2792 est,
1001 2752 1054 2786 ita
1085 2754 1126 2786 ut
1147 2751 1287 2787 etiamsi
1309 2752 1462 2787 maritus
1482 2755 1611 2797 postea
1634 2763 1708 2787 rem
1733 2751 1957 2799 hypothecae
1979 2753 2118 2800 dederit
2140 2754 2198 2790 vel
2216 2754 2367 2800 piqnori

137 2799 212 2834 obli
235 2798 360 2839 averit,
398 2801 515 2833 tamen
554 2797 625 2832 iam
665 2800 749 2831 ante
787 2796 964 2831 alienasse
1000 2806 1079 2831 eam
1119 2795 1285 2832 videatur
1316 2796 1380 2842 qui
1415 2796 1558 2842 quidem
1597 2796 1710 2832 donec
1739 2801 1923 2843 superstes
1950 2798 2027 2843 suit
2056 2798 2220 2835 siluerit:
2256 2802 2366 2845 atque

137 2810 297 2886 tradqitio,
321 2843 395 2879 sive
415 2842 522 2894 sacta
546 2847 609 2883 est,
633 2841 667 2876 ei
690 2840 935 2887 exceptionem
959 2840 1029 2883 det,
1052 2840 1125 2876 sive
1146 2840 1251 2886 facta
1275 2851 1347 2876 non
1368 2845 1432 2882 est,
1456 2841 1564 2876 etiam
1586 2842 1813 2877 exactionem
1830 2847 2004 2888 praestet,
2028 2844 2061 2878 si
2110 2843 2227 2880 uidem
2249 2844 2365 2891 stipu-

137 2889 225 2925 latio
247 2889 463 2934 interposita
487 2887 546 2929 sit,
567 2897 635 2932 per
655 2886 832 2921 actionem
856 2896 905 2922 ea·
927 2885 1116 2931 stipulatu,
1136 2885 1192 2920 sin
1215 2886 1343 2927 minus,
1365 2896 1433 2932 per
1456 2885 1707 2922 condicticiam
1729 2897 1778 2923 ex
1802 2886 1890 2933 lece,
1914 2891 1955 2923 ut
1976 2898 2051 2924 rem
2101 2892 2248 2925 onatam
2272 2889 2365 2925 acci-

135 2934 159 2969 2
200 2934 294 2979 piat.
351 2931 481 2968 Verum
511 2930 603 2966 illud
634 2940 775 2975 quoque
792 2940 869 2976 par
890 2940 966 2965 esse
990 2929 1161 2965 duximus
1183 2931 1413 2971 constituere,
1444 2934 1486 2966 ut
1506 2931 1541 2966 si
1562 2931 1704 2976 quidem
1728 2931 1944 2968 donationes
1967 2933 2012 2969 ab
2036 2933 2141 2970 initio
2163 2935 2255 2970 actis
2278 2934 2363 2970 insi-

182 3101 202 3133 2
240 3099 328 3133 rubr.
367 3099 465 3132 Θεῖος
504 3094 750 3142 πραγματικὸς
789 3094 900 3131 τύπος
938 3096 1216 3149 καταπεμφθεὶς
1284 3096 1437 3151 ρωτηθῇ
1464 3097 1553 3139 ΜΒ]
1578 3095 1802 3143 ἐπηρωτήθη
1823 3099 1853 3131 L
1881 3098 1894 3142 ΙΙ
1922 3095 1963 3132 οὗ
1985 3101 2045 3142 Μ]
2069 3090 2152 3134 οὐδὲ
2175 3101 2245 3135 LB
2275 3101 2288 3144 ΙΙ
2323 3105 2364 3138 13

138 3145 305 3187 Δομνίκῳ
329 3143 524 3186 (Δομινίκῳ
549 3143 657 3183 index)
683 3139 827 3185 ἐπάρχῳ
852 3141 917 3175 τοῦ
939 3137 1129 3186 Ἰλλυρικου
1153 3139 1215 3184 χά-
1283 3139 1328 3175 τοὶ
1353 3153 1529 3187 γινόμενα
1551 3143 1583 3176 L
1610 3142 1622 3186 ΙΙ
1649 3141 1852 3186 συμβόλαια
1875 3145 1907 3177 L
1930 3144 1977 3178 τὰ
2002 3143 2203 3188 συμβόλαια
2230 3146 2264 3179 Β
2281 3146 2293 3190 ΙΙ
2322 3149 2364 3183 14

137 3202 196 3232 ριν
227 3189 305 3221 τῶν
336 3187 375 3227 ἐξ
405 3186 659 3239 ἐναπογράφου
683 3188 742 3218 καὶ
768 3184 957 3232 ἐλευθέρας
980 3188 1215 3229 τικτομένων,
1282 3185 1351 3228 τὴν
1363 3205 1407 3210 -
1420 3183 1576 3221 παλαιοῦ
1594 3188 1677 3228 ML]
1696 3186 1854 3222 παλαιὰν
1867 3189 1904 3222 Β
1920 3189 1932 3233 ΙΙ
1951 3189 2090 3222 Cinciov
2105 3191 2182 3224 dedi
2195 3192 2363 3232 (Κεντίου

137 3236 197 3266 καὶ
230 3235 311 3277 περὶ
340 3232 446 3278 γονῆς
471 3243 550 3265 των
573 3230 842 3276 ἐναπογράφων
865 3233 924 3263 καὶ
949 3231 1084 3275 ἑτέρων
1108 3243 1214 3276 κεφα-
1284 3232 1323 3266 Ρ.
1349 3231 1502 3265 Pithoeus
1539 3233 1630 3276 apud
1656 3234 1766 3266 Cuiac.
1792 3236 1874 3266 obss.
1901 3236 1990 3276 6,18,
2015 3237 2165 3268 Κιντίου
2194 3236 2303 3270 Ouiae.
2329 3240 2363 3271 in

137 3277 253 3311 λαίων
276 3278 350 3311 Aet».
401 3278 499 3310 Θεῖος
525 3275 637 3310 τύπος
667 3278 747 3319 περὶ
773 3275 945 3322 γεωργῶν
976 3278 1035 3308 καὶ
1066 3273 1215 3321 δωρεῶν
1285 3288 1392 3319 expos.
1416 3277 1522 3318 nov.)]
1557 3278 1669 3310 sentin
1694 3277 1725 3310 L
1749 3280 1892 3311 σεντίου
1915 3280 1961 3312 Μ
1971 3279 1983 3323 ΙΙ
2000 3276 2099 3312 ὃν-
2115 3282 2156 3315 15
2180 3275 2362 3326 ἦμφισβή·

140 3323 261 3356 ΤΙιεοά.
308 3324 397 3366 Περὶ
432 3319 582 3366 δωρεῶν
612 3318 747 3363 μεταξὺ
787 3317 918 3365 ἀνδρὸς
954 3322 1014 3353 καὶ
1048 3318 1216 3366 γυναικὸς
1278 3332 1389 3363 ,τηται
1405 3333 1463 3354 om.
1479 3321 1514 3354 Β
1529 3320 1541 3365 ΙΙ
1561 3317 1800 3366 ἄπελάμψατο
1818 3323 1869 3356 La
1885 3323 1898 3367 ΙΙ
1918 3326 1956 3358 15
1981 3324 2024 3366 εἰ]
2047 3319 2070 3366 ἦ
2085 3325 2137 3358 L⁰
2151 3326 2162 3367 ΙΙ
2184 3327 2225 3359 16
2244 3321 2362 3360 ἅπαν-

138 3368 244 3400 Anon.
270 3368 372 3400 Bodl.
402 3366 414 3410 ss
444 3366 510 3408 τῷ]
542 3365 603 3408 τῆς
628 3365 726 3399 index
751 3366 777 3398 L
809 3364 821 3409 ΙΙ
849 3367 868 3399 3
901 3363 1045 3410 ἐπάρχῳ
1071 3366 1102 3399 L
1126 3366 1213 3406 Aeli]
1283 3375 1347 3399 τας
1365 3364 1417 3399 ΒΓ
1434 3366 1446 3410 ΙΙ
1466 3367 1504 3400 18
1530 3363 1608 3408 κᾶν]
1634 3369 1693 3400 καὶ
1710 3367 1745 3400 Β
1762 3366 1774 3412 ΙΙ
1793 3363 1893 3409 ἀλλὰ]
1919 3364 1994 3402 ἀλλ’
2019 3365 2061 3403 οὗ
2079 3382 2145 3403 cum
2162 3371 2360 3405 Haloandro

139 3409 291 3456 ὑπάρχω
316 3411 363 3445 Μ
378 3412 465 3455 vulq.
495 3410 507 3454 ΙΙ
537 3412 632 3444 inser.
657 3406 694 3443 ‘0
715 3405 821 3443 αὐτὸς
853 3407 1020 3453 βασιλεὺς
1044 3409 1214 3453 Δομνίκῳ
1281 3411 1368 3453 vuly.
1391 3409 1502 3453 maten
1524 3412 1562 3445 19
1586 3423 1626 3456 γε
1650 3412 1731 3453 LB]
1755 3424 1795 3446 τε
1812 3413 1858 3446 Μ
1867 3413 1880 3452 ΙΙ
1895 3415 1997 3456 μέχρι
2021 3427 2078 3448 om.
2098 3415 2130 3447 L
2147 3415 2159 3458 ΙΙ
2177 3412 2293 3458 αὐτὴν
2309 3417 2360 3450 L‘

140 3458 217 3490 add.
230 3458 304 3490 Atlz.
323 3460 335 3499 11
354 3458 374 3489 4
395 3451 500 3498 ἡμῶν
519 3468 576 3489 om.
595 3456 712 3488 Theod.
731 3455 743 3499 ΙΙ
762 3457 780 3487 5
807 3451 938 3499 ἀγορᾶς
960 3455 1021 3496 τῆς
1037 3455 1213 3496 Scrimaer]
1284 3456 1295 3496 ΙΙ
1309 3456 1351 3489 20
1369 3453 1592 3499 ἐπερώτησιν
1609 3456 1662 3489 B!
1686 3456 1700 3513 ll
1722 3456 1760 3497 ἐξ
1784 3457 1944 3501 εῐίριιΙάῐο
1960 3459 1990 3492 L
2015 3458 2054 3498 ἐξ
2077 3457 2297 3494 στιπουλάτο
2320 3463 2367 3496 Μ

140 3497 163 3534 ά
186 3499 339 3546 οραστὴς
356 3501 399 3534 Μ
412 3497 625 3547 ἁγορασταῖς
641 3500 672 3533 L
689 3499 702 3543 ss
721 3503 737 3534 7
754 3501 838 3541 τοῖς]
854 3502 926 3533 τοῖς
941 3500 1005 3533 τοῦ
1023 3499 1072 3534 ΒΓ
1086 3499 1098 3543 ΙΙ
1117 3497 1214 3533 αὐτῶ
1285 3500 1344 3534 ἐπὶ
1367 3499 1412 3547 τῇ
1437 3498 1658 3544 ἐπερωτήσει
1681 3503 1820 3548 αγωγῆς
1847 3504 1906 3535 καὶ
1931 3500 2113 3547 δυνάμεως
2127 3505 2162 3538 Β
2180 3505 2192 3548 ΙΙ
2209 3505 2240 3538 εἰ
2264 3503 2360 3539 δέ-

140 3514 190 3579 i‘l’
207 3547 220 3590 ΙΙ
237 3548 256 3581 8
280 3546 345 3579 τοῦ
370 3558 428 3579 om.
455 3546 485 3578 L
501 3546 513 3588 ΙΙ
540 3546 560 3579 9
583 3542 734 3578 ἐκδικεῖν
758 3543 857 3585 HR]
879 3544 1030 3578 ἐκνικεῒν
1055 3545 1106 3578 L⁰
1130 3542 1214 3578 διοι-
1286 3545 1506 3578 condictieiov
1532 3558 1590 3579 om.
1615 3546 1647 3579 L
1674 3546 1680 3591 Ι
1717 3549 1757 3582 21
1790 3545 1853 3590 μὴ]
1882 3550 1941 3580 καὶ
1967 3547 2016 3591 μὴ
2042 3550 2078 3582 Β
2106 3549 2118 3592 ΙΙ
2147 3546 2209 3583 διὰ
2232 3551 2298 3584 τοῦ
2322 3550 2362 3591 ἐξ

141 3593 214 3624 κεῖν
231 3592 278 3624 Μ
294 3591 306 3635 ΙΙ
333 3593 373 3625 10
398 3588 640 3662 παραγραβφὴν
656 3590 704 3631 Β]
739 3588 958 3634 παραγραφὴ
981 3590 1214 3636 (παραγραφῆ
1286 3589 1362 3635 λέγε
1385 3587 1624 3642 κονδξκτικίου
1701 3589 1760 3625 διὰ
1778 3592 1840 3635 τῆς
1856 3602 1895 3626 ex
1911 3593 1984 3635 lege
1999 3594 2223 3628 condietiucov
2238 3597 2359 3631 Theod.

141 3635 212 3676 Μ)
236 3635 310 3669 ML
339 3636 352 3677 ΙΙ
377 3633 491 3679 μόνον
525 3636 558 3668 Β
613 3642 673 3669 ort.
699 3642 784 3668 recte
813 3634 825 3678 ΙΙ
853 3631 938 3681 παρ’
965 3634 1096 3678 ἑτέρου]
1117 3634 1216 3679 παρὰ
1285 3632 1346 3668 διὰ
1381 3634 1443 3676 τῆς
1466 3633 1685 3680 αρμοζούσης
1722 3633 1951 3679 ἀπαιτήσεως
1990 3639 2026 3672 Β
2057 3638 2069 3683 ΙΙ
2111 3640 2153 3673 22
2193 3640 2283 3676 πᾶσι
2321 3654 2360 3676 ex

76 3684 79 3687 ’
141 3681 279 3725 Πέτρου
306 3680 356 3714 Bt
374 3680 386 3720 ΙΙ
409 3682 445 3714 11
471 3677 577 3714 διατά
601 3681 678 3721 εως]
708 3680 785 3714 God.
805 3680 835 3721 8,
850 3686 945 3722 53,35
973 3679 1051 3724 §5ss
1074 3680 1114 3714 12
1139 3680 1217 3715 ἐπε·
1286 3693 1367 3715 corr.
1390 3680 1421 3714 L

2017 3741 2089 3774 94*

2400 936 2439 968 10

2399 1161 2438 1193 15

2396 1387 2438 1419 20
