2618 4010
266 146 375 190 Nov.
405 147 554 190 XXXI
582 149 620 191 2.
653 150 678 191 3
1345 146 1431 195 ‘238
1834 162 1894 195 nn
1922 161 2226 196 nrsposmonn
2254 161 2494 202 emrtuos
2538 203 2540 206 ⁴
2583 205 2587 209 p

321 332 468 369 Τούτων
490 338 614 370 τοίνυν
636 331 750 371 οὕτως
779 334 866 383 ἡμῖν
889 336 1182 393 διατεταγμένον
1209 281 1425 374 κᾶκῗῖῗξΠΤ
1449 281 1529 374 1{iis
1550 337 1658 383 igitur
1676 337 1730 373 sic
1749 347 1772 373 a
1791 339 1894 376 nobis
1913 340 2086 377 ordinatis
2109 341 2197 377 illud
2217 350 2357 387 quoquo
2375 340 2492 378 deter-

272 377 518 425 προςδιορίσαι
541 378 682 415 δίκαιον
703 383 760 416 ἔτι
783 385 988 428 νομίζομεν,
1018 385 1064 429 ἐφ
1100 396 1131 426 ῳ
1148 384 1351 429 προστῆσαι
1419 382 1555 418 minare
1585 382 1720 417 iustum
1748 382 1795 419 ad
1825 383 1914 421 blec
1940 387 2126 431 putamus,
2160 390 2203 422 ut
2231 395 2493 439 praeponamus

271 426 332 467 τῆς
362 429 484 478 τρίτης
507 422 690 479 Ἀρμενίας
719 425 834 481 ἄνδρα
864 436 1009 472 σεμνον,
1039 425 1289 474 ὑπουργηκότα
1311 440 1352 462 τε
1421 427 1549 463 tertiae
1580 426 1772 463 Armeniae
1798 427 1912 464 virum
1938 430 2092 467 nobilem
2123 434 2160 466 et
2190 442 2252 477 qul
2281 431 2494 467 ministravit

270 466 354 513 ἡμῖν
378 460 445 512 ηδη
469 472 529 503 καὶ
553 470 656 511 αξιον
679 472 742 506 τοῦ
766 484 827 515 της
850 470 955 517 ἀρχῆς
978 471 1084 519 ὄγκου
1114 475 1174 506 καὶ
1199 471 1352 517 προσχὴ-
1420 472 1524 508 nobis
1547 472 1619 507 iam
1642 475 1679 507 et
1702 471 1847 515 dignum
1869 472 2013 518 fastigio
2037 476 2167 520 cinguli
2191 481 2227 511 et
2249 476 2395 521 figurae.
2434 476 2493 510 In-

269 524 392 558 ματος.
439 512 615 561 Εὖρόντες
637 519 763 550 τοίνυν
780 519 916 561 Θωμᾶν
931 517 998 552 τὸν
1015 515 1351 564 μεγαλοπρεπέστα-
1387 521 1406 553 5
1420 516 1602 552 venientes
1621 516 1729 561 igitur
1749 516 1922 554 'rhomam
1940 519 2326 564 magnificentissimum
2347 521 2408 566 qui
2424 521 2494 556 iam

270 572 336 593 τον
359 556 425 602 ἤδη
448 561 517 604 μὲν
545 559 652 607 ἀρχὰς
683 563 743 596 ἐπὶ
765 562 827 604 τῆς
847 561 1045 606 Ἀρμενίων
1073 558 1260 596 ἀνύσαντα
1277 558 1350 615 χώ·
1421 561 1562 606 quidem
1585 561 1907 598 administrationes
1929 562 1968 598 in
1986 564 2232 601 Armeniorum
2254 566 2327 610 egit
2349 565 2493 611 provin-

270 615 351 657 ρας,
382 606 443 638 καὶ
466 603 580 639 τᾶλλα
610 603 650 640 δὲ
682 603 799 652 ἄνδρα
821 606 977 650 χρηστὸν
1007 609 1066 641 καὶ
1089 611 1245 654 γνησίως
1267 609 1352 651 ημῖν
1422 607 1487 649 cia,
1513 610 1550 642 et
1565 605 1603 642 in
1626 606 1705 641 aliis
1731 616 1872 659 quoque
1890 606 2003 643 virum
2027 618 2049 644 o
2074 609 2198 646 timum
2221 615 2257 646 et
2279 611 2339 655 qui
2358 611 2494 653 integre

269 648 591 695 υπηρετησάμενόν
614 663 654 684 τε
678 654 737 685 καὶ
759 648 1059 697 ὑπηρετούμενον,
1084 647 1197 687 αὐτὸν
1221 653 1282 685 ἐπὶ
1304 652 1350 698 τῇ
1419 650 1523 687 nobis
1547 650 1760 686 ministravit
1783 656 1819 686 et
1837 651 2026 696 ministrat,
2049 620 2144 691 Hunc
2162 656 2199 691 in
2217 655 2492 691 administratio-

270 695 332 736 τῆς
353 689 459 740 ἀρχῆς
479 693 611 738 ταύτης
634 694 920 743 προβαλλόμεθα
945 693 1127 739 διοικήσει,
1153 692 1242 731 «tm
1262 698 1351 730 τέως
1420 696 1475 732 nis
1507 695 1613 732 huius
1639 696 1888 731 constituimus
1913 697 2096 741 regimine,
2126 702 2167 734 ut
2187 700 2330 735 interim
2354 700 2494 745 quidem

269 740 336 782 μὲν
367 740 430 782 τῆς
464 741 635 786 ἐπαρχίας
668 739 799 781 ταύτης
831 737 1000 786 ἡγεῖσθαι
1032 739 1124 776 κατὰ
1156 740 1199 775 τὸ
1235 741 1351 788 ῥηθὲν
1368 744 1406 776 10
1446 740 1622 777 rovinciae
1653 740 1713 776 isti
1741 741 1944 786 praesideat
1975 743 2167 779 secundum
2190 744 2322 781 dictam
2346 755 2368 780 a
2391 744 2495 780 nobis

270 780 356 827 ἡμῖν
385 784 522 837 σχῆμα,
555 788 723 830 προνοεῖν
755 783 794 818 δὲ
822 788 882 818 καὶ
913 786 992 820 τῶν
1022 784 1143 820 ἄλλων
1163 783 1283 821 ὁπόσα
1305 782 1351 819 ἂν
1419 752 1582 831 {gui-am,
1607 786 1792 831 provideat
1813 788 1933 821 autem
1957 786 2063 822 etiam
2084 787 2233 824 aliorum
2252 799 2495 834 quaecumque

271 826 370 871 αὐτῷ
391 831 437 872 [η]
458 827 517 863 διὰ
539 829 659 863 θείων
678 831 937 883 ἐπιτρέψαιμεν
959 831 1260 866 commonitorium
1279 831 1351 865 εἴτε
1419 831 1454 866 ei
1476 841 1540 875 per
1560 841 1665 866 sacra
1688 830 1944 866 iniunxerimus
1969 832 2235 870 commonitoria
2257 835 2330 870 sive
2353 835 2389 869 in
2411 844 2494 880 pro-

270 875 330 908 ἐπὶ
354 875 415 908 τ”ς
442 875 612 919 ἐπαρχίας
637 871 682 917 ἣν
714 871 813 917 αὖτῳ
847 873 1160 921 παραδεδώκαμεν
1190 876 1261 910 εἴτε
1291 878 1351 909 καὶ
1419 876 1537 911 vincia
1566 886 1672 921 quam
1704 876 1941 911 commisimus
1973 875 2048 912 sive
2069 877 2176 912 etiam
2206 877 2243 914 in
2267 879 2366 923 alii83
2400 879 2495 924 quod

270 915 331 953 ἐπ’
357 916 380 952 ἆ
402 916 495 953 λαις·
532 917 621 963 ὅπερ
653 922 713 952 καὶ
745 917 979 966 πεπράχαμεν
1009 921 1098 954 θεῖα
1126 919 1214 967 πρὸς
1237 917 1351 956 αὐτὸν
1419 924 1455 956 et
1478 921 1613 964 egimus
1638 931 1743 956 sacra
1773 921 1819 955 ad
1848 931 1929 956 eum
1958 921 2130 957 facientes
2153 924 2422 960 commonitoria
2450 923 2495 959 de

270 966 504 1006 πεποιημένοι
522 964 791 999 commonitoria
811 967 893 1010 περὶ
915 963 1064 1000 πολλῶν
1083 969 1142 1000 καὶ
1163 964 1351 1011 διαφόρων
1367 967 1405 1001 15
1419 966 1541 1002 multis
1574 970 1609 1001 et
1639 965 1785 1001 diversis
1809 966 1968 1008 actibus,
2002 976 2092 1010 quos
2124 976 2205 1003 eum
2229 968 2334 1004 etiam
2362 969 2400 1004 in
2424 968 2496 1004 alia

270 1006 449 1053 πράξεων,
479 1005 572 1053 ἅπερ
597 1006 710 1043 αὐτὸν
733 1012 792 1043 καὶ
815 1009 863 1043 εἰς
885 1010 1007 1056 ἑτέρας
1034 1009 1153 1057 χώρας
1175 1007 1351 1057 προςῆκόν
1421 1011 1605 1056 provincia
1630 1010 1799 1055 competit
1821 1011 1868 1045 ad
1891 1010 2056 1046 effectum
2084 1012 2291 1055 perducere.

269 1054 289 1087 1
337 1054 438 1086 ἐστιν
457 1054 505 1087 εἰς
524 1055 630 1100 ἔργον
646 1051 802 1100 ἀγαγεῖν.
856 1053 905 1087 Τὰ
922 1058 1047 1099 μέντοι
1067 1059 1149 1102 περὶ
1168 1054 1230 1090 τὰς
1250 1055 1349 1103 ἱερω-
1418 1058 1440 1092 1
1486 1056 1586 1100 Quae
1608 1060 1728 1091 tamen
1749 1056 1793 1091 de
1815 1056 2026 1092 sacerdotiis
2046 1059 2140 1099 sunt,
2165 1056 2259 1092 sicut
2278 1067 2385 1102 saepe
2404 1057 2494 1094 dixi-

269 1093 389 1138 σύνας,
414 1097 515 1131 καθὰ
535 1096 703 1132 πολλάκις
725 1096 848 1145 εἰρὴκα
877 1113 926 1140 εν,
950 1103 1073 1143 με’νειν
1093 1100 1187 1135 κατὰ
1204 1099 1246 1136 τὸ
1263 1098 1349 1147 πρό·
1418 1111 1513 1144 111118,
1548 1110 1693 1136 manere
1726 1100 1922 1136 secundum
1952 1101 2052 1146 prius
2087 1101 2248 1138 volumus
2280 1102 2424 1138 schema
2456 1103 2495 1138 in

269 1154 374 1188 τερον
397 1140 608 1187 βουλόμεθα
632 1144 760 1188 σχῆμα,
791 1141 832 1178 οὗ
858 1145 898 1178 ὲν
926 1145 1010 1179 οὔτε
1040 1148 1123 1192 περὶ
1150 1146 1193 1180 τὸ
1221 1159 1349 1201 μητρο-
1419 1147 1515 1182 nullo
1546 1156 1661 1191 neque
1692 1145 1736 1180 de
1767 1146 1998 1190 metropolico
2031 1146 2109 1181 iure
2140 1156 2256 1192 neque
2287 1147 2330 1184 de
2354 1147 2494 1183 ordina-

270 1185 459 1221 πολιτιιιὸν
479 1186 620 1222 δίκαιον
639 1186 721 1223 οὗτε
738 1201 784 1223 πε
808 1191 820 1222 ὶ
840 1188 903 1224 τὰς
920 1195 1137 1246 χειροτονίας
1155 1192 1220 1225 τοῦ
1240 1203 1348 1237 πραγ-
1363 1193 1404 1225 20
1417 1191 1576 1227 tionibus
1614 1200 1725 1227 causa
1761 1195 1898 1226 mutata
1932 1193 1997 1226 aut
2030 1191 2210 1235 innovata,
2246 1192 2308 1227 sed
2342 1192 2399 1227 his
2435 1192 2495 1238 qui

268 1242 380 1274 ματος
395 1229 631 1277 ἀμειβομένου
647 1230 669 1276 ἢ
689 1202 945 1289 καινιΞομένου,
967 1233 1057 1269 αλλὰ
1076 1237 1152 1270 τῶν
1172 1235 1349 1282 πρότερον
1418 1236 1519 1281 prius
1543 1235 1757 1272 ordinabant
1779 1236 1888 1271 etiam
1909 1247 2007 1272 nunc
2026 1236 2240 1272 habentibus
2261 1236 2495 1272 ordinationis

268 1275 574 1323 χειροτονούντων
600 1280 661 1312 καὶ
684 1279 750 1312 νῦν
774 1280 936 1322 ἐχοντων
958 1278 1027 1323 τὴν
1051 1281 1113 1323 τῆς
1132 1284 1350 1327 χειροτονίας
1418 1284 1643 1326 potestatem,
1669 1285 1705 1315 et
1722 1281 1902 1325 prioribus
1922 1282 2155 1326 metropolitis
2178 1282 2214 1317 in
2235 1293 2300 1317 suo
2320 1282 2494 1318 manenti-

269 1321 445 1365 έξουσίαν,
477 1325 537 1356 καὶ
564 1324 643 1358 τῶν
674 1326 863 1371 προτέρων
892 1323 1172 1370 μητροπολιτῶν
1203 1327 1263 1361 ἐπὶ
1289 1326 1350 1380 τῆς
1420 1326 1487 1361 bus
1512 1326 1645 1368 ordine,
1674 1328 1715 1360 ut
1739 1325 1827 1361 nihil
1850 1330 2023 1371 quantum
2047 1326 2094 1362 ad
2117 1327 2183 1362 has
2206 1327 2412 1364 innovatum
2436 1326 2493 1364 sit.

268 1367 412 1401 ἑαυτῶν
433 1365 622 1411 μενόντων
645 1364 795 1410 τάξεως,
821 1365 909 1403 ὥςτε
931 1367 1045 1413 μηδὲν
1068 1369 1111 1404 τό
1134 1383 1174 1417 γε
1199 1367 1261 1405 ἐπ’
1289 1383 1349 1403 αυ-

269 1413 347 1446 ταῖς
370 1412 617 1456 καινισθῆναι.
1364 1418 1406 1450 25

1256 1503 1413 1540 CAPUT
1443 1504 1506 1539 III.

322 1556 457 1592 Ἐκεῖνο
495 1561 620 1603 μέντοι
656 1562 736 1595 τῶν
773 1558 1110 1615 ὄξνωμολογημιξνων
1147 1562 1265 1604 ἐστίν,
1303 1559 1352 1594 οἷς
1463 1559 1556 1595 Illud
1581 1571 1721 1606 quoque
1744 1562 1862 1606 palam
1886 1565 1942 1597 est
1969 1565 2019 1605 ut,
2052 1561 2136 1606 quia
2158 1561 2284 1597 tertiae
2309 1561 2496 1597 Armeniae

269 1601 463 1649 ἐπειδήπερ
483 1603 548 1638 τὸν
568 1606 629 1646 τῆς
647 1609 769 1651 τρίτης
788 1608 972 1650 Λρμενίας
994 1618 1134 1649 κομητα
1151 1602 1193 1640 οὗ
1213 1604 1349 1641 πολιτι-
1420 1605 1584 1640 comitem
1615 1617 1688 1641 non
1718 1606 1870 1642 civilium
1900 1607 2031 1650 solum,
2065 1607 2126 1642 sed
2158 1607 2266 1642 etiam
2294 1606 2496 1642 militarium

269 1647 335 1682 κὸν
356 1648 483 1692 μόνον,
515 1646 604 1683 ἀλλὰ
636 1653 696 1683 καὶ
727 1648 992 1693 στρατιωτικὸν
1021 1648 1268 1704 πεποιήκαμεν
1291 1649 1350 1697 ἅρ-
1419 1649 1569 1686 fecimus
1592 1651 1763 1694 iudicem,
1796 1651 1998 1687 necessario
2023 1652 2155 1688 habeat
2181 1654 2218 1687 et
2240 1651 2369 1687 milites
2391 1652 2429 1687 in
2453 1661 2497 1687 ea

268 1706 397 1736 χοντα,
422 1690 626 1739 ἀναγκαίως
656 1697 750 1737 ἔχειν
787 1698 846 1728 καὶ
881 1692 962 1729 τοὺς
991 1706 1219 1740 στρατιωτας
1248 1693 1348 1739 αὐτῷ
1418 1695 1601 1740 provincia
1623 1696 1817 1732 collocatos
1839 1697 1907 1732 sibi
1930 1697 2123 1738 subiectos,
2148 1697 2327 1732 licentiam
2347 1697 2494 1739 habene,

268 1737 351 1772 τοὺς
368 1735 450 1772 κατ’
470 1737 581 1781 αὐτὴν
603 1737 807 1786 ἱδρυμένους
826 1737 1058 1783 ὑποκεῖσθαι,
1079 1738 1204 1775 ἄδειαν
1218 1743 1349 1783 ἔχοντι,
1363 1743 1406 1776 30
1419 1740 1514 1776 sicut
1537 1740 1749 1777 militaribus
1780 1742 1957 1777 iudicibus
1989 1742 2205 1784 conceditur,
2238 1746 2274 1777 et
2297 1741 2343 1778 ad
2366 1751 2496 1778 nomen

269 1782 372 1817 καθὰ
405 1786 478 1817 τοῖς
501 1788 773 1830 στρατιωτικοῖς
803 1782 972 1830 ἄρχουσιν
996 1786 1145 1830 ἐφεῖται,
1177 1788 1237 1819 καὶ
1261 1786 1349 1830 πρὸς
1417 1795 1547 1821 vocare
1573 1796 1633 1821 eos
1665 1790 1700 1821 et
1727 1787 1906 1831 requirere
1931 1790 1966 1822 et
1987 1787 2174 1832 providere
2197 1787 2348 1822 annonis
2373 1797 2495 1822 eorum

269 1827 384 1872 ὄνομα
408 1826 530 1863 καλεῖν
554 1826 681 1864 αὐτοὺς
703 1832 763 1863 καὶ
787 1831 971 1872 ἐπιζητεῖν
994 1832 1053 1862 καὶ
1078 1833 1247 1877 προνοεῖν
1269 1832 1349 1865 τῶν
1417 1832 1454 1865 et
1477 1831 1603 1875 exequi
1626 1841 1719 1876 quae
1744 1836 1868 1867 contra
1892 1842 1953 1867 eos
1977 1835 2072 1876 sunt,
2105 1832 2135 1867 si
2157 1832 2341 1875 laeserint,
2374 1834 2410 1867 et
2431 1841 2493 1867 ne-

270 1873 449 1917 σιτήσεων
477 1871 602 1908 αὐτῶν
631 1877 692 1908 καὶ
716 1874 894 1915 ἐπεξιέναι
923 1876 995 1908 τοῖς
1018 1871 1101 1908 κατ’
1129 1871 1271 1917 αὐτούς,
1304 1875 1347 1909 εἴ·
1417 1885 1486 1919 que
1521 1876 1726 1920 permittere
1760 1877 1888 1912 milites
1922 1887 2053 1912 nocere
2087 1877 2276 1922 subiectis;
2312 1877 2344 1912 si
2375 1880 2495 1912 tamen

270 1931 337 1963 περ
361 1916 529 1961 ἀδικοῖεν,
560 1921 620 1952 καὶ
642 1916 693 1963 μή
715 1932 752 1953 τι
783 1921 979 1966 συγχωρεῖν
1010 1922 1085 1954 τοῖς
1108 1919 1349 1966 στρατιώταις
1416 1920 1549 1965 aliquid
1562 1921 1698 1965 egerint
1715 1924 1751 1956 et
1766 1922 2017 1964 vehementius,
2035 1922 2140 1957 etiam
2156 1922 2356 1958 criminales
2372 1921 2496 1957 audire

269 1961 406 1997 ἀδικεῖν
424 1962 505 1997 τοὺς
524 1958 710 2006 ὑπηκόους,
732 1965 763 1998 εἰ
784 1962 825 1998 δέ
843 1977 880 1998 τι
901 1962 1077 2009 πράξαιεν
1093 1962 1347 2011 σφοδρότερον,
1361 1966 1403 2000 35
1417 1975 1557 2006 causas,
1589 1966 1621 2000 Si
1643 1966 1814 2002 militares
1839 1967 1927 2008 sint,
1961 1970 1995 2001 et
2019 1967 2137 2002 omnia
2171 1977 2276 2011 agere
2305 1977 2494 2012 quaecum-

269 2010 330 2042 καὶ
354 2006 626 2055 ἐγκληματικῶν
647 2007 854 2055 ἀκροᾶσθαι
877 2006 1000 2049 δικῶν,
1025 2006 1093 2043 κᾶν
1116 2010 1147 2043 εἰ
1170 2011 1346 2056 στρατιῶ-
1416 2020 1484 2055 que
1506 2010 1719 2046 militaribus
1743 2012 1902 2047 dedimus
1925 2011 2113 2047 iudicibus.
2151 2012 2202 2047 Et
2220 2012 2314 2048 Sicut
2335 2012 2496 2048 Isauriae

269 2066 332 2087 ται
354 2050 627 2096 καθεστήκοιεν,
658 2057 718 2087 καὶ
746 2050 895 2088 ἅπαντα
927 2053 1101 2099 πράττειν
1111 2051 1244 2107 εὁπόσα
1273 2058 1348 2089 τοῖς
1417 2055 1537 2091 comiti
1565 2060 1602 2091 et
1624 2056 1842 2092 Pacatianae
1865 2057 2038 2102 Phrygiae
2066 2066 2133 2091 nec
2156 2067 2229 2092 non
2259 2061 2295 2092 et
2320 2058 2494 2102 praetori-

270 2100 542 2144 στρατιωτικοῖς
565 2096 774 2143 δεδώκαμεν
796 2097 975 2145 ἇρχουσιν.
1016 2101 1077 2133 καὶ
1097 2095 1214 2146 ω’ςπερ
1231 2100 1286 2144 τῷ
1306 2113 1347 2134 τε
1415 2100 1482 2136 11118
1505 2100 1708 2147 Lycaoniae
1738 2104 1775 2137 et
1798 2102 1952 2137 Pisidiae
1982 2105 2017 2137 et
2040 2101 2216 2137 Thraciae
2246 2105 2283 2137 et
2308 2102 2494 2138 militarem

266 2139 440 2189 Ἰσαυρίας
471 2140 601 2187 κόμητι
623 2145 678 2187 τῷ
708 2157 748 2178 τε
774 2144 836 2186 τῆς
858 2144 1089 2187 Πακατιανῆς
1114 2147 1270 2191 Φρυγίας
1288 2147 1349 2178 καὶ

271 2187 360 2234 πρός
387 2201 428 2234 γε
463 2191 537 2223 τοῖς
567 2192 773 2236 πραίτωρσι
792 2190 998 2223 Λυκαονίας
1028 2201 1070 2223 τε
1099 2192 1160 2223 καὶ
1185 2187 1353 2224 Πισιδίας
1365 2192 1408 2224 40

404 2278 452 2314 11.
498 2278 570 2314 His
591 2278 705 2324 iqitur
727 2279 779 2314 ita
803 2289 827 2313 a
849 2277 955 2314 nobis
977 2278 1163 2325 dispositis
1184 2277 1277 2321 illud
1299 2288 1445 2325 quoque
1461 2281 1660 2325 praeterea
1683 2279 1834 2325 definire
1855 2279 1972 2315 satius
2000 2279 2173 2324 ducimus,
2196 2285 2239 2317 ut
2256 2281 2496 2328 praeficiatur

271 2324 399 2360 tertiae
411 2324 602 2360 Armeniae
625 2324 680 2360 vir
702 2323 826 2369 qravis
849 2327 886 2360 et
907 2323 970 2369 qui
993 2323 1099 2359 nobis
1120 2323 1194 2359 iam
1214 2334 1364 2370 operam
1380 2324 1612 2370 praestiterit
1633 2328 1670 2360 et
1689 2324 1822 2371 diqnus
1843 2325 1893 2360 sit
1911 2326 2105 2372 potestatis
2118 2325 2288 2378 pondere
2310 2332 2346 2362 et
2364 2328 2493 2374 specie.

272 2369 358 2405 Cum
385 2369 500 2415 iqitur
533 2367 704 2404 Thomam
739 2368 854 2404 virum
885 2368 1278 2415 magnificentissimum
1313 2368 1554 2404 invenerimus
1587 2369 1660 2404 iam
1690 2369 1729 2404 in
1758 2370 2010 2405 Armeniorum
2044 2381 2194 2417 reqaone
2223 2372 2496 2418 maqistratibus

267 2415 449 2459 sunctum,
473 2417 510 2450 et
531 2413 569 2448 in
592 2413 719 2449 ceteris
742 2413 859 2449 virum
882 2412 1015 2449 bonum
1038 2418 1074 2449 et
1095 2414 1162 2460 qui
1182 2413 1323 2465 inteqre
1344 2413 1450 2449 nobis
1468 2414 1673 2450 inservierit
1695 2419 1731 2450 et
1750 2414 1933 2457 inserviat,
1957 2425 2038 2451 eum
2061 2416 2110 2450 ad
2132 2415 2240 2452 liuius
2259 2417 2496 2463 maqnstrams

269 2459 620 2494 administrationem
636 2469 906 2505 promovemus,
930 2462 970 2494 ut
984 2459 1018 2493 is
1039 2458 1184 2494 interim
1207 2457 1291 2494 liuzo
1307 2459 1524 2505 provinciae
1542 2459 1737 2495 seeundum
1760 2470 1840 2495 eam
1861 2470 1955 2506 quae
1973 2471 1997 2495 a
2014 2460 2119 2496 nobis
2141 2461 2239 2496 dicta
2261 2466 2316 2497 est
2333 2462 2495 2507 somam

262 2504 419 2551 praesit,
449 2504 655 2550 prospiciat
677 2507 796 2539 autem
819 2503 970 2549 reliquis
993 2513 1138 2555 quoque
1161 2513 1407 2555 quaecumque
1437 2504 1452 2538 i
1477 2504 1510 2539 si
1529 2515 1599 2557 per
1621 2514 1730 2540 saera
1753 2505 2029 2540 commonitoria
2052 2506 2332 2542 commiserimus
2359 2507 2436 2543 sive
2457 2508 2496 2543 in

267 2549 470 2595 provincia,
494 2559 603 2594 quam
627 2547 661 2583 ei
685 2547 911 2591 tradidimus,
934 2549 1008 2584 sive
1030 2552 1139 2584 etiam
1161 2558 1201 2583 m
1224 2547 1326 2584 aliis:
1357 2559 1429 2594 quo
1475 2548 1618 2595 quidem
1640 2549 1714 2585 iam
1737 2550 1876 2602 eqimus
1897 2550 2014 2584 sacris
2037 2549 2087 2585 ad
2107 2561 2187 2586 eum
2210 2552 2496 2588 commonitoriis

270 2594 367 2630 datis
389 2592 434 2629 de
458 2593 579 2629 multis
598 2597 635 2629 et
653 2592 804 2629 diversis
826 2592 1037 2635 actionibus,
1070 2604 1164 2639 quae
1186 2603 1267 2629 eum
1290 2593 1328 2628 in
1355 2593 1440 2628 aliis
1460 2605 1603 2640 quoque
1624 2594 1833 2640 reqiombus
1854 2593 1904 2629 ad
1925 2594 2092 2639 effectum
2105 2595 2308 2642 perducere
2332 2607 2411 2644 par
2429 2601 2493 2633 est.

269 2641 292 2675 1
348 2636 449 2682 Quae
480 2648 565 2674 vero
594 2637 645 2673 ad
672 2637 878 2674 sacerdotia
901 2637 1101 2685 pertinent,
1132 2638 1242 2674 sicuti
1271 2648 1383 2684 saepe
1405 2638 1577 2681 diximus,
1607 2649 1753 2674 manere
1781 2639 1821 2673 in
1845 2638 1977 2686 priore
2005 2639 2132 2684 forma
2162 2640 2336 2683 volumus,
2368 2652 2413 2677 ne
2435 2650 2496 2677 res

270 2683 346 2720 ullo
376 2682 484 2719 modo
515 2693 602 2719 neve
632 2682 732 2729 quod
759 2682 808 2718 ad
837 2683 895 2718 ius
922 2687 1036 2719 metro
1065 2682 1225 2718 oliticum
1254 2693 1341 2719 neve
1363 2682 1464 2729 quod
1491 2683 1541 2719 ad
1569 2682 1819 2719 ordinationes
1841 2687 1997 2719 mutetur
2027 2684 2085 2720 vel
2112 2686 2314 2728 innovetur,
2344 2685 2498 2767 sedgui

263 2728 375 2776 prius
410 2727 633 2764 ordinabant
664 2737 761 2763 nunc
796 2738 940 2774 quoque
974 2738 1018 2763 or
1043 2727 1169 2763 inandi
1201 2731 1418 2774 potestatem
1451 2727 1618 2771 babeant,
1653 2733 1691 2765 et
1715 2728 1865 2775 priores
1899 2729 2154 2776 metropolitae
2188 2730 2228 2765 in
2261 2738 2329 2767 suo
2366 2741 2411 2767 or
2449 2742 2495 2768 ne

269 2777 453 2815 maneant,
476 2773 529 2809 ita
551 2777 593 2809 ut
614 2771 707 2808 nihil
728 2777 903 2818 quantum
926 2772 976 2808 ad
997 2772 1064 2808 illa
1086 2773 1289 2809 innovetur.

405 2818 469 2853 111.
517 2815 617 2853 Illud
641 2821 758 2854 tamen
779 2818 819 2852 in
842 2818 1014 2863 confesso
1038 2821 1103 2860 est,
1134 2817 1306 2864 quoniam
1330 2818 1457 2855 tertiae
1479 2818 1673 2855 Armeniae
1695 2818 1859 2855 comitem
1882 2829 1958 2854 non
1982 2818 2120 2854 civilem
2143 2819 2273 2862 solum,
2301 2819 2366 2856 sed
2387 2821 2495 2858 etiam

269 2862 462 2899 militarem
491 2862 742 2909 maqistratum
770 2863 937 2908 fecimus,
967 2873 1111 2899 necesse
1141 2873 1218 2899 esse
1250 2867 1291 2898 ut
1319 2862 1449 2899 milites
1470 2874 1615 2910 quoque
1645 2864 1709 2910 qui
1731 2864 1770 2899 in
1802 2874 1846 2899 ea
1877 2863 2045 2899 collocati
2067 2868 2153 2900 sunt
2181 2865 2215 2900 ei
2234 2864 2387 2901 subiecti
2407 2866 2494 2910 sint,

270 2908 471 2954 habeatque
488 2911 720 2955 potestatem,
750 2907 858 2943 sicuti
880 2908 1097 2944 militaribus
1118 2907 1393 2954 maqistratibus
1415 2918 1621 2944 concessum
1645 2912 1710 2951 est,
1742 2912 1779 2944 et
1800 2908 1944 2944 nomine
1967 2919 2031 2945 eos
2054 2909 2209 2945 vocandi
2228 2913 2263 2946 et
2285 2910 2496 2957 inquirendi

269 2957 307 2990 et
328 2953 486 2989 annonis
516 2963 638 2989 eorum
662 2952 918 3000 prospiciendi
949 2957 986 2989 et
1012 2951 1255 3000 persequendi
1286 2963 1382 3004 quae
1412 2952 1463 2989 ad
1491 2964 1554 2989 eos
1578 2953 1778 3005 pertinent,
1809 2953 1842 2989 si
1873 2952 2095 3006 delinquant,
2122 2964 2239 3006 neque
2258 2955 2496 3001 permittendi

270 2998 443 3034 militibus
473 3001 515 3034 ut
544 2997 655 3033 ullam
683 2998 855 3034 iniuriam
884 2997 1032 3044 faciant
1060 2997 1225 3040 subditis,
1255 2997 1288 3033 si
1310 2997 1401 3044 quid
1430 3009 1513 3035 vero
1544 3009 1693 3045 oramus
1716 3002 1968 3041 commiserint,
1999 3003 2108 3034 enam
2135 2999 2342 3035 criminales
2363 3010 2495 3037 causas

271 3043 455 3086 audiendi,
478 3043 561 3079 licet
581 3043 712 3079 milites
733 3044 817 3085 sint,
843 3043 1035 3089 omniaque
1058 3041 1191 3089 aqendi
1222 3052 1467 3089 quaecumque
1497 3043 1714 3079 militaribus
1736 3043 2011 3090 magistratibus
2034 3042 2205 3079 dedimus.
2253 3042 2304 3079 Et
2325 3045 2495 3096 quemad·

270 3088 415 3126 modum
447 3092 484 3125 et
506 3086 674 3124 Isauriae
702 3088 824 3124 comiti
845 3092 882 3124 et
904 3087 1129 3124 Pacatianae
1153 3086 1340 3134 Phryqiae
1370 3093 1407 3124 et
1429 3093 1626 3135 praeterea
1655 3088 1889 3135 praetoribus
1917 3092 1954 3124 et
1977 3087 2186 3134 Lycaoniae
2213 3091 2251 3124 et
2270 3087 2431 3126 Pisidiae
2458 3094 2495 3126 et

316 3182 337 3215 2
359 3178 448 3226 πρὸς
467 3175 658 3224 διώρισται
672 3179 702 3211 L
723 3178 736 3223 ΙΙ
761 3179 826 3219 ἔτι]
850 3179 928 3212 ἔστι
942 3178 994 3211 B⁰
1016 3178 1029 3222 ΙΙ
1050 3179 1070 3213 3
1093 3180 1215 3224 τρίτης
1238 3179 1347 3219 ΜΒς]
1418 3181 1477 3223 Ιεφ
1495 3177 1609 3224 unde?
1628 3179 1640 3222 fl
1657 3181 1698 3214 35
1724 3174 1819 3223 σφοδ
1841 3175 1978 3223 ότερον]
2001 3182 2034 3212 et
2050 3180 2276 3213 vehementius
2296 3178 2404 3225 5136
2427 3173 2494 3212 κᾶν

270 3223 418 3270 πρώτης
432 3225 485 3269 ΖιΙΙ
496 3226 548 3265 τε]
562 3221 628 3257 τόν
638 3224 723 3257 nL
740 3224 754 3267 {l
770 3225 788 3257 7
801 3221 848 3257 τὰ
861 3220 950 3256 ἄλλα
964 3223 996 3256 L
1013 3223 1026 3266 fl
1046 3225 1086 3258 12
1099 3220 1212 3267 αὐτῷ]
1224 3221 1349 3257 αὔτῶν
1416 3224 1459 3266 εἰ]
1484 3226 1512 3258 si
1536 3237 1556 3262 e
1582 3227 1594 3269 ΙΙ
1625 3226 1667 3259 38
1679 3237 1729 3268 sq.
1753 3225 1795 3266 cs:
1857 3235 1904 3257 ου.
1929 3224 2097 3260 XXVII.
2141 3225 2234 3259 VIII
2253 3237 2281 3259 c.
2300 3225 2331 3259 2.
2366 3223 2491 3259 XXV.

270 3272 344 3313 (sic)
358 3269 417 3325 le
447 3266 470 3313 ἢ
488 3269 610 3310 MLB,
631 3282 689 3302 om.
702 3279 722 3305 ς
743 3268 757 3311 fl
783 3268 1083 3311 commonitorlmn‚
1103 3281 1129 3302 ε.
1143 3281 1174 3303 υ.
1185 3269 1348 3303 τουτέστι
1415 3270 1560 3304 XXIV.
1584 3271 1664 3304 XX
1672 3267 1748 3313 ΠΗ
1765 3269 1808 3303 39
1831 3269 2056 3311 καπατιανῆς
2077 3270 2148 3303 ML

269 3326 494 3363 γραμματων
507 3314 552 3348 Μ
564 3316 849 3359 κομμονιτορίων
860 3314 892 3347 L
911 3308 1135 3359 γραμμάτων
1149 3314 1185 3347 Β
1232 3314 1274 3348 13
1287 3309 1347 3346 αὖ·

270 3361 324 3403 τῷ
347 3374 405 3394 om.
420 3372 440 3396 ς
460 3360 474 3404 Ι
503 3362 542 3394 15
567 3359 814 3403 comonis-moia
830 3359 873 3391 M
896 3369 1169 3404 κομμονητορηα
1259 3354 1347 3402 ράμ·
2086 3403 2094 3410 .

270 3417 368 3458 ματα
382 3406 428 3439 M
432 3418 458 3439 ε.
470 3417 515 3456 v.,
527 3405 562 3438 B
583 3403 597 3448 ΙΙ
622 3406 664 3456 1-6
688 3398 780 3455 ᾇπερ
795 3403 879 3444 ML]
901 3399 1012 3457 εἶξε-περ
1027 3404 1111 3445 Β(ς)
1127 3402 1139 3448 ΙΙ
1157 3402 1206 3436 εἰς
1238 3404 1348 3466 ‘deas
1460 3405 1480 3455 ‚²
1498 3413 1721 3456 proponamus
1740 3404 1818 3438 libri
1833 3402 1846 3447 Ι]
1861 3402 2119 3456 ’aminis-trabit·
2133 3399 2219 3445 VTfl
2242 3402 2264 3452 ‚⁶
2280 3402 2410 3478 ‘wmff
2432 3401 2465 3434 V

271 3447 945 3539 fflffiiisffi‘ffffssssffitltffrffl
963 3443 1348 3537 ff“2‘1¹³a'}..¹2?iliwssi'³3
1415 3447 1777 3527 iiiifflssiizssissfl'
1793 3448 2132 3528 ffiffitt¹2ss?'t
2163 3447 2389 3530 θῖἒῗιῗῖἑῗε
2401 3446 2489 3524 2311.

274 3537 513 3582 καινιζόμενοι
534 3539 585 3573 B⁰
607 3551 669 3574 sec.
684 3538 879 3582 Homberyk.
897 3539 910 3582 Η
928 3539 971 3572 23
995 3535 1174 3593 πρότερον
1194 3538 1346 3572 Haloan-
1413 3539 1501 3581 vuly.
1517 3538 1530 3583 ΙΙ
1548 3538 1638 3581 quod
1649 3539 1819 3591 61111119.Ὶῖ
1833 3537 1845 3583 ΙΙ
1863 3540 1903 3573 15
1917 3547 2000 3580 quos
2011 3548 2052 3571 υιι
2088 3535 2110 3576 .]
2123 3543 2206 3586 (11188
2218 3534 2299 3587 fibri
2315 3533 2328 3578 ss
2345 3535 2383 3586 23
2400 3535 2489 3586 ordi-

274 3583 331 3615 der
348 3583 361 3626 ΙΙ
378 3587 419 3616 26
443 3581 714 3629 ὀμολογημὸνων
738 3583 769 3617 L
831 3584 872 3617 27
887 3595 937 3626 sq.
961 3580 1149 3617 πολιτικον
1171 3601 1216 3607 ·-
1239 3592 1346 3628 στρα-
1414 3582 1516 3616 nabat
1548 3582 1611 3628 Vn
1634 3584 1678 3618 26
1701 3594 1841 3617 armlme
1869 3582 1933 3626 VR
1958 3583 2000 3616 28
2025 3581 2069 3613 ha
2109 3581 2123 3611 t
2143 3579 2222 3630 libri
2248 3577 2261 3622 Ι
2286 3580 2329 3612 29
2354 3579 2490 3612 licentia

273 3626 444 3660 τιιοτικὸν
466 3626 672 3672 (στρατικὸν
695 3629 740 3670 L)
841 3628 888 3670 B]
912 3627 1062 3661 civilium
1085 3646 1128 3653 -
1149 3627 1346 3662 militarium
1422 3626 1535 3703 Vim
1563 3631 1629 3680 eos]
1655 3639 1694 3662 eo
1719 3628 1783 3671 Vfl
1807 3629 1850 3662 32
1873 3628 1989 3661 oontr·
2020 3623 2098 3663 VT]
2121 3632 2211 3675 ⁰¹¹⁰}
2234 3624 2348 3675 ”⁰193ss
2367 3625 2409 3658 33
2429 3635 2489 3676 ρει·

272 3673 308 3713 (ι’.
334 3685 360 3704 e.
387 3670 583 3706 πολιτικῶν
606 3692 649 3698 ——
673 3671 962 3717 στρατιωτικῶν)
994 3685 1013 3709 ς
1038 3673 1052 3716 ΙΙ
1084 3675 1126 3708 33
1155 3674 1229 3707 τοῖς
1258 3670 1342 3707 κατ’
1413 3683 1459 3705 1111
1474 3675 1535 3706 ntes
1548 3675 1678 3707 mittere
1700 3672 1758 3717 V}
1779 3673 1823 3706 34
1843 3674 1876 3705 et
1894 3683 1953 3705 om.
1967 3666 2084 3712 111119..
2103 3669 2149 3719 36
2173 3668 2226 3700 ln·
2250 3678 2345 3702 aune
2367 3669 2399 3703 V
2417 3670 2487 3703 his·

275 3716 379 3751 om.L
405 3716 419 3760 1
448 3718 490 3751 34
515 3717 598 3750 *καὶ
621 3714 669 3761 μή
693 3719 741 3759 τι]
765 3719 825 3751 καὶ
847 3715 938 3761 μήτε
961 3718 1046 3751 libri.
1082 3719 1136 3752 An
1161 3718 1262 3752 deleto
1285 3719 1348 3752 nat
1413 3718 1523 3751 aurire
1549 3717 1613 3763 Tu
1635 3719 1677 3752 37
1701 3717 1802 3759 frigia
1826 3714 1938 3758 libri.
1961 3714 2004 3748 88
2029 3714 2132 3746 111018
2157 3712 2220 3746 VT
