2618 4010
160 141 291 173 cch
319 139 654 174 DEFUNCTORUM
681 140 914 181 nxnouus
1227 125 1312 172 317
2007 126 2116 169 Nov.
2147 126 2244 169 LIX
2262 139 2323 179 pr.
2356 128 2376 167 1

157 241 250 275 σθαι
271 239 465 282 δυςκολίαν,
489 236 564 284 ἅμα
587 241 654 284 μὲν
677 237 759 274 τοὺς
783 241 926 277 ἑαυτῶν
949 238 1233 284 ἀποβάλλοντας,
1302 237 1375 273 mul
1399 236 1539 282 quidem
1562 238 1603 271 ut
1619 245 1711 281 quae
1734 247 1800 272 sua
1821 241 1906 273 sunt
1928 238 2106 282 amittant,
2132 237 2238 272 simul
2260 239 2378 271 autem

158 283 234 330 ἅμα
258 284 298 320 δὲ
319 284 408 332 ὑπὲρ
435 282 560 319 αὐτῶν
592 287 633 328 ζη
664 288 853 329 ιουμένους.
904 283 986 320 ἀλλ’
1013 284 1102 332 ὅπερ
1127 288 1232 318 Κων-
1302 293 1367 328 pro
1402 292 1441 318 se
1473 281 1734 318 damnificandi.
1785 283 1854 318 Sed
1885 284 1979 328 quod
2012 282 2266 319 Constantinus
2296 282 2378 327 piae

156 335 345 366 σταντῖνος
367 328 387 366 ὁ
410 331 471 373 τῆς
495 330 600 364 θείας
623 299 754 373 λ’ήξεως
777 329 902 378 ὀρθῶς
925 329 1095 374 ἐννοήσας
1118 328 1231 364 διετιῖ-
1302 328 1490 363 memoriae
1513 329 1713 363 retractans
1738 327 1914 373 disposuit
1943 332 1981 364 et
2003 330 2088 382 post
2110 328 2200 363 haec
2221 328 2377 363 Anasta-

155 387 258 410 πωσε
280 379 340 410 καὶ
363 373 514 420 ὕστερον
530 372 761 410 Ἀναστάσιος
784 373 803 410 ὁ
827 378 888 420 τῆς
911 373 1077 420 εὐσεβοῦς
1102 373 1233 419 λήξεως
1301 373 1376 408 sius
1408 373 1490 418 piae
1519 372 1709 408 memoriae
1739 372 1893 408 firmavit
1924 374 2082 409 adiciens
2113 373 2220 409 etiam
2241 372 2377 407 reditus

156 422 355 465 ἐβεβαίωσε
374 420 543 467 προςθεὶς
562 423 622 454 καὶ
643 418 820 466 πρόςοδον
839 422 893 465 τῷ
912 420 1106 476 πράγματι,
1124 421 1231 454 τοῦτο
1268 422 1287 454 5
1302 428 1451 460 causae,
1484 418 1554 453 hoc
1585 427 1651 452 nos
1680 417 1767 462 ipsi,
1802 428 1882 453 cum
1913 419 2111 463 periculum
2134 418 2292 463 patiatur
2316 427 2375 452 ca-

128 504 131 507 ,
154 465 252 508 ἡμεῖς
283 463 385 499 αὐτοὶ
417 463 626 499 κινδυνεῦον
656 463 841 501 διαπεσεῖν
876 464 1161 509 άνακτησασθαί
1192 478 1232 499 τε
1301 463 1396 507 dere,
1421 472 1589 508 reparare
1609 463 1644 497 et
1665 462 1750 497 dare
1775 473 1856 498 cum
1880 464 1975 499 omni
1996 464 2136 500 cautela
2160 467 2197 498 et
2215 462 2376 498 terminis

154 513 215 543 καὶ
236 508 456 554 μεταδοῦναι
483 509 598 554 πάσης
625 509 822 556 ἀσφαλείας
851 524 892 545 τε
919 514 978 545 καὶ
1008 507 1106 566 ὅρων
1129 521 1231 555 προς·
1301 508 1585 554 competentibus
1602 507 1771 551 cogimur,
1797 508 1927 543 durare
1944 508 2031 544 illud
2052 508 2225 544 facientes
2242 508 2374 542 inmor-

153 553 320 598 ηκόντων
332 554 567 602 ἐπειγόμεθα,
582 558 704 599 με’νειν
722 554 810 591 αὐτὸ
827 557 1015 591 ποιοῦντες
1029 554 1232 590 αθάνατον.
1300 553 1383 589 tale.
1441 552 1676 589 Constantino
1713 552 1806 588 enim
1847 554 1928 597 piae
1967 553 2158 589 memoriae
2197 555 2378 596 nongenta

154 602 438 634 Κωνσταντίνου
460 600 528 647 γὰρ
559 601 622 634 τοῦ
655 601 717 643 τῆς
746 599 912 645 εὐσεβοῦς
933 600 1065 644 λήξεως
1088 600 1231 634 ἐννακό-
1301 599 1484 643 octoginta
1507 597 1737 645 (ergasteria)
1768 608 1812 633 ex
1836 598 1983 634 diversis
2009 598 2219 643 corporibus
2242 596 2375 632 felicis-

154 655 217 678 σια
240 642 468 688 πεντήκοντα
487 642 704 693 ἐργαστήρια
728 647 765 679 ἐκ
785 644 972 698 διαφόρων
993 643 1232 690 συστημάτων
1248 648 1288 680 10
1300 644 1411 680 simae
1442 644 1548 679 huius
1582 643 1680 679 urbis
1711 642 1787 679 sine
1814 643 1958 678 tributis
1991 643 2099 678 dante
2130 642 2376 678 sanctissimae

153 690 214 732 τῆς
245 687 453 734 εὐδαίμονος
485 687 615 734 ταύτης
647 688 784 726 πόλεως
814 688 922 733 ἀτελη
954 688 1152 724 δεδωκότος
1187 691 1229 736 τῇ
1300 689 1426 725 maiori
1450 689 1638 729 ecclesiae,
1662 688 1857 724 Anastasio
1880 698 1963 723 vero
1987 688 2067 733 piae
2090 688 2281 723 memoriae
2304 697 2377 722 non

152 732 334 779 ἁγιωτάτῃ
365 734 499 782 μεγάλῃ
531 734 717 779 ἐκκλησία,
747 733 982 770 Ἀναστασίου
1016 733 1056 768 δὲ
1082 736 1146 769 τοῦ
1171 736 1232 777 τῆς
1300 735 1416 769 solum
1447 733 1651 778 ergasteriis
1683 734 1752 768 illis
1784 733 2042 778 quinquaginta
2074 736 2111 768 et
2140 735 2282 767 centum
2314 733 2376 768 ad-

153 771 321 823 εὐσεβοῦς
342 778 471 823 λήξεως
502 778 542 814 οὐ
567 779 680 824 μόνον
710 783 784 815 τοῖς
812 782 1056 828 ἐργαστηρίοις
1085 781 1232 814 ἐκείνοις
1299 779 1447 822 iciente,
1480 783 1516 814 et
1539 779 1691 814 reditum
1716 780 1852 814 certum
1874 779 2046 823 largiente
2069 787 2134 822 per
2158 777 2246 812 duas
2270 787 2375 822 prag-

152 822 379 867 πεντήκοντα
397 828 457 859 καὶ
478 824 608 859 ἑκατὸν
624 825 853 872 προςθέντος,
874 822 963 858 ἀλλὰ
980 828 1039 858 καὶ
1056 822 1232 870 πρόςοδον
1300 824 1449 860 maticas
1468 823 1613 866 formas,
1640 824 1806 877 quatinus
1828 823 1923 868 quod
1947 833 1991 859 ex
2008 824 2086 868 ipso
2111 822 2229 857 reditu
2244 823 2376 866 colligi-

153 868 265 913 ῥητὴν
295 868 623 915 φιλοτιμησαμένου
653 869 743 904 κατὰ
781 868 846 904 δύο
877 868 1142 925 πραγματικοὺς
1173 868 1231 902 τύ·
1247 872 1286 904 15
1300 872 1360 903 tur
1383 879 1510 904 aurum
1534 869 1701 913 proficiat
1725 869 1771 904 ad
1794 878 1848 912 ea,
1897 878 1965 904 uae
1989 868 2120 903 dantur
2143 877 2166 902 a
2190 867 2256 902 deo
2281 876 2376 901 ama-

152 925 250 955 πους,
275 912 335 959 ἐφ’
363 913 392 958 ᾧ
417 914 459 949 τὸ
484 917 523 949 ἐκ
552 916 614 958 τῆς
636 912 743 958 αὐτῆς
768 913 941 961 προςόδου
964 913 1232 960 αθροιζόμενον
1300 914 1431 948 bilibus
1456 914 1662 949 oeconomis
1686 914 1742 949 his
1775 914 1834 958 qui
1933 915 2002 949 hoc
2026 913 2210 953 laborant,
2235 912 2378 956 plurimi

151 962 298 1004 χρυσίον
321 963 522 1007 προχωρεῖν
550 961 598 994 εἰς
620 958 668 994 τοὶ
699 958 872 1004 διδόμενα
906 959 1008 1002 παρὰ
1036 961 1113 993 τῶν
1145 959 1230 992 θεο-
1299 958 1507 1003 plerumque
1531 959 1696 994 adierunt
1719 970 1784 995 nos
1817 959 1976 994 dicentes
2006 969 2080 994 non
2107 957 2269 993 similiter
2293 966 2377 991 cau-

152 1001 381 1048 φιλεστάτων
408 1002 611 1049 οἰκονόμων
641 1007 715 1039 τοῖς
738 1003 827 1051 πρὸς
853 1005 963 1039 τοῦτο
987 1006 1229 1048 πονουμένοις,
1299 1013 1376 1039 sam
1400 1004 1595 1048 procedere
1619 1014 1733 1048 neque
1753 1005 1829 1040 sine
1849 1004 2012 1039 mercede
2031 1003 2110 1039 fieri
2130 1002 2378 1038 defunctorum

152 1047 278 1082 πολλοὶ
319 1049 550 1093 πολλαχόθεν
591 1048 799 1097 προςῆλθον
840 1047 926 1094 ἡμῖν
963 1049 1125 1096 λε’γοντες
1168 1045 1230 1090 οὐχ
1299 1049 1486 1092 exequias,
1512 1049 1576 1083 sed
1599 1049 1691 1093 exigi
1715 1059 1852 1093 amare,
1882 1053 1919 1084 et
1942 1048 2091 1084 inveniri
2114 1047 2268 1092 plurima
2290 1046 2379 1082 foris

151 1092 282 1136 ὁμοίως
312 1094 355 1129 τὸ
379 1097 527 1142 πρᾶγμα
557 1097 722 1141 προὶὶἐναι
755 1092 836 1128 οὐδὲ
859 1093 1035 1139 ἀμίσθους
1058 1094 1230 1141 γίνεσθαι
1244 1095 1287 1127 20
1299 1093 1445 1128 nomina
1476 1097 1512 1128 et
1536 1104 1705 1138 corpora,
1739 1105 1830 1139 quae
1862 1094 1969 1129 etiam
1993 1095 2121 1130 invitos
2155 1093 2302 1136 exigunt
2324 1092 2378 1126 lu-

151 1137 214 1172 τὰς
236 1140 315 1173 τῶν
337 1139 594 1174 τελευτώντων
617 1137 769 1182 κηδείας,
795 1136 878 1173 ἀλλ’
906 1137 1148 1174 ἀπαιτεῖσθαι
1172 1150 1229 1173 πι-
1298 1140 1422 1182 gentes
1451 1141 1488 1173 et
1519 1142 1651 1182 cogunt
1683 1140 1769 1174 dare
1803 1150 1875 1174 non
1906 1140 2091 1175 habentes.
2138 1138 2239 1173 Haec
2262 1138 2381 1173 omnia

151 1184 262 1228 κριῦς,
293 1187 353 1217 καὶ
383 1183 616 1233 εὑρίσκεσθαι
647 1183 764 1219 πολλοὶ
795 1184 942 1224 ἔξωθεν
974 1181 1137 1228 ὀνόματα
1170 1186 1230 1217 καὶ
1299 1184 1433 1218 iustum
1470 1183 1705 1219 iudicavimus
1752 1185 1967 1230 competenti
2008 1184 2232 1220 correctione
2272 1182 2381 1226 digna

152 1227 374 1273 συστήματα,
398 1226 488 1276 ἅπερ
512 1233 572 1263 καὶ
594 1227 748 1263 ἄκοντας
770 1225 919 1263 ἀπαιτεῖ
945 1228 1028 1263 τοὺς
1050 1229 1230 1264 πενθοῦν-
1299 1228 1432 1264 facere.

152 1284 216 1307 τας
238 1277 298 1307 καὶ
322 1272 512 1321 ἀναγκάζει
537 1271 681 1307 διδόναι
709 1273 791 1309 τοὺ-ς
814 1272 876 1308 οὐκ
900 1276 1056 1317 ἔχοντας.
1110 1274 1230 1308 Ταῦτα

152 1314 300 1353 ἅπαντα
331 1317 471 1353 δίκαιον
500 1316 677 1363 ᾠήθημεν
710 1320 773 1363 τῆς
805 1319 1044 1367 προσηκούσης
1078 1320 1231 1365 ἐπανορ-
1245 1321 1289 1355 25

152 1362 308 1398 θώσεως
331 1362 494 1404 ἀξιῶσαι.

1163 1476 1319 1512 CAPUT
1346 1476 1375 1514 1.

210 1545 364 1589 Πρῶτον
392 1546 459 1588 μὲν
491 1537 556 1578 οὖν
586 1542 634 1579 τὰ
663 1543 756 1578 κατὰ
786 1544 832 1578 τὰ
856 1543 1073 1592 ἐργαστήρια
1096 1543 1233 1587 πολλὴν
1356 1544 1514 1580 Primum
1545 1544 1667 1588 itaque
1699 1552 1741 1578 ea
1765 1553 1855 1588 quae
1883 1554 1948 1589 per
1972 1544 2167 1588 ergasteria
2198 1544 2384 1589 plurimam

154 1586 329 1632 δεξάμενοι
358 1588 552 1634 ἐπιβουλὴν
583 1592 644 1623 καὶ
675 1588 877 1624 ἐλάττωσιν
907 1591 955 1624 εἰς
985 1589 1116 1636 πλῆρες
1145 1588 1232 1625 ἀπο·
1302 1590 1531 1635 susceperint
1562 1590 1755 1624 laesionem
1790 1592 1824 1623 et
1858 1589 2135 1625 deminutionem
2164 1591 2210 1625 ad
2241 1590 2385 1635 plenum

153 1632 423 1678 κατεστήσαμεν
454 1636 498 1682 τῇ
529 1631 715 1681 ἁγιωτάτῃ
745 1634 879 1683 μεγάλῃ
913 1634 1095 1679 ἐκκλησίᾳ,
1127 1635 1234 1669 θεῖον
1302 1635 1522 1670 restituimus
1561 1634 1810 1670 sanctissimae
1850 1635 1978 1670 maiori
2017 1635 2205 1679 ecclesiae,
2245 1645 2385 1670 sacram

153 1676 402 1724 inspffotwv
431 1679 635 1727 γράψαντες
652 1679 769 1715 τύπον
789 1679 877 1726 πρὸς
910 1679 977 1724 τὴν
1007 1679 1233 1727 πολιαρχίαν,
1247 1682 1290 1714 30
1302 1684 1450 1726 propter
1481 1679 1552 1715 hoc
1575 1679 1774 1715 scribentes
1798 1678 1949 1715 formam
1982 1680 2028 1715 ad
2057 1680 2157 1717 urbis
2181 1680 2384 1725 praefectu-

155 1722 215 1769 ἐφ’
235 1721 264 1767 ᾠ
286 1737 325 1758 τε
345 1721 458 1768 αὐτὴν
481 1721 556 1769 ἅμα
579 1726 624 1773 τῇ
649 1725 850 1773 πειθομένῃ
877 1723 966 1773 αὐτῇ
995 1725 1094 1766 τάξει
1118 1738 1232 1770 παρα·
1303 1735 1399 1768 ram,
1432 1725 1600 1770 quatinus
1624 1725 1705 1769 ipsa
1730 1735 1811 1759 cum
1836 1725 2047 1760 oboediente
2072 1725 2142 1761 sibi
2165 1725 2285 1761 officio
2310 1728 2384 1760 tra-

155 1767 281 1802 δοῦναι
300 1768 346 1803 τὰ
364 1769 461 1812 χίλια
482 1769 612 1804 ἑκατὸν
635 1769 853 1817 ἐργαστήρια
877 1772 966 1805 πᾶσι
989 1769 1137 1816 τρόποις
1161 1773 1234 1804 τοῖς
1304 1772 1404 1807 deret
1434 1771 1530 1806 mille
1569 1774 1711 1806 centum
1743 1771 1940 1814 ergasteria
1975 1770 2138 1806 omnibus
2173 1771 2287 1806 modis
2318 1771 2386 1806 deo

153 1813 448 1860 θεοφιλεστάτοις
472 1813 621 1849 έκδίκοις
652 1819 713 1849 καὶ
736 1815 935 1860 οἰκονόμοις
966 1817 1028 1859 τῆς
1051 1817 1235 1864 εἰρημένης
1303 1816 1554 1851 amantissimis
1577 1815 1750 1851 ecclesiae
1768 1814 2017 1851 defensoribus
2039 1819 2075 1851 et
2090 1816 2295 1852 oeconomis
2311 1826 2384 1850 me-

153 1856 353 1905 ἁγιωτάτης
374 1858 568 1903 ἐκκλησίας,
593 1858 818 1895 ὀκτακοσίων
841 1863 909 1906 μὲν
930 1862 970 1895 έν
990 1859 1160 1906 σώμασιν
1180 1863 1233 1906 ἐρ·
1302 1865 1463 1897 moratae
1483 1861 1731 1896 sanctissimae
1749 1861 1933 1904 ecclesiae,
1958 1861 2169 1906 octingentis
2192 1861 2333 1905 quidem
2348 1862 2386 1896 in

153 1908 363 1951 γαστηρίων
381 1907 640 1951 παρεχομένων
662 1908 736 1940 τοῖς
754 1904 1052 1952 θεοφιλεστάτοις
1071 1904 1233 1947 έκδίκοις,
1248 1908 1290 1942 35
1305 1907 1513 1951 corporibus
1538 1906 1813 1950 ergasteriorum
1844 1906 2056 1950 praebendis
2092 1907 2158 1942 deo
2183 1906 2385 1941 amantissi-

152 1953 373 1994 τριακοσίων
406 1948 446 1984 δε
468 1953 541 1984 τοῖς
564 1950 865 1995 θεοσεβεστάτοις
895 1951 1113 1996 οἰκονόμοις,
1148 1949 1236 1986 ὥςτε
1302 1952 1369 1987 mis
1394 1952 1567 1987 ecclesiae
1591 1950 1852 1993 defensoribus,
1884 1951 2055 1987 trecentis
2079 1954 2199 1987 autem
2230 1952 2288 1986 dei
2311 1952 2398 1988 cul-.

153 1993 234 2027 τοὺς
251 1993 554 2039 θεοσεβεστάτους
572 1992 779 2040 οἰκονόμους
797 1999 892 2039 ἔχειν
911 1996 957 2031 τοὶ
973 1995 1163 2041 τριακόσια
1180 1998 1233 2042 έρ-
1302 1997 1443 2033 toribus
1460 1996 1675 2039 oeconomis,
1697 2000 1738 2031 ut
1754 1995 1819 2031 deo
1838 1997 2010 2032 amabiles
2029 1997 2214 2033 oeconomi
2229 1997 2387 2032 habeant

151 2038 327 2086 γαστήρια
351 2043 410 2074 καὶ
433 2040 501 2083 τὴν
524 2039 700 2087 πρόςοδον
729 2040 796 2085 τὴν
819 2039 890 2076 ὑπὸ
912 2039 1150 2077 Ἀναστασίου
1170 2043 1234 2076 τοῦ
1303 2043 1564 2087 quadringenta
1587 2041 1781 2085 ergasteria
1805 2043 1842 2077 et
1864 2041 2017 2077 reditum
2043 2042 2089 2077 ab
2113 2042 2308 2077 Anastasio
2333 2042 2385 2077 di-

151 2085 214 2127 τῆς
235 2085 341 2119 θείας
369 2084 499 2129 λήξεως
522 2084 774 2134 δωρηθεῖσαν,
807 2084 872 2121 οὐκ
901 2089 957 2121 ἔτι
987 2089 1234 2133 μεμφομένους
1302 2097 1371 2123 vae
1394 2087 1587 2123 memoriae
1611 2086 1800 2130 donatum,
1833 2096 2059 2132 nequaquam
2082 2090 2271 2132 querentes
2294 2090 2385 2122 tam-

153 2197 409 2242 difficultatem
431 2199 653 2241 sustineant,
685 2199 747 2244 qui
770 2199 880 2234 simul
907 2203 942 2233 et
972 2209 1058 2233 suos
1089 2201 1259 2234 amittant
1290 2203 1324 2234 et
1348 2209 1472 2233 eorum
1502 2209 1614 2233 causa
1639 2198 1770 2233 damno
1796 2199 2023 2244 afficiantur,
2072 2199 2146 2234 Sed
2168 2200 2268 2245 quod
2295 2200 2385 2235 Con-

153 2243 333 2277 stantinus
354 2253 483 2278 sacrae
505 2243 698 2278 memoriae
728 2247 824 2279 recte
854 2244 1102 2288 excoqitatum
1133 2244 1317 2278 constituit
1349 2253 1394 2278 ac
1418 2246 1554 2288 postea
1577 2244 1794 2278 Anastasius
1820 2243 1908 2290 piae
1938 2244 2130 2279 memoriae
2159 2245 2387 2289 confirmavit

153 2287 272 2322 reditu
297 2298 440 2333 quoque
463 2287 497 2323 ei
514 2288 568 2323 rei
587 2287 741 2330 adiecto,
764 2287 804 2323 id
826 2299 894 2324 nos
917 2288 1000 2334 ipsi,
1025 2298 1104 2323 cum
1120 2288 1328 2334 perieulum
1352 2288 1399 2322 sit
1418 2298 1464 2322 ne
1483 2287 1689 2330 intercidat,
1713 2291 1750 2323 et
1771 2298 1990 2334 recuperare
2013 2293 2049 2324 et
2071 2290 2171 2324 omni
2191 2290 2386 2325 securitate

150 2332 356 2384 finibusque
385 2332 674 2368 convenientibus
704 2333 890 2379 impertire
917 2333 1067 2367 nitimur
1097 2337 1208 2378 atque
1236 2337 1278 2368 ut
1307 2335 1451 2367 maneat
1479 2332 1681 2367 immortale
1710 2332 1901 2384 efficimus·
1953 2333 2038 2369 Cum
2061 2334 2155 2368 enim
2182 2333 2384 2370 Constanti-

154 2387 224 2412 nus
246 2388 338 2423 piae
367 2378 559 2412 memoriae
590 2388 664 2412 non
691 2383 794 2413 entas
825 2378 1091 2429 quinquaqinta
1123 2377 1298 2422 officinas
1327 2387 1377 2412 ex
1406 2376 1558 2412 diversis
1588 2377 1752 2422 colteqiis
1786 2376 1893 2412 huius
1917 2377 2045 2429 felicis
2074 2378 2176 2414 urbis
2210 2378 2385 2415 immunes

154 2423 404 2457 sanctissimae
427 2433 582 2468 maqnae
601 2432 661 2457 ecc
676 2422 772 2457 esiae
796 2421 946 2464 dederit,
970 2422 1187 2457 Anastasius
1209 2426 1327 2457 autem
1344 2421 1436 2467 piae
1458 2421 1653 2457 memoriae
1677 2421 1839 2466 officinis
1869 2422 1943 2457 illis
1965 2433 2040 2458 non
2065 2423 2183 2458 solum
2207 2424 2383 2470 quinqua-

154 2468 258 2513 qinta
281 2471 318 2503 et
339 2472 479 2503 centum
503 2467 701 2509 addiderit,
731 2466 797 2502 sed
819 2467 927 2502 etiam
952 2471 1089 2502 certum
1111 2466 1265 2502 reditum
1291 2466 1447 2513 larqitus
1477 2466 1527 2501 sit
1547 2466 1743 2501 secundum
1767 2466 1860 2502 duas
1875 2467 2132 2513 praqmaticas
2162 2468 2382 2511 sanctiones,

180 2524 227 2548 uo
249 2512 406 2559 pecunia
436 2523 486 2548 ex
505 2523 547 2547 eo
571 2512 652 2558 ipso
673 2512 792 2547 reditu
824 2512 976 2547 collecta
1007 2511 1057 2547 ad
1086 2522 1130 2547 ea
1161 2511 1342 2547 redundet
1369 2521 1464 2557 quae
1487 2522 1511 2545 a
1533 2511 1600 2546 deo
1625 2511 1821 2546 carissimis
1851 2513 2055 2547 oeconomis
2087 2513 2222 2548 dantur
2252 2514 2298 2548 iis
2321 2514 2384 2559 qui

155 2524 238 2592 qmic
262 2558 318 2593 rei
340 2568 488 2603 operam
505 2560 718 2603 praestant:
740 2556 844 2591 multi
866 2556 1025 2602 undique
1047 2567 1116 2592 nos
1139 2556 1307 2592 adierunt
1355 2556 1394 2591 ui
1417 2556 1578 2591 dicerent
1598 2566 1673 2591 non
1696 2556 1844 2602 aequati
1866 2556 1972 2592 modo
1996 2568 2071 2592 rem
2086 2557 2300 2604 procedere,
2323 2569 2382 2594 ne-

155 2614 224 2648 que
254 2603 373 2648 qratis
400 2602 485 2647 fieri
514 2601 771 2647 defunctorum
802 2602 997 2648 exequias,
1027 2601 1094 2637 sed
1115 2601 1218 2647 exiqi
1240 2611 1325 2636 acer
1348 2611 1368 2636 e
1399 2605 1509 2647 atque
1539 2601 1653 2636 multa
1681 2601 1782 2646 foris
1804 2602 1957 2637 inveniri
1986 2602 2135 2638 nomina
2158 2607 2192 2638 et
2216 2603 2382 2650 colleqia,

154 2659 248 2694 quae
272 2651 307 2682 et
330 2658 353 2682 a
378 2647 583 2693 luqentibus
605 2647 727 2682 invitis
750 2647 906 2693 exiqant
927 2651 963 2682 et
984 2656 1048 2682 eos
1071 2648 1136 2692 qui
1156 2657 1230 2682 non
1254 2645 1387 2682 liabent
1410 2645 1499 2681 dare
1523 2649 1669 2692 coqant.
1730 2645 1832 2682 Haec
1856 2647 1979 2682 omnia
1999 2658 2073 2693 par
2096 2658 2171 2683 esse
2194 2648 2381 2684 existima-

154 2693 269 2728 vimus
292 2697 334 2727 ατ
355 2693 587 2728 conveniente
610 2691 858 2727 emendatione
882 2691 1127 2738 diqnaremur.

289 2738 317 2772 1.
365 2738 482 2783 Atque
507 2737 670 2783 primum
701 2736 843 2782 quidem
874 2747 918 2772 ea
951 2747 1045 2782 quae
1075 2736 1114 2771 in
1146 2735 1308 2782 officinis
1338 2735 1487 2771 multam
1497 2735 1688 2816 asraudem
1718 2747 1762 2772 ac
1786 2735 2056 2773 diminutionem
2080 2748 2199 2784 passa
2229 2741 2316 2774 sunt
2344 2740 2382 2775 in

154 2783 335 2829 inteqrum
358 2782 581 2817 restituimus
603 2782 851 2817 sanctissimae
874 2792 1028 2828 maqnae
1051 2781 1233 2824 ecclesiae,
1265 2791 1372 2817 sacra
1397 2780 1474 2826 leqe
1522 2792 1541 2816 e
1564 2791 1607 2816 ea
1631 2792 1672 2816 re
1695 2781 1745 2816 ad
1761 2782 2041 2827 praefecturam
2065 2783 2148 2818 urbi
2167 2784 2241 2819 seri
2270 2788 2318 2826 ta,
2341 2789 2383 2819 ut

155 2828 220 2863 itta
243 2838 317 2862 una
341 2838 421 2863 cum
445 2827 571 2872 officio
596 2827 694 2873 quod
716 2826 749 2862 ei
765 2830 880 2873 paret
901 2826 998 2861 mille
1021 2830 1160 2862 centum
1186 2827 1234 2871 of
1257 2826 1358 2860 cinas
1389 2825 1552 2860 omnibus
1579 2825 1696 2861 modis
1725 2826 1850 2861 tradat
1871 2826 1938 2862 deo
1960 2827 2159 2863 carissimis
2178 2828 2223 2864 de
2244 2829 2381 2864 ensori-

155 2872 222 2908 bus
245 2877 280 2908 et
303 2872 513 2907 oenonomis
543 2871 792 2907 sanctissimae
823 2882 932 2923 quam
963 2871 1124 2907 diximus
1154 2881 1214 2906 ecc
1229 2871 1340 2912 esiae,
1374 2881 1423 2906 ex
1446 2870 1576 2915 quibus
1606 2871 1835 2917 octinqentae
1866 2870 2009 2916 quidem
2033 2872 2208 2918 officinae
2230 2873 2269 2908 in
2291 2873 2382 2920 ipsis

156 2917 370 2963 corporibus
386 2916 637 2963 praebeantur
660 2916 726 2952 deo
751 2916 948 2951 carissimis
970 2915 1242 2961 defensoribus,
1279 2918 1460 2950 trecentae
1489 2925 1574 2950 vero
1597 2915 1880 2961 religiosissimis
1904 2918 2128 2960 oeconomis,
2158 2918 2211 2954 ita
2234 2922 2276 2954 ut
2296 2919 2379 2954 reli—

155 2962 351 3009 qiosissimi
374 2962 557 3004 oeconomi
588 2964 766 2997 trecentas
790 2961 962 3006 officinas
993 2964 1029 2997 et
1058 2960 1213 2996 reditum
1237 2959 1280 2995 ab
1305 2960 1500 2996 Anastasio
1524 2969 1653 2996 sacrae
1674 2961 1868 2996 memoriae
1891 2961 2066 2997 donatum
2090 2962 2264 3006 babeant,
2295 2974 2382 2999 neve

195 3072 318 3119 2ὑπὲρ
332 3070 466 3115 αὐτῶν]
479 3086 539 3117 pro
552 3086 586 3107 se
599 3087 618 3111 ς
635 3075 646 3119 ΙΙ
665 3077 778 3107 Kamo-
786 3075 946 3107 ται-τῖφος
956 3075 1011 3116 (cf
1023 3088 1092 3107 nov.
1106 3076 1239 3108 XLIII
1354 3075 1367 3106 1
1395 3073 1527 3104 amittat
1551 3073 1581 3105 V
1600 3069 1778 3104 admittant
1802 3088 1817 3106 ν
1833 3074 1845 3117 Η
1864 3078 1973 3106 autem
1997 3075 2097 3107 simul
2120 3075 2152 3108 V
2167 3075 2179 3118 ΙΙ
2207 3078 2282 3119 2ςᾳ.
2307 3078 2381 3118 piae

153 3133 219 3164 pr.‚
242 3121 364 3153 Leonis
385 3131 456 3152 nov.
479 3120 560 3154 XII
562 3122 585 3162 )]
610 3122 702 3153 immo
726 3120 893 3152 Honorius
919 3127 948 3152 et
975 3119 1173 3153 Theodosius
1195 3120 1241 3152 II
1303 3117 1481 3150 memoriae
1505 3135 1549 3140 --
1572 3118 1769 3150 Anastasius
1794 3131 1852 3151 om.
1867 3131 1884 3151 r
1906 3118 1919 3162 ΙΙ
1949 3120 1969 3152 3
1994 3121 2187 3160 retraetans]
2214 3123 2302 3154 recte
2326 3132 2380 3155 co-

161 3166 238 3198 C'od.
255 3166 286 3206 1,
304 3171 331 3205 2,
353 3171 368 3197 4
395 3163 408 3208 ΙΙ
441 3166 464 3198 4
485 3161 721 3198 Ἀναστάσιος
744 3165 821 3207 (vid.
847 3176 917 3198 nov.
939 3164 1076 3198 XLIII
1088 3165 1166 3208 pr.)]
1192 3166 1234 3208 cf.
1303 3163 1414 3204 gitans
1437 3162 1524 3205 vuly.
1549 3161 1561 3204 ΙΙ
1589 3163 1611 3195 4
1634 3162 1743 3195 aditus
1767 3175 1785 3195 r
1810 3163 1822 3205 ΙΙ
1849 3164 1869 3195 5
1893 3164 1974 3196 haec
1998 3177 2016 3196 r
2041 3165 2053 3207 ΙΙ
2084 3165 2105 3198 6
2126 3165 2287 3198 terminus
2318 3166 2374 3224 Vl

161 3211 239 3243 Cod.
256 3211 286 3247 1,
300 3216 328 3248 2,
343 3216 374 3242 18
397 3215 428 3242 et
468 3221 528 3242 uae
548 3211 596 3242 ibi
614 3217 643 3242 et
662 3210 741 3243 Cod.
759 3210 810 3250 11,
823 3216 856 3242 18
872 3210 1040 3242 adnotavit
1051 3209 1205 3254 Krueyer
1224 3208 1235 3253 Η
1305 3210 1323 3241 7
1348 3207 1446 3239 illum
1471 3220 1488 3239 r
1505 3206 1517 3249 ΙΙ
1543 3207 1562 3240 8
1587 3207 1765 3248 nongentis
1790 3208 1867 3241 libri
1881 3207 1893 3251 ΙΙ
1919 3210 1940 3241 9
1964 3209 2143 3250 ergasteria
2166 3211 2244 3244 add.
2257 3212 2344 3255 vuly.
2369 3226 2372 3254 Ι

158 3256 179 3288 6
199 3250 286 3286 αὐτὸ
306 3254 338 3286 L
354 3254 366 3296 ΙΙ
384 3221 605 3286 κινδυνεύων
618 3255 649 3287 L
673 3250 938 3287 κινδυνεύοντες
953 3253 1019 3286 Ma
1038 3252 1049 3297 ΙΙ
1071 3256 1091 3288 7
1108 3253 1233 3297 *μετα-
1306 3254 1344 3286 11
1360 3252 1494 3284 maioris
1513 3250 1568 3295 17ss
1586 3252 1627 3285 12
1639 3251 1709 3284 illis
1722 3264 1779 3285 om.
1790 3265 1807 3285 r
1818 3250 1831 3296 ΙΙ
1842 3253 2026 3286 additiente
2039 3254 2267 3296 (additientem
2286 3269 2303 3289 r
2310 3258 2380 3299 pr.)

158 3296 297 3339 δοῦναι]
322 3295 448 3331 δοῦναι
467 3297 556 3341 μετὰ
578 3299 654 3332 libri
667 3298 680 3342 ΙΙ
699 3300 719 3332 9
745 3294 915 3331 ἐνακόσια
934 3299 967 3332 L
985 3297 997 3341 ΙΙ
1024 3300 1066 3332 14
1088 3295 1175 3332 ἀλλὰ
1189 3300 1231 3339 L]
1304 3310 1321 3330 r
1339 3298 1373 3330 V
1390 3297 1402 3340 ΙΙ
1434 3298 1474 3330 13
1500 3299 1531 3329 et
1555 3309 1573 3328 r
1590 3296 1636 3338 V]
1667 3297 1723 3329 sed
1753 3298 1786 3330 et
1816 3298 1901 3341 vulq.
1933 3297 1946 3341 ΙΙ
1973 3298 2140 3331 redditum
2165 3300 2243 3334 libri
2269 3301 2312 3343 (et
2333 3303 2381 3335 sie

159 3357 217 3377 om.
233 3344 277 3376 M
280 3356 298 3380 ς
323 3343 335 3386 ΙΙ
363 3345 403 3377 18
427 3341 545 3376 οἰκονό
560 3345 640 3384 ιων]
666 3341 877 3377 ἐπισκόπων
888 3344 939 3376 L¹⁸
968 3347 981 3387 ss
1010 3345 1051 3377 25
1070 3344 1219 3389 έπανωρ
1305 3343 1448 3385 saepius)
1467 3341 1479 3382 11
1505 3341 1545 3374 16
1567 3342 1738 3383 yconomis
1757 3355 1774 3375 r
1797 3342 1978 3385 yconomiis
1999 3343 2035 3376 V
2049 3342 2062 3387 ΙΙ
2080 3344 2161 3376 haec
2185 3358 2202 3378 r
2217 3344 2230 3389 ΙΙ
2255 3347 2296 3380 17
2321 3356 2381 3379 nos

158 3386 312 3422 θ’ώσεως
326 3389 367 3421 Μ
372 3387 386 3408 ⁰
402 3387 414 3431 ΙΙ
442 3390 483 3422 30
508 3390 635 3429 τυπον]
660 3401 730 3421 που.
745 3388 880 3421 XLIII
898 3387 911 3431 11
928 3385 1042 3421 nol-va
1066 3390 1206 3430 χίανΜ
1224 3388 1233 3432 Ιῐ
1306 3400 1362 3420 om.
1378 3400 1395 3419 r
1423 3386 1436 3429 ΙΙ
1466 3387 1506 3419 18
1530 3386 1744 3428 proaccedere
1760 3387 1793 3420 V
1822 3387 1834 3430 ΙΙ
1863 3389 1904 3421 19
1928 3387 2077 3420 inueniri
2103 3389 2151 3430 V]
2186 3389 2340 3424 inuenire
2363 3405 2381 3424 r

159 3435 202 3468 33
221 3435 299 3466 ταῖς
320 3433 518 3478 εἰρημέναις
537 3429 754 3478 ἁγιωτάταις
777 3430 976 3474 ἐκκλησίαις
995 3433 1027 3466 L
1044 3433 1049 3477 Ι
1081 3435 1122 3468 37
1147 3433 1232 3467 &eo—
1304 3433 1390 3474 vulg.
1409 3430 1422 3473 11
1438 3432 1481 3464 20
1497 3431 1627 3463 inuitus
1648 3444 1665 3463 r
1682 3431 1740 3475 Vss
1756 3432 1798 3465 23
1817 3432 1940 3465 faceret
1960 3431 2014 3484 Vll
2034 3434 2076 3466 27
2092 3433 2142 3465 ita
2161 3433 2217 3479 Vss
2234 3435 2382 3477 plurima

159 3475 392 3521 σεβεστάτους
416 3479 472 3519 M]
508 3475 809 3522 θεοφιλεστάτους
832 3478 891 3514 L:
921 3477 934 3521 ΙΙ
965 3477 1012 3510 τὰ
1033 3475 1233 3524 τριακόσια]
1304 3490 1321 3509 r
1336 3476 1452 3519 71128
1477 3475 1732 3508 diminutionem
1756 3489 1773 3509 r
1791 3475 1803 3521 ΙΙ
1827 3478 1870 3510 29
1894 3477 2029 3509 maioris
2050 3477 2106 3522 VH
2129 3479 2173 3513 30
2195 3483 2331 3523 propter
2351 3483 2380 3522 r]

159 3523 404 3565 quadringenta
426 3524 460 3564 (i.
480 3535 505 3556 e.
530 3520 760 3566 τετρακόσια)Ι
781 3533 801 3558 ς
1303 3532 1361 3563 per
1383 3522 1412 3554 V
1425 3519 1437 3563 ΙΙ
1457 3522 1497 3554 31
1511 3520 1701 3554 obedientes
1721 3521 1775 3564 Vss
1794 3523 1837 3555 32
1856 3522 1959 3564 mille]
1980 3522 2072 3555 nulle
2090 3536 2107 3556 r
2124 3522 2138 3568 ΙΙ
2153 3525 2196 3558 33
2216 3527 2382 3559 economis

731 3570 734 3574 ’
775 3585 779 3589 -
1303 3568 1334 3607 (e
1351 3567 1448 3607 eras.)
1469 3578 1487 3597 r
1517 3566 1698 3608 yconomiis
1719 3567 1753 3599 V
1772 3566 1785 3610 ΙΙ
1816 3568 1856 3601 35
1880 3567 2097 3609 ergastiorum
2121 3582 2139 3602 r
2164 3569 2176 3612 ΙΙ
2206 3571 2250 3604 36
2270 3571 2382 3604 defen-

1303 3611 1385 3642 soris
1406 3611 1459 3643 Va
1481 3610 1707 3643 defensoribus
1720 3613 1753 3643 et
1769 3612 1934 3644 economis
1954 3625 1972 3645 r
1979 3625 2033 3656 pr.
2052 3611 2065 3657 ΙΙ
2080 3614 2122 3648 37
2136 3616 2336 3649 oeconomiis
2356 3617 2390 3650 V

1306 3655 1495 3687 ueonomis
1519 3669 1536 3688 r
1543 3667 1597 3699 pr.
1626 3655 1638 3699 ΙΙ
1666 3658 1715 3696 ut]
1741 3657 1774 3688 et
1797 3670 1814 3690 r
1840 3656 1853 3701 ΙΙ
1882 3657 2066 3690 oeconomii
2085 3658 2122 3693 V
2138 3662 2308 3694 eoconomi
2330 3674 2349 3695 r
2370 3661 2383 3705 ΙΙ

1306 3702 1348 3734 38
1374 3700 1593 3742 quadrigenta
1613 3701 1648 3734 V
1671 3700 1735 3734 XL
1760 3714 1789 3744 r,
1820 3703 1969 3735 trecenta
1991 3703 2080 3748 ναῖς.
