2618 4010
131 161 438 194 CAPPADOGIAE
1210 145 1294 192 227
1972 148 2079 192 Nov.
2110 147 2236 190 XXX
2266 150 2304 190 4.
2337 150 2361 189 5

132 259 168 297 ὃς
190 263 245 305 τῷ
269 260 368 317 πράγ
396 273 456 296 ατι
478 258 645 307 χρήσεται
665 260 922 309 προςηκόντως,
949 257 1037 297 (itm
1052 257 1142 306 μήτε
1162 258 1206 296 τὸ
1279 260 1340 306 qui
1373 270 1483 297 causa
1515 261 1639 295 utatur
1670 262 1923 304 competenter,
1956 262 1997 294 ut
2027 270 2093 294 nec
2123 259 2268 304 publico
2295 269 2360 295 no-

133 305 306 351 δημόσιον
328 320 351 340 α
376 307 534 340 ικεῖσθαι
566 305 627 341 διὰ
654 306 722 349 τὴν
745 305 944 342 ἀσθένειαν
973 306 1041 351 τὴν
1071 308 1207 341 ἐκείνου
1280 307 1405 341 ceatur
1433 309 1580 351 propter
1604 305 1870 340 invalitudinem
1895 305 1991 340 illius
2024 315 2139 350 neque
2171 306 2231 340 ille
2257 305 2362 340 cadat

131 351 221 397 μήτε
253 353 389 386 ἐκεῖνον
420 353 608 387 ἐκπίπτειν
640 353 701 393 τῆς
734 354 771 385 ἐκ
803 354 866 386 τοῦ
899 352 1029 399 χρόνου
1060 353 1206 387 καὶτοῦ
1280 351 1450 396 temporis
1489 351 1691 395 gradusque
1731 351 1885 394 solacio;
1929 350 2086 395 periculo
2123 351 2254 396 quippe
2289 354 2361 386 tre-

132 397 283 442 βαθμοῦ
307 397 553 442 παραμυθίας,
579 395 714 440 δηλαδὴ
733 396 889 441 κινδύνῳ
910 400 987 432 τῶν
1008 396 1210 443 δεκατριῶν
1281 397 1394 431 decim
1419 397 1668 441 magistrorum
1694 397 1729 430 et
1750 396 1900 430 aliorum
1923 396 1982 440 qui
2006 399 2088 439 post
2111 406 2172 430 eos
2195 399 2278 430 sunt
2298 396 2361 430 ad-

133 445 363 489 μαγιστέρων
386 445 445 476 καὶ
469 443 548 476 τῶν
571 441 692 476 ἄλλων
715 444 793 477 τῶν
816 441 897 486 μετ’
919 442 1045 477 αὐτοὺς
1069 444 1130 485 τῆς
1145 444 1210 477 τοῦ
1248 442 1409 477 5iutoris
1440 442 1516 477 eius
1547 441 1605 486 qui
1637 452 1709 476 non
1741 441 1789 475 ad
1820 441 1888 475 hoc
1922 443 2145 484 opportunus
2177 444 2233 476 est
2269 442 2362 476 ordi-

133 487 275 532 βοηθοῦ
299 488 362 521 τοῦ
383 486 432 531 μὴ
453 485 540 531 πρὸς
563 489 670 521 τοῦτο
696 487 898 531 ἐπιτηδείου
920 487 1097 534 προβολῆς
1116 501 1210 535 γινο-
1281 488 1426 522 natione
1464 487 1646 530 facienda,
1689 486 1782 521 Sicut
1822 486 1956 520 dictum
1992 490 2057 520 est.
2120 487 2169 520 Et
2200 496 2363 530 magnam

133 535 256 577 με’νης,
288 529 335 566 ιὸς
358 532 504 579 εἴρηται.
554 535 627 566 Καὶ
651 532 809 579 μεγάλην
840 532 924 577 ἡμῖν
949 532 1029 567 τοὺς
1053 535 1131 566 τῶν
1156 531 1214 576 δη·
1285 532 1388 569 nobis
1423 531 1599 567 fiscalium
1636 535 1821 567 exactores
1859 531 1988 566 debent
2022 531 2172 574 gratiam
2203 532 2364 575 profiteri

133 581 274 622 μοσίων
298 576 499 623 πράκτορας
531 575 648 620 δεήσει
679 578 784 625 χάριν
815 576 1001 625 ὁμολογεῖν
1033 577 1214 613 ἀπαλλάτ-
1285 578 1518 613 liberantibus
1556 587 1617 613 eos
1648 577 1810 622 plurimis
1847 576 1916 611 illis
1948 576 2103 618 damnis,
2138 587 2227 620 quae
2264 577 2363 621 prius

134 635 260 657 τουσιν
281 620 409 657 αὐτοὺς
429 625 506 657 τῶν
526 622 672 657 πολλῶν
694 626 843 658 ἐκείνων
864 625 1003 667 ζημιῶν
1024 621 1063 657 ἃς
1083 625 1214 669 ὲμπρο·
1285 623 1462 667 magistris
1483 623 1706 666 praebebant
1729 625 1766 657 et
1784 631 1848 667 per
1867 625 2008 665 tempus
2030 622 2218 665 spectabili
2244 622 2364 656 comiti

135 668 230 702 σθεν
254 670 327 702 τοῖς
349 671 562 715 μαγίστερσι
586 671 767 712 παρέσχον
797 671 856 702 καὶ
886 670 939 711 τῷ
974 668 1065 702 κατὰ
1088 669 1216 713 καιρὸν
1233 672 1272 703 10
1286 673 1320 703 et
1346 668 1421 703 eius
1447 668 1576 703 officio.
1626 667 1777 712 Propter
1801 667 1869 701 hoc
1902 667 1995 701 enim
2028 677 2087 701 eos
2119 666 2175 701 his
2201 667 2364 701 omnibus

135 712 367 759 περιβλε’πτῳ
399 712 527 756 κόμητι
558 717 617 747 καὶ
649 715 694 759 τῇ
725 711 834 747 αὐτοῦ
866 713 976 753 τάξει.
1024 712 1084 747 διὰ
1107 716 1215 747 τοῦτο
1284 714 1523 755 liberavimus,
1547 715 1590 748 ut
1612 723 1678 748 nec
1702 712 1769 757 ipsi
1794 712 1966 747 subiectis
1990 714 2144 746 noceant
2168 722 2234 746 nec
2260 722 2363 747 occa-

137 756 175 792 δὲ
199 756 325 792 αὐτοὺς
347 756 490 792 τούτων
522 757 699 793 ἁπάντων
722 755 1037 803 ἠλευθερώσαμεν,
1069 759 1128 792 ἵνα
1152 772 1215 802 μη-
1285 759 1402 793 siones
1436 759 1535 800 illas,
1573 768 1661 803 quas
1697 758 1743 793 ad
1780 758 1994 792 calumniam
2029 756 2281 799 excogitabant
2311 757 2364 791 in-

136 801 175 837 δὲ
199 800 302 838 αὐτοὶ
334 802 415 837 τούς
446 802 625 838 ὑποτελεῖς
653 801 812 837 ἀδικοῖεν
844 801 903 837 διὰ
936 802 997 837 τὰς
1023 802 1218 850 προφάσεις
1286 803 1395 838 troita
1427 807 1463 838 et
1493 803 1565 838 alia
1596 803 1882 846 denominantes,
1916 802 2154 847 agricolarum
2179 802 2366 836 destruant

136 851 270 883 ἐκείνας
301 845 340 882 ἃς
370 849 417 882 εἰς
449 847 621 894 ἐπήρειαν
651 850 878 883 ἐπινοοῦντες
909 848 1057 883 introita
1087 862 1126 882 τε
1157 852 1217 882 καὶ
1286 849 1404 892 vitam,
1439 849 1504 883 sed
1527 849 1611 884 solis
1637 849 1797 884 contenti
1830 858 1921 892 quae
1945 848 2163 892 praebentur
2187 847 2364 881 exactori-

136 896 239 936 ἔτερα
255 891 490 938 ὀνομάζοντες
511 895 576 929 τὸν
597 895 675 929 τῶν
694 895 869 940 γεωργῶν
885 893 1101 928 καταλύουσι
1122 897 1214 937 βίον,
1232 897 1271 930 15
1286 893 1354 928 bus
1380 894 1574 929 secundum
1598 894 1749 929 formam
1765 894 1914 930 Nicetae
1936 894 2054 929 clarae
2074 892 2265 928 memoriae
2287 892 2366 927 aliis

135 937 225 973 ἀλλὰ
254 938 377 983 μόνοις
407 936 619 985 ἀρκούμενοι
652 942 725 973 τοῖς
756 942 1011 983 παρεχομένοις
1042 942 1115 973 τοῖς
1140 941 1215 973 ἐπι·
1285 938 1449 974 omnibus
1474 939 1690 975 abstineant.

136 983 283 1029 τρόποις
312 983 404 1018 κατὰ
435 986 502 1019 τὸν
532 982 647 1019 τύπον
679 984 838 1026 Νικητοῦ
869 985 933 1017 τοῦ
966 985 1027 1027 τῆς
1053 983 1216 1030 λαμπρᾶς

136 1028 274 1074 μνήμης
296 1030 373 1064 τῶν
397 1029 518 1065 ἄλλων
541 1028 718 1064 ἁπάντων
740 1026 942 1071 ἀπέχοιντο.

1137 1118 1294 1154 CAPUT
1320 1118 1363 1154 V.

198 1176 312 1222 Αὐτῷ
351 1176 391 1212 δὲ
427 1177 481 1219 τῷ
522 1173 752 1221 περιβλέπτῳ
791 1172 999 1218 ἀνθυπάτῳ
1040 1174 1215 1209 ἁπάντων
1329 1175 1402 1219 Ipsi
1422 1184 1562 1219 quoque
1583 1175 1772 1219 spectabili
1795 1175 2004 1220 proconsuli
2031 1175 2191 1210 similiter
2212 1174 2368 1210 omnium

137 1221 269 1267 ὁμοίως
300 1226 402 1256 ἔσται
427 1225 587 1267 φροντίς,
622 1221 692 1254 εἴτε
717 1218 938 1264 καθεστήκοι
971 1234 1006 1254 τι
1030 1219 1216 1256 πολιτικὸν
1230 1224 1271 1256 20
1285 1221 1352 1255 erit
1384 1231 1484 1263 cura,
1520 1221 1592 1255 sive
1624 1220 1671 1255 sit
1703 1221 1836 1265 aliquid
1869 1221 1969 1256 civile
2001 1221 2073 1256 Sive
2104 1221 2150 1255 ad
2181 1220 2368 1255 militarem

138 1270 209 1303 εἴτε
233 1269 280 1301 εἰς
303 1266 370 1309 τὴν
391 1264 658 1310 στρατιωτικὴν
681 1263 793 1310 ἀρχὴν
817 1266 887 1299 εἴτε
912 1266 960 1299 εἰς
982 1264 1050 1309 τὴν
1070 1279 1215 1310 ταμεια-
1285 1265 1628 1301 administrationem
1659 1266 1732 1300 Sive
1766 1267 1812 1301 ad
1847 1266 1976 1301 aerarii
2007 1268 2223 1310 potestatem
2254 1266 2366 1311 respi-

137 1313 201 1356 κὴν
227 1313 391 1352 ἐξουσίαν
413 1310 561 1355 βλέπον,
586 1313 646 1344 καὶ
670 1309 814 1345 οὐδενὸς
837 1309 1003 1355 ἀμελήσει
1028 1312 1107 1345 τῶν
1127 1310 1216 1345 πάν-
1286 1312 1393 1354 ciens,
1420 1314 1455 1345 et
1479 1311 1611 1345 nullius
1636 1311 1798 1354 neglegat
1820 1311 1985 1352 omnium,
2012 1312 2179 1355 quoniam
2202 1314 2238 1346 et
2256 1313 2366 1346 maio-

136 1371 223 1399 των,
249 1354 372 1400 ἐπειδὴ
396 1359 455 1390 καὶ
479 1358 628 1401 μείζονα
660 1357 738 1390 τῶν
761 1355 883 1390 ἄλλων
908 1356 1067 1404 ἄρχοντα
1090 1355 1216 1390 δοῦναι
1285 1367 1360 1391 rem
1385 1356 1535 1391 aliorum
1554 1356 1707 1390 iudicem
1733 1356 1819 1391 dare
1840 1357 1919 1391 loco
1938 1356 2112 1391 volumus.
2162 1357 2250 1391 Cum
2273 1357 2368 1391 enim

135 1404 188 1446 τῷ
214 1402 318 1445 τόπῳ
343 1401 562 1447 βουλόμεθα.
609 1405 869 1446 νενομισμένον
899 1401 966 1449 γὰρ
997 1404 1071 1435 τοῖς
1101 1399 1216 1437 πάλαι
1285 1403 1429 1437 solitum
1469 1401 1578 1436 fuerit
1616 1401 1811 1445 antiquitus
1848 1401 2018 1436 Romanis
2059 1402 2260 1446 provincias
2303 1402 2366 1436 ad-

135 1445 318 1493 Ῥωμαίοις
349 1444 392 1481 ὂν
421 1447 483 1481 τὰς
515 1449 685 1491 ἐπαρχίας
718 1446 945 1493 ἀποκληροῦν
976 1444 998 1490 ἢ
1026 1450 1099 1481 τοῖς
1120 1451 1270 1494 >wo-25
1287 1448 1429 1491 signare
1464 1451 1527 1481 aut
1560 1446 1669 1481 factis
1708 1446 1915 1482 consulibus
1951 1450 2013 1481 aut
2047 1457 2113 1491 pro
2149 1447 2218 1481 illis
2250 1447 2367 1482 missis

136 1497 254 1538 μένοις
277 1491 425 1528 ὑπάτοις
448 1491 469 1534 ἢ
492 1496 565 1526 τοῖς
593 1489 677 1526 ἀντ’
705 1494 855 1526 ἐκείνων
877 1491 1132 1536 στελλομένοις,
1158 1489 1215 1526 οὓς
1287 1503 1376 1537 quos
1409 1492 1641 1536 proconsules
1672 1493 1861 1535 vocabant,
1895 1497 2086 1537 propterea
2119 1496 2154 1527 et
2180 1492 2365 1537 Cappado-

136 1536 368 1573 άνθυπάτους
392 1536 552 1579 ἐκάλουν,
578 1535 637 1571 διὰ
661 1538 768 1572 τοῦτο
793 1541 851 1571 καὶ
872 1536 1216 1580 τὴνψΚαππαδοκῶν
1287 1549 1409 1573 corum
1427 1537 1672 1581 magistratum
1690 1538 1985 1581 proconsularem
2001 1548 2079 1573 esse
2094 1538 2273 1573 volumus:
2298 1549 2367 1582 quo

136 1582 248 1628 ἀρχὴν
271 1582 527 1618 ἀνθυπατείαν
550 1583 643 1617 εἶναι
667 1581 896 1627 βουλόμεθα·
930 1582 1028 1629 ᾑτινι
1050 1579 1216 1627 κΡωμαῖοι
1285 1583 1441 1618 Romani
1464 1583 1565 1628 prius
1590 1584 1627 1617 in
1651 1583 1776 1618 Africa
1799 1583 1978 1627 cingulum
2000 1587 2233 1626 ornaverunt,
2265 1594 2368 1628 quem

137 1627 315 1674 πρότερον
336 1628 403 1672 τὴν
425 1630 464 1662 ἐν
480 1628 626 1675 Ἀφρικῇ
648 1628 890 1672 κατεκόσμουν
906 1624 1028 1673 ἀρχήν,
1055 1625 1101 1671 ἣν
1120 1625 1216 1673 ἡμεῖς
1286 1639 1352 1664 nos
1376 1639 1472 1663 nunc
1496 1631 1636 1663 tantum
1661 1629 1836 1671 auximus,
1862 1632 1903 1663 ut
1927 1628 2107 1674 accipiens
2132 1639 2212 1663 eum
2236 1629 2366 1673 glorio-

135 1675 203 1708 νῦν
236 1675 411 1708 τοσοῦτον
443 1672 658 1718 ηὐξήσαμεν,
695 1670 742 1708 ὠς
776 1672 843 1708 τὸν
878 1672 1215 1719 παραλαμβάνοντα
1230 1677 1271 1709 30
1286 1674 1436 1710 sissimis
1461 1673 1649 1719 praefectis
1672 1684 1856 1709 sacrorum
1880 1678 2083 1710 nostrorum
2107 1675 2368 1718 praetoriorum

136 1716 273 1762 ταύτην
302 1723 375 1753 τοῖς
399 1717 645 1759 ἐνδοξοτάτοις
675 1717 839 1766 ἐπάρχοις
868 1720 947 1752 τῶν
978 1719 1086 1765 ἱερῶν
1111 1717 1216 1763 ἡμῶν
1285 1722 1574 1755 connumeretur.
1613 1719 1842 1764 Voceturque
1866 1719 1972 1754 huius
1999 1723 2118 1754 rector
2141 1719 2259 1764 patria
2282 1730 2368 1754 voce

137 1765 407 1811 συναριθμῆσαι
443 1768 689 1810 πραιτωρίων.
736 1763 923 1798 καλείσθω
958 1778 997 1798 τε
1033 1761 1052 1798 ὁ
1084 1762 1216 1807 ταύτης
1283 1765 1479 1810 proconsul
1495 1764 1717 1799 Iustinianus
1731 1765 1989 1810 Cappadociae,
2016 1767 2055 1800 ut
2080 1768 2114 1799 et
2138 1765 2366 1809 magistratus

136 1807 324 1856 ἡγούμενος
360 1811 403 1858 τῇ
440 1813 583 1854 πατρίῳ
621 1810 725 1856 φωνῇ
766 1811 961 1854 proconsul
994 1810 1215 1845 Iustinianus
1283 1811 1415 1845 habeat
1440 1810 1535 1854 quod
1558 1820 1661 1845 suum
1686 1813 1740 1845 est
1771 1812 1806 1844 et
1834 1810 1894 1854 qui
1918 1810 2100 1855 praesidet
2121 1810 2261 1854 cingulo
2283 1821 2367 1845 con-

137 1855 404 1900 Cappadociae,
436 1852 522 1889 ὥςτε
546 1857 604 1888 καὶ
629 1855 670 1889 τὸ
695 1856 756 1897 τῆς
778 1852 884 1900 ἀρχῆς
906 1857 1001 1897 ἔχειν
1031 1853 1126 1889 ἴδιον
1156 1858 1217 1888 καὶ
1285 1856 1487 1891 nominetur
1511 1865 1654 1890 causae.
1703 1855 1881 1901 Suscipiet
1902 1856 1994 1891 enim
2016 1856 2076 1900 qui
2098 1856 2278 1899 cingulum
2303 1855 2366 1890 ob-

136 1899 201 1934 τὸν
231 1901 428 1957 ἀρχηγέτην
460 1899 716 1944 συνονομάζειν
744 1903 797 1943 τῷ
830 1899 1025 1946 πράγματι.
1074 1899 1216 1941 δέξαιτο
1230 1904 1271 1936 35
1285 1901 1374 1936 tinet
1399 1902 1506 1936 talem
1530 1900 1692 1935 habitum
1714 1900 1839 1945 facile3
1876 1912 1958 1936 nam
1990 1905 2026 1936 et
2049 1901 2236 1945 plurimam
2260 1901 2368 1936 habet

136 1945 204 1992 γὰρ
236 1943 280 1980 ἂν
311 1959 330 1980 ο
354 1948 415 1989 τῆς
445 1943 550 1990 ἀρχῆς
581 1947 727 1992 κρατῶν
758 1945 800 1979 τὸ
826 1948 990 1980 τοιοῦτον
1015 1947 1130 1991 σχῆμα
1155 1947 1217 1991 ῥα-
1286 1950 1511 1992 potestatem,
1539 1948 1723 1981 extensam
1745 1947 1935 1982 occasione
1957 1947 2116 1981 aerariae
2133 1946 2368 1991 possessionis

138 1990 241 2034 δίως,
273 1994 349 2025 ἐπεὶ
374 1995 433 2025 καὶ
458 1990 593 2033 πολλὴν
624 1993 695 2033 ἔχει
719 1989 786 2034 τὴν
810 1991 987 2033 ἐξουσίαν,
1020 1993 1216 2036 ἐκτεινομέ-
1287 1995 1323 2028 et
1347 1993 1392 2027 ad
1416 1993 1496 2027 loca
1521 1991 1603 2033 alia,
1630 1995 1665 2025 et
1689 1992 1832 2027 omnino
1858 1993 1926 2026 erit
1949 1993 2080 2027 decora
2103 1992 2213 2026 tantis
2234 1992 2368 2036 praesi-

136 2049 204 2078 νην
229 2035 405 2083 προφάσει
436 2037 496 2078 τῆς
525 2037 716 2080 ταμειακῆς
747 2035 903 2080 κτήσεως
929 2040 988 2070 καὶ
1013 2037 1060 2071 εἰς
1086 2035 1217 2071 τόπους
1286 2038 1371 2073 dens
1396 2038 1503 2072 rebus
1529 2039 1564 2072 et
1586 2038 1799 2080 hominibus,
1824 2041 1860 2072 et
1883 2037 2049 2082 disponet
2072 2037 2213 2072 facilius
2238 2037 2367 2077 omnia,

138 2083 289 2124 ἐτέρους,
322 2085 382 2115 καὶ
414 2079 504 2115 ὅλως
534 2083 637 2115 ἔσται
671 2080 781 2125 σεμνὴ
811 2081 995 2116 τοσούτοις
1024 2083 1216 2128 ἐφεστῶσά
1285 2084 1429 2118 militari
1454 2083 1522 2119 sibi
1547 2083 1741 2118 coniuncta
1759 2083 1901 2118 virtute.
1952 2083 2076 2119 Civilia
2101 2083 2274 2128 siquidem
2295 2083 2368 2126 agit

137 2127 323 2173 πράγμασί
351 2140 392 2161 ’τε
423 2130 482 2160 καὶ
514 2124 739 2171 ἀνθρώποις,
771 2130 831 2161 καὶ
861 2125 1032 2170 διαθήσει
1055 2141 1095 2174 γε
1120 2126 1215 2161 εὐκο-
1231 2131 1272 2162 40

139 2171 298 2218 λώτερον
318 2169 475 2214 ἅπαντα,
494 2173 555 2214 τῆς
575 2173 834 2218 στρατιωτικῆς
857 2170 954 2215 αὐτῷ
975 2175 1216 2219 παραζευγνυ-

136 2221 242 2262 μένης
259 2217 385 2260 ἰσχύος.
428 2216 471 2251 τὰ
491 2219 558 2260 μὲν
579 2218 643 2250 οὐν
661 2216 829 2251 πολιτικοὶ
851 2215 978 2261 πράξει
999 2216 1090 2251 κατὰ
1108 2219 1216 2251 τοῦτο

137 2299 191 2332 uti
224 2297 323 2331 decet
347 2301 484 2336 utatur,
517 2299 558 2330 ut
581 2306 696 2339 neque
716 2296 828 2339 fiscus
847 2300 1003 2341 propter
1033 2296 1131 2330 illius
1154 2296 1399 2374 ιἰἷβννηίίατεηι
1424 2296 1555 2330 damno
1581 2296 1773 2340 afficiatur
1804 2308 1919 2342 neque
1943 2297 2004 2332 ille
2026 2297 2164 2332 solacio
2197 2297 2297 2343 quod
2318 2309 2368 2333 ex

141 2347 299 2388 tempore
319 2345 354 2376 et
399 2340 493 2375 radu
514 2339 619 2374 babet
634 2340 821 2385 privetur:
845 2344 884 2374 ut
900 2340 1038 2375 scilicet
1047 2341 1178 2385 pericu
1194 2352 1214 2375 ο
1237 2341 1404 2375 tredecim
1422 2341 1679 2386 maqistrorum
1703 2345 1738 2375 et
1759 2346 1970 2383 ceterorum,
1996 2343 2059 2387 qui
2076 2347 2167 2388 post
2190 2354 2252 2377 eos
2270 2347 2366 2384 sunt,

139 2386 318 2421 adiutori-s·
340 2385 368 2420 il
376 2387 438 2420 ‘ius
462 2385 525 2430 qui
548 2395 623 2419 non
646 2384 798 2419 idoneus
821 2390 874 2419 est
897 2385 1023 2419 electio
1039 2385 1127 2432 siat,
1159 2386 1267 2420 sicuti
1296 2386 1430 2420 dictum
1454 2390 1516 2420 est.
1564 2386 1612 2420 At
1638 2397 1682 2420 ue
1703 2397 1856 2432 maqnas
1879 2387 1983 2421 nobis
2005 2388 2149 2433 qratias
2172 2398 2281 2433 aqere
2305 2388 2366 2421 tri-

140 2434 307 2466 butorum
330 2435 521 2466 exactores
546 2430 736 2475 oportebit,
762 2430 825 2474 qui
849 2430 991 2475 quidem
1012 2441 1073 2465 eos
1094 2430 1362 2465 liberaverimus
1386 2442 1408 2465 a
1433 2431 1554 2465 multis
1586 2397 1660 2465 illis
1681 2431 1902 2466 detrimentis
1933 2443 2027 2477 quae
2050 2437 2158 2467 antea
2182 2444 2240 2467 ma
2267 2433 2367 2467 istris

140 2482 175 2512 et
198 2476 386 2522 spectabili
404 2487 478 2522 pro
506 2479 664 2521 tempore
688 2476 810 2509 comiti
834 2480 867 2509 et
891 2475 1016 2519 officio
1042 2475 1119 2509 eius
1146 2475 1380 2521 praebebant.
1412 2475 1616 2521 Propterea
1645 2480 1763 2511 autem
1795 2487 1856 2512 eos
1883 2477 1927 2511 ab
1961 2476 2016 2511 liis
2049 2477 2213 2512 omnibus
2250 2478 2364 2512 ibera-

141 2523 271 2564 vimus,
304 2525 344 2556 ut
372 2533 417 2557 ne
444 2521 517 2567 ipsi
547 2520 689 2566 quidem
717 2519 880 2555 subditos
909 2520 1045 2554 iniuria
1077 2521 1248 2565 afficiant
1274 2531 1347 2566 per
1373 2525 1595 2566 praetextus
1625 2521 1708 2556 illos
1739 2521 1788 2556 ad
1817 2523 2046 2557 vectationem
2071 2523 2302 2568 excoqitatos
2331 2527 2367 2558 et

139 2567 290 2602 introita
315 2567 370 2603 vel
393 2566 498 2601 aliter
522 2576 570 2610 ap
600 2565 731 2600 ellatos
755 2565 884 2610 quibus
908 2565 1153 2610 aqricolarum
1180 2566 1288 2600 vitam
1311 2566 1441 2601 victum
1471 2577 1512 2601 ue
1536 2570 1715 2608 evertunt,
1748 2566 1812 2601 sed
1832 2571 1873 2602 ut
1894 2568 1984 2602 solis
2007 2568 2166 2603 contenti
2189 2568 2245 2610 iis,
2273 2579 2365 2614 quae

138 2612 333 2648 secundum
355 2612 515 2657 formam
577 2611 689 2646 icetae
714 2610 865 2645 illustris
889 2611 1082 2646 memoriae
1106 2610 1335 2645 curatoribus
1355 2622 1448 2657 prae
1472 2615 1589 2653 entur,
1614 2623 1636 2646 a
1659 2611 1809 2656 reliquis
1834 2612 1997 2647 omnibus
2021 2613 2233 2648 abstineant.

272 2658 315 2693 V.
364 2655 450 2704 Ipse
474 2667 557 2692 vero
582 2655 790 2702 spectabilis
808 2656 1013 2701 proconsul
1036 2656 1191 2691 omnium
1209 2657 1355 2701 pariter
1380 2667 1503 2691 curam
1528 2655 1681 2698 habebit,
1706 2658 1780 2692 sive
1801 2657 1891 2702 quid
1913 2658 2016 2693 civile
2039 2662 2093 2693 est
2111 2659 2185 2694 sive
2204 2658 2254 2693 ad
2272 2658 2364 2694 mili-

141 2707 253 2739 tarem
278 2702 627 2738 administrationem
650 2701 724 2736 sive
748 2701 797 2736 ad
813 2705 1033 2747 potestatem
1058 2701 1249 2737 tamiacam
1272 2706 1423 2747 spectat,
1453 2712 1569 2747 neque
1594 2702 1786 2747 quicquam
1811 2703 1968 2737 omnium
1991 2703 2167 2749 neqleqet,
2192 2704 2364 2749 quoniam

140 2749 194 2784 vel
218 2748 429 2795 ampliorem
453 2747 601 2793 reliquis
625 2746 878 2792 maqistratum
903 2746 986 2781 liuic
1009 2747 1087 2781 loco
1113 2746 1202 2782 dare
1226 2746 1399 2781 volumus.
1448 2746 1542 2781 Nam
1563 2758 1641 2781 cum
1666 2747 1843 2782 veteribus
1866 2747 2042 2783 Romanis
2066 2749 2103 2783 in
2126 2760 2225 2784 more
2247 2749 2365 2794 fuerit

138 2793 346 2840 provincias
377 2793 499 2828 veliis
524 2793 586 2838 qui
611 2792 774 2826 consules
794 2792 932 2836 fiebant
962 2792 1017 2827 vel
1045 2792 1091 2826 iis
1123 2792 1185 2837 qui
1208 2803 1332 2826 eorum
1367 2792 1446 2827 loco
1477 2792 1750 2838 deleqabantum
1783 2803 1876 2838 quos
1900 2794 2142 2839 proconsules
2174 2794 2364 2837 vocabant,

139 2843 237 2874 sorte
258 2839 484 2879 distribuere,
502 2842 705 2884 propterea
727 2843 762 2872 et
781 2837 1036 2883 Cappadocum
1056 2837 1308 2883 maqistratum
1325 2837 1628 2883 proconsulatum
1653 2848 1730 2872 esse
1753 2838 1928 2880 volumus,
1954 2850 2025 2884 quo
2051 2839 2194 2885 quidem
2208 2840 2365 2875 Romani

141 2884 225 2919 olim
248 2895 351 2919 suum
375 2884 413 2918 in
438 2883 568 2928 Africa
598 2882 851 2928 massi-stratum
877 2887 1075 2924 ornarunt,
1112 2893 1214 2928 quem
1238 2893 1306 2916 nos
1330 2892 1428 2916 nunc
1460 2882 1551 2917 adeo
1576 2883 1764 2924 auximus,
1796 2889 1838 2918 ut
1860 2884 1923 2929 qui
1953 2895 2031 2919 eum
2053 2885 2205 2931 suscipit
2227 2885 2362 2931 qlorio-

139 2930 289 2964 sissimis
312 2929 513 2975 praefectis
535 2939 642 2962 sacro
667 2931 792 2962 nostro
811 2928 1002 2973 praetorio
1028 2927 1293 2962 adnumeretur.
1351 2928 1469 2973 Atque
1493 2927 1556 2972 qui
1578 2926 1662 2961 huic
1682 2932 1830 2973 praeest
1853 2930 1984 2974 patria
2009 2930 2136 2975 linqua
2161 2931 2366 2975 proconsul

141 2974 367 3009 Iustinianus
400 2973 654 3020 Cappadociae
685 2977 841 3014 vocetur,
878 2977 919 3007 ut
950 2977 985 3007 et
1014 2974 1251 3019 maqistratus
1279 2983 1392 3019 glenus
1427 2971 1558 3007 babeat
1582 2983 1656 3018 pro
1684 2973 1779 3007 rium
1818 2977 1854 3009 et
1884 2985 1963 3009 cum
1999 2986 2039 3010 re
2069 2975 2178 3010 simul
2206 2976 2365 3010 nominet

134 3019 339 3065 principem
364 3024 557 3053 auctorem.
618 3016 761 3065 Etenim
793 3018 854 3063 qui
879 3018 1130 3063 maqz'stracum
1155 3018 1301 3060 obtinet,
1336 3017 1441 3052 talem
1463 3017 1618 3063 speciem
1665 3017 1802 3053 ibenter
1826 3019 1994 3065 accipiet,
2027 3021 2113 3065 quia
2139 3025 2172 3054 et
2196 3031 2363 3066 maqnam

141 3064 245 3099 nabet
264 3067 482 3110 potestatem
506 3063 612 3098 etiam
637 3062 685 3097 ad
708 3063 781 3097 alia
806 3063 886 3097 loca
912 3063 1087 3098 tamiacae
1105 3063 1350 3108 possessionis
1374 3074 1484 3097 causa
1506 3066 1704 3105 eaetensam,
1729 3067 1765 3098 et
1786 3064 1930 3099 omnino
1952 3065 2177 3100 venerandus
2196 3066 2276 3108 erit,
2301 3067 2363 3110 qui

143 3113 195 3144 tot
218 3113 252 3144 et
276 3108 382 3143 rebus
406 3112 440 3143 et
464 3107 664 3143 bominibus
684 3108 836 3154 praesit,
868 3111 904 3142 et
923 3107 1076 3152 facilius
1108 3108 1227 3143 omnia
1258 3109 1435 3154 disponet,
1468 3118 1547 3142 cum
1571 3107 1726 3142 militare
1755 3108 1868 3143 robur
1891 3110 1924 3144 ei
1947 3110 2107 3145 iunctum
2130 3110 2187 3145 sit.
2238 3110 2363 3146 Civilia

188 3202 206 3232 3
231 3200 292 3241 τῆς
307 3200 344 3231 ἐκ
360 3199 437 3240 τοῦ]
456 3198 519 3232 τοῦ
536 3197 663 3230 ἐαύτοῦ
678 3200 707 3230 L
727 3198 738 3240 ΙΙ
754 3199 812 3230 καὶ
829 3198 889 3239 τῆς
904 3198 966 3230 τοῦ
980 3199 1010 3230 L
1030 3197 1041 3242 ΙΙ
1058 3201 1077 3232 6
1100 3199 1218 3240 τοῦτο]
1335 3201 1353 3232 2
1378 3198 1603 3231 inualitudine
1625 3199 1678 3242 Vl}
1705 3199 1775 3239 ille]
1801 3199 1871 3232 ullo
1898 3201 1936 3241 T,
1954 3214 2011 3233 om.
2032 3201 2065 3233 V
2079 3200 2091 3244 Η
2116 3203 2134 3233 3
2160 3201 2363 3243 temporibus

141 3247 268 3279 τοῦτου
297 3246 323 3277 L
345 3244 356 3288 ΙΙ
383 3242 471 3288 πρὸς
493 3241 598 3286 βολῆς
621 3244 654 3275 L
681 3242 692 3287 ΙΙ
712 3245 903 3286 γενομένης
928 3244 962 3275 Β
986 3243 998 3283 ΙΙ
1023 3246 1040 3276 7
1063 3242 1215 3289 μεγάλη*
1290 3245 1367 3277 libri
1383 3243 1394 3287 ΙΙ
1411 3246 1431 3277 4
1456 3244 1723 3284 magistratorum
1749 3244 1806 3287 Vss
1821 3245 1988 3278 adiutores
2013 3247 2089 3278 libri
2103 3244 2115 3289 ΙΙ
2134 3249 2153 3279 5
2179 3249 2363 3287 oportunus

142 3291 190 3324 L²
206 3290 217 3335 ΙΙ
238 3292 256 3324 8
271 3288 389 3332 δεήσοι
403 3289 478 3322 ΜΒ
498 3288 510 3332 ΙΙ
529 3291 563 3322 11
581 3286 690 3328 τάξει]
706 3286 831 3330 πράξει
845 3289 875 3320 L
894 3287 906 3330 11
926 3289 964 3321 13
977 3285 1131 3322 ἀδικεῖεν
1146 3290 1191 3322 M
1209 3288 1219 3333 ΙΙ
1288 3292 1336 3321 est
1356 3290 1402 3329 V]
1428 3302 1486 3322 om.
1508 3291 1540 3322 in
1563 3291 1651 3322 hiatu
1667 3289 1721 3333 ΤΗ
1748 3291 1767 3323 8
1793 3300 1874 3331 quas
1900 3292 1976 3324 libri
1992 3290 2004 3334 ΙΙ
2029 3293 2064 3324 11
2091 3291 2230 3323 subiecti
2252 3292 2330 3324 libri
2350 3293 2362 3337 ΙΙ

143 3334 242 3377 *ὃιὰ]
264 3333 355 3380 μηδὲ
375 3336 450 3368 libri
467 3335 606 3374 (verbum
622 3335 739 3373 deesse,
759 3334 856 3366 veluti
867 3330 1069 3375 πλάττοιεν,
1088 3335 1219 3368 ΖαεΙια-
1287 3337 1407 3366 nocent
1422 3335 1498 3367 libri
1515 3334 1525 3376 Η
1545 3336 1584 3368 12
1598 3334 1676 3366 illae
1687 3335 1779 3367 Beck
1795 3335 1807 3379 ss
1829 3338 1868 3369 13
1883 3336 2105 3377 agricularum
2120 3336 2286 3368 distruant
2303 3338 2337 3370 V
2350 3338 2363 3382 ΙΙ

144 3384 216 3415 riae
229 3382 394 3425 opinatur)
410 3384 421 3422 η
440 3377 502 3411 τὰς
522 3392 579 3411 om.
591 3379 624 3411 B
641 3379 652 3421 ΙΙ
674 3380 715 3411 14
737 3378 973 3418 ἐπινοοῦντες]
988 3380 1219 3421 excogitabant
1292 3382 1331 3413 14
1344 3379 1550 3411 exactoribus
1563 3380 1662 3423 vul9.]
1681 3382 1869 3412 exactorum
1891 3382 2081 3414 Vactorum
2098 3382 2130 3414 T
2141 3381 2152 3424 ΙΙ
2174 3384 2214 3415 15
2228 3384 2361 3415 necetae

144 3439 162 3463 ς
178 3427 190 3469 ll
209 3426 382 3459 introitate
403 3421 511 3465 (ἰδικά
526 3435 566 3456 τε
579 3437 602 3457 s.
618 3425 659 3463 v.)
682 3423 726 3455 M
745 3423 906 3467 ἰντροϊτα
929 3424 969 3456 τὲ
989 3425 1020 3457 L
1045 3422 1219 3457 εἰςοδιακά
1289 3425 1365 3457 libri
1389 3425 1399 3463 Η
1430 3427 1471 3457 20
1496 3425 1523 3456 si
1548 3424 1588 3456 ad
1614 3425 1690 3458 libri
1718 3425 1729 3467 ΙΙ
1758 3426 1797 3458 21
1824 3426 2035 3467 respicientes
2065 3427 2142 3460 libri
2166 3427 2178 3470 ΙΙ
2209 3429 2250 3461 23
2275 3426 2359 3469 loco]

142 3483 181 3505 τε
209 3473 241 3505 Β
262 3472 274 3513 ss
308 3473 346 3505 18
370 3469 578 3511 ἀπέχωνται
594 3470 627 3500 Β
650 3467 662 3508 ΙΙ
693 3469 733 3501 22
758 3466 906 3510 βλέπων
919 3469 1022 3501 Lch
1040 3468 1052 3513 ΙΙ
1075 3467 1218 3504 οὐδενὸς
1287 3469 1394 3501 locum
1411 3470 1487 3502 libri
1500 3469 1512 3512 ΙΙ
1531 3470 1573 3504 26
1587 3470 1825 3512 capadocorum
1843 3472 1876 3504 V
1888 3471 1899 3514 ΙΙ
1917 3473 1958 3505 28
1972 3472 2007 3502 in
2022 3472 2146 3513 Africa]
2164 3471 2317 3505 affricani
2333 3472 2367 3506 V

143 3513 350 3560 ἀποβλέπον
371 3512 540 3562 ἀμελήσει
556 3514 619 3546 Ma
642 3513 653 3555 Η
682 3515 722 3546 29
741 3511 807 3553 τὴν
827 3527 883 3545 om.
899 3514 929 3546 L
947 3513 958 3556 ΙΙ
983 3509 1027 3556 ἣν
1045 3528 1102 3547 om.
1116 3516 1185 3548 LB
1207 3514 1219 3560 Η
1287 3515 1435 3546 affricam
1463 3515 1495 3547 T
1518 3513 1530 3558 ΙΙ
1561 3516 1604 3548 29
1634 3516 1735 3555 nunc]
1764 3526 1829 3547 non
1863 3516 1945 3549 Val.
1973 3515 1985 3560 ΙΙ
2014 3517 2049 3549 in
2074 3519 2202 3549 tantum
2227 3519 2311 3561 vulq.
2348 3516 2360 3562 ΙΙ

145 3564 185 3595 30
199 3562 265 3594 νῦν
277 3563 331 3601 Μ]
349 3564 472 3594 τοίνυν
483 3560 549 3592 LB
566 3560 576 3601 ss
595 3554 808 3601 ηὐξήσαμεν]
828 3559 905 3591 Cod.
917 3561 945 3599 1,
958 3564 1008 3600 27,
1022 3564 1035 3590 1
1052 3559 1063 3603 Η
1077 3562 1115 3594 31
1133 3556 1217 3594 *ὑπ-
1288 3562 1329 3592 30
1354 3561 1542 3601 praetorum
1575 3559 1638 3593 VT
1658 3560 1670 3603 ΙΙ
1695 3563 1732 3593 31
1762 3564 2042 3594 connumerentur
2063 3563 2096 3595 V
2113 3561 2124 3606 ss
2148 3565 2236 3603 voce]
2263 3566 2360 3595 uocet

145 3604 261 3650 άρχοις
286 3608 362 3640 libri
395 3606 399 3650 Ι
427 3607 468 3639 32
492 3616 532 3638 τε
557 3605 665 3644 ΜΒς]
692 3601 731 3636 δὲ
755 3605 882 3646 vacly.
903 3602 914 3647 ΙΙ
939 3605 979 3637 33
1007 3604 1050 3650 τῇ
1073 3617 1150 3638 πατ
1173 3609 1217 3647 ίῳ
1296 3606 1325 3637 ‘i'
1347 3607 1357 3642 ⁵3
1387 3606 1428 3637 32
1455 3605 1624 3647 capadotie
1651 3607 1727 3638 libri
1752 3605 1763 3647 11
1795 3608 1836 3639 35
1870 3606 1992 3638 habent
2025 3608 2086 3640 VT
2109 3607 2121 3651 ΙΙ
2151 3610 2192 3641 36
2227 3611 2359 3640 extensa

147 3652 249 3698 φωνῇ
266 3652 370 3685 om.B
396 3652 400 3695 Ι
440 3649 592 3684 roconsul
612 3649 813 3681 iustinianus
827 3649 1024 3690 capradocae
1040 3651 1082 3682 M
1102 3618 1216 3683 virgi}-
1296 3650 1349 3692 Vn
1380 3649 1501 3682 eri-arie
1524 3650 1692 3692 pensionis
1722 3651 1755 3683 V
1773 3651 1882 3692 agerie
1906 3653 2066 3693 passionis
2093 3651 2148 3697 ΤΙΙ
2168 3654 2209 3687 38
2234 3656 2267 3686 et
2293 3654 2358 3686 dis-

145 3707 257 3730 πατος
275 3707 403 3730 καππα
428 3699 524 3729 onias
551 3695 626 3727 Ms.
641 3708 669 3728 v.
684 3702 712 3727 et
728 3694 772 3734 B,
789 3707 845 3727 om.
861 3695 890 3726 L
916 3694 927 3736 ΙΙ
954 3696 993 3727 37
1022 3695 1216 3739 ἐκτεινομέ-
1285 3696 1397 3736 ponet]
1424 3697 1456 3727 et
1479 3707 1537 3729 om.
1560 3695 1643 3729 Vat.
1660 3695 1673 3739 ΙΙ
1697 3697 1739 3729 39
1765 3697 1824 3739 leq.
1851 3696 1951 3738 aget?

147 3743 225 3783 νην]
250 3743 308 3774 καὶ
327 3742 452 3775 ἐκτειν.
480 3741 683 3782 Haloander,
709 3740 895 3773 Zachariae
912 3739 925 3783 ss
942 3740 985 3773 42
1011 3737 1154 3785 πράξεις
1178 3741 1224 3774 M‘
1336 3767 1343 3772 .

2018 3799 2087 3834 29*
