2618 4010
150 165 357 197 NUMERUS
387 163 670 194 CLERICORUM

148 265 208 307 τῆς
231 260 416 307 βασιλίδος
439 261 570 305 ταύτης
594 260 731 297 πόλεως
762 258 969 307 άγιωτάτην
998 258 1156 308 μεγάλην
1178 263 1231 294 ἐκ-

147 308 309 351 κλησίαν,
333 307 401 350 τὴν
423 308 484 349 τῆς
509 305 679 352 ἡμετέρας
703 305 888 351 βασιλείας
911 310 1065 353 μητέρα,
1090 300 1231 362 φείσ-

145 365 259 400 μασιν
292 351 548 396 ἐνοχλουμένην
571 350 752 398 μεγάλοις,
783 355 843 385 καὶ
867 349 930 385 οὐκ
951 350 1066 386 ἄλλως
1095 349 1230 393 ισχύου-

147 411 217 433 σαν
246 395 402 441 ἑκάστην
435 398 624 431 ποιεῖσθαι
655 394 821 431 διάδοσιν
852 400 926 431 τοῖς
957 395 1231 441 εὖλαβεστάτοις

1238 144 1288 192 19

2092 148 2200 190 Νον.
2231 148 2293 190 III
2323 161 2382 202 pr.

1302 259 1505 295 huiusmodi
1530 258 1755 294 occasionem
1780 258 1886 293 huius
1912 258 2029 302 regiae
2055 258 2209 293 civitatis
2232 258 2382 293 sanctis-

1301 305 1426 340 simam
1457 304 1627 339 maiorem
1659 303 1864 345 ecclesiam,
1899 304 2014 339 nostri
2048 304 2188 348 imperii
2222 306 2384 345 matrem,

1301 350 1430 386 debitis
1454 349 1645 394 inquietari
1668 348 1880 390 maioribus,
1913 353 1948 383 et
1979 360 2050 384 non
2083 349 2186 384 aliter
2209 349 2385 383 valentem

1299 395 1420 430 facere
1452 394 1610 438 singulas
1647 394 1870 437 erogationes
1905 394 2198 430 reverentissimis
2234 393 2385 434 clericis,

147 443 331 489 κληρικοῒς,
353 446 441 489 πρὶν
459 439 505 476 ἂν
526 446 670 497 χρυσίον
690 440 730 476 οὐ
747 445 896 487 μέτριον
914 440 1133 483 δανείσαιτο,
1153 455 1230 476 ποι·
1267 446 1286 476 5
1300 444 1491 485 antequam
1509 450 1636 474 aurum
1656 450 1729 474 non
1747 449 1895 484 parvum
1916 442 2077 474 mutuum
2098 443 2224 482 sumat,
2250 439 2385 474 faciens

145 491 300 533 ουμε’νην
323 490 429 523 τοῦτο
453 490 520 532 μὲν
544 486 751 531 υποθήκας,
776 490 883 521 τοῦτο
908 485 947 521 δὲ
970 485 1149 534 ἐνεχύρων
1174 485 1229 521 δό-

145 545 217 568 σεις
248 536 308 569 ἐπὶ
337 536 411 567 τοῖς
435 531 636 567 καλλίστοις
671 533 777 575 αὐτῆς
808 536 949 579 χωρίοις
980 547 1020 567 τε
1053 536 1113 566 καὶ
1145 545 1230 578 προ-

146 583 308 613 αστείοις.
331 577 399 612 Διὰ
411 579 527 612 ταῦτα
539 582 663 612 τοίνυν
677 575 888 622 συνείδομεν
902 577 1046 612 ἑαυτοὺς
1059 578 1231 611 καθεῖναι

145 624 233 679 προς
252 622 320 667 τὴν
339 624 403 657 τοῦ
425 621 633 670 πράγματος
655 622 804 667 ζήτησιν
821 626 880 675 καὶ
900 623 1038 667 μαθεῖν
1057 626 1141 657 τίνα
1164 625 1231 666 μὲν

1299 490 1373 520 tam
1398 485 1620 531 hypothecas
1646 494 1752 528 quam
1776 484 1965 528 pignorum
1990 484 2151 520 dationes
2179 485 2217 519 in
2243 484 2386 529 optimis

1300 532 1374 566 suis
1406 530 1561 576 praedsss
1599 532 1635 565 et
1668 529 1897 565 suburbanis.
1958 530 2112 574 Propter
2150 530 2241 564 haec
2280 529 2387 574 igitur

1300 576 1544 629 perspeximus
1574 575 1812 619 nosmetipsos
1845 575 2022 619 deponere
2052 575 2099 610 ad
2125 575 2231 610 huius
2256 585 2387 610 causae

1299 622 1566 665 inquisitionem
1598 624 1633 655 et
1657 630 1869 664 agnoscere,
1902 619 2198 664 quemadmodum
2223 620 2323 664 prius
2349 631 2388 655 se

144 681 283 714 τροπον
309 669 522 723 ἔμπροσθεν
552 669 638 711 εἶχε,
670 672 709 702 τί
738 666 777 702 δὲ
801 681 841 702 το
874 668 938 701 τοῦ
969 667 1098 712 χρόνον
1122 669 1231 720 μῆκος
1247 671 1286 702 10
1300 666 1428 701 habuit
1463 666 1618 711 quidque
1651 665 1837 709 longitudo
1873 665 2046 717 temporis
2082 665 2272 700 adinvenit.
2328 665 2386 699 In-

145 715 296 761 έξεῦρεν.
335 718 597 756 Ανιχνευοντες
616 718 741 748 τοίνυν
766 711 853 747 αὐτὸ
878 710 1118 755 πανταχόθεν
1139 716 1229 759 ευρί-

145 773 286 803 σκομεν,
320 756 368 794 οἷς
389 762 535 794 ἕκαστος
558 759 636 793 τῶν
659 759 721 793 τὰς
745 755 947 805 ἁγιωτάτας
972 756 1158 799 ἐκκλησίας
1181 757 1229 790 οἰ-

103 809 109 816 '
144 803 228 839 κοδο
257 803 428 848 ησάντων
451 807 510 839 ἐπὶ
535 806 596 848 τῆς
619 801 829 848 εὐδαίμονος
852 800 983 844 ταύτης
1003 801 1142 836 πόλεως
1166 800 1230 836 οὐκ

143 819 346 906 οἰκοδομίας
379 849 567 896 ἐφρόντισε
597 847 736 905 μόνηςκ
760 846 851 900 ἀλλὰ
882 850 942 881 καὶ
971 849 1035 881 τοῦ
1057 851 1231 903 χορηγίαν

1299 712 1515 756 vestigantes
1539 711 1648 755 igitur
1671 710 1760 746 illud
1785 710 1940 754 undique
1972 710 2186 753 invenimus,
2221 711 2387 754 quoniam

1300 757 1428 800 singuli
1466 757 1593 792 horum
1630 756 1690 800 qui
1724 756 1967 791 sanctissimas
2009 755 2179 790 ecclesias
2221 755 2387 790 aedifica-

1300 805 1428 837 verunt
1452 802 1488 837 in
1515 803 1583 836 hac
1606 802 1812 837 felicissima
1837 801 1997 843 civitate,
2031 812 2102 836 non
2134 811 2199 845 pro
2225 800 2387 835 aedificio

1301 847 1522 883 solummodo
1549 847 1805 891 cogitaverunt,
1831 846 1894 881 sed
1919 846 2026 881 etiam
2050 850 2090 881 ut
2114 856 2290 890 expensas
2312 846 2388 882 suf-

145 909 302 942 αυταρκη
327 893 453 948 dog-wat
477 898 550 929 τοῖς
576 907 651 939 παρ
695 906 804 927 αυτου
837 895 1041 945 γενομένοις
1066 895 1230 939 ευαγέσιν
1247 895 1285 927 15
1300 893 1465 928 ficientes
1496 893 1625 928 darent
1655 903 1677 927 a
1702 902 1740 928 se
1769 892 1876 927 factis
1901 891 2162 927 venerabilibus
2192 890 2389 936 <domibus>

144 941 252 975 οἴκοις
275 943 334 974 καὶ
358 944 498 985 ορίσαι,
530 937 662 975 πόσους
683 940 750 983 μὲν
775 937 950 984 προςηκόν
973 940 1051 971 ἐστι
1075 941 1230 985 πρεσβυ-

144 989 264 1033 τέρους
276 983 369 1019 καθ’
382 985 538 1028 ἑκάστην
549 983 749 1027 ἐκκλησίαν,
763 983 894 1018 πόσους
907 981 947 1017 δὲ
960 981 1154 1024 διακόνους,
1170 981 1228 1027 ἅρ-

144 1029 245 1078 ρενάς
275 1045 315 1065 τε
347 1034 407 1065 καὶ
435 1030 602 1074 θηλείας,
634 1027 765 1065 πόσους
795 1042 835 1063 τε
860 1026 1136 1070 ὑποδιακόνους,
1170 1031 1230 1061 καὶ

145 1070 253 1111 αὖθις
274 1075 413 1121 ψάλτας
432 1089 472 1110 τε
492 1078 552 1108 καὶ
575 1071 813 1126 ἀναγνώστας
833 1072 1100 1129 καὶ-,πυλωροὺς
1119 1074 1230 1107 καθε-

1301 942 1336 973 et
1376 938 1626 981 terminarent,
1670 941 1825 981 quantos
1867 937 2009 982 quidem
2053 940 2258 982 competens
2297 940 2390 971 esset

1300 983 1530 1028 presbyteros
1550 994 1614 1027 per
1633 993 1920 1028 unamquamque
1940 982 2138 1024 ecclesiam,
2165 985 2390 1027 quantosque

1301 1028 1471 1063 diaconos
1504 1030 1683 1063 masculos
1718 1032 1826 1073 atque
1856 1028 2026 1071 feminas,
2061 1031 2097 1063 et
2127 1030 2280 1072 quantos
2305 1027 2388 1063 sub-

1301 1073 1491 1115 diaconos,
1525 1076 1561 1108 et
1592 1084 1717 1108 rursus
1743 1077 1908 1109 cantores
1934 1078 2041 1119 atque
2065 1073 2217 1108 lectores
2243 1077 2280 1108 et
2304 1073 2389 1108 osti-

144 1121 284 1175 στάναι.
333 1124 406 1155 Καὶ
433 1119 521 1167 πρὸς
550 1120 658 1154 τοῦτο
681 1123 741 1153 καὶ
765 1132 832 1162 την
853 1132 916 1154 του
941 1121 1038 1153 οὶκου
1063 1118 1231 1161 δαπάνην
1245 1120 1286 1152 20
1301 1119 1398 1154 arios
1436 1119 1623 1153 constitui:
1662 1122 1698 1153 et
1733 1129 1842 1163 super
1877 1119 1966 1154 haec
2002 1119 2108 1154 etiam
2144 1119 2292 1154 oratorii
2329 1129 2389 1153 ex-

145 1165 264 1214 αἰρισε,
289 1169 348 1200 καὶ
373 1163 547 1212 πρόςοδον
571 1165 708 1199 οἰκείαν
733 1163 926 1206 ἐπέδωκεν,
952 1162 1134 1212 ἀρκοῦσαν
1157 1167 1231 1198 τοῖς

145 1209 234 1259 παρ’
265 1209 374 1246 αὐτοῦ
398 1211 633 1251 καταστᾶσιν,
667 1210 698 1244 εἰ
730 1208 770 1244 δέ
797 1221 851 1244 τις
874 1211 1113 1257 προςεπιθείη
1144 1208 1230 1252 πλῆ·

145 1259 226 1299 θος,
256 1253 374 1291 οὐκέτι
398 1254 586 1292 παντελῶς
609 1256 839 1290 ἐκτείνεσθαι
863 1252 1033 1299 δυνατήν.
1081 1257 1154 1288 Καὶ
1179 1253 1229 1289 δι-

143 1305 261 1347 έμεινέ
279 1314 319 1348 γε
341 1305 448 1355 μῗεχρι
467 1299 600 1336 πολλοῦ
623 1300 670 1335 τὰ
696 1302 848 1334 τοιαῦτα
872 1297 1140 1346 φυλαττόμενα,
1170 1303 1230 1334 καὶ

1300 1174 1431 1208 pensas
1453 1164 1678 1205 definierunt,
1705 1166 1740 1198 et
1763 1164 1900 1199 reditus
1926 1164 2090 1209 proprios
2115 1164 2291 1199 dederunt
2314 1164 2389 1199 suf-

1301 1209 1462 1244 ficientes
1508 1209 1562 1243 his
1600 1219 1692 1252 quae
1729 1220 1750 1243 a
1787 1219 1825 1244 se
1863 1210 2058 1244 constituta
2098 1213 2199 1251 sunt,
2246 1210 2276 1245 si
2311 1209 2390 1254 quis

1301 1258 1422 1290 autem
1457 1254 1632 1289 adiecerit
1668 1254 1946 1297 multitudinem,
1988 1265 2211 1299 nequaquam
2247 1255 2390 1300 penitus

1301 1299 1445 1335 extendi
1486 1299 1720 1335 sufficientes.
1780 1299 1830 1334 Et
1873 1304 2146 1344 permanserunt
2189 1310 2303 1344 usque
2344 1300 2391 1335 ad

143 1351 208 1382 ἕως
228 1349 334 1381 τοῦτο
355 1359 534 1402 ην,,εμενε
553 1348 614 1380 καὶ
635 1345 681 1380 τὰ
700 1347 780 1380 τῶν
793 1343 1011 1392 ἁγιωτάτων
1032 1345 1231 1389 ἐκκλησιῶν
1244 1348 1285 1379 25
1300 1346 1452 1380 multum
1476 1349 1617 1389 tempus
1642 1345 1729 1379 talia
1754 1348 1985 1387 conservata;
2019 1347 2056 1380 et
2080 1345 2193 1380 donec
2218 1347 2286 1380 hoc
2310 1345 2389 1385 fuit,

142 1395 215 1428 τοῖς
234 1393 374 1426 οἰκείοις
398 1404 613 1438 αρκουμενα.
663 1388 710 1426 ὠς
734 1389 774 1425 δὲ
794 1391 830 1425 οἱ
853 1390 1134 1436 θεοφιλέστατοι
1155 1393 1229 1425 ἐπί-

141 1449 269 1472 σκοποι
293 1440 371 1472 ταῖς
393 1434 618 1480 δυςωπήσεσι
642 1438 759 1471 τινῶν
782 1433 836 1471 ἀεὶ
868 1439 1096 1483 προςέχοντες
1121 1437 1228 1479 ἐξεχέ-

142 1485 267 1527 θησαν
288 1481 377 1528 πρὸς
396 1481 438 1516 τὸ
459 1483 538 1516 τῶν
557 1485 886 1527 χειροτονουμένων
906 1481 1059 1526 πλῆθος,
1078 1481 1230 1524 ηὔξηται

140 1531 208 1572 μὲν
231 1524 253 1571 ἡ
272 1529 333 1571 τῆς
357 1525 520 1570 δαπάνης
543 1526 699 1571 ποσότης
722 1528 770 1582 εἰς
793 1525 969 1574 ἀμετρίαν
994 1525 1142 1570 πολλήν,
1169 1525 1229 1561 δα-

1301 1391 1519 1426 duraverunt
1539 1390 1846 1426 sanctissimarum
1864 1390 2096 1425 ecclesiarum
2113 1390 2276 1426 domibus
2298 1401 2391 1435 quae

1300 1436 1519 1471 sufficerent.
1570 1436 1658 1471 Cum
1684 1446 1767 1471 vero
1793 1436 1858 1471 deo
1884 1436 2056 1471 amabiles
2081 1436 2242 1480 episcopi
2265 1446 2390 1480 preces

1299 1482 1501 1526 aliquorum
1527 1492 1668 1526 semper
1691 1481 1925 1526 respicientes
1949 1482 2123 1526 protracti
2149 1483 2234 1516 sunt
2263 1481 2311 1516 ad
2334 1492 2390 1517 or-

1300 1527 1523 1562 dinationum
1547 1527 1826 1570 multitudinem,
1860 1531 1969 1561 aucta
2001 1526 2140 1572 quidem
2173 1530 2227 1561 est
2260 1537 2390 1571 expen-

141 1576 281 1608 νεισταὶ
306 1571 346 1607 δὲ
368 1571 607 1615 πανταχόθεν
630 1576 691 1607 καὶ
722 1586 838 1615 τοκοι,
867 1575 927 1606 καὶ
956 1572 999 1607 τὸ
1024 1571 1230 1607 τελευταῖον
1244 1576 1285 1607 30
1301 1583 1419 1608 sarum
1445 1573 1626 1618 quantitas
1651 1572 1697 1607 ad
1720 1572 1994 1608 immensitatem
2012 1573 2171 1615 multam,
2197 1572 2392 1608 creditores

140 1616 224 1654 οὐδὲ
242 1617 429 1653 δανεισταὶ
450 1617 579 1652 λοιπὸν
599 1616 659 1652 διὰ
677 1617 744 1661 τὴν
764 1615 942 1654 ἀπιστίαν
956 1616 1022 1662 ἢδη
1041 1619 1104 1653 τοῦ
1118 1615 1230 1665 πράγ-
1301 1622 1422 1653 autem
1458 1618 1616 1663 undique
1651 1622 1688 1653 et
1722 1628 1854 1653 usurae
1889 1622 1925 1653 et
1961 1617 2169 1661 novissima,
2207 1622 2243 1653 et
2278 1628 2392 1662 neque

139 1675 270 1709 ματος,
303 1661 384 1698 ἀλλ’
412 1661 611 1707 ἐκποιήσεις
633 1678 673 1698 τε
696 1662 967 1711 ἠναγκασιιιέναι
991 1666 1050 1698 καὶ
1073 1662 1230 1710 παράνο-
1301 1663 1499 1699 creditores
1533 1666 1682 1708 propter
1712 1663 2000 1698 incredulitatem
2036 1664 2105 1698 iam
2142 1673 2293 1705 causae,
2330 1663 2392 1698 sed

142 1723 201 1755 μοι
224 1711 283 1743 καὶ
308 1706 503 1756 πράγματα
532 1706 677 1755 ἀπρεπῆ
699 1712 759 1743 καὶ
790 1707 874 1743 οὐδὲ
905 1710 1017 1744 οἰκίας
1048 1707 1232 1753 ἰδιωτικῆς
1301 1709 1536 1744 alienationes
1581 1720 1661 1744 cum
1703 1709 1919 1744 necessitate
1960 1712 1996 1744 et
2033 1711 2159 1744 contra
2198 1709 2314 1752 leges,
2357 1712 2393 1743 et

141 1754 224 1795 ἅμα
245 1752 516 1800 σωφρονούσης·
539 1751 626 1789 ὥςτε
646 1756 684 1788 ἐκ
704 1756 766 1798 τῆς
786 1753 954 1797 τοιαύτης
972 1753 1124 1789 ἀτοπίας
1141 1752 1232 1808 μήτε
1302 1765 1434 1790 causae
1464 1754 1668 1790 indecentes
1702 1757 1738 1790 et
1770 1764 1886 1798 neque
1920 1754 2067 1799 propria
2099 1754 2272 1798 dignitate
2303 1757 2392 1789 tem·

142 1799 188 1835 τοὶ
211 1804 325 1846 χωρία
347 1797 437 1844 μήτε
457 1799 501 1834 τὰ
523 1798 722 1848 προάστεια
744 1800 906 1846 ἐξαρκεῖν
924 1803 1002 1835 ταῖς
1025 1797 1232 1843 ὑποθηκαις
1244 1802 1284 1835 35
1300 1804 1466 1846 peratae:
1501 1804 1542 1835 ut
1574 1810 1618 1835 ex
1648 1800 1716 1835 hac
1747 1800 1930 1835 nimietate
1963 1810 2077 1844 neque
2103 1799 2253 1844 praedia
2277 1809 2393 1844 neque

142 1849 200 1880 καὶ
224 1848 298 1880 τοῖς
327 1845 518 1891 ἐνεχύροις,
552 1843 645 1890 μηδὲ
675 1843 879 1880 δανειστῶν
910 1843 969 1879 διὰ
994 1846 1102 1880 τοῦτο
1126 1844 1230 1879 εὐπο-
1301 1846 1510 1882 suburbana
1534 1845 1745 1881 sufficerent
1769 1845 1980 1891 hypothecis
2008 1849 2044 1880 et
2067 1845 2295 1890 pignoribus,
2329 1855 2392 1880 ne-

142 1894 228 1939 ρεῖν,
259 1887 339 1925 ἀλλ’
366 1891 414 1925 εἰς
444 1887 605 1936 ἀπορίαν
631 1890 827 1925 κατελθεῖν
847 1889 1023 1934 παντελῆ,
1054 1894 1114 1925 καὶ
1140 1889 1231 1934 μηδὲ
1301 1902 1369 1937 que
1393 1890 1589 1927 creditores
1614 1895 1763 1936 propter
1786 1891 1856 1926 hoc
1877 1891 2139 1932 invenirentur,
2173 1890 2236 1926 sed
2267 1890 2313 1925 ad
2336 1890 2391 1925 in-

143 1934 262 1971 αὐτοῖς
284 1938 358 1971 τοῖς
377 1934 618 1983 λειτουργοῦσι
637 1935 704 1979 τὴν
724 1933 935 1993 ἀποτροφὴν
957 1935 1100 1971 διδόναι
1124 1935 1230 1970 δύνα-
1302 1937 1420 1982 opiam
1443 1937 1704 1972 descenderent
1724 1936 1953 1972 novissimam
1970 1940 2006 1971 et
2024 1946 2090 1971 nec
2111 1936 2199 1981 ipsis
2220 1935 2392 1971 ministris

142 1982 247 2023 σθαι,
267 1978 346 2016 ἀλλ’
362 1982 410 2016 εἰς
430 1980 497 2024 την
515 1982 648 2016 πασῶν
667 1979 907 2024 ἀθλιωτατην
920 1978 1007 2016 ὁδὸν
1019 1980 1060 2016 τὸ
1081 1983 1231 2029 πρᾶγμα
1300 1983 1579 2018 emolumentum
1604 1983 1690 2018 dare
1714 1981 1933 2025 sufficerent,
1959 1981 2023 2017 sed
2047 1981 2093 2016 ad
2117 1981 2211 2016 viam
2236 1981 2392 2017 omnium

143 2026 427 2072 καταφέρεσθαι,
448 2025 489 2060 τὸ
503 2028 581 2061 τῶν
593 2026 714 2061 ὄντων
735 2024 911 2062 ἁπάντων
932 2031 1005 2061 τοῖς
1025 2025 1231 2061 δανεισταῖς
1243 2031 1284 2063 40
1299 2027 1580 2063 infelicissimam
1617 2038 1727 2063 causa
1764 2027 2015 2068 descenderet,
2056 2029 2232 2072 quatenus
2273 2037 2392 2062 rerum

144 2073 321 2114 ἐκστῆναι.
363 2068 475 2115 “Ome
499 2075 559 2105 καὶ
584 2071 745 2119 λέγοντες
772 2071 949 2116 ὄκνοῦμεν
971 2075 1031 2106 καὶ
1056 2069 1155 2107 ὅπως
1182 2069 1230 2106 ἂν
1299 2073 1456 2108 omnium
1498 2073 1735 2109 creditoribus
1775 2073 1927 2108 cederet.
1990 2073 2093 2117 Quod
2129 2072 2235 2107 etiam
2273 2071 2392 2107 dicere

142 2117 191 2162 μὴ
214 2120 354 2164 γένοιτο
381 2119 614 2163 προνοοῦμεν.
670 2118 716 2151 Εἰ
746 2117 813 2165 γὰρ
846 2115 908 2152 οὐκ
939 2116 985 2152 ἂν
1012 2129 1064 2151 τις
1095 2119 1232 2164 ἐνέγκοι
1302 2119 1398 2163 piget
1430 2129 1494 2154 nos
1526 2121 1579 2161 et,
1637 2118 1909 2154 uemadmodum
1941 2128 2013 2153 non
2038 2118 2121 2160 fiat,
2154 2117 2390 2162 providemus.

1300 2163 1391 2198 Nam
1423 2164 1453 2199 si
1489 2175 1560 2198 non
1594 2164 1724 2208 aiquis
1754 2163 1847 2199 feret
1878 2164 2031 2199 libenter
2063 2173 2161 2206 eum,
2199 2163 2258 2207 qui
2296 2163 2392 2198 ultra

143 2242 328 2278 ecclesiam
348 2242 472 2289 reqiae
495 2242 603 2276 liuius
622 2243 733 2285 urbis,
758 2243 903 2289 imperii
927 2244 1046 2278 nostri
1067 2249 1230 2285 matrem,
1255 2254 1389 2290 maqno
1412 2255 1496 2279 aere
1516 2244 1635 2279 alieno
1668 2244 1784 2286 nemi,
1809 2255 1873 2279 nec
1893 2244 2002 2279 aliter
2022 2244 2142 2279 valere
2161 2243 2211 2278 ad
2226 2243 2393 2289 sinqulas

143 2287 373 2333 eroqati‘ones
396 2287 679 2332 reliqiosissimis
703 2289 844 2323 clericis
866 2288 1064 2333 faciendas
1088 2289 1161 2322 nisi
1211 2288 1289 2323 rius
1307 2289 1504 2334 pecuniam
1527 2289 1634 2324 immo
1663 2290 1757 2324 icam
1781 2293 1905 2324 mutuo
1930 2289 2127 2336 sumpserit
2150 2289 2220 2331 ita,
2253 2294 2293 2324 ut
2319 2293 2392 2323 tam

144 2332 191 2379 hy
221 2332 367 2368 othecas
416 2343 500 2366 uam
529 2332 691 2377 piqnora
715 2333 754 2367 in
778 2332 1038 2379 pulcherrimis
1063 2299 1233 2379 praediis
1264 2337 1300 2368 et
1330 2333 1513 2368 suburbiis
1542 2334 1619 2368 suis
1653 2334 1862 2369 constituat.
1910 2333 2116 2381 Propterea
2140 2334 2254 2380 iqitur
2279 2334 2392 2369 visum

145 2389 191 2412 no
223 2378 248 2412 's
279 2381 334 2413 est
429 2387 508 2411 eam
532 2387 607 2411 rem
636 2377 925 2422 investiqandain
950 2388 1018 2411 nos
1041 2378 1143 2423 ipsos
1167 2378 1340 2422 conferre
1369 2382 1420 2419 et,
1455 2378 1756 2423 quemadmodum
1789 2389 1828 2414 se
1851 2390 1910 2414 res
1942 2384 2051 2414 antea
2083 2378 2269 2420 habuerit,
2303 2378 2393 2424 quid

147 2422 319 2468 temporis
344 2421 593 2467 lonqinquitas
616 2422 839 2473 reppererit,
865 2432 1095 2467 coqnoscere.
1146 2421 1210 2457 Ex
1235 2422 1333 2456 omni
1356 2422 1470 2467 iqitur
1487 2428 1601 2468 parte
1625 2423 1665 2457 id
1687 2423 1906 2468 indaqantes
1933 2424 2135 2459 invenimus
2158 2434 2390 2469 unumquem-

145 2478 214 2513 que
238 2477 381 2508 eorum,
407 2466 469 2511 qui
492 2466 741 2501 sanctissumas
764 2466 935 2502 ecclesias
958 2466 996 2500 in
1018 2466 1124 2511 felici
1147 2465 1217 2501 hac
1239 2466 1329 2502 urbe
1352 2466 1607 2511 aedificarunt,
1633 2478 1707 2502 non
1731 2467 1998 2512 aedificationis
2020 2469 2138 2504 solum
2163 2479 2288 2503 curam
2311 2480 2390 2515 qes-

145 2512 245 2554 sisse‚
269 2510 333 2547 sed
355 2511 463 2546 etiam
480 2515 522 2545 ut
544 2511 771 2556 sufficientes
794 2511 933 2547 reditus
956 2511 1072 2546 sacris
1097 2511 1247 2547 aedibus
1265 2522 1288 2546 a
1306 2522 1345 2546 se
1366 2511 1483 2557 factis
1506 2512 1770 2558 suppeditaret,
1795 2511 1905 2558 atque
1924 2513 2103 2558 definiret,
2129 2517 2220 2559 quot
2237 2514 2276 2548 in
2300 2525 2390 2559 qua-

116 2599 118 2603 .
171 2568 215 2592 ue
246 2556 398 2592 ecclesia
422 2555 652 2602 presbyteri,
684 2563 775 2602 quot
798 2556 945 2591 diaconi
968 2561 1003 2591 et
1033 2556 1186 2591 masculi
1210 2561 1245 2592 et
1273 2557 1455 2602 feminae,
1489 2562 1650 2603 quotque
1680 2557 1914 2600 subdiaconi,
1948 2562 1983 2593 et
2041 2570 2128 2593 orro
2161 2562 2333 2594 cantores
2355 2563 2391 2594 et

159 2605 297 2638 ectores
320 2605 359 2636 at
387 2612 430 2636 ue
463 2601 607 2636 ostiarii
638 2601 811 2636 constitui
841 2601 1019 2637 deberent.
1068 2602 1187 2647 Atque
1210 2601 1406 2637 secundum
1437 2601 1506 2637 hoc
1539 2606 1575 2637 et
1606 2614 1790 2649 expensas
1821 2603 1922 2638 aedis
1946 2570 2109 2649 definivit
2131 2607 2168 2639 et
2224 2604 2390 2650 roprium

144 2646 297 2682 reditum
322 2658 344 2680 a
372 2645 465 2681 didit
488 2646 550 2688 iis,
583 2646 646 2692 qui
670 2646 714 2681 ab
739 2647 820 2693 ipso
846 2647 1035 2682 constituti
1057 2651 1160 2689 sunt,
1193 2647 1457 2692 sufficientem,
1484 2647 1547 2693 qui
1572 2651 1702 2690 tamen,
1727 2648 1759 2683 si
1783 2649 1866 2694 quis
1889 2648 2024 2684 multos
2047 2615 2289 2695 superaddat,
2315 2660 2389 2684 am-

141 2692 240 2740 plius
264 2691 422 2727 distendi
449 2691 561 2737 plane
590 2697 754 2737 nequeat.
803 2692 922 2738 Atque
946 2691 1034 2727 llaec
1058 2692 1200 2744 quidem
1228 2697 1512 2738 permanserunt
1568 2704 1608 2728 er
1632 2693 1780 2739 lonqum
1814 2697 1953 2740 tempus
1977 2694 2189 2736 observata,
2222 2698 2259 2729 et
2281 2705 2390 2740 quam

144 2737 207 2772 diu
230 2736 270 2771 id
289 2736 419 2780 siebat,
446 2736 641 2772 manebant
662 2737 770 2772 etiam
795 2737 891 2772 bona
915 2737 1120 2773 domesticis
1142 2737 1454 2772 sanctissimarum
1477 2748 1537 2773 ecc
1553 2738 1711 2774 esiarum
1734 2738 1971 2818 sffficientia.
2021 2739 2181 2775 Simulac
2206 2750 2289 2774 vero
2315 2741 2389 2786 epi-

143 2782 247 2829 scopi
278 2782 343 2817 deo
374 2782 554 2817 carissimi
583 2782 740 2817 assiduis
770 2782 1029 2818 nonnullorum
1058 2782 1232 2829 precibus
1263 2782 1392 2817 intenti
1423 2782 1474 2817 ad
1507 2794 1678 2835 maqnum
1711 2795 1753 2819 or
1780 2784 1999 2819 inandorum
2027 2796 2213 2820 numerum
2244 2796 2310 2820 eva
2337 2786 2390 2820 ati

143 2831 238 2870 sunt,
263 2838 507 2873 expensarum
523 2827 710 2873 quantitas
732 2828 770 2862 in
794 2827 1002 2863 immensum
1025 2831 1133 2863 aucta
1156 2831 1221 2869 est,
1245 2830 1281 2863 et
1302 2827 1461 2873 undique
1478 2828 1676 2864 creditores
1700 2833 1810 2875 atque
1832 2840 1978 2872 usurae,
2003 2829 2158 2875 denique
2172 2841 2217 2866 ne
2234 2841 2295 2865 cre
2321 2831 2388 2866 ito-

143 2884 203 2909 res
217 2873 360 2919 quidem
382 2876 538 2918 propter
558 2872 666 2917 fidem
691 2873 745 2908 rei
768 2873 840 2908 iam
857 2873 1048 2915 sublatam,
1070 2873 1135 2908 sed
1151 2873 1391 2908 alienationes
1415 2877 1585 2909 extortae
1608 2878 1644 2909 et
1667 2874 1878 2920 illeqitimae
1900 2878 2010 2921 atque
2029 2875 2176 2921 neqotia
2196 2875 2388 2911 tithonesta

144 2929 309 2964 quaeque
327 2929 371 2952 nc
417 2918 571 2953 rivatam
589 2918 731 2963 quidem
745 2918 888 2953 domum
908 2918 1063 2953 solidam
1083 2918 1250 2954 deceant:
1273 2917 1326 2952 ita
1346 2921 1387 2952 ut
1402 2929 1452 2953 ex
1471 2918 1647 2954 eiusmodi
1657 2920 1847 2965 pravitate
1860 2931 1975 2965 neque
1990 2920 2152 2967 praedia
2172 2932 2289 2966 neque
2306 2921 2388 2956 sub-

146 2963 286 2998 urbana
310 2962 360 2997 ad
405 2962 609 3009 ypothecas
632 2967 668 2998 et
686 2963 852 3009 piqnora
876 2964 1102 3009 sufficerent,
1127 2974 1243 3009 neque
1260 2962 1483 2998 creditorum
1503 2963 1547 2999 ob
1567 2963 1608 2999 id
1630 2964 1748 3011 ipsum
1767 2965 1876 3011 copia
1899 2970 2003 3007 esset,
2027 2965 2093 3000 sed
2116 2965 2167 3000 ad
2187 2970 2387 3001 caeti-emam

145 3008 307 3055 inopiam
331 3007 531 3050 deveniret,
564 3019 608 3043 ac
632 3019 677 3044 ne
700 3009 791 3054 ipsis
837 3008 954 3044 uidem
978 3009 1155 3044 ministris
1184 3008 1356 3043 alimenta
1379 3007 1560 3059 praebere
1583 3013 1729 3056 posset,
1762 3021 1883 3045 verum
1913 3021 1973 3046 res
2002 3011 2042 3045 in
2071 3014 2205 3046 statum
2230 3012 2387 3046 omnium

145 3053 382 3088 miserrimum
406 3052 644 3099 rediqeretur,
670 3058 711 3088 ut
734 3064 795 3089 cre
821 3053 976 3089 itoribus
999 3054 1180 3089 universis
1203 3053 1307 3088 bonis
1329 3063 1406 3087 suis
1430 3052 1580 3089 cederet.
1622 3053 1730 3097 Quod
1753 3058 1789 3090 et
1811 3054 1933 3091 dicere
1951 3054 2173 3091 haesitamus
2197 3060 2232 3091 et
2255 3067 2299 3091 ne
2319 3057 2389 3101 fiat

140 3098 384 3145 providemus.
421 3097 516 3133 Nam
537 3098 569 3132 si
588 3098 669 3143 quis
687 3109 778 3141 eum,
800 3098 864 3144 qui
883 3099 980 3133 ultra
999 3099 1200 3144 facultates
1223 3109 1311 3133 suas
1330 3101 1495 3144 sumptus
1510 3099 1617 3143 facit,
1642 3110 1717 3134 non
1738 3111 1854 3145 aequo
1872 3100 1977 3145 ferat
1994 3101 2127 3143 animo,
2153 3101 2240 3146 quin
2259 3101 2387 3136 harum

194 3192 207 3223 1
231 3186 389 3234 μεγάλην
412 3203 470 3223 om.
486 3191 517 3223 A
533 3190 545 3234 ΙΙ
566 3193 584 3224 8
605 3193 743 3231 τοίνυν]
765 3191 853 3235 γοῦν
866 3191 897 3223 Α
916 3191 927 3234 ΙΙ
943 3193 962 3225 9
984 3191 1047 3224 τοῦ
1068 3189 1228 3237 πράγμα-

146 3237 216 3275 τος]
239 3235 340 3268 huius
361 3245 476 3267 causac
494 3247 513 3271 ς
531 3235 543 3279 ΙΙ
563 3237 599 3269 11
627 3232 717 3268 αὐτὰ
732 3237 762 3268 L
782 3236 793 3279 ΙΙ
810 3233 997 3279 ἐμάθομεν
1009 3237 1040 3269 Α
1056 3235 1068 3281 ΙΙ
1094 3238 1129 3269 12
1151 3236 1229 3269 τῶν

147 3294 203 3313 om.
231 3278 273 3312 [1¹
304 3279 316 3324 ΙΙ
347 3278 414 3321 τὴν
443 3277 653 3332 ἆγιωτάτην
681 3279 871 3322 ἐκκλησίαν
894 3282 924 3313 L
948 3280 959 3325 ΙΙ
991 3283 1029 3315 13
1061 3277 1123 3314 οὐκ
1151 3279 1228 3314 ὀδο-

144 3328 226 3368 μίας
248 3323 293 3358 L¹
318 3326 329 3367 ΙΙ
359 3328 396 3358 14
419 3327 494 3365 του]
515 3323 556 3358 τὸ
576 3326 607 3358 A
631 3325 643 3369 ΙΙ
666 3329 703 3359 15
727 3322 851 3358 αὐτῶν
870 3326 901 3358 A
918 3325 929 3370 ΙΙ
947 3327 1147 3371 γινομένοις
1168 3327 1198 3359 L
1219 3328 1223 3369 Ι

147 3373 188 3404 20
213 3367 332 3403 τούτω
359 3370 406 3403 L2
425 3368 565 3403 τούτοις
585 3371 616 3403 A
638 3370 649 3414 ΙΙ
675 3373 714 3404 21
749 3366 881 3413 ὥρισας
901 3371 932 3403 L
955 3370 966 3415 ΙΙ
991 3368 1148 3404 δέδωκεν
1168 3373 1196 3425 A
1218 3370 1223 3414 Ι

146 3418 231 3456 τοῖς]
256 3413 323 3458 τὴν
343 3414 388 3448 L²
409 3416 453 3457 τῆ
475 3416 523 3448 L²
541 3415 552 3459 ΙΙ
569 3417 610 3449 22
632 3414 862 3456 καταστάσει,
884 3417 999 3449 deinde
1020 3428 1229 3457 κατασταση

148 3474 232 3495 corr.
258 3461 306 3494 L2
325 3460 336 3505 ΙΙ
355 3457 448 3494 Οὐδέ
464 3473 501 3493 τι
522 3460 755 3507 προσιΙὲπη*
780 3459 915 3502 πλῆτο*
950 3459 1142 3503 (πλῆθοςῖ)
1169 3461 1228 3503 L¹‚

1298 3192 1423 3236 πορεῖν
1452 3188 1511 3223 διὰ
1535 3191 1642 3224 τοῦτο
1666 3191 1697 3223 Α
1713 3190 1725 3234 ΙΙ
1746 3193 1786 3224 38
1817 3189 2082 3237 λειτουργοῦσιν
2105 3189 2224 3225 αὐτοῖς
2245 3190 2386 3225 διδόναι

1297 3234 1364 3278 τὴν
1393 3231 1606 3281 ἀποτροφὴν
1627 3236 1658 3268 A
1682 3235 1694 3279 ΙΙ
1721 3233 1839 3269 δίδοσι
1861 3237 1905 3270 L¹
1927 3236 1939 3281 ΙΙ
1957 3239 1998 3271 39
2031 3235 2073 3269 τὸ
2103 3237 2251 3282 πρᾶγμα
2275 3251 2334 3272 om.
2356 3240 2386 3271 A

1345 3339 1363 3371 3
1386 3336 1512 3369 debetis
1537 3335 1584 3370 V¹
1604 3337 1615 3380 ΙΙ
1633 3340 1651 3369 5
1677 3348 1794 3380 parum
1817 3339 1851 3371 V
1867 3339 1878 3382 ΙΙ
1900 3342 1936 3372 15
1963 3339 2114 3372 domibus
2136 3352 2192 3372 om.
2219 3338 2356 3373 lss1V¹T
2373 3340 2386 3385 ΙΙ

1304 3384 1341 3416 16
1364 3384 1585 3424 competentes
1601 3381 1647 3414 R¹
1664 3382 1675 3427 ΙΙ
1696 3393 1762 3415 esse
1782 3383 1818 3416 V
1822 3382 1835 3401 ¹
1852 3383 1863 3427 ΙΙ
1886 3386 1922 3418 17
1948 3386 2155 3425 quantosque
2171 3384 2256 3425 RV]
2280 3396 2384 3427 quan—

1298 3430 1349 3459 tos
1366 3428 1488 3469 Tvuly.
1506 3427 1517 3470 ΙΙ
1538 3429 1580 3461 20
1595 3427 1689 3468 haec]
1704 3429 1766 3460 hoc
1778 3429 1809 3462 Τ
1823 3427 1834 3472 ΙΙ
1852 3431 1894 3463 24
1909 3430 2042 3462 extendi
2055 3428 2105 3462 R2
2118 3430 2173 3462 vul
2197 3431 2216 3471 .]
2232 3441 2382 3463 exuam*

1299 3471 1347 3506 R²
1370 3472 1541 3505 excedenti
1562 3472 1598 3505 V
1602 3471 1615 3490 ¹
1637 3473 1807 3506 excedenti
1829 3474 1862 3507 V
1864 3474 1877 3494 2
1905 3474 2097 3507 extendenti
2121 3475 2155 3508 T
2184 3474 2189 3519 Ι
2217 3475 2383 3508 sufficien-

149 3503 243 3571 0ὖέἱὲ
260 3518 296 3539 'n
319 3505 430 3548 ταύτῃ
453 3505 705 3552 πρθσέΤῑἚ’θετο
726 3503 867 3548 πλῆθος
892 3505 939 3539 εἷς
958 3502 978 3539 3
999 3506 1047 3539 [1²
1070 3506 1081 3551 ΙΙ
1109 3509 1148 3540 23
1171 3504 1228 3561 33³·
1299 3520 1364 3550 tem
1384 3517 1452 3550 RV
1481 3516 1493 3560 ΙΙ
1521 3518 1563 3551 26
1589 3518 1800 3551 donauerunt
1819 3518 1893 3554 RV
1892 3520 1924 3552 T
1945 3521 1956 3562 ΙΙ
1977 3521 2018 3554 28
2039 3519 2301 3562 ordinationum]
2323 3522 2382 3565 leq.

147 3575 216 3595 νατ
241 3560 299 3604 L¹‚
325 3560 482 3596 δυνατὸν
506 3559 618 3604 αὐτὴν
642 3575 724 3596 corr.
746 3562 793 3594 L²
813 3562 824 3604 ΙΙ
842 3564 883 3596 24
904 3574 944 3607 γε
969 3564 1070 3597 om.A
1087 3562 1099 3607 ΙΙ
1119 3565 1160 3597 25
1187 3562 1230 3605 ἦν
1299 3562 1554 3595 ordinatorum?
1586 3561 1598 3606 ΙΙ
1627 3565 1665 3596 31
1702 3566 1813 3595 autem
1843 3564 1993 3606 undique
2016 3564 2054 3597 V
2057 3564 2072 3585 ²
2101 3567 2208 3617 suppl.
2233 3567 2266 3599 in
2298 3575 2380 3609 spat.

148 3605 248 3649 ἔμενε
276 3609 332 3649 M]
368 3600 412 3649 ἦν
443 3606 559 3651 ἔμεινε
583 3609 614 3640 Α
647 3608 813 3649 ἐνέμενεν
839 3609 867 3640 L
897 3611 908 3649 ΙΙ
940 3609 981 3641 26
1018 3607 1125 3642 οἴκοις
1146 3607 1231 3651 ΑςΙΙ

149 3655 188 3686 27
212 3652 462 3695 ἑξηνέχθησαν
479 3654 510 3686 A
537 3653 548 3696 ΙΙ
571 3655 612 3686 29
634 3649 767 3685 πολλα*
789 3651 836 3686 L¹
857 3653 868 3696 ΙΙ
893 3655 930 3686 31
959 3650 1041 3686 οὔτε
1066 3654 1097 3686 A
1123 3652 1128 3696 Ι
1161 3651 1228 3686 λοι-

149 3695 219 3730 πὸν
261 3711 321 3731 om.
349 3709 369 3734 ς
396 3696 409 3742 ΙΙ
435 3694 502 3740 ἤδη
528 3711 586 3731 om.
608 3699 638 3730 A
669 3697 680 3738 ΙΙ
708 3699 751 3732 33
783 3698 938 3731 οἰκοῄιας
957 3696 1004 3731 L¹
1023 3698 1036 3751 ΙΙ
1057 3700 1098 3731 34
1122 3697 1230 3738 αξίως

150 3745 180 3775 Α
201 3742 314 3784 (αξίας
334 3743 391 3785 ςῩ)
405 3742 426 3787 ΙΙ
446 3746 498 3777 34.
522 3745 562 3778 35
590 3739 707 3786 *μηδὲ
728 3763 769 3767 -—
791 3740 881 3786 μηδὲ
899 3742 911 3787 ΙΙ
928 3745 970 3777 36
989 3754 1079 3786 μητε
1099 3744 1130 3776 A
1149 3744 1161 3787 ΙΙ
1177 3740 1229 3775 εὐ-

1299 3621 1367 3642 vac,
1385 3607 1396 3650 ΙΙ
1416 3607 1596 3639 nouissima
1615 3610 1658 3648 et]
1683 3609 1862 3641 nouissima
1880 3610 1978 3642 etiam
1992 3610 2065 3643 RV
2080 3611 2261 3643 nouissime
2274 3613 2358 3654 vulq.
2379 3611 2384 3654 Ι

1300 3655 1341 3686 33
1366 3652 1578 3685 alienationis
1600 3653 1637 3686 V
1643 3651 1651 3670 ¹
1672 3652 1683 3696 ΙΙ
1704 3655 1745 3687 38
1773 3654 1983 3687 descenderet
2002 3655 2035 3688 V
2053 3654 2066 3700 ΙΙ
2086 3657 2157 3696 nec]
2187 3656 2273 3688 hec?
2304 3649 2341 3690 V
2346 3655 2359 3675 ¹

1298 3698 1378 3740 ipsis
1398 3709 1455 3730 om.
1472 3697 1504 3730 V
1522 3697 1534 3741 ΙΙ
1551 3700 1592 3730 39
1618 3698 1782 3731 sufficeret
1796 3699 1863 3732 RV
1878 3699 1889 3743 ΙΙ
1908 3700 2022 3732 uiuam
2038 3701 2070 3734 R
2089 3703 2101 3744 ΙΙ
2117 3703 2160 3734 40
2184 3712 2314 3733 causam
2326 3703 2360 3735 R

1299 3742 1532 3775 descenderent
1555 3743 1591 3776 V
1604 3743 1617 3788 ΙΙ
1632 3745 1672 3777 41
1698 3743 1808 3784 etiam]
1833 3746 1865 3776 et
1886 3745 1922 3778 V
1932 3744 1945 3789 ΙΙ
1964 3745 2088 3778 diceret
2108 3745 2157 3778 13¹
2176 3747 2187 3789 ΙΙ
2205 3748 2246 3780 43
2266 3747 2330 3779 fert
2351 3747 2384 3780 V

2061 3802 2107 3834 3*
