2612 4016
1272 161 1350 212 791

219 279 280 311 ἐπὶ
303 276 444 322 Λιβύης
474 280 535 312 καὶ
565 278 630 312 τοῦ
654 274 851 322 Μαρεώτου
873 280 933 312 καὶ
957 277 1024 311 τοῦ
1048 274 1271 311 Μενελαΐτου
1293 277 1356 318 τῆς
1378 275 1622 323 Αἰγυπτιακῆς
1645 275 1782 312 πόλεως
1804 280 2068 324 πραττομένων
2092 279 2152 313 ἐπὶ
2175 280 2254 313 ταῖς
2277 278 2433 324 largitio-

217 321 367 357 nalicatc
396 321 620 368 εἰσπράξεσι,
651 321 801 357 καθάπε
854 322 1043 367 εἰρήκαμεν
1073 318 1150 355 δεῖν
1179 320 1356 367 γενέσθαι
1386 321 1447 355 ἐπὶ
1475 321 1539 364 τῆς
1558 316 1823 368 Ἀλεξανδρέων
1853 325 1913 357 καὶ
1944 324 2114 368 ἑκατέρας
2135 321 2318 370 Αἰγύπτου
2345 335 2432 369 προ·

218 363 327 412 φάσει
345 367 423 401 τῶν
444 364 649 412 ἇρκαρικῶν
672 335 908 414 εἴσπράὲεων.

219 181 280 212 m
305 179 602 212 AEGYPmms
630 178 880 218 Paovmcns
2032 166 2110 212 Ed.
2128 167 2234 212 XIII
2265 168 2433 212 20-22

1185 431 1343 468 CAPUT
1365 432 1463 468 XXI.

351 497 443 534 Οὔτε
472 497 514 534 δὲ
543 498 612 535 τὸν
642 500 720 535 τῶν
750 497 897 534 ναύλων
927 499 1034 546 λόγον
1063 498 1145 533 οὔτε
1176 499 1242 534 τὸν
1272 500 1335 542 τῆς
1363 497 1474 543 ἰδικῆς
1504 503 1576 554 καὶ.
1589 502 1731 547 γενικῆς
1753 504 1932 556 τραπέζης
1953 503 2017 536 τοῦ
2036 500 2265 556 ’δικαστηρίου
2288 500 2352 544 τῆς
2371 501 2434 544 σῆς

217 540 389 588 ὑπεροχῆς
419 545 512 587 ἐχειν
543 544 854 598 τινὰ-μετουσίαν
885 543 1072 579 παντελῶς
1096 540 1184 588 πρὸς
1207 543 1277 599 τῂν
1300 544 1489 599 εἰρημένην
1511 558 1576 579 του
1602 547 1764 590 Λιβυκοῦ
1790 545 1931 591 λιμιτου
1956 544 2071 602 άρχην
2093 560 2134 582 τε
2158 550 2218 581 καὶ
2241 546 2431 591 εἴσπραξιν
2456 551 2476 584 5

217 601 234 618 e
251 601 267 619 ο
285 601 302 619 ιι
324 589 433 623 οὔσας
456 588 518 623 τάς
540 602 580 624 τε
603 603 671 624 νυν
695 589 996 636 προστιθεμένας,
1020 592 1184 623 τουτέστι
1207 602 1273 623 τον
1288 592 1495 635 Μαρεωτην
1516 593 1576 624 καὶ
1599 591 1668 625 τὸν
1685 589 1914 633 Μενελαΐτην
1937 605 2006 635 την
2029 591 2139 627 πόλιν
2155 592 2240 636 (τῆς
2264 591 2433 636 πρώτης)

214 632 293 666 τῶν
315 633 534 679 Αἰγυπτίων
555 637 737 680 επαρχίας,
762 631 808 668 δι’
834 630 893 668 ὅτι
917 633 1129 679 φθάσαντες
1152 631 1220 677 ἢδη
1244 630 1527 677 διῳκησάμεθα·
1550 638 1611 669 καὶ
1635 633 1678 679 δὴ
1701 636 1822 670 πάντα
1845 637 1912 671 τὸν
1935 635 2076 671 κανόνα
2097 637 2164 670 τόν
2180 649 2220 670 τε
2237 637 2275 669 ἐκ
2292 636 2432 679 Λιβύης

213 679 273 710 καὶ
303 679 368 712 τοῦ
393 676 595 726 Μαρεώτου
623 682 684 713 καὶ
712 679 777 714 τοῦ
802 677 1024 718 Μενελαΐτου
1052 679 1115 721 τῆς
1145 675 1286 713 πόλεως
1316 677 1599 723 συντελούμενον
1628 678 1722 714 καθ’
1756 679 1970 724 οἱονδήποτε
1997 680 2138 727 τρόπον
2161 681 2199 721 ἐξ
2218 678 2432 723 οἷουδήποτε

214 720 336 756 τίτλου
367 724 444 757 τῶν
475 722 690 768 ἀνηκόντων
721 724 770 757 εἰς
795 723 865 767 τὴν
891 721 1006 769 ἀρχὴν
1037 723 1101 766 τῆς
1132 723 1195 766 σῆς
1225 719 1398 768 ὑπεροχῆς
1418 724 1476 762 ,εἰς
1499 724 1633 759 ταύτας
1656 727 1856 772 προχωρεῖν
1879 725 1944 760 τὰς
1967 723 2134 761 δαπάνας
2158 723 2199 760 ἃς
2217 726 2433 770 ἔμπροσθεν

213 766 411 813 εἰρήκαμεν,
438 771 603 803 τουτέστι
633 767 698 803 τάς
727 780 767 802 τε
798 765 1008 813 ἄποτροφὰς
1038 765 1116 802 τῶν
1146 764 1336 813 ἀρχόντων
1366 771 1428 801 καὶ
1460 770 1538 802 τῶν
1566 769 1706 809 τάξεων
1736 769 1802 804 τάς
1830 782 1872 804 τε
1902 771 2164 816 στρατιωτικὰς
2190 770 2253 805 τάς
2284 782 2324 804 τε
2354 770 2432 804 τῶν

213 811 432 856 σολεμνίων·
450 813 606 848 πάντων
621 814 698 847 τῶν
715 813 896 859 προφάσει
911 813 990 847 τῶν
1005 812 1294 857 largitionalicaJv
1310 813 1492 858 εἰσφορῶν
1508 813 1707 859 εἰρημένων
1723 811 1809 860 ἡμῖν
1826 816 1864 849 ἐκ
1879 815 2016 860 τρόπου
2031 814 2170 850 παντὸς
2185 814 2431 862 κρατούντων.

1186 924 1345 961 CAPUT
1368 924 1484 961 XXII.

343 988 487 1034 Ἐπειδὴ
511 988 551 1025 δὲ
572 994 632 1025 καὶ
654 989 782 1026 τούτου
805 991 896 1026 τιθέ
919 991 993 1026 εθα
1017 991 1195 1036 πρόνοιαν
1219 992 1285 1026 τοῦ
1308 992 1357 1036 μὴ
1381 991 1463 1027 τοὺς
1483 990 1672 1038 ἡμετέρους
1692 991 1870 1036 ὑπηκόους
1893 992 2009 1028 πολλὰ
2032 991 2261 1039 διαστήματα
2281 997 2341 1029 καὶ
2363 995 2433 1038 τὴν

211 1036 389 1071 ἐντεῦθεν
418 1035 617 1080 συντριβὴν
639 1033 834 1080 ὑπομένειν
854 1034 877 1070 οἷ
903 1038 1116 1080 ικουμένους,
1143 1034 1259 1071 ἄλλως
1280 1049 1320 1071 τε
1345 1035 1406 1071 διὰ
1430 1036 1473 1071 τὸ
1499 1037 1566 1071 τὸν
1590 1039 1796 1083 Μαρεώτην
1819 1041 1880 1072 καὶ
1902 1042 2047 1082 γείτονα
2070 1038 2164 1074 εἶναι
2186 1040 2251 1083 τῆς
2271 1036 2432 1080 Ἀλεξαν-

210 1079 328 1126 δρέων
345 1083 409 1115 καί
427 1091 529 1116 τινας
550 1082 630 1115 τῶν
653 1082 765 1115 ἐκεῖσε
787 1080 1052 1128 ταραττόντων
1075 1079 1355 1127 ἀφικνουμένους
1378 1083 1426 1117 εἰς
1448 1081 1516 1116 τὸν
1540 1083 1747 1129 Μαρεώτην
1769 1085 1896 1128 μηκέτι
1920 1081 2076 1118 δεδιέναι
2099 1083 2169 1119 τὸν
2190 1085 2254 1128 τῆς
2270 1081 2431 1127 Ἀλεξαν-

210 1123 328 1168 δρέων
359 1125 602 1182 περίβλεπτον
633 1123 904 1172 αὖγουστάλιον,
934 1126 1161 1171 θεσπίζομεν
1189 1122 1285 1161 ὥστε
1315 1126 1383 1162 τὸν
1412 1126 1505 1161 κατὰ
1534 1125 1664 1172 καιρὸν
1695 1127 1954 1174 λαμπρότατον
1976 1129 2039 1172 τῆς
2062 1126 2221 1174 Λιβύων
2243 1128 2431 1165 πολιτικὸν

210 1170 368 1216 ἄρχοντα
395 1168 512 1216 ανδρα
544 1169 780 1217 ἐπιλέγεσθαι
811 1172 931 1214 οἰκείῳ
955 1169 1115 1215 κινδύνῳ
1139 1169 1340 1206 σπουδαῖον
1364 1174 1424 1206 καὶ
1447 1172 1579 1207 τοῦτον
1603 1174 1692 1207 ἐκπέ
1717 1185 1800 1208 πειν
1823 1172 1889 1208 τὸν
1912 1173 2023 1208 αὐτοῦ
2043 1173 2160 1209 τόπον
2182 1174 2368 1220 ἐφέξοιτα,
2392 1172 2432 1209 ὃς

208 1215 395 1250 καθἰεἶται
452 1217 492 1249 ὲν
523 1216 564 1249 ἐν
593 1217 649 1259 τῷ
672 1213 854 1263 Μαρεώτῃ
887 1219 947 1250 καὶ
978 1217 1032 1260 τῷ
1058 1214 1263 1264 Μενελαΐτῃ
1297 1218 1339 1264 τῇ
1370 1215 1485 1259 πόλει,
1519 1218 1596 1252 τῶν
1620 1215 1660 1251 δὲ
1707 1219 1796 1252 ικιῦν
1818 1218 2051 1264 χρηματικῶν
2074 1222 2134 1253 καὶ
2157 1219 2432 1266 εγκληματικῶν

208 1263 269 1295 καὶ
291 1262 370 1295 τῶν
389 1229 512 1295 ἄλλων
537 1257 717 1296 ἁπάντων
740 1262 818 1295 τῶν
842 1262 882 1296 έν
904 1262 950 1308 τῇ
973 1260 1165 1308 περιοικίδι
1189 1265 1252 1296 τοῦ
1278 1260 1478 1308 Μαρεώτου
1502 1266 1561 1296 καὶ
1585 1264 1648 1297 τοῦ
1674 1262 1897 1298 Μενελαΐτου
1920 1265 1983 1307 τῆς
2005 1262 2145 1299 πόλεως
2167 1267 2432 1310 πραττομένων

209 1303 425 1351 ἀκροάσεται
456 1308 516 1340 καὶ
543 1304 590 1340 τοὶ
623 1305 852 1360 προσήκοντα
871 1306 1013 1352 πράξει,
1044 1309 1105 1340 καὶ
1128 1306 1165 1340 εἴ
1182 1318 1276 1341 τινες
1299 1308 1377 1342 τῶν
1396 1306 1661 1353 Ἀλεξανδρέων
1684 1306 1897 1343 στασιώδεις
1919 1309 2081 1354 φύγοιεν,
2104 1308 2249 1344 τούτους
2270 1312 2331 1344 καὶ
2351 1308 2431 1344 συλ-

2457 776 2500 809 10

2458 1134 2498 1168 15

208 1348 360 1395 λήψεται
389 1353 448 1384 καὶ
479 1349 597 1385 στελεῖ
626 1362 716 1396 προς
745 1351 816 1404 ε’,τὸν
843 1351 1087 1397 περίβλεπτον
1111 1349 1372 1398 αὐγουστάλιον
1396 1350 1573 1397 δημοσίαν
1596 1352 1791 1397 ἐπιστολὴν
1814 1353 1905 1407 πρρς
1928 1355 2065 1388 ἐκεῖνον
2089 1352 2310 1398 ποιούμενος,
2335 1351 2432 1389 ὥστε
2454 1359 2498 1392 20

206 1393 320 1439 μηδὲν
350 1392 585 1439 ἀνεκδίκητον
614 1397 691 1430 τῶν
721 1407 835 1430 ουτως
865 1400 1129 1442 πραττομένων
1161 1396 1525 1442 παραλιμπάνεσθαι.
1574 1398 1605 1432 εἰ
1632 1400 1759 1443 μέντοι
1788 1411 1983 1445 φυγοντων
2004 1400 2120 1434 τινῶν
2143 1397 2364 1434 στασιωδῶν
2383 1400 2431 1434 εἰς

206 1439 274 1475 τὸν
298 1440 504 1485 Μαρεώτην
523 1438 543 1474 ὁ
569 1440 805 1486 περίβλεπτος
829 1438 1084 1487 αύγουστάλιος
1106 1441 1305 1486 βουληθείη
1328 1442 1475 1477 τούτους
1496 1446 1650 1487 συσχεῖν,
1682 1442 1811 1478 ἄδειαν
1835 1443 1905 1485 ἕξει
1929 1445 1994 1478 ἕνα
2017 1445 2096 1478 τῶν
2118 1441 2180 1481 ὑπ’
2207 1442 2323 1480 αὐτὸν
2345 1457 2430 1489 κομ-

205 1489 459 1530 μενταρησίων
483 1486 682 1530 ἐκπέμπειν
705 1482 782 1530 ἅμα
806 1483 961 1530 δημοσίᾳ
985 1486 1157 1534 ἐπιστολῇ
1182 1487 1272 1531 πρὸς
1291 1485 1360 1522 τὸν
1384 1487 1592 1533 πληροῦντα
1615 1488 1684 1523 τὸν
1706 1488 1826 1524 τόπον
1839 1490 1904 1523 τοῦ
1921 1488 2176 1535 λαμπροτάτου
2194 1490 2256 1533 τῆς
2271 1489 2431 1534 Λιβύων

207 1531 377 1576 ἐπαρχίας
407 1528 430 1563 ἄ
455 1542 589 1573 χοντος,
622 1527 717 1565 ὥστε
747 1535 903 1578 προνοίᾳ
935 1528 1044 1566 αὐτοῦ
1076 1535 1138 1566 καὶ
1160 1529 1320 1575 κινδύνῳ
1344 1533 1563 1576 συνέχεσθαι
1583 1536 1644 1567 καὶ
1668 1532 1944 1579 παραδίδοσθαι
1966 1534 2050 1569 τοὺς
2073 1531 2349 1578 ἀτακτῆσαντας
2370 1537 2431 1569 καὶ

207 1576 268 1610 ἐπὶ
297 1575 367 1618 τὴν
394 1575 433 1608 Ἀ
456 1573 659 1621 εξανδρέων
689 1576 954 1620 ἐκπέμπεσθαι.
1003 1574 1224 1624 ἀφορίζομεν
1255 1577 1324 1622 γὰρ
1349 1579 1402 1621 τῷ
1440 1578 1615 1623 εἰρημένῳ
1650 1580 1877 1626 τοποτηρητῇ
1914 1582 1975 1613 καὶ
2010 1578 2121 1613 εἴκοσι
2153 1577 2338 1621 ταξεώτας
2366 1580 2431 1623 τῆς

206 1619 342 1660 τάξεως
371 1620 435 1663 τῆς
464 1621 684 1664 πειθομένης
709 1621 760 1663 τῷ
785 1622 968 1676 ἐπιχωρίῳ
990 1622 1052 1664 τῆς
1076 1619 1233 1666 Λιβύων
1257 1620 1416 1668 ἄρχοντι,
1441 1626 1501 1657 καὶ
1524 1623 1750 1669 στρατιώτας
1773 1625 1851 1658 τῶν
1874 1625 1985 1658 ἐκεῖσε
2011 1622 2215 1670 ἱδρυμένων
2238 1624 2285 1668 ἆχ
2308 1639 2322 1658 ι
2345 1637 2431 1660 πεν-

206 1663 366 1708 τήκοντα
393 1663 462 1699 τὸν
489 1661 665 1711 ἀριθμόν,
697 1662 792 1700 ὥστε
824 1668 940 1701 αυτὸν
966 1666 1062 1709 ἐχειν
1088 1670 1149 1701 καὶ
1179 1667 1263 1702 τοὺς
1286 1666 1534 1703 ὑπακούοντας
1556 1671 1617 1702 καὶ
1638 1669 1722 1703 τοὺς
1745 1666 2013 1715 ύπουργοῦντας
2035 1672 2095 1703 καὶ
2120 1668 2250 1704 ἱκανὸν
2271 1683 2288 1704 ε
2302 1682 2365 1704 ναι
2381 1668 2430 1703 τὰ

206 1708 435 1756 προσήκοντα
465 1709 652 1756 πράττειν.
701 1709 965 1757 ύπουργήσουσι
996 1709 1036 1745 δὲ
1067 1709 1166 1755 αὐτῷ
1197 1710 1234 1746 οἱ
1262 1712 1442 1760 εἰρημένοι
1464 1713 1645 1754 ταξεῶται
1665 1716 1726 1748 καὶ
1749 1715 1973 1758 στρατιῶται
1995 1714 2058 1748 ἐπί
2078 1726 2118 1749 τε
2140 1715 2185 1762 τῇ
2209 1714 2431 1750 καταστάσει

205 1898 402 1936 Menelaila
425 1899 514 1936 urbe
535 1899 638 1947 Aeqy
668 1900 763 1936 tiaca
778 1904 1010 1947 peraqentur
1033 1901 1071 1936 in
1095 1900 1388 1948 larqitionalibus
1410 1902 1675 1946 exactionibus,
1707 1902 2007 1948 quemadmodum
2031 1903 2192 1941 diximus
2210 1904 2298 1950 fieri
2321 1915 2430 1951 opor-

205 1949 280 1981 tere
302 1945 340 1981 in
363 1944 452 1980 urbe
475 1944 618 1981 Alexan
645 1945 809 1980 rinorum
832 1949 869 1980 et
891 1949 1047 1991 utraque
1069 1947 1237 1993 Aeqypto
1263 1947 1454 1983 occasione
1476 1947 1704 1983 arcariarum
1725 1948 1968 1985 exactionum.

338 1989 438 2026 XXI.
485 1988 612 2034 Neque
643 2000 730 2026 vero
761 1989 955 2025 naulorum
985 2001 1102 2042 neque
1130 1990 1300 2037 specialis
1330 1995 1366 2026 et
1384 1992 1566 2044 generalis
1589 2003 1734 2028 mensae
1758 1992 1950 2028 tribunalis
1971 1993 2203 2030 sublimitatis
2225 1997 2309 2029 tuae
2331 1995 2430 2030 ratio

207 2034 399 2080 quicquam
423 2043 608 2069 commune
631 2033 761 2069 habeat
784 2044 864 2068 cum
885 2034 983 2069 dicta
1002 2034 1130 2087 Libyci
1154 2035 1277 2070 limitis
1300 2035 1616 2071 administratione
1637 2040 1674 2071 et
1695 2037 1889 2072 exactione
1913 2040 1986 2072 tam
2005 2038 2045 2072 in
2066 2037 2267 2084 provinciis
2282 2039 2430 2086 pridem

206 2080 240 2114 ei
269 2077 438 2114 subiectis
469 2088 578 2124 quam
609 2078 646 2113 in
679 2077 735 2112 his
764 2088 859 2123 quae
886 2088 983 2113 nunc
1013 2078 1230 2121 adiciuntur,
1261 2078 1302 2113 id
1328 2083 1382 2114 est
1404 2079 1575 2115 Mareota
1604 2084 1640 2115 et
1659 2079 1857 2116 Menelaita
1888 2081 1978 2116 urbe
1998 2082 2142 2128 primae
2165 2083 2218 2118 Ae
2260 2083 2430 2129 ptiorum

205 2122 426 2170 provinciae,
451 2121 645 2158 secundum
668 2121 707 2157 id
729 2121 834 2167 quod.
851 2125 958 2158 antea
982 2121 1038 2156 dis
1065 2123 1247 2164 osuimus;
1275 2127 1312 2158 et
1335 2127 1431 2158 tolus
1455 2134 1574 2159 canon
1598 2124 1663 2170 qui
1685 2129 1758 2160 tam
1782 2134 1832 2160 ex
1855 2124 1972 2171 Libya
1996 2136 2104 2173 quam
2127 2136 2178 2162 ex
2200 2093 2370 2163 thgr-eota
2394 2131 2430 2163 et

207 2167 403 2204 Menelaita
433 2166 522 2203 urbe
551 2166 743 2212 confertur
773 2166 933 2212 quolibet
959 2177 1018 2202 mo
1046 2177 1068 2202 o
1095 2177 1146 2203 ex
1175 2167 1333 2213 quolibet
1364 2167 1470 2204 titulo
1498 2179 1621 2204 eorum
1671 2169 1709 2204 ui
1724 2170 1909 2215 pertinent
1931 2169 1981 2205 ad
2005 2174 2089 2206 tuae
2110 2170 2341 2207 sublimitatis
2364 2171 2429 2207 ad-

206 2212 510 2248 ministrationem
543 2211 593 2247 ad
621 2210 688 2247 has
718 2211 900 2257 impensas
922 2211 1107 2258 procedat
1137 2222 1230 2257 quas
1259 2222 1374 2258 supra
1402 2212 1574 2256 diximus,
1605 2213 1619 2248 i
1673 2219 1728 2249 est
1758 2213 1809 2249 ad
1831 2214 1962 2250 victum
1983 2215 2260 2296 praefectorum
2283 2219 2319 2252 et
2342 2217 2429 2268 offi-

206 2259 363 2299 ciorum,
394 2261 429 2293 et
458 2256 632 2292 militares
661 2259 698 2292 et
725 2255 950 2291 sollemnium
979 2259 1165 2303 sumptus:
1199 2258 1339 2293 cunctis
1369 2267 1463 2303 quae
1492 2257 1537 2293 de
1560 2258 1853 2304 larqitionalibus
1876 2258 2067 2295 collationi
2091 2270 2135 2296 us
2157 2260 2308 2297 anobis
2329 2261 2428 2297 dicta

206 2306 291 2339 sunt
313 2302 412 2338 omni
432 2300 539 2337 modo
565 2300 808 2337 observandis.

340 2346 457 2382 XXII.
504 2344 681 2389 Quoniam
712 2355 796 2381 vero
826 2345 934 2381 etiam
966 2345 1050 2381 huic
1079 2345 1134 2381 rei
1149 2345 1397 2393 providemus,
1429 2357 1474 2382 ne
1495 2346 1631 2383 subditi
1653 2348 1771 2383 nostri
1793 2348 1930 2383 iniuria
1953 2347 2078 2394 affecti
2101 2349 2213 2397 lonqa
2235 2350 2428 2388 intervalla

206 2395 241 2428 et
294 2402 362 2427 uae
389 2391 473 2427 inde
503 2395 558 2427 est
580 2390 778 2426 molestiam
796 2390 1000 2436 patiantur,
1024 2392 1060 2426 et
1076 2391 1295 2436 praesertim
1319 2401 1399 2426 cum
1423 2392 1589 2427 Mareota
1610 2392 1694 2428 urbi
1714 2392 2051 2429 Alexandrinorum
2069 2394 2189 2430 vicina
2209 2395 2261 2430 sit
2281 2398 2318 2431 et
2339 2406 2428 2431 non-

205 2448 255 2472 αα
283 2436 298 2471 i
325 2447 450 2472 eorum
474 2435 538 2482 qui
560 2436 637 2471 illic
658 2435 849 2470 seditiones
867 2435 1033 2470 excitant
1055 2434 1105 2470 ad
1127 2434 1327 2471 Mareotam
1345 2436 1598 2482 pervenientes
1621 2447 1695 2472 non
1718 2437 1791 2472 iam
1814 2441 1976 2473 metuant
1992 2447 2012 2472 s
2039 2437 2222 2475 ectabilem
2245 2441 2427 2486 Auqusta-

206 2482 273 2517 lem
304 2481 404 2517 urbis
426 2480 770 2521 Alexandrinorum,
800 2479 992 2522 sancimus,
1021 2482 1062 2514 ut
1084 2479 1150 2525 qui
1170 2490 1315 2526 quoque
1338 2486 1499 2527 tempore
1522 2480 1744 2516 clarissimus
1763 2482 1976 2528 provinciae
2030 2482 2151 2527 ibyum
2174 2483 2290 2519 civilis
2313 2484 2427 2521 iudex

206 2530 260 2562 est
287 2525 447 2573 proprio
507 2525 642 2561 erieulo
678 2525 793 2560 virum
822 2523 975 2570 probum
1006 2523 1118 2570 eliqat
1148 2534 1298 2570 eumque
1328 2525 1467 2561 emittat
1496 2526 1572 2561 vice
1600 2536 1669 2561 sua
1697 2526 1930 2570 functurum,
1967 2528 2034 2573 qui
2060 2527 2180 2564 sedem
2214 2528 2358 2565 habebit
2386 2530 2426 2564 in

207 2570 376 2606 Mareota
398 2574 435 2605 et
498 2569 653 2606 enelaita
677 2569 775 2611 urbe,
799 2573 835 2604 et
851 2568 1088 2614 pecuniarias
1111 2571 1146 2604 et
1168 2568 1374 2605 criminales
1397 2579 1528 2605 causas
1550 2573 1585 2605 et
1607 2574 1746 2606 ceteras
1769 2581 1892 2606 omnes
1914 2581 2008 2624 quae
2026 2571 2065 2606 in
2084 2572 2216 2608 vicinia
2238 2572 2427 2610 Mareotae

206 2620 243 2652 et
260 2614 478 2651 Menelaitae
501 2614 603 2651 urbis
625 2614 811 2661 aqitantur
834 2613 955 2649 audiet
978 2617 1014 2648 et
1036 2623 1130 2658 quae
1152 2613 1248 2649 iusta
1270 2618 1357 2649 sunt
1374 2614 1512 2666 faciet:
1535 2618 1571 2650 et
1592 2615 1626 2650 si
1641 2615 1704 2660 qui
1719 2614 2053 2652 Alexandrmorum
2068 2616 2234 2653 seditiosi
2242 2618 2426 2664 suqerint,

207 2660 275 2695 hos
304 2659 582 2706 comprehendet
612 2662 647 2694 et
673 2659 788 2693 mittet
815 2657 1006 2704 spectabili
1031 2657 1237 2701 Augustali,
1269 2658 1400 2694 litteris
1428 2658 1585 2704 publicis
1615 2660 1665 2694 ad
1694 2670 1773 2695 eum
1804 2659 1912 2703 datis,
1943 2664 1985 2696 ut
2007 2659 2100 2696 nihil
2120 2661 2174 2697 ita
2197 2663 2424 2699 commissum

208 2704 363 2739 inultum
397 2703 635 2750 relinquatur.
690 2701 829 2745 Quodsi
859 2701 1052 2737 seditiosos
1087 2701 1262 2748 quosdam
1296 2703 1335 2738 in
1371 2703 1572 2739 Mareotam
1607 2703 1751 2750 elapsos
1783 2704 1991 2751 spectabilis
2021 2707 2236 2751 Auqustalis
2270 2708 2426 2744 voluerit

207 2747 524 2795 comprehendere,
554 2747 673 2783 licebit
703 2746 736 2783 ei
765 2757 875 2782 unum
907 2756 957 2782 ex
987 2746 1362 2784 commentariensibus
1391 2749 1465 2794 ipsi
1487 2748 1702 2793 parentibus
1732 2750 1893 2785 emittere
1922 2759 2003 2785 eum
2035 2749 2167 2786 litteris
2192 2752 2354 2798 publicis
2376 2752 2427 2788 ad

207 2793 381 2829 vicarium
412 2792 604 2828 clarissimi
631 2791 760 2827 iudicis
786 2791 852 2827 Lib
881 2801 939 2826 um
968 2790 1195 2837 provinciae,
1228 2795 1270 2828 ut
1298 2802 1388 2827 cura
1418 2793 1495 2827 eius
1525 2796 1562 2828 et
1588 2793 1753 2839 periculo
1785 2793 2139 2841 comprehendantur
2169 2800 2206 2831 et
2229 2797 2424 2833 tradantur

206 2838 367 2873 seditiosi
397 2840 433 2873 et
461 2836 512 2872 ad
540 2837 662 2874 urbem
686 2802 1017 2887 Alexandrinorum
1044 2836 1258 2888 mittantur..
1290 2837 1527 2888 Assiqnamus
1555 2838 1648 2873 enim
1678 2837 1776 2874 dicto
1806 2839 1943 2875 vicario
1964 2839 2071 2874 etiam
2092 2840 2222 2886 viqinti
2243 2841 2424 2887 officiales

206 2893 256 2918 ex
280 2882 407 2927 officio
426 2881 647 2928 provinciali
668 2880 820 2926 Libyum
844 2880 953 2915 iudici
974 2882 1128 2926 parente
1151 2883 1187 2915 et
1208 2880 1340 2917 milites
1362 2892 1411 2917 ex
1434 2882 1479 2916 n's
1501 2881 1565 2927 qui
1587 2881 1637 2917 ibi
1659 2882 1792 2919 stativa
1815 2882 1947 2920 habent
1969 2884 2056 2930 quin
2083 2885 2236 2931 uaqinta
2259 2897 2422 2928 numero,

207 2930 247 2961 ut
276 2927 355 2971 ipse
386 2926 517 2961 habeat
547 2927 610 2977 qui
640 2926 674 2961 ei
700 2925 1011 2976 obtemperent-et
1032 2924 1237 2977 ministrent
1257 2928 1293 2960 et
1315 2925 1433 2961 valeat
1456 2926 1505 2961 ad
1527 2926 1670 2980 aqenda
1693 2938 1788 2973 quae
1812 2938 1905 2974 opus
1927 2935 1992 2965 est.
2038 2894 2281 2966 thinis-terium
2305 2936 2424 2967 autem

206 2971 243 3005 ei
265 2969 494 3016 praebebunt
521 2969 609 3004 dicti
639 2968 821 3014 officiales
849 2973 886 3004 et
915 2969 1044 3004 milites
1073 2971 1146 3004 tam
1175 2980 1214 3004 m
1247 2970 1493 3006 conservanda
1522 2971 1716 3018 disciplina
1747 2983 1856 3018 quam
1886 2973 1925 3008 in
1954 2972 2107 3020 reliquis
2138 2974 2302 3011 omnibus
2330 2986 2425 3021 quae

256 3162 268 3193 1
297 3158 618 3202 εἰσπραττομένων
642 3156 692 3198 Μ,
717 3169 797 3190 corr.
824 3155 1010 3192 Zachariae
1025 3157 1037 3200 ΙΙ
1055 3156 1277 3200 largitionali-

208 3205 274 3237 σεῖε
298 3204 343 3236 Μ
363 3202 376 3246 ΙΙ
410 3206 430 3236 5
454 3198 602 3245 λιβύκοῦ
627 3202 670 3234 M
695 3200 709 3245 ss
735 3203 756 3234 6
781 3202 928 3235 lacunam
953 3203 1071 3235 detexit
1094 3203 1277 3246 Aqylaeusz

208 3249 326 3282 excidit
343 3248 420 3290 sere
450 3246 543 3280 κατά
573 3257 614 3279 τε
643 3245 707 3279 τὰς
740 3242 918 3291 πρότερον
946 3243 1006 3280 ὑπ’
1030 3244 1144 3288 αὐτὴν
1173 3246 1186 3291 ΙΙ
1217 3248 1279 3290 τῆς

206 3290 353 3339 πρώτης
378 3304 440 3334 pro
464 3292 542 3325 τῶν
562 3298 718 3333 posuerat
742 3289 928 3324 Zachariae
958 3290 971 3334 ΙΙ
1005 3293 1024 3324 7
1051 3292 1157 3325 malim
1181 3287 1274 3324 καθ’

207 3333 265 3370 ὅτι
288 3336 300 3378 ΙΙ
327 3333 590 3379 διοικησάμεθα
615 3335 662 3368 Μ
681 3334 694 3378 ΙΙ
717 3332 772 3377 δὴ]
798 3331 853 3368 δεῖ
876 3333 1090 3379 Zachariaess
1111 3337 1149 3370 11
1175 3334 1276 3378 largi-

206 3380 401 3414 tionalioa3n
418 3380 465 3413 M
469 3379 481 3424 ΙΙ
496 3381 535 3414 13
554 3375 630 3412 ἀλλ’
645 3374 740 3412 ὥστε
754 3380 804 3421 M,
822 3392 903 3414 corr.
920 3378 1106 3414 Zachariae
1117 3378 1129 3425 ΙΙ
1145 3381 1185 3414 14
1203 3381 1278 3414 hinc

208 3427 288 3459 ordo
310 3426 470 3468 soliorum
503 3427 538 3458 in
571 3425 746 3468 archetypo
777 3425 897 3458 codicis
931 3425 979 3459 M
1004 3427 1151 3458 turbatus
1185 3433 1276 3465 erat;

206 3472 255 3504 ita
273 3472 354 3503 enim
375 3482 409 3502 se
426 3471 589 3524 excipiunt
601 3476 735 3511 partes:
757 3469 795 3501 ΙΙ
820 3465 957 3514 ἀνάγκη
979 3465 1156 3514 πράττειν
1172 3471 1249 3511 792,
1265 3478 1275 3503 1

206 3533 248 3539 —
263 3510 474 3560 παρέδωκεν
487 3512 600 3556 αρχήν
613 3514 689 3555 793,
699 3520 725 3547 ³.
756 3513 773 3545 1
790 3512 838 3546 εἰς
854 3513 921 3547 τὸν
937 3511 1142 3559 Μαρεώτην
1155 3515 1232 3556 791,
1245 3522 1275 3548 14

207 3577 247 3584 -
261 3554 400 3592 ἅπασιν
423 3553 517 3605 ἅπερ
542 3558 656 3599 7921.
703 3556 751 3590 1v
764 3553 787 3599 ἣ
801 3559 873 3592 τοῖς
889 3554 974 3602 παρ’
993 3554 1101 3591 αὐτοῦ
1118 3560 1220 3601 794,7
1231 3577 1276 3584 —

206 3602 242 3636 οἱ
271 3606 486 3648 τρακτευταὶ
510 3603 588 3644 794,
605 3609 652 3636 23.
700 3602 753 3635 111
776 3599 888 3636 ταῦτὸ
912 3600 952 3636 δὲ
979 3603 1087 3636 τοῦτο
1111 3604 1186 3645 793,
1205 3611 1274 3638 3-

207 3644 453 3692 αύγουσταλίῳ
477 3649 592 3689 794,Ί.
606 3646 742 3688 ²me
766 3648 906 3681 ordinem
924 3649 1062 3682 restituit
1078 3645 1272 3682 Zachariae.

1347 3161 1438 3201 (illae
1461 3162 1549 3196 2600
1574 3163 1635 3195 hae
1653 3161 1739 3196 1260
1752 3162 1831 3204 fere
1856 3161 2057 3204 litterarum).
2083 3176 2134 3197 res
2159 3177 2222 3198 non
2247 3166 2344 3200 aliter
2369 3178 2421 3200 ex·

1342 3205 1468 3247 plicari
1484 3218 1581 3250 posse
1604 3207 1732 3241 videtur
1755 3206 1821 3239 nisi
1842 3206 1889 3239 ita
1911 3213 1947 3240 ut
1971 3210 2143 3242 ternionem
2159 3211 2270 3251 fuisse
2295 3218 2420 3245 statua-

1346 3262 1413 3283 mus
1444 3251 1492 3284 ita
1522 3251 1654 3295 liyatum
1678 3250 1696 3283 I
1720 3250 1839 3298 IL-JI
1864 3250 2021 3298 III—IIII
2057 3251 2116 3286 IV.
2164 3254 2344 3289 Praeterea
2361 3257 2421 3290 ad-

1347 3335 1520 3368 notandum
1544 3335 1581 3368 id
1607 3336 1697 3378 quod
1718 3343 1865 3380 superest
1889 3338 1980 3378 (794,
1994 3343 2029 3371 2³
2054 3332 2076 3379 ἢ
2097 3336 2133 3371 οἱ
2147 3338 2362 3383 σκρινιάριοι
2377 3360 2421 3367 —-

1348 3380 1425 3420 795,
1442 3381 1472 3420 ’1)
1497 3380 1636 3413 eiusdem
1661 3393 1730 3414 esse
1756 3381 1969 3425 lonqitudinis
1993 3383 2082 3416 cuius
2105 3382 2129 3415 I
2145 3390 2174 3416 et
2196 3383 2262 3417 IV.
2293 3384 2421 3419 Codicis

1347 3423 1394 3456 M
1406 3425 1554 3467 paqinae
1589 3425 1764 3459 litterarum
1792 3433 1866 3459 sunt
1889 3427 1935 3459 ad
1958 3427 2045 3460 2100
2075 3426 2088 3468 11
2119 3430 2158 3462 15
2183 3425 2322 3471 λυβιων
2347 3429 2388 3463 Μ
2407 3431 2420 3474 ΙΙ

1349 3470 1389 3504 16
1414 3467 1588 3513 ἐφέξοντα
1612 3467 1734 3511 Kroll]
1761 3465 1940 3514 ὑφέξοντα
1961 3471 2002 3503 Μ
2016 3471 2029 3514 ΙΙ
2050 3473 2088 3505 17
2115 3468 2156 3505 δὲ
2178 3473 2294 3515 Kroll]
2318 3485 2359 3507 τε
2381 3475 2427 3508 Μ

1346 3514 1358 3556 ΙΙ
1382 3515 1424 3547 20
1448 3511 1584 3546 στέλλει
1609 3515 1651 3548 Μ
1664 3514 1677 3558 ΙΙ
1695 3516 1732 3549 21
1764 3513 2117 3560 παραλιμπάνεσθαι
2141 3529 2209 3551 cum
2234 3518 2419 3562 Scrimqero

1343 3559 1444 3601 vulq]
1465 3556 1797 3602 περιλιμπάνεσθαι
1823 3560 1863 3592 Μ
1880 3561 1892 3603 ΙΙ
1910 3561 1952 3594 22
1978 3558 2040 3593 ὑπ’
2066 3559 2179 3595 αὐτοῦ
2201 3574 2270 3596 cum
2295 3563 2416 3598 Serim-

1343 3615 1420 3646 9ero
1442 3602 1873 3648 υα19.ΙΙκομενταρησίων
1897 3604 1944 3637 M
1954 3605 1966 3648 ΙΙ
1990 3607 2034 3639 24
2058 3606 2232 3648 σε’χεσθαι
2256 3607 2308 3649 M,
2333 3621 2416 3643 corr.

1345 3648 1510 3691 Scrimqer
1524 3648 1536 3690 fl
1555 3650 1597 3682 25
1621 3648 1697 3693 τῆσΙ
1725 3649 1794 3692 τῆσ
1816 3647 1959 3688 τάξεωσ
1975 3650 2021 3683 M
2030 3650 2044 3693 Ι
2061 3652 2104 3684 26
2120 3651 2360 3695 πειθομένοισ
2377 3653 2422 3687 Μ

209 3692 284 3727 Cum
307 3692 352 3726 Il
372 3699 402 3726 et
422 3691 486 3726 ΙΙΙ
513 3693 613 3726 altero
642 3689 732 3726 tanto
757 3693 894 3727 maiores
917 3694 982 3727 sint
1005 3704 1099 3736 quam
1123 3693 1146 3725 I
1165 3700 1195 3726 et
1219 3693 1281 3727 JV
1306 3707 1310 3724 ι
1342 3691 1355 3737 {l
1378 3693 1420 3727 28
1445 3690 1678 3739 εἰσπράττειν
1703 3694 1753 3734 M,
1779 3706 1863 3735 corr,
1889 3693 2075 3730 Zachariae

2454 1582 2497 1614 25
