2586 3990
293 132 397 175 Nov.
428 130 503 174 CX
532 144 593 185 pr.
626 134 643 172 1

1345 126 1428 173 520

288 239 442 282 τισάτω,
474 239 532 273 διά
556 253 593 273 τε
617 240 694 274 τῶν
716 237 909 276 εἰωθότων
934 239 1084 276 ι’δίκτων
1107 242 1167 274 καὶ
1190 251 1359 297 προσταγ-

2018 143 2077 172 DE
2107 137 2264 173 US'URIS
2292 137 2499 171 NAUTIOIS

1430 239 1547 274 edicta
1580 242 1617 274 et
1650 240 1843 291 praecepta
1876 240 2021 291 propria
2054 240 2216 276 omnibus
2247 238 2358 274 faciat
2386 237 2498 273 mani-

286 286 414 329 μιίτων
445 285 587 317 οἰκείων
622 285 713 318 πᾶσι
743 283 964 328 ποιησάσθω
1001 283 1139 330 φανεροὶ
1175 289 1216 319 ἐν
1247 298 1287 319 τε
1315 287 1361 331 τῇ
1430 284 1522 319 festa
1553 286 1589 318 et
1618 283 1656 318 in
1678 282 1747 319 hac
1770 282 1974 319 iehcissima
1997 285 2137 320 civitate
2167 289 2203 319 et
2232 284 2269 319 in
2298 282 2500 328 provinciis,

287 326 470 371 εὐδαίμονι
492 326 607 376 ταύτῃ
630 327 734 363 πόλει
765 333 826 364 καὶ
850 331 890 365 ἐν
909 334 986 364 ταῖς
1008 332 1194 374 ἐπαρχίαις
1217 326 1361 372 πάσαις,

1430 333 1470 363 ut
1488 331 1704 372 cognoscant
1723 336 1856 369 omnes,
1880 330 2012 372 quanta
2034 333 2070 365 et
2093 339 2184 375 quae
2207 329 2311 364 nobis
2335 338 2422 363 cura
2443 330 2500 363 est

287 370 374 407 ὥςτε
395 373 587 418 γινώσκειν
610 372 767 413 πάντας,
790 372 910 417 ὁπόση
935 387 986 409 τις
1006 373 1093 418 ἡμῖν
1115 375 1193 408 ἐστι
1217 378 1362 428 φροντὶς
1430 376 1466 408 et
1489 383 1593 408 verae
1617 373 1712 408 circa
1735 371 1914 407 dominum
1938 372 2117 410 Christum
2146 385 2268 411 verum
2292 373 2395 409 deum
2417 372 2499 407 fidei

286 420 344 450 και·
368 419 431 459 τῆς
445 415 604 460 ἀληθοῦς
628 421 710 463 περὶ
728 419 796 454 τὸν
816 417 999 463 δεσπότην
1014 419 1175 464 Χριστὸν
1195 432 1263 473 ‘gor
1278 416 1362 473 8527]-
1398 422 1416 453 5
1431 420 1467 453 et
1487 421 1692 454 nostrorum
1714 416 1956 453 subiectorum
1979 419 2113 455 salutis.

286 462 401 496 θινὸν
424 462 518 496 θεὸν
542 466 696 497 πίστεως
717 466 778 497 καὶ
800 465 863 506 τῆς
886 466 963 499 τῶν
983 462 1167 508 ἡμετέρων
1190 475 1363 507 υπηκοων

286 510 472 551 σωτηρίας.

341 551 423 587 Dat.
449 562 531 587 non.
557 551 644 588 Mai.
669 551 738 587 ΟΡ.
767 552 852 597 imp.
868 552 944 589 dn.
967 552 1155 588 Iustiniani
1186 563 1246 598 pp.
1272 553 1361 597 Aug.

286 605 380 631 anuo
405 596 484 633 XV.
510 597 643 632 Basilio
667 608 718 632 vc.
746 607 844 633 cons.

794 790 850 832 Ῥῖ

501 863 678 916 ΠΕΡΙ
708 864 857 917 ΤΩΝ
886 863 1152 917 ΤΟΚῼΝ.

283 936 322 974 Ὀ
339 939 446 974 αὐτὸς
468 940 636 984 βασιλεὺς
651 939 798 997 Ἰωάννη
823 942 967 988 ἐπάρχῳ
993 946 1230 988 πραιτωρίων
1252 941 1295 976 τὸ
1311 939 1361 987 β’,

404 982 476 1020 ἀπὸ
502 983 656 1020 ὑπάτων
679 979 944 1033 <όρὸιιναρίων>
966 991 1026 1021 καὶ
1050 991 1240 1032 πατρικίῳ.

333 1053 390 1097 <Π
395 1065 416 1098 ρ
425 1065 444 1106 ο
454 1056 499 1086 ο“ι’
504 1067 530 1096 μ
540 1067 552 1086 ι
561 1065 580 1085 0
588 1052 639 1097 ν.)
679 1052 798 1097 Ἴσμεν
805 1098 813 1108 Ι
821 1057 859 1088 ἐκ
880 1054 1067 1099 μηνύσεως
1090 1057 1152 1098 τῆς
1175 1055 1237 1098 σῆς
1257 1052 1363 1101 ὑπερ-

1495 551 1578 587 Dat.
1602 562 1684 587 non.
1710 551 1795 587 Mai.
1821 551 1889 586 GP.
1914 551 1998 598 imp.
2021 551 2080 588 dn.
2103 552 2292 590 Iustiniani
2321 564 2381 599 pp.
2406 553 2496 597 Aug.

1329 600 1374 642 [a.
1387 600 1465 639 541]
1532 606 1626 632 anno
1648 596 1727 633 XV.
1753 597 1884 632 Basilio
1907 607 1960 632 vc.
1985 606 2084 633 cons.

1376 801 1417 835 10
1885 798 1958 834 CX.
2007 798 2117 834 Auth.
2132 798 2202 835 CV.
2220 799 2499 836 Goll.V111tit.6

1519 867 1572 915 R
1604 866 1696 915 DE
1731 866 1977 917 USURIS
2012 868 2332 919 NAUTICIS
2364 870 2415 918 R

1639 942 1736 978 Idem
1759 945 1851 988 Aug.
1876 945 2025 981 Iohanni
2048 957 2109 991 pp.
2136 945 2302 982 Orientis.

1497 1055 1548 1107 <P
1557 1065 1575 1089 r
1583 1064 1605 1089 a
1613 1065 1632 1090 e
1641 1054 1659 1089 f
1664 1064 1686 1090 a
1694 1058 1709 1089 t
1718 1055 1729 1089 i
1738 1065 1770 1090 o.
1779 1055 1796 1100 >
1849 1055 2018 1092 Novimus
2049 1068 2093 1093 ex
2123 1057 2388 1093 denuntiatione
2417 1059 2502 1110 tuae

283 1098 366 1140 οχῆς
386 1095 609 1153 ,νομονθῆδη
640 1110 873 1142 πεποιηκότες
908 1103 991 1146 περὶ
1025 1100 1102 1134 τῶν
1132 1099 1363 1135 traiecticimv
1378 1105 1417 1136 15
1430 1099 1648 1135 cels1tudinis
1672 1100 1784 1144 legem
1803 1100 1873 1135 iam
1891 1101 2020 1137 fecisse
2044 1103 2087 1138 de
2103 1103 2308 1139 traiecticiis
2331 1112 2502 1148 pecuniis,

283 1155 486 1187 χρηματων,
511 1154 551 1177 ος
567 1144 728 1189 ἐμφανὴς
749 1148 874 1191 γέγονε
898 1147 952 1189 τῷ
976 1143 1194 1191 δικαστηρίῳ
1217 1146 1271 1188 τῷ
1296 1147 1360 1188 σῷ.

1431 1155 1521 1191 quae
1545 1145 1734 1180 manifesta
1756 1145 1854 1181 facta
1878 1151 1933 1182 est
1955 1147 2034 1183 foro
2057 1152 2131 1184 tuo.

1298 1234 1455 1270 CAPUT
1479 1234 1507 1270 Ι.

348 1284 445 1323 Ἀλλ’
471 1286 664 1334 ἐπειδήπερ
696 1286 847 1344 ὕστερον
869 1289 1132 1337 προςελεύσεων
1156 1289 1242 1346 ἡμῖν
1264 1303 1362 1338 γενο-

1490 1290 1560 1326 Sed
1581 1289 1747 1334 quoniam
1770 1294 1894 1334 postea
1915 1291 2129 1329 aditionibus
2149 1293 2252 1329 nobis
2273 1293 2378 1328 factis
2398 1303 2500 1346 prae-

283 1336 406 1378 μένων
433 1334 698 1379 προσετάξαμεν
730 1349 798 1370 τον
827 1337 942 1380 νόμον
972 1338 1107 1371 ἐκεῖνον
1136 1351 1185 1380 μη
1218 1339 1362 1382 κρατεῖν
1431 1335 1589 1381 cepimus
1623 1335 1734 1379 legem
1764 1336 1860 1371 illam
1894 1347 1966 1373 non
1996 1338 2131 1381 valere,
2166 1338 2299 1374 resumi
2329 1348 2407 1373 eam
2437 1349 2501 1372 lm-

284 1377 547 1424 ἆναληφθῆναι
571 1377 685 1414 αὐτὸν
709 1379 971 1426 προςτάξαντες
995 1384 1034 1416 ἐκ
1053 1383 1117 1417 τοῦ
1134 1379 1362 1427 δικαστηρίου
1430 1383 1596 1426 perantes
1627 1390 1671 1414 ex
1699 1380 1778 1416 foro
1810 1384 1883 1423 tuo,
1916 1383 2121 1427 agnovimus
2149 1387 2270 1418 autem
2299 1393 2376 1419 eam
2406 1384 2444 1418 et
2465 1383 2502 1418 in

284 1426 349 1458 τοῦ
365 1425 439 1466 σοῦ,
463 1425 626 1470 ἔγνωμεν
647 1422 687 1459 δὲ
703 1423 815 1461 αὐτὸν
838 1430 898 1460 καὶ
922 1428 962 1460 ἔν
984 1439 1059 1461 τισι
1082 1428 1159 1461 τῶν
1179 1427 1363 1472 ἐπαρχιῶν
1376 1428 1418 1461 20
1431 1425 1642 1471 quibusdam
1665 1425 1855 1470 provinciis
1871 1426 1941 1462 iam
1955 1427 2191 1472 insinuatam,
2214 1433 2404 1473 propterea
2419 1437 2502 1464 san-

284 1466 351 1512 ἥδη
375 1470 567 1515 καταφανῆ
598 1470 792 1516 γενέσθαι,
823 1469 884 1505 διὰ
907 1473 1017 1507 τοῦτο
1041 1472 1265 1514 θεσπίζομεν
1294 1470 1362 1505 τὸν
1431 1471 1543 1507 cimus
1579 1470 1684 1505 talem
1718 1470 1829 1515 legem
1865 1473 2006 1508 omnino
2042 1483 2188 1518 vacare,
2225 1478 2262 1508 et
2293 1473 2324 1509 si
2355 1473 2503 1517 contigit

283 1515 449 1549 τοιοῦτον
470 1512 586 1568 νόμον
609 1519 792 1550 παντοίως
815 1513 947 1563 ἀργεῖν,
977 1521 1036 1550 καὶ
1062 1518 1090 1550 εἰ
1114 1519 1245 1561 συνέβη
1269 1516 1362 1550 κατὰ
1430 1516 1536 1552 etiam
1566 1525 1630 1561 per
1660 1515 1860 1560 provincias
1893 1527 1970 1552 eam
1994 1518 2180 1562 destinari,
2211 1528 2278 1553 nec
2300 1517 2351 1553 ibi
2374 1518 2501 1560 valere,

283 1558 406 1614 ζώραν
429 1557 545 1594 αὐτον
574 1561 812 1614 πεμφθῆναι,
842 1560 932 1605 μηδὲ
955 1563 1066 1596 ἐκεῖσε
1089 1564 1243 1608 κρατεῖν,
1275 1557 1359 1595 ἀλλ’

1431 1561 1493 1597 sed
1515 1560 1704 1596 invalidam
1728 1571 1815 1596 esse.
1865 1561 1923 1597 Sic
1947 1563 2039 1598 enim
2062 1563 2221 1599 volumus
2253 1573 2397 1599 oausam
2420 1574 2501 1608 pro-

283 1608 475 1649 ανίσχυρον
509 1604 611 1639 εἶναι.
658 1609 718 1639 καὶ
753 1619 851 1641 ουτω
886 1606 1097 1651 βουλόμεθα
1134 1607 1176 1641 τὸ
1212 1608 1361 1653 πρᾶγμα
1430 1607 1573 1648 cedere,
1607 1610 1788 1650 tamquam
1823 1607 1851 1642 si
1886 1618 1951 1643 nec
1983 1608 2117 1653 scripta
2150 1608 2278 1644 fuisset
2307 1613 2502 1644 memorata

284 1652 468 1703 προϊέναι,
500 1647 548 1684 ὥς
571 1650 602 1684 εἰ
625 1648 722 1705 ἲμηδιῗ
750 1655 897 1698 γραφεὶς
920 1652 1113 1705 ἐτύχχανεν
1130 1649 1156 1707 ,ὁ
1181 1652 1361 1697 εἰρημένος
1374 1653 1416 1686 25
1429 1652 1505 1695 lex,
1537 1651 1600 1687 Sed
1630 1651 1827 1686 Secundum
1854 1653 1926 1687 iam
1957 1653 2000 1688 de
2028 1653 2159 1689 talibus
2187 1653 2327 1698 positas
2355 1654 2449 1698 leges
2479 1664 2502 1689 8

283 1705 422 1748 vapos„
435 1691 526 1727 ἀλλὰ
546 1708 638 1729 κατα
659 1707 739 1730 τους
756 1695 825 1740 ἤδη
846 1701 928 1744 περὶ
947 1711 1024 1731 των
1039 1710 1216 1731 τοιουτων
1235 1696 1360 1730 τεθέν-

283 1750 348 1774 τας
380 1751 509 1783 νομους
543 1737 636 1784 παρ’
670 1738 775 1783 ἡμῶν
803 1743 869 1776 τὰς
901 1740 1093 1777 ὑποθέσεις
1123 1741 1361 1784 ἐξετάζεσθαι

284 1787 345 1819 καὶ
367 1787 515 1830 κρίσεως
537 1781 743 1826 ἀξιοῦσθαι.

1430 1697 1533 1733 nobis
1551 1696 1693 1741 negotia
1713 1696 2004 1733 examinationem
2021 1704 2057 1734 et
2076 1698 2289 1735 sententiam
2305 1699 2498 1744 potiantur.

351 1875 435 1909 Nov.
461 1875 527 1908 CX
547 1876 709 1916 (Authent.
734 1876 852 1910 0V=
883 1878 961 1911 C'oll.
984 1878 1075 1911 VIII
1093 1879 1137 1911 tie.
1153 1878 1186 1917 6)
1222 1876 1348 1910 Graece
1372 1884 1458 1910 extat
1481 1877 1514 1909 in
1540 1877 1621 1910 ML.
1646 1896 1690 1901 —
1722 1877 1812 1921 Epic.
1839 1877 1958 1910 Theod.
1985 1879 2061 1920 110,
2092 1878 2211 1911 Athon.
2236 1881 2287 1921 17,
2305 1887 2331 1913 2.
2379 1880 2499 1914 Iulian.

249 1900 251 1903 Ι
284 1928 383 1954 const.
411 1921 507 1954 CIII.

282 1997 394 2035 solita
422 1997 539 2033 edicta
570 2001 607 2033 et
630 2001 832 2044 praecepta
863 2008 931 2034 sua
962 1998 1126 2034 omnibus
1149 1999 1346 2044 manifesta
1367 1999 1490 2045 faeiat
1519 2003 1555 2034 et
1585 2000 1623 2034 in
1645 1999 1715 2035 hac
1735 2000 1842 2045 felici
1871 1999 1958 2034 urbe
1989 2005 2024 2035 et
2047 2000 2084 2034 in
2100 2001 2303 2047 provinciis
2327 2002 2500 2045 omnibus,

283 2046 327 2079 ut
346 2053 467 2078 omnes
488 2042 719 2088 intelleqam,
750 2047 889 2088 quanta
912 2043 1017 2079 nobis
1039 2054 1128 2079 cura
1151 2045 1200 2079 sit
1229 2048 1265 2079 et
1287 2054 1392 2080 verae
1414 2043 1453 2078 in
1477 2043 1659 2079 dominum
1685 2044 1860 2081 Christum
1884 2055 2006 2080 verum
2029 2045 2132 2080 deum
2152 2046 2240 2090 fidei
2266 2050 2301 2082 et
2327 2047 2501 2084 subiecto-

282 2098 363 2124 rum
384 2091 593 2124 nostrorum
614 2087 757 2123 salutis.

1196 2289 1299 2340 DE
1331 2221 1589 2341 IJCSY‘URIS.

477 2367 576 2405 Idem
600 2369 786 2414 Auaustus
810 2366 971 2404 Iohanni
987 2369 1184 2415 praefecto
1202 2370 1396 2416 praetorio
1420 2370 1564 2411 iterum,
1589 2379 1639 2405 ex
1662 2368 1809 2405 consule
1832 2368 2056 2415 (ordinario)
2079 2375 2115 2406 et
2131 2370 2302 2416 patricio.

417 2435 665 2482 Praefatio.
713 2434 856 2471 Scimus
883 2446 953 2471 nos
982 2446 1032 2472 ex
1059 2436 1238 2472 relatione
1267 2441 1351 2474 tuae
1372 2436 1601 2473 sublimitatis
1631 2437 1745 2483 leqem
1775 2436 1847 2472 iam
1869 2436 2002 2482 fecisse
2024 2436 2069 2473 de
2100 2437 2307 2474 traiecticiis
2327 2440 2500 2486 pecuniis,

284 2494 378 2530 quae
400 2481 535 2518 iudicio
559 2485 622 2516 tuo
646 2480 831 2516 insinuata
854 2485 918 2517 est.

422 2526 453 2563 Ι.
507 2525 639 2562 Verum
669 2525 842 2572 quoniam
865 2529 998 2579 postea
1029 2526 1380 2572 interpellationibus
1406 2527 1514 2573 petiti
1545 2527 1802 2579 praecepimus
1831 2537 1877 2562 ne
1907 2526 1972 2562 illa
2005 2526 2068 2563 lex
2097 2526 2234 2563 valeret
2263 2528 2343 2564 tolli
2372 2541 2451 2565 eam
2481 2542 2501 2566 e

282 2573 415 2610 iudicio
442 2575 504 2608 tuo
526 2570 698 2612 iubentes,
723 2581 957 2617 coqnommus
979 2575 1097 2607 autem
1117 2582 1196 2607 eam
1220 2572 1326 2607 etiam
1350 2571 1388 2606 in
1405 2572 1604 2618 provinciis
1627 2571 1839 2616 qmbusdam
1863 2572 1935 2607 iam
1949 2571 2172 2608 insinuatam
2195 2583 2284 2615 esse,
2302 2580 2502 2621 propterea

280 2618 473 2660 sancimus,
496 2621 538 2652 ut
557 2616 621 2651 illa
645 2616 706 2651 lece
714 2614 829 2668 plane
853 2619 976 2659 cesset,
999 2625 1043 2651 ac
1063 2617 1097 2651 si
1111 2627 1189 2652 eam
1214 2617 1366 2663 contiqit
1388 2617 1427 2652 in
1444 2617 1654 2663 provincias
1674 2627 1752 2652 esse
1771 2617 1931 2659 missam,
1954 2627 2000 2652 ne
2018 2616 2095 2652 illic
2113 2618 2256 2662 quidem
2277 2619 2408 2661 valeat,
2438 2619 2503 2655 sed

282 2663 442 2700 invalida
463 2662 520 2698 sit.
566 2662 614 2697 At
642 2671 685 2696 ue
707 2665 761 2696 tta
782 2671 858 2696 rem
873 2661 1076 2708 procedere
1098 2661 1272 2704 volumus,
1305 2667 1488 2708 tamquam
1510 2661 1608 2697 dicta
1633 2661 1695 2698 lex
1718 2673 1763 2698 ne
1785 2662 1924 2708 scripta
1953 2661 2095 2707 quidem
2119 2673 2288 2708 umquam
2309 2669 2413 2710 esset,
2438 2665 2502 2701 secl

281 2708 474 2746 secundum
498 2706 594 2753 leqes

349 2798 370 2832 3
392 2797 563 2840 ἐπαρχίας
587 2797 636 2830 L⁰
653 2793 886 2841 ΙΙπάσαιεΜ]
911 2809 969 2829 om.
987 2797 1041 2832 Le
1058 2796 1109 2840 114
1131 2795 1249 2832 πάσας
1272 2798 1323 2831 L‘*
1345 2797 1358 2842 ΙΙ

283 2839 403 2886 ὁπόση
427 2844 491 2883 τις]
515 2844 641 2884 quanta
663 2845 697 2875 et
721 2851 805 2884 quae
828 2853 847 2878 ς
867 2841 880 2886 11
906 2843 925 2875 8
949 2844 1069 2875 subscr.
1095 2855 1154 2875 om.
1177 2843 1238 2876 Iul.
1264 2844 1357 2876 codd.

279 2895 412 2933 praeter
424 2887 512 2921 Iul-¹⁶
527 2886 541 2931 ss
559 2888 624 2920 dat.
641 2898 719 2920 non.
739 2887 817 2919 Mai.
834 2890 931 2929 (mag.
945 2887 1047 2926 Iutw)
1064 2887 1195 2928 §Iul.¹⁰‚
1220 2884 1357 2934 ἐγράφη

283 2944 362 2967 non.
387 2931 523 2967 Μαΐων
546 2933 634 2974 Aea]
669 2932 700 2965 d.
722 2941 761 2966 11.
791 2933 824 2964 k.
848 2933 924 2964 mai.
950 2932 994 2964 M
1023 2931 1240 2977 ἐξεφωνήθη
1270 2934 1358 2977 μηνὶ

282 2977 381 3023 μαΐῳ
397 2978 517 3012 ΤΙιεοά.
541 2978 620 3019 (dat.
633 2987 669 3012 v.
693 2987 771 3010 non.
791 2977 896 3010 Maias
919 2977 984 3010 Iul.
998 2977 1141 3020 Pithoei,
1157 2980 1200 3011 id.
1219 2980 1252 3011 in
1275 2979 1355 3012 0011.

284 3031 382 3058 comt.
407 3023 482 3056 eccl.
505 3023 679 3061 Fabrotus;
704 3022 834 3056 dat.v1.
860 3023 891 3054 k.
917 3021 997 3055 Mai.
1023 3023 1094 3056 coll.
1120 3036 1190 3057 nov.
1209 3024 1274 3057 CX
1289 3023 1357 3056 Za-

284 3067 459 3111 char-taen!
487 3067 554 3100 GP.
581 3085 620 3091 —
646 3077 735 3100 anno
757 3066 832 3100 XV.
858 3069 913 3110 (qs.
931 3068 975 3109 ς)]
999 3067 1077 3110 imp.
1103 3068 1158 3101 dn.
1182 3067 1359 3101 iustiniani

281 3124 338 3169 pp.
351 3123 439 3146 anno
451 3111 527 3146 XV.
541 3113 629 3146 Iul.¹0
647 3122 698 3154 op.
711 3123 762 3155 op.
775 3113 847 3154 (sic)
861 3114 936 3145 iust.
954 3122 1009 3155 pp.
1032 3122 1108 3154 aug.
1121 3113 1167 3146 Μ
1177 3110 1359 3156 βασιλείας

290 3158 534 3192 lovon-maroe
555 3157 598 3190 τὸ
624 3156 662 3190 ιε’
679 3158 755 3190 Ath.
780 3158 851 3190 ἔτει
874 3155 914 3190 ιε’
933 3157 995 3199 τῆς
1016 3156 1199 3200 βασιλείας
1213 3159 1333 3192 Theod.
1347 3156 1360 3202 ΙΙ

284 3207 305 3238 9
329 3202 422 3236 basil.
446 3213 497 3235 uo.
522 3213 627 3235 conss.
654 3203 759 3245 M(cf.
775 3204 806 3244 ς)
829 3202 923 3235 basil.
940 3202 1036 3242 Iul.¹0‚
1061 3199 1233 3236 ὑπατείας
1256 3199 1358 3243 (ὑπα-

283 3251 362 3291 τεία
377 3249 510 3289 Theod.)
534 3245 746 3292 Βελισαρίου
758 3248 834 3281 Aeta.
850 3248 969 3280 Theod.
987 3247 1000 3291 ΙΙ
1019 3250 1057 3282 11
1075 3250 1161 3281 rubr.
1179 3249 1268 3292 Περὶ
1282 3247 1359 3281 τῶν

284 3291 406 3326 τόκων
430 3293 485 3334 Μ,
509 3294 606 3326 index
629 3293 661 3326 L
686 3293 756 3334 (om.
782 3293 813 3326 L
837 3294 870 3325 in
895 3295 991 3332 textu)
1024 3294 1114 3336 Περὶ
1137 3290 1260 3326 τόκων
1281 3294 1357 3326 Ath.

285 3340 374 3393 Περὶ
396 3338 579 3371 ναυτικῶν
601 3334 724 3371 τόκων
748 3338 869 3371 Theod.
894 3338 943 3370 De
967 3338 1102 3371 nautico
1126 3338 1237 3371 fenore
1260 3338 1323 3371 Iul.
1346 3337 1359 3381 ΙΙ

289 3385 329 3416 12
353 3381 508 3428 Ιωάννῃ]
533 3383 643 3416 Basso
656 3382 814 3416 Iohannis
830 3384 951 3416 vicario
969 3384 1203 3417 inscribendam
1221 3395 1288 3417 εεεε
1304 3395 1358 3416 no·

287 3429 399 3461 vellum
413 3429 533 3461 iniuria
549 3429 700 3471 opinatur
713 3427 914 3464 Zachariae;
936 3429 978 3470 ef.
995 3429 1041 3461 ad
1053 3440 1125 3461 nov.
1143 3428 1229 3462 CIX
1239 3429 1335 3462 inser.
1347 3428 1359 3471 §l

290 3473 328 3504 13
353 3469 428 3506 ἀπὸ
453 3491 495 3496 --
519 3475 699 3518 πατρικίῳ
723 3484 782 3505 om.
804 3472 835 3505 L
859 3473 870 3514 ΙΙ
904 3468 1125 3519 ὀρδιναρίων
1149 3474 1266 3506 addidi
1287 3468 1359 3518 (σ’ρ-

288 3512 437 3559 διναρίφ
462 3518 661 3558 Zachariae)
683 3517 696 3561 ΙΙ
729 3518 769 3551 15
792 3516 918 3559 νόμον]
951 3529 1023 3552 nov.
1053 3518 1138 3552 CVI
1160 3517 1173 3562 Ι
1198 3517 1277 3551 τῶν
1299 3529 1358 3554 om.

290 3560 320 3592 L
338 3561 351 3602 ΙΙ
367 3562 583 3594 traiecticiwn
602 3563 657 3603 M,
680 3562 924 3607 τραεοῐπὶσίωιι
945 3562 992 3595 L¹
1022 3565 1254 3596 κανοῑτεσίων
1277 3563 1325 3596 L·
1346 3564 1360 3602 ΙΙ

289 3604 338 3655 20,
360 3605 519 3649 ἔγνωμεν
548 3607 611 3639 τοῦ
643 3606 708 3640 σοῦ
729 3607 779 3640 L⁰
807 3606 821 3651 Ι
847 3608 887 3640 21
914 3603 975 3640 διὰ
1007 3607 1069 3641 τοῦ
1094 3608 1140 3641 M
1162 3609 1174 3649 ΙΙ
1202 3609 1245 3642 22
1268 3604 1359 3641 κατὰ

290 3651 422 3691 χωραν]
443 3650 539 3682 etiam
553 3661 612 3692 per
627 3650 815 3694 provincias
835 3663 856 3687 ς
870 3651 884 3695 ΙΙ
902 3653 945 3685 24
955 3653 1016 3685 καὶ
1029 3647 1137 3694 οὕτω]
1153 3652 1201 3685 sio
1212 3652 1299 3685 enim
1315 3651 1360 3696 σᾶ

683 2705 740 2741 his
764 2706 896 2742 talibus
918 2717 942 2742 a
964 2706 1069 2742 nobis
1090 2706 1163 2742 iam
1187 2706 1283 2743 latas
1305 2717 1438 2743 causae
1460 2708 1715 2743 examinentur
1737 2710 1773 2742 et
1793 2706 1969 2742 sententia
1991 2706 2255 2753 impertiantur.

1425 2797 1531 2839 σθαι]
1557 2797 1798 2830 examinatione
1822 2799 1856 2839 (ἰ.
1872 2810 1897 2830 e.
1922 2793 2129 2836 ἐξετάσεως)
2153 2807 2173 2832 ς

1494 2934 1510 2966 1
1538 2934 1572 2964 et
1593 2941 1653 2975 per
1674 2933 1849 2974 praecepta
1869 2931 1904 2964 R
1926 2930 1941 2975 ΙΙ
1966 2931 1985 2964 3
2009 2932 2060 2971 ut]
2085 2941 2196 2964 omnes
2220 2934 2258 2963 ut
2282 2931 2330 2964 R¹
2357 2931 2371 2976 ΙΙ
2397 2934 2418 2967 4
2441 2933 2499 2966 do-

1423 2977 1562 3017 minnm]
1590 2976 1642 3010 ἀῶ
1663 2978 1684 3010 ι’.
1698 2990 1725 3010 e.
1749 2976 1846 3009 deum
1870 2977 1903 3009 R
1918 2975 1932 3019 Ι
1949 2978 1969 3010 5
1986 2979 2172 3008 nostrarum
2196 2975 2421 3010 subiectarum
2438 2978 2471 3012 T
2488 2977 2500 3022 ΙΙ

1425 3022 1445 3055 8
1458 3025 1578 3055 subscr.
1597 3034 1679 3055 unus
1692 3029 1842 3065 praestat
1856 3021 2106 3062 Escorialensis,
2132 3022 2163 3054 in
2185 3034 2247 3064 quo
2264 3024 2500 3065 praescribitur

1425 3068 1570 3100 novellae
1588 3067 1655 3101 CX
1671 3083 1716 3096 =
1730 3067 1828 3100 Auth.
1847 3066 1917 3100 01⁷:
1942 3065 2008 3098 dat.
2033 3076 2111 3098 non.
2135 3067 2212 3098 mai.
2238 3077 2308 3110 cap.
2333 3067 2412 3111 imp.
2429 3068 2497 3100 dni.

1425 3123 1458 3144 n.
1482 3111 1597 3145 iustin.
1621 3122 1675 3155 pp.
1700 3122 1769 3154 cog.
1793 3121 1847 3144 an.
1872 3109 1948 3143 XV.
1972 3110 2038 3143 bas.
2063 3120 2111 3143 vo.
2137 3121 2224 3144 cons.
2243 3111 2256 3155 fl
2276 3115 2315 3146 10
2339 3125 2411 3146 nov.
2435 3113 2500 3147 CX

1426 3174 1469 3185 =
1482 3159 1579 3191 Auth.
1598 3157 1665 3191 GV
1682 3170 1740 3191 om.
1754 3157 1798 3199 R,
1821 3158 1855 3190 in
1870 3156 2014 3200 mar-qino
2039 3157 2236 3199 adscriptam
2260 3170 2356 3191 manu
2377 3158 2500 3191 saeculi

1425 3202 1523 3235 XIV
1542 3203 1638 3236 habet
1662 3203 1701 3244 T,
1733 3203 1766 3236 in
1790 3202 1895 3235 eodem
1919 3202 2028 3234 codiee
2051 3203 2205 3244 repetitur
2237 3203 2320 3236 inter
2349 3209 2496 3236 extrava-

1424 3254 1539 3291 9antes
1554 3249 1588 3281 in
1606 3247 1784 3291 appendice
1799 3248 1842 3279 ab
1858 3246 1924 3279 alio
1941 3246 2077 3279 librario
2097 3249 2217 3289 scripta
2232 3248 2267 3290 j:
2284 3248 2347 3282 179
2358 3248 2415 3290 (²2
2426 3246 2475 3288 D)
2485 3245 2498 3290 ΙΙ

1428 3294 1465 3326 11
1483 3294 1571 3326 rubr.
1586 3305 1644 3325 om.
1657 3292 1693 3325 D
1707 3294 1720 3335 u
1749 3293 1790 3326 14
1808 3291 2011 3324 denuntione
2028 3291 2063 3323 D
2087 3291 2272 3325 deciatione
2292 3291 2326 3325 V
2367 3294 2407 3326 15
2430 3290 2495 3324 iam

1425 3337 1542 3370 secisse
1560 3337 1636 3379 VD]
1660 3337 1776 3370 fecisse
1798 3336 1864 3369 iam
1890 3336 1922 3369 Τ
1929 3337 2016 3377 vulo.
2042 3337 2114 3376 (nos
2138 3338 2214 3370 add.
2227 3337 2327 3380 moly.)
2374 3338 2414 3370 17
2439 3335 2495 3368 nd-

1425 3382 1665 3415 monitionibus
1679 3380 1731 3427 ΤΙΙ
1740 3381 1959 3425 praecipimus
1980 3381 2104 3424 VDTn
2124 3382 2164 3416 18
2177 3384 2287 3414 tenere
2301 3381 2335 3414 Τ
2348 3381 2353 3424 Ι
2364 3390 2435 3413 eam
2450 3381 2494 3422 T]

1426 3437 1499 3459 eum
1519 3427 1582 3460 VD
1600 3428 1612 3470 11
1627 3427 1862 3469 *imperantesl
1881 3429 2095 3469 properantes
2109 3426 2143 3460 T
2159 3436 2237 3469 prae
2318 3427 2390 3458 ntes
2407 3425 2493 3464 VDn

1415 3474 1470 3505 49
1494 3472 1711 3514 cognouimus
1736 3471 1861 3515 Toulq.
1881 3473 1893 3514 ΙΙ
1916 3475 1950 3503 et
1972 3472 2009 3504 in
2034 3484 2093 3506 om.
2108 3471 2154 3512 D,
2183 3473 2217 3503 et
2237 3479 2274 3502 m
2298 3469 2494 3511 quibusdam

1426 3517 1605 3559 provinciis
1621 3531 1678 3551 om.
1693 3515 1750 3562 Tu
1768 3517 1807 3550 21
1825 3526 1945 3549 uocare
1962 3516 2013 3549 1⁷⁰
2031 3517 2043 3558 ΙΙ
2059 3514 2199 3556 contigit
2215 3513 2260 3555 V]
2281 3515 2447 3556 contingit
2460 3515 2495 3548 D

1797 3561 1839 3595 22
1859 3571 1950 3594 mam
1974 3561 2007 3594 T
2018 3561 2031 3605 ΙΙ
2049 3562 2091 3595 23
2109 3560 2156 3593 sic
2175 3557 2263 3591 enim
2285 3558 2359 3601 VD]
2383 3561 2494 3602 sicque

2149 3604 2192 3638 25
2211 3603 2267 3636 sed
2291 3616 2348 3637 om.
2372 3605 2425 3649 Vfl
2443 3616 2493 3638 se-

2212 3648 2439 3683 aestimatione
2465 3649 2498 3684 T

1425 3562 1604 3603 eontigerit
1624 3563 1749 3606 Tvuly.
1768 3563 1780 3604 fl

1425 3606 1512 3639 enim
1531 3607 1563 3639 T
1582 3607 1695 3649 sieque
1718 3608 1803 3651 vuly.
1821 3606 1834 3648 ΙΙ
1852 3606 1895 3640 24
1915 3607 1955 3648 si]
1978 3606 2026 3639 sio
2041 3605 2097 3639 D·

1425 3651 1569 3684 cundum
1594 3665 1652 3685 om.
1667 3651 1726 3695 ΤΙΙ
1753 3652 1795 3686 26
1819 3650 2091 3684 examinationem

292 3694 333 3726 25
352 3695 535 3736 προσιέναι
556 3694 614 3738 Lfl
640 3697 680 3729 27
703 3693 842 3739 νόμους]
870 3696 949 3730 Cod.
962 3698 995 3738 4,
1007 3703 1054 3739 82,
1067 3704 1152 3739 2639.
1171 3696 1184 3741 fl
1200 3693 1356 3738 ἐξετάζε-
1388 3700 1391 3739 ξ
1425 3697 1509 3740 vulq.
1529 3699 1542 3740 [Ι
1563 3697 1758 3730 sententiam
1785 3696 1859 3737 VD]
1883 3692 2051 3729 sententis
2071 3692 2195 3737 Tvulq.
