2618 4010
258 169 365 213 Nov.
397 170 492 212 LIII
524 172 558 211 1.
588 170 615 210 2

1317 164 1402 211 30⁰

2103 178 2165 209 DE
2192 176 2464 210 Exfflnmms

1255 296 1411 333 CAPUT
1440 297 1467 331 1.

306 367 414 401 Τοῦτο
444 370 569 401 τοίνυν
597 365 775 401 ἐλεοῦντος
805 364 1039 410 θεσπίζομεν,
1069 364 1106 398 εἴ
1122 375 1159 397 τι
1182 365 1324 410 γένοιτο

253 412 397 445 τοιοῦτο
418 413 478 445 καὶ
501 407 522 446 ὁ
538 410 664 458 χρόνος
686 410 897 458 πληρωθείη
921 409 964 444 ὃν
979 411 1039 444 ἐπὶ
1062 409 1107 455 τῇ
1128 407 1189 460 τῇς
1208 419 1323 454 παραρ

255 453 413 489 στάσεως
442 453 465 498 ἢ
492 455 555 498 τῆς
577 453 770 502 ἀπαγωγῆς
798 451 976 500 ἀσφαλείᾳ
999 450 1103 486 αὐτὸς
1133 464 1154 485 ο
1185 452 1325 499 ἐνάγων

253 498 390 540 ἔταξεν,
419 499 497 533 εἶτα
528 495 549 533 o‘
570 501 638 543 μὲν
661 496 886 546 προςεδρεύοι
912 499 965 541 τῷ
991 495 1226 576 δικαστηρίῳ,
1249 495 1269 531 ὁ
1286 494 1327 531 δὲ

254 542 394 589 ἐνάγων
409 541 706 588 ἅπολιμπάνοιτο,
730 546 789 577 καὶ
808 542 856 587 μὴ
873 543 957 576 εἴσω
978 540 1121 596 ἡμερῶν

254 578 365 633 οὗπερ
387 591 626 635 παραγένοιτο
655 589 700 636 τῇ
723 587 839 633 χώρᾳ,
873 585 892 619 ὁ
926 586 1068 632 ἐνάγων
1098 585 1326 629 απαντὴσειε,

253 630 321 666 τὸν
349 633 417 676 μὲν
446 632 666 679 ἐναγόμςνον
695 632 847 667 οἶςιόντα
877 630 975 677 παρὰ
1005 632 1058 675 τῷ
1084 628 1237 673 δικαστῆ
1265 634 1326 665 καὶ

253 677 369 710 ταῦτα
390 674 607 712 διδάσκοντα
630 691 682 713 πα
707 678 846 732 αχρῇμα
868 673 1057 731 (ἐφίεσθαι,
1081 672 1176 722 ὅρκῳ
1200 666 1241 710 δὲ
1263 673 1325 709 αὗ-

1437 363 1515 399 Hoc
1545 362 1654 406 igitur
1675 362 1884 399 miserantes
1907 365 2102 409 sancimus,
2138 365 2171 401 si
2193 365 2278 410 quid
2309 364 2371 399 fiat
2394 365 2467 399 taie

1393 410 1428 443 et
1457 411 1600 451 tempus
1630 406 1820 458 impleatur
1849 408 1945 453 quod
1973 410 2011 445 in
2042 410 2207 446 cautione
2238 409 2465 445 exhibitionis

1393 453 1458 487 aut
1481 450 1778 496 praesentationis
1805 451 1884 495 ipse
1906 455 2008 490 actor
2031 454 2227 496 constituit,
2259 454 2386 490 deinde
2408 454 2466 489 ille

1394 494 1536 541 quidem
1567 495 1731 531 observet
1763 495 1800 530 in
1828 495 1971 540 iudicio,
2006 502 2107 535 actor
2139 502 2259 534 autem
2290 498 2393 542 desit,
2431 502 2467 533 et

1164 544 1238 583 ἑκα,
1255 538 1323 587 ἀφ’
1362 540 1464 576 5nisi
1494 540 1591 576 intra
1621 539 1697 576 dies
1720 539 1755 575 X
1784 544 1972 586 postquam
1999 552 2082 579 reus
2103 544 2238 580 venerit
2265 544 2303 579 in
2351 544 2467 579 rovin-

1396 585 1486 621 ciam
1517 589 1619 621 actor
1653 585 1867 628 occurrerit,
1906 595 2007 622 reum
2041 587 2181 632 quidem
2214 588 2294 633 ingr
2338 589 2467 624 ientem

1395 630 1492 675 apud
1525 629 1678 665 iudicem
1721 632 1757 665 et
1791 629 1882 665 haec
1921 630 2104 668 docentem
2143 637 2291 678 repente
2329 633 2467 676 dimitti,

1394 675 1621 710 iureiurando
1657 677 1776 711 autem
1812 675 1888 710 eius
1922 674 2099 712 iudicetur
2128 676 2173 712 de
2208 678 2370 714 omnibus
2406 689 2466 713 ex-

253 721 318 754 τοῦ
335 722 527 767 κρίνεσθαι
547 722 672 757 πᾶσαν
714 733 856 763 απανην
871 734 916 763 ην
935 723 1070 762 υπέστη
1091 724 1176 766 περί
1197 733 1237 755 τε
1258 719 1327 763 τὴν
1395 720 1515 764 pensis
1542 730 1631 765 quas
1655 719 1804 771 pertulit
1828 719 1925 771 circa
1947 720 2038 756 viam
2069 723 2107 774 et
2128 721 2224 757 circa
2246 723 2467 768 peregrinam

252 761 465 811 ὁδοιπορίαν
486 771 572 814 περί
593 779 633 801 τε
657 766 722 810 τὴν
745 768 785 800 έν
802 766 884 818 ξένῃ
905 763 1106 818 διατριβήν,
1129 768 1189 819 καὶ
1212 763 1325 812 ταύτῃ
1342 768 1381 799 10
1395 764 1663 809 habitationem,
1692 768 1728 799 et
1758 764 1814 799 hls
1838 765 1973 800 ludices
2005 764 2171 801 addicant
2202 772 2358 803 actorem
2382 778 2466 803 con-

253 807 320 843 τὸν
342 807 517 855 δικαστὴν
538 809 790 853 καταδικάζειν
811 823 876 844 τον
897 811 1074 856 ἐναγοντα
1097 823 1225 854 ματην.
1266 813 1326 844 καὶ

254 851 449 910 ἐπειδήπερ
476 854 609 908 εζωθός
638 858 722 908 ἐστι’
744 854 794 899 μὴ
823 853 938 911 ἄλλως
965 854 1138 911 γίνεσθαι
1168 854 1230 889 τὰς
1255 851 1325 890 ἅπ-

254 909 395 944 αγωγας
426 913 448 942 η
471 911 533 947 τας
557 911 807 946 παραστασεις,
832 912 865 952 ει
877 913 926 944 μη
944 912 979 933 οι
999 900 1186 946 ἐναγοντες
1206 901 1328 953 ἐγγυη-

253 941 315 976 τὰς
338 945 397 977 ἐπὶ
415 945 504 996 ῥητῇ
525 944 700 986 ποσότητι
720 942 816 978 δοῖεν
838 955 885 978 ως
903 944 1155 1000 ἐπεξέρχονται
1178 957 1223 991 τῃ
1248 942 1328 992 δίκῃ
1397 947 1456 979 tur
1487 954 1631 979 causam
1664 947 1700 979 et
1729 943 1930 989 suscipiunt
1960 944 2181 987 sententiam,

1394 809 1592 845 venientem
1614 809 1760 845 frustra.
1808 808 1858 844 Et
1881 809 2047 854 quoniam
2076 820 2154 846 mos
2176 815 2231 847 est
2260 823 2333 848 non
2364 813 2468 847 aliter

1394 854 1472 890 fieri
1505 854 1741 890 exhibitiones
1777 856 1841 890 aut
1876 855 2191 899 praesentationes,
2227 856 2295 892 nisi
2328 861 2467 893 actores

1396 898 1621 935 fideiussores
1646 902 1746 934 certa
1777 899 1976 943 quantitate
2000 899 2169 943 dederint,
2225 900 2306 981 113ἰο
2315 912 2468 991 8ζὲἰείᾓὶιᾶ

253 990 312 1020 καὶ
334 1000 506 1042 κρατουσι
528 991 589 1031 τῆς
613 989 744 1034 ψήφου,
768 990 874 1023 τοῦτο
895 991 963 1033 μὲν
986 1001 1028 1023 το
1046 987 1161 1024 ποσὸν
1181 987 1329 1024 πάντως
1346 993 1382 1024 15
1398 989 1631 1033 quantitatem
1664 989 1805 1024 omnino
1840 999 1902 1024 eos
1938 988 2030 1040 exigi
2061 993 2097 1024 et
2128 988 2206 1024 dari
2239 990 2374 1026 frustra
2409 1001 2467 1025 ca-

254 1029 381 1066 αὗτούς
402 1033 641 1067 απαιτεῖσθαι
665 1036 725 1067 καὶ
749 1031 924 1067 δίδοσθαι
944 1034 999 1077 τῷ
1018 1033 1137 1078 μάτην
1153 1046 1326 1079 συκοφαν-

253 1076 418 1118 τηθέντι.
464 1078 495 1111 εἰ
518 1075 558 1111 δέ
581 1075 641 1111 διὰ
662 1079 726 1112 τοῦ
760 1074 865 1125 ὅρκου
887 1081 947 1112 καὶ
968 1076 1093 1114 πλεῖόν
1115 1092 1154 1113 τι
1177 1082 1327 1124 σαφηνί-

253 1131 325 1172 acts
345 1122 476 1177 (cna-Fls¹
486 1124 619 1176 μέντοι,
634 1120 831 1166 ποσότητος
849 1120 1055 1169 ὁριζομένης
1074 1123 1173 1170 παρὰ
1192 1125 1255 1158 τοῦ
1277 1122 1327 1158 δι-

1396 1034 1565 1069 lnmniam
1586 1043 1706 1078 passo.
1743 1033 1781 1069 Si
1801 1043 1886 1069 vero
1911 1044 1975 1078 per
1996 1034 2240 1069 iusiurandum
2264 1035 2368 1070 etiam
2387 1036 2468 1080 plus

1396 1078 1531 1123 aliquid
1554 1078 1799 1122 deciaraverit,
1831 1082 1930 1114 certa
1953 1081 2072 1114 tamen
2103 1079 2303 1123 quantitate
2325 1079 2469 1115 definita

1395 1133 1418 1158 a
1439 1123 1566 1166 iudice,
1585 1133 1707 1177 ’quam
1736 1123 1832 1167 leges
1864 1123 2079 1159 taxationem
2103 1126 2242 1164 vocant,
2272 1124 2378 1159 etiam
2401 1124 2469 1159 hoc

251 1166 429 1208 καζοντος,
454 1165 499 1209 ἣν
521 1166 558 1200 οἱ
577 1180 684 1211 νομοι
707 1167 918 1208 ταξατίωνα
941 1166 1112 1210 καλοῦσι),
1136 1172 1196 1202 καὶ
1219 1170 1326 1203 τοῦτο
1394 1178 1437 1203 su
1464 1168 1606 1213 erexigl,
1631 1171 1672 1203 ut
1694 1171 1891 1213 agnoscant
1914 1178 1986 1203 11011
2009 1168 2131 1204 ludere
2154 1168 2191 1203 iu
2210 1169 2300 1204 vitas
2321 1168 2467 1212 alienas,

251 1221 279 1242 π
302 1211 597 1245 asanaa-retostus·
633 1212 693 1246 ἴνα
715 1212 874 1256 μάθοιεν
902 1211 953 1268 μῂ
981 1215 1126 1255 παίζειν
1155 1214 1202 1247 εἰς
1225 1217 1325 1257 βίους
1338 1216 1380 1248 20
1394 1222 1432 1248 se
1487 1213 1526 1248 in
1548 1212 1731 1258 provincia
1759 1213 1886 1257 eligere
1916 1213 2050 1250 iudices
2082 1217 2118 1249 et
2148 1213 2198 1249 ibi
2228 1215 2354 1249 contra
2383 1223 2468 1249 suos

249 1250 462 1307 J'qut'ovffi
486 1253 575 1290 ἀλλὰ
591 1256 637 1291 τὰ
652 1256 743 1291 κατὰ
765 1257 889 1304 χώραν
904 1258 1088 1304 αιρεῖσθαι
1110 1256 1322 1306 δικαστήρια

251 1302 388 1334 κακεῖσε
411 1299 499 1344 πρὸς
521 1299 602 1336 ’τοὺς
624 1301 766 1336 ἑαυτῶν
789 1299 990 1338 ἀντιδίκους
1013 1300 1279 1351 διακρίνεσθαι.

1391 1257 1614 1294 adversarios
1638 1258 1786 1303 litigare.

1241 1403 1399 1439 CAPUT
1428 1404 1474 1438 11.

306 1465 450 1511 Ἐπειδὴ
480 1466 522 1503 δὲ
550 1469 614 1504 τὰς
643 1468 743 1516 παρὰ
773 1471 851 1504 τῶν
882 1469 1092 1518 ἐναγόντων
1123 1468 1248 1518 ἐγγύας
1280 1469 1327 1505 ὠς

251 1513 389 1546 ἐπίπαν
417 1513 521 1557 ἴσμεν
550 1515 719 1549 ἐνταῦθα
751 1512 938 1558 διδομένας
969 1517 1037 1569 ἐπὶ,
1057 1518 1129 1550 τοῖς
1151 1527 1325 1562 παριστα-

1485 1470 1577 1514 Quia
1596 1481 1680 1507 vero
1705 1471 1750 1507 ab
1774 1472 1956 1508 actoribus
1988 1473 2232 1509 fideiussiones
2262 1471 2470 1518 plerumque

1395 1515 1555 1551 novimus
1580 1516 1637 1551 hic
1662 1516 1776 1559 datas,
1801 1520 1982 1562 tamquam
2005 1519 2042 1553 in
2065 1518 2271 1553 exhibendis
2320 1517 2469 1558 ersonis,

250 1558 368 1601 μένοις
390 1557 601 1603 προςώποις,
625 1560 657 1593 εἰ
679 1557 719 1593 δὲ
742 1560 789 1593 εἰς
812 1560 940 1612 ἑτέραν
963 1559 1168 1617 ἀπαγονται
1191 1559 1325 1606 χώραν,
1339 1563 1381 1595 25
1395 1560 1426 1596 81
1448 1570 1530 1596 vero
1562 1561 1600 1595 in
1631 1561 1737 1596 aliam
1768 1561 1991 1598 deducantur
2023 1562 2257 1607 provinciam,
2303 1565 2382 1597 orte
2410 1560 2470 1595 de-

251 1600 337 1635 ἴσως
359 1598 469 1647 διαφυ
491 1601 615 1650 γάνειν
642 1604 792 1657 ’ταύτηνΚ
807 1618 875 1647 την
903 1616 1165 1658 παρατηρησιν,
1196 1605 1327 1640 &soni-

252 1647 360 1690 ζομεν
380 1645 444 1681 τὸν
522 1648 623 1681 αὗθα
646 1647 822 1692 δικαστην
840 1647 862 1692 ἢ
883 1663 948 1684 τον
964 1647 1202 1690 ἐνδοξότατον
1222 1648 1327 1695 ἡμῶν

251 1693 471 1747 κοιαίστωέα
485 1691 552 1726 τὸν
567 1695 639 1726 τοῖς
655 1693 770 1746 θείαις
784 1691 890 1738 ἡμῶν
908 1691 1199 1740 ὑπηρετούμενον
1218 1695 1327 1741 γράμ-

1396 1605 1528 1640 clinare
1560 1605 1653 1641 hanc
1683 1606 1981 1649 observationem,
2019 1607 2198 1643 sancimus
2228 1606 2287 1642 hic
2319 1605 2470 1641 iudicem

1396 1654 1457 1685 aut
1473 1650 1766 1694 gloriosissimum
1785 1655 1946 1687 nostrum
1966 1656 2189 1697 quaestorem
2206 1651 2318 1688 sacris
2338 1650 2469 1686 nostris

1394 1695 1653 1730 ministrantem
1683 1696 1831 1740 litteris,
1868 1697 1898 1731 si
1927 1697 2012 1742 quid
2046 1697 2120 1732 tale
2151 1706 2257 1741 agere
2291 1695 2469 1736 iubeatur,

251 1746 374 1778 μασιν,
397 1749 427 1770 ει
450 1750 486 1771 τι
509 1738 650 1772 τοιοῦτο
674 1739 808 1784 πραξαι
831 1737 1050 1792 κελευσθείη,
1074 1739 1123 1784 μὴ
1143 1738 1259 1774 ἄλλως
1282 1741 1330 1774 εἰς
1398 1750 1471 1775 11011
1495 1740 1599 1775 aliter
1622 1740 1670 1776 ad
1691 1741 1798 1776 aliam
1815 1741 1976 1777 exhiberi
1992 1742 2212 1787 provinciam
2234 1751 2346 1782 reum,
2370 1743 2470 1775 ante·

252 1779 397 1834 e‘re‘guw=
410 1777 625 1825 ἀπαχθῆναι
655 1782 778 1828 χώραν
808 1796 874 1818 τον
904 1783 1131 1831 ἐναγόμενον,
1166 1788 1254 1830 πρὶν
1284 1784 1331 1819 ἂν
1344 1787 1385 1819 30

253 1825 426 1871 ἐγγυητην
447 1827 794 1872 προςκαταστὴσειεν
818 1825 837 1862 ὁ
862 1828 1003 1875 ἐνάγων
1013 1831 1066 1883 ,ἐν
1089 1829 1142 1872 τῷ
1165 1827 1329 1873 δικαστη-

1398 1794 1506 1864 paam
1530 1784 1775 1821 fideiussorem
1792 1787 1964 1831 praebeat
1980 1787 2138 1840 actonin
2154 1786 2297 1840 iudicio,
2322 1786 2358 1820 in
2376 1785 2471 1829 quod

1416 1833 1542 1865 uturus
1577 1834 1632 1866 est
1668 1841 1768 1866 reum
1801 1831 1996 1875 deducere,
2032 1842 2115 1876 qma
2145 1831 2245 1867 dabit
2276 1830 2471 1866 secundum

253 1872 321 1922 otas
340 1866 434 1904 καθ’
456 1867 478 1905 ὃ
498 1870 617 1915 μέλλει
648 1871 715 1907 τὸν
738 1870 985 1917 εὐθυνόμενον
1007 1887 1116 1926 αγειν,
1150 1870 1197 1908 οἷς
1220 1872 1331 1908 δώσει
1400 1875 1561 1910 locorum
1590 1875 1743 1919 spatium
1774 1886 1902 1911 aurum
1935 1882 2261 1921 quantumcumque
2290 1875 2471 1911 decretum

254 1924 343 1991 ngas
371 1913 412 1948 τὸ
444 1916 522 1950 τῶν
544 1914 673 1951 τόπων
697 1915 878 1961 διάστημα
903 1922 1049 1964 χρυσίον
1071 1930 1159 1952 οσον
1190 1918 1236 1952 ἄν
1259 1916 1330 1964 ὁρι-

253 1968 277 1990 σ
309 1961 362 2000 είη
393 1960 447 2013 τῷ
469 1959 655 2015 φεύγοντι,
687 1963 719 1996 εἰ
740 1961 790 2006 μὴ
814 1959 921 2016 αὐτὸς
945 1962 1123 2016 ἐπεξέλθῃ
1147 1961 1168 2006 ἢ
1192 1963 1330 2004 ἐπεξελ-

254 1999 340 2036 θὼν
370 2017 420 2047 μη
447 2017 605 2053 κρατησῃ
635 2007 696 2050 τῆς
718 2004 833 2051 δίκης,
866 2010 1007 2042 nauatae
1030 2020 1152 2043 παντα
1175 2007 1324 2053 πράττε·
1338 2011 1380 2044 35

1399 1919 1510 1954 fuerit
1532 1919 1700 1963 fugienti,
1738 1922 1767 1955 si
1792 1932 1864 1956 non
1889 1924 2087 1965 exequatur
2113 1926 2176 1956 aut
2200 1930 2375 1965 exequens
2399 1929 2472 1954 non

1400 1964 1520 2000 vincat
1545 1974 1701 2007 causam,
1725 1968 1762 2001 et
1784 1966 1836 2001 ibi
1859 1966 1979 2002 omnia
2000 1967 2059 2010 agi
2082 1975 2326 2011 quaecumque
2349 1965 2387 2000 in
2409 1974 2470 1999 ex-

299 2118 369 2149 cap.
382 2107 407 2139 I
424 2108 671 2150 (Θεσπίζομεν,
694 2107 725 2141 εἰ
748 2106 767 2141 ὁ
790 2107 913 2154 χρόνος
935 2106 1150 2153 πληρωθείη
1169 2112 1278 2151 ......)
1305 2110 1355 2144 ΙΙ.
1380 2111 1445 2144 ΙΙΙ
1456 2115 1472 2150 §
1488 2119 1512 2145 1.
1526 2119 1554 2145 2.
1579 2112 1639 2145 IV
1651 2114 1695 2146 in.
1720 2113 1775 2153 (—
1795 2111 1983 2146 παντελῶς
2003 2109 2310 2158 ἀποστρεφόμεθα
2331 2114 2409 2155 302,
2423 2114 2470 2154 31)

255 2150 351 2183 habet
366 2151 410 2190 B,
425 2153 456 2193 7,
469 2159 512 2193 ¹2,
527 2160 554 2186 7.

307 2207 334 2228 c.
347 2195 372 2228 Ι
389 2198 592 2230 summarium
610 2203 695 2230 extat
716 2193 809 2230 Ῥοπ.
824 2198 855 2238 8,
870 2204 904 2235 ὃς
932 2197 1096 2230 Theodori
1116 2210 1267 2231 summam
1291 2201 1404 2241 repetit
1427 2200 1554 2243 Ecloaa
1577 2202 1630 2234 lib.
1651 2201 1674 2233 Ι
1677 2203 1767 2233 —X
1776 2201 1998 2235 Basilicarum
2021 2202 2077 2245 (cf.
2096 2203 2275 2237 Heimbaclz
2294 2204 2425 2246 adnot).

386 2295 413 2331 1.
460 2295 541 2331 Hoc
559 2296 673 2342 iqitur
692 2306 802 2348 aeqre
822 2295 983 2341 ferentes
1004 2297 1198 2340 sancimus,
1221 2298 1256 2333 si
1274 2297 1364 2343 quid
1381 2299 1557 2335 eiusmodi
1577 2300 1719 2345 factum
1741 2301 1790 2336 sit
1811 2304 1919 2347 atque
1944 2305 2010 2337 tem
2039 2313 2082 2337 us
2100 2301 2289 2338 ¹transierit
2310 2303 2413 2355 quod
2434 2304 2472 2339 in

254 2339 420 2376 cautione
437 2340 572 2376 iudicio
591 2341 739 2377 sistendi
764 2347 830 2376 aut
844 2339 1045 2378 deducendi
1062 2353 1175 2378 causa
1195 2346 1301 2378 actor
1318 2345 1457 2386 statuit,
1481 2343 1608 2380 deinde
1631 2345 1724 2381 alter
1747 2345 1890 2392 quidem
1912 2347 1951 2381 in
1966 2346 2004 2381 iu
2030 2346 2100 2382 icio
2117 2351 2265 2393 praesto
2284 2352 2343 2390 stt,
2367 2353 2473 2384 actor

253 2389 371 2420 autem
395 2385 499 2426 absit,
522 2395 588 2421 nec
610 2386 708 2421 intra
729 2385 848 2421 decem
871 2385 959 2428 dies,
983 2398 1033 2423 cx
1055 2397 1127 2439 quo
1150 2387 1212 2423 ille
1234 2389 1274 2422 in
1293 2388 1529 2433 provinciam.
1544 2390 1650 2432 venit,
1675 2394 1779 2426 actor
1804 2396 2033 2437 compareat:
2055 2396 2096 2427 ut
2117 2402 2212 2435 reus,
2234 2392 2299 2438 qui
2320 2393 2472 2428 iudicem

253 2429 385 2465 adierit
412 2433 450 2465 et
476 2429 566 2466 haec
587 2430 813 2477 probaverit,
844 2431 966 2466 statim
989 2431 1204 2474 dimittatur,
1236 2432 1471 2468 iureiurando
1496 2438 1615 2469 autem
1646 2435 1723 2470 eius
1753 2446 1875 2471 omnes
1897 2436 2080 2482 impensae
2102 2447 2195 2483 quas
2224 2441 2259 2472 et
2282 2437 2320 2472 in
2343 2437 2472 2473 itinere

253 2478 290 2509 et
309 2473 392 2510 dum
408 2485 567 2522 pereqre
589 2479 833 2511 commoratus
855 2478 908 2510 est
929 2476 1037 2521 fecit,
1065 2478 1297 2512 aestimentur
1320 2480 1429 2523 atque
1459 2479 1497 2514 in
1519 2489 1581 2514 eas
1603 2479 1717 2515 iudex
1741 2479 1951 2516 condemnet
1977 2491 2057 2516 eum
2084 2481 2148 2527 qui
2173 2486 2301 2517 temere
2323 2493 2470 2517 causam

252 2519 376 2565 eqerit.
424 2518 475 2555 Et
503 2520 672 2565 quoniam
703 2519 814 2556 moris
844 2524 898 2556 est
928 2531 1002 2556 non
1031 2521 1138 2557 aliter
1166 2521 1396 2558 deductiones
1427 2526 1491 2558 aut
1520 2522 1761 2560 exhibitiones
1780 2525 1882 2570 fieri,
1915 2525 1986 2560 nisi
2008 2529 2152 2562 actores
2178 2525 2411 2571 fideiussores
2432 2528 2471 2561 in

253 2567 387 2615 certam
410 2564 647 2609 quantitatem
670 2564 835 2600 dederint
855 2575 894 2600 se
918 2565 1014 2601 litem
1030 2571 1293 2612 persecuturos
1315 2577 1392 2603 esse
1422 2571 1459 2603 et
1480 2568 1691 2604 sententiam
1715 2573 1940 2615 accepturos,
1970 2581 2015 2605 ea
2063 2570 2223 2606 uantitas
2256 2572 2401 2607 omnino
2425 2571 2470 2607 ab

252 2607 299 2642 iis
321 2612 496 2654 εει-τροίην
518 2610 622 2655 eique
644 2609 749 2645 detur
772 2610 835 2655 qui
860 2614 988 2646 temere
1011 2609 1225 2646 calumniam
1250 2622 1385 2657 passus
1406 2615 1470 2648 est.

1524 2610 1661 2655 Quodsi
1688 2614 1777 2659 quid
1807 2614 1914 2649 etiam
1945 2625 2028 2660 amp
2044 2625 2101 2649 tus
2130 2626 2200 2661 per
2222 2615 2472 2651 iusiurandum

253 2651 493 2690 declaraverit
522 2656 635 2697 (certa
660 2658 776 2690 tamen
799 2655 1001 2700 quantitate
1024 2666 1047 2690 a
1071 2655 1188 2691 iudice
1211 2655 1431 2701 definienda,
1462 2667 1570 2703 quam
1594 2657 1691 2703 leqes
1723 2658 1946 2694 taxationem
1969 2663 2130 2701 vocant),
2162 2658 2229 2695 hoc
2251 2670 2396 2706 quoque
2418 2661 2471 2695 in-

252 2707 363 2750 super
385 2698 579 2744 exiqatur:
612 2703 654 2734 ut
675 2698 817 2734 discant
839 2710 914 2734 non
938 2699 1093 2735 ludibrio
1118 2699 1250 2737 habere
1273 2700 1367 2736 bona
1391 2701 1529 2743 aliena,
1559 2701 1625 2738 sed
1654 2701 1787 2738 iudicia
1819 2713 1912 2748 quae
1947 2703 1985 2738 in
2008 2704 2201 2749 provincia
2231 2709 2317 2740 sunt
2339 2705 2473 2751 eliqere

253 2741 373 2788 nonque
396 2753 475 2778 cum
499 2743 720 2779 adversariis
741 2744 816 2779 suis
839 2743 995 2790 litigare.

386 2787 432 2822 ΙΙ.
479 2786 657 2830 Quoniam
677 2799 761 2824 vero
777 2789 909 2824 scimus
928 2789 1159 2834 fideiussores
1183 2790 1227 2826 ab
1247 2790 1430 2827 actoribus
1445 2790 1663 2838 plerumque
1686 2791 1744 2828 hic
1759 2792 1843 2828 dari
1855 2796 2014 2839 propter
2036 2792 2261 2829 ecchibendas
2277 2804 2472 2841 persona-5,

253 2831 286 2867 si
307 2841 392 2867 vero
412 2832 451 2866 in
473 2831 583 2868 aliam
631 2833 829 2869 rovinciam
851 2833 906 2869 rei
928 2833 1167 2879 deducuntur,
1197 2835 1299 2880 forte
1321 2835 1503 2871 declinare
1526 2846 1589 2872 eos
1620 2836 1714 2872 ltanc
1738 2837 2040 2880 observationem,
2072 2838 2264 2881 sancimus,
2296 2842 2338 2874 ut
2361 2838 2474 2874 iudex

253 2876 320 2929 qui
339 2875 398 2912 hic
419 2880 475 2912 est
495 2876 552 2913 vel
572 2889 598 2924 q
614 2877 856 2913 otiosissimus
880 2884 1052 2924 quaestor
1080 2884 1205 2916 noster
1235 2880 1300 2926 qui
1329 2880 1445 2916 sacris
1474 2881 1610 2916 nostris
1642 2881 1772 2917 litteris
1802 2892 1951 2929 operam
1974 2881 2054 2925 dat,
2085 2883 2118 2917 si
2138 2881 2230 2934 quid
2253 2882 2324 2919 tale
2368 2893 2474 2918 acere

254 2930 374 2956 cussus
387 2921 447 2963 sit,
470 2931 545 2957 non
561 2922 667 2958 aliter
680 2922 880 2975 <patiatur>
903 2934 1001 2959 reum
1019 2925 1056 2959 in
1071 2925 1180 2960 aliam
1197 2925 1426 2972 provinciam
1449 2923 1587 2968 deduci,
1607 2926 1823 2972 priusquam
1847 2930 1950 2962 actor
1973 2927 2011 2962 in
2034 2926 2167 2962 iudicio
2190 2926 2228 2962 in
2251 2937 2323 2973 quo
2372 2938 2473 2963 reum

253 2964 482 3001 exhibiturus
512 2971 576 3009 est,

607 2967 855 3013 fideiussorem
881 2969 1105 3014 praestiterit
1127 2980 1177 3012 se,
1206 2971 1244 3005 si
1271 2970 1348 3015 ipse
1370 2980 1516 3005 causam
1547 2981 1621 3005 non
1650 2982 1757 3023 perse
1783 2975 1893 3007 uatur
1924 2971 1980 3023 vel
1997 2975 2211 3018 persecutus
2241 2981 2314 3007 non
2338 2971 2472 3014 vincat,

248 3020 323 3056 pro
345 3009 507 3046 locorum
525 3011 699 3048 distantia
723 3016 860 3048 tantum
881 3014 1059 3059 pecuniae
1081 3014 1250 3050 daturum
1273 3018 1448 3060 quantum
1471 3026 1534 3051 reo
1552 3014 1735 3061 definitum
1775 3016 1880 3059 uerit,
1904 3016 2024 3062 ibique
2043 3015 2163 3051 omnia
2182 3021 2342 3063 ayantur
2362 3027 2472 3063 quae-

302 3126 316 3158 1
342 3123 448 3158 τοῦτο
477 3123 553 3168 L¹ss
577 3125 596 3158 2
621 3119 664 3157 ὃν
684 3124 731 3157 L¹
757 3124 769 3168 ΙΙ
795 3126 814 3158 3
838 3120 860 3167 ἢ
883 3125 944 3167 τῆς
966 3123 1169 3173 ἀπαγωγῆς]
1193 3122 1215 3169 ἢ
1237 3121 1327 3173 ἄγω-

255 3168 317 3215 γῆς
339 3169 388 3203 L¹
416 3167 429 3213 ΙΙ
462 3171 484 3203 4
513 3164 533 3202 ὁ
563 3169 642 3212 μὲν]
683 3167 894 3214 ἐναγόμονος
925 3172 1003 3204 add.
1029 3183 1098 3205 cum
1131 3172 1328 3206 Haloandro

254 3214 339 3257 vulq.
358 3213 406 3256 {5
423 3215 483 3246 καὶ
501 3211 560 3256 μὴ]
585 3216 618 3246 et
638 3214 702 3246 nisi
727 3226 746 3250 ς
763 3213 776 3258 ΙΙ
791 3214 914 3259 μερῶν
927 3215 969 3248 Μ
979 3215 990 3236 ¹
1004 3214 1018 3260 ΙΙ
1044 3217 1065 3249 6
1085 3212 1328 3258 ἀπαντήσοιεν

255 3257 365 3301 LB‘ll
393 3259 433 3292 12
449 3256 631 3304 ἐναγωγὰς
655 3259 704 3291 B⁶
726 3258 740 3302 fl
764 3261 804 3293 14
825 3260 885 3292 ἐπὶ
908 3259 952 3305 τῇ
978 3259 1068 3306 ῥητῆ
1092 3261 1144 3294 Βο
1159 3260 1172 3305 ΙΙ
1202 3263 1238 3295 17
1265 3262 1326 3294 τοῦ

255 3315 313 3335 om.
328 3301 413 3356 13ῑέ
442 3304 478 3337 19
502 3301 699 3342 ταξατίονα
720 3303 750 3335 L
774 3303 787 3343 ΙΙ
810 3304 851 3337 21
877 3295 1100 3350 δικαστὴρῖα]
1125 3305 1251 3339 iudices
1275 3318 1294 3341 ς’
1316 3306 1329 3350 ΙΙ

255 3348 297 3379 22
309 3342 447 3380 adusi·-
465 3348 513 3381 L‘·
531 3347 544 3388 Ι
559 3345 704 3381 ἑαυτοὺς
717 3348 767 3380 L‘
784 3348 796 3391 ΙΙ
814 3349 855 3382 23
869 3347 980 3394 παρὰ]
998 3351 1080 3395 περὶ
1094 3350 1125 3383 L
1142 3350 1154 3394 ΙΙ
1170 3348 1214 3385 29
1221 3362 1268 3394 sq.
1281 3350 1328 3383 εἰς

255 3390 381 3437 ἑτέραν
404 3388 618 3435 ἀπαχθῆναι
638 3390 763 3437 χώραν
785 3390 852 3426 τὸν
867 3391 1096 3439 ἐναγόμενον]
1121 3395 1328 3439 ἐπιτρέπειν

254 3436 310 3477 (cf.
323 3437 401 3470 Aeh.
413 3438 456 3471 in.
473 3444 503 3471 et
516 3437 637 3471 Thood.
653 3441 669 3476 §
685 3440 715 3479 2)
730 3437 782 3470 vel
791 3438 893 3471 simile
909 3440 991 3481 quid
1001 3440 1110 3473 dcem
1121 3440 1203 3474 vidit
1215 3440 1326 3473 Haim-

257 3480 337 3511 bach
354 3479 367 3521 Ι
389 3482 429 3515 31
446 3479 792 3526 προςκαταστήσειεν
804 3482 876 3515 ML
883 3483 972 3525 Am]
999 3481 1328 3529 προκαταστήσειεν

257 3521 534 3567 B⁶(Haloander)
551 3524 839 3571 προκαταστήσςι
851 3528 927 3560 Ath.
941 3529 974 3561 in
987 3530 1034 3562 tit.
1049 3531 1086 3562 15
1095 3530 1267 3572 paratinis
1281 3533 1298 3568 3
1310 3537 1327 3563 5

257 3566 410 3607 praebeat
426 3581 444 3604 ς
467 3569 646 3616 (παράσχῃ
665 3572 743 3606 Am.
761 3572 795 3604 in
815 3573 861 3605 tit.
874 3574 895 3606 4
908 3580 1019 3615 parat.
1043 3578 1059 3612 5
1075 3575 1107 3615 9)
1133 3573 1147 3617 ΙΙ
1174 3569 1327 3615 δικαστῆ

259 3608 336 3653 8⁶!
360 3611 402 3643 32
426 3611 563 3658 ἐνάγειν
587 3616 637 3648 B⁰
661 3615 675 3660 ΙΙ
702 3617 745 3650 34
767 3612 873 3651 αὐτὸς
895 3629 954 3652 om.
968 3629 987 3653 ς
1011 3617 1024 3661 ΙΙ
1048 3615 1226 3665 ἐπεξέλθῃ
1249 3607 1326 3652 Ati.

260 3663 394 3704 rma]
413 3666 600 3718 επιεελθω
614 3670 691 3703 ΜΒ
714 3656 881 3711 emm-9²
895 3672 926 3705 L
945 3671 958 3716 n
974 3674 1016 3706 35
1031 3671 1190 3719 κρατήσῃ
1204 3673 1329 3707 MLBr

257 3707 346 3749 Ata]
369 3721 534 3755 κρατησει
558 3713 608 3745 B‘
622 3715 719 3758 vuly„
751 3715 936 3759 κρατήσειε
962 3718 1192 3762 Osenbriiyqen

1443 3131 1458 3162 1
1474 3130 1554 3162 haec
1567 3129 1636 3162 ΒΤ
1650 3129 1655 3170 Ι
1677 3129 1744 3162 tale
1761 3129 1820 3162 fiat
1832 3129 1903 3162 ΒΤ
1915 3129 1928 3172 ΙΙ
1951 3131 1970 3163 3
1991 3130 2095 3169 actor]
2117 3131 2233 3162 auctor
2246 3131 2368 3172 (autem
2388 3129 2471 3162 desit

1398 3174 1546 3216 add.R¹)
1559 3174 1591 3207 R
1602 3174 1636 3207 V
1675 3175 1696 3207 4
1707 3176 1823 3207 auctor
1834 3174 1867 3207 R
1878 3174 1933 3218 Vn
1951 3176 1969 3207 5
1984 3173 2061 3215 nisi]
2080 3184 2147 3206 non
2162 3175 2248 3218 vulq.
2267 3171 2280 3218 fl
2294 3176 2469 3216 postquam

1396 3229 1471 3251 reus
1493 3231 1550 3252 om.
1564 3218 1641 3252 RV
1667 3219 1700 3251 T
1708 3219 1718 3239 ¹
1733 3217 1746 3263 ΙΙ
1773 3220 1793 3253 6
1806 3220 1922 3251 auctor
1943 3219 2000 3261 Vn
2022 3219 2216 3259 occurrerit]
2237 3221 2270 3251 et
2288 3218 2470 3251 occurrerit

1396 3263 1473 3306 R’fl
1498 3273 1609 3296 rerum
1633 3263 1680 3295 V¹
1704 3262 1720 3328 u
1741 3265 1760 3296 7
1785 3265 1818 3296 et
1838 3263 1918 3296 haec
1939 3263 2110 3296 docentem
2132 3264 2239 3306 suppl.
2257 3262 2468 3305 V’tnepatio

1396 3320 1465 3341 vac.
1485 3307 1498 3350 fl
1525 3310 1567 3342 10
1591 3307 1645 3340 his
1671 3308 1703 3341 R
1725 3306 1774 3342 T²
1785 3308 1883 3351 vala]
1909 3308 1968 3341 has
1991 3308 2137 3342 R¹T¹V
2159 3307 2172 3351 ΙΙ
2198 3307 2329 3340 addicat
2352 3305 2471 3350 3¹1⁷„

1396 3355 1564 3386 auctorem
1585 3352 1646 3396 Vn
1668 3352 1856 3386 uenientem
1880 3352 1914 3385 R
1940 3352 1952 3395 Ι
1978 3354 2014 3387 11
2043 3354 2092 3386 est
2115 3351 2266 3394 cm.R¹1
2290 3352 2330 3385 12
2353 3352 2467 3382 aueto-

1395 3406 1446 3429 188
1467 3397 1521 3440 Vn
1541 3399 1583 3432 13
1608 3397 1735 3430 dederit
1758 3396 1835 3441 R¹11
1853 3397 1911 3439 qui
1931 3397 2010 3440 V¹fl
2031 3399 2071 3431 14
2093 3395 2275 3438 suscipiant
2298 3393 2347 3427 R¹
2363 3393 2377 3438 fl
2392 3395 2467 3435 qui-

1395 3441 1468 3474 dem
1491 3454 1548 3475 om.
1562 3442 1596 3475 R
1613 3441 1626 3486 ΙΙ
1651 3444 1691 3475 15
1716 3441 1805 3484 exigi
1825 3444 1869 3482 et]
1894 3442 2003 3484 exiget
2022 3441 2085 3493 Vn
2112 3443 2150 3475 16
2169 3441 2206 3473 Si
2219 3440 2309 3479 vero]
2332 3438 2369 3471 si
2386 3449 2467 3472 uero

1393 3495 1453 3528 per
1467 3486 1698 3519 iusiurandum
1714 3486 1822 3519 calum
1847 3486 1935 3519 niam
1950 3497 2044 3529 passo
2058 3496 2088 3518 81
2104 3494 2184 3517 uero
2203 3481 2251 3517 V'
2303 3485 2341 3516 17
2355 3486 2464 3516 tamen

1394 3543 1453 3564 om.
1468 3531 1516 3563 R¹
1532 3530 1544 3575 ΙΙ
1563 3531 1710 3572 definita]
1730 3534 1763 3564 et
1778 3497 1913 3564 deffinita
1925 3530 2023 3574 RVfl
2048 3531 2089 3563 19
2109 3529 2145 3561 in
2163 3527 2225 3561 del.
2237 3526 2271 3560 R
2302 3527 2314 3569 ΙΙ
2339 3529 2382 3579 211
2400 3528 2464 3560 ele-

1393 3584 1470 3617 gere
1492 3576 1541 3609 V¹
1556 3576 1568 3619 ΙΙ
1588 3577 1631 3611 26
1652 3575 1720 3617 hic]
1742 3576 1868 3609 hinoR
1926 3576 1968 3610 27
1984 3573 2105 3607 nostris
2123 3583 2181 3605 om.
2203 3571 2259 3615 Vn
2276 3572 2319 3605 29
2331 3572 2465 3605 exibent

1394 3619 1444 3652 Β*
1469 3619 1482 3663 ΙΙ
1505 3622 1610 3662 reum]
1635 3630 1658 3653 u
1683 3633 1722 3654 ex
1737 3633 1820 3655 corr.
1843 3620 1878 3653 V
1932 3620 1977 3653 30
1999 3619 2114 3650 auctor
2134 3615 2197 3659 Vl
2219 3617 2308 3657 quod
2329 3617 2373 3657 V]
2398 3627 2465 3658 quo

1395 3663 1464 3697 RT
1485 3664 1498 3708 [1
1521 3666 1561 3698 31
1589 3675 1698 3698 rerum
1720 3665 1770 3698 V¹
1793 3664 1807 3709 fl
1834 3665 1876 3697 32
1899 3662 2058 3706 apetium
2081 3660 2130 3694 V⁸
