2586 3990
219 140 327 184 Nov.
357 135 579 182 CXXVIII
610 136 775 176 19—21

218 246 492 292 στρατιωτικῶν
521 240 805 287 δαπανημάτων.
852 241 884 276 εἰ
914 239 956 276 δέ
983 253 1020 274 τι
1051 241 1151 284 παρὰ
1180 241 1297 276 ταῦτα

217 288 500 335 πλημμεληθείη,
528 285 548 321 ὁ
573 288 641 332 μὲν
662 286 914 332 τοποτηρητὴν
937 285 1065 319 ἑαυτοῦ
1090 297 1153 320 ποι
1165 282 1242 321 ’σας
1262 285 1292 321 λ’

217 335 351 379 λιτρῶν
371 336 515 378 χρυσίου
537 331 670 375 ποινὴν
689 331 1004 375 εἰςπραχθήσεται,
1029 326 1148 365 ἀποκα
1181 331 1297 366 ιστῶν

216 383 276 413 καὶ
307 378 429 413 πᾶσαν
457 375 628 420 δαπάνην
655 373 680 420 ἢ
709 377 841 429 ζημίαν
872 372 918 418 ἢν
942 371 990 408 ἂν
1020 372 1082 408 διὰ
1111 376 1177 410 τοῦ
1202 373 1293 421 παρ’

1284 129 1370 176 644

2015 146 2084 177 DE·
2106 144 2440 178 COLLATORIBUS

1391 241 1552 278 revidere
1573 240 1785 277 militaribus
1807 242 1982 287 expensis.
2031 243 2069 279 Si
2090 243 2174 288 quid
2197 245 2316 279 autem
2339 244 2442 279 extra

1363 252 1455 322 Baec
1478 286 1715 329 delinquatur,
1747 286 1972 331 quiquidem
1993 287 2064 324 loci
2091 289 2306 324 servatorem
2336 297 2441 323 suum

1363 331 1460 374 fecit,
1483 330 1588 365 XXX
1605 330 1685 365 auri
1702 330 1873 367 librarum
1894 341 2046 376 poenam
2065 332 2226 378 exigitur,
2250 332 2440 368 restituens

1364 378 1401 411 et
1424 385 1528 411 omne
1552 376 1718 411 damnum
1749 375 1845 420 quod
1866 386 1932 421 per
1955 386 2035 413 eum
2065 377 2127 423 qui
2148 377 2194 413 ab
2219 387 2262 413 eo
2285 377 2441 413 directus

217 421 327 457 αὐτοῦ
356 420 548 456 σταλέντος
582 422 677 455 τινὲς
711 423 959 464 υπομείναιεν,
995 416 1014 452 ὁ
1047 416 1089 453 δὲ
1119 420 1297 467 γενέσθαι
1332 423 1351 456 5
1366 422 1420 455 est
1442 419 1551 472 aliqui
1581 419 1807 464 pertulerint,
1863 420 1901 456 ui
1922 430 2005 458 vero
2035 421 2113 458 fieri
2135 421 2375 475 praesumpsit
2405 425 2442 457 et

216 466 402 513 θαρρήσας
425 469 485 500 καὶ
509 467 572 509 τῆς
595 464 687 500 ἰδίας
710 461 818 508 ἀρχῆς
841 466 901 498 καὶ
925 463 1084 505 ἐξουσίας
1106 467 1166 498 καὶ
1189 476 1297 509 στρα-

215 516 311 546 τείας
334 509 608 556 ἐξαιρεθήσεται
632 513 693 544 καὶ
716 507 802 543 δέκα
824 512 969 554 χρυσίου
998 507 1133 552 λιτρῶν
1163 507 1298 553 ποινὴν

217 556 500 600 ζημιωθήσεται.

1366 474 1511 509 proprio
1535 465 1677 518 cingulo
1709 467 1744 500 et
1767 465 1938 510 digmtate
1969 468 2005 502 et
2026 467 2152 520 militIa
2178 467 2376 513 privabitur
2405 467 2442 501 et

1367 509 1488 545 decem
1511 519 1591 545 aun
1612 509 1783 545 librarum
1806 520 1921 555 poena
1945 511 2163 548 multabitur.

1202 663 1360 701 CAPUT
1383 664 1464 700 XX.

271 729 469 775 Κωλύομεν
493 729 533 765 δὲ
556 731 644 777 πρὸς
666 730 806 766 τούτοις
837 733 897 765 καὶ
919 731 1001 765 τοὺς
1024 731 1064 765 ἐν
1086 733 1163 765 ταῖς
1187 731 1296 776 ἐπαρ-

1426 730 1660 769 Prohibemus
1690 732 1736 768 ad
1766 733 1854 769 haec
1891 737 1927 768 et
1958 733 1997 769 in
2027 733 2216 779 provinciis
2250 733 2442 769 existentes

213 780 305 820 χίαις
338 774 447 810 ὄντας
477 773 654 821 ἄρχοντας
688 774 891 811 πολιτικούς
921 788 960 810 τε
988 778 1048 809 καὶ
1081 786 1294 821 στρατιωτι-
1310 779 1351 812 10
1364 776 1499 812 iudices
1523 777 1643 813 civiles
1674 780 1709 813 et
1731 777 1901 814 militares
1931 778 1968 814 in
1993 778 2194 814 civitatibus
2225 781 2290 814 aut
2314 778 2441 813 castris

216 820 297 855 κοὺς
326 821 367 855 ἐν
394 823 472 855 ταῖς
496 819 647 856 πόλεσιν
677 819 759 863 ἦτοι
789 819 957 865 κάστροις
987 821 1234 866 τοποτηρητὰς
1257 822 1297 855 ἐν

214 868 293 900 ταῖς
323 866 690 900 καταπιστευθείσαις
721 863 840 900 αὐτοῖς
874 866 1058 911 ἐπαρχίαις
1092 869 1222 910 ποιεῖν,
1257 865 1297 907 ἐξ

214 903 259 944 οὗ
290 907 426 953 δηλαδὴ
460 911 508 944 εἰς
542 909 612 953 τὴν
642 911 819 955 ἐπαρχίαν
853 913 1133 956 παραγένωνται
1169 913 1229 945 καὶ
1257 912 1298 944 ἐν

215 951 293 998 ὅσῳ
325 956 366 989 ἐν
389 951 478 1002 αὐτῇ
504 953 665 999 ἄρχουσι·
701 958 811 991 πέντε
841 959 985 1001 χρυσίου
1013 953 1147 999 λιτρῶν
1171 957 1298 998 ποινῆς·

1364 821 1434 857 loci
1464 826 1662 858 servatores
1693 822 1730 857 in
1763 823 1957 859 commissis
1989 823 2058 859 sibi
2087 822 2279 868 provinciis
2308 822 2440 865 facere,

1364 875 1409 902 ex
1442 877 1512 911 quo
1547 866 1710 903 videlicet
1749 867 1787 903 in
1817 868 2041 920 provinciam
2078 867 2295 903 accesserint
2335 870 2371 902 et
2404 867 2443 902 in

1366 914 1537 956 quantum
1568 911 1606 946 in
1630 921 1673 947 ea
1696 911 1960 957 administrant3
2020 913 2149 957 uinque
2171 912 2250 947 auri
2271 911 2442 948 librarum

1365 965 1483 1000 poena
1505 956 1710 992 imminente
1733 959 1807 992 tam
1829 957 1974 994 facienti
2016 958 2071 993 oci
2095 960 2311 993 servatorem
2331 956 2443 993 iudici

216 1001 438 1052 ἐπικειμένης
467 1001 581 1052 τοῦτο
597 1001 665 1044 μὲν
687 1001 740 1043 τῷ
766 1001 934 1036 ποιοῦντι
963 1000 1213 1045 τοποτηρητὴν
1236 999 1296 1046 ἄρ·
1313 1004 1353 1037 15
1366 1010 1471 1053 quam
1502 1001 1582 1036 fieri
1611 1003 1863 1046 praesumenti.
1910 1003 2112 1048 Antequam
2135 1012 2217 1038 vero
2238 1001 2277 1037 in
2299 1001 2441 1046 provin-

215 1056 316 1086 χοντι
340 1056 448 1078 τουτο
469 1042 510 1078 δὲ
528 1057 581 1087 τῳ
605 1045 780 1091 γενέσθαι
811 1043 1042 1090 τολμήσαντι.
1090 1047 1178 1089 πρὶν
1198 1042 1238 1079 δὲ
1258 1047 1298 1080 ἐν

215 1092 293 1122 ταῖς
312 1090 497 1133 ἐπαρχίαις
516 1092 796 1136 παραγένωνται
815 1089 851 1124 οἱ
869 1088 1048 1136 ἄρχοντες,
1070 1087 1216 1135 δίδομεν
1230 1086 1296 1124 αὖ·

214 1136 288 1167 τοῖς
305 1131 431 1167 ἄδειαν
451 1134 699 1181 τοποτηρητὰς
719 1135 859 1169 ἑαυτῶν
879 1134 1153 1180 προβάλλεσθαι
1173 1133 1298 1171 πάντα

216 1175 426 1231 ἐφείλοντας
442 1181 545 1225 μέχρι
559 1181 621 1223 τῆς
636 1176 971 1234 αὖτῶνχπαρουσίας
987 1178 1295 1226 διαπράττεσθαι,

1367 1047 1430 1082 ciis
1454 1046 1597 1082 veniant
1616 1046 1762 1090 iudices,
1786 1048 1911 1083 damus
1927 1048 2107 1083 licentiam
2121 1047 2174 1083 eis
2189 1046 2283 1082 vices
2298 1049 2442 1091 agentes

1366 1100 1451 1127 suos
1485 1091 1688 1134 instituere,
1725 1092 1786 1138 qui
1819 1092 1940 1128 omnia
1974 1093 2128 1128 debeant
2161 1101 2274 1143 usque
2309 1091 2356 1126 ad
2387 1091 2444 1126 sui

1365 1136 1603 1181 praesentiam
1630 1146 1735 1180 agere
1766 1147 1857 1183 quae
1887 1138 2025 1182 possint
2053 1137 2123 1183 ipsi
2152 1137 2286 1172 iudices
2309 1135 2442 1187 facere,

1366 1181 1456 1217 citra
1478 1184 1598 1217 tamen
1619 1182 1849 1218 novissimum
1879 1183 2093 1228 supplicium
2125 1185 2189 1217 aut
2218 1180 2368 1216 membri
2388 1190 2443 1215 m-

215 1236 323 1258 ατινα
353 1221 528 1258 δύνανται
558 1223 594 1258 οἱ
617 1227 719 1259 αυτοὶ
748 1236 917 1270 αρχοντες
945 1227 1076 1267 ποιεῖν,
1109 1223 1190 1268 δίχα
1205 1228 1295 1305 ἴρν-
1310 1228 1351 1261 20
1366 1226 1545 1262 cisiouem.
1594 1226 1663 1262 Sed
1687 1230 1723 1262 et
1746 1227 1777 1263 si
1800 1228 1878 1272 quis
1895 1237 1939 1263 ex
1953 1228 2131 1263 iudicibus
2156 1226 2351 1263 secundum
2372 1226 2442 1260 ius-

215 1281 313 1315 τοιγε
336 1267 485 1311 ἐσχάτης
515 1273 690 1325 τιμωρίας
720 1267 744 1313 ἢ
765 1268 891 1315 μέλους
916 1266 1111 1314 ἀποκοπῆς.
1159 1267 1204 1305 ἀλ
1266 1271 1297 1305 εἰ

215 1317 278 1347 καί
298 1324 352 1348 τις
375 1315 414 1347 ἐκ
443 1314 522 1348 τῶν
545 1315 734 1359 αρχόντων
756 1314 850 1349 κατὰ
871 1314 1030 1350 uel-evam
1052 1313 1227 1361 ἡμετέραν
1250 1316 1298 1350 εἰς

215 1356 330 1401 ἄλλην
360 1359 537 1403 ἐπαρχίαν
561 1360 768 1406 ἐκπεμφθῇ,
807 1359 940 1400 ἐξέστω
972 1357 1072 1403 αὐτῷ
1104 1359 1198 1395 κατὰ
1229 1360 1298 1395 τὸν

216 1399 345 1447 ὅμοιον
370 1404 511 1448 τρόπον
540 1404 792 1450 τοποτηρητὴν
816 1405 944 1439 ἑαυτοῦ
967 1408 1095 1439 ποιεῖν.

1365 1271 1498 1307 sionem
1523 1273 1680 1307 nostram
1703 1272 1740 1306 in
1761 1272 1866 1307 aliam
1890 1273 2067 1317 regionem
2089 1272 2260 1311 mittatur,
2285 1265 2393 1306 liceat
2410 1269 2445 1305 ei

1365 1325 1429 1361 per
1452 1316 1601 1353 similem
1626 1316 1769 1353 modum
1792 1317 1864 1354 loci
1886 1322 2101 1355 servatorem
2124 1326 2227 1353 suum
2249 1315 2378 1352 facere.

1185 1516 1342 1553 CAPUT
1366 1517 1464 1554 XXI.

283 1579 484 1626 Κελεύομεν
519 1578 560 1615 δὲ
589 1581 728 1617 πάντας
762 1581 845 1618 τοὺς
877 1581 1053 1629 ἄρχοντας
1088 1584 1196 1618 τοῦτο
1230 1586 1297 1637 μξν
1311 1587 1352 1621 25

215 1626 495 1671 στρατιωτικοὺς
529 1627 637 1661 τοῦτο
674 1625 714 1661 δὲ
747 1631 807 1662 καὶ
838 1627 1042 1663 πολιτικοὺς
1077 1624 1128 1662 δι’
1157 1628 1298 1664 ἑαυτων

216 1669 410 1714 ἀναζητεῖν
438 1671 520 1706 τοὺς
542 1670 706 1718 λῃστείας
735 1669 759 1717 ἢ
782 1676 864 1718 βίας
894 1671 917 1716 ἢ
941 1670 1105 1719 ἁρπαγὰς
1132 1674 1296 1720 πραγμά-

214 1729 293 1751 των
326 1714 351 1759 ἢ
380 1717 563 1762 γυναικῶν
597 1713 620 1759 ἢ
654 1715 747 1751 ἄλλα
777 1715 974 1761 οἱαδήποτε
1008 1714 1227 1762 ἆτοπήματα
1257 1720 1298 1753 ἐν

1421 1585 1587 1622 Iubemus
1611 1588 1730 1622 autem
1753 1595 1875 1623 omnes
1895 1585 2031 1623 iudices
2055 1589 2129 1622 tam
2146 1586 2315 1622 militares
2339 1595 2445 1631 quam

1366 1630 1486 1667 civiles
1517 1640 1582 1676 per
1611 1640 1650 1666 se
1680 1631 1862 1676 requirere
1893 1641 1953 1667 eos
1985 1632 2046 1677 qui
2068 1632 2255 1667 latrocinia
2286 1634 2348 1666 aut
2370 1631 2443 1666 vio-

1366 1675 1495 1712 lentias
1527 1678 1589 1711 aut
1619 1676 1765 1721 rapinas
1795 1686 1915 1712 rerum
1946 1679 2010 1712 aut
2039 1677 2251 1712 feminarum
2282 1678 2345 1711 aut
2374 1676 2445 1711 alia

1366 1721 1544 1766 quaelibet
1573 1721 1710 1756 inlicita
1743 1721 1781 1757 in
1810 1721 2002 1766 provinciis
2036 1722 2260 1758 committunt
2294 1723 2332 1757 et
2360 1731 2444 1765 sup·

215 1764 293 1795 ταῖς
324 1762 510 1806 ἐπαρχίαις
544 1759 839 1806 πλημμελοῦντας
875 1765 935 1796 καὶ
970 1766 1143 1807 τιμωρίας
1178 1761 1298 1798 αὐτοῖς
1366 1765 1477 1809 plicia
1510 1766 1563 1801 eis
1597 1766 1752 1810 legitima
1785 1766 1936 1807 inferre,
1979 1777 2094 1812 neque
2129 1777 2195 1811 pro
2230 1767 2286 1802 his
2325 1766 2444 1802 causis

216 1809 385 1850 νομίμους
408 1806 569 1852 ἐπάγειν,
591 1809 651 1839 καὶ
673 1805 765 1861 gud}
787 1804 876 1862 ὑπὲρ
899 1804 1043 1842 τούτων
1065 1808 1143 1842 τῶν
1168 1808 1297 1843 αἰτιῶν
1311 1811 1352 1844 30
1365 1810 1528 1854 accipere
1562 1811 1694 1854 aliquid
1728 1811 2023 1846 consuetudinum
2057 1812 2215 1854 nomine,
2249 1814 2291 1847 ut
2322 1820 2443 1846 omnes

144 1887 149 1892 ,
215 1850 433 1904 κομίζεκσθαί
454 1864 490 1884 τι
513 1851 721 1893 συνηθειων
743 1865 916 1896 ονοματι,
945 1849 1033 1886 ὥςτε
1056 1853 1297 1895 πανταχόθεν

215 1906 299 1930 τους
322 1898 509 1940 ημετέρους
532 1893 713 1931 ὑποτελεῖς
735 1893 905 1942 ἀβλαβεῖς
928 1896 1168 1944 φυλαχθῆναι.
1212 1894 1298 1933 οὐδὲ

215 1941 286 1987 γὰρ
301 1941 554 1993 συχχωροῦμεν
572 1938 775 1995 οἷῳδῄππε
796 1944 936 1987 μείζονι
958 1939 980 1986 ἢ
1002 1941 1167 1977 ἐλάττονι
1190 1954 1296 1988 στρα-

215 1998 375 2029 τιωτικφ
396 1983 431 2039 ἢἈ
444 1985 616 2040 πολιτιζιῷ
648 1999 796 2040 αρχοντι
827 1985 850 2030 ἢ
878 1984 1144 2040 λῃστοδιώκτας
1173 1985 1198 2030 ἢ
1220 1991 1297 2031 βιο-

1364 1855 1520 1901 undique
1561 1856 1677 1891 nostri
1717 1856 1904 1892 collatores
1946 1856 2071 1892 inlaesi
2112 1859 2310 1893 serventur.
2361 1855 2444 1891 Non

1365 1900 1457 1935 enim
1492 1900 1728 1945 permittimus
1767 1901 1912 1936 cuilibet
1944 1901 2070 1937 maiori
2104 1904 2167 1937 aut
2196 1901 2323 1936 minori
2353 1900 2443 1935 mili-

1364 1945 1434 1979 tari
1466 1945 1574 1980 iudici
1608 1947 1672 1980 aut
1702 1946 1882 1981 latronum
1912 1946 2131 1982 insecutores
2166 1948 2231 1982 aut
2259 1946 2444 1982 violentia-

1364 1999 1443 2024 rum
1471 1989 1680 2025 inhibitores
1714 1994 1778 2025 aut
1808 1991 1971 2026 tribunos
2001 2001 2066 2036 pro
2098 1991 2230 2027 talibus
2261 1990 2380 2026 causis
2405 1990 2445 2025 in

216 2029 377 2064 κωλύτας
406 2044 430 2074 η
452 2034 662 2076 τριβουνους
685 2032 776 2076 υπὲρ
799 2032 877 2067 τῶν
900 2044 1079 2066 τοιουτων
1103 2031 1234 2066 αἰτιῶν
1257 2034 1297 2067 ἐν
1310 2035 1352 2068 35
1365 2034 1556 2078 provinciis
1586 2034 1768 2079 ordinare,
1805 2038 1868 2071 aut
1898 2036 1959 2080 qui
1990 2035 2143 2072 debeant
2173 2036 2310 2081 aliquos
2341 2044 2444 2071 exar-

216 2078 293 2109 ταῖς
311 2076 495 2122 ἐπαρχίαις
514 2074 807 2122 προβάλλεσθαι,
831 2075 855 2120 ἢ
870 2076 951 2111 τοὺς
969 2073 1181 2121 ὀφείλοντάς
1196 2088 1297 2112 τινας

284 2178 311 2199 c.
329 2166 427 2199 XXI
442 2172 569 2209 partem
591 2163 807 2210 (Κελεύομεν
830 2165 970 2199 πάντας
989 2185 1030 2190 -
1048 2173 1084 2200 32
1101 2161 1273 2210 ἀβλαβεῖς
1296 2165 1550 2213 φυλάττεσθαι
1574 2176 1603 2202 et
1626 2169 1704 2209 645,
1717 2175 1734 2202 2
1758 2166 1789 2200 εἰ
1813 2165 1855 2201 δέ
1874 2179 1927 2203 τις
1951 2189 1994 2195 --
2019 2179 2035 2205 6
2058 2170 2191 2214 ποινὴν
2213 2168 2444 2214 καταβαλεῖν)

217 2212 313 2244 habet
333 2211 537 2255 Epanaqoqe
562 2213 591 2251 7,
608 2219 634 2245 7.

216 2273 2440 2287 ——wm

216 2299 388 2344 expensis
408 2299 620 2350 prospicere
641 2297 778 2334 debeat.
827 2296 871 2333 Si
916 2298 981 2333 uid
1002 2309 1087 2335 vero
1111 2299 1284 2335 adversus
1306 2299 1395 2336 haee
1418 2302 1643 2337 commissum
1665 2302 1730 2345 sit,
1761 2302 1825 2347 qui
1848 2301 1992 2348 quidem
2014 2302 2188 2338 vicarium
2217 2304 2287 2340 sibi
2312 2304 2446 2350 feeerit

217 2344 366 2389 triqinta
390 2343 564 2379 librarum
586 2343 671 2378 auri
687 2353 812 2390 poena
834 2353 894 2378 mu
912 2343 1058 2387 uehitur,
1082 2344 1315 2380 restituturus
1337 2345 1445 2381 etiam
1462 2356 1565 2382 omne
1587 2346 1813 2393 dispendium
1836 2347 1892 2383 vel
1913 2346 2083 2382 damnum
2107 2348 2357 2395 quodcumque
2373 2360 2445 2396 per

216 2399 295 2423 eum
318 2388 381 2433 qui
403 2387 448 2423 ab
472 2389 554 2435 ipso
578 2388 707 2423 missus
728 2392 782 2423 est
805 2388 922 2433 aliqui
937 2389 1045 2435 passi
1063 2389 1148 2432 sint,
1172 2390 1235 2435 qui
1258 2393 1378 2426 autem
1400 2391 1557 2426 vicarius
1576 2391 1662 2436 fieri
1685 2402 1796 2428 ausus
1818 2392 1868 2428 sit
1890 2395 1925 2428 et
1947 2393 2164 2438 maqistratu
2186 2404 2252 2429 suo
2280 2398 2315 2430 et
2341 2399 2444 2441 pote-

216 2437 309 2469 state
331 2439 367 2469 et
389 2433 519 2469 militia
539 2433 747 2480 privabitur
769 2436 804 2469 et
826 2431 945 2469 decem
969 2433 1143 2470 librarum
1165 2434 1248 2470 auri
1263 2445 1389 2481 poena
1411 2435 1633 2472 multabitur.

349 2477 429 2513 XX.
476 2477 675 2514 Praeterea
705 2481 823 2514 autem
846 2477 1083 2530 prohibemus
1113 2480 1220 2515 etiam
1251 2481 1499 2525 maqistratus,
1516 2481 1579 2526 qui
1601 2481 1640 2516 in
1657 2480 1858 2528 provinciis
1880 2485 1964 2516 sunt
1994 2485 2029 2517 et
2052 2482 2173 2518 civiles
2199 2488 2235 2519 et
2257 2483 2444 2527 militares,

215 2533 260 2558 ne
283 2522 321 2557 in
344 2523 547 2559 civitatibus
578 2523 635 2560 vel
664 2523 794 2558 eastris
823 2524 979 2559 vicarios
1007 2524 1046 2558 in
1069 2524 1266 2560 commissis
1295 2525 1367 2561 sibi
1392 2525 1591 2571 provinciis
1618 2526 1782 2571 faciant,
1813 2537 1862 2562 ex
1885 2537 1957 2572 quo
1985 2525 2123 2562 scilieet
2151 2527 2190 2562 in
2212 2530 2444 2574 provinciam

216 2567 378 2603 venerint
401 2572 435 2603 et
458 2568 631 2614 quamdiu
661 2568 700 2603 in
723 2578 766 2604 ea
790 2568 1043 2613 maqistratum
1092 2573 1198 2605 erant
1203 2581 1219 2611 ;
1253 2579 1333 2605 eum
1357 2571 1516 2616 quinque
1548 2570 1721 2607 librarum
1745 2572 1828 2606 auri
1851 2582 1975 2618 poena
1997 2572 2180 2608 immineat
2202 2576 2276 2608 tam
2298 2574 2361 2619 qui
2381 2574 2443 2619 fa-

217 2613 291 2648 eiat
312 2613 485 2648 vicarium
509 2612 741 2659 maqistratui
771 2623 880 2658 quam
903 2613 937 2648 ei
959 2614 1025 2659 qui
1071 2614 1126 2649 eri
1155 2624 1267 2650 ausus
1289 2615 1344 2650 sit.
1392 2617 1594 2662 Antequam
1617 2627 1702 2652 vero
1725 2616 1961 2662 maqistratus
1990 2617 2028 2651 in
2055 2617 2266 2663 provincias
2289 2619 2443 2660 veniant,

213 2660 428 2704 potestatem
457 2658 503 2694 iis
532 2658 661 2693 damus
689 2658 847 2694 vicarios
875 2658 947 2694 sibi
974 2659 1233 2702 constituendi,
1265 2660 1328 2705 qui
1356 2671 1470 2706 usque
1498 2660 1547 2696 ad
1576 2671 1700 2696 eorum
1731 2661 1921 2697 adventum
1952 2661 2073 2697 omnia
2104 2671 2199 2706 quae
2227 2662 2299 2716 ipsi
2328 2674 2388 2699 ma
2415 2664 2445 2699 i-

216 2706 354 2738 stratus
386 2702 513 2748 faeere
540 2707 701 2750 possunt
730 2713 909 2750 peraqere
943 2703 1110 2746 debeant,
1147 2709 1301 2751 excepto
1333 2709 1452 2741 tamen
1481 2705 1606 2741 ultimo
1634 2706 1813 2752 supplicio
1844 2709 1908 2741 aut
1938 2706 2086 2741 membri
2113 2706 2325 2743 abscisione.
2400 2708 2445 2744 ed

217 2747 324 2828 etgctzm
345 2747 380 2782 si
400 2748 482 2793 quis
505 2758 555 2784 ex
576 2747 849 2794 magistratibus
879 2748 980 2784 iussu
1010 2752 1135 2785 nostro
1165 2749 1205 2784 in
1235 2749 1345 2785 aliam
1369 2750 1599 2796 provinciam
1621 2751 1795 2793 mittatur,
1827 2750 1934 2786 liceat
1952 2751 1986 2786 ei
2008 2750 2116 2786 simili
2139 2751 2246 2787 modo
2271 2753 2445 2788 vicarium

215 2792 248 2827 si
277 2792 284 2799 '
307 2793 532 2829 constituere.

357 2836 455 2872 XXI.
514 2837 683 2873 Iubemus
716 2841 834 2873 autem
869 2848 991 2873 omnes
1023 2839 1261 2885 maqistratus
1297 2843 1369 2874 tam
1402 2839 1577 2876 militares
1609 2850 1718 2886 quam
1753 2839 1861 2875 etiam
1896 2839 2017 2875 civiles
2050 2839 2151 2892 ipsos
2187 2840 2372 2886 inquirere
2404 2841 2444 2876 in

217 2891 280 2917 eos
309 2882 374 2927 qui
404 2881 600 2918 latrocinia
630 2885 696 2919 aut
724 2882 914 2918 violentias
944 2887 1009 2919 aut
1037 2884 1192 2930 rapinas
1221 2893 1343 2920 rerum
1373 2884 1430 2920 vel
1458 2885 1646 2921 mulierum
1678 2888 1743 2920 aut
1774 2884 1849 2920 alia
1878 2883 1956 2920 ulla
1982 2884 2156 2929 fae-mora
2185 2885 2223 2919 in
2240 2886 2445 2931 provinciis

218 2926 442 2962 committunt
469 2930 505 2962 et
532 2927 715 2974 supplicia
744 2927 789 2963 iis
821 2927 980 2974 leqitima
1011 2928 1169 2974 inferre,
1203 2938 1247 2964 ac
1277 2939 1323 2965 ne
1353 2928 1409 2965 bis
1441 2929 1581 2973 quidem
1614 2929 1660 2966 de
1689 2930 1810 2965 causis
1863 2929 2031 2975 uiequam
2062 2929 2226 2976 accipere
2257 2935 2443 2966 eonsuetu-

217 2970 341 3006 dinum
370 2971 529 3015 nomine,
560 2977 602 3008 ut
627 2972 778 3008 subiecti
807 2973 926 3009 nostri
954 2973 1114 3018 undique
1143 2972 1262 3009 illaesi
1289 2978 1486 3011 serventur.
1531 2973 1658 3020 Neque
1688 2974 1782 3010 enim
1812 2939 1879 3009 uqa·
1901 2975 2034 3010 maiori
2062 2973 2119 3010 vel
2139 2974 2270 3010 minori
2293 2974 2445 3011 militari

218 3015 274 3051 vel
304 3015 404 3052 civili
429 3017 661 3063 maqistratui
687 3017 933 3063 permittimus
966 3021 1032 3053 aut
1065 3017 1247 3054 latronum
1274 3023 1529 3072 persecutores
1562 3022 1627 3055 aut
1660 3018 1857 3065 bioeolytas
1891 3018 2154 3062 (violentiarum
2184 3018 2444 3066 prohibitores)

218 3064 283 3096 aut
313 3060 475 3096 tribunos
501 3066 658 3109 propter
688 3062 863 3098 eiusmodi
892 3072 1022 3098 causas
1051 3063 1090 3097 in
1116 3063 1315 3109 provinciis
1346 3064 1577 3107 constituere,
1613 3067 1679 3099 aut
1700 3074 1763 3099 eos
1793 3063 1857 3110 qm·
1884 3070 2079 3100 exarmare
2108 3063 2251 3109 aliquos
2282 3063 2443 3107 debeant,

220 3190 335 3237 αὐτοὶ]
358 3195 425 3239 ipsi
449 3207 469 3233 ς
484 3196 497 3240 Ι
515 3196 558 3230 25
577 3194 661 3230 τοὺς
675 3192 852 3240 ἄρχοντας
869 3197 1045 3241 ΕςΕραη.
1059 3198 1147 3241 lut(
1179 3155 1298 3240 bigas}

219 3240 399 3285 τοπάρχας
421 3241 469 3274 Μ
479 3240 492 3285 11
508 3241 549 3275 27
573 3239 656 3274 τοὺς
678 3242 711 3275 L
726 3242 849 3284 Epan.]
873 3241 937 3275 τὰς
961 3243 1007 3276 Μ
1018 3243 1030 3286 ΙΙ
1046 3239 1210 3288 ἁρπαγῆς
1232 3244 1280 3278 Μ
1287 3243 1300 3288 11

222 3286 263 3318 30
286 3288 438 3337 νομίμοις
460 3284 509 3319 L0
536 3287 549 3328 11
579 3287 621 3320 32
650 3282 946 3331 διαφυλαχθῆναι
970 3287 1002 3321 L
1029 3287 1042 3331 11
1071 3290 1116 3323 34
1143 3286 1168 3330 ἢ
1198 3286 1295 3323 πολι-

221 3341 309 3371 τικῳ
336 3343 394 3364 om.
419 3341 439 3367 e

286 3153 308 3184 4
339 3147 509 3194 δαπάνην
538 3148 561 3193 ἢ
592 3164 651 3184 om.
676 3162 695 3187 ε·
723 3150 736 3194 11
764 3151 784 3184 5
809 3146 1068 3195 *ὑπομείνοιεν
1091 3154 1139 3188 M
1366 3154 1447 3195 quid
1468 3154 1525 3197 Vn
1541 3153 1745 3198 protulerint
1764 3154 1796 3187 T
1814 3154 1827 3198 11
1844 3154 2103 3198 praesumpserit
2120 3153 2276 3197 Tvulq-l}
2303 3155 2322 3187 7
2342 3153 2443 3186 libra-

1366 3209 1438 3238 rum
1462 3199 1538 3232 auri
1565 3199 1688 3242 Tvulq.
1706 3198 1718 3242 11
1736 3200 1757 3232 9
1781 3199 1823 3232 ad
1846 3212 1905 3232 om.
1920 3199 1954 3232 T
1974 3198 1988 3242 ΙΙ
2003 3199 2103 3231 etiam
2129 3198 2183 3241 Τ11
2204 3200 2247 3232 10
2267 3198 2368 3231 castri
2389 3197 2444 3241 Vn

1369 3245 1405 3277 11
1425 3243 1508 3277 locis
1528 3243 1580 3278 V²
1594 3243 1607 3287 11
1625 3243 1789 3277 commissi
1810 3242 1887 3288 17¹ss
1904 3243 2086 3287 provinciis
2104 3256 2161 3276 om.
2173 3243 2205 3276 T
2216 3242 2228 3287 11
2252 3244 2290 3277 13
2305 3242 2442 3276 admise-

1365 3289 1434 3320 rint
1449 3289 1482 3321 T
1494 3288 1507 3332 11
1523 3288 1684 3322 librarum
1700 3289 1774 3322 auri
1788 3288 1820 3322 T
1833 3287 1845 3332 11
1866 3290 1906 3322 14
1920 3288 2061 3321 faciente
2083 3287 2133 3321 V¹
2149 3287 2162 3331 11
2178 3287 2300 3320 iudicis
2322 3286 2413 3321 V¹T
2428 3286 2443 3330 11

1368 3335 1408 3367 15
1432 3333 1504 3366 fieri
1528 3345 1585 3367 om.
1604 3334 1659 3377 1111
1675 3335 1886 3375 praesument
1905 3333 1954 3366 V¹
1973 3333 1985 3375 11
2000 3332 2188 3376 prouintias
2207 3332 2263 3375 Vn
2290 3333 2330 3366 16
2353 3330 2441 3363 indi·

1364 3380 1428 3419 ces]
1453 3378 1495 3410 ad
1510 3377 1637 3412 iudices
1659 3379 1715 3421 Vn
1732 3378 1779 3411 eis
1802 3390 1859 3412 om.
1876 3378 1908 3411 T
1925 3377 1938 3421 11
1967 3380 2004 3412 17
2028 3388 2092 3419 que
2117 3376 2167 3410 T¹
2185 3375 2198 3420 11
2215 3378 2257 3411 19
2280 3384 2360 3409 curs
2380 3374 2414 3407 V
2429 3372 2442 3418 ΙΙ

1365 3424 1475 3455 tamen
1492 3435 1550 3456 om.
1569 3423 1602 3456 T
1613 3421 1626 3466 ΙΙ
1642 3424 1685 3457 20
1702 3424 1735 3455 et
1748 3423 1791 3464 si]
1815 3425 1848 3456 et
1865 3435 1922 3456 om.
1938 3423 1969 3456 T
1980 3421 1992 3466 11
2012 3423 2050 3456 21
2072 3421 2252 3464 regionem]
2273 3419 2441 3461 regionem

281 3420 296 3452 1
322 3418 535 3461 mmtanbus]
563 3419 728 3453 mllmbua
751 3430 789 3453 m
811 3419 862 3453 V2
892 3420 904 3463 ss
932 3431 1006 3462 qum
1027 3421 1079 3455 V¹
1108 3420 1121 3465 ΙΙ
1148 3423 1167 3455 2
1191 3421 1296 3455 (1611Πο
1364 3470 1511 3499 nostram
1534 3467 1591 3511 ΤΙ1
1607 3467 1639 3501 ei
1662 3479 1721 3501 om.
1737 3467 1792 3510 Τ1Ι
1811 3468 1854 3502 22
1877 3466 1958 3500 locis
1980 3467 2036 3510 711
2053 3469 2095 3501 29
2118 3465 2226 3499 causis
2249 3476 2307 3497 οιι.
2323 3462 2441 3505 Τ1130

223 3464 344 3502 quatur
376 3464 583 3497 committant
613 3464 748 3506 quidam
777 3467 980 3499 seruatorem
1010 3465 1077 3500 loci
1098 3476 1195 3499 suum
1218 3466 1298 3500 fecit

223 3505 326 3539 XXX
338 3509 559 3545 (committant
574 3527 616 3533 ——
629 3508 733 3542 XXX
751 3521 812 3543 scr.
831 3509 880 3543 V'
897 3511 930 3544 in
946 3523 1012 3544 ras.
1028 3512 1070 3555 1}
1083 3512 1142 3552 vs.)
1164 3511 1196 3545 V
1215 3511 1297 3545 deli-

224 3554 354 3590 quatur.
378 3551 444 3585 loci
456 3554 589 3594 quidem
603 3557 805 3588 seruatorem
821 3554 892 3588 siue
905 3554 965 3597 qui
979 3556 1043 3589 hoc
1054 3556 1135 3589 fecit
1146 3555 1250 3589 XXX
1271 3556 1303 3590 T

225 3593 436 3636 delinquatur
460 3600 492 3629 et
513 3598 749 3641 committatur,
770 3599 828 3641 qui
852 3600 985 3641 quidem
1007 3600 1073 3634 loci
1096 3603 1297 3634 seruatorem

225 3647 321 3670 suum
336 3639 415 3673 fecit
425 3639 527 3674 XXX
546 3644 632 3685 vulq.
653 3642 658 3686 Ι
682 3645 702 3677 3
716 3643 792 3676 auri
805 3643 968 3678 librarum
985 3645 1028 3687 V]
1045 3645 1206 3679 librarum
1221 3645 1296 3679 auri

228 3682 261 3715 T
269 3684 351 3726 only.
370 3683 482 3726 sspena
503 3686 568 3719 VT
586 3686 599 3729 11
617 3689 765 3728 exigetur
785 3687 934 3733 V²vu19.
957 3690 970 3733 11
995 3691 1014 3723 5
1039 3689 1145 3732 aliqui
1163 3691 1210 3731 T]
1234 3690 1295 3724 sli—

1364 3512 1643 3546 consuetudinum
1666 3512 1858 3553 Heimbach]
1883 3511 2158 3545 consuetudinem
2176 3509 2211 3544 V
2227 3507 2439 3541 consuetudi-

1364 3556 1417 3590 nis
1443 3557 1568 3599 Tvuiq.
1591 3557 1604 3601 ΙΙ
1628 3556 1796 3590 nominem
1817 3557 1850 3591 V
1866 3557 1879 3600 11
1904 3558 1944 3592 31
1971 3556 2078 3590 nostri
2101 3567 2160 3588 on.
2178 3553 2213 3586 T
2224 3551 2237 3595 11
2259 3551 2440 3585 illes-n·-

1363 3603 1486 3634 uentur
1512 3602 1545 3635 T
1552 3602 1563 3622 ¹
1610 3603 1653 3636 32
1673 3601 1813 3635 militari
1837 3615 1894 3634 om.
1917 3600 1972 3645 711
1996 3602 2038 3636 33
2054 3598 2256 3632 insecutores
2271 3596 2440 3630 latronum

1365 3646 1428 3689 Τ11
1454 3645 1835 3680 αἱοῙθῃῐιατιια-οοιοιοε
1861 3645 1911 3678 T¹
1934 3645 1948 3688 fl
1972 3646 2016 3681 34
2038 3642 2166 3677 ossibus
2190 3641 2222 3675 T
2240 3641 2253 3685 11
2280 3642 2322 3675 35
2347 3651 2439 3674 exar-

1362 3701 1451 3724 mare
1473 3690 1522 3724 V²
1538 3693 1581 3725 in.
1599 3693 1678 3733 ram]
1702 3691 1889 3724 examinate
1909 3689 2037 3732 Tvulq.
