2618 4010
249 149 357 194 Nov.
388 150 544 195 LXVII
563 165 623 206 pr.
659 153 678 194 1

756 309 814 353 Ξῖ

246 384 361 417 ΠΕΡΙ
392 384 501 418 ΤΟΥ
531 385 742 421 ΜΗΔΕΝΑ
776 387 988 421 ΚΤΙΖΕῙΝ
1024 388 1326 424 ΕΥΚΤΗΡΙΟΝ

248 429 408 463 ΟΙΚΟΝ
441 430 595 464 ΧΩΡΙΣ
627 431 839 466 ΓΝΩΜΗΣ
875 432 984 466 ΤΟΥ
1015 433 1325 474 ΕΠΙΣΚΟΠΟΥ,

245 474 339 507 ΚΑΙ
369 474 484 508 ΠΕΡΙ
520 476 630 511 ΤΟΥ
659 477 910 512 ΑΦΟΡΙΣΑΙ
943 477 1217 513 ΠΡΟΤΕΡΟΝ
1253 480 1325 514 ΤΑ
1394 476 1624 512 ΒΕΡΠΤΕΤ
1647 475 1788 512 PRIUS

244 519 360 552 ΠΕΡΙ
385 520 492 554 ΤΗΝ
517 521 826 556 ΕΠΙΜΕΛΕΙΑΝ
859 522 953 556 ΚΑΙ
983 522 1325 558 ΚΑΤΑΣΤΑΣΙΝ
1361 524 1381 556 5
1399 522 1459 555 ΕΤ
1496 520 1694 556 STATUM
1736 521 1833 556 ΕΑΒ

1309 151 1397 199 344

1946 144 2017 202 *UT
2045 168 2224 202 NULLUS
2255 167 2475 200 FABRIGET
2497 218 2509 231 θ

1755 320 1901 358 LXVII.
1948 323 2058 360 Auth.
2074 324 2201 360 LXIX.
2225 322 2423 358 Coll.Vtit.
2438 325 2475 358 17

1397 389 1438 433 Β]
1461 387 1525 423 ΠΤ
1550 386 1743 422 NULLUS
1768 387 2011 426 FABRICET
2039 391 2272 427 ORATORII
2296 390 2477 427 DOMUM

1394 431 1628 467 PRAETER
1662 431 2003 470 VOLUNTATEM
2036 436 2272 478 EPISCOPI,
2310 435 2376 470 ΕΤ
2411 435 2476 471 UT

1854 477 1953 514 ΠΔΕ
1981 480 2123 516 CIRCA
2145 480 2476 516 DILIGENTIAM

1887 522 1998 559 CATI
2041 525 2274 562 ORATORII
2319 525 2476 561 SUFFI-

246 563 355 597 ΤΟΥ
373 564 723 601 ΚΤΙΖΟΜΕΝΟΥ
743 567 1058 601 ΕΥΚΤΗΡΙΟΥ.
1095 569 1189 603 ΚΑΙ
1209 569 1325 603 ΠΕΡΙ
1395 566 1552 601 CIANT.
1599 565 1664 601 ET
1698 566 1761 602 UT
1791 566 2009 604 EPISCOPI
2041 569 2140 606 NON
2170 570 2349 607 DESINT
2374 570 2474 606 SUIS

245 608 355 642 ΤΟΥ
388 610 529 644 ΤΟΥΣ
561 611 894 646 ΕΠΙΣΚΟΠΟΥΣ
924 612 1007 645 ΜΗ
1039 613 1325 648 ΑΠΟΛΙΜΠΑ-

243 654 427 689 ΝΕΣΘΑΙ
452 656 557 690 ΤΩΝ
581 657 713 692 ΙΔΙΩΝ
737 657 1045 691 ΕΚΚΑΗΣῙΩΝ.
1092 659 1186 693 ΚΑΙ
1210 659 1325 693 ΠΕΡΙ

376 701 705 736 ΕΚΠΟΙΗΣΕΩΣ
729 702 1194 739 ΕΚΚΑΗΣῙΑΣΤΙΚΩΝ

470 746 741 782 ΑΚῙΝΗΤΩΝ
767 747 1099 783 ΠΡΑΓΜΑΤΩΝ.

242 795 281 832 Ὁ
305 795 410 834 αὐτὸς
433 798 599 844 βασιλεὺς
624 802 734 844 Μηνᾷ
757 802 812 844 τῷ
837 798 1030 846 ἁγιωτάτῳ
1055 805 1115 836 καὶ
1137 816 1321 848 μακαριω-

298 842 397 888 τάτῳ
422 845 655 890 οἰκουμενικῷ
678 843 947 892 άρχιεπισκόπῳ
973 849 1032 879 καὶ
1062 848 1275 895 πατριάρχῃ.

292 910 590 958 (Προοίμιον.)
637 915 710 946 Καὶ
734 913 779 947 τὰ
810 916 893 960 περὶ
923 914 1002 948 τῶν
1026 912 1244 960 ἁγιωτάτων
1269 916 1321 948 ἐκ·

1394 610 1650 647 ECOLESIIS.
1713 611 1778 646 ΕΤ
1817 611 1885 647 DE
1920 612 2255 651 ALIENATIONE
2300 615 2474 651 ECCLE-

1479 655 1803 693 SIASTIOARUM
1826 656 2130 695 IMMOBILIUM
2154 660 2330 697 RERUM
2354 662 2395 708 131

1493 802 1582 847 Imp.
1608 802 1826 838 Iustinianus
1850 804 1940 847 Aug.
1966 802 2095 838 Menae
2117 804 2385 850 archiepiscopo

1764 848 2109 893 Constantinopolis.

1436 915 1481 960 <P
1491 925 1509 950 r
1517 925 1539 950 a
1547 925 1567 950 e
1575 914 1592 949 f
1599 925 1621 950 a
1630 915 1663 950 ti
1672 915 1724 959 o.)
1770 915 1826 950 Ea
1850 926 1941 960 quae
1972 915 2017 950 de
2045 916 2277 952 sanctissimis
2310 916 2469 952 ecclesiis

243 954 402 998 κλησιῶν
425 955 568 991 πολλοῖς
592 956 847 1005 περιλαβόντες
876 957 999 1002 νόμοις
1021 961 1077 994 ἔτι
1109 963 1169 992 και·
1202 960 1323 1003 ἑτέρου
1392 963 1475 995 sunt
1510 960 1631 995 multis
1664 961 2005 1005 comprehendentes
2035 961 2174 1004 legibus
2208 961 2328 996 adhuc
2364 962 2471 996 etiam

243 998 404 1055 δξόμεθα
437 1004 527 1046 πρὸς
558 1001 619 1036 τὰς
650 1000 882 1048 ἀνακυψάσας
913 1004 991 1038 τῶν
1014 1002 1233 1039 ὑποθέσεων
1264 1008 1323 1038 καὶ
1339 1007 1378 1040 15
1393 1005 1465 1040 alia
1490 1015 1632 1050 egemus
1655 1005 1701 1040 ad
1726 1009 1850 1041 exorta
1874 1006 2016 1050 negotia
2046 1009 2083 1041 et
2105 1016 2232 1042 rursus
2258 1007 2472 1050 emergentia

243 1046 352 1080 αυθις
376 1045 626 1100 ἀναφυομένας
656 1044 858 1093 ἀρκοῦντος.
907 1047 1033 1083 πολλοὶ
1056 1049 1124 1102 γαρ
1148 1048 1324 1103 ᾇνόμζιτος
1392 1050 1603 1086 sufficiente.
1650 1050 1799 1086 Plurimi
1822 1061 1974 1096 namque
1999 1051 2151 1086 nominis
2175 1061 2286 1086 causa
2310 1050 2356 1086 ad
2380 1061 2471 1096 opus

242 1092 363 1125 ἕνεκεν
393 1103 482 1136 προς
513 1095 661 1135 ποίησιν
688 1089 903 1140 ἁγιωτάτων
928 1092 1126 1138 ἐκκλησιων
1149 1107 1322 1141 ορμωσιν,

242 1135 320 1169 εἶτα
339 1135 472 1170 ταύτας
492 1135 810 1191 οἰκοδομησάμενοι
842 1137 958 1192 οὐκέτι
990 1137 1169 1185 φροντίδα
1197 1140 1321 1174 τίθεν·

1392 1098 1598 1131 sanctarum
1630 1095 1865 1131 ecclesiarum
1894 1096 2089 1139 accedunt,
2122 1096 2249 1131 deinde
2280 1106 2340 1131 eas
2374 1095 2471 1131 aedi-

1391 1140 1541 1176 ficantes
1563 1150 1788 1186 nequaquam
1810 1151 1932 1177 curam
1952 1145 2092 1186 ponunt
2116 1143 2157 1176 ut
2179 1150 2358 1186 expensas
2384 1151 2472 1185 quo-

241 1193 302 1214 ται
326 1183 389 1215 τοῦ
413 1185 471 1215 καὶ
497 1180 665 1226 δαπανην
688 1182 814 1218 αὐταῖς
845 1187 1016 1230 αφορίσαι
1040 1187 1252 1231 πρέπουσαν
1276 1185 1323 1219 εἴς
1392 1195 1460 1230 que
1484 1186 1516 1220 ei
1539 1185 1721 1231 deponant
1745 1187 1911 1223 decentes
1937 1191 1973 1222 et
1996 1186 2043 1222 ad
2066 1186 2257 1221 luminaria
2281 1190 2317 1220 et
2340 1186 2386 1221 ad
2407 1186 2471 1221 ob-

240 1238 281 1259 τε
305 1224 519 1268 λυχνοκαΐαν
549 1227 597 1261 εἴς
620 1240 661 1262 τε
689 1226 756 1271 τὴν
786 1229 866 1262 τῶν
895 1228 1210 1275 προςεδρευόντων
1234 1228 1321 1264 ἄπο-
1336 1233 1377 1265 20
1393 1231 1607 1267 servantium
1631 1231 1799 1267 alimenta
1823 1234 1859 1267 et
1882 1231 1928 1267 ad
1952 1242 2094 1267 sacrum
2118 1231 2372 1273 ministerium,
2408 1231 2473 1266 sed

241 1270 379 1316 τροφὴν
410 1274 482 1324 καὶ,Χ
501 1271 569 1315 τὴν
601 1271 699 1318 ἱερὰν
724 1271 958 1329 λειτουργίαν,
988 1272 1080 1308 ἀλλὰ
1099 1273 1323 1320 καταλιμπά-

239 1327 365 1350 νουσιν
395 1314 504 1351 αὐτας
534 1319 575 1370 ἐν
603 1321 752 1364 γυμνοῖς
783 1331 891 1354 ουσας
921 1317 1180 1364 οἰκοδομήμασι
1211 1323 1272 1354 καὶ
1301 1317 1322 1363 ἢ

1392 1276 1561 1312 deserunt
1592 1287 1652 1311 eas
1680 1276 1718 1311 in
1750 1277 1855 1312 nudis
1886 1277 2057 1312 aedificiis
2093 1276 2306 1312 constitutas
2340 1279 2376 1312 et
2409 1279 2472 1310 aut

1391 1320 1626 1357 destruendas
1651 1324 1714 1356 aut
1734 1322 1829 1357 omni
1853 1331 1955 1357 sacro
1977 1321 2171 1358 ministerio
2194 1320 2470 1357 defraudandas.

240 1360 506 1406 καταλυομένας
529 1376 550 1406 η
575 1361 691 1406 πάσης
715 1362 808 1410 ἱερᾶς
832 1362 1052 1412 λειτουργίας
1075 1367 1321 1411 ἐστερημένας.

1251 1454 1408 1491 CAPUT
1436 1455 1464 1491 Ι.

297 1520 523 1563 Θεσπίζομεν
550 1523 675 1554 τοίνυν
703 1520 771 1566 πρὸ
805 1520 961 1556 πάντων
993 1524 1060 1566 μὲν
1092 1524 1205 1556 έκεῖνο
1227 1526 1320 1568 γίνε-
1437 1522 1625 1559 Sancimus
1648 1523 1756 1567 igitur
1787 1533 1874 1568 prae
1904 1523 2067 1559 omnibus
2098 1523 2240 1568 quidem
2271 1523 2360 1559 illud
2383 1524 2473 1568 fieri,

240 1562 344 1605 σθαι,
370 1559 458 1599 dieve
472 1562 600 1609 μηδενὶ
624 1570 833 1621 παρρνζσίαν
856 1567 950 1600 εἶναι
968 1567 1058 1611 μήτε
1077 1568 1322 1614 μοναστήριον
1336 1570 1376 1602 25
1392 1570 1428 1602 et
1465 1568 1552 1603 nulli
1586 1568 1768 1604 licentiam
1804 1579 1882 1604 esse
1918 1578 2035 1614 neque
2066 1569 2321 1604 monasterium
2358 1579 2473 1614 neque

237 1606 328 1653 μήτε
362 1607 553 1652 ἐκκλησίαν
586 1608 676 1654 μήτε
710 1610 896 1656 ευκτήριον
931 1612 1030 1646 οἶκον
1062 1612 1242 1658 ἄρχεσθαι
1272 1613 1322 1646 οἰ-
1391 1613 1579 1649 ecclesiam
1602 1624 1717 1659 neque
1739 1613 1911 1649 orationis
1933 1614 2075 1649 domum
2094 1614 2252 1659 incipere
2269 1613 2472 1656 aedificare,

240 1651 416 1697 κοδομεῖν,
440 1658 527 1701 πρὶν
551 1652 598 1688 ἂν
628 1650 647 1689 ὃ
671 1657 732 1698 τῆς
760 1656 897 1691 πόλεως
929 1656 1213 1702 θεοφιλέστατος
1245 1660 1319 1692 ἐπί·
1389 1659 1579 1703 antequam
1604 1659 1758 1694 civitatis
1783 1659 1850 1694 deo
1871 1659 2034 1694 amabilis
2060 1659 2250 1704 episcopus
2275 1659 2472 1695 orationem

239 1710 371 1733 σκοπος
402 1699 694 1746 παραγενόμενος
725 1699 830 1744 εὐχήν
861 1714 902 1736 τε
933 1703 973 1735 ἐν
1003 1703 1057 1746 τῷ
1088 1701 1192 1746 τόπῳ
1220 1703 1319 1745 ποιή-
1388 1703 1426 1738 in
1449 1703 1528 1739 loco
1553 1704 1664 1739 faciat
1693 1708 1729 1740 et
1754 1714 1896 1739 crucem
1920 1704 2007 1748 figat
2040 1705 2224 1750 publicum
2252 1704 2303 1740 ibi
2325 1714 2471 1749 proces-

239 1755 344 1778 σαιτο
368 1747 429 1778 καὶ
452 1743 609 1791 σταυρὸν
634 1744 788 1788 πήξαιτο
818 1744 998 1790 δημοσίαν
1028 1750 1139 1781 ἐκεῖσε
1163 1745 1320 1795 πρόοδον
1389 1758 1468 1783 sum
1487 1748 1626 1785 faciens
1648 1751 1684 1784 et
1699 1760 1845 1785 causam
1863 1749 2088 1785 manifestam
2110 1750 2276 1786 omnibus
2293 1753 2469 1786 statuens.

239 1788 479 1834 ποιησάμενος
501 1794 562 1824 καὶ
586 1789 628 1824 τὸ
653 1792 801 1838 πρᾶγμα
824 1791 983 1839 φανερὸν
1005 1788 1122 1827 ἅπασι
1145 1791 1321 1835 καταστή-
1335 1795 1378 1828 30

284 1880 370 1914 Νου.
385 1881 539 1915 LXVII
555 1882 718 1924 (Anthent.
733 1883 863 1916 LXIX
876 1900 920 1912 =
939 1884 1019 1917 Con.
1043 1884 1076 1916 V
1089 1885 1135 1917 tit.
1153 1885 1211 1918 17:
1235 1885 1346 1928 yloss.)
1368 1884 1493 1918 Graece
1510 1893 1597 1918 extat
1613 1887 1646 1918 in
1665 1886 1714 1927 M,
1736 1898 1808 1928 cap.
1828 1887 1856 1918 1.
1872 1886 1891 1918 2
1913 1898 1981 1919 cam
1996 1887 2161 1928 prooemio
2182 1893 2213 1919 et
2236 1887 2363 1930 epiloqo
2386 1888 2419 1920 in
2439 1887 2471 1919 L

240 1927 412 1969 eademque
436 1928 551 1960 omisso
575 1928 701 1971 epiloyo
727 1928 895 1962 decurtata
927 1930 960 1962 in
982 1929 1142 1962 Iohannis
1159 1929 1358 1963 Scholastici
1375 1929 1559 1964 collectione
1580 1931 1807 1964 LXXXVII
1826 1931 2040 1973 capitulorum
2064 1932 2106 1964 27
2131 1932 2219 1971 (inde
2240 1932 2273 1964 in
2295 1933 2473 1975 appendice

239 1971 480 2050 Nonzocznpffnlis
499 1972 531 2005 L
555 1973 716 2007 titulorum
739 1985 812 2017 cap.
837 1974 911 2007 eccl.
939 1975 1005 2017 17).
1030 1992 1076 1999 —
1105 1974 1196 2017 Epic.
1219 1975 1340 2008 Theod.
1359 1975 1413 2016 67,
1438 1975 1561 2009 Athan-
1585 1977 1614 2018 1,
1637 1984 1650 2009 '1
1677 1977 1765 2018 (inde
1790 1976 1872 2010 Coll.
1898 1983 1995 2010 const.
2021 1977 2095 2010 eccl.
2113 1976 2183 2018 III,
2206 1978 2235 2018 1,
2257 1977 2297 2019 7).
2346 1977 2470 2010 Iulian.

240 2028 314 2049 con-3
329 2042 336 2048 .
457 2040 465 2048 η

1275 2117 1438 2153 LXVII.

244 2183 309 2219 UT
342 2182 641 2220 ORATORIUM
673 2183 819 2220 NEMO
853 2183 1138 2222 AEDIFICET
1161 2184 1400 2222 PRAETER
1443 2184 1785 2222 VOLUNTATEM
1818 2184 2082 2229 EPISCOPI,
2119 2186 2190 2222 ET
2226 2187 2288 2223 UT
2318 2187 2473 2224 PRIUS

1089 2319 1275 2356 RERUM
1294 2319 1632 2357 IMMOBILIUM.

428 2375 528 2411 Idem
551 2377 738 2423 Augustus
758 2376 888 2413 Menae
910 2377 1139 2413 sanctissimo
1163 2381 1199 2413 et
1222 2378 1428 2414 beatissimo
1453 2377 1728 2424 archiepiscopo
1753 2377 1950 2413 universali
1973 2381 2008 2413 et
2028 2378 2276 2424 patriarchae.

373 2444 634 2490 Praefatio.
684 2443 769 2480 Cum
799 2455 894 2490 quae
916 2443 966 2480 ad
987 2445 1236 2480 sanctissimas
1266 2445 1436 2481 ecclesias
1466 2445 1650 2492 pertinent
1681 2445 1803 2480 multis
1835 2444 1867 2481 le
1895 2444 1974 2480 ibus
1997 2445 2181 2492 complexi
2203 2447 2326 2490 simus,
2360 2448 2469 2484 etiam

237 2490 311 2525 alia
334 2500 479 2537 eqemus
502 2500 597 2535 quae
620 2489 670 2524 ad
690 2500 787 2525 emer
813 2493 912 2525 entes
943 2500 1075 2525 causas
1106 2501 1151 2525 ac
1181 2490 1300 2526 denuo
1332 2494 1562 2526 renascentes
1584 2490 1800 2542 suppeditet.
1891 2490 1958 2526 ulti
1981 2491 2074 2526 enim
2098 2492 2252 2526 nominis
2274 2493 2398 2538 qratia
2421 2493 2472 2529 ad

235 2535 483 2571 sanctissimas
506 2534 676 2570 ecclesias
700 2545 768 2570 con
796 2534 908 2570 endas
926 2535 1119 2580 festinant,
1149 2535 1278 2571 deinde
1301 2535 1426 2571 iisdem
1451 2535 1652 2581 aedificatis
1675 2546 1749 2570 non
1773 2534 1930 2581 amplius
1953 2547 2076 2571 curam
2099 2535 2269 2573 adhibent
2299 2542 2340 2572 ut
2361 2539 2470 2574 etiam

236 2581 418 2627 impensas
438 2579 587 2616 idoneas
605 2580 651 2615 iis
670 2579 865 2626 adsignent
886 2584 922 2615 et
945 2579 994 2614 ad
1016 2580 1211 2615 luminaria
1234 2580 1464 2616 accendenda
1488 2584 1524 2616 et
1543 2580 1593 2615 ad
1611 2579 1821 2615 alimoniam
1843 2591 1967 2615 eorum
1991 2581 2054 2626 qui
2074 2581 2174 2617 circa
2193 2592 2257 2617 eas
2276 2588 2469 2619 versantur

235 2630 270 2661 et
293 2625 344 2660 ad
364 2635 509 2660 sacrum
532 2625 787 2667 ministerium,
816 2624 881 2660 sed
902 2624 1116 2670 relinquunt
1144 2636 1207 2661 eas
1237 2625 1276 2660 in
1299 2626 1407 2660 nudis
1429 2625 1605 2670 aedificiis
1628 2630 1833 2660 constantes
1863 2630 1900 2659 et
1922 2630 1987 2660 aut
2013 2625 2250 2662 destruendas
2281 2632 2347 2663 aut
2371 2629 2472 2664 omni

234 2681 342 2706 sacro
366 2670 567 2705 ministerio
584 2670 765 2716 privatas.
2335 2676 2337 2679 ’

369 2715 398 2750 Ι.
447 2714 640 2750 Sancimus
669 2716 784 2760 iqitur
814 2718 899 2750 ante
930 2714 1051 2750 omnia
1081 2714 1175 2750 illud
1198 2715 1302 2760 fieri,
1333 2719 1375 2751 ut
1405 2715 1540 2751 nemini
1567 2714 1675 2750 liceat
1706 2725 1821 2760 neque
1852 2715 2109 2750 monasterium
2142 2726 2258 2761 neque
2281 2717 2467 2753 ecclesiam

235 2771 350 2807 neque
374 2760 576 2796 oratorium
600 2760 794 2805 aedificare
817 2760 988 2807 incipere,
1019 2763 1214 2805 antequam
1237 2760 1305 2796 deo
1330 2761 1539 2796 carissimus
1562 2759 1718 2795 civitatis
1741 2759 1934 2806 episcopus
1949 2770 2128 2805 praesens
2156 2765 2192 2796 et
2215 2765 2298 2796 vota
2323 2762 2360 2796 in
2389 2762 2467 2799 loco

233 2806 366 2851 fecerit
388 2809 424 2841 et
446 2815 588 2841 crucem
615 2805 744 2850 fixerit
768 2804 916 2852 publice
945 2804 996 2840 ibi
1020 2804 1229 2850 procedens
1259 2808 1369 2851 atque
1399 2816 1474 2841 rem
1498 2804 1662 2840 omnibus
1691 2804 1924 2850 manifestam
1946 2805 2087 2850 fecerit.
2135 2804 2245 2841 Multi
2267 2806 2360 2841 enim
2385 2818 2467 2843 ora-

281 2921 301 2953 2
315 2920 402 2952 rubr.
426 2919 516 2960 Περὶ
539 2918 617 2951 τῶν
637 2914 841 2959 κτιζόντων
860 2914 1038 2963 εὐκτήρια,
1062 2920 1122 2952 καὶ
1145 2921 1227 2965 περὶ
1251 2919 1314 2952 τοῦ

234 2962 283 3008 μὴ
298 2960 622 3007 ἀπολιμπάνεσθαι
649 2962 729 2996 τοὺς
755 2960 971 2998 ἐπισκόπους
1001 2964 1080 2998 τῶν
1103 2962 1314 3006 ἐκκλησιῶν,

235 3012 295 3042 καὶ
318 3010 401 3053 περὶ
425 3007 642 3050 ἐκποιήσεως
666 3006 973 3050 ἐκκλησιαστικῶν
995 3006 1178 3052 ἀκινήτων
1201 3021 1313 3054 πραγ-

234 3052 362 3098 μάτων
376 3054 496 3087 Theod.
520 3056 532 3097 ΙΙ
559 3054 579 3087 3
603 3052 702 3087 οἷκον
726 3067 784 3087 om.
803 3054 882 3087 Coit.
898 3056 938 3088 87
954 3067 1027 3098 cap.
1048 3054 1061 3098 ss
1086 3053 1230 3098 γνώμης
1254 3067 1311 3087 om.

234 3101 310 3133 Ath.
330 3098 343 3143 ΙΙ
359 3097 556 3132 ἐπισκόπου
573 3100 632 3131 καὶ
649 3101 730 3143 περὶ
749 3100 844 3144 (περὶ
859 3112 917 3132 om.
928 3100 985 3141 Μ’)
1010 3099 1074 3133 τοῦ
1087 3119 1131 3124 —-
1144 3102 1186 3133 10
1200 3110 1312 3144 πραγ-

234 3142 362 3188 μάτων
386 3144 491 3185 Μὶις]
517 3142 713 3178 ἐπισκόπου
738 3146 797 3177 καὶ
821 3141 867 3177 τὰ
891 3143 967 3186 ἑξῆς
991 3146 1066 3178 ΑιΙι.
1103 3141 1312 3186 ἐπισκόπου,

235 3191 295 3222 καὶ
318 3186 417 3223 ὅπως
439 3187 506 3234 χρὴ
528 3187 594 3222 τὸν
609 3190 780 3230 κτίζοντα
799 3187 1078 3234 προνοήσασθαι
1095 3190 1176 3224 C'oll.
1187 3191 1228 3223 87
1239 3201 1312 3232 cap.

235 3232 443 3275 ἐπισκόπου,
467 3236 527 3266 καὶ
549 3234 581 3267 εἰ
603 3233 652 3276 μὴ
675 3230 854 3279 πρότερον
876 3233 922 3267 τὰ
944 3233 992 3267 εἰς
1015 3232 1230 3276 λυχνοκαΐαν
1253 3235 1314 3266 καὶ

235 3276 450 3324 φιλοκαλίαν
468 3280 527 3312 καὶ
547 3276 759 3324 άποτροφὴν
774 3279 853 3312 τῶν
868 3275 1180 3325 προςεδρευόντων
1200 3277 1313 3324 στήσῃ

236 3326 333 3358 index
348 3325 429 3358 Coll.
439 3325 480 3358 87
492 3337 575 3368 cap.‚
588 3337 668 3368 app.
680 3325 812 3359 Nomoc.
831 3324 843 3368 ΙΙ
863 3326 901 3359 11
916 3324 970 3367 τῷ
984 3343 1028 3348 —
1044 3326 1083 3359 12
1098 3323 1312 3370 πατριάρχῃ]

235 3369 288 3411 τῷ
301 3365 494 3414 ἁγιωτάτῳ
506 3365 774 3414 ἆρχιεπισκόπῳ
793 3370 870 3403 Οοῐί.
885 3371 927 3403 87
942 3382 1014 3412 cap.
1029 3372 1140 3410 (verba
1156 3365 1313 3413 ἀρχιεπι·

236 3410 361 3456 σκόπῳ
385 3417 445 3447 καὶ
469 3427 527 3447 om.
543 3415 618 3456 Ma)
637 3413 650 3458 ss
675 3416 716 3449 13
742 3416 814 3446 Καὶ
838 3412 883 3447 τὰ
907 3417 989 3459 περὶ
1010 3415 1099 3456 τῶν]
1123 3416 1212 3459 Περὶ
1235 3413 1314 3447 τῶν

239 3459 357 3491 Theod.
376 3459 388 3502 ΙΙ
405 3457 519 3505 ἁγίων
529 3459 617 3501 ΑίΙι.,
635 3459 714 3493 Coti.
729 3461 771 3493 87
783 3472 855 3503 cap.
868 3472 898 3494 v.
915 3460 934 3493 l.
951 3460 963 3502 ΙΙ
985 3461 1026 3493 14
1044 3461 1099 3493 ἔτι
1116 3461 1157 3493 τὲ
1175 3460 1235 3491 καὶ
1248 3459 1280 3491 L
1302 3457 1314 3501 ΙΙ

1382 2915 1474 2962 μηδὲ
1497 2938 1540 2943 -
1563 2915 1654 2962 μηδὲ
1678 2919 1759 2952 ML
1784 2920 1874 2974 (app.
1901 2919 2047 2961 Nomoc.)
2074 2918 2087 2963 ΙΙ
2117 2921 2159 2953 26
2183 2919 2282 2953 οἷκον
2304 2933 2361 2955 οηι.
2390 2923 2420 2955 L
2454 2922 2467 2967 ΙΙ

1385 2965 1427 2998 28
1447 2961 1748 3041 παρῆγενόμενος]
1767 2974 1956 3010 γενομενος
1974 2977 2050 3007 app.
2061 2964 2207 3006 Nomoc„
2227 2978 2285 2998 om.
2299 2978 2319 3002 ς
2334 2965 2347 3009 ΙΙ
2366 2965 2465 3009 ποιή-

1383 3019 1486 3042 σαιτο
1558 3011 1570 3051 ]
1603 3007 1790 3051 ποιήσοιτο
1813 3010 1845 3042 L
1862 3009 1943 3043 C'oll.
1957 3010 1998 3043 87
2013 3022 2085 3053 cap.
2112 3008 2125 3053 ΙΙ
2156 3011 2198 3044 29
2223 3009 2377 3053 πήξαιτο
2392 3013 2465 3046 ML

1383 3066 1460 3097 app.
1474 3054 1622 3095 Nomoc.]
1647 3052 1797 3096 πήξοιτο
1815 3055 1895 3088 Call.
1913 3055 1954 3088 87
1968 3067 2041 3097 cap.
2066 3054 2079 3098 [Ι
2106 3052 2263 3099 πρόοδον
2277 3057 2308 3089 L
2327 3057 2405 3090 Coll.
2422 3059 2464 3092 87

1382 3101 1467 3142 cap.]
1493 3097 1677 3142 πρόσοδον
1694 3099 1750 3141 Μ,
1767 3112 1843 3143 app.
1857 3099 1990 3133 Nomoc.
2014 3099 2026 3143 ΙΙ
2052 3100 2094 3133 30
2118 3098 2384 3143 *καταστήσειε
2404 3104 2467 3143 (vel

1381 3143 1628 3186 καταστήσαι)]
1653 3142 1872 3187 καταστήσω
1897 3142 2126 3186 (καταστήσει
2147 3145 2226 3179 Coll.
2243 3147 2283 3180 87
2299 3159 2371 3190 cap.
2386 3160 2415 3180 v.
2430 3147 2464 3189 L,

1383 3190 1631 3268 αρέὸὸΝοιηοο.)
1654 3190 1732 3223 libri
1753 3191 1901 3222 statuens
1922 3190 1956 3230 (i.
1972 3201 1998 3223 e.
2022 3187 2289 3233 καταστήσαςῗ)
2310 3203 2330 3227 ς
2350 3199 2379 3225 et
2398 3192 2461 3225 Iul.

1382 3247 1408 3266 C.

1429 3325 1501 3366 lsq.
1525 3322 1564 3366 Re
1589 3323 1743 3356 LXVIII
1766 3323 1822 3366 Vn
1847 3325 1866 3357 2
1885 3324 2018 3355 domum
2041 3324 2085 3364 V]
2110 3324 2223 3357 domos
2246 3323 2377 3367 RTns
2402 3335 2462 3357 uo-

1381 3367 1511 3400 luntate
1532 3369 1563 3402 V
1576 3368 1588 3411 ΙΙ
1614 3370 1633 3402 5
1653 3370 1777 3400 statuta
1798 3368 1848 3401 V¹
1864 3367 1877 3410 ΙΙ
1895 3368 2071 3401 fabricatio
2084 3369 2134 3402 Βι
2153 3368 2381 3402 fabricationis
2402 3369 2435 3402 V
2450 3368 2462 3413 ΙΙ

1347 3421 1348 3427 “
1382 3414 1402 3446 6
1426 3423 1493 3445 non
1517 3414 1626 3446 desint
1648 3412 1716 3445 suis
1740 3411 1885 3445 ecclesiis
1909 3414 2002 3455 ΒΤ]
2039 3423 2114 3446 suas
2137 3412 2287 3446 ecclesias
2310 3423 2378 3445 non
2403 3413 2461 3446 de-

1382 3458 1496 3490 sinant
1516 3457 1573 3502 Vn
1589 3459 1609 3492 8
1628 3457 1802 3491 mobilium
1815 3457 1924 3491 R¹V¹
1941 3457 1953 3502 ΙΙ
1983 3460 2022 3492 11
2044 3468 2138 3490 mene
2157 3457 2203 3498 R]
2227 3467 2345 3489 menne
2367 3458 2430 3491 VT
2449 3458 2462 3502 ΙΙ

237 3502 359 3546 ἕτερον
387 3505 468 3537 Coll.
482 3505 523 3538 87
538 3517 609 3547 cap.
629 3517 659 3538 υ.
678 3505 698 3538 l.
722 3504 735 3548 ΙΙ
767 3506 808 3538 16
832 3502 1021 3549 ἀρκοῦντες
1049 3506 1127 3538 Οοῖί.
1142 3506 1182 3539 87
1198 3516 1269 3548 cap.
1301 3505 1314 3548 Ι]
1347 3521 1348 3533 1
1385 3504 1424 3536 12
1446 3502 1761 3545 constantinopolim
1782 3502 1880 3546 RVu
1907 3505 1948 3537 15
1969 3502 2182 3544 emergentia]
2206 3511 2237 3533 ei
2258 3503 2461 3543 emergentia

241 3548 279 3578 17
311 3547 413 3579 ἕνεκα
439 3549 519 3582 Coll.
535 3551 574 3583 87
590 3560 664 3592 cap.
679 3562 708 3583 v.
724 3550 744 3582 l.
775 3549 787 3592 ΙΙ
809 3545 1037 3595 ἁγιωτάτων]
1062 3549 1141 3583 τῶν
1160 3544 1313 3594 άγιωτά·
1347 3544 1349 3583 ε’
1390 3547 1441 3579 V⁰
1462 3548 1475 3590 ΙΙ
1505 3549 1546 3582 16
1571 3549 1624 3589 ad]
1649 3558 1717 3580 non
1741 3547 1782 3579 ad
1806 3547 1934 3581 RVal.
1969 3548 1983 3589 ΙΙ
2012 3550 2052 3581 17
2076 3545 2278 3579 edifficantes
2298 3546 2331 3579 V
2348 3549 2391 3589 (et
2413 3550 2461 3581 sic

237 3601 315 3622 των
326 3603 402 3633 app.
416 3593 546 3627 Nomoc.
564 3594 576 3637 ΙΙ
597 3596 636 3628 18
651 3594 767 3628 ταῦτα
785 3594 827 3627 Μ
839 3593 852 3637 fl
866 3591 1164 3637 οἰκοδομήσαντες
1181 3594 1259 3628 Con.
1271 3595 1312 3628 87
1381 3593 1524 3636 saepias)
1541 3593 1553 3636 ΙΙ
1580 3595 1621 3627 19
1642 3593 1810 3635 deponant
1830 3605 1888 3625 om.
1901 3592 1952 3624 Β*
1966 3591 1979 3636 ΙΙ
1997 3591 2189 3632 decedentes
2201 3590 2235 3622 R
2249 3589 2262 3634 ΙΙ
2280 3590 2459 3625 obseruan—

1382 3637 1460 3669 dum
1481 3637 1534 3670 V²
1556 3637 1569 3681 ΙΙ
1600 3639 1642 3671 20
1667 3637 1850 3670 misterium
1874 3637 1908 3669 R
1929 3636 1943 3680 Π
1973 3638 2013 3670 21
2039 3636 2098 3668 aut
2117 3636 2150 3666 et
2172 3634 2378 3669 destruentes
2401 3640 2462 3670 aut

238 3646 311 3676 cap.
326 3646 354 3667 v.
370 3636 389 3666 l.
409 3635 421 3678 ΙΙ
438 3638 479 3670 22
500 3631 656 3672 οὗσανΕ
681 3639 694 3683 ΙΙ
720 3640 761 3673 23
786 3635 926 3680 ἁπάσης
950 3651 1027 3682 app.
1042 3640 1174 3673 Nomoc.
1194 3638 1206 3682 ΙΙ
1229 3635 1313 3673 ἄπε-
2225 3679 2232 3685 ,
2380 3681 2387 3688 ,

238 3680 454 3722 στερημένας
481 3682 560 3715 Coll.
587 3685 627 3717 87
653 3697 725 3728 cap.
750 3697 779 3717 υ.
805 3685 824 3718 ἰ.
851 3683 864 3726 ΙΙ
892 3685 934 3718 25
958 3681 1097 3726 μηδενὶ]
1121 3681 1213 3727 μηδὲ
1236 3696 1313 3727 app.
1382 3682 1517 3715 omniuo
1538 3682 1593 3726 Vll
1618 3683 1660 3716 22
1681 3681 1882 3714 fraudandus
1902 3679 1966 3724 1711
1987 3681 2030 3714 24
2050 3689 2128 3721 prae
2144 3679 2310 3721 ommbus]
2336 3682 2459 3724 priori-

1382 3727 1444 3760 bus
1468 3727 1516 3760 R¹
1535 3727 1548 3771 ΙΙ
1564 3729 1607 3761 29
1631 3729 1665 3759 et
1687 3727 1830 3766 oausam]
1855 3726 1914 3757 aut
1936 3733 2065 3757 oausam
2088 3723 2139 3757 V¹

238 3723 370 3757 Nomoc.
388 3722 401 3766 ΙΙ
417 3720 505 3766 μήτε
523 3744 566 3750 —
584 3728 626 3761 26
634 3727 723 3771 μήτε
743 3748 785 3752 -
805 3727 896 3772 μήτε
913 3729 993 3763 C'oll.
1004 3730 1045 3763 87
1061 3731 1146 3773 cap.]
1167 3724 1259 3773 μηδὲ
1270 3747 1316 3753 -
