2586 3990
257 135 363 179 Nov,
394 132 571 177 CXVIII
605 137 638 175 1.
669 134 695 174 2

255 242 463 284 ὑπεξούσιος
486 238 532 294 ἦν
555 239 575 275 ὁ
600 239 830 285 τελευτήσας,
855 238 916 277 ἐπ’
933 242 1080 275 ἐκείνοις
1104 238 1241 284 δηλαδὴ
1263 245 1337 276 τοῖς

255 288 461 334 πράγμασιν
479 283 591 320 ἅτινα
611 285 706 320 κατὰ
729 285 812 320 τοὺς
833 283 960 320 ἄλλους
984 284 1087 329 ἡμῶν
1109 285 1241 330 νόμους
1264 289 1338 320 τοῖς

255 331 439 376 πατράσιν
462 328 504 365 οὐ
528 331 812 385 προςπορίζεται.
861 332 920 365 ἐπὶ
940 330 1008 376 γὰρ
1039 331 1084 377 τῇ
1106 329 1229 375 χρήσει
1259 331 1337 365 τῶν

254 373 482 422 πραγμάτων
504 387 648 410 τουτων
678 369 871 422 δφειλούσῃ
903 375 1212 420 προςποριζεσθαι
1230 373 1253 418 ἢ
1271 389 1335 420 φυ-

255 420 458 455 λάττεσθαι
488 418 571 455 τοὺς
600 422 684 464 περὶ
712 420 857 454 τούτων
888 417 994 463 ἡμῶν
1024 419 1156 463 νόμους
1184 422 1259 454 τοῖς
1279 432 1337 467 yo-

253 467 353 500 νεῧσι
376 461 622 509 φυλάττομεν
654 460 754 499 οὕτω
776 467 952 511 μέντοιγε,
984 460 1072 499 dieve
1095 464 1132 498 εἴ
1147 477 1233 499 τινα
1258 463 1337 500 τού-

253 522 331 544 των
354 509 432 544 τῶν
455 510 663 544 κατιόντων
687 506 820 544 παῖδας
850 506 1103 544 καταλιπόντα
1129 508 1338 552 τελευτῆσαι

254 558 423 599 συμβαίη,
446 555 529 589 τοὺς
545 556 680 588 ἐκείνου
695 553 791 588 υἱοὺς
808 552 830 597 ἢ
848 553 1050 600 θυγατέρας
1068 552 1090 597 ἢ
1109 553 1191 588 τοὺς
1213 553 1339 588 ἄλλους

253 596 447 634 κατιόντας
469 600 517 634 εἰς
539 598 608 634 τὸν
630 600 696 634 τοῦ
718 596 810 633 ἰδίου
833 602 966 646 γονέως
990 598 1108 634 τόπον
1131 595 1338 643 ὑπειςιέναι,

253 644 325 678 εἴτε
343 641 547 685 ὑπεξοόσιοι
567 644 620 687 τῷ
637 642 891 687 τελευτήσαντι
912 644 982 678 εἴτε
999 640 1227 685 αὖτεξούσιοι
1247 641 1337 689 εὗρε·
1355 646 1395 679 10
1407 642 1602 679 hereditate
1625 643 1809 678 morientis
1834 643 2050 689 accipientes
2074 648 2229 690 partem,

253 689 367 731 θεῖεν,
399 690 576 724 τοσοῦτον
606 690 644 723 ἐκ
668 689 730 732 τῆς
753 687 986 734 κληρονομίας
1015 690 1096 735 τοῦν
1106 687 1339 732 τελευτήσαν-

253 745 314 769 τος
332 732 588 779 λαμβάωντας
609 737 730 781 μέρος,
755 731 972 776 ὅσοιὸήποτε
996 730 1044 768 ἂν
1065 736 1167 776 ιόσιν,
1203 730 1293 768 ὅσον
1318 731 1337 767 ὁ

255 775 379 814 αὐτῶν
409 779 533 826 γονεὺς
562 780 593 812 εἰ
621 780 751 824 περιῆν
780 780 974 822 ἐκομίζετο,
1005 775 1135 822 ἥντινα
1167 776 1339 822 διαδοχὴν

1321 127 1405 176 568

2139 143 2199 174 ΒΕ
2227 142 2482 176 mnmnus

1404 241 1471 276 sub
1499 240 1677 285 potestate
1707 239 1777 276 fuit
1807 240 1869 286 qui
1896 241 2087 279 defunctus
2115 245 2188 285 est,
2223 242 2261 278 in
2291 241 2362 277 illis
2386 240 2481 277 vide-

1403 286 1487 321 licet
1522 293 1617 336 quae
1648 284 1844 320 secundum
1879 283 1969 323 alias
2003 290 2147 324 nostras
2187 287 2283 331 leges
2318 285 2481 331 patribus

1403 340 1476 366 non
1511 329 1558 365 ad
1582 332 1760 366 mruntur.
1806 328 1900 365 Nam
1932 330 1971 367 in
2000 342 2068 368 usu
2096 342 2220 368 earnm
2251 341 2386 374 rerum,
2422 331 2483 375 qui

1404 375 1510 410 debet
1533 382 1555 408 a
1581 373 1672 418 quiri
1702 376 1766 409 aut
1787 375 1938 418 servari,
1967 379 2111 413 nostras
2142 377 2188 413 de
2211 376 2267 412 his
2298 376 2393 420 leges
2417 385 2481 420 pa-

1372 422 1391 453 5
1405 418 1568 454 rentibus
1597 418 1835 462 custodimus,
1863 419 1916 455 sie
1946 422 2065 457 tamen
2094 424 2136 458 ut
2166 421 2199 458 si
2228 431 2333 475 quem
2358 421 2483 456 horum

1406 463 1697 500 descendentium
1737 463 1830 499 filios
1864 464 2118 509 relinquentem
2155 477 2247 503 mori
2285 464 2482 510 contigerit,

1406 508 1501 544 illius
1523 508 1616 544 filios
1649 510 1713 544 aut
1734 507 1827 544 filias
1854 512 1921 544 aut
1944 509 2033 546 alios
2056 510 2312 547 descendentes
2338 510 2374 546 in
2399 520 2482 555 pro-

1433 553 1477 588 rii
1498 553 1658 598 parentis
1681 554 1762 589 loco
1786 553 1995 598 succedere,
2025 555 2102 591 sive
2130 556 2198 592 sub
2221 558 2399 601 potestate
2422 554 2482 589 de-

1423 599 1521 634 uncti
1557 599 1630 634 sive
1661 608 1747 634 suae
1778 599 1965 651 potestatis
1997 599 2234 643 inveniantur,
2271 604 2407 680 tantam
2439 599 2483 634 de

2285 654 2354 680 nan
2373 654 2482 680 icum-

1407 699 1476 734 que
1492 688 1574 732 sint,
1600 692 1770 733 quantam
1787 698 1909 723 eorum
1929 698 2058 733 parens
2082 689 2113 724 si
2131 689 2261 726 viveret
2306 690 2482 726 abuisset:

1408 743 1514 778 quam
1536 733 1799 769 successionem
1821 733 1859 768 in
1880 734 2011 778 stirpes
2036 734 2173 770 vocavit
2194 735 2397 779 antiquitas.
2442 735 2484 769 In

1408 780 1477 814 hoc
1508 778 1601 813 enim
1633 778 1756 814 ordine
1786 778 1933 823 gradum
1963 778 2087 823 quaeri
2117 789 2190 814 non
2211 779 2391 822 volumus,
2421 779 2484 814 sed

253 825 292 860 in
313 825 445 869 stirpes
466 822 490 868 ἡ
514 822 705 869 ἀρχαιότης
726 823 902 858 ἐκάλεσεν.
943 825 1005 858 ἐπὶ
1027 824 1161 867 ταύτης
1183 824 1254 869 γὰρ
1277 825 1339 867 τῆς
1407 834 1489 859 cum
1511 823 1593 859 filiis
1617 827 1654 858 et
1676 823 1818 858 filiabus
1842 833 1886 859 ex
1904 827 2131 868 praemortuo
2150 823 2222 860 filio
2244 827 2308 860 aut
2325 824 2400 859 filia
2421 833 2483 858 ne-

254 868 391 910 τάξεως
420 869 488 903 τὸν
514 869 674 925 βαθμὸν
706 868 897 912 ζητεῖσθαι
921 865 963 902 οὗ
986 867 1218 913 βουλόμεθα,
1249 865 1337 903 ἀλλὰ
1355 870 1394 903 15
1407 871 1511 914 potes
1534 868 1655 904 vocari
1677 868 1870 913 sancimus,
1894 869 1993 904 nulla
2010 869 2269 905 introducenda
2289 869 2485 904 differentia

254 914 346 959 μετὰ
378 916 456 949 τῶν
487 915 579 948 υιῶν
609 917 669 948 καὶ
699 916 777 948 τῶν
806 914 1025 959 θυγατέρων
1055 914 1138 948 τοὺς
1167 915 1205 948 ἐκ
1240 914 1339 960 (τοῦ)

255 958 604 1005 κροτελευτήσαντος
617 959 697 993 υἱοῦ
712 957 736 1002 ἢ
752 958 937 1005 θυγατρὸς
961 957 1127 1005 ἐγγόνους
1145 957 1338 993 καλεῖσθαι

255 1004 494 1060 θεσπίζρμεν,
525 1001 691 1060 οὖδεμιιξς
713 1005 935 1058 εἰςαγομξνης
958 1002 1148 1058 διαφορᾶς,
1179 1004 1251 1038 εἴτε
1275 1003 1337 1049 ἅρ-

255 1061 352 1095 ρενες
373 1062 445 1084 ειτε

1407 914 1481 949 sive
1504 913 1652 948 masculi
1684 923 1748 948 seu
1771 913 1922 949 feminae
1944 915 2033 954 sint,
2064 917 2101 950 et
2131 914 2205 950 sive
2234 924 2279 950 ex
2307 913 2484 949 masculo·

1407 970 1486 994 rum
1509 969 1573 994 seu
1597 957 1808 994 feminarum
1831 959 1932 1003 prole
1955 959 2192 1001 descendant,
2215 959 2290 994 sive
2313 968 2399 995 suae
2421 968 2484 1003 po-

1406 1003 1546 1039 testatis
1578 1012 1642 1038 seu
1671 1003 1738 1038 sub
1770 1007 1948 1048 potestate
1979 1004 2051 1040 sint
2078 1003 2277 1040 constituti.
2323 1003 2373 1039 Et
2395 1003 2485 1038 haec

469 1048 617 1092 θήλειαι
640 1061 725 1091 ωσι,
755 1052 815 1082 καὶ
838 1050 910 1103 εἶτε
932 1049 970 1102 ἐξ
995 1053 1246 1104 αρρενογονίας
1268 1049 1339 1084 εἴτε
1407 1048 1550 1092 quidem
1582 1049 1626 1084 de
1650 1048 1876 1084 successione
1907 1048 2194 1085 descendentium
2224 1048 2483 1094 disposuimus:

256 1096 294 1128 ἐκ
318 1094 537 1149 &nl-yronica
566 1093 803 1141 κατάγονται,
835 1095 907 1128 eive
939 1095 1146 1135 υπεξουσιοι
1177 1095 1248 1128 ein
1278 1097 1338 1128 καὶ
1353 1095 1394 1127 20
1408 1103 1629 1138 consequens
1653 1095 1773 1128 autem
1797 1103 1876 1130 esse
1899 1095 2143 1140 perspeximus
2167 1098 2204 1130 et
2226 1094 2271 1130 de
2290 1094 2485 1130 ascenden-

256 1136 480 1180 αὖτεξουσιοι
515 1139 649 1174 εἴτ’σαν.
697 1142 771 1173 Καὶ
804 1139 920 1173 ταῦτα
950 1140 1018 1183 μὶν
1053 1142 1136 1184 περὶ
1170 1140 1233 1173 fs
1262 1140 1339 1174 τῶν

255 1186 463 1219 κατιόντων
487 1163 654 1228 διαόοχῆς
678 1183 930 1229 ἐτυπώσαμεν·
967 1181 1175 1219 ἀκόλουθον
1191 1152 1231 1218 30³
1246 1183 1339 1219 εἶναι

255 1227 466 1274 σννείὸομεν
480 1233 540 1263 καὶ
556 1233 638 1275 περὶ
653 1230 731 1264 τῶν
747 1227 931 1264 ἀνιόντων
952 1227 1214 1273 διατάξασθαι,
1239 1226 1341 1265 ὅπως

256 1271 304 1309 ἂν
328 1275 376 1310 εἰς
398 1274 467 1318 τὴν
488 1276 568 1310 τῶν
590 1275 799 1310 κατιόντων
820 1273 992 1318 κληθεῖεν
1019 1271 1201 1318 διαδοχήν.

1407 1139 1503 1174 tibus
1529 1137 1763 1183 constituere,
1797 1139 1972 1183 quomodo
2005 1140 2053 1176 ad
2081 1139 2373 1176 descendentium
2403 1148 2484 1174 suc-

1407 1184 1605 1220 cessionem
1624 1187 1809 1219 vocantur.

1260 1386 1415 1423 CAPUT
1439 1387 1485 1423 11.

302 1467 347 1500 Ei
365 1469 491 1501 τοίνυν
510 1464 530 1500 ὁ
549 1464 761 1545 τελευτὲᾇσας
783 1466 975 1501 κατιόντας
998 1468 1065 1511 μὲν
1079 1466 1129 1511 μὴ
1146 1465 1339 1501 καταλίποι
1353 1468 1395 1501 25

255 1509 505 1556 κληρονόμους,
529 1511 651 1557 πατὴρ

257 1556 484 1600 ἐπιζήσουσι,
515 1554 670 1590 πάντων
700 1569 778 1590 των
809 1559 847 1590 ἐκ
871 1555 1024 1603 πλαγίου
1052 1557 1237 1602 συγγενῶν
1259 1557 1338 1591 τού-

256 1612 337 1636 τους
372 1602 628 1647 προτιμᾶσθαι
668 1601 911 1646 θεσπίζομεν,
950 1602 1178 1649 ἐξῃρημένων
1212 1599 1340 1645 μόνων

256 1644 428 1701 οἷᾷελφῶν
446 1646 485 1686 ἐξ
500 1646 667 1691 ἑκατέρου
687 1649 818 1692 γονέως
841 1650 1128 1691 συναπτομένων
1151 1646 1204 1688 τῷ
1223 1644 1337 1680 τελευ-

699 1513 715 1544 ὲ
737 1509 760 1565 ᾗ
778 1513 897 1558 μήτηρ
921 1509 943 1555 ἢ
968 1510 1070 1545 ἄλλοι
1093 1514 1207 1558 γονεῖς
1238 1508 1337 1553 αὐτῷ

1477 1465 1513 1501 Si
1536 1466 1643 1510 igitur
1667 1465 1857 1501 defunctus
1882 1465 2136 1501 descendentes
2165 1464 2306 1510 quidem
2329 1475 2401 1501 non
2424 1465 2485 1500 de-

1407 1510 1587 1555 relinquat
1617 1511 1782 1554 heredes,
1814 1513 1917 1555 pater
1947 1514 2067 1545 autem
2097 1515 2160 1545 aut
2189 1514 2302 1546 mater
2332 1514 2396 1545 aut
2425 1510 2486 1545 alii

1434 1560 1573 1591 arentes
1607 1556 1641 1591 ei
1671 1557 1866 1601 supersint,
1904 1556 2068 1591 omnibus
2102 1565 2147 1591 ex
2178 1556 2290 1591 latere
2325 1556 2485 1600 cognatis

1406 1566 1473 1636 gos
1501 1600 1675 1646 praeponi
1705 1601 1896 1643 sancimus,
1933 1600 2093 1645 exceptis
2124 1600 2208 1636 solis
2236 1600 2410 1636 fratribus
2443 1610 2486 1635 ex

1408 1649 1559 1690 utroque
1583 1649 1732 1691 parente
1756 1646 1954 1681 coniunctis
1979 1645 2158 1688 defuncto,
2191 1646 2284 1680 sicut
2314 1655 2379 1690 per
2400 1646 2484 1681 sub-

256 1703 427 1735 τησαντι,
449 1689 508 1746 ὶαἱς
531 1689 593 1725 διὰ
616 1704 695 1725 των
718 1691 796 1734 ἑξῆς
821 1689 1087 1734 δηλωθήσεται.
1136 1692 1167 1725 εἰ
1192 1689 1230 1724 δὲ
1253 1689 1338 1725 πολ-
1353 1694 1394 1726 30
1409 1692 1594 1736 sequentia
1617 1691 1870 1726 declarabitur.
1914 1691 1952 1726 Si
1973 1693 2094 1725 autem
2125 1690 2268 1735 plurimi
2291 1690 2484 1726 ascenden·

256 1735 312 1771 λοὶ
333 1737 414 1770 τῶν
437 1735 623 1770 ανιόντων
645 1740 811 1783 περίεισι,
836 1738 983 1770 τούτους
1006 1736 1261 1783 προτιμᾶσθαι
1284 1749 1338 1769 κε-

256 1780 418 1826 λεύομεν,
448 1781 578 1815 οἵτινες
601 1781 782 1826 ἐγγύτεροι
811 1783 863 1824 τῷ
887 1782 1028 1824 βαθμοῦ
1053 1779 1248 1825 εὑρεθεῖεν,
1277 1779 1338 1824 ἄρ·

256 1827 361 1872 ρενάς
392 1838 434 1860 τε
466 1828 527 1859 καὶ
559 1825 731 1867 θηλείας,
763 1825 834 1860 ei'n
864 1826 955 1871 πρὸς
985 1826 1119 1871 μητρὸς
1147 1826 1219 1859 εἴτε
1250 1826 1339 1870 πρὸς

256 1869 395 1916 πατρὸς
416 1870 497 1906 εἷεν.
534 1871 566 1904 εἰ
589 1869 628 1904 δὲ
649 1871 719 1905 τὸν
735 1869 849 1905 αὐτὸν
873 1873 989 1912 ἔχουσι
1013 1870 1179 1924 βαθμόν,
1204 1870 1243 1910 ἐξ
1262 1871 1339 1912 ἴσης

1405 1735 1496 1771 tium
1516 1736 1647 1779 vivunt,
1672 1736 1738 1771 hos
1754 1736 1929 1781 praeponi
1947 1736 2110 1771 iubemus
2128 1736 2187 1779 qui
2203 1735 2355 1780 proximi
2372 1736 2486 1779 gradu

1407 1781 1635 1826 reperiuntur
1664 1781 1844 1816 masculos
1877 1783 1912 1816 et
1943 1780 2110 1823 feminas,
2142 1781 2215 1816 sive
2243 1781 2394 1816 materni
2421 1790 2486 1816 seu

1406 1826 1547 1871 paterni
1572 1826 1652 1862 sint.
1701 1826 1738 1861 Si
1761 1830 1880 1861 autem
1910 1825 2061 1861 eundem
2090 1826 2223 1861 habent
2245 1825 2410 1871 gradum,
2443 1836 2486 1860 ex

1408 1880 1523 1915 aequo
1553 1871 1647 1906 inter
1678 1881 1739 1906 eos
1771 1871 1949 1906 hereditas
1981 1871 2164 1913 dividitur,
2199 1873 2241 1906 ut
2263 1871 2487 1906 medietatem

255 1917 305 1970 {ic
328 1913 455 1950 αὐτοὺς
483 1913 506 1958 ἡ
531 1914 747 1971 κληρονομία
771 1914 1061 1970 διαιρεθήσεται,
1093 1912 1181 1970 ω’ςτιξ
1205 1915 1247 1949 τὸ
1271 1917 1339 1959 μὲν
1352 1918 1394 1951 35
1409 1916 1547 1960 quidem
1566 1916 1746 1961 accipiant
1769 1926 1890 1951 omnes
1911 1925 1934 1951 a
1953 1921 2055 1961 patre
2076 1915 2320 1959 ascendentes,
2345 1916 2485 1961 quanti-

309 1973 366 1995 ισυ
389 1959 590 2014 λαμβάλνειξ
613 1972 754 1995 παντας
774 1972 858 1995 τους
885 1972 974 2006 προς
997 1960 1133 2014 quarens
1157 1961 1339 2001 ανιόντας,

258 2004 476 2049 οσοιδήποτε
495 2019 542 2039 αν
558 2007 638 2047 αἷσι,
662 2005 704 2040 τὸ
730 2003 770 2039 δὲ
785 2003 991 2040 ὑπόλοιπον
1015 2017 1124 2049 ημισυ
1147 2004 1230 2039 τοὺς
1253 2005 1343 2050 πρὸς

1408 1970 1561 2005 cumque
1580 1960 1733 2003 fuerint,
1765 1961 1990 1996 medietatem
2017 1970 2101 1996 vero
2124 1961 2295 2006 reliquam
2326 1971 2349 1996 a
2372 1965 2487 1996 matre

325 2109 352 2129 c.
376 2097 421 2130 II
445 2095 494 2129 Ei
517 2098 642 2129 τοίνυν
666 2115 710 2120 -
734 2102 770 2129 29
796 2097 1082 2139 συναπτομένων
1107 2103 1137 2129 et
1160 2097 1237 2137 569,
1252 2103 1267 2129 2
1291 2094 1321 2127 εἰ
1345 2092 1385 2127 δὲ
1406 2092 1497 2138 μετὰ
1523 2114 1564 2119 -
1590 2102 1622 2129 13
1642 2091 1853 2139 δεδώκαμεν
1874 2094 1987 2139 νόμου
2010 2109 2049 2129 ex
2073 2095 2108 2128 B
2133 2096 2229 2130 habet
2251 2095 2425 2131 Tractatus
2447 2098 2487 2131 de

255 2143 391 2182 peculiis
415 2142 436 2175 l.
454 2154 482 2175 c.

257 2243 288 2278 is
310 2242 375 2288 qui
397 2240 592 2287 defunctus
614 2244 684 2281 est,
709 2239 895 2287 praeponi
917 2239 1089 2282 iubemus,
1121 2239 1160 2274 in
1183 2239 1256 2275 illis
1278 2239 1416 2275 scilicet
1437 2239 1544 2275 rebus

1601 2250 1670 2274 uae
1691 2239 1886 2275 secundum
1910 2238 2005 2274 alias
2036 2238 2132 2285 teqes
2154 2243 2301 2275 nostras
2320 2241 2488 2286 patribus

257 2298 330 2322 non
353 2286 609 2332 adquiruntur.
656 2285 711 2321 De
733 2285 928 2331 usufructu
951 2285 1044 2319 enim
1069 2286 1198 2320 narum
1220 2295 1341 2320 rerum
1374 2284 1437 2329 qui
1467 2285 1512 2318 iis
1536 2295 1558 2318 a
1586 2284 1683 2329 quiri
1714 2283 1770 2320 vel
1790 2285 1931 2319 servari
1951 2283 2055 2319 debet
2076 2284 2109 2320 le
2134 2295 2172 2320 es
2195 2289 2342 2320 nostras
2365 2285 2410 2321 de
2431 2285 2487 2321 his

258 2332 354 2367 latas
372 2330 590 2378 parentibus
612 2341 797 2366 servamus
806 2342 821 2371 ,·
854 2330 907 2364 ita
933 2335 1050 2365 tamen
1073 2334 1115 2365 ut
1136 2330 1169 2364 si
1193 2340 1297 2375 quem
1321 2328 1450 2364 horum
1473 2328 1761 2364 descendentium
1786 2329 1907 2365 liberis
1933 2328 2069 2364 relictis
2115 2329 2260 2365 ecedere
2283 2330 2384 2366 conti
2407 2331 2486 2374 erit,

257 2377 356 2412 illius
375 2375 446 2421 filii
476 2379 541 2411 aut
564 2375 667 2421 filiae
697 2379 762 2410 aut
791 2374 926 2420 reliqui
946 2373 1201 2411 descendentes
1231 2375 1267 2409 in
1325 2374 1461 2409 arentis
1488 2374 1546 2409 sui
1570 2374 1687 2409 locum
1716 2373 1921 2416 succedant,
1952 2373 2026 2409 sive
2055 2374 2094 2409 in
2109 2378 2295 2421 potestate
2324 2375 2368 2411 de
2390 2376 2488 2412 uncti

256 2422 331 2458 sive
353 2421 411 2456 sui
434 2420 526 2456 iuris
547 2420 789 2462 inveniantur,
815 2423 953 2455 tantam
976 2430 1027 2456 ex
1047 2418 1246 2456 hereditate
1293 2419 1435 2464 efuncti
1453 2422 1596 2464 partem
1619 2419 1816 2464 accepturi,
1848 2422 2028 2470 quotquot
2045 2419 2130 2461 sint,
2158 2424 2331 2465 quantam
2348 2431 2489 2466 parens

258 2468 421 2514 ipsorum
444 2466 478 2501 si
499 2470 684 2512 superstes
705 2468 799 2501 esset
821 2468 1039 2510 accepturus
1061 2469 1165 2506 esset,
1189 2475 1297 2510 quam
1320 2463 1580 2500 successionem
1603 2464 1641 2498 in
1656 2465 1789 2510 stirpes
1813 2465 2012 2509 antiquitas
2035 2465 2184 2500 vocavit.
2234 2463 2280 2499 In
2303 2463 2373 2500 hoc
2395 2465 2488 2501 enim

259 2512 387 2547 ordine
409 2509 566 2557 qradum
594 2521 635 2546 re
661 2510 735 2545 uiri
755 2509 935 2552 nolumus,
964 2509 1029 2545 sed
1059 2520 1136 2545 cum
1164 2509 1255 2554 filiis
1277 2513 1313 2545 et
1331 2509 1481 2554 filiabus
1510 2512 1660 2555 nepotes
1683 2520 1732 2544 ex
1752 2512 1989 2555 praemortuo
2009 2509 2090 2554 filio
2111 2509 2233 2553 filiave
2252 2510 2376 2546 vocari
2403 2520 2487 2546 san-

213 2581 223 2593 .
258 2557 382 2598 cimus,
415 2566 501 2591 neve
524 2555 600 2591 ulla
630 2520 839 2600 differentia
866 2554 1063 2590 inducatur
1091 2559 1211 2590 utrum
1243 2554 1396 2590 masculi
1418 2565 1468 2589 an
1488 2554 1650 2600 feminae
1671 2554 1761 2596 sint,
1792 2558 1828 2590 et
1851 2559 1971 2589 utrum
1994 2564 2045 2589 ex
2065 2554 2266 2590 masculina
2290 2565 2339 2590 an
2361 2565 2412 2591 ex
2430 2556 2488 2601 fe-

258 2602 395 2638 minina
414 2600 592 2648 proqenie
616 2599 846 2642 descendant,
870 2602 991 2634 utrum
1015 2600 1053 2634 in
1073 2603 1255 2647 potestate
1278 2611 1327 2634 an
1348 2599 1455 2635 etiam
1478 2599 1536 2635 sui
1559 2599 1650 2634 iuris
1664 2598 1746 2634 sint.
1795 2597 1845 2634 Et
1863 2597 1952 2634 haec
1972 2598 2115 2650 quidem
2138 2599 2182 2635 de
2201 2599 2488 2636 descendentium

258 2644 483 2682 successione
505 2645 716 2681 statuimus:
745 2654 969 2691 consequens
991 2648 1110 2680 autem
1132 2654 1209 2680 esse
1238 2644 1343 2680 nobis
1366 2644 1478 2680 visum
1502 2647 1554 2679 est
1576 2643 1685 2680 etiam
1708 2643 1753 2679 de
1776 2643 2049 2680 ascendentibus
2072 2643 2274 2687 decernere,
2306 2645 2487 2691 quomodo

259 2691 309 2728 ad
330 2690 617 2727 descendentium
640 2689 901 2726 successionem
925 2694 1108 2725 vocentur.

391 2735 441 2771 11.
489 2734 533 2771 Si
551 2735 664 2781 iqitur
687 2734 885 2780 defunctus
907 2733 1159 2770 descendentes
1183 2733 1324 2780 quidem
1347 2733 1496 2770 heredes
1519 2743 1590 2770 non
1613 2733 1815 2786 reliquerit,
1845 2737 1954 2780 pater
1979 2736 2098 2769 autem
2126 2733 2183 2769 vel
2204 2736 2319 2768 mater
2347 2734 2404 2769 vel
2424 2734 2489 2770 alii

254 2784 429 2829 parentes
451 2781 486 2816 ei
507 2780 719 2827 superstites
740 2780 825 2821 sint,
849 2778 1011 2815 omnibus
1032 2790 1083 2815 ex
1106 2779 1220 2816 latere
1241 2780 1410 2825 coqnatis
1432 2789 1495 2815 eos
1511 2788 1694 2826 praeponi
1718 2778 1911 2819 sancimus,
1935 2778 2098 2824 eaeceptis
2120 2778 2208 2813 solis
2223 2778 2406 2823 fratribus
2428 2778 2487 2814 de-

258 2828 390 2873 functo
421 2836 472 2862 eoe
501 2829 658 2871 utroque
680 2829 839 2872 parente
870 2824 1085 2867 coniunctis,
1115 2825 1210 2860 sicut
1237 2835 1307 2871 per
1335 2835 1379 2860 ea
1409 2834 1503 2870 quae
1530 2827 1731 2870 sequuntur
1759 2822 2016 2858 declarabitur.
2063 2821 2200 2866 Quodsi
2231 2822 2334 2858 multi
2365 2833 2487 2859 ascen-

260 2871 418 2907 dentium
440 2874 648 2917 supersunt,
677 2880 742 2906 eos
768 2869 943 2915 anteponi
967 2868 1138 2912 iubemus,
1173 2869 1237 2915 qui
1262 2869 1382 2916 qradu
1433 2869 1599 2915 ropiores
1621 2868 1862 2910 inveniantur,
1894 2871 1966 2903 tam
1986 2868 2163 2903 masculos
2212 2877 2294 2902 uam
2339 2868 2487 2911 eminas,

260 2917 334 2954 sive
357 2915 511 2951 materni
532 2915 607 2951 sive
624 2915 772 2961 paterni
794 2915 879 2950 sint.
927 2912 970 2949 Si
993 2917 1111 2950 autem
1135 2913 1285 2951 eundem
1308 2925 1378 2961 θνα
1404 2925 1464 2948 um
1488 2913 1660 2956 obtinent,
1684 2924 1733 2949 ex
1754 2923 1871 2959 aequo
1895 2913 1990 2948 inter
2011 2922 2074 2948 eos
2095 2911 2180 2948 here
2205 2912 2277 2948 itas
2322 2911 2486 2956 ividetur,

260 2966 302 2998 ut
323 2959 508 2996 dimidiam
527 2963 671 3007 partem
695 2969 818 2996 omnes
834 2958 985 3006 paterni
1008 2959 1240 2996 ascendentes
1263 2959 1464 3005 accipiant,
1489 2962 1729 3005 quotcumque
1750 2959 1840 3000 sint,
1865 2957 2042 3004 reliquam
2065 2961 2183 2993 autem
2207 2955 2389 2992 dimidiam
2412 2968 2487 2994 ma-

1465 3074 1480 3106 1
1507 3071 1544 3103 in
1567 3070 1647 3111 iuis]
1672 3069 1726 3102 illi
1751 3069 1785 3102 Τ
1805 3068 1819 3113 11
1842 3071 1862 3104 2
1885 3069 1975 3111 leges
1998 3071 2128 3102 nostras
2151 3068 2234 3101 alias
2258 3069 2313 3112 Τ11
2337 3067 2486 3112 parenti-

1410 3115 1471 3149 bus
1491 3117 1526 3150 V
1540 3116 1552 3159 11
1578 3117 1598 3149 3
1624 3125 1738 3148 earum
1758 3114 1836 3155 VT]
1862 3115 1982 3147 harum
2004 3114 2135 3158 Rvulq.
2158 3113 2171 3158 11
2197 3113 2319 3156 quibus
2343 3113 2440 3147 debet
2458 3112 2491 3147 V

1409 3157 1494 3202 quae
1517 3161 1638 3194 debent
1661 3159 1714 3195 T’
1729 3159 1742 3203 11
1767 3161 1786 3192 5
1811 3161 1857 3192 tffi
1876 3158 1976 3202 RVfl
2002 3160 2022 3192 6
2044 3158 2272 3200 relinquentes
2293 3158 2351 3202 ΤΙ
2372 3160 2392 3192 ’1
2412 3156 2484 3192 illi·

1412 3206 1462 3239 Τι
1481 3205 1495 3247 11
1517 3207 1536 3240 8
1561 3206 1670 3239 locum
1692 3205 1778 3248 vulq.
1797 3203 1810 3248 11
1834 3206 1855 3239 9
1875 3203 2070 3237 inueniatur
2088 3203 2201 3246 RVT,
2217 3216 2300 3237 corr.
2314 3200 2428 3247 vah-1
2444 3201 2485 3234 de

1409 3250 1605 3292 hereditate]
1628 3248 1895 3282 ouo-unone
1919 3248 1969 3282 V¹
1992 3248 2004 3291 11
2029 3250 2070 3283 15
2093 3247 2243 3282 diffentie
2265 3247 2338 3287 ⁴V!
2364 3246 2404 3282 16
2425 3255 2482 3278 seu

1409 3295 1531 3329 femine
1551 3296 1597 3336 V]
1621 3295 1692 3328 siue
1716 3294 1857 3328 feminae
1883 3293 2045 3337 R'l'vulq.
2063 3293 2076 3337 11
2101 3297 2135 3327 et
2157 3306 2216 3327 om.
2229 3292 2324 3334 BT!
2343 3292 2388 3325 1¹1
2411 3290 2484 3323 siue

1409 3341 1606 3374 seminarum
1626 3339 1684 3384 Vll
1701 3341 1742 3374 18
1767 3339 1838 3372 siue
1853 3338 1915 3371 sub
1941 3338 2069 3382 Tvulq.
2087 3337 2101 3383 11
2117 3339 2159 3373 19
2181 3335 2390 3380 depo-nimus
2406 3335 2455 3368 Β*
2471 3334 2483 3379 11

1409 3387 1448 3419 21
1477 3384 1717 3427 quodammodo
1740 3384 1773 3418 T
1781 3384 1790 3404 ¹
1806 3383 1821 3427 11
1846 3385 1888 3418 22
1908 3385 2068 3416 vocentur
2091 3383 2177 3427 only.
2221 3382 2268 3416 2⁶
2285 3381 2399 3413 nutum
2422 3391 2481 3412 om.

290 3075 328 3127 ‘2
351 3071 494 3126 νόμους]
511 3072 599 3126 YC'od‘
616 3072 650 3114 6,
665 3079 709 3124 qt,
723 3079 751 3105 6.
765 3079 782 3106 8
801 3070 820 3137 11
840 3073 860 3106 3
884 3072 1186 3149 προςποῗίζονται
1203 3072 1311 3126 Traegct.
1331 3070 1343 3116 11

263 3119 486 3198 ἷέυέῗηῖῗ’]ι
498 3129 602 3195 ωἴιέἷ
621 3126 754 3195 ’25²⁷‘ssss
768 3117 830 3202 ‹fi-0
844 3116 909 3195 ise-4
927 3128 1019 3203 3Ἔῖ
1036 3117 1221 3203 οέσῗτνὲὦ
1244 3119 1342 3194 3φῖῗῖ

264 3207 362 3242 low·
375 3207 442 3251 Bu
467 3174 774 3250 lgwlaptssdvomes
794 3206 842 3239 Β*
864 3207 877 3245 11
897 3187 991 3239 ,ὅσον
1013 3187 1154 3239 ἑαυτῶν
1177 3202 1197 3239 ό
1219 3173 1343 3252 γοῖεὑς

266 3254 313 3286 Β·
332 3252 346 3298 11
372 3254 413 3288 14
435 3252 472 3285 in
491 3252 612 3294 stirpes
631 3252 703 3285 ML
713 3253 744 3293 ς]
768 3250 862 3284 κατὰ
882 3250 1005 3295 σειρὰν
1022 3264 1050 3284 s.
1063 3264 1093 3285 υ.
1105 3252 1138 3285 L
1161 3249 1254 3285 κατὰ
1270 3262 1341 3285 σει-

263 3297 333 3344 ρὰν
355 3296 396 3337 ἐξ
417 3296 495 3340 ἴσης
511 3297 558 3337 Β,
587 3296 653 3330 τοῦ
670 3298 792 3342 γένους
815 3298 849 3330 in
868 3309 972 3339 mar-9.
995 3308 1106 3330 manus
1123 3297 1341 3330 remanum

264 3344 330 3385 Mn
359 3343 399 3377 16
423 3343 486 3376 τοῦ
511 3343 589 3375 aaa.
608 3341 832 3385 Ηαωαηᾱηιι
857 3343 896 3375 17
924 3338 1088 3387 ἐκγόνους
1104 3341 1183 3384 Bw
1208 3343 1250 3376 ιο
1271 3340 1341 3374 οῖσι

268 3390 299 3420 lt
320 3387 333 3430 11
358 3389 417 3420 καὶ
442 3399 501 3420 om.
524 3387 569 3420 B¹
592 3385 604 3429 11
635 3388 678 3420 20
702 3383 795 3419 κατά
820 3397 935 3419 mmm
966 3387 1132 3430 Soeimqer
1160 3386 1172 3428 11
1198 3387 1259 3419 καὶ
1278 3398 1340 3419 mu.

265 3433 343 3467 B⁸e
369 3432 382 3475 11
413 3434 455 3466 22
479 3428 755 3475 διετυπώσαμεν
814 3429 864 3464 ΒΓ
885 3429 899 3474 11
925 3427 966 3464 33
989 3443 1047 3464 om.
1070 3431 1103 3464 L
1127 3430 1140 3474 11
1168 3431 1212 3464 25
1235 3441 1342 3465 κατα·
1411 3430 1468 3473 Τ11
1484 3433 1544 3463 aut
1567 3430 1639 3471 alii]
1662 3428 1723 3462 alii
1742 3428 1803 3462 alii
1824 3429 1878 3462 Vt*
1901 3427 1915 3472 11
1938 3429 1979 3462 27
2005 3427 2052 3460 eis
2073 3427 2135 3471 Vl
2223 3426 2376 3469 pantes
2400 3424 2447 3457 Β*
2472 3424 2484 3469 11

266 3474 351 3518 λίπη
378 3476 515 3515 Praei-ll
542 3477 586 3510 26
611 3470 735 3509 αὐτῶν
751 3476 783 3509 L
814 3471 926 3508 αὐτοῦ
948 3476 996 3509 B·
1025 3475 1039 3519 11
1065 3476 1108 3509 28
1171 3475 1259 3510 ’νων
1280 3488 1341 3509 on.
1387 3468 1573 3508 'conuictis
1604 3475 1638 3509 V
1665 3472 1839 3508 coniuncti
1869 3472 2060 3507 coniunctis
2081 3471 2131 3506 R·
2202 3467 2376 3503 defunctos
2409 3469 2443 3502 V
2470 3471 2483 3510 ΙΙ

267 3511 374 3554 fidet.
393 3521 406 3563 11
430 3523 474 3555 29
498 3517 665 3566 ἀδελφῶν
690 3521 762 3562 Me]
785 3515 955 3565 ἀδελφῶν
978 3522 1039 3553 καὶ
1060 3517 1127 3554 ἅδε
1149 3516 1343 3565 φοπαίδων
1409 3520 1451 3553 30
1475 3520 1528 3552 sin
1560 3520 1626 3563 Vn
1652 3521 1691 3554 31
1719 3518 1844 3553 uiuunt
1866 3518 1956 3559 RV]
1990 3515 2116 3551 iuuerit
2193 3511 2208 3556 Ι
2235 3512 2308 3553 1100]
2345 3513 2406 3546 1²⁰0
2429 3514 2482 3547 R¹⁸

267 3564 335 3597 Le
357 3567 410 3605 (a
432 3578 504 3599 nov.
523 3566 715 3606 CXXVII,
733 3568 748 3599 1
775 3566 989 3609 interpolata,
1012 3567 1056 3608 cs.
1078 3567 1124 3599 aa
1143 3567 1222 3608 569,
1236 3571 1266 3599 ι.
1281 3565 1342 3608 ιη
2166 3556 2239 3590 niue
2254 3559 2385 3600 paterni
2409 3559 2482 3591 eine

266 3609 310 3640 32
340 3608 464 3642 αἵτινες
497 3611 541 3642 Μ
561 3610 575 3648 11
607 3611 650 3645 33
682 3607 830 3653 θήλειαι
860 3610 911 3643 Β·
938 3610 952 3650 11
985 3609 1057 3643 εἴτε
1086 3608 1176 3655 πρὸς
1207 3607 1343 3654 πατρὸς

267 3651 339 3730 ρειίτῖῐ
361 3664 449 3729 Ἔρος
472 3653 604 3698 μητρὸς
622 3654 721 3688 MR
741 3656 796 3698 (qs.
817 3656 864 3688 ad
886 3657 919 3698 ς)
939 3655 952 3699 Η
976 3656 1020 3688 :35
1043 3655 1092 3688 eis·
1115 3650 1256 3695 αὐτοὺς]
1278 3649 1341 3687 αὖ·

1410 3577 1450 3594 ο·
1474 3564 1521 3598 1⁷²
1539 3565 1552 3606 ΙΙ
1568 3566 1610 3598 32
1626 3564 1698 3598 siue
1713 3563 1856 3596 materni
1873 3572 1932 3596 seu
1946 3560 2080 3604 paterni
2098 3557 2144 3600 V]

1407 3609 1549 3641 materni
1574 3608 1766 3652 ΗΤυιιίς.11
1788 3608 1831 3642 33
1855 3606 1955 3641 habet
1972 3605 2025 3640 R*
2046 3603 2062 3648 Ι
2083 3603 2129 3638 u
2150 3601 2317 3635 hereditas
2340 3615 2398 3636 om.
2420 3603 2455 3637 V
2469 3602 2482 3644 11

1408 3653 1580 3687 diuidatur
1602 3654 1638 3687 R
1651 3654 1737 3697 vulq-
1754 3652 1770 3697 Ι
1785 3654 1828 3688 35
1851 3649 2084 3686 duoondentu
2102 3646 2158 3691 711
2184 3647 2227 3681 36
2251 3646 2397 3689 aliquam
2420 3647 2452 3681 V
2469 3645 2482 3691 1]

1407 3708 1427 3730 a
1450 3701 1554 3731 matre
1577 3711 1635 3732 om.
1652 3699 1684 3731 R
