2586 3990
224 101 332 146 Nov.
358 100 535 145 CXXVI
564 103 603 144 2.
634 103 659 145 3
680 113 747 155 ep.
1290 98 1377 146 632
1842 115 2094 148 mmmm
2121 114 2292 149 amm
2318 116 2452 151 mans

1213 233 1372 270 OAPUT
1394 235 1442 272 11.

353 298 415 335 Ἐν
431 299 564 335 πάσαις
583 297 624 333 δὲ
638 301 716 335 ταῖς
731 298 909 344 ἐκκλήτοις
924 300 1032 335 τοῦτο
1047 303 1192 346 κρατεῖν
1209 299 1407 346 κελεύομεν,
1431 303 1492 337 ἴνα
1508 299 1629 335 ὁσάκις
1648 300 1817 345 ἐκκλήτου
1838 306 2023 349 γινομένης
2046 303 2149 340 ἐντὸς
2166 305 2232 339 τοῦ
2249 300 2449 349 ὡρισμένου
2465 305 2467 307 ’

219 342 350 391 χρόνου
374 344 545 390 ἑκάτερον
567 347 671 389 μέρος
692 345 761 389 τὴν
784 349 911 391 κυρίαν
935 342 1073 401 ἡμέραν
1095 344 1388 392 παραφυλάττει,
1412 343 1671 392 ἀνυπερθέτως
1693 346 1729 381 οἱ
1748 344 1915 382 δικασταὶ
1936 350 2044 385 τοῦτο
2100 351 2131 384 “ν
2149 349 2196 384 τὰ
2213 352 2450 396 πεπραγμένα

219 391 327 425 τοῦτο
344 387 383 423 δὲ
397 389 443 424 τὰ
461 391 650 434 κεκριμένα
674 388 855 432 ἐξετάζειν
879 388 1115 425 σπουδασωσι
1137 393 1198 424 καὶ
1220 390 1312 434 μετὰ
1335 392 1400 426 τοῦ
1416 390 1529 437 νόμου
1553 394 1613 425 καὶ
1635 392 1699 426 τοῦ
1716 389 1854 426 δικαίου
1877 393 2002 440 ψῆφον
2024 363 2176 430 Bagoae.
2225 394 2255 428 εἰ
2279 393 2320 428 δὲ
2340 393 2450 439 μόνος

220 433 240 468 ὁ
266 433 544 479 ἐκκαλεσάμενος
566 433 737 476 εἰςέλθοι,
763 434 949 479 κελεύομεν
973 434 1054 469 τοὺς
1077 433 1245 470 δικαστὰς
1269 432 1464 480 ἀναμένειν
1486 439 1587 482 μέχρι
1610 437 1672 480 τῆς
1696 435 1900 472 τελευταίας
1921 451 1963 472 xv
1987 442 2040 474 ίας
2073 442 2134 475 καὶ
2157 440 2188 474 εἰ
2211 437 2451 483 ἄναζητηθεὶς

220 476 240 512 ὁ
265 480 414 521 νικήσας
435 478 485 523 μὴ
509 477 686 524 εὑρεθείη,
711 479 979 524 ἐξεταζομένων
1001 481 1078 514 τῶν
1098 483 1365 535 πεπραγμένων
1387 482 1543 526 νόμιμον
1567 479 1695 516 δοῦναι
1719 485 1836 525 πέρας.
1859 498 1862 501 ·
1884 482 1915 516 εἰ
1937 451 1985 518 δέ)
1998 466 2108 526 advoc
2130 482 2151 519 ὁ
2175 485 2244 541 την
2266 484 2451 527 νικητικὴν
2495 490 2515 521 5

219 525 345 568 ψῆφον
370 522 495 568 λαβὼν
517 522 687 567 εἰςέλθοι,
716 527 776 558 καὶ
799 525 1031 568 ἐπιζητηθεὶς
1054 522 1073 558 ὁ
1100 523 1355 570 ἐκκαλουμενος
1377 526 1427 571 μὴ
1451 522 1629 572 εὑρεθείη,
1660 523 1856 572 ἀναμένειν
1878 526 1961 562 τοὺς
1983 526 2152 564 δικαστὰς
2173 543 2223 574 μη
2245 528 2359 575 μόνον
2383 527 2451 572 τὴν

218 567 428 603 τελευταίαν
450 572 586 614 κυρίαν,
611 565 702 603 ἀλλὰ
726 572 785 603 καὶ
809 569 876 604 τὸν
899 570 962 613 τῆς
983 569 1224 622 reparationoc
1246 570 1389 616 χρόνον,
1418 574 1583 606 τουτέστι
1606 571 1689 606 τοὺς
1711 574 1803 618 τρεῖς
1824 572 1947 615 μῆνας.
1994 576 2054 607 καὶ
2079 574 2111 608 εἰ
2132 572 2223 618 μηδὲ
2251 574 2451 617 τηνικαῦτα

219 610 239 646 ὁ
265 611 519 657 ἐκκαλούμενος
541 611 719 660 εὑρεθείη,
747 617 874 659 μηκέτι
905 616 951 662 τῇ
974 626 1039 648 του
1063 613 1193 661 χρόνου
1217 627 1317 663 παρα
1342 617 1433 663 ρομῇ
1457 616 1660 662 κυροῦσθαι
1684 616 1752 660 τὴν
1776 617 1911 662 ψῆφον,
1943 613 2035 652 ἀλλὰ
2058 621 2118 652 καὶ
2147 620 2186 653 ἐκ
2213 620 2296 664 μιᾶς
2326 622 2451 663 μοίρας

218 658 301 691 τοὺς
325 655 496 692 δικαστὰς
527 657 710 701 ἐξετάζειν
739 661 848 694 τοῦτο
870 661 937 704 μὲν
965 658 1012 694 τὰ
1044 662 1280 706 πεπραγμένα
1310 661 1418 695 τοῦτο
1451 659 1490 695 δὲ
1519 661 1565 696 τὰ
1589 664 1795 708 κεκριμένα·
1833 664 1894 695 καὶ
1924 663 1956 696 εἰ
1984 664 2052 707 μὲν
2081 659 2205 708 ὀρθῶς
2234 663 2302 707 τὴν
2326 664 2451 709 ψῆφον

219 700 415 754 δεδομένην
445 699 594 749 εὕροιεν,
624 701 764 748 ταύτην
794 706 979 750 βεβαιοῦν,
1011 704 1042 737 εἰ
1067 702 1109 738 δέ
1136 717 1173 738 τι
1196 706 1413 750 παρῶπται,
1444 706 1552 741 τοῦτο
1584 703 1850 751 διορθοῦσθαι,
1882 710 1942 741 καὶ
1965 708 2121 752 νόμιμον
2147 705 2291 743 διδόναι
2314 709 2448 754 ψῆφον.
2476 714 2516 746 10

218 745 319 788 ἅπαξ
342 745 382 781 δὲ
404 748 467 791 τῆς
491 750 660 794 ἐφεσίμου
685 747 782 792 δίκης
805 751 845 784 ἐν
867 753 945 784 ταῖς
968 749 1158 794 ἐμπροθέσ
1207 761 1237 784 ις
1259 748 1404 798 ἡμέραις
1427 751 1499 786 εἴτε
1522 748 1610 797 παρ’
1630 751 1795 796 ἑκατέρου
1816 754 1942 797 μέρους
1964 752 2034 786 εἴτε
2058 752 2158 797 παρὰ
2190 754 2253 788 τοῦ
2278 753 2357 787 ἑνὸς
2387 753 2450 787 είς-

218 793 391 835 αχθείσης
419 796 546 837 μηκέτι
575 795 620 842 τῇ
645 795 710 828 τοῦ
734 793 870 829 διετοῦς
893 795 1021 840 χρόνου
1046 807 1144 839 παρα
1170 796 1261 842 ρομῇ
1293 797 1358 830 τοῦ
1381 794 1509 832 λοιποῦ
1533 796 1779 841 βεβαιοῦσθαι
1808 796 1877 840 τὴν
1908 798 2044 842 ψῆφον,
2080 793 2170 831 ἀλλὰ
2193 798 2255 841 τῆς
2279 794 2451 841 ἀληθείας

217 841 277 871 καὶ
301 839 365 872 τοῦ
389 835 528 872 δικαίου
559 843 805 883 σκοπουμένου
829 843 939 884 πέρας
968 842 1045 874 ταῖς
1068 839 1251 874 τοιαύταις
1279 837 1477 876 ὑποθέσεσι
1501 839 1674 876 δίδοσθαι
1697 838 1865 886 νόμιμον,
1897 842 1967 876 εἴτε
1991 843 2056 876 τοῦ
2080 842 2160 877 ἑνὸς
2190 843 2261 877 εἰῗτε
2284 843 2451 888 ἑκατέρου

217 885 343 928 μέρους
373 882 561 931 παρόντος.
609 887 670 918 καὶ
701 882 762 919 διὰ
786 886 895 920 τοῦτο
926 883 1115 929 κελεύομεν
1144 885 1184 919 ἐν
1206 887 1285 920 ταῖς
1313 886 1495 921 τοιαύταις
1519 883 1742 922 ὑποθέσεσιν
1765 889 1890 930 μηκέτι
1917 887 2032 928 (καθὰ
2054 890 2155 933 μέχρι
2182 888 2247 922 τοῦ
2271 887 2453 941 παρόντος

217 927 371 974 ἐκράτει)
394 928 442 963 εἰς
464 928 534 972 τὴν
556 928 708 975 πρώτην
731 929 903 974 ἔκκλητον
927 928 1046 965 πάσας
1070 928 1135 964 τοὶς
1158 927 1370 978 διαγνώσεις
1394 928 1662 979 ἀναφέρεσθαι,
1699 927 1789 965 ἀλλὰ
1811 935 1901 977 μίαν
1925 931 2080 976 ἑκάστην
2102 932 2171 976 τὴν
2194 929 2293 968 ἰδίαν
2315 934 2453 977 ἡμέραν
2478 937 2517 969 15

216 974 312 1015 ἔχειν
335 977 664 1020 προγεγραμμένην.

1213 1088 1370 1124 CAPUT
1393 1089 1459 1126 ΙΙΙ.

352 1154 450 1201 Πρὸς
479 1153 622 1189 τούτοις
651 1154 887 1199 θεσπίζομεν,
921 1153 1009 1190 diste
1040 1154 1180 1190 πάντας
1209 1155 1291 1190 τοὺς
1323 1154 1493 1189 δικαστὰς
1524 1155 1594 1199 τὴν
1623 1157 1690 1200 μὲν
1721 1155 1890 1198 ἔκκλητον
1919 1160 1997 1191 ταῖς
2028 1154 2279 1203 διωρισμέναις
2309 1154 2453 1202 ἡμέραις

217 1203 486 1247 προςαγομένην
509 1202 568 1234 καὶ
591 1202 665 1234 τοῖς
685 1196 809 1243 νόμοις
832 1197 896 1234 οὐκ
920 1198 1214 1248 ἅπηγορευμένην
1237 1203 1349 1235 παντὶ
1374 1200 1500 1245 τρόπῳ
1526 1199 1716 1246 δέχεσθαι,
1741 1202 1843 1236 ἐντὸς
1866 1199 1906 1235 δὲ
1928 1200 1959 1235 λ’
1980 1200 2125 1246 ἡμερῶν
2147 1201 2238 1246 μετὰ
2263 1201 2307 1236 τὸ
2332 1200 2453 1236 ἐπιδο-

218 1247 336 1289 θῆναι
366 1245 436 1290 τὴν
459 1243 631 1288 ἔκκλητον
654 1243 700 1279 τὰ
722 1248 959 1292 πεπραγμένα
992 1246 1083 1290 μετὰ
1106 1247 1169 1290 τῆς
1192 1244 1283 1280 ἰδίας
1307 1243 1517 1292 ὑπογραφῆς
1540 1249 1709 1291 παρέχειν
1730 1249 1803 1281 τοῖς
1826 1244 2086 1291 δικαζομένοις,
2118 1247 2179 1281 ἵνα
2203 1248 2330 1281 ἐκεῖνοι
2363 1244 2453 1292 ὑπὲρ

218 1293 281 1335 τῆς
296 1288 388 1325 ἰδίας
410 1290 587 1336 βοηθείας
610 1290 663 1333 τῷ
680 1286 841 1335 ἆρμοδίῳ
866 1289 1014 1337 ἄρχοντι
1029 1292 1147 1326 ταῦτα
1167 1289 1387 1334 δυνήσονται
1411 1292 1632 1336 ἐμφανίζειν.
1679 1291 1711 1325 εἰ
1735 1289 1777 1325 δέ
1796 1302 1849 1325 τις
1873 1292 1950 1326 τῶν
1966 1289 2151 1326 δικαστῶν
2169 1293 2278 1326 τοῦτο
2302 1293 2453 1335 ποιῆσαι
2476 1296 2517 1329 20

219 1334 431 1381 ὑπέρθοιτο,
462 1333 485 1380 ἡ
508 1337 577 1380 μὲν
599 1336 720 1381 ψῆφος
743 1336 788 1382 τῇ
812 1336 876 1370 τοῦ
901 1335 1030 1382 χρόνον
1055 1334 1269 1384 παραδρομῇ
1292 1334 1611 1392 βεβαιωθήσεται,
1643 1333 1752 1371 αὐτὸς
1776 1333 1816 1369 δὲ
1838 1333 1859 1370 ὁ
1885 1333 2054 1380 δικαστὴς
2079 1334 2099 1370 ὁ
2124 1338 2241 1371 ταῦτα
2263 1337 2313 1381 μὴ
2337 1349 2452 1382 παρα-

219 1381 376 1428 φυλάξας
406 1383 468 1415 καὶ
490 1380 526 1415 οἱ
548 1380 668 1424 τούτῳ
692 1377 951 1426 ὑπηρετοῦντες
975 1382 1100 1417 πᾶσαν
1125 1383 1268 1426 ζημίαν,
1288 1393 1335 1424 ην
1347 1379 1429 1427 <ἂν>
1441 1379 1618 1427 ὖπομείνη
1631 1379 1651 1415 ὁ
1666 1378 1898 1424 δικαζόμενος
1911 1377 1970 1414 διὰ
1982 1380 2025 1415 τὸ
2038 1379 2087 1425 μὴ
2101 1379 2262 1424 δοθῆναι
2287 1378 2386 1425 αὐτῷ
2406 1381 2453 1416 τὰ

218 1428 472 1473 πεπραγμένα,
497 1427 535 1460 ἐκ
557 1427 637 1460 τῶν
660 1423 766 1460 ἰδίων
790 1422 926 1460 οὐσιῶν
949 1424 1149 1462 ἀποδοῦναι
1174 1423 1273 1469 αὐτῷ
1299 1418 1667 1472 ἀναγκασθήσονται,
1698 1429 1758 1461 καὶ
1781 1426 1852 1461 ἀνὰ
1884 1426 1969 1460 δέκα
1991 1431 2133 1473 χρυσίου
2158 1427 2293 1471 λιτρῶν
2323 1426 2454 1470 ποινὴν

217 1470 465 1517 καταβαλοῦσι
488 1473 561 1505 τοῖς
583 1468 765 1516 ἡμετέροις
789 1471 1153 1517 εἰςκομισθησομένην
1176 1471 1374 1551 πριῖὶάτοις.

351 1514 631 1563 <Ἐπίλογος.>
675 1513 723 1550 Ἡ
741 1514 884 1556 ἔνδοξος
906 1521 1029 1551 τοίνυν
1060 1520 1120 1551 καὶ
1144 1530 1234 1560 μεγα
1278 1516 1365 1560 φυὴς
1388 1513 1567 1551 αὖθεντιά
1589 1528 1652 1551 σου
1682 1516 1750 1552 τὸν
1773 1516 1941 1563 παρόντα
1970 1516 2086 1561 νόμον
2117 1519 2177 1550 καὶ
2207 1517 2247 1551 ἐν
2270 1515 2386 1559 ταύτη
2408 1516 2452 1563 τῇ
2477 1521 2519 1554 25

218 1560 382 1608 βασιλίδι
405 1560 510 1597 πόλει
534 1562 731 1607 προθεῖναι
754 1560 959 1605 σπευσάτω,
985 1562 1045 1597 ἵνα
1069 1562 1201 1596 πάντες
1222 1561 1448 1609 γινώσκωσι,
1471 1565 1511 1596 τί
1533 1559 1716 1608 ὀφείλουσι
1740 1560 2045 1608 παραφυλάττειν.
2117 1562 2229 1608 Dat.<
2231 1588 2352 1596 ......
2365 1552 2452 1606 imp.

219 1607 280 1643 dn.
303 1607 494 1643 Iustiniani
517 1617 578 1651 pp.
603 1608 696 1651 Aug.
722 1616 816 1642 anno
837 1606 917 1642 XX.
943 1618 1001 1653 pc.
1026 1607 1150 1643 Basilii
1174 1617 1227 1643 vc.
1252 1617 1347 1643 anno
1366 1606 1435 1652 V.)
2314 1610 2358 1650 [a.
2375 1609 2454 1648 546]

288 1710 314 1731 c.
334 1698 379 1731 ΙΙ
395 1693 456 1730 Ἐν
470 1694 660 1731 πάσαις-
673 1699 715 1731 10
731 1698 857 1742 ψῆφον
881 1711 920 1732 esc
943 1699 980 1732 Β
1005 1700 1100 1733 habet
1123 1699 1173 1732 Β*
1195 1700 1231 1731 Ε
1251 1700 1284 1740 9,
1298 1705 1333 1732 24
1353 1711 1388 1742 p.
1403 1699 1468 1732 295
1493 1698 1608 1741 Zach.‚
1636 1700 1673 1732 11
1690 1695 1808 1738 ’Ἀπαξ
1824 1717 1866 1722 -
1885 1699 1927 1732 16
1943 1697 2262 1743 προγεγραμμένην
2286 1697 2335 1731 Β·
2355 1698 2398 1732 ib.
2417 1703 2453 1731 2⁶

214 1755 253 1787 p.
267 1743 333 1777 296
348 1743 451 1776 Zaclz.
477 1750 508 1776 et
530 1742 659 1786 Ecloya
678 1742 784 1776 I—X
803 1743 889 1776 Bas.

287 1801 314 1821 c.
332 1788 398 1821 III
415 1789 618 1821 summarium
643 1795 730 1821 extat
751 1784 844 1821 Ῥοπ.
867 1790 920 1830 11,
938 1795 955 1822 6
980 1789 1050 1829 (ubi
1071 1790 1189 1822 citatur
1211 1786 1322 1832 νεαροὶ
1346 1784 1446 1832 ρλγ’).

354 1875 403 1912 11.
450 1874 498 1912 In
513 1876 677 1912 omnibus
692 1880 811 1911 autem
834 1875 1140 1922 appellationibus
1164 1877 1230 1912 noc
1253 1876 1373 1912 valere
1395 1875 1567 1919 iubemus,
1592 1879 1633 1910 ut
1655 1875 1948 1922 quotiescumque
1971 1875 2216 1922 appellatione
2238 1875 2455 1923 interposita

219 1922 320 1959 intra
342 1923 516 1957 statutum
539 1924 679 1966 tempus
701 1924 857 1966 utraque
869 1931 969 1973 pars
989 1921 1144 1967 fatalem
1168 1921 1259 1957 diem
1285 1920 1468 1962 observat,
1499 1920 1577 1955 sine
1600 1919 1775 1956 dilatione
1797 1920 1934 1956 iudices
1959 1924 2032 1956 tam
2054 1924 2137 1957 acta
2161 1931 2270 1967 quam
2293 1921 2453 1957 iudicata

221 1966 436 2004 examinare
464 1965 634 2002 studeant
663 1969 773 2012 atque
802 1965 873 2011 leqi
905 1970 939 2000 et
970 1966 1043 2001 iuri
1073 1977 1272 2011 conqruam
1301 1965 1515 2001 sententiam
1541 1965 1679 2011 ferant.
1726 1963 1865 2008 Quodsi
1893 1965 1994 2001 solus
2024 1966 2088 2012 qui
2117 1965 2318 2013 appellavit
2339 1966 2453 2001 intra-

219 2012 323 2054 verit,
347 2011 508 2047 iubemus
530 2010 667 2046 iudices
697 2021 811 2056 usque
838 2009 888 2045 ad
910 2010 1073 2046 ultimum
1094 2011 1247 2056 fatalem
1271 2011 1364 2046 diem
1387 2021 1437 2047 ex
1463 2014 1594 2052 ectare,
1624 2013 1659 2044 et
1681 2009 1713 2044 si
1736 2011 1767 2044 is
1791 2011 1857 2056 qui
1877 2010 1963 2046 vicit
1983 2011 2178 2057 requisitus
2201 2021 2272 2046 non
2295 2011 2453 2047 invenia-

222 2060 294 2099 tur,
316 2055 537 2092 examinatis
558 2056 650 2090 actis
673 2065 805 2090 causae
828 2055 1024 2101 leqitimum
1044 2055 1154 2100 finem
1177 2055 1372 2102 impertire.
1449 2055 1487 2089 in
1510 2059 1629 2090 autem
1651 2054 1752 2090 solus
1782 2055 1845 2100 qui
1867 2055 2046 2091 victricem
2075 2057 2286 2091 sententiam
2314 2056 2454 2102 accepit

220 2101 423 2143 intraverit,
454 2105 490 2136 et
512 2100 545 2136 is
567 2100 631 2146 qui
654 2099 854 2146 appellavit
876 2100 1072 2145 requisitus
1094 2111 1169 2136 non
1191 2100 1407 2142 inveniatur,
1439 2099 1575 2135 iudices
1598 2109 1670 2134 non
1692 2099 1809 2135 solum
1832 2099 1996 2135 ultimum
2023 2100 2178 2145 fatalem
2207 2100 2300 2136 diem
2323 2111 2453 2147 expec-

223 2151 312 2189 tare,
335 2145 400 2181 sed
421 2146 527 2181 etiam
552 2151 691 2191 tempus
713 2144 971 2190 reparationis,
995 2144 1035 2180 id
1057 2149 1111 2180 est
1135 2149 1207 2181 tres
1230 2155 1378 2181 menses.
1427 2144 1477 2180 Et
1497 2144 1530 2179 si
1553 2154 1598 2179 ne
1622 2147 1695 2179 tum
1716 2143 1857 2190 quidem
1880 2145 1912 2180 is
1933 2145 1997 2190 qui
2020 2145 2216 2197 appellavit
2237 2145 2452 2186 inveniatur,

221 2202 295 2227 non
318 2190 474 2237 amplius
498 2190 671 2236 temporis
693 2190 847 2226 decursu
870 2190 1084 2226 sententiam
1108 2190 1329 2235 confirmari,
1353 2189 1418 2225 sed
1433 2189 1540 2225 etiam
1562 2199 1635 2224 una
1657 2193 1767 2235 parte
1781 2195 1978 2235 praesente
1999 2190 2135 2226 iudices
2155 2195 2227 2226 tam
2243 2194 2326 2225 acta
2347 2200 2454 2235 quam

221 2236 384 2272 iudicata
411 2235 639 2282 perscrutari
645 2247 661 2277 ;
703 2245 747 2270 ac
776 2234 810 2270 si
838 2234 981 2281 quidem
1011 2235 1225 2271 sententiam
1253 2239 1350 2270 recte
1381 2235 1493 2271 latam
1525 2245 1602 2270 com
1631 2234 1782 2277 crerint,
1813 2245 1892 2270 eam
1916 2235 2142 2280 confirmare,
2172 2235 2231 2270 sin
2258 2245 2342 2270 vero
2367 2234 2456 2281 quid

221 2281 419 2327 neqlectum
441 2281 506 2323 sit,
538 2280 579 2315 id
601 2281 784 2326 corriqere
806 2285 843 2315 et
865 2279 1060 2326 leqitimam
1090 2280 1302 2316 sententiam
1324 2280 1439 2325 ferre.
1485 2278 1588 2316 Seme
1626 2282 1744 2315 autem
1775 2289 1887 2315 causa
1911 2279 2169 2326 appellationis
2198 2279 2296 2315 intra
2317 2279 2454 2325 fatales

221 2327 299 2362 dies
320 2326 394 2362 sive
417 2324 462 2360 ab
486 2328 642 2370 utraque
666 2328 780 2371 parte
806 2324 881 2361 sive
912 2324 956 2360 ab
982 2324 1160 2360 alterutra
1191 2324 1399 2361 introducta
1430 2335 1503 2360 non
1533 2323 1691 2370 amplius
1721 2323 1856 2359 biennii
1885 2324 2059 2371 temporis
2083 2324 2238 2360 decursu
2266 2324 2306 2359 in
2334 2330 2453 2371 poste·

221 2381 301 2407 rum
324 2370 502 2406 sententia
524 2369 768 2415 confirmetur,
799 2368 865 2405 sed
887 2370 1038 2406 veritate
1066 2374 1102 2406 et
1132 2369 1272 2405 iustitia
1304 2369 1534 2405 considerata
1561 2370 1649 2414 finis
1680 2369 1855 2404 eiusmodi
1877 2369 1998 2405 causis
2029 2369 2210 2416 leqitimus
2231 2369 2454 2415 imponatur,

220 2416 295 2452 sive
313 2427 388 2451 una
413 2415 490 2451 sive
519 2418 672 2461 utraque
693 2417 807 2461 parte
827 2418 1035 2461 praesente.
1084 2413 1133 2449 Et
1161 2420 1361 2467 propterea
1390 2414 1551 2450 iubemus
1580 2414 1619 2449 in
1642 2413 1819 2450 eiusmodi
1840 2414 1959 2450 causis
1989 2425 2065 2450 non
2088 2414 2245 2461 amplius
2275 2413 2455 2460 (quemad-

221 2461 365 2513 modum
387 2470 502 2512 usque
525 2459 576 2495 ad
595 2470 772 2511 praesens
795 2463 934 2506 tempus
955 2459 1109 2503 valebat)
1133 2459 1172 2494 in
1182 2470 1342 2506 primam
1366 2459 1648 2506 appellationem
1666 2469 1789 2495 omnes
1804 2459 2030 2505 coqnitiones
2043 2459 2190 2505 referri,
2214 2458 2280 2494 sed
2292 2458 2456 2505 sinqulas

215 2516 421 2586 pyomelImI.
435 2504 976 2602 dtesspizapfgfgffrgptssipmssgbex.
996 2559 1118 2601 omnes
1153 2548 1298 2601 iudices.
1319 2543 1599 2601 appellationem
1614 2549 1733 2601 ‘intra
1759 2551 1917 2584 statutos
1952 2548 2029 2584 dies
2059 2548 2310 2595 interpositam
2341 2558 2456 2594 neque

223 2596 361 2643 leqibus
377 2593 605 2642 prohibitam
629 2594 792 2630 omnibus
806 2593 924 2630 modis
945 2595 1136 2641 recipiant,
1160 2598 1199 2630 at
1226 2605 1268 2630 ue
1284 2599 1383 2629 intra
1408 2598 1560 2640 tnqznta
1583 2593 1660 2630 dies
1676 2596 1765 2640 post
1780 2593 1938 2629 oblatam
1962 2593 2244 2645 appellationem
2268 2596 2352 2629 acta
2375 2603 2455 2629 cum

221 2641 484 2687 subscriptione
511 2650 580 2675 sua
611 2639 836 2686 litiqantibus
852 2639 1075 2686 praebeant,
1108 2642 1148 2674 ut
1169 2639 1198 2673 il
1211 2639 1225 2674 i
1248 2639 1298 2674 ad
1319 2639 1499 2675 auxilium
1521 2649 1626 2674 suum
1649 2638 1864 2685 competenti
1894 2639 2126 2684 maqistratui
2157 2637 2247 2674 haec
2270 2638 2456 2674 insinuare

216 2687 374 2738 possint.
421 2684 559 2728 Quodsi
582 2684 664 2730 quis
687 2695 737 2720 ex
760 2684 938 2720 iudicibus
967 2684 1007 2720 id
1025 2685 1153 2730 facere
1175 2683 1375 2727 distulerit,
1407 2685 1583 2720 sententia
1608 2683 1751 2730 quidem
1781 2682 1936 2719 decursu
1968 2683 2141 2729 temporis
2172 2682 2456 2727 confirmabitur,

222 2741 301 2778 ipse
330 2741 414 2767 vero
443 2729 558 2766 iudex
584 2729 649 2775 qui
679 2728 767 2765 haec
794 2739 870 2765 non
900 2729 1142 2766 observaverit
1171 2733 1208 2765 et
1235 2729 1301 2775 qui
1328 2729 1362 2764 ei
1385 2729 1621 2764 ministerium
1651 2727 1823 2764 exhibent
1853 2738 1958 2763 omne
1987 2727 2156 2763 damnum
2211 2727 2285 2763 uod
2307 2727 2457 2773 litiqans

215 2779 374 2823 propter
397 2779 481 2811 acta
504 2774 539 2810 ei
560 2785 635 2810 non
658 2773 754 2810 edita
775 2774 927 2810 subierit
949 2785 998 2810 ex
1018 2774 1183 2821 propriis
1204 2773 1416 2810 substantiis
1437 2773 1590 2810 reddere
1604 2773 1638 2809 ei
1652 2772 1924 2819 compellentur,
1948 2775 1983 2807 et
2003 2782 2160 2818 poenam
2207 2782 2356 2807 enarum
2372 2772 2456 2807 auri

223 2822 398 2858 librarum
421 2820 563 2856 solvent
583 2819 719 2855 nostris
735 2819 896 2871 privatis
918 2818 1025 2855 rebus
1047 2818 1286 2865 inferendam.

358 2864 597 2911 Epiloqus.
647 2863 814 2900 Gloriosa
836 2865 951 2911 iqitur
972 2867 1007 2899 et
1030 2864 1225 2910 maqnifica
1247 2865 1447 2900 auctoritas
1478 2867 1541 2900 tua
1591 2866 1789 2899 raesentem
1813 2861 1925 2908 leqem
1955 2861 1994 2897 in
2018 2861 2087 2898 hac
2109 2871 2252 2908 quoque
2277 2861 2382 2908 reqia
2405 2862 2455 2897 ci—

221 2911 334 2948 vitate
354 2920 565 2956 proponere
585 2909 740 2952 studeat,
762 2913 805 2945 ut
827 2919 949 2945 omnes
969 2909 1193 2955 intelleqant,
1217 2908 1307 2955 quid
1327 2909 1520 2945 observare
1569 2908 1705 2944 ebeant.

269 3003 286 3036 1
313 2997 495 3047 ἐγκλήτοις
510 3000 552 3042 (et
565 3001 613 3033 sic
629 3001 720 3043 infra
736 3001 929 3042 constanter)
948 3000 991 3033 M
1005 2999 1018 3043 ΙΙ
1032 3001 1224 3046 γενομένης
1239 3000 1271 3033 L
1294 2997 1307 3044 ΙΙ
1375 3001 1417 3042 cst
1442 2999 1593 3033 Guiacius
1614 2998 1708 3032 Obss.
1724 2997 1778 3038 18,
1793 2997 1841 3037 36)
1859 2996 1871 3039 ΙΙ
1897 2998 1937 3030 16
1955 2997 2290 3042 προςγεγραμμένην
2304 2997 2423 3030 ΤΙιεοᾰ.
2444 2995 2458 3040 ΙΙ

224 3047 244 3081 2
269 3042 541 3091 παραφυλάττει
565 3045 730 3087 Scrimqer
751 3045 815 3087 (B⁸
825 3045 1046 3087 Leunclaviij]
1071 3042 1306 3090 παραφυλάτ-
1377 3045 1417 3078 19
1442 3039 1534 3088 ὑπὲρ
1557 3043 1619 3086 τῆς
1636 3039 1729 3075 ἰδίας
1752 3041 1927 3084 βοηθείας
1946 3042 2074 3074 ἐκεῖνοι
2094 3042 2125 3075 L
2143 3042 2156 3085 ΙΙ
2180 3043 2222 3075 20
2245 3041 2362 3075 ταῦτα
2386 3041 2456 3074 LB

223 3103 301 3124 τειν
315 3091 356 3124 Μ
374 3087 639 3135 παραφυλάττη
655 3088 740 3123 LBs
762 3087 1038 3135 παραφυλάττοι
1055 3090 1120 3123 B⁶⁸
1139 3090 1306 3132 (observa-
1373 3089 1451 3130 Iul]
1475 3086 1612 3131 ταύτην
1632 3088 1680 3121 Μ
1695 3086 1708 3131 ΙΙ
1735 3083 1965 3129 δυνήσωνται
1989 3098 2057 3119 cum
2079 3086 2263 3130 Scrimqero
2278 3087 2366 3130 vulq.
2381 3085 2394 3130 ss
2412 3086 2454 3121 21

224 3136 309 3168 verit
325 3136 401 3177 Iul.)
418 3135 430 3179 ΙΙ
455 3137 475 3168 3
500 3124 743 3176 σπουδαζουσι
755 3135 807 3169 B⁶
821 3135 834 3179 ΙΙ
853 3137 874 3169 4
895 3132 1043 3181 εἰσέλθῃ
1059 3134 1110 3168 B⁸
1125 3134 1137 3180 l}
1156 3137 1176 3169 6
1201 3131 1221 3168 ὁ
1246 3147 1305 3170 om.
1375 3130 1583 3178 ὑπέρθηται
1600 3133 1631 3166 L
1649 3131 1662 3176 ss
1677 3130 1993 3183 βεβαιωθήσεται1
2008 3141 2076 3164 non
2093 3130 2342 3164 confirmabitur
2357 3131 2420 3164 Iul.
2443 3129 2456 3175 ΙΙ

224 3181 267 3214 Μ
281 3181 293 3223 11
311 3177 589 3223 ἐκκαλεσάμενος
613 3182 670 3221 (id.
685 3182 718 3221 8)
734 3179 785 3214 B!
798 3179 811 3223 ΙΙ
836 3182 854 3213 ’7
871 3180 934 3222 τῆς
950 3179 1160 3223 eparationos
1177 3180 1226 3213 M
1245 3179 1307 3235 τῆς
1375 3180 1417 3212 22
1441 3179 1578 3219 πᾶσαν]
1610 3178 1670 3210 καὶ
1693 3176 1819 3210 πᾶσαν
1844 3177 1895 3209 B⁶
1917 3176 1930 3219 ΙΙ
1955 3174 2146 3218 *υπομείνη
2165 3175 2209 3208 Μ
2227 3171 2387 3219 ὑπομένη
2405 3175 2456 3209 13⁶

224 3225 459 3267 beparationos
483 3226 512 3258 L
542 3225 606 3258 τοῦ
631 3224 940 3269 προευτρεπισμοῦ
958 3225 990 3258 L
1001 3237 1081 3267 ε.υ.,
1097 3224 1150 3257 ΒΓ
1169 3224 1234 3258 τοῦ
1251 3236 1307 3257 ευ-
1375 3220 1548 3268 ὑπομένοι
1561 3221 1647 3256 LBr
1660 3221 1672 3262 ΙΙ
1690 3222 1732 3256 23
1745 3234 1767 3263 χ
1789 3221 1876 3255 υσοῦ
1887 3221 1918 3254 L
1931 3220 1942 3264 ΙΙ
1955 3218 2088 3264 λιτρῶν
2100 3221 2202 3262 MBc]
2218 3218 2339 3266 λίτρας
2350 3210 2435 3254 LB!
2442 3219 2455 3263 ΙΙ

224 3270 424 3313 τρεπισμοῦ
437 3269 484 3303 M
488 3282 514 3302 ε.
523 3283 566 3310 υ.,
583 3270 632 3303 Β’
645 3269 658 3314 ΙΙ
673 3267 775 3313 μηδὲ]
798 3268 848 3313 μὴ
867 3270 918 3303 Β*
930 3282 959 3303 υ.
974 3271 993 3303 ί.
1014 3269 1026 3313 ΙΙ
1043 3271 1062 3304 8
1079 3271 1206 3312 μηκέτι
1221 3267 1306 3310 uni]
1376 3270 1417 3302 24
1435 3263 1702 3311 καταβαλλοῦσι
1720 3267 1751 3300 L
1768 3233 1788 3306 ῗΙ
1814 3265 2012 3309 πριβάτοις]
2034 3262 2157 3298 ἰδικοῐς
2173 3266 2209 3298 Β
2226 3266 2239 3309 fl
2257 3266 2298 3299 25
2315 3261 2453 3303 ἐνδοξο-

226 3317 267 3357 cs.
292 3327 362 3348 nov.
375 3314 511 3348 XLIX
520 3317 573 3349 c.1
596 3315 670 3358 ΙῙτῆ
695 3327 754 3348 om.
776 3316 827 3348 L⁰
850 3314 863 3358 ΙΙ
891 3316 929 3348 11
955 3314 1218 3359 ἐνπροθέσμοις
1241 3314 1273 3347 L
1373 3311 1463 3356 τάτη
1488 3313 1519 3346 L
1541 3312 1554 3356 ΙΙ
1579 3313 1621 3346 26
1643 3309 1860 3358 γινώσκουσι
1876 3309 1937 3354 Lu
1962 3310 2029 3343 dat.
2044 3310 2102 3352 M,
2125 3307 2263 3356 ἐγράφη
2281 3310 2356 3344 Aue.
2381 3311 2395 3342 i
2415 3321 2454 3342 sa

229 3360 270 3392 12
292 3359 337 3404 τῇ
361 3372 419 3392 om.
434 3359 478 3392 M
496 3359 508 3403 ΙΙ
533 3359 598 3393 τοῦ
622 3350 759 3393 δίετοῦς
779 3356 923 3405 χρόνου]
955 3359 1017 3401 τῆς
1047 3355 1180 3393 διετίας
1199 3359 1271 3393 Εοὶ.
1373 3359 1609 3401 subscriptione
1633 3359 1767 3398 omissa,
1796 3357 1884 3389 deest
1907 3356 2002 3389 etiam
2025 3356 2117 3398 apud
2138 3356 2201 3388 lul.
2237 3320 2452 3400 dffequnmsfi'r]

229 3404 270 3436 14
293 3403 464 3456 καθάπερ
489 3405 559 3437 Ecl.
588 3405 600 3448 ΙΙ
633 3406 674 3439 15
698 3404 746 3438 εἰς
767 3403 838 3447 τὴν
869 3401 1020 3449 πρώτην
1051 3401 1235 3446 ἔκκλητον]
1269 3403 1308 3436 in
1373 3402 1427 3444 τῷ
1451 3400 1482 3435 κ’
1504 3402 1576 3436 ἔτει
1598 3401 1662 3444 τῆς
1684 3398 1867 3445 βασιλείας
1880 3395 2136 3433 Ἰουστινιανοῦ
2159 3398 2252 3444 μετὰ
2274 3396 2452 3434 ὑπατείαν

225 3448 334 3491 primo
357 3449 501 3482 introxtn
519 3449 584 3483 Iul.
614 3449 656 3484 ἐν
677 3449 723 3496 τῇ
747 3447 875 3496 πρώτῃ
898 3445 1043 3492 συνόδῳ
1064 3449 1140 3483 Aila.
1158 3450 1307 3492 (ceterum
1374 3445 1565 3481 Βασιλείαν
1582 3447 1718 3489 Theoti„
1741 3446 1826 3480 unde
1841 3447 2104 3490 subscriptionem
2119 3445 2250 3487 refinxit
2265 3443 2452 3477 Zachariae
