2586 3990
203 120 245 164 N
245 133 312 164 ov.
343 120 526 165 GXXHI
558 123 578 163 1

1270 117 1356 166 594

2041 136 2114 167 DE·
2131 135 2432 171 SANCTISSIMIS

1210 230 1366 268 CAPUT
1390 231 1419 266 Ι.

271 287 496 329 Θεσπίζομεν
519 287 655 327 τοίνυν,
690 283 814 320 ὁσάκις
837 281 883 321 ἂν
906 289 1006 331 χρεία
1037 288 1185 328 γένηται
1209 288 1286 322 ἐπί·

200 342 339 366 σκοπον
361 330 683 374 χειροτονηθῆναι,
703 330 786 365 τοὺς
806 329 990 374 κληρικοὺς
1013 334 1073 364 καὶ
1088 331 1171 365 τοὺς
1186 330 1285 377 πρώ-

199 386 280 409 τους
312 376 375 417 τῆς
404 373 561 416 πόλεως,
596 367 637 418 ἧς
658 374 778 419 μέλλει
810 372 829 409 ὁ
857 378 1048 410 ἐπίσκοπος
1075 379 1285 421 χειροτονεῖ-

199 419 308 460 σθαι,
335 421 407 472 ἐπὶ*
417 422 514 473 τρισὶ
538 416 740 475 προςαξποις
760 424 977 466 ψηφίσματα
1002 424 1120 455 ποιεῖν
1145 434 1285 465 προκει-

1422 287 1610 323 Sancimus
1633 287 1750 340 igitur,
1786 289 1948 333 quotiens
1972 301 2062 336 opus
2086 292 2194 328 fuerit
2224 292 2433 338 episcopum

1355 333 1530 375 ordinare,
1558 332 1706 368 clemens
1731 336 1767 368 et
1789 333 1958 378 primates
1982 337 2146 382 civitatis,
2171 338 2272 373 cuius
2288 337 2432 374 futurus

1355 383 1409 413 est
1438 378 1628 423 episcopus
1660 377 1832 422 ordinari,
1863 389 1945 415 mox
1973 380 2011 416 in
2040 382 2155 418 tribus
2186 383 2347 429 personis
2371 383 2432 418 de·

1355 425 1454 458 creta
1484 423 1603 458 facere
1633 423 1825 474 propositis
1852 428 2089 463 sacrosanctis
2115 428 2305 472 evangeliis
2336 428 2431 473 peri-

197 467 321 509 μένων
355 477 433 498 των
465 468 583 511 αγίων
618 463 838 520 ευμγγελζων
874 463 1032 508 κινδύνῳ
1069 466 1147 500 τῶν
1178 464 1285 500 ἰδίων
1320 469 1339 501 5
1355 468 1435 502 culo
1455 478 1599 503 suarum
1620 477 1817 503 ammarum
1833 468 1989 505 dicentes
2010 471 2047 506 in
2061 472 2148 517 ipsis
2165 473 2328 517 decretis,
2349 474 2433 519 quia

249 510 325 552 χῶν
349 512 421 551 [καὶ
445 511 599 544 ἕκαστον
623 523 748 544 αυτων
771 510 929 553 ομνύναι
953 510 1048 544 κατὰ
1071 511 1149 545 τῶν
1165 511 1284 546 θείων

238 558 340 600 γίων,
365 557 425 588 καὶ
449 555 641 602 ἐγγράφειν
665 556 705 589 ἐν
729 552 859 598 αὐτοῖς]
892 553 1060 601 λέγοντας
1091 557 1132 590 ἐν
1163 553 1284 591 αὐτοῖς

195 602 270 634 τοῖς
301 603 542 646 ψηφίσμασιν,
575 596 633 634 ὅτι
664 599 747 634 οὔτε
770 598 831 634 διά
860 614 944 635 τινα
978 599 1084 635 δόσιν
1114 600 1198 636 οὔτε
1222 599 1283 635 διὰ

196 641 396 688 ὑπόσχεσιν
427 642 451 689 ἢ
475 643 600 691 φιλίαν
629 641 653 688 ἢ
686 642 738 679 δι’
765 644 879 690 ἄλλην
902 644 1121 689 οἱανδήποτε
1150 647 1281 690 αἰτίαν,

1353 523 1469 557 neque
1504 515 1653 557 propter
1687 514 1841 558 aliquam
1878 514 2102 552 donationem
2137 529 2250 563 neque
2285 524 2432 564 propter

1352 559 1621 602 promissionem
1645 562 1709 593 aut
1724 558 1915 594 amicitiam
1939 565 2002 595 aut
2016 566 2161 607 propter
2184 564 2290 599 aliam
2308 574 2430 609 quam-

1351 604 1438 638 libet
1461 613 1623 647 causam,
1660 604 1723 639 sed
1747 605 1900 639 scientes
1933 614 1994 640 eos
2018 612 2136 643 rectae
2166 611 2202 644 et
2234 609 2431 645 catholicae

1350 648 1434 683 fidei
1464 651 1501 684 et
1531 649 1703 685 honestae
1734 649 1828 684 vitae
1859 659 1936 685 esse
1965 650 2040 695 <et>
2068 652 2204 688 litteras
2235 664 2341 690 nosse
2364 655 2430 690 hos

195 686 276 724 ἀλλ’
295 687 430 725 εἰδότες
453 687 582 725 αὐτοὺς
605 691 668 734 τῆς
692 687 808 737 ὀρθῆς
830 694 891 725 καὶ
907 691 1104 735 καθολικῆς
1126 696 1283 728 πίστεως
1298 695 1338 728 10
1351 694 1543 738 elegerunt,
1573 698 1610 730 et
1633 695 1717 739 quia
1740 705 1853 739 neque
1878 705 2024 730 uxorem
2052 706 2165 742 neque
2187 698 2279 735 filios
2303 699 2430 744 aliquis

194 738 255 769 καὶ
279 736 410 780 σεμνοῦ
443 735 535 770 εἶναι
547 739 641 815 ιςΒίου
673 739 745 779 [καὶ
768 736 859 782 ὑπὲρ
882 736 925 771 τὸ
950 736 1169 782 τριακοστὸν
1193 739 1282 780 ἔτος]

195 783 255 814 καὶ
285 777 482 827 γράμματα
513 781 545 815 εἰ
562 782 648 815 “ε’ναι
682 780 830 816 τούτους
865 781 1090 823 ἐπελέξαντο,
1129 786 1189 816 καὶ
1224 779 1282 817 ὅτι

195 824 278 860 οὔτε
307 826 468 873 γαμετὴν
498 825 583 861 οὔτε
614 825 748 862 παῖδάς
777 838 831 861 τις
862 827 902 868 ἐξ
931 824 1056 862 αὐτῶν
1080 829 1167 871 ἔχει,
1199 825 1283 862 οὐδὲ

194 870 384 915 παλλακὴν
399 868 422 915 ἢ
439 870 571 906 παῖδας
594 872 762 929 φυσικοὺς
784 872 1026 927 γινώσκουσιν
1051 869 1164 907 αὐτὸν
1182 875 1281 916 ἐσχη-

1351 749 1472 775 eorum
1495 739 1614 782 habet,
1646 749 1762 784 neque
1787 740 2023 775 concubinam
2048 745 2111 777 aut
2132 742 2225 779 filios
2248 745 2430 779 naturales

1353 788 1575 829 cognoscunt
1597 795 1677 820 eum
1698 786 1867 821 habuisse
1891 788 1956 820 aut
1978 786 2119 829 habere,
2144 788 2207 823 sed
2226 792 2264 824 et
2282 789 2313 824 si
2330 790 2430 834 prius

1350 840 1498 865 uxorem
1534 830 1663 874 aliquis
1696 840 1741 866 ex
1772 831 1822 866 eis
1857 831 2001 875 habuit,
2038 836 2074 866 et
2106 832 2222 877 ipsam
2257 844 2365 869 unam
2396 838 2431 869 et

1378 880 1503 916 rimam
1527 884 1563 915 et
1581 890 1697 924 neque
1721 880 1862 915 viduam
1886 890 2000 925 neque
2023 891 2098 916 viro
2115 881 2342 916 coniunctam
2365 891 2431 917 nec

193 919 294 950 nevar
318 914 342 960 ἢ
366 918 469 959 ἒὲεειν,
502 914 584 951 ἀλλ’
599 931 642 972 ,ει
672 921 731 951 καὶ
763 931 943 963 προτερον
973 918 1135 973 νξῑμετῆν
1166 919 1282 974 uss}
1297 922 1334 955 15
1366 926 1487 970 egibus
1511 929 1575 961 aut
1598 925 1710 960 sacris
1735 925 1931 960 canonibus
1954 926 2196 969 interdictam;
2229 926 2293 961 sed
2316 936 2431 971 neque

194 959 321 997 αὐτῶν
351 964 447 1005 ἔσχε,
483 965 543 996 καὶ
567 962 683 1006 αυτὴν
713 966 804 1008 μίαν
835 966 895 997 καὶ
924 975 1076 1009 πρωτην
1107 966 1167 998 καὶ
1199 962 1283 998 ουδὲ

193 1006 308 1050 χ’ραν
339 1004 423 1041 οὐδὲ
455 1004 586 1052 ἀνδρὸς
617 1004 910 1063 ἇποζευχθεῖσαν
945 1005 1030 1043 οὐδὲ
1057 1012 1132 1043 τοῖς
1159 1009 1282 1054 νόμοις

194 1050 278 1087 ουδὲ
306 1055 379 1086 τοῖς
411 1051 515 1098 ἱεροῖς
550 1051 703 1088 κανόσιν
735 1057 1049 1100 απηγορευμένην·
1087 1051 1172 1088 ἀλλ’
1199 1053 1283 1089 οὐδὲ

192 1096 390 1141 βουλευτὴν
406 1095 429 1141 ἢ
444 1097 633 1153 ταξεαὲτην
655 1100 788 1133 τοῦτον
805 1099 899 1133 εἶναι
919 1097 1178 1154 γινώσκουσιν,
1195 1098 1218 1143 ἢ
1234 1100 1280 1134 εἴ·

193 1155 276 1198 περ·
292 1142 503 1190 βουλευτικῇ
539 1157 561 1187 η
593 1144 794 1192 ταξεωτι-κῇ
826 1142 992 1180 ὑπέκειτο
1023 1144 1123 1192 τύχῃ,
1158 1146 1281 1179 ἰσασιν
1295 1148 1336 1181 20

193 1201 307 1222 αυτον
329 1190 370 1222 έν
391 1192 626 1234 μοναστηρίῳ
651 1186 713 1232 οὐχ
737 1190 846 1232 ἧττον
878 1188 1074 1225 δεκαπέντε
1101 1192 1281 1226 ἐνιαυτῶν

192 1236 214 1269 1
259 1234 460 1278 μοναχικὸν
489 1237 573 1278 βίον
604 1234 849 1270 ἐκτελέσαντα.
928 1238 989 1270 καὶ
1005 1237 1121 1279 ,τοῦτο
1146 1233 1186 1270 δὲ
1207 1239 1281 1271 τοῖς

191 1283 401 1324 ψηφίσμασι
425 1277 481 1313 δεῖ
503 1280 735 1323 ἐντίθεσθαι,
758 1277 886 1326 ὅτιπερ
910 1280 975 1323 οὐχ
998 1281 1111 1324 ἡττον
1133 1279 1156 1325 ἢ
1180 1283 1278 1327 τριά-

191 1337 304 1358 κοντα
327 1328 438 1360 πέντε
459 1325 523 1381 τῆς
546 1319 684 1368 ἧλικίας
706 1325 890 1380 ἐνιαυτοὺς
920 1328 1014 1369 ἔχειν
1045 1326 1089 1362 τὸ
1115 1326 1280 1374 ἐπιλεγὲν

1352 972 1522 1007 curialem
1554 973 1618 1006 aut
1640 969 1829 1005 officialem
1860 971 1956 1006 hunc
1989 981 2067 1006 esse
2095 974 2332 1016 cognoscunt,
2359 975 2431 1009 ‚aut

1351 1018 1383 1052 si
1407 1016 1531 1052 curiali
1562 1015 1616 1051 vel
1641 1015 1787 1050 officiali
1809 1016 1972 1051 subiacet
1993 1016 2174 1059 fortunae,
2200 1016 2319 1052 sciunt
2350 1027 2430 1052 eum

1350 1062 1388 1097 in
1411 1061 1627 1097 monasterio
1659 1071 1730 1096 non
1754 1061 1868 1095 minus
1893 1061 2091 1105 quindecim
2123 1062 2224 1096 annis
2248 1061 2429 1098 monachi-

1352 1117 1429 1142 cam
1454 1106 1758 1142 conversationem
1783 1106 1957 1151 implesse.

1349 1243 1370 1277 1
1427 1241 1505 1276 Hoc
1541 1252 1681 1287 quoque
1717 1241 1868 1277 decretis
1903 1244 2045 1285 oportet
2079 1242 2202 1285 inseri,
2240 1242 2324 1287 quia
2358 1253 2430 1277 non

1349 1286 1464 1322 minus
1495 1297 1599 1331 quam
1631 1287 1774 1332 triginta
1806 1286 1960 1331 quinque
1992 1287 2120 1323 aetatis
2152 1297 2265 1323 annos
2298 1287 2430 1323 habere

1350 1332 1380 1367 si
1404 1342 1475 1377 qua
1498 1332 1639 1377 eligitur
1669 1332 1714 1367 ab
1747 1332 1798 1367 eis
1830 1334 2051 1375 cognoscunt
2081 1342 2287 1376 personam:
2322 1337 2363 1368 ut
2385 1343 2430 1368 ex

191 1366 282 1415 παρ’
302 1368 428 1405 αὐτῶν
444 1382 640 1425 {mosam—mv
654 1383 913 1417 γινωσκουσιν·
941 1372 1001 1405 ἵνα
1017 1373 1056 1406 ἐκ
1072 1373 1150 1406 τῶν
1166 1385 1279 1417 τριων
1293 1374 1334 1407 25
1349 1377 1458 1412 trium
1493 1387 1727 1422 personarum
1769 1387 1834 1422 pro
1871 1377 1997 1420 quibus
2034 1378 2121 1412 talia
2156 1379 2298 1414 decreta
2331 1377 2430 1413 facta

190 1415 408 1460 προςαὶπων,
440 1418 532 1462 υπὲρ
556 1416 611 1451 ὠν
634 1416 681 1450 τὰ
702 1417 856 1451 τοιαῦτα
880 1421 1098 1463 ψηφίσματα
1119 1421 1278 1464 γέγονεν,

191 1457 210 1494 ὁ
234 1459 392 1504 βελτίων
420 1461 661 1508 χειροτονηθῇ
685 1460 729 1508 τῇ
755 1461 902 1509 ἐπιλογῇ
941 1465 1002 1496 καὶ
1031 1464 1084 1506 τῷ
1116 1461 1277 1506 κινδύνῳ

190 1508 255 1540 τοῦ
287 1508 586 1552 χειροτονοῦντος.
632 1507 700 1542 τὸν
725 1505 765 1541 δὲ
786 1507 984 1551 βουλευτὴν
1007 1505 1031 1552 ἢ
1053 1508 1122 1542 τὸν
1144 1508 1278 1549 ταξεώ-

189 1564 258 1595 την
272 1552 342 1586 τὸν
356 1549 417 1594 (ὠς
434 1552 583 1598 εἴρηται)
608 1554 668 1588 ἐπὶ
689 1551 886 1588 δεκαπέντε
905 1553 1091 1588 ἐνιαυτοὺς
1111 1555 1151 1587 ἐν
1166 1567 1277 1597 μονα-

1350 1425 1435 1458 sunt
1469 1423 1594 1458 melior
1630 1423 1814 1458 ordinetur
1857 1422 2031 1457 electione
2072 1426 2108 1458 et
2168 1423 2302 1459 ericulo
2334 1423 2429 1458 ordi·

1349 1468 1480 1503 nantis.
1527 1468 1701 1503 Curialem
1719 1478 1801 1503 vero
1818 1467 1872 1502 vel
1889 1467 2079 1503 officialem
2096 1479 2167 1514 qul,
2184 1469 2278 1504 sicut
2296 1469 2428 1504 dictum

1349 1517 1414 1555 est,
1447 1513 1646 1558 quindecim
1677 1513 1780 1548 annis
1810 1513 1846 1547 in
1870 1514 2084 1548 monasterio
2117 1518 2348 1549 conversatus
2375 1517 2429 1550 est

1350 1561 1385 1593 et
1407 1559 1453 1593 ad
1476 1559 1721 1604 episcopatum
1745 1561 1970 1603 provocatus,
2003 1559 2153 1594 liberum
2178 1569 2256 1595 esse
2282 1559 2429 1604 propria

191 1601 326 1642 στηρίῳ
362 1595 587 1645 διαγαγόντα
622 1601 681 1633 καὶ
719 1599 767 1632 εἰς
801 1599 1005 1653 ἐπισκοπῂν
1041 1600 1278 1644 προαχθέντα
1292 1602 1334 1634 30
1349 1603 1509 1648 fortuna,
1549 1605 1600 1639 ita
1634 1606 1754 1639 tamen
1789 1606 1830 1638 ut
1864 1603 2038 1639 liberatus
2074 1614 2096 1639 a
2131 1605 2232 1639 curia
2266 1610 2428 1648 quartam

190 1641 386 1688 ἐλεύθερον
420 1643 513 1678 εἶναι
548 1645 611 1687 τῆς
645 1641 738 1678 ἰδίας
762 1643 888 1688 τύχης,
923 1657 1021 1679 ουτω
1056 1647 1182 1689 μέντοι
1218 1645 1278 1679 ἵνα

190 1686 454 1733 ἐλευθερωθεὶς
476 1689 538 1731 τῆς
561 1687 691 1733 βουλῆς
712 1688 755 1723 τὸ
776 1692 954 1744 τέταρτον
975 1692 1079 1734 μέρος
1101 1691 1165 1733 τῆς
1187 1688 1279 1745 tatas

1349 1652 1487 1694 partem
1523 1660 1609 1685 suae
1633 1649 1857 1686 substantiae
1890 1649 1957 1684 sibi
1980 1649 2150 1692 retineat,
2183 1649 2328 1695 reliquis
2353 1650 2428 1685 eius

1348 1695 1456 1731 rebus
1502 1694 1698 1731 secundum
1743 1697 1901 1730 nostram
1943 1694 2054 1738 legem
2097 1694 2218 1730 curiae
2263 1697 2299 1730 et
2340 1694 2427 1731 fisco

190 1737 396 1778 περιουσίας
410 1734 527 1777 ἑαυτῷ
548 1733 821 1782 παρακατάσχῃ,
839 1748 918 1769 των
933 1734 1148 1770 υπολοίπων
1166 1735 1277 1769 αυτοῦ

190 1777 421 1826 πραγμάτων
444 1778 536 1814 κατὰ
567 1780 635 1814 τὸν
657 1778 832 1825 ἡμέτερον
862 1777 980 1825 νόμον
1004 1783 1048 1827 τῇ
1071 1779 1183 1827 βουλῇ
1216 1782 1276 1814 καὶ

257 1849 331 1880 cap.
345 1837 367 1871 1
388 1844 419 1871 et
440 1837 485 1871 II
491 1850 546 1881 pr.
572 1838 605 1870 in
629 1837 661 1870 L
681 1839 877 1880 omittuntur,
910 1850 1017 1871 eorum
1043 1839 1111 1871 loco
1135 1840 1257 1872 inserta
1280 1845 1353 1871 sunt
1377 1850 1447 1871 nov.
1467 1838 1612 1872 CXXX
1620 1837 1691 1871 VII
1699 1850 1751 1880 pr.
1778 1845 1809 1871 ct
1831 1852 1858 1871 c.
1886 1839 1970 1872 1—3
1995 1839 2154 1881 (similiter
2176 1839 2208 1872 in
2224 1838 2261 1872 B
2286 1850 2312 1871 c.
2327 1838 2370 1871 Il
2382 1842 2425 1877 §1

190 1883 309 1926 excipit
331 1883 477 1916 novellae
504 1882 732 1916 CXXXVII
751 1884 864 1925 capita
887 1884 919 1918 2.
944 1884 989 1925 3).

324 1928 406 1971 3sq.
430 1929 634 1962 summarium
658 1928 734 1962 Ath.
759 1936 907 1973 repetunt
925 1929 1091 1973 paratitlo
1113 1928 1190 1962 Ath.
1217 1929 1259 1962 20
1279 1932 1333 1967 §L
1359 1947 1403 1952 —
1428 1928 1643 1961 Summarium
1668 1941 1697 1961 υ.
1724 1929 1854 1962 18—-22
1881 1936 1967 1962 extat
1989 1924 2083 1962 ‘Pom
2104 1930 2215 1970 34‚2,
2246 1941 2277 1960 v.
2293 1929 2424 1962 23-25

415 1969 508 2007 Ῥοπ.
522 1974 621 2015 41,1;
657 1974 734 2008 Ath.
757 1987 908 2007 summam
932 1986 963 2007 υ.
980 1975 1122 2009 18-22.
1149 1975 1330 2015 28-595,
1344 1981 1357 2007 1
1382 1981 1528 2016 repetunt
1549 1975 1713 2016 paratitla
1737 1975 1811 2006 Ath.
1833 1975 1852 2007 8
1873 1978 1927 2012 Μ.
1956 1975 1996 2007 18
2017 1979 2072 2013 §1.

324 2039 352 2075 1.
400 2039 592 2074 Sancimus
615 2040 741 2085 iqitur,
772 2044 813 2075 ut
837 2040 976 2086 quoties
999 2040 1208 2086 episcopum
1240 2040 1358 2074 creari
1383 2049 1476 2084 opus
1499 2039 1563 2080 sit,
1596 2039 1720 2074 clerici
1752 2043 1786 2073 et
1808 2039 1993 2085 primores
2021 2040 2196 2080 civitatis,
2228 2041 2330 2074 cuius
2353 2041 2427 2086 epi—

189 2094 324 2131 scopus
347 2083 526 2120 creandus
550 2087 620 2126 est,
652 2083 696 2119 de
721 2084 836 2120 tribus
859 2085 1034 2131 personis
1065 2083 1210 2120 decreta
1239 2084 1387 2129 saciant
1414 2083 1616 2129 propositis
1648 2084 1785 2118 sanctis
1808 2083 2006 2129 evanqeliis
2030 2084 2197 2130 periculo
2225 2084 2427 2120 animarum

189 2140 338 2165 suarum
370 2133 418 2172 [et
448 2129 696 2175 unusquisque
727 2140 852 2165 eorum
880 2140 950 2176 per
979 2133 1109 2164 sancta
1139 2129 1327 2175 evanqelia
1358 2128 1473 2172 iuret,
1508 2132 1617 2174 atque
1647 2129 1685 2163 in
1717 2129 1763 2163 iis
1794 2128 1953 2172 scribatJ,
1989 2128 2147 2165 dicentes
2178 2130 2216 2164 in
2249 2129 2340 2175 ipsis
2368 2130 2428 2166 de-

190 2176 299 2210 cretis
328 2186 367 2211 se
397 2185 514 2221 neque
541 2177 698 2228 propter
730 2173 960 2220 larqitionem
990 2174 1103 2210 ullam
1134 2185 1250 2221 neque
1274 2177 1434 2221 propter
1461 2174 1739 2220 promissionem
1769 2178 1833 2209 aut
1861 2173 2056 2210 amicitiam
2087 2179 2151 2210 aut
2177 2174 2288 2210 aliam
2315 2175 2427 2210 ullam

191 2231 336 2255 causam
368 2231 431 2256 eos
454 2220 615 2267 eleqzsse‚
646 2219 711 2255 sed
740 2231 820 2256 cum
850 2220 968 2255 sciant
997 2230 1060 2255 eos
1081 2223 1202 2255 rectae
1233 2222 1268 2255 et
1291 2218 1492 2254 catholicae
1517 2218 1606 2265 fidei
1637 2223 1746 2265 atque
1778 2218 1951 2255 honestae
1979 2219 2073 2255 vitae
2096 2230 2173 2255 esse
2204 2223 2252 2262 [et
2277 2221 2428 2267 triqinta

191 2266 296 2300 annis
319 2266 488 2308 maiores]
521 2269 557 2301 et
588 2265 730 2300 litteras
752 2275 870 2308 nosse,
902 2270 939 2301 et
960 2275 1076 2311 neque
1096 2275 1251 2301 uxorem
1281 2275 1397 2310 neque
1420 2263 1553 2300 liberos
1573 2275 1787 2311 quemquam
1811 2276 1860 2300 ex
1882 2265 1929 2300 iis
1952 2264 2094 2307 nabere,
2126 2276 2241 2311 neque
2265 2266 2427 2302 concubi-

190 2322 273 2346 nam
303 2315 368 2346 aut
390 2310 523 2346 liberos
547 2310 734 2346 naturales
762 2321 801 2346 se
822 2310 916 2346 scire
939 2321 1003 2346 eos
1025 2309 1192 2346 habuisse
1222 2310 1279 2345 vel
1301 2309 1444 2351 nabere,
1474 2309 1539 2345 sed
1560 2313 1597 2345 et
1618 2310 1651 2345 si
1674 2310 1757 2356 quis
1786 2321 1911 2346 eorum
1935 2310 2047 2357 prius
2074 2321 2229 2346 uxorem
2252 2309 2427 2353 habuerit,

190 2358 206 2392 i
230 2367 308 2391 sam
331 2367 474 2402 quoque
498 2366 608 2391 unam
630 2359 665 2391 et
677 2356 839 2402 primam
863 2365 929 2391 nec
952 2355 1096 2391 viduam
1120 2366 1236 2402 neque
1259 2366 1282 2390 a
1305 2356 1384 2391 viro
1407 2359 1617 2407 separatam
1640 2365 1706 2390 nec
1729 2355 1867 2401 leqibus
1893 2359 1957 2391 aut
1982 2356 2100 2391 sacris
2123 2356 2320 2392 canonibus
2339 2367 2427 2403 pro-

190 2368 362 2443 hpibitam;
397 2412 462 2437 nec
485 2401 602 2447 maqis
625 2401 798 2437 curialem
822 2406 885 2437 aut
909 2401 1106 2447 officialem
1130 2412 1207 2436 esse
1230 2411 1309 2436 eum
1332 2411 1370 2436 se
1392 2411 1497 2442 scire,
1527 2404 1591 2436 aut
1613 2400 1789 2446 siquidem
1812 2400 1944 2436 curiali
1967 2401 2024 2437 vel
2045 2400 2202 2447 officiali
2223 2401 2429 2438 condicioni

192 2447 374 2483 obnoxius
394 2447 524 2493 suerit,
554 2446 648 2482 scire
670 2457 709 2481 se
732 2457 811 2481 eum
836 2447 873 2481 in
897 2447 1117 2482 monasterio
1142 2457 1215 2482 non
1235 2447 1354 2481 minus
1377 2445 1579 2492 quindecim
1603 2446 1709 2481 annis
1733 2446 1842 2482 vitam
1864 2446 2099 2482 monasticam
2118 2447 2315 2493 pereqtlsse.

190 2495 213 2530 1
260 2491 343 2528 Hoc
365 2502 510 2538 quoque
541 2491 693 2527 decretis
725 2491 838 2527 inseri
868 2496 1030 2539 oportet,
1062 2492 1156 2527 scire
1177 2502 1241 2527 eos
1263 2501 1338 2526 non
1362 2492 1480 2526 minus
1511 2502 1620 2537 quam
1645 2491 1796 2538 triqinta
1819 2491 1980 2537 quinque
2002 2492 2133 2528 aetatis
2156 2502 2274 2527 annos
2297 2491 2428 2528 habere

186 2547 384 2585 personam
413 2548 437 2572 a
467 2547 507 2572 se
534 2537 702 2572 electam:
737 2540 779 2572 ut
806 2547 856 2573 ex
888 2537 1003 2573 tribus
1024 2538 1215 2584 personis,
1249 2547 1321 2583 pro
1347 2537 1477 2582 quibus
1508 2535 1684 2572 eiusmodi
1715 2536 1860 2572 decreta
1881 2537 1988 2582 facta
2011 2540 2106 2580 sunt,
2139 2537 2265 2573 melior
2288 2542 2428 2573 creetur

191 2583 366 2619 electione
396 2586 430 2618 et
458 2582 623 2629 periculo
656 2582 824 2618 creantis.
875 2581 1032 2618 Curialis
1062 2592 1146 2622 vero
1178 2581 1234 2618 vel
1265 2581 1440 2628 officialis
1471 2582 1535 2628 qui
1569 2581 1689 2624 (sicuti
1716 2581 1849 2616 dictum
1880 2585 1944 2625 est)
1972 2593 2048 2634 per
2078 2581 2280 2628 quindecim
2311 2594 2429 2618 annos

192 2629 229 2664 in
253 2627 473 2664 monasterio
498 2627 599 2674 deqit
629 2631 665 2663 et
696 2628 745 2663 ad
767 2638 786 2663 e
813 2627 1016 2674 iscopatum
1039 2631 1239 2674 provectus
1262 2631 1331 2670 est,
1364 2638 1387 2663 a
1417 2626 1626 2663 condicione
1654 2637 1723 2662 sua
1752 2626 1843 2663 tiber
1863 2627 1931 2670 sit,
1965 2631 2019 2663 ita
2043 2630 2161 2663 tamen
2192 2631 2233 2664 ut
2256 2627 2429 2664 liberatus

192 2685 216 2709 a
240 2674 343 2709 curia
366 2676 534 2720 quartam
557 2676 706 2719 partem
737 2683 780 2708 su
804 2674 960 2708 stantiae
990 2684 1079 2709 suae
1103 2672 1172 2708 sibi
1200 2673 1372 2714 retineat,
1405 2683 1485 2707 cum
1508 2672 1673 2719 reliquae
1702 2671 1780 2708 eius
1809 2682 1870 2708 res
1899 2672 2095 2708 secundum
2127 2673 2240 2719 leqem
2263 2677 2427 2709 nostram

239 2744 261 2776 4
278 2742 338 2775 ἐπὶ
355 2743 462 2785 τρισὶ]
479 2751 556 2773 mox
571 2741 608 2773 in
624 2741 732 2774 tribus
749 2739 791 2785 ςΗ
803 2743 1050 2785 προκειμένων
1066 2741 1144 2774 τῶν
1161 2737 1277 2786 ἁγίων

194 2783 413 2833 εὐαγγελίων
426 2786 455 2820 S
462 2787 553 2823 ςΙιιῖ.
563 2787 652 2827 Atta]
671 2799 730 2819 om.
741 2787 787 2819 M
798 2785 811 2829 ΙΙ
827 2788 901 2830 6sq.
917 2788 977 2819 καὶ
990 2787 1145 2820 ἕκαστον
1157 2805 1200 2811 -—
1214 2782 1276 2829 αὗ-

193 2835 266 2867 τοῖς
282 2835 315 2866 in
328 2833 376 2865 M
385 2832 581 2875 interpolata
598 2842 636 2865 ex
652 2844 721 2865 nov.
737 2831 878 2866 CXXX
886 2832 959 2865 VII
969 2845 996 2867 c,
1007 2834 1027 2866 2
1052 2845 1111 2865 om.
1122 2830 1249 2868 Ss‘Iul.
1265 2829 1277 2875 ΙΙ

195 2880 272 2921 7sq.
297 2875 465 2923 λέγοντας
487 2895 532 2901 —-
555 2879 788 2922 ψηφίσμασιν
812 2889 872 2912 om.
887 2877 916 2910 S
942 2877 954 2921 ΙΙ
983 2878 1003 2912 8
1027 2871 1088 2910 ὅτι
1110 2874 1205 2917 οὔτε]
1230 2871 1278 2910 ὥς

194 2918 236 2956 οὗ
251 2923 280 2957 S
293 2922 306 2967 ΙΙ
325 2920 408 2956 οὔτε
421 2919 494 2963 διὰ]
511 2917 534 2964 ἢ
550 2923 578 2955 S
591 2924 647 2965 (cs.
663 2924 710 2955 ad
720 2924 751 2964 ς)
771 2922 783 2967 ΙΙ
802 2924 840 2956 11
856 2923 916 2955 καὶ
930 2942 969 2946 -
984 2923 1060 2955 ἔτος
1079 2924 1112 2956 in
1125 2923 1170 2956 M
1183 2925 1279 2956 inter-

190 2969 309 3013 polata
324 2981 362 3001 ex
378 2980 449 3001 nov.
469 2968 685 3001 CXXXVII
696 2980 721 3000 c.
732 2969 752 3001 2
769 2980 827 3001 om.
838 2968 965 3003 Sclul.
979 2969 1034 3011 (cfi
1049 2969 1139 3011 infra
1155 2980 1184 3001 v.
1196 2969 1251 3010 23)
1267 2965 1280 3012 ΙΙ

198 3014 238 3048 13
263 3010 537 3054 *οὔτε-οὗτε]
561 3008 796 3046 οὐδὲ-οὐδὲ
819 3013 895 3046 MS
919 3012 932 3052 ΙΙ
957 3014 997 3047 15
1022 3010 1204 3057 πρότερόν
1226 3022 1280 3046 τις

196 3058 234 3099 ἐξ
258 3056 382 3092 αὐτῶν
404 3056 563 3104 γαμετὴν
587 3058 667 3099 ἔσχε
683 3058 712 3091 S
728 3058 741 3102 ΙΙ
764 3060 804 3092 17
825 3053 957 3102 ἀνδρὸς
977 3053 1279 3100 ἆποζευχθεῖσαν]

195 3105 268 3138 viro
289 3104 500 3137 coniunctam
521 3115 542 3140 ς
558 3102 571 3147 ΙΙ
589 3104 629 3137 27
643 3102 914 3148 χειροτονηθείη
929 3104 958 3137 S
974 3103 986 3147 ΙΙ
1001 3100 1161 3146 κινδύνῳ
1175 3103 1254 3137 MS
1261 3114 1281 3139 ς

196 3151 272 3191 lut]
297 3151 443 3194 κρίματι
466 3149 513 3182 M
519 3162 546 3182 s.
559 3161 590 3182 υ.
611 3150 663 3188 (ez
683 3162 753 3182 nov.
768 3149 908 3183 CXXX
915 3149 987 3182 VII
993 3161 1019 3182 c.
1034 3150 1077 3191 2),
1102 3150 1187 3193 vulq.
1206 3148 1219 3192 ΙΙ
1236 3149 1279 3182 32

195 3197 299 3240 μέρος
324 3208 380 3228 om.
395 3195 425 3228 S
447 3194 460 3238 ΙΙ
485 3195 527 3228 34
547 3192 675 3238 νόμον]
691 3196 762 3237 suit
778 3195 855 3228 cod.
873 3196 924 3236 10,
938 3201 984 3235 35,
997 3202 1030 3233 43
1051 3196 1094 3238 cfi
1112 3194 1190 3228 Cod.
1208 3196 1237 3235 1,
1251 3201 1279 3235 3,

199 3248 234 3274 52
249 3246 299 3282 §1,
318 3240 404 3275 Νου.
415 3239 468 3273 VI
481 3242 495 3273 1
514 3244 554 3279 §1
563 3264 574 3282 ,
591 3241 704 3273 ΧΧΧ
711 3239 801 3273 VIII
804 3252 858 3283 pr.
875 3244 928 3279 §2
961 3240 1032 3273 Sed
1045 3252 1084 3273 ea
1100 3241 1278 3273 constitutio

199 3294 347 3328 quartam
371 3286 570 3319 substantiae
594 3287 705 3318 curiae
727 3285 779 3318 vel
791 3286 880 3327 fisco
905 3285 1021 3329 offerri
1039 3286 1119 3318 vult.
1162 3285 1280 3328 Itaque

196 3343 257 3374 pro
280 3331 457 3374 τέταρτον
480 3343 508 3363 υ.
522 3331 565 3364 32
582 3330 770 3363 Zachariae
793 3325 901 3373 ἥμισυ
924 3331 1100 3375 τέταρτον
1121 3331 1278 3375 porrexit:

200 3388 261 3418 quo
286 3388 348 3409 non
373 3377 517 3409 dodrans
540 3375 587 3420 (ff)
618 3376 833 3419 siqnisicatur‚
865 3376 924 3408 sed
946 3382 1010 3409 tres
1033 3383 1147 3419 partes
1176 3382 1206 3409 et
1229 3375 1278 3408 di-

200 3421 299 3453 midia
309 3422 394 3463 (3³93
414 3433 605 3464 quamquam
621 3417 855 3466 ἐνναούγκιον
871 3421 1016 3464 intelleyi
1028 3421 1168 3455 voluisse
1184 3421 1278 3454 etiam

200 3465 401 3499 Athanasius
431 3467 558 3499 videtur
586 3463 630 3498 τὸ
654 3462 939 3510 ἡμισυτέταρτον
967 3467 1072 3509 μέρος
1102 3465 1165 3507 τῆς
1188 3462 1280 3498 ἰδίας

201 3504 430 3543 ὑποστάσεως
443 3512 612 3554 παρέχων
623 3510 669 3557 τῇ
680 3509 802 3556 βουλῇ.
832 3510 990 3549 Quartam
1003 3512 1033 3544 Ιι.
1045 3513 1064 3545 t.
1081 3513 1146 3555 ipsi
1160 3511 1282 3545 curiali

202 3554 253 3586 vel
270 3556 410 3596 officiali
431 3556 580 3599 relinqui,
601 3569 709 3589 novem
733 3557 849 3590 unciae
870 3557 981 3590 curiae
1004 3557 1056 3590 vel
1061 3558 1150 3598 fisco
1174 3556 1278 3589 vindi-

204 3599 275 3631 cari
295 3602 493 3633 consentiunt
514 3613 583 3634 cum
604 3601 652 3633 M
652 3601 707 3637 Sc
731 3602 955 3645 epitomatores
977 3601 1041 3635 Iul.
1060 3602 1137 3635 Ath.
1157 3601 1278 3635 Theod.

203 3641 248 3674 Id
262 3643 363 3684 ipsum
379 3645 412 3676 in
430 3646 648 3678 constitutione
664 3647 834 3689 deperdita
849 3647 1008 3680 sancitum
1015 3649 1125 3690 fuz‘sse
1140 3647 1195 3680 viz·
1211 3657 1278 3679 cre-

204 3687 295 3719 dam:
310 3689 438 3721 videtur
445 3691 554 3731 potius
569 3691 673 3732 ipsius
689 3691 829 3724 auctoris
846 3703 955 3724 errore
969 3699 1174 3735 praeceptum
1191 3692 1279 3725 itlius

204 3732 436 3766 constitutionis
457 3734 613 3775 confundi
634 3746 702 3767 cam
725 3736 768 3768 iis
790 3747 874 3778 qaae
898 3737 937 3769 de
961 3748 1069 3770 novem
1092 3737 1197 3770 unciis
1217 3737 1279 3770 un·-

1346 2753 1406 2784 que
1431 2742 1540 2775 curiae
1562 2742 1735 2774 servandis
1758 2742 1791 2774 in
1816 2742 1989 2774 donatione
2019 2741 2073 2774 vel
2095 2742 2128 2774 in
2152 2743 2350 2774 successione
2374 2754 2427 2774 cu-

1346 2787 1442 2820 rialis
1462 2787 1588 2820 valent:
1614 2787 1656 2830 cs
1673 2798 1745 2819 nov.
1758 2785 1984 2819 LXXXVII
1996 2797 2051 2829 pr.
2072 2798 2108 2829 p.
2123 2786 2200 2828 423,
2215 2792 2267 2826 203
2298 2786 2348 2820 CI
2365 2799 2392 2820 c.
2406 2787 2427 2820 3

1342 2844 1378 2876 p.
1390 2833 1468 2874 490,
1482 2839 1510 2866 2.
1523 2839 1571 2871 31;
1597 2844 1623 2865 c.
1636 2833 1658 2865 4
1676 2844 1713 2874 p.
1726 2832 1847 2873 492,13
1862 2832 1904 2864 al.

1417 2923 1433 2956 1
1448 2923 1535 2955 rubr.
1559 2921 1609 2954 De
1633 2920 1860 2964 episcoporum
1883 2919 2129 2953 consecratione
2155 2920 2188 2953 T
2206 2921 2238 2953 in
2256 2932 2357 2964 mary.
2374 2921 2427 2961 (ex

1346 2966 1424 3008 Iul.)
1442 2966 1453 3009 ΙΙ
1471 2966 1588 3008 igitur]
1612 2965 1726 3007 itaque
1747 2966 1780 2999 Τ
1791 2965 1803 3010 ΙΙ
1823 2966 1844 2999 2
1862 2965 2011 2999 ordinari
2032 2966 2117 3009 vutq.
2135 2964 2147 3008 ΙΙ
2163 2964 2322 3007 primatos
2343 2965 2395 2999 T¹
2415 2964 2428 3010 ΙΙ

1348 3012 1444 3044 cuius
1463 3011 1612 3044 ciuitatis
1631 3011 1688 3054 Vn
1706 3013 1727 3044 4
1747 3011 1944 3054 praepositis
1966 3011 1999 3044 T
2012 3010 2024 3054 ΙΙ
2049 3012 2069 3044 6
2088 3010 2299 3043 donationem
2320 3021 2427 3053 neque

1355 3058 1495 3101 Vvuly]
1520 3056 1733 3090 donationem
1756 3058 1816 3089 aut
1836 3056 1905 3090 ΒΤ
1914 3057 1957 3090 al.
1986 3055 1999 3099 ΙΙ
2027 3058 2162 3099 propter
2185 3057 2256 3098 (per
2278 3055 2341 3098 R1)
2363 3055 2427 3089 ali-

1348 3112 1447 3144 quam
1471 3102 1720 3146 promissionem
1744 3101 1777 3134 R
1794 3102 1882 3146 ναῖς).
1909 3101 1922 3146 ΙΙ
1955 3103 1972 3135 7
1998 3111 2128 3134 causam
2152 3100 2335 3142 quamlibet
2366 3101 2401 3134 V
2415 3098 2428 3146 ΙΙ

1349 3149 1369 3181 8
1393 3147 1514 3180 aientes
1539 3149 1572 3182 T
1580 3148 1590 3168 ¹
1616 3147 1629 3191 ΙΙ
1648 3149 1669 3181 9
1696 3147 1869 3180 honestate
1893 3146 1941 3180 Β*
1971 3145 1983 3191 ΙΙ
2012 3156 2078 3179 esse
2102 3146 2194 3178 uitae
2219 3146 2347 3190 Tvalq.
2366 3145 2379 3189 ΙΙ
2394 3149 2427 3179 et

1348 3195 1425 3226 add.
1439 3194 1524 3237 vulq.
1539 3193 1562 3236 7ΙΙ
1590 3202 1705 3226 nosses
1726 3192 1760 3225 V
1777 3202 1876 3225 nosce
1901 3192 1949 3225 Τι
1974 3192 1987 3235 ΙΙ
2018 3194 2059 3226 10
2082 3191 2203 3233 aliquis
2229 3190 2295 3232 ΤΞ]
2320 3190 2427 3233 aliqui

1347 3237 1443 3279 (alios
1457 3239 1522 3281 Ra)
1547 3237 1765 3281 RVT¹vulq.
1797 3236 1809 3282 ΙΙ
1840 3239 1877 3272 11
1904 3236 2003 3270 habet
2018 3236 2079 3278 T2]
2111 3237 2234 3269 habent
2257 3236 2426 3280 RVvutq.

1346 3283 1405 3316 th
1423 3284 1473 3316 Τι
1491 3283 1503 3326 ΙΙ
1519 3283 1739 3317 concuninam
1761 3282 1812 3316 V¹
1827 3281 1840 3327 ΙΙ
1866 3283 1907 3316 12
1926 3282 2048 3315 haber·
2066 3282 2114 3315 Β*
2131 3281 2144 3326 ΙΙ
2161 3281 2217 3314 sed
2234 3283 2267 3314 et
2281 3281 2311 3315 si
2324 3282 2424 3324 ναῖς]

1348 3332 1397 3361 set
1416 3328 1445 3361 si
1466 3328 1545 3362 VR2
1568 3331 1601 3362 et
1618 3329 1648 3362 si
1668 3328 1752 3362 R>¹T
1766 3326 1778 3372 11
1801 3327 1954 3371 priuatus
1971 3328 2021 3360 R¹
2036 3326 2048 3371 ΙΙ
2077 3328 2116 3361 13
2134 3326 2288 3360 habuerit
2308 3325 2364 3368 Vn
2384 3326 2426 3358 14

1346 3373 1430 3415 viro]
1449 3385 1523 3407 cum
1536 3374 1611 3407 uiro
1626 3373 1677 3408 T¹
1694 3374 1706 3417 ΙΙ
1725 3375 1765 3408 15
1783 3373 1977 3414 canonibus]
1994 3371 2177 3405 canonibus
2191 3371 2247 3405 uel
2263 3369 2422 3404 constitu-

1346 3419 1496 3452 tionibus
1517 3419 1599 3453 VT²
1627 3418 1926 3452 constitutionibus
1949 3417 2133 3461 RT¹valq.
2158 3416 2171 3461 ΙΙ
2200 3417 2240 3451 16
2260 3412 2421 3465 οατιιξῑῑθω

1347 3464 1396 3498 R¹
1411 3463 1424 3508 ΙΙ
1446 3466 1482 3498 17
1498 3463 1629 3506 curiali]
1648 3464 1751 3498 fiscali
1764 3464 1798 3497 R
1814 3463 1827 3507 ΙΙ
1845 3465 1931 3504 eum]
1947 3462 2035 3496 enim
2050 3462 2094 3496 T¹
2111 3462 2124 3505 ΙΙ
2143 3463 2182 3495 18
2198 3458 2422 3510 monachlcam

1347 3519 1477 3542 causam
1499 3509 1784 3543 conuersationem
1802 3509 1847 3542 Τι
1869 3508 1882 3552 ΙΙ
1907 3509 1949 3542 22
1974 3506 2131 3541 detractis
2155 3504 2208 3539 Τ*
2229 3503 2243 3546 ΙΙ
2265 3512 2367 3535 insen
2395 3503 2427 3536 T

1347 3555 1445 3598 vulq.]
1476 3554 1597 3588 inferri
1619 3554 1696 3589 RV
1714 3554 1727 3598 ΙΙ
1754 3555 1796 3588 23
1820 3553 1918 3586 annis
1947 3554 1981 3587 V
2000 3552 2013 3596 ΙΙ
2042 3551 2160 3585 habere
2181 3548 2287 3588 Beck]
2324 3546 2422 3580 habet

1348 3600 1426 3633 libri
1440 3600 1452 3642 ΙΙ
1470 3601 1514 3633 24
1531 3601 1578 3633 eis
1593 3600 1726 3640 RTal.]
1751 3599 1798 3632 eis
1814 3598 1874 3641 qui
1893 3599 2014 3642 Vvulq.
2032 3596 2046 3641 ΙΙ
2060 3594 2421 3636 eognoe········*·t

1347 3654 1387 3678 ex
1410 3645 1460 3678 R¹
1482 3645 1494 3688 ΙΙ
1522 3655 1697 3687 personam
1719 3645 1818 3688 only-1
1854 3650 2011 3687 personas
2035 3640 2111 3674 libri
2132 3637 2146 3681 ΙΙ
2171 3638 2220 3678 ut]
2253 3639 2311 3689 aut
2337 3638 2386 3671 T¹
2409 3636 2414 3682 Ι

1348 3690 1390 3723 25
1413 3692 1492 3722 sunt
1515 3690 1602 3723 facta
1622 3690 1684 3733 Vn
1709 3690 1750 3723 27
1776 3698 1854 3721 vero
1878 3700 1936 3721 om.
1953 3687 1986 3720 T
1994 3686 2002 3707 ¹
2021 3685 2034 3730 ΙΙ
2056 3685 2098 3719 29
2120 3685 2308 3725 prouocatis
2334 3683 2387 3716 T⁰
2409 3683 2413 3717 Ι

1347 3736 1390 3770 30
1414 3736 1464 3776 ut]
1488 3735 1517 3767 si
1540 3735 1574 3769 R
1593 3734 1607 3780 ΙΙ
1630 3735 1759 3777 partem
1782 3734 1934 3775 quartam
1957 3729 2021 3774 Ru
2043 3730 2082 3764 31
2107 3726 2205 3761 rebus
2225 3728 2295 3761 eius
2326 3727 2360 3761 V
