2586 3990
232 127 340 171 Nov.
364 125 543 169 CXXIX
574 126 681 167 1—3

228 237 289 272 ent
311 236 374 278 τῆς
397 231 506 276 αὐτῆς
527 235 649 277 μένειν
673 228 776 279 όργῆς
805 231 899 266 κατὰ
927 232 1005 267 τῶν
1028 227 1070 267 οὗ
1093 231 1304 266 νοσούντων

227 279 273 315 τὰ
305 277 558 323 παραπλήσια,
594 274 759 311 ἐνδόντες
787 289 828 311 τε
857 275 1017 319 μάλιστα
1047 274 1199 311 πάντων
1227 278 1304 310 ταῖς

227 326 376 369 ,Σεργίου
399 322 464 356 τοῦ
489 318 693 355 ὁσιωτάτου
724 321 788 364 τῆς
809 322 1026 365 Καισαρέων
1051 317 1306 365 μητροπόλεως

227 365 425 402 ἐπισκόπου
459 363 613 400 δικαίαις
636 365 818 408 αἰτήσεσὶν
844 361 886 400 ἃς
908 362 1000 410 ὑπὲρ
1031 362 1154 400 αὐτῶν
1184 365 1305 408 ἐποιή-

226 424 328 455 σατο,
358 411 553 456 μαρτυρῶν
580 412 648 455 μέν
670 422 728 445 τοι
751 408 940 444 καλλίονας
963 406 1091 444 αὐτοὺς
1109 413 1305 457 γεγονέναι,

225 457 292 499 τὴν
322 452 472 508 ἡσυχίαν
503 453 544 489 δὲ
573 454 642 498 τὴν
665 454 754 499 πρὸς
784 454 852 488 τὸν
877 456 1003 489 ἔπειτα
1030 453 1161 499 χρόνον
1183 451 1306 489 αὐτῶν

226 502 463 547 ἐγγυωμενος,
496 501 556 535 ἐπὶ
580 499 648 534 τὸν
672 497 841 543 παρόντα
871 499 977 534 θεῖον
1000 497 1106 544 ἡμῶν
1129 498 1305 542 ἐληλύθα-

224 558 291 589 μεν
315 544 440 588 νόμον,
465 540 514 579 δι’
540 535 583 578 οὗ
606 544 833 589 θεσπίζομέν
862 542 990 579 ἄδειαν
1012 544 1106 578 εἶναι
1129 546 1306 589 Σαμαρεί-

224 600 287 623 τας
318 587 450 624 λοιπὸν
479 587 633 643 γράφειν
662 587 842 632 διαθήκας
871 592 931 623 καὶ
960 589 1025 623 τὰς
1055 590 1161 634 σφῶν
1184 585 1308 622 αὐτῶν

226 632 371 669 διοικεῖν
395 631 534 679 οὐσίας,
567 645 616 668 ως
645 634 684 668 οἳ
711 646 750 668 τε
773 632 876 668 ἄλλοι
899 637 1092 679 παρέχουσι
1116 631 1223 678 νόμοι
1246 631 1307 667 διά
1323 636 1361 669 10

225 692 264 713 τε
294 679 359 713 τοῦ
390 677 572 725 παρόντος
602 677 816 724 διορίζομεν,
846 678 947 724 (καὶ)
970 677 1163 722 διαθηκῶν
1192 677 1306 712 τελευ-

225 724 365 758 τῶντας
388 727 494 770 χωρὶς
517 725 556 757 ἐκ
579 724 657 758 τῶν
678 725 716 764 ἐξ
740 720 939 758 ἀδιαθέτου
962 722 1194 768 καλουμένων
1217 723 1309 757 κατὰ

223 772 375 813 μίμησιν
404 767 707 814 κληρονομεῖσθαι
737 769 816 803 τῶν
846 767 966 803 ἄλλων
997 766 1215 814 ἀνθρώπων
1247 765 1306 802 αὗ-

224 812 323 856 τούς,
357 813 452 857 πλὴν
486 811 556 848 ὅσα
581 811 641 847 διὰ
665 814 729 848 τοῦ
755 814 935 868 παρόντος
958 810 1057 857 ἡμεῖς
1078 813 1307 858 μεθαρμόσο-

1301 117 1386 168 648

2099 137 2187 168 -DE
2216 136 2450 170 SAMARI'rIs

1369 232 1409 268 in
1430 232 1518 278 ipsis
1545 241 1752 278 permanere
1784 234 1912 269 contra
1941 243 2003 271 eos
2025 235 2088 280 qui
2117 245 2190 271 non
2212 235 2250 270 in

1371 277 1440 313 bus
1475 277 1662 320 languent,
1704 280 1928 322 praestantes
1961 281 2112 315 maxime
2146 280 2269 316 omniu
2366 290 2451 324 ergu

1374 321 1591 358 sanctissimi
1626 321 1907 358 caesariensium
1943 323 2104 370 episcopi
2137 324 2239 360 iustis
2299 324 2450 360 etitioni-

1374 366 1443 418 bus
1483 375 1571 418 quuas
1629 376 1670 418 το
1704 366 1754 402 eis
1788 366 1893 407 facit,
1927 368 2168 405 testimonium
2199 335 2339 414 qusissm
2369 378 2450 414 per-

1342 414 1361 445 5
1375 410 1528 446 bibentis
1558 419 1613 446 me
1641 420 1719 446 ores
1743 421 1805 446 eos
1828 410 1955 455 factos,
1986 413 2138 458 quietem
2161 423 2244 450 vero
2269 423 2391 449 eorum
2413 414 2451 449 in

1374 455 1496 490 futuro
1529 457 1686 500 tempore
1717 456 1965 500 promittentis,
1995 457 2042 493 ad
2064 462 2286 503 praesentem
2310 468 2451 494 sacram

1375 502 1533 535 nostram
1562 500 1719 535 venimus
1748 500 1875 545 legem,
1907 511 1972 545 per
2000 511 2103 546 quaxn
2132 503 2311 539 sancimus
2341 503 2450 538 licen-

1375 545 1462 580 tiam
1485 554 1565 580 esse
1588 544 1772 581 Samaritis
1794 545 1866 580 iam
1889 545 2046 582 scribere
2067 549 2280 583 testamenta
2309 550 2345 583 et
2367 557 2450 584 suas

1374 589 1538 670 proprias
1562 588 1769 634 dispensare
1793 590 2025 635 substantias,
2057 591 2150 627 sicut
2173 595 2210 628 et
2231 593 2323 628 aliae
2345 602 2450 637 prae-

1400 639 1460 670 ent
1482 634 1577 678 leges
1601 636 1637 669 et
1652 644 1716 679 per
1733 638 1955 679 praesentem
1978 645 2044 671 nos
2065 636 2294 681 decernimus,
2319 639 2356 672 et
2374 637 2452 673 sine

2270 235 2449 315 grogiork

1374 679 1597 715 testamentis
1620 679 1810 715 morientes
1834 679 1880 714 ab
1901 679 2070 716 intestato
2090 683 2235 717 vocatos
2257 682 2451 718 secundum

1373 724 1606 760 imitationem
1641 724 1791 760 aliorum
1825 724 2004 761 hominum
2037 725 2184 762 heredes
2219 726 2350 763 habere
2378 736 2451 768 eos,

1374 771 1516 814 praeter
1551 778 1594 805 ea
1627 778 1719 814 quae
1751 769 1850 814 (per)
1884 772 2107 815 praesentem
2142 774 2301 807 nostram
2333 773 2450 806 trans-

1374 813 1539 859 ponimus
1562 814 1685 858 legem.
1733 813 1803 850 Sed
1833 817 1870 850 et
1901 815 2110 850 donationes
2138 815 2189 852 eis
2217 815 2452 861 permittimus

223 871 292 903 μον
315 857 437 903 νόμου.
485 862 545 893 καὶ
577 857 714 903 δωρεὰς
746 856 786 892 δὲ
808 861 928 893 αυτοῖς
959 860 1199 902 ἐπιτρέπομεν
1221 857 1362 905 >eqd-15
1375 859 1531 895 scribere
1566 862 1602 895 et
1635 859 1752 903 legata
1786 858 1871 894 dare
1908 861 1945 894 et
1979 860 2140 905 accipere
2177 864 2214 895 et
2250 861 2453 896 huiusmodi

225 916 308 949 φειν
341 907 402 937 καὶ
433 902 571 950 ληγάτα
603 901 748 938 διδόναι
778 916 818 938 τε
847 906 907 937 καὶ
939 902 1140 948 λαμβάνειν
1170 906 1231 937 καὶ
1261 902 1307 937 τὰ

224 949 376 982 τοιαῦτα
401 947 660 983 συναλλάττειν
683 945 745 983 ἐπ’
769 944 890 982 ἀδείας
914 946 1067 991 ἁπάσης.
1114 946 1151 982 οἱ
1168 947 1239 994 γὰρ
1263 945 1306 991 δὴ

226 990 467 1027 διατίθεσθαι
503 991 699 1027 δεδωκότες
734 996 794 1026 καὶ
825 994 951 1028 πᾶσαν
987 991 1206 1027 διοικεῖσθαι
1239 992 1308 1036 τὴν

1376 906 1580 940 contractus
1595 903 1716 939 facere
1735 913 1814 939 cum
1830 904 1926 939 omni
1941 904 2094 940 licentia.
2134 904 2203 949 Qui
2218 905 2312 940 enim
2327 905 2452 941 testari

1375 949 1532 985 dedimus
1557 949 1607 984 eis
1636 952 1672 983 et
1694 958 1831 985 omnem
1856 948 2062 993 dispensare
2085 949 2336 994 substantiam,
2364 959 2452 996 quo·

1374 994 1479 1030 modo
1503 993 1547 1030 de
1570 993 1780 1039 particulari
1802 993 2066 1039 dispensatione
2089 995 2321 1039 negabimus?

224 1034 352 1093 σι’),σίαν
377 1035 505 1072 αὐτοὺς
528 1039 606 1073 πῶς
629 1035 678 1072 ἂν
693 1040 776 1083 περὶ
797 1039 940 1082 μερικῆς
964 1036 1171 1082 διοικήσεως
1194 1036 1307 1080 &vexe-

226 1095 424 1127 ραναιμεν,·

1321 1085 1363 1118 20

1225 1161 1382 1199 CAPUT
1407 1162 1452 1197 11.

281 1215 384 1260 Πλὴν
415 1213 496 1251 ἀλλ’
523 1214 564 1251 οὗ
594 1216 662 1260 τὴν
693 1214 808 1260 αὐτὴν
835 1212 1060 1260 ἀποδίδομεν
1090 1216 1196 1257 τάξιν
1220 1220 1307 1262 Χρι-
1432 1217 1501 1252 Sed
1532 1221 1652 1254 tamen
1682 1229 1753 1254 non
1783 1219 1930 1255 eundem
1961 1219 2139 1256 reddimw
2170 1218 2330 1256 ordinem
2351 1219 2453 1256 Chri-

225 1265 384 1296 στιανοῖς
417 1274 459 1297 τε
493 1259 673 1305 διαδόχοις
707 1264 767 1296 καὶ
801 1263 1061 1307 Σαμαρείταις,
1097 1260 1235 1306 πολλὴν
1269 1260 1308 1296 δὲ
1376 1262 1500 1298 stianis
1524 1267 1560 1298 et
1583 1264 1785 1304 Samaritis,
1817 1265 1965 1300 multum
1987 1274 2070 1300 vero
2100 1266 2137 1300 et
2159 1264 2283 1301 merito
2307 1265 2454 1301 meliora

226 1305 372 1341 εἰκότως
403 1309 477 1341 τοῖς
507 1306 555 1341 τὰ
578 1306 714 1341 καλλίω
737 1306 979 1351 θρησκεύουσι
1006 1306 1075 1349 τὴν
1104 1310 1308 1352 προνομίαν
1376 1308 1593 1344 sectantibus
1630 1308 1850 1354 privilegium
1882 1313 2114 1354 praestamus.
2170 1309 2273 1345 Unde
2307 1310 2339 1345 si
2373 1310 2454 1355 quis

226 1355 435 1398 παρέχομεν.
483 1348 579 1386 ὅθεν
609 1352 646 1386 εἴ
669 1363 725 1386 τις
754 1348 878 1386 αὐτῶν
909 1349 1102 1395 διαθηκῶν
1129 1350 1308 1386 τελευτῶν
1375 1363 1498 1388 eorum
1521 1353 1598 1389 sine
1622 1354 1843 1390 testamentis
1864 1354 2036 1390 moriatur
2065 1354 2157 1390 filios
2183 1354 2229 1389 ad
2252 1354 2356 1390 deum
2380 1354 2452 1390 dis-

224 1400 331 1441 χωρὶς
354 1394 390 1440 [ἢ
411 1399 485 1440 καὶ]
510 1394 642 1432 παῖδας
659 1397 706 1431 τὰ
726 1396 817 1440 πρὸς
836 1396 931 1431 θεὸν
951 1394 1180 1443 διῃρημένους
1199 1409 1307 1431 κατα·
1321 1399 1362 1432 25
1378 1401 1494 1433 cretos
1525 1398 1739 1443 relinquens,
1771 1399 1838 1435 soli
1860 1399 2082 1435 vocabuntur
2111 1399 2158 1434 ad
2180 1400 2286 1435 huius
2314 1399 2452 1435 heredi·

226 1442 342 1486 λίποι,
371 1440 480 1486 μόνοι
503 1441 753 1497 κληθήσονται
784 1441 874 1487 πρὸς
899 1441 967 1485 τὴν
990 1441 1118 1477 τούτου
1141 1440 1307 1486 κληρονο-
1376 1445 1485 1478 tatem
1510 1444 1571 1487 qui
1592 1446 1728 1479 rectam
1750 1444 2031 1480 Christianorum
2054 1444 2208 1488 allegant
2231 1443 2348 1486 fidem,
2373 1444 2453 1480 aliis

224 1490 314 1530 μίαν
347 1486 385 1521 οἱ
413 1487 484 1530 τὴν
515 1486 638 1534 ορθὴν
672 1488 751 1521 τῶν
781 1487 1017 1532 Χριστιανῶν
1051 1489 1308 1532 πρεσβεύοντες
1376 1488 1528 1524 exclusis
1589 1489 1778 1534 uicumque
1811 1489 1889 1534 ipso
1921 1489 2124 1525 detinentur
2158 1499 2229 1534 quo
2264 1489 2453 1525 defunctus

225 1535 362 1574 πίστιν,
381 1533 460 1567 τῶν
480 1530 601 1566 ἄλλων
621 1530 878 1575 ἐκκλειομένων
898 1527 980 1566 ὅσοι
999 1533 1062 1566 τ”ς
1082 1528 1191 1575 αὐτῆς
1211 1533 1307 1575 ἔχον·
1376 1542 1507 1569 errore.
1555 1499 1655 1570 {iaec
1686 1537 1805 1570 autem
1837 1534 1985 1570 dicimus
2012 1544 2084 1569 non
2114 1543 2223 1579 super
2252 1533 2334 1570 filiis
2357 1535 2453 1575 solis,

224 1590 287 1611 ται
317 1577 370 1620 τῷ
401 1575 655 1620 τελευτήσαντι
686 1576 832 1619 πλάνης.
880 1577 997 1611 ταῦτα
1050 1579 1071 1610 ε’
1094 1589 1214 1623 φαμεν
1244 1574 1308 1611 οὐκ
1376 1578 1439 1614 sed
1470 1578 1576 1614 etiam
1604 1579 1683 1615 aliis
1715 1580 1891 1632 cognatis,
1922 1589 1965 1614 ex
1996 1588 2219 1624 quacumque
2248 1579 2322 1615 sint
2348 1579 2453 1622 linea,

225 1623 286 1655 ἐπὶ
309 1619 457 1656 παίδων
478 1620 606 1667 μόνον,
639 1619 730 1655 ἀλλὰ
762 1624 822 1656 καὶ
851 1622 928 1655 τῶν
959 1619 1081 1656 ἄλλων
1113 1622 1307 1668 συγγενῶν,
1320 1623 1363 1657 30
1376 1625 1418 1659 ut
1440 1626 1541 1659 recta
1564 1626 1743 1660 sectantes
1763 1624 1833 1660 illis
1857 1623 1917 1668 qui
1939 1635 2011 1660 non
2026 1623 2187 1669 proxima
2207 1625 2330 1660 colunt
2351 1633 2453 1670 prae-

225 1666 264 1706 έξ
284 1663 411 1701 ὁποίας
435 1665 483 1701 ἂν
506 1666 577 1701 εἷεν
597 1667 731 1714 σειρᾶς,
756 1663 845 1700 ὥςτε
866 1666 948 1700 τοὺς
967 1663 1067 1711 ὀρθοὶ
1087 1666 1309 1711 θρησκεύον-
1375 1673 1575 1714 ponantur;
1618 1672 1737 1704 tamen
1774 1670 1806 1705 si
1841 1669 1990 1705 eundem
2029 1669 2089 1713 qui
2122 1672 2295 1704 vocantur
2332 1678 2454 1705 omnes

225 1722 289 1745 τας
310 1712 389 1745 τῶν
410 1708 452 1745 οὗ
476 1709 711 1757 παραπλήσια
734 1708 930 1755 τιμώντων
954 1714 1173 1757 προτίμησιν
1197 1713 1306 1754 ἔχειν·
1374 1714 1524 1758 gradum
1558 1713 1765 1749 adscribant
1802 1717 1866 1749 aut
1902 1724 2008 1749 unam
2042 1713 2089 1748 ad
2123 1713 2354 1749 hereditatem
2389 1713 2454 1749 ha·

225 1755 321 1798 πλὴν
355 1756 387 1790 εἰ
417 1756 485 1791 τὸν
520 1754 636 1810 αὐτὸν
675 1755 809 1791 πάντες
842 1755 879 1789 οἱ
911 1755 1120 1799 καλούμενοι
1154 1755 1309 1801 βαθμὸν
1377 1760 1484 1793 beant
1517 1759 1749 1794 vocationem.
1800 1759 1881 1794 Non
1912 1759 2003 1794 enim
2034 1758 2091 1793 his
2127 1759 2187 1803 qui
2221 1769 2266 1793 ex
2296 1758 2454 1802 longiore

226 1801 486 1847 ἐπιγράφοιντο
517 1814 540 1844 η
568 1804 658 1843 μίαν
687 1800 776 1846 πρὸς
805 1799 874 1835 τὸν
897 1800 1027 1846 κλῆρον
1056 1802 1170 1843 &bacae-v
1192 1800 1307 1841 τάξιν.
1375 1803 1489 1846 gradu
1509 1806 1594 1839 sunt
1616 1807 1653 1839 et
1674 1813 1697 1838 a
1715 1803 1943 1839 vicinioribus
1968 1805 2026 1845 [et]
2043 1803 2179 1839 exclusi
2201 1803 2286 1839 licet
2308 1804 2455 1840 meliora

225 1843 310 1879 οὐδὲ
366 1845 411 1891 ὰρ
447 1843 491 1889 δὴ
527 1848 601 1880 τοῖς
635 1847 673 1879 ἐκ
700 1848 919 1891 μακροτέρου
952 1845 1104 1889 βαθμοῦ
1140 1849 1200 1880 καὶ
1235 1843 1307 1881 ὑπὸ
1324 1848 1364 1881 35
1377 1850 1566 1891 sectantes,
1591 1848 1716 1884 damus
1739 1848 1970 1894 privilegium.

225 1891 304 1925 τῶν
341 1893 526 1937 γγυτέρων
549 1889 816 1935 ἐκκλειομόνοις,
845 1888 915 1924 κᾶν
937 1891 968 1924 εἰ
991 1889 1038 1925 τὰ
1060 1889 1195 1925 καλλίω
1218 1891 1309 1936 θρη-

226 1935 397 1978 ematur,
415 1935 485 1979 τὴν
500 1935 595 1970 κατὰ
609 1936 686 1970 τῶν
702 1937 902 1982 ἐγγυτέρων
925 1939 1143 1980 προτίμησιν
1163 1933 1310 1979 δίδομεν

225 1983 287 2014 καὶ
309 1984 523 2026 προνομίαν.

1227 2035 1387 2073 CAPUT
1410 2036 1474 2071 111.

293 2093 396 2137 Πλὴν
427 2090 509 2128 ἄλλ’
539 2090 604 2135 οὐχ
634 2088 722 2127 ὤςτε
752 2095 813 2127 καὶ
843 2090 1112 2136 ἀμεταμέλητον
1139 2091 1232 2126 εἶναι
1265 2092 1306 2126 τὸ
1440 2091 1517 2128 Nec
1547 2093 1667 2128 tamen
1697 2093 1937 2138 paenitentiae
1968 2094 2086 2130 locum
2120 2094 2158 2130 in
2190 2103 2300 2131 causa
2331 2095 2452 2132 exclu-

226 2141 376 2185 πρᾶγμα
409 2141 482 2173 τοῖς
517 2135 804 2182 ἀποκλειομένοις
839 2139 877 2171 ἐκ
910 2136 1050 2171 τούτου.
1098 2137 1129 2170 εἰ
1160 2136 1228 2182 γὰρ
1262 2134 1305 2180 δὴ
1319 2140 1361 2172 40
1378 2137 1426 2173 sis
1457 2137 1649 2173 auferimus
1679 2147 1724 2173 ex
1746 2138 1827 2175 hoc.
1875 2139 1967 2174 Nam
1998 2140 2029 2175 si
2057 2139 2233 2175 voluerint
2263 2143 2299 2175 et
2328 2144 2455 2185 postea

220 2223 389 2265 putemus
411 2218 450 2252 in
465 2216 589 2253 eadem
604 2217 663 2252 ira
683 2226 916 2263 perseverare
938 2215 1112 2251 adversus
1134 2225 1197 2251 eos
1215 2216 1278 2262 qui
1295 2216 1386 2262 pari
1409 2215 1533 2251 morbo
1557 2217 1717 2252 uoniam
1741 2216 1864 2262 affecti
1883 2221 1978 2260 sunt,
2001 2221 2110 2263 atque
2125 2218 2283 2253 maxime
2298 2218 2455 2254 omnium

225 2263 477 2309 indulqeamus
500 2261 622 2308 Serqii
643 2261 861 2297 sanctissimi
885 2260 1170 2297 Caesariensium
1200 2259 1409 2307 metropolis
1432 2260 1595 2307 episcopi
1621 2260 1727 2297 iustis
1742 2261 1926 2307 precibus,
1958 2262 2088 2308 quibus
2115 2273 2186 2308 pro
2211 2263 2256 2298 iis
2277 2273 2366 2298 usus
2388 2268 2454 2307 est,

225 2309 360 2355 quippe
384 2307 447 2354 qui
469 2310 505 2343 et
529 2310 677 2342 testetur
699 2306 864 2343 meliores
894 2316 955 2342 eos
983 2305 1110 2351 factos
1133 2315 1209 2341 esse
1239 2308 1277 2341 et
1300 2305 1452 2351 quietem
1475 2315 1600 2341 eorum
1628 2306 1665 2340 in
1687 2306 1855 2351 futurum
1885 2310 2024 2353 tempus
2042 2308 2245 2353 promittat,
2277 2307 2327 2343 ad
2345 2318 2455 2354 prae-

225 2357 359 2388 sentem
381 2351 540 2388 divinam
563 2351 676 2397 leqem
699 2355 862 2387 nostram
886 2351 1061 2393 venimus,
1092 2361 1166 2396 qua
1189 2350 1388 2392 sancimus,
1418 2354 1459 2385 ut
1482 2348 1677 2386 Samaritis
1699 2351 1771 2386 iam
1794 2350 1902 2387 liceat
1930 2356 2141 2387 testamenta
2166 2351 2324 2388 scribere
2353 2355 2389 2389 et
2411 2353 2455 2389 de

227 2398 330 2434 bonis
358 2397 435 2432 suis
465 2396 668 2442 disponere,
703 2395 1001 2442 quemadmodum
1035 2398 1070 2431 et
1099 2399 1240 2431 ceterae
1271 2394 1368 2441 leqes
1391 2395 1611 2441 permittunt
1644 2399 1679 2431 et
1706 2406 1778 2442 per
1810 2400 2039 2442 praesentem
2069 2397 2278 2439 statuimus,
2314 2400 2350 2433 et
2378 2398 2455 2434 sine

228 2446 437 2478 testamento
462 2441 646 2487 defunctis
678 2445 719 2477 ut
741 2451 792 2477 ex
813 2441 860 2475 iis
883 2440 947 2486 qui
968 2440 1014 2476 ab
1037 2440 1206 2475 intestato
1231 2442 1408 2476 vocantur
1437 2439 1487 2474 ad
1508 2439 1740 2476 imitationem
1764 2446 1963 2477 ceterorum
1994 2439 2176 2476 hominum
2207 2441 2354 2478 heredes
2375 2453 2454 2478 suc-

226 2488 367 2530 cedant,
390 2486 555 2533 eoeceptis
577 2486 623 2521 iis
646 2495 892 2532 quaecumque
913 2495 980 2521 nos
1001 2495 1070 2531 per
1090 2488 1316 2531 praesentem
1339 2484 1372 2520 le
1398 2494 1452 2520 em
1475 2484 1698 2520 mutabimus.
1745 2486 1798 2521 Ac
1820 2484 2037 2522 donationes
2058 2496 2202 2532 quoque
2232 2486 2278 2521 iis
2299 2487 2456 2523 scribere

224 2531 465 2579 permittimus
495 2531 687 2578 leqataque
717 2534 753 2567 et
781 2531 870 2566 dare
901 2534 936 2566 et
964 2530 1129 2577 accipere
1158 2534 1195 2566 et
1223 2529 1358 2565 eiusmo
1387 2530 1401 2564 i
1428 2533 1637 2565 contractus
1668 2540 1747 2565 cum
1777 2531 1874 2566 omni
1905 2530 2049 2567 licentia
2077 2531 2213 2576 facere.
2260 2529 2331 2574 Qui
2361 2532 2456 2567 enim

227 2577 507 2613 concesserimus
535 2576 582 2611 iis
605 2576 731 2612 testari
761 2579 797 2612 et
819 2575 863 2611 de
887 2575 984 2610 omni
1013 2575 1215 2611 substantia
1238 2573 1442 2621 disponere,
1474 2574 1656 2626 quomodo
1679 2575 1718 2609 in
1739 2575 1963 2620 particulari
1985 2574 2218 2621 dispositione
2287 2577 2455 2612 avemur?

361 2621 408 2656 H.
455 2619 681 2667 Quamquam
711 2631 786 2656 non
814 2619 963 2656 eundem
995 2619 1113 2656 locum
1143 2618 1325 2655 reddimus
1351 2618 1564 2655 Christianis
1597 2619 1863 2656 successoribus
1893 2624 1928 2656 et
1950 2619 2158 2663 Samaritis,
2193 2630 2231 2655 se
2286 2631 2455 2667 maqnum

228 2667 352 2703 merito
376 2666 612 2713 privilegium
643 2665 690 2701 iis
721 2666 786 2712 qui
814 2665 963 2701 meliora
993 2667 1178 2700 sectantur
1207 2663 1445 2700 concedimus
1499 2663 1597 2700 Unde
1618 2665 1651 2699 si
1674 2665 1756 2710 quis
1778 2675 1901 2700 eorum
1930 2665 2008 2700 sine
2040 2668 2251 2701 testamento
2282 2665 2456 2702 decedens

228 2711 360 2748 liberos
383 2710 483 2757 quod
504 2711 634 2746 attinet
655 2710 705 2746 ad
725 2710 786 2746 dei
807 2710 939 2746 cultum
964 2709 1211 2761 discrepantes
1232 2708 1426 2754 relinquat,
1456 2708 1530 2744 soli
1550 2709 1600 2744 ad
1621 2709 1853 2745 hereditatem
1881 2709 1959 2745 eius
1982 2709 2205 2745 vocabuntur
2235 2711 2301 2755 qui
2320 2714 2456 2747 rectam

231 2756 516 2793 Christianorum
573 2755 652 2791 dem
673 2755 893 2802 praeferunt
941 2754 1100 2791 eaeclusts
1130 2753 1258 2790 ceteris
1279 2755 1492 2800 quicumque
1522 2753 1646 2789 eodem
1677 2764 1756 2789 cum
1780 2754 1955 2800 defuncto
1978 2764 2104 2790 errore
2130 2758 2305 2790 tenentur.
2354 2755 2456 2790 Haec

228 2806 348 2838 autem
371 2811 446 2836 non
469 2800 514 2836 de
551 2800 659 2836 iberis
680 2799 815 2842 solum,
845 2811 884 2837 se
931 2799 1000 2835 reli
1025 2799 1082 2835 uis
1104 2809 1248 2845 quoque
1270 2799 1436 2844 coqnatis
1458 2797 1618 2842 dicimus,
1646 2809 1697 2834 ex
1719 2809 1944 2845 quacumque
1966 2799 2039 2834 sint
2062 2798 2175 2840 linea,
2206 2803 2247 2834 ut
2270 2799 2336 2844 qui
2355 2804 2455 2835 recta

227 2849 413 2882 sectantur
430 2855 526 2897 prae
548 2845 594 2880 iis
616 2845 680 2891 qui
702 2855 776 2880 non
799 2844 930 2880 similia
954 2854 997 2880 co
1013 2847 1079 2880 unt
1095 2844 1396 2890 praeroqativam
1419 2842 1594 2879 habeant:
1617 2843 1669 2879 ita
1689 2846 1806 2879 tamen
1828 2844 1863 2879 si
1880 2844 2028 2879 eundem
2052 2853 2173 2879 omnes
2196 2843 2260 2888 qui
2279 2848 2455 2879 vocantur

228 2890 384 2937 gradum
414 2889 485 2925 stbi
512 2889 693 2925 vindicent
723 2889 781 2926 vel
809 2900 919 2925 unum
948 2888 998 2924 ad
1028 2888 1260 2925 hereditatem
1290 2888 1452 2923 ordinem
1483 2888 1648 2924 habeant.
1696 2888 1822 2935 Neque
1844 2888 1937 2924 enim
1961 2889 2006 2923 iis
2035 2889 2100 2934 qui
2120 2888 2314 2923 remotiore
2335 2888 2455 2934 qradu

228 2939 370 3016 sumi?
391 2945 417 2988 a
433 2934 763 3015 prffinquioribus
786 2933 1041 2976 excluduntur,
1072 2934 1215 2970 etiamsi
1233 2933 1383 2969 meliora
1404 2936 1596 2976 sectentur,
1628 2937 1756 2969 contra
1778 2933 2065 2980 propinquiores
2088 2933 2389 2979 praeroqativam
2419 2937 2457 2969 et

255 2990 323 3017 run
383 2990 457 3015 mm
527 2990 616 3015 mus.
1142 3004 1144 3007 ψ
1605 2999 1613 3006 ·

227 2992 252 3027 p
356 2991 430 3060 {IL
476 3022 702 3071 Quamquam
724 3033 783 3060 res
804 3034 879 3060 non
901 3034 944 3059 eo
968 3022 1079 3066 valet,
1110 3026 1152 3059 ut
1173 3033 1218 3059 ne
1247 3022 1489 3069 paenitentiae
1519 3021 1662 3068 quidem
1685 3021 1787 3058 locus
1809 3022 2037 3068 relinquatur
2065 3022 2112 3058 iis
2133 3021 2197 3068 qui
2226 3021 2311 3057 hinc
2332 3022 2455 3058 exclu-

289 3118 305 3151 1
331 3116 392 3150 ἐπὶ
411 3114 474 3157 τῆς
492 3109 602 3157 αὗτῆς
620 3115 744 3157 μένειν
763 3110 869 3160 ὀργῆς
889 3115 946 3157 (cf.
963 3114 1094 3155 647,11)
1111 3113 1309 3154 Zachariae]

231 3162 290 3195 ἐπὶ
306 3161 368 3204 τῆς
384 3156 494 3202 αὐτῆς
507 3160 631 3202 μένειν
645 3153 754 3204 ὁρίοις
771 3160 810 3191 Μ
837 3158 874 3191 in
890 3158 972 3202 ipsis
988 3167 1180 3201 permanere
1196 3168 1226 3199 ς,
1250 3157 1310 3191 ἐπὶ

229 3208 302 3239 τοῖς
326 3201 444 3239 αὐτοῖς
465 3205 588 3247 με’νειν
612 3199 722 3248 ὁρίοις
755 3216 823 3237 cum
848 3203 1031 3247 Scrimyero
1052 3204 1140 3245 vuly.
1163 3203 1176 3245 11
1205 3203 1226 3235 3
1249 3201 1312 3244 τῆς

231 3253 353 3284 Καισα
375 3251 447 3283 ε’ων
457 3246 724 3294 μητροπόλεως]
740 3247 1002 3282 Caesariensium
1015 3258 1034 3283 ς·
1045 3245 1058 3292 11
1071 3249 1092 3281 4
1104 3244 1310 3290 ἐποιήσατο]

231 3296 311 3328 facit
328 3262 378 3339 551
394 3297 413 3329 5
425 3306 484 3328 τοι
500 3293 586 3327 del?
605 3294 618 3337 11
636 3295 676 3328 10
690 3290 751 3327 διά
767 3305 807 3326 τε
819 3294 1006 3327 Zachariae
1018 3305 1056 3326 esc
1071 3294 1102 3333 ς]
1119 3288 1179 3324 διὰ
1196 3289 1237 3346 δέ
1249 3290 1311 3335 Mn

235 3342 270 3373 11
298 3342 357 3372 καὶ
381 3352 420 3373 esc
435 3350 455 3375 ς
471 3339 551 3372 add.
568 3338 756 3372 Zachariae
772 3338 786 3382 11
812 3339 853 3372 16
938 3337 1010 3371 ἄτα
1032 3337 1076 3370 Μ
1087 3336 1100 3380 11
1127 3338 1167 3371 19
1192 3337 1311 3369 αυτοῖς

234 3397 271 3417 ex
294 3396 314 3420 ς
335 3385 427 3418 malit
451 3383 638 3417 Zachariae
660 3384 730 3417 sine
753 3395 853 3416 causa
870 3382 883 3426 11
932 3383 952 3416 2
975 3378 1080 3415 διαδό
1104 3391 1155 3415 οις
1179 3393 1237 3415 om.
1257 3391 1278 3416 ς·
1298 3379 1311 3425 11

234 3429 274 3461 23
297 3426 453 3469 εἰκότως]
478 3431 511 3460 et
529 3427 648 3461 merito
672 3439 692 3464 ς
707 3429 719 3470 ΙΙ
738 3429 782 3462 24
804 3424 1024 3469 *διαθηκῶν
1046 3438 1086 3460 τε
1147 3425 1224 3460 τῶν
1241 3436 1311 3467 χω·

234 3475 286 3516 ρὶς
308 3470 329 3514 ἢ
352 3474 411 3505 καὶ
435 3469 567 3506 παῖδας
589 3491 633 3497 --
658 3473 699 3506 25
720 3470 914 3507 καταλίποι
929 3472 986 3512 Μ,
1009 3470 1080 3504 sine
1104 3470 1310 3504 testamentis

234 3518 395 3549 moriatur
409 3516 495 3549 filios
509 3536 550 3541 —
562 3517 755 3559 relinquens
771 3527 791 3554 ς
813 3514 1019 3562 (τελευτήσῃ
1042 3523 1071 3550 et
1093 3515 1125 3548 εἰ
1147 3517 1208 3549 καὶ
1227 3527 1309 3549 corr.

235 3562 447 3603 Zachariae);
472 3557 495 3602 ἢ
513 3563 574 3594 καὶ
591 3563 695 3595 delevi
740 3563 783 3596 30
795 3560 923 3605 μόνον]
938 3560 1018 3594 solis
1031 3561 1065 3603 (ι’.
1076 3572 1102 3594 c.
1113 3557 1255 3604 μόνων)
1267 3558 1311 3639 ‘A'

237 3606 280 3638 34
302 3604 418 3645 τάξιν]
441 3605 645 3639 vocationem
669 3617 690 3643 ς
747 3607 788 3640 37
813 3604 882 3648 τὴν
905 3625 948 3631 -—
971 3606 1190 3650 προτίμησιν
1213 3611 1244 3639 et
1265 3604 1287 3638 3

235 3651 295 3681 καὶ
318 3662 376 3681 om.
397 3661 415 3684 ς

1439 3114 1451 3145 l
1479 3111 1675 3154 *prioribus
1699 3113 1776 3146 libri
1797 3114 1852 3156 (cf.
1871 3114 1926 3154 30)
1945 3112 1993 3155 112
2017 3113 2077 3155 leq.
2102 3109 2176 3156 (et)
2194 3111 2420 3153 praestantes?
2443 3112 2455 3156 11

1377 3157 1398 3190 4
1422 3158 1516 3198 quas]
1541 3166 1622 3198 quas
1643 3156 1709 3189 sibi
1737 3158 1769 3190 T
1788 3156 1800 3201 11
1815 3157 1895 3190 fecit
1910 3157 2004 3191 Beck
2021 3156 2034 3200 11
2049 3159 2069 3191 5
2090 3157 2149 3198 qui
2169 3156 2261 3188 edem
2279 3155 2337 3199 Τ11
2355 3158 2373 3190 7
2390 3156 2454 3189 soi-

1376 3212 1450 3240 mus
1477 3202 1511 3235 T
1529 3199 1543 3245 11
1570 3203 1590 3236 8
1612 3201 1822 3234 samaritanis
1849 3201 1909 3245 Τ11
1939 3203 1959 3236 9
1983 3201 2044 3234 alii
2064 3202 2096 3235 V
2115 3200 2128 3245 11
2159 3202 2197 3235 11
2222 3202 2360 3233 uocatus
2383 3201 2453 3243 VT,

1378 3259 1459 3279 corr.
1473 3247 1559 3290 vulp.
1578 3245 1597 3324 11
1617 3247 1657 3280 13
1681 3256 1785 3288 eaque
1809 3247 1842 3280 T
1861 3245 1874 3291 11
1894 3256 1954 3289 per
1977 3247 2054 3280 add.
2069 3247 2156 3290 vulq.
2174 3245 2187 3288 11
2204 3247 2455 3288 transponemus

1378 3292 1472 3324 Beck
1489 3291 1502 3335 11
1520 3293 1562 3326 14
1598 3301 1690 3333 egem
1714 3304 1772 3324 om.
1795 3291 1851 3334 Vll
1872 3293 1911 3325 16
1936 3293 2121 3324 contractos
2143 3290 2198 3334 1711
2219 3292 2258 3324 17
2282 3300 2379 3323 omne
2401 3290 2448 3332 Vl

1377 3335 1564 3378 dispensare
1585 3353 1631 3362 -
1652 3335 1850 3378 particulari
1878 3348 1935 3369 om.
1962 3336 1996 3369 V
2015 3336 2028 3379 11
2059 3337 2101 3370 18
2125 3334 2399 3378 dispensationem

1377 3380 1592 3424 dispositione
1610 3381 1666 3422 Tfl
1683 3380 1879 3423 negauimus
1899 3380 1956 3423 1711
1972 3381 2015 3414 22
2027 3393 2076 3423 sq.
2100 3379 2303 3413 sectantibus
2317 3377 2454 3411 meliora

1382 3426 1414 3458 T
1431 3428 1443 3466 11
1474 3426 1517 3459 24
1545 3425 1587 3458 ad
1611 3426 1708 3458 deum
1730 3426 1831 3469 vulp-J
1867 3425 1908 3458 ad
1932 3435 2008 3458 eum
2034 3426 2067 3458 T
2098 3425 2206 3458 adeun
2234 3421 2304 3466 V}
2331 3423 2372 3456 27
2396 3431 2453 3454 ex-

1377 3469 1468 3521 cusis.
1483 3470 1541 3515 Vl}
1564 3479 1789 3521 quaecumque
1810 3470 1873 3503 VT
1889 3469 1902 3514 11
1929 3472 1970 3504 30
1995 3472 2086 3522 recta
2107 3470 2208 3512 vulq.]
2230 3469 2322 3517 reeta
2335 3466 2421 3520 jib-ri
2441 3466 2453 3510 11

1375 3524 1567 3591 ¹³31}ssss
1569 3516 1662 3604 “iiiii
1678 3515 1886 3594 ἔῖοέιῖἓιιῖ
1894 3513 2364 3603 „fifflsttizfflffl
2378 3522 2451 3588 ''T“

1375 3568 2121 3693 {insensatissime
2148 3601 2192 3677 {t
2211 3600 2451 3678 saiva-01

1375 3692 1439 3726 hoo
1464 3693 1496 3726 T
1505 3694 1589 3737 vulq.
