2580 4022
234 173 309 216 Ed.
333 174 388 215 IV
414 178 447 215 1.
469 175 493 213 2
1315 165 1400 213 762
1442 226 1543 230 —.-
2081 184 2141 214 DE
2170 184 2453 217 MAGISTRATU

233 281 474 327 εἰςαγαγόντες
501 282 561 313 καὶ
592 275 715 313 πάντα
743 275 797 312 ἐπ’
830 274 984 322 ῶφελείᾳ
1011 275 1142 321 ταύτης
1173 276 1382 325 πράξαντες,
1410 276 1468 311 διὰ
1491 279 1598 312 τοῦτο
1618 275 1795 323 ᾠήθημεν
1818 281 1947 324 χρῆναι
1970 284 2030 315 καὶ
2054 281 2121 325 τὴν
2146 279 2259 326 ἀρχὴν
2282 283 2344 325 τῆς
2364 282 2453 328 πρὸς

230 329 284 368 τῴ
310 323 468 367 Λιβάνῳ
501 325 668 365 Φοινίκης
698 324 737 356 ἐκ
764 324 841 356 τῶν
871 321 1096 367 ἡγεμονικῶν
1127 323 1175 356 εἰς
1197 322 1461 366 σπεκταβιλίαν
1493 324 1658 368 ἐνεγκεῖν,
1690 327 1749 356 καὶ
1782 323 1824 357 τὸ
1850 326 1916 358 τοῦ
1938 323 2187 371 μοδεράτωρος
2211 323 2300 371 αὐτῇ
2325 324 2452 360 δοῦναι

231 371 349 413 σχῆμα
382 372 441 402 καὶ
475 368 631 410 σιτήσεις
659 364 749 414 αὐτῇ
781 366 863 411 ἄχρι
896 365 982 400 δέκα
1006 365 1141 409 λιτρῶν
1164 364 1336 412 ἀφορίσαι
1360 371 1513 412 χρυσίου,
1539 365 1649 402 αὐτοῦ
1673 370 1740 412 μὲν
1763 366 1876 411 μηδὲν
1899 372 1952 412 τῷ
1978 368 2138 414 δημοσίῳ
2163 373 2330 416 παρέχειν
2355 367 2452 415 όφεί-

230 413 354 448 λοντος
381 411 562 458 προφάσει
596 413 656 454 τῆς
687 412 854 453 τοιαύτης
885 413 1114 457 προαγωγῆς,
1147 414 1211 446 τοῦ
1244 409 1284 445 δὲ
1314 411 1357 446 τὸ
1392 414 1560 455 Φοινίκης
1590 416 1751 459 σκρίνιον
1781 411 2035 458 τρακτειῗοντος
2066 413 2152 449 δέκα
2174 416 2288 459 μόνας
2311 419 2452 459 χρυσίου

230 458 351 503 λίτρας
380 459 521 500 ἐτησίας
550 454 714 490 διδόντος
745 452 820 490 ἀπὸ
850 457 913 489 τοῦ
945 455 1096 490 κανόνος
1125 457 1188 499 τῆς
1211 453 1320 499 αὐτῆς
1344 458 1513 501 ἐπαρχίας
1535 458 1588 500 τῷ
1611 457 1704 491 κατὰ
1729 457 1856 502 καιρὸν
1880 457 2108 504 περιβλέπτῳ
2133 464 2351 506 πριμικηρίῳ
2375 462 2452 494 τῶν

230 501 500 547 λαμπροτάτων
520 501 725 545 τριβούνων
747 504 930 545 νοταρίων
951 496 1041 546 ὑπὲρ
1064 502 1126 544 τῆς
1150 501 1278 546 πρῴην
1303 498 1402 543 αὐτῷ
1428 500 1615 545 δεδομένης
1634 500 1779 548 δωρεᾶς,
1805 498 1896 547 ὅπερ
1920 506 1978 536 καὶ
2003 507 2207 550 βενεφίκιον
2226 503 2453 549 ὀνομάζεται,

230 551 290 580 καὶ
320 546 468 581 ταύταις
499 543 542 588 δὴ
574 549 633 578 καὶ
657 545 786 588 μόναις
818 542 1011 589 ἀρκεῖσθαι
1043 542 1164 580 αὐτόν.
1211 546 1276 580 τοῦ
1308 543 1558 601 μοδεράτωρος
1588 547 1755 590 καθαροῦ
1784 545 1919 581 δόσεως
1949 548 2065 591 πάσης
2093 548 2370 603 φυλαττομένου,
2394 552 2455 583 καὶ

229 595 370 634 ἔχοντος
392 593 459 636 μὲν
483 594 543 624 καὶ
563 590 629 633 τὴν
652 591 730 624 τῶν
754 588 876 623 ἄλλων
900 592 1138 634 στρατιωτῶν
1161 588 1361 636 ὑπουργίαν
1381 589 1474 625 καθ’
1500 588 1590 625 όσον
1611 589 1710 635 αὐτῷ
1734 589 1887 625 δίδωσιν
1911 587 1932 635 ἡ
1957 592 2044 626 θεία
2067 590 2171 636 ἡμῶν
2194 592 2373 635 διαταξις·

1232 679 1388 716 CAPUT
1412 680 1459 716 11.

366 745 464 790 πλὴν
495 744 570 781 ἀλλ’
605 747 787 800 ἐξαίρετον
813 743 914 789 αὐτῷ
945 743 1093 790 δίδομεν
1125 744 1193 780 τὸν
1214 743 1378 793 ἀριθμὸν
1402 747 1479 781 τῶν
1503 745 1775 792 ἀνδρειοτάτων
1797 746 2118 794 τερτιοδελμάτων,
2143 746 2182 782 ὃς
2201 751 2259 784 ἐπὶ
2282 749 2344 792 τῆς
2367 750 2451 782 Φοι-

231 794 346 826 νίκων
374 792 490 837 χώρας
520 794 632 835 ἐστίν,
667 790 755 826 ὡςτε
787 789 898 825 αὐτοῦ
923 791 1137 825 κατακούειν
1161 791 1322 825 ἕπεσθαί
1342 804 1382 826 τε
1406 789 1504 834 αὐτῷ
1530 795 1590 826 καὶ
1613 795 1690 826 ταῖς
1713 789 1825 826 αὐτοῦ
1850 793 2055 827 πείθεσθαι
2079 792 2288 835 κελεύσεσιν,
2314 789 2450 827 ὁπόσαι

231 836 393 882 προΐοιεν
425 840 487 870 ἐπί
515 850 555 871 τε
581 840 658 871 ταῖς
689 837 766 870 τῶν
796 834 982 880 δημοσίων
1011 835 1233 880 εἰςπράξεσιν
1265 838 1328 870 ἐπί
1352 849 1392 871 τε
1422 839 1499 870 ταῖς
1529 838 1605 871 τῶν
1634 835 1818 881 δημοσίων
1841 836 2107 872 καταστάσεσιν
2131 840 2193 873 ἐπί
2215 851 2254 872 τε
2276 841 2354 871 ταῖς
2376 838 2452 871 τῶν

232 881 377 916 πόλεων
409 879 617 916 ἀπαθείαις.
665 883 782 916 ταῦτα
811 884 937 915 τοίνυν
966 876 1115 915 ἅπαντα
1143 881 1368 925 θεσπίζομεν
1398 881 1466 924 τὴν
1497 882 1567 924 σὴν
1599 879 1780 927 ὑπεροχὴν
1803 884 2058 927 ἐπισταμένην,
2091 882 2186 917 διότι
2209 886 2268 916 καὶ
2288 880 2453 926 σύμβολα

232 923 317 972 παρ’
349 924 455 970 ἡμῶν
485 927 659 973 γίνεσθαι
691 925 920 970 προςετάχθη
944 925 1032 970 πρὸς
1055 926 1122 960 τὸν
1146 927 1207 968 τῆς
1231 924 1334 970 ἀρχῆς
1358 925 1491 969 ταύτης
1514 925 1723 972 ἡγούμενον,
1748 926 1811 961 τὰς
1836 927 1957 963 decem
1979 928 2151 964 librarum
2175 927 2253 962 auri
2276 927 2340 961 τὰς
2362 924 2453 970 ὑπὲρ

232 970 413 1014 σιτήσεων
441 973 479 1004 ἐκ
505 972 582 1005 τῶν
611 972 673 1013 τῆς
702 972 872 1015 ἐπαρχίας
903 967 1031 1015 φόρων
1063 969 1259 1013 ἐκτάττειν,
1283 969 1389 1004 οὐδὲν
1411 970 1685 1015 ἐλαττουμένων
1708 972 1785 1006 τῶν
1809 969 2138 1016 διατετυπωμένων
2162 970 2336 1006 δίδοσθαι
2355 973 2453 1006 ἔτους

232 1016 383 1049 ἑκάστου
404 1018 459 1059 τῷ
482 1014 710 1060 περιβλέπτῳ
735 1019 953 1061 πριμικηρίῳ
978 1016 1056 1049 τῶν
1080 1013 1348 1061 λαμπροτάτων
1372 1015 1579 1059 τριβούνων
1602 1020 1783 1060 νοταρίων
1807 1016 1906 1063 παρὰ
1928 1019 1992 1051 τοῦ
2008 1020 2079 1051 τοῖς
2095 1016 2276 1060 δημοσίοις
2293 1017 2450 1061 ἐφεστῶ-

233 1064 255 1096 1
290 1071 350 1094 τος
373 1059 562 1106 λογισμοῖς,
586 1057 658 1094 ἀλλ’
682 1057 764 1094 οὐδὲ
785 1057 949 1093 πλείονός
974 1071 1068 1094 τινος
1090 1063 1277 1106 γινομένης
1300 1059 1504 1106 προςθήκης
1527 1057 1635 1104 αὐτῷ.
1678 1061 1794 1103 Ἐχειν
1819 1060 1858 1095 δὲ
1881 1059 1994 1096 αὐτὸν
2010 1065 2190 1110 προτέραν
2207 1064 2275 1106 μὲν
2291 1058 2453 1103 σπουδὴν

231 1105 301 1147 τὴν
332 1108 413 1150 περὶ
442 1106 485 1139 τὸ
519 1103 693 1149 δημόσιον
725 1104 881 1147 εὔνοιαν,
908 1103 1079 1149 δευτέραν
1108 1103 1149 1138 δὲ
1177 1105 1244 1147 τὴν
1274 1109 1356 1150 περὶ
1388 1107 1450 1148 τῆς
1479 1103 1640 1146 εὐταξίας
1664 1108 1740 1140 τῶν
1763 1106 1918 1149 πόλεων,
1939 1110 1998 1140 καὶ
2020 1111 2147 1152 τρίτην
2169 1106 2237 1149 τὴν
2260 1106 2350 1151 πρὸς
2373 1105 2454 1139 τοὺς

233 1148 380 1184 ἰδιώτας
404 1148 646 1193 δικαιοσύνην,
671 1149 836 1193 πάντων,
858 1146 906 1183 ὥς
929 1150 1075 1195 εἴρηται,
1095 1151 1173 1184 τῶν
1195 1154 1454 1196 γεγραμμένων
1478 1149 1561 1195 παρ’
1589 1147 1694 1195 ἡμῶν
1718 1153 1758 1185 ἐν
1781 1153 1825 1197 τῇ
1851 1151 1938 1194 θείᾳ
1957 1150 2062 1195 ἡμῶν
2086 1150 2248 1192 διατάξει
2273 1149 2452 1196 προφάσει

233 1196 257 1230 2
304 1196 367 1237 τῆς
398 1193 653 1229 καταστάσεως
677 1197 754 1228 τῶν
781 1194 1049 1240 μοδερατώρων
1079 1197 1139 1228 καὶ
1171 1196 1249 1229 τῶν
1279 1195 1420 1230 λοιπῶν
1441 1192 1630 1240 ἀρχόντων
1651 1199 1710 1229 καὶ
1735 1192 1788 1230 ἐπ’
1817 1193 1914 1238 αὐτῷ
1935 1197 2057 1241 χώραν
2082 1193 2359 1240 λαμβανόντων.
2408 1195 2453 1228 Εἰ

231 1242 356 1284 μέντοι
383 1253 423 1286 γε
455 1239 475 1273 ὁ
508 1240 632 1283 ῥηθεὶς
663 1238 822 1285 ἀριθμὸς
849 1241 928 1274 τῶν
958 1240 1261 1274 καθωσιωιιένων
1288 1238 1596 1286 τερτιοδελμόιτων
1619 1241 1711 1274 κατὰ
1735 1239 1893 1274 κε’λευσιν
1916 1239 2092 1286 ἡμετέραν
2116 1242 2163 1275 εἰς
2186 1242 2324 1286 ἑτέρους
2345 1252 2451 1284 μετα-

233 1288 338 1327 σταίη
370 1284 521 1327 τόπους,
553 1286 793 1329 φροντιοῦμεν
823 1281 921 1328 ἡμεῖς
950 1286 1073 1329 έτερον
1102 1281 1199 1328 αὐτῷ
1228 1284 1553 1328 ἀντικαταστῆσαι,
1586 1281 1674 1319 ὥςτε
1703 1283 1814 1328 μηδὲν
1846 1282 1943 1328 αὐτῷ
1968 1285 2154 1320 παντελῶς
2186 1284 2361 1320 ἐλλείπειν
2391 1285 2453 1327 τῆς

232 1332 488 1373 νενομισμένης
512 1342 551 1364 τε
573 1332 633 1363 καὶ
657 1327 830 1374 ἀρκούσης
853 1329 1035 1372 βοηθείας.
1083 1331 1147 1363 τοῦ
1172 1329 1411 1374 περιβλέπτου
1436 1328 1557 1364 δουκὸς
1581 1330 1670 1375 πρὸς
1693 1330 1760 1364 τὸν
1783 1331 1969 1376 εἰρημένον
1992 1330 2100 1376 λόγον
2124 1328 2295 1373 οὐδεμίαν
2313 1331 2454 1371 ἔχοντος

234 1378 451 1418 μετουσίαν·
476 1372 561 1408 οὐδὲ
582 1374 651 1420 γὰρ
675 1375 957 1416 ἐπικοινωνῆσαι
983 1373 1096 1408 αὐτὸν
1120 1373 1332 1418 βουλόμεθα
1354 1373 1437 1409 οὔτε
1461 1378 1533 1408 τοῖς
1549 1375 1665 1421 ῥητῶς
1681 1373 1882 1419 δεδομένοις
1898 1375 2136 1420 στρατιώταις
2151 1377 2206 1418 τῷ
2222 1374 2452 1421 περιβλέπτῳ

232 1417 459 1466 μοδεράτωρι
490 1417 573 1453 οὔτε
604 1417 764 1453 ἰδιωτῶν
794 1415 924 1457 οὖδενί,
956 1417 1038 1452 οὔτε
1061 1422 1138 1453 ταῖς
1159 1420 1309 1454 ἐκείνων
1333 1418 1446 1453 δίκαις
1469 1415 1561 1454 ὅταν
1586 1421 1698 1461 ἔχοιεν
1722 1419 1812 1464 πρὸς
1835 1417 2009 1462 ἀλλήλους,
2034 1420 2116 1454 οὔτε
2139 1421 2169 1454 εἰ
2191 1421 2268 1454 τῶν
2292 1418 2453 1453 ἰδιωτῶν

235 1476 287 1498 τις
308 1464 491 1509 ἐνάγοιτο·
513 1463 604 1508 πρὸς
623 1461 684 1498 οὓς
706 1460 878 1508 οἶδε-μίαν
901 1462 1110 1506 δεδώκαμεν
1135 1461 1234 1507 αύτῷ
1260 1468 1464 1508 μετουσίαν,
1489 1466 1566 1498 ἐπεὶ
1590 1464 1681 1499 πολὺ
1705 1465 1748 1499 τὸ
1771 1467 1882 1509 μέσον
1906 1466 1982 1499 ἐστὶ
2006 1466 2264 1510 στρατιωτικῆς
2285 1477 2325 1498 τε
2346 1477 2452 1508 φρον-

233 1507 330 1543 τίδος
360 1512 421 1542 καὶ
447 1508 630 1551 πολιτικῆς
661 1505 878 1550 διοικήσεως,
911 1512 970 1542 καὶ
995 1506 1049 1542 δεῖ
1071 1507 1324 1554 διακεκρίσθαι
1345 1510 1471 1551 ταῦτα,
1499 1508 1670 1554 καθάπερ
1694 1509 1729 1543 οἱ
1752 1512 1899 1554 πατέρες
1922 1511 1984 1552 τῆς
2007 1509 2188 1544 πολιτείας
2209 1508 2294 1553 ἡμῖν
2319 1507 2453 1548 ἔταξάν

233 1567 273 1587 τε
304 1557 363 1587 καὶ
395 1554 669 1596 κατεστήσαντο.
717 1551 870 1587 εἰδότων
898 1555 976 1587 τῶν
1000 1553 1254 1598 περιβλέπτων
1279 1552 1430 1595 δουκῶν,
1463 1552 1510 1588 ῶς
1533 1554 1632 1599 εἴπερ
1657 1553 1826 1598 ἐμβαλεῖν
1849 1555 1993 1588 ἑαυτοὺς
2016 1555 2241 1600 θαρρήσαιεν
2265 1553 2452 1599 πράγμασι

233 1597 438 1637 πολιτικοῖς,
471 1595 554 1632 οὐδὲ
583 1599 662 1633 τῶν
693 1599 968 1642 στρατιωτικῶν
999 1596 1261 1644 ἀντιλήψονται
1290 1603 1349 1633 καὶ
1381 1597 1451 1634 ὑπὸ
1483 1598 1552 1642 την
1584 1597 1697 1644 ἀρχὴν
1722 1599 1859 1642 ταύτην
1882 1598 2105 1640 τετάξονται.
2153 1598 2362 1642 βουλόμεθα
2385 1598 2453 1642 γὰρ

234 1643 327 1677 κατὰ
351 1642 464 1687 μηδὲν
489 1642 666 1677 ἐλάττονα
687 1643 754 1686 τὴν
779 1640 890 1688 ἀρχὴν
913 1643 1051 1686 ταύτην
1073 1645 1136 1686 τῆς
1159 1645 1223 1678 τοῦ
1245 1642 1368 1677 δουκὸς
1393 1642 1498 1688 ἀρχῆς
1522 1643 1761 1687 καθεστάναι,
1795 1641 1869 1677 ἀλλ’
1894 1641 2113 1686 ἀντέχεσθαι
2135 1647 2211 1688 μέν,
2236 1641 2284 1677 ῶς
2307 1643 2453 1688 εἴρηται,

233 1689 296 1731 τῆς
316 1689 394 1721 τῶν
425 1686 608 1731 δημοσίων
639 1687 850 1732 εἰςπράξεως
875 1688 941 1722 σὺν
966 1686 1186 1734 σφοδρότητι
1211 1687 1319 1735 πάσῃ,
1342 1685 1561 1731 ἀντέχεσθαι
1586 1687 1626 1722 δὲ
1648 1692 1708 1722 καὶ
1731 1690 1792 1731 τῆς
1815 1689 1892 1723 τῶν
1917 1686 2076 1723 ἰδιωτῶν
2100 1686 2292 1730 ἀπαθείας,
2317 1691 2376 1721 καὶ
2401 1687 2450 1732 μὴ

235 1735 431 1777 συγχωρεῖν
458 1732 548 1776 μήτε
579 1735 652 1766 τοῖς
682 1731 933 1777 περιβλέπτοις
964 1731 1061 1773 δουξὶ
1092 1733 1182 1776 μήτε
1213 1737 1285 1766 τοῖς
1317 1732 1582 1778 λαμπροτάτοις
1613 1733 1798 1779 φυλάρχοις
1826 1734 1914 1775 μήτε
1943 1737 2016 1767 τινὶ
2043 1735 2121 1768 τῶν
2146 1732 2313 1767 δυνατῶν
2332 1732 2452 1774 οἴκων,

235 1775 323 1810 ἀλλὰ
355 1775 445 1820 μηδὲ
475 1778 529 1820 τῷ
562 1777 657 1819 θείῳ
686 1775 791 1820 ἡμῶν
823 1781 1050 1822 πατριμονίῳ
1082 1777 1105 1820 ἢ
1135 1781 1208 1811 τοῖς
1239 1779 1355 1811 θείοις
1385 1777 1490 1821 ἡμῶν
1524 1777 1714 1822 πριβάτοις
1737 1774 1758 1820 ἢ
1782 1779 1835 1819 τῷ
1860 1778 1955 1820 θείῳ
1977 1777 2081 1821 ἡμῶν
2104 1778 2191 1820 οἴκῳ
2215 1777 2283 1820 τὴν
2306 1776 2453 1811 οἱανοῦν

235 1823 352 1867 ἑπαγα
377 1825 430 1855 εῖν
460 1824 534 1855 τοῖς
561 1820 743 1867 ἡμετέροις
774 1819 962 1855 ὑποτελέσι
994 1823 1135 1863 ζημίαν,
1167 1820 1249 1855 οὐδὲ
1280 1822 1566 1855 κατακλίνεσθαι
1589 1819 1672 1856 οὐδὲ
1694 1825 1847 1866 τρέμειν,
1876 1819 1949 1855 ἀλλ’
1977 1821 2156 1865 ἀνδρικῶς
2178 1822 2256 1856 τῶν
2278 1818 2452 1864 ὑπηκόων

235 1863 335 1921 ἡγεῖσ
357 1879 407 1945 δατ
435 1868 495 1899 καὶ
510 1864 647 1944 ιιἶτάντα
667 1866 842 1910 πράττειν
865 1863 989 1900 ὁπόσα
1013 1867 1073 1901 ἐπὶ
1097 1868 1170 1900 τοῖς
1193 1864 1312 1900 ἄλλοις
1334 1864 1585 1912 μοδεράτωρσι
1608 1865 1829 1910 νενόμισται.
1877 1869 1936 1899 καὶ
1960 1863 2057 1900 οὕτω
2080 1866 2126 1900 τὰ
2151 1869 2232 1911 περὶ
2255 1867 2332 1900 τῶν
2355 1863 2452 1900 ὅλων

236 1924 335 1954 αυτῳ
380 1923 504 1945 ιοικεισ
538 1925 585 1945 αι.

235 2033 363 2075 ductis,
394 2032 626 2077 omnibusque
656 2031 705 2066 ad
734 2032 811 2067 eius
842 2031 1032 2066 utilitatem
1061 2032 1164 2072 actis,
1192 2035 1391 2077 propterea
1411 2031 1620 2076 putavimus
1643 2035 1809 2077 oportere
1833 2033 1939 2068 etiam
1962 2032 2213 2078 maqistratum
2235 2032 2455 2068 Plioeniciae

236 2078 286 2113 ad
307 2077 483 2112 Libanum
515 2087 564 2112 ex
589 2076 786 2110 ordinariis
808 2076 846 2109 in
870 2075 1099 2121 spectabilem
1125 2075 1340 2118 transferre,
1372 2080 1407 2110 et
1430 2075 1669 2110 moderatoris
1690 2076 1850 2121 formam
1874 2077 1906 2112 ei
1931 2076 2018 2112 dare
2041 2080 2076 2113 et
2099 2088 2264 2112 annonas
2286 2077 2320 2113 ei
2342 2088 2456 2122 usque

236 2123 284 2158 ad
307 2123 427 2157 decem
458 2121 540 2156 auri
563 2120 675 2156 libras
698 2121 898 2165 assiqnare,
922 2120 974 2155 ita
998 2123 1038 2155 ut
1061 2121 1140 2166 ipse
1164 2120 1306 2165 quidem
1356 2123 1481 2166 ropter
1505 2119 1599 2155 lianc
1619 2121 1881 2166 promotionem
1901 2121 1991 2166 fisco
2015 2120 2108 2156 nihil
2123 2121 2299 2168 praebere
2317 2122 2453 2162 debeat,

234 2167 297 2203 sed
313 2165 530 2202 Phoeniciae
553 2165 681 2201 scrinii
703 2168 883 2200 tractator
906 2164 1025 2200 decem
1052 2169 1190 2200 tantum
1214 2165 1299 2200 auri
1334 2165 1432 2200 ibras
1455 2175 1597 2200 annuas
1621 2165 1679 2201 det
1701 2176 1750 2201 ex
1766 2175 1905 2201 canone
1920 2165 2075 2202 eiusdem
2083 2166 2297 2212 provinciae
2313 2170 2454 2212 specta-

236 2212 298 2247 bili
319 2222 390 2257 pro
415 2214 572 2256 tempore
592 2210 800 2256 primicerio
825 2209 1106 2245 clarissimorum
1132 2210 1358 2245 tribunorum
1380 2210 1607 2245 notariorum
1624 2221 1699 2256 pro
1724 2221 1869 2246 munere
1891 2221 2007 2257 nuper
2023 2210 2056 2246 ei
2073 2210 2216 2254 tributo,
2234 2212 2333 2257 quod
2347 2212 2453 2247 etiam

236 2256 443 2301 beneficium
465 2258 708 2301 nuncupatur,
739 2259 775 2289 et
801 2254 874 2290 illis
897 2255 983 2289 solis
1006 2258 1195 2290 contentus
1216 2255 1273 2289 sit.
1319 2253 1532 2290 Moderator
1555 2259 1674 2290 autem
1697 2266 1720 2290 a
1743 2255 1949 2291 muneribus
1972 2255 2134 2291 omnibus
2151 2266 2287 2308 purum
2309 2266 2347 2292 se
2370 2266 2454 2292 con-

236 2305 363 2344 servet,
391 2304 500 2346 atque
529 2300 635 2336 etiam
659 2303 858 2336 ceterorum
882 2299 1034 2335 militum
1058 2299 1254 2334 ministerio
1278 2302 1412 2341 utatur,
1437 2299 1617 2345 quomodo
1638 2300 1671 2335 ei
1692 2310 1798 2335 sacra
1822 2304 1947 2336 nostra
1971 2301 2179 2336 constitutio
2201 2300 2375 2347 permittit
2383 2313 2397 2342 ;

371 2345 417 2382 ΙΙ.
465 2349 707 2381 verumtamen
736 2345 907 2379 eximium
937 2344 991 2378 illi
1020 2344 1148 2379 damus
1168 2343 1452 2389 fortissimorum
1479 2343 1835 2380 Tertiodelmatorum
1858 2356 2057 2388 numerum,
2115 2345 2153 2380 ui
2174 2345 2212 2380 in
2237 2344 2455 2381 Phoenicum

236 2392 385 2438 reqione
417 2393 482 2432 est,
510 2394 552 2425 ut
580 2390 614 2424 ei
646 2388 838 2425 oboediant
865 2399 1016 2434 eumque
1046 2392 1245 2435 sequantur
1275 2393 1310 2424 et
1337 2390 1445 2424 iussis
1467 2389 1544 2424 eius
1561 2395 1730 2435 pareant,
1762 2400 1995 2436 quaecunque
2017 2393 2052 2426 et
2099 2401 2118 2426 e
2141 2390 2368 2436 vectiqalium
2391 2401 2456 2426 ex-

238 2435 438 2471 actionibus
469 2438 505 2470 et
533 2433 578 2470 de
606 2433 824 2480 reipublicae
853 2433 1046 2479 disciplina
1077 2437 1112 2469 et
1136 2433 1179 2469 de
1202 2433 1385 2469 civitatum
1409 2433 1653 2470 incolumitate
1671 2434 1886 2481 procedunt.
1934 2434 2036 2470 Haec
2057 2435 2171 2480 iqitur
2195 2435 2314 2470 omnia
2338 2435 2455 2470 excel—

238 2481 385 2516 lentiam
409 2485 507 2515 tuam
530 2479 710 2521 scientem,
734 2479 903 2524 quoniam
926 2479 1034 2514 etiam
1053 2481 1254 2525 praecepta
1277 2489 1300 2513 a
1324 2478 1428 2513 nobis
1448 2479 1534 2523 fieri
1554 2479 1653 2514 iussa
1675 2483 1761 2514 sunt
1775 2479 1824 2514 ad
1839 2479 1944 2514 liuius
1961 2480 2197 2524 maqistratus
2213 2480 2454 2525 praefectum,

236 2526 418 2561 sancimus
442 2524 561 2559 decem
582 2524 666 2558 illas
686 2534 758 2570 pro
783 2523 937 2558 annonis
961 2523 1072 2558 libras
1095 2523 1178 2558 auri
1201 2534 1250 2558 ex
1270 2523 1482 2568 provinciae
1498 2523 1640 2559 tributis
1655 2524 1882 2568 constituere,
1906 2524 1957 2559 ita
1973 2529 2014 2559 ut
2029 2524 2171 2559 minime
2186 2524 2454 2566 imminuantur,

238 2581 331 2617 quae
354 2569 436 2605 dari
460 2569 657 2604 constituta
679 2571 766 2603 sunt
787 2569 981 2613 quotannis
1008 2579 1030 2602 a
1052 2568 1279 2614 publicarum
1297 2568 1480 2603 rationum
1491 2572 1736 2614 procuratore
1752 2569 1939 2615 spectabili
1949 2569 2158 2614 primicerio
2174 2569 2454 2604 clarissimorum

236 2618 258 2651 1
305 2614 529 2650 tribunorum
553 2613 792 2655 notariorum,
824 2612 888 2648 sed
921 2624 965 2648 ne
988 2624 1045 2660 am
1075 2612 1145 2647 lius
1176 2612 1318 2658 quidem
1349 2613 1540 2658 quicquam
1572 2613 1606 2648 ei
1628 2613 1794 2648 addatur.
1844 2612 1900 2648 Sit
1923 2617 2041 2648 autem
2063 2614 2219 2659 primum
2243 2614 2278 2649 ei
2297 2613 2453 2649 studium

237 2664 278 2696 ut
303 2660 395 2705 fisco
424 2658 636 2705 prospiciat,
668 2657 819 2694 alterum
851 2661 891 2692 ut
914 2625 1142 2703 disciplinam
1166 2660 1265 2692 curet
1288 2657 1482 2700 civitatum,
1513 2658 1656 2693 tertium
1684 2662 1723 2694 ut
1745 2658 1884 2693 iustitia
1903 2668 1992 2704 erqa
2013 2659 2179 2703 privatos
2202 2661 2346 2700 utatur,·
2376 2668 2455 2693 cum

239 2705 359 2740 omnia
390 2706 443 2746 (ut
474 2703 608 2738 dictum
637 2705 703 2744 est)
727 2712 821 2747 quae
843 2702 980 2748 scripta
1004 2706 1088 2737 sunt
1112 2713 1134 2737 a
1157 2701 1260 2737 nobis
1282 2701 1320 2736 in
1343 2713 1451 2737 sacra
1474 2706 1602 2738 nostra
1625 2703 1878 2738 constitutione
1902 2703 1946 2738 de
1967 2706 2065 2738 statu
2086 2702 2350 2738 moderatorum
2372 2702 2454 2738 reli-

237 2751 261 2785 2
297 2758 521 2795 quorumque
543 2747 819 2793 maqistratuum
842 2750 951 2788 statu,
975 2748 1080 2782 etiam
1101 2747 1138 2781 in
1160 2746 1222 2782 illo
1248 2746 1363 2782 locum
1388 2746 1552 2783 habeant.
1601 2746 1642 2782 Si
1661 2758 1745 2783 vero
1761 2747 1879 2783 dictus
1893 2746 2100 2782 devotorum
2117 2747 2456 2783 tertiodelmatorum

238 2804 408 2829 numerus
435 2803 486 2828 ea:
516 2793 674 2827 iussione
704 2795 830 2827 nostra
854 2792 892 2826 in
915 2791 989 2826 alia
1014 2791 1261 2836 transferatur
1284 2790 1376 2834 loca,
1400 2803 1468 2826 nos
1490 2792 1526 2826 in
1547 2791 1624 2826 eius
1648 2791 1764 2827 locum
1787 2791 1938 2826 alterum
1962 2791 2019 2826 illi
2041 2791 2326 2827 substituendum
2345 2801 2450 2826 cura-

238 2840 364 2881 bimus,
388 2842 429 2873 ut
450 2836 543 2872 nihil
564 2848 643 2872 eum
666 2837 810 2872 omnino
834 2847 884 2872 ex
905 2836 1014 2871 solito
1037 2841 1074 2872 et
1095 2836 1300 2882 sufficiente
1323 2837 1465 2871 auxilio
1489 2836 1641 2880 deficiat.
1691 2836 1904 2882 Spectabilis
1927 2839 2043 2871 autem
2068 2835 2148 2872 dux
2170 2836 2305 2870 nullam
2325 2835 2456 2871 habeat

233 2887 378 2930 partem
410 2883 449 2917 in
479 2893 522 2918 ea
554 2891 662 2927 quam
694 2880 854 2916 discimus
884 2882 1045 2916 ratione:
1068 2892 1184 2926 neque
1206 2881 1298 2916 enim
1323 2881 1601 2917 communionem
1625 2881 1657 2916 ei
1677 2891 1753 2916 esse
1776 2881 1937 2917 volumus
1961 2884 2025 2915 aut
2047 2891 2126 2915 cum
2150 2880 2319 2916 militibus
2342 2880 2453 2914 nomi-

239 2928 352 2963 natim
381 2927 476 2962 datis
506 2925 695 2972 spectabili
725 2925 964 2967 moderatori,
997 2930 1061 2960 aut
1092 2936 1171 2960 cum
1201 2925 1427 2972 privatorum
1459 2925 1546 2967 ullo,
1578 2936 1692 2971 neque
1722 2927 1759 2960 in
1791 2925 1911 2961 lilibus
1938 2925 2094 2967 illorum,
2125 2927 2157 2960 si
2187 2935 2279 2970 quas
2302 2925 2396 2960 inter
2416 2935 2455 2959 se

239 2973 405 3014 habeant,
439 2982 554 3017 neque
582 2971 614 3005 si
643 2970 724 3015 quis
758 2970 985 3016 privatorum
1023 2981 1106 3005 reus
1141 2970 1210 3005 sit.-
1246 2971 1284 3005 in
1320 2970 1450 3015 quibus
1484 2970 1620 3005 nullam
1653 2971 1686 3005 ei
1714 2975 1860 3016 partem
1896 2969 2069 3013 dedimus,
2104 2970 2275 3015 quoniam
2308 2968 2458 3004 multum

238 3018 387 3054 interest
409 3017 503 3052 inter
524 3015 714 3051 militarem
739 3025 863 3050 curam
887 3018 923 3050 et
946 3015 1083 3051 civilem
1106 3014 1450 3050 administrationem
1465 3019 1574 3060 atque
1589 3014 1677 3050 haec
1693 3025 1768 3050 esse
1784 3015 1962 3050 disiuncta
1980 3018 2133 3061 oportet,
2159 3013 2455 3060 quemadmodum

232 3067 364 3108 patres
393 3061 613 3107 reipublicae
644 3060 748 3095 nobis
779 3059 995 3095 ordinarunt
1026 3063 1060 3094 et
1087 3060 1360 3095 constituerunt.
1409 3058 1605 3105 Sciantque
1635 3059 1847 3105 spectabiles
1877 3059 1997 3100 duces,
2028 3059 2060 3094 si
2090 3058 2197 3094 rebus
2226 3059 2387 3094 civilibus
2416 3069 2456 3093 se

239 3107 435 3141 immiscere
465 3106 546 3141 ausi
573 3105 661 3146 sint.
694 3115 739 3139 ne
770 3105 943 3139 militares
967 3104 1110 3149 quidem
1132 3115 1170 3140 se
1193 3104 1420 3140 exercituros
1443 3115 1519 3140 esse
1542 3108 1577 3140 et
1600 3103 1683 3140 ltuic
1706 3104 1935 3150 maqistratui
1957 3103 2150 3139 subiectum
2174 3104 2230 3138 iri.
2285 3102 2455 3138 Volumus

239 3152 332 3187 enim
364 3152 401 3186 in
432 3150 534 3185 nulla
564 3160 604 3185 re
634 3149 848 3194 inferiorem
879 3147 974 3183 hunc
1003 3149 1256 3195 maqistratum
1286 3147 1387 3184 ducis
1409 3150 1625 3195 maqistratu
1648 3159 1735 3191 esse,
1766 3148 1829 3185 sed
1849 3159 1997 3194 operam
2020 3148 2108 3184 dare
2131 3148 2224 3183 sicut
2246 3147 2379 3183 dictum
2402 3151 2456 3182 est

236 3196 414 3240 fiscalium
433 3195 618 3230 eoeactioni
641 3205 720 3229 cum
753 3194 849 3229 omni
877 3194 1076 3235 severitate,
1110 3204 1259 3240 operam
1285 3193 1374 3228 dare
1403 3194 1510 3229 etiam
1535 3194 1766 3239 privatorum
1795 3193 2045 3235 incolumitati,
2077 3203 2143 3228 nec
2162 3192 2368 3239 permittere
2392 3195 2456 3227 aut

238 3240 492 3285 spectabilibus
523 3238 674 3274 ducibus
705 3242 771 3273 aut
801 3238 1012 3273 clarissimis
1036 3238 1189 3274 tribunis
1212 3242 1276 3274 aut
1298 3237 1363 3273 ulli
1386 3249 1435 3274 ex
1459 3238 1622 3274 domibus
1638 3237 1854 3285 potentium,
1877 3237 1942 3273 secl
1967 3248 2011 3272 ne
2034 3248 2141 3273 sacro
2169 3236 2312 3282 quidem
2328 3240 2454 3272 nostro

241 3285 460 3330 patrimonio
492 3287 557 3319 aut
584 3284 700 3319 sacris
722 3284 857 3318 nostris
885 3282 1039 3329 privatis
1068 3287 1134 3318 aut
1162 3292 1291 3318 sacrae
1313 3286 1459 3318 nostrae
1482 3282 1613 3326 domui,
1638 3286 1679 3318 ut
1701 3283 1893 3329 quicquam
1916 3281 2039 3317 damni
2060 3283 2226 3318 subiectis
2249 3281 2383 3317 nostris
2401 3281 2455 3316 in-

239 3330 376 3374 ferant,
400 3339 466 3365 nec
486 3328 584 3373 flecti
606 3338 671 3364 nec
688 3327 881 3374 trepidare,
905 3327 970 3362 sed
983 3327 1136 3372 fortiter
1152 3327 1319 3363 subiectis
1329 3337 1502 3373 praeesse
1519 3328 1709 3373 omniaque
1723 3328 1862 3372 facere,
1880 3337 2125 3373 quaecumque
2143 3327 2181 3362 in
2196 3326 2279 3362 aliis
2294 3326 2455 3362 modera-

243 3374 379 3411 toribus
401 3373 529 3410 valent.
576 3374 693 3419 Atque
715 3373 769 3408 ita
793 3383 886 3418 quae
909 3371 959 3408 ad
981 3382 1102 3407 rerum
1124 3382 1296 3408 summam
1313 3372 1501 3419 pertinent
1523 3373 1569 3409 ab
1593 3382 1635 3409 eo
1660 3371 1966 3408 administrentur.

242 3457 1602 3465 —ss—ffl—fflffl*

287 3521 307 3552 4
337 3518 548 3563 προαγωγῆς
572 3518 770 3557 Zachariae]
801 3516 1037 3562 προσαγωγῆς
1058 3516 1100 3548 Μ
1129 3515 1141 3558 11
1177 3519 1195 3549 6
1225 3513 1311 3558 λαμ·
1380 3515 1444 3548 τοῦ
1464 3517 1509 3549 Μ
1535 3517 1547 3559 ΙΙ
1580 3519 1622 3551 16
1645 3516 1676 3550 εἰ
1696 3517 1790 3557 ἔχειν
1807 3516 1857 3558 M
1887 3517 1947 3548 καὶ
1970 3517 2064 3557 ἔχειν
2088 3515 2274 3549 Zachariae
2307 3513 2319 3555 ΙΙ
2349 3514 2391 3546 23
2404 3526 2452 3556 sq.

242 3561 413 3606 προτάτῳ
438 3565 654 3614 πριμικηρίῳ
675 3562 750 3595 τῶν
772 3558 1027 3613 περιβλέπτων
1041 3557 1246 3613 τριβούνων
1262 3561 1313 3613 Ag,
1381 3556 1747 3613 οὗδὲ-οὗδὲ-ορδὲ
1767 3561 1838 3627 (ἱρά
1859 3557 1943 3638 ‘gin
1967 3560 1997 3593 εἰ
2020 3559 2185 3637 τιὲἰὲὶ-ΙΙΙ,
2206 3570 2298 3634 8εὲνὲ
2324 3557 2456 3634 ἶςέὁζιὲοε-ίί

244 3606 865 3694 21¹¹Mu¹⁹0M
881 3604 1314 3691 iziz-3522232232222025
1379 3603 1807 3693 2332010‘5521‘0552223522
1826 3604 1840 3650 ¹¹
1997 3616 2046 3647 μ’]
2155 3614 2204 3646 ‘⁰²
2310 3614 2358 3644 ‘⁹²

244 3704 304 3727 σιν
327 3696 383 3727 sed
399 3697 440 3736 cf.
453 3707 489 3737 p.
507 3695 560 3736 69,
576 3693 617 3738 811
632 3696 681 3727 13·
693 3691 771 3727 duri
785 3694 844 3739 Mu
859 3697 898 3728 15
923 3696 1138 3739 πριμικυρίῳ
1151 3693 1212 3739 Ml]
1223 3694 1311 3735 τῶν]

2477 463 2495 494 5

2477 794 2517 825 10

2478 1017 2518 1049 15

2477 1240 2518 1272 20

2477 1465 2520 1498 25

2478 1691 2520 1723 30

2478 1918 2518 1950 35
