2618 4010
1313 145 1396 192 504

1395 261 1432 295 et
1463 257 1729 304 quadriangulis
1763 262 1800 295 et
1832 260 1974 298 talibus.

1396 307 1480 339 sunt
1495 313 1586 348 quae
1602 305 1830 348 sparguntur,
1845 308 1946 342 tanto
1960 306 2079 359 plures
2096 308 2329 352 suscipientes
2345 310 2460 342 erunt.

1395 349 1517 393 Sitque
1538 348 1591 383 rei
1612 358 1779 384 mensura
1801 348 1918 385 dantis
1941 354 2051 388 virtus
2073 356 2110 388 et
2132 353 2294 389 voluntas
2318 352 2390 387 sive
2408 352 2461 387 ni-

1395 394 1445 429 hil
1474 396 1538 428 aut
1560 392 1737 429 mediocre
1765 396 1829 429 aut
1850 396 2104 433 transcendens
2126 398 2259 443 populo
2284 395 2461 441 erogandi.

1362 441 1382 474 5
1395 438 1475 474 Hoc
1494 437 1587 473 enim
1606 438 1643 473 in
1660 437 1848 474 consulatu
1867 438 2063 484 definimus,
2082 451 2107 477 n
2152 453 2197 478 ne
2216 442 2344 478 invitos
2364 453 2380 477 s
2407 451 2461 477 ar-

1394 493 1477 528 gere
1509 485 1673 527 cogentes
1704 493 1819 528 neque
1849 484 2005 520 volentes
2035 487 2139 531 probi
2165 492 2273 523 entes.
2321 487 2365 522 Se
2418 487 2463 521 de

1397 531 1543 573 argento
1568 528 1708 572 quidem
1731 527 1930 573 spargendo
1956 528 2008 564 ita
2030 539 2054 565 s
2075 532 2178 567 nobis
2200 532 2374 568 sancitum
2397 531 2461 575 sit3

251 583 332 606 νους
355 570 562 606 κωλύοντες.
609 568 700 606 ἀλλὰ
721 585 768 606 τα
790 573 858 616 μὲν
889 575 971 618 περὶ
996 585 1059 606 του
1083 586 1150 607 τον
1174 586 1329 620 αργυρον
1397 575 1434 608 et
1453 573 1485 608 si
1503 573 1643 609 omnino
1668 573 1714 608 ad
1737 573 1805 608 hoc
1828 574 2029 617 accesserit,
2052 575 2230 612 licentiam
2245 578 2376 612 habeat
2390 576 2462 611 dis-

251 617 393 662 ῥίπτειν
422 613 537 651 οὕτως
559 614 646 660 ἡμῖν
669 617 990 662 νενομοθετήσθω,
1025 621 1084 652 καὶ
1108 619 1207 665 εἴπερ
1237 615 1330 652 ὅλως
1397 617 1576 653 tribuendi
1599 618 1735 663 argenti
1757 617 2034 654 munificentiam
2062 620 2100 655 in
2123 621 2197 657 suis
2226 621 2461 667 processioni—

250 664 313 696 ἐπὶ
341 662 449 696 τοῦτο
472 658 656 706 ὁρμήσειε,
689 667 894 708 παρρησίαν
924 664 1034 705 ἐχέτω
1058 665 1123 697 τοῦ
1148 661 1329 706 διανεῖμαι
1344 665 1384 697 10
1398 663 1474 705 bus,
1498 663 1592 699 sicut
1613 663 1690 709 ipse
1710 666 1808 699 recte
1830 672 1869 698 se
1890 663 2021 699 habere
2043 666 2230 709 putaverit,
2253 667 2329 703 solo
2345 667 2462 711 prohi-

249 707 320 750 τὴν
341 708 405 741 τοῦ
428 703 583 753 ἀργύρου
606 705 815 752 φιλοτιμίαν
846 709 886 741 ἐν
915 711 992 742 ταῖς
1016 704 1125 742 αὐτοῦ
1149 706 1328 754 προόδοις,
1396 708 1470 743 bito
1489 717 1615 744 aurum
1639 708 1780 743 omnino
1802 708 1963 752 iaculari,
1986 709 2080 755 quod
2099 709 2301 756 imperatori
2325 714 2463 748 tantum

250 750 424 797 καθάπερ
456 748 564 786 αὐτὸς
587 748 712 798 ὀρθῶς
743 751 910 797 ἐνόμισεν
940 755 1045 796 ἔχειν,
1079 751 1192 796 μόνου
1219 766 1326 787 neuw-
1395 753 1567 789 tributum
1590 755 1646 789 est
1669 753 1883 798 contingere.

251 796 401 841 λυμένου
430 797 496 831 τοῦ
527 801 673 842 χρυσίον
707 793 801 832 ὅλως
831 795 1039 843 ἀκοντίσαι,
1073 798 1116 832 τὸ
1148 799 1194 845 τῇ
1223 802 1326 842 βασι-

250 841 327 885 λεία
349 839 444 889 μόνῃ
465 839 555 888 παρ’
579 839 684 886 ἡμῶν
713 839 967 891 ἀφωρισμένον
997 842 1269 890 προςάψασθαι.

249 887 274 924 2
325 889 406 921 Τῶν
428 890 553 931 μέντοι
574 900 615 933 γε
637 886 761 922 ἄλλων
790 888 868 922 τῶν
890 885 980 932 παρ’
1006 886 1109 932 ἡμῶν
1140 887 1327 934 διωρισμέ-
1342 889 1419 933 152
1465 888 1623 924 Aliorum
1643 890 1763 923 autem
1787 898 1876 933 quae
1895 899 1918 925 a
1938 890 2040 926 nobis
2064 890 2206 926 decreta
2223 894 2306 926 sunt
2324 894 2360 926 et
2380 901 2463 927 con-

249 946 328 967 νων
351 935 411 966 καὶ
434 934 731 979 ἐγγεγραμμένων
753 934 797 980 τῇ
819 930 1012 981 ἀπογραφῇ
1042 935 1087 980 τῇ
1110 932 1206 977 τῷδε
1229 947 1327 980 περι·
1396 933 1531 978 scripta
1563 933 1601 985 in
1629 933 1868 1013 descrigtione
1910 944 2001 980 quae
2043 935 2112 971 hac
2153 935 2356 972 continetur
2388 936 2465 980 lege

249 980 396 1024 εχομένῃ
420 978 474 1021 τῷ
498 978 601 1022 νόμῳ
626 979 839 1023 παραβῆναί
866 991 903 1012 τι
934 977 1120 1014 παντελῶς
1150 976 1173 1023 ἢ
1205 977 1327 1020 αὔξειν
1394 978 1599 1014 transcendi
1629 978 1737 1023 aliqul
1791 979 1932 1015 omnino
1963 983 2027 1015 aut
2057 980 2141 1016 addi
2171 991 2236 1017 nos
2265 981 2362 1016 nullo
2385 990 2463 1026 per-

249 1021 272 1078 r}
301 1023 427 1067 μειοῦν
457 1019 589 1056 οὐδένα
618 1024 871 1070 συγχωροῦμεν
899 1023 1047 1069 τρόπον.
1095 1024 1139 1059 τὸ
1162 1026 1230 1069 μὲν
1258 1025 1327 1070 γὰρ
1395 1024 1565 1059 mittimus
1588 1023 1703 1059 modo.
1750 1023 1853 1068 Quod
1874 1025 1995 1069 itaque
2019 1025 2196 1061 infinitum
2220 1030 2274 1062 est
2304 1026 2464 1068 (dicimus

249 1065 296 1102 αό
321 1079 424 1102 ιστον
455 1069 586 1114 (φαμὲν
617 1066 657 1102 δὲ
679 1067 722 1103 τὸ
756 1069 911 1114 ῥίπτειν)
935 1071 995 1104 ἐπὶ
1014 1070 1058 1116 τῇ
1079 1070 1142 1104 τοῦ
1164 1067 1328 1105 διδόντος
1395 1074 1514 1104 autem
1538 1071 1727 1113 spargere),
1759 1070 1795 1104 in
1823 1069 1940 1105 dantis
1970 1071 2135 1115 ponimus
2166 1071 2359 1114 voluntate,
2391 1082 2464 1107 om-

248 1081 403 1157 ‘affauens
431 1114 558 1161 γνώμῃ
583 1117 780 1156 παντοίως,
812 1111 862 1148 ὠς
886 1110 1116 1155 αὐτεξούσιον
1147 1111 1236 1149 αὐτὸ
1271 1116 1324 1157 τῷ
1341 1115 1382 1148 20
1395 1115 1479 1149 nino
1503 1114 1670 1159 propriae
1694 1115 1882 1158 potestatis
1911 1115 1979 1151 hoc
2003 1116 2079 1151 eius
2112 1116 2170 1161 qui
2194 1116 2255 1152 dat
2284 1116 2464 1159 facienteS‚

250 1156 355 1193 δόντι
371 1159 576 1202 ποιοῦντες,
600 1158 643 1192 τὸ
666 1156 706 1192 δὲ
725 1155 815 1204 παρ’
834 1156 939 1203 ἡμῶν
955 1158 1156 1204 ὡρισμένον
1172 1173 1211 1194 τε
1226 1157 1327 1201 ἅπαξ
1396 1159 1491 1204 quod
1513 1168 1595 1194 vero
1621 1169 1644 1194 a
1666 1159 1768 1194 nobis
1793 1159 1975 1195 definitum
1999 1163 2054 1196 est
2077 1162 2183 1197 semel
2202 1165 2239 1197 et
2255 1162 2465 1203 ordinatum,

250 1207 310 1238 καὶ
328 1200 610 1249 διατεταγμένον
630 1201 863 1250 ὑπερβαίνειν
883 1201 947 1238 ὅδε
965 1202 1070 1249 ἡμῶν
1089 1202 1109 1239 ὁ
1130 1204 1239 1250 νόμος
1257 1218 1326 1239 κω·
1395 1203 1600 1240 transcendi
1631 1204 1720 1240 haec
1755 1208 1877 1240 nostra
1911 1205 1968 1240 lex
1998 1206 2172 1251 prohibet.
2220 1206 2290 1242 Sed
2321 1207 2351 1242 si
2385 1207 2463 1252 quis

249 1247 334 1283 λύει.
381 1245 461 1283 ἀλλ’
488 1249 524 1282 εἴ
540 1260 594 1283 τις
624 1248 811 1294 τολμήσειε
836 1249 879 1283 τὸ
904 1247 1143 1295 διωρισμένον
1165 1251 1326 1294 ἐκβῆναι,
1394 1249 1670 1294 praesumpserit
1710 1250 1803 1293 quod
1840 1250 2021 1286 definitum
2059 1255 2115 1287 est
2149 1252 2286 1297 egredi,
2325 1256 2464 1287 centum

250 1296 394 1330 centum
410 1294 580 1329 librarum
597 1294 675 1329 auri
698 1293 904 1338 καταθήσει
919 1294 1062 1338 ποινήν,
1087 1293 1136 1330 ὠς
1158 1295 1222 1330 τὰς
1244 1293 1326 1339 ἡμε-
1395 1294 1567 1330 librarum
1590 1294 1669 1329 auri
1692 1294 1869 1339 persolvet
1891 1304 2061 1340 poenam,‘
2085 1299 2208 1341 utpote
2225 1300 2346 1333 nostra
2362 1307 2465 1342 prae-

249 1342 353 1384 τέρας
375 1339 544 1384 παραβὰς
567 1338 772 1385 προετάξεις
795 1342 855 1373 καὶ
877 1339 945 1374 τὸν
961 1336 1109 1375 ἅπαντα
1132 1338 1236 1375 τοῦδε
1260 1341 1325 1374 τοῦ
1340 1341 1380 1374 25
1394 1340 1570 1375 varicatus
1602 1343 1794 1384 praecepta
1824 1344 1859 1376 et
1888 1351 2025 1377 omnem
2056 1342 2161 1377 huius
2192 1342 2279 1386 legis
2307 1353 2464 1378 corrum-

249 1383 362 1429 νόμου
393 1382 624 1430 διαφθείρων
653 1382 697 1419 τό
721 1398 762 1431 γε
784 1381 845 1428 ἐφ’
871 1385 988 1429 ἑαυτῷ
1011 1386 1160 1421 σκοπόν.
1207 1386 1238 1419 εἰ
1256 1386 1326 1433 γὰρ
1394 1395 1481 1430 pens
1511 1388 1681 1429 quantum
1712 1385 1750 1420 in
1779 1395 1817 1420 se
1845 1385 2086 1422 intentionem.
2134 1387 2171 1422 Si
2195 1388 2286 1422 enim
2309 1398 2373 1432 pro
2397 1388 2465 1423 hac

250 1429 343 1464 κατὰ
372 1430 509 1473 ταύτην
532 1427 576 1472 δὴ
603 1428 722 1474 μόνην
750 1429 915 1465 τέθειται
946 1431 1015 1474 τὴν
1037 1429 1234 1477 πρόφασιν,
1267 1431 1327 1464 ἵνα
1394 1430 1635 1466 tantummodo
1667 1430 1784 1475 posita
1815 1433 1870 1466 est
1893 1431 2090 1476 occasione,
2124 1442 2169 1467 ne
2192 1432 2389 1468 dandorum
2411 1432 2464 1467 in-

249 1475 298 1519 μὴ
327 1476 372 1521 τῇ
402 1475 482 1509 τῶν
505 1473 707 1518 διδομένων
738 1471 890 1520 ἀμετρία
920 1475 963 1510 τὸ
993 1477 1071 1510 τῶν
1093 1473 1248 1510 ὑπάτων
1271 1477 1325 1510 tx·
1395 1476 1581 1511 mensitate
1603 1475 1809 1510 consulatus
1834 1476 1959 1518 desint,
1985 1481 2021 1512 et
2040 1481 2230 1522 propterea
2251 1488 2317 1513 nos
2341 1488 2465 1523 super-

251 1518 386 1565 λείποι,
409 1523 470 1554 καὶ
494 1517 555 1554 διὰ
576 1521 684 1554 τοῦτο
708 1518 807 1565 ἡμεῖς
829 1520 893 1555 τὰς
915 1521 1085 1567 περιττὰς
1109 1523 1243 1555 ἐκείνας
1267 1519 1326 1555 δό-
1393 1520 1486 1557 fluas
1508 1520 1588 1556 illas
1613 1520 1773 1556 dationes
1805 1523 1841 1556 et
1863 1531 2037 1566 expensas
2060 1522 2340 1558 adbreviavimus
2371 1528 2407 1558 et
2429 1523 2466 1558 in

250 1576 323 1600 σεις
351 1577 392 1599 τε
421 1567 481 1599 καὶ
504 1563 670 1601 δαπάνας
693 1565 966 1609 συνεστείλαμεν
995 1569 1055 1600 καὶ
1079 1565 1143 1600 τὰς
1169 1566 1216 1600 εἰς
1239 1565 1325 1610 πλῆ-
1339 1567 1382 1600 30
1394 1566 1565 1611 populum
1590 1566 1719 1601 effusas
1743 1566 1989 1611 processiones
2021 1570 2057 1602 et
2080 1568 2285 1612 spectacula
2309 1568 2354 1603 ad
2377 1568 2467 1604 bene

250 1611 320 1645 θος
343 1611 572 1654 έκκεχυμένας
595 1608 770 1656 προόδους
791 1624 831 1645 τε
855 1614 914 1644 καὶ
931 1611 1020 1645 θέας
1039 1612 1085 1646 εἰς
1103 1609 1328 1646 εὐσύνοπτον
1395 1621 1434 1646 se
1456 1611 1645 1646 habentem
1677 1611 1885 1647 deduximus
1909 1621 2127 1655 mensuram,
2159 1613 2227 1648 rite
2250 1613 2383 1658 aliquid
2405 1613 2465 1648 de-

250 1653 429 1702 ἠγάγομεν
451 1658 592 1700 μέτρον,
617 1659 677 1690 καὶ
695 1656 781 1690 ἴσως
804 1670 840 1690 τι
863 1659 923 1690 καὶ
947 1657 1024 1691 τῶν
1038 1656 1327 1704 γλαφυρωτέρων
1396 1656 1533 1692 centius
1566 1657 1608 1692 de
1639 1656 1795 1692 numeris
1828 1657 2110 1700 considerantes,
2146 1658 2183 1693 id
2214 1660 2267 1694 est
2298 1668 2466 1703 spargere

407 1700 415 1710 ¹
469 1697 478 1710 ²
1020 1701 1028 1711 ⁸
1068 1703 1077 1714 ‘
1229 1700 1244 1710 '¹
1394 1706 1577 1745 argentum
1608 1705 1672 1736 aut
1694 1711 1807 1746 neque
1834 1702 2022 1746 quicquam
2053 1703 2138 1739 dare
2169 1703 2360 1739 eorundem
2381 1714 2466 1739 con-

344 1759 368 1788 η
389 1743 476 1790 μηδ’
502 1759 630 1781 οτιουν
662 1744 805 1780 διδόναι
827 1758 905 1781 ταις
929 1759 1053 1782 αυτων
1074 1761 1152 1782 των
1174 1759 1327 1782 υπατων
1394 1747 1511 1782 sulum
1534 1746 1749 1782 dimittentes
1772 1746 2026 1791 voluntatibus,
2051 1752 2091 1784 ut
2107 1748 2209 1784 nobis
2228 1749 2298 1785 sint
2314 1748 2465 1794 amplius

252 1791 528 1826 ανατεθεικότες
554 1792 734 1836 γνώμαις,
769 1787 870 1826 ὅπως
897 1789 982 1836 ἡμῖν
1013 1793 1157 1827 ἔσονται
1188 1791 1327 1827 πλείους
1339 1794 1381 1827 35
1394 1795 1431 1827 et
1459 1801 1597 1836 semper
1629 1801 1673 1827 ex
1701 1802 1766 1827 suo
1800 1792 1971 1828 vocabulo
2006 1794 2146 1838 tempus
2178 1794 2367 1829 adornent:
2404 1794 2465 1838 qui

251 1839 312 1871 καὶ
326 1837 373 1884 τῇ
395 1833 485 1882 παρ’
507 1837 648 1871 ἑαυτῶν
672 1840 885 1884 προςηγορία
907 1836 975 1871 τὸν
996 1838 1128 1882 χρόνον
1151 1840 1326 1882 κοσμοῖεν,
1395 1837 1490 1882 quod
1513 1837 1723 1882 dispositum
1746 1840 1801 1872 est
1823 1837 2053 1880 transcendit,
2077 1838 2144 1874 rite
2167 1842 2291 1883 utpote
2307 1840 2464 1874 nostram

251 1879 273 1917 ὖ
296 1881 340 1917 τὸ
359 1879 638 1929 διατεταγμένον
658 1883 840 1926 ἐκβαίνων
859 1880 1007 1917 εἰκότως
1024 1881 1070 1916 ἂν
1089 1879 1137 1916 ὠς
1158 1882 1227 1917 τὸν
1245 1880 1328 1927 ἡμέ-

256 149 362 193 Nov.
392 148 463 192 CV
492 150 518 190 2

2105 164 2165 195 ne
2194 156 2464 196 consumme

254 263 313 294 καὶ
329 262 483 292 καυκίοις
506 260 565 292 καὶ
581 261 833 303 τετραγωνίοις
852 261 913 292 καὶ
933 260 1005 293 τοῖς
1025 257 1207 294 τοιούτοις.
1247 255 1326 303 ὅσῳ

252 304 320 350 γὰρ
337 301 384 337 ἄν
397 301 612 347 μικρότερον
634 302 687 344 εἴη
702 303 746 336 τὸ
764 302 996 347 ῥιπτόμενον,
1011 303 1172 346 τοσούτῳ
1189 302 1327 339 πλείους

253 347 290 382 οἷ
315 346 570 391 λαμβάνοντες.
615 348 670 390 τῷ
701 344 743 381 δὲ
764 346 949 394 πράγματι
970 350 1102 393 μέτρον
1127 345 1150 391 ἡ
1180 349 1244 383 τοῦ
1273 346 1325 383 δι-

253 391 379 427 δόντος
401 389 552 436 δύναμίς
574 404 614 426 τε
636 394 695 424 καὶ
719 404 748 427 π
792 396 938 438 αι’ρεσις,
962 389 1049 427 ὥςτε
1064 390 1086 434 ἢ
1101 390 1187 437 μηδ’
1202 390 1327 428 ὁτιοῦν

252 435 276 480 ἢ
296 439 443 482 μέτριον
466 435 487 479 ἢ
510 435 732 481 ὑπερβαῖνον
779 436 944 472 ιαδοῦναι
975 438 1028 480 τῷ
1053 435 1174 482 δήμῳ·
1219 439 1326 472 τοῦτο

250 482 321 528 γὰρ
338 483 398 516 ἐπὶ
414 484 492 515 ταῖς
507 478 693 516 ὑπατείαις
716 479 884 528 ὁρίζομεν
907 481 989 517 οὔτε
1012 481 1164 517 ἄκοντας
1183 484 1326 528 ῥίπτειν

251 523 510 573 ἀναγκάζοντες
541 524 624 560 οὔτε
654 526 888 580 βουλομένους
919 540 959 561 τε
990 530 1058 581 καὶ,
1082 526 1329 582 φξλοτιιμουμεὲ

2022 262 2163 307 Quanto
2199 262 2292 298 enim
2325 261 2464 298 minora.

251 1704 334 1747 περὶ
351 1711 438 1755 Jove
458 1700 635 1756 aqt‘ffpaqias
658 1699 971 1757 noosevvoboapoei:
991 1715 1033 1755 το
1058 1706 1200 1757 oin-‘cetu
1222 1715 1326 1756 αργυ-

251 2016 517 2065 quadranqulis
539 2020 575 2053 et
596 2015 636 2051 id
656 2026 772 2063 ⁴qenus
794 2016 886 2052 aliis.
934 2015 1078 2059 Quanto
1102 2017 1195 2052 enim
1218 2016 1360 2052 minora
1389 2019 1472 2051 sunt
1503 2026 1598 2062 quae
1627 2019 1865 2068 sparquntur,
1899 2019 1999 2051 tanto
2025 2015 2153 2061 plures
2183 2022 2290 2052 erunt
2319 2018 2382 2063 qui
2404 2029 2465 2054 ac-

251 2063 395 2109 cipient.
441 2060 576 2098 Modus
598 2072 682 2097 vero
705 2062 762 2097 rei
781 2061 830 2097 sit
852 2061 973 2096 dantis
995 2067 1029 2097 et
1050 2062 1214 2106 facultas
1244 2067 1281 2097 et
1303 2061 1479 2102 voluntas,
1510 2065 1552 2095 ut
1573 2059 1629 2096 vel
1651 2060 1743 2095 mlnl
1765 2060 1823 2096 vel
1841 2060 1981 2096 modica
2014 2060 2072 2096 vel
2092 2061 2209 2107 effusa
2230 2063 2369 2109 populo
2394 2063 2463 2098 dis-

252 2107 387 2144 tribuat
392 2120 406 2150 ;
445 2106 515 2142 hoe
537 2107 629 2143 enim
653 2107 697 2142 de
719 2106 961 2142 consulatibus
982 2106 1181 2151 definimus,
1213 2106 1276 2152 qui
1298 2117 1413 2152 neque
1433 2105 1564 2141 invitos
1586 2116 1761 2151 sparqere
1783 2115 1956 2151 coqamus
1978 2116 2093 2150 neque
2115 2107 2273 2144 volentes
2294 2112 2330 2143 et
2351 2108 2465 2143 muni-

247 2154 319 2200 fice
341 2153 538 2199 larqientes
564 2151 831 2198 prohibeamus.
879 2149 953 2186 Sed
971 2161 1066 2197 quae
1096 2151 1146 2186 ad
1167 2162 1211 2186 ar
1237 2155 1357 2187 entum
1386 2149 1631 2196 sparqendum
1661 2154 1827 2197 spectant
1857 2151 1908 2184 ita
1939 2150 2042 2185 uobis
2071 2151 2211 2187 sancita
2233 2152 2326 2188 sint:
2360 2158 2396 2189 et
2418 2154 2464 2189 si-

252 2197 393 2246 quidem
418 2197 563 2233 omnino
587 2196 638 2232 ad
658 2196 727 2232 koc
750 2196 959 2238 accesserit,
992 2196 1171 2232 licentiam
1227 2196 1333 2231 abeat
1354 2200 1528 2241 arqentea
1557 2205 1707 2230 munera
1736 2195 1774 2229 in
1791 2195 2088 2241 processionibus
2117 2197 2192 2231 suis
2219 2196 2466 2241 distribuendi,

277 2242 548 2281 uemadmodum
570 2242 649 2288 ipse
678 2242 718 2277 id
739 2246 835 2278 recte
864 2252 903 2277 se
926 2240 1057 2277 habere
1079 2241 1283 2288 putaverit,
1315 2251 1395 2276 cum
1417 2239 1534 2275 solum
1562 2240 1615 2275 uti
1641 2251 1685 2275 ue
1708 2240 1852 2275 vetitum
1882 2240 1929 2275 sit
1953 2251 2081 2276 aurum
2104 2241 2278 2286 iaculari,
2307 2242 2347 2278 id
2369 2244 2467 2289 quod

250 2255 276 2326 Ξ
320 2288 536 2335 imperatori
561 2287 632 2323 soli
661 2298 685 2322 a
713 2287 816 2323 nobis
845 2286 1062 2322 destinatum
1092 2290 1146 2322 est
1175 2286 1364 2333 attinqere.
1481 2283 1544 2320 Ex
1566 2295 1606 2320 re
1621 2284 1716 2330 zquis
1739 2295 1823 2320 vero
1851 2295 1944 2330 quae
1975 2296 1998 2320 a
2021 2285 2125 2321 nobis
2146 2285 2294 2331 definita
2315 2295 2401 2323 sunt
2430 2294 2465 2323 et

251 2333 486 2380 descriptioni
516 2343 610 2379 quae
639 2331 707 2367 hac
739 2332 816 2378 leqe
846 2332 1050 2367 continetur
1077 2331 1213 2366 inserta
1245 2331 1389 2366 omnino
1420 2330 1612 2376 quicquam
1641 2330 1816 2366 excedere
1847 2329 1903 2366 vel
1933 2341 2067 2376 auqere
2094 2330 2151 2366 vel
2178 2331 2337 2368 minuere
2366 2333 2465 2369 nullo

250 2379 358 2414 modo
376 2378 629 2425 permittimus,
677 2377 772 2412 Nam
795 2377 895 2424 quod
915 2387 989 2412 non
1011 2380 1066 2412 est
1088 2376 1272 2421 definitum
1295 2375 1353 2418 (de
1370 2375 1577 2422 sparqendo
1599 2375 1805 2421 loquimur),
1828 2375 1866 2410 in
1887 2375 2069 2411 voluntate
2092 2375 2213 2411 dantis
2233 2377 2377 2413 omnino
2395 2389 2465 2425 po-

250 2426 380 2466 nimus,
404 2434 484 2459 cum
506 2422 546 2458 id
567 2422 618 2458 ad
639 2422 827 2458 arbitrium
851 2423 927 2457 eius
950 2422 1014 2468 qui
1035 2420 1175 2457 dederit
1196 2422 1412 2467 referamus,
1468 2419 1542 2455 uod
1563 2431 1648 2456 vero
1671 2420 1781 2456 semel
1802 2431 1825 2455 a
1847 2419 1950 2455 nobis
1973 2420 2156 2465 definitum
2180 2425 2215 2456 et
2238 2422 2467 2458 constitutum

250 2474 304 2506 est
326 2469 457 2505 violari
486 2467 574 2504 haec
596 2468 659 2504 lex
681 2472 810 2503 nostra
833 2471 939 2503 vetat.
986 2465 1060 2502 Sed
1081 2467 1115 2502 si
1136 2466 1217 2512 quis
1247 2465 1287 2501 id
1308 2477 1380 2512 quo
1429 2431 1613 2510 ‹Zefinitum
1635 2468 1690 2501 est
1709 2464 1884 2501 excedere
1907 2476 2018 2500 ausus
2038 2466 2097 2508 sit,
2130 2470 2269 2501 eentum
2292 2467 2467 2503 librarum

251 2515 335 2551 auri
355 2524 511 2561 poenam
533 2513 663 2555 solvet,
694 2517 818 2559 utpote
841 2513 908 2559 qui
922 2516 1125 2559 praecepta
1148 2514 1275 2547 nostra
1298 2511 1445 2547 violarit
1473 2515 1507 2546 et
1531 2515 1643 2546 totum
1667 2509 1774 2546 huius
1797 2510 1887 2556 leqis
1909 2510 2096 2546 consilium
2126 2515 2300 2557 quantum
2323 2512 2362 2548 in
2384 2513 2466 2560 ipso

250 2564 304 2596 est
319 2563 542 2606 corrumpat.
590 2557 734 2594 Etenim
753 2558 786 2593 si
804 2569 848 2594 ea
872 2557 915 2593 ob
934 2557 1027 2593 hane
1048 2557 1162 2592 solam
1186 2567 1332 2592 eausam
1357 2556 1432 2591 lata
1448 2559 1512 2598 est,
1535 2566 1580 2591 ne
1596 2566 1645 2591 ex
1663 2555 1853 2591 immodica
1876 2565 2060 2591 munerum
2085 2555 2279 2602 largitione
2303 2558 2467 2593 eonsules

250 2605 431 2651 deficiant,
463 2614 599 2650 nosque
628 2603 709 2639 ideo
739 2613 1029 2649 supervacaneas
1054 2602 1139 2637 illas
1160 2601 1324 2638 dationes
1355 2606 1389 2637 et
1411 2604 1573 2648 sumptus
1596 2601 1846 2636 contraximus
1876 2604 1911 2635 et
1934 2600 1972 2635 in
1993 2601 2139 2636 nimium
2163 2611 2182 2635 e
2214 2612 2299 2637 usas
2315 2612 2466 2649 proces-

250 2651 371 2687 siones
398 2653 433 2685 et
454 2649 663 2695 spectacula
694 2647 744 2683 ad
774 2653 1018 2695 opportunum
1042 2646 1186 2683 modum
1208 2647 1425 2693 redegimus,
1458 2652 1492 2681 et
1520 2646 1685 2691 fortasse
1715 2646 1821 2681 etiam
1851 2645 2052 2692 expolitius
2080 2645 2180 2692 aliqu
2249 2647 2287 2681 in
2310 2648 2467 2684 ‚numeris

250 2696 399 2742 insuper
413 2694 537 2730 rimati
555 2705 677 2730 sumus
695 2693 740 2729 de
754 2693 962 2740 sparqendo
983 2697 1172 2738 arqentum
1197 2696 1262 2727 aut
1280 2691 1373 2727 nillil
1393 2691 1515 2727 dando
1536 2691 1626 2737 ipsis
1646 2691 1851 2727 consulibus
1870 2690 2022 2726 arbitrio
2037 2692 2227 2738 permisso,
2252 2703 2325 2738 quo
2336 2693 2467 2739 plures

250 2742 324 2777 sint
345 2739 450 2776 nobis
480 2744 590 2786 atque
613 2750 663 2775 ex
684 2750 751 2774 suo
775 2739 916 2774 nomine
949 2742 1086 2785 tempus
1109 2741 1305 2774 exornent:
1346 2737 1409 2782 qui
1439 2737 1479 2772 id
1507 2735 1607 2782 quod
1636 2737 1865 2772 constitutum
1894 2739 1949 2771 est
1974 2735 2119 2772 excedit
2149 2736 2276 2772 merito
2306 2743 2348 2773 ut
2377 2738 2466 2784 leqis

1393 2872 1449 2913 sit]
1475 2874 1522 2904 est
1551 2869 1607 2916 Τ11
1623 2872 1642 2906 8
1666 2870 1768 2904 licent
1784 2872 1855 2913 (sic)
1873 2871 1906 2904 T
1915 2870 1926 2891 ¹
1942 2870 1955 2914 11
1972 2870 2071 2904 habet
2091 2870 2176 2914 VTn
2194 2872 2215 2905 9
2239 2870 2466 2904 munificentia

315 2878 336 2911 2
358 2875 512 2911 τοσοῦτο
536 2876 580 2908 Μ
598 2876 612 2915 11
636 2877 658 2909 4
681 2870 776 2908 ὥστε
799 2887 857 2907 om.
879 2885 899 2910 ς
921 2872 934 2917 ΙΙ
957 2875 977 2907 5
1002 2869 1192 2908 διαδοῦναι
1216 2873 1262 2907 Μ
1266 2873 1326 2914 (cll
2207 2915 2215 2922 ·

1393 2917 1500 2950 RVT
1518 2916 1530 2960 11
1562 2918 1602 2950 10
1625 2927 1659 2950 se
1688 2916 1823 2960 Vvulq.]
1849 2928 1907 2949 om.
1933 2916 2000 2949 RT
2025 2915 2037 2959 11
2063 2917 2233 2958 putauerit
2255 2915 2374 2949 habere
2397 2916 2432 2949 R
2453 2915 2466 2961 11

252 2919 397 2957 διδόναι
422 2922 452 2955 L
474 2920 486 2966 11
517 2924 535 2954 7
560 2931 601 2954 τε
623 2921 683 2953 καὶ
706 2917 1011 2965 φιλοτιμουμένοις
1035 2930 1127 2955 οηι.ς
1154 2918 1167 2962 11
1197 2920 1235 2952 11
1263 2914 1326 2950 αὖ·

251 2967 317 3002 τοῦ
342 2968 506 3011 Scrimqer
532 2966 545 3007 11
577 2967 617 3001 12
641 2963 820 3008 ἐνόμισε-ν]
850 2964 1019 3007 putaverit
1042 2975 1078 3003 σς
1111 2965 1171 3008 leq.
1196 2960 1244 2997 ἂν
1266 2974 1326 2997 νο·

251 3012 363 3059 play?
381 3012 394 3056 11
411 3013 452 3046 13
467 3006 561 3045 ὅλως
577 3006 666 3045 ἇκον
683 3023 721 3044 ea:
736 3009 830 3065 ἕγειν
847 3023 929 3043 corr.
942 3010 974 3043 L
990 3009 1003 3053 11
1023 3011 1064 3044 13
1077 3022 1125 3053 eq.
1143 3009 1209 3042 τοῦ
1224 3008 1270 3054 τῇ
1284 3027 1325 3032 -

252 3054 502 3104 ἀφωρισμένον
525 3057 557 3090 L
573 3058 584 3096 11
613 3059 653 3091 14
677 3067 751 3100 παρ
790 3051 895 3098 ἡμῶν
919 3067 977 3089 om.
994 3066 1014 3091 ς
1031 3055 1044 3099 11
1065 3052 1327 3099 προςάψασθαι

253 3105 488 3147 Spanqenbery
505 3115 543 3136 ex
558 3103 589 3143 ς]
613 3098 637 3144 ἢ
660 3098 929 3146 προσάψασθαι
953 3100 1026 3133 ML
1041 3099 1054 3138 ΙΙ
1076 3101 1116 3133 16
1140 3099 1184 3142 τῆ
1209 3101 1242 3132 in
1259 3111 1324 3132 ras.

253 3149 284 3182 L
306 3150 318 3192 11
348 3147 393 3194 τῇ
416 3143 512 3190 τιξίδε
542 3148 773 3192 περιεχομένῃ
798 3146 841 3179 M
845 3147 876 3186 ς]
910 3147 971 3177 καὶ
1001 3141 1097 3178 τῶδε
1125 3144 1327 3189 περιεχομέ·

252 3206 331 3228 νων
346 3194 378 3227 L
395 3193 409 3237 1
426 3194 467 3227 18
490 3189 514 3235 ἢ
534 3192 659 3236 μειοῦν
683 3204 741 3225 om.
757 3203 777 3227 ς
791 3190 804 3235 11
822 3186 963 3230 οὐδένα]
987 3185 1070 3223 κατ’
1087 3185 1218 3223 οὐδένα
1238 3189 1328 3222 malit

253 3240 440 3273 Zachariae
455 3237 469 3282 Ι
486 3239 529 3272 20
549 3232 648 3270 azir&
663 3236 718 3270 τῶ
735 3232 839 3269 δόντι
858 3235 1024 3269 ποιοῦντι
1044 3235 1075 3268 L
1094 3236 1106 3277 11
1130 3235 1173 3268 24
1196 3231 1328 3267 ἑκατὸν

254 3282 387 3328 λιτρῶν
408 3285 552 3328 χρυσίου
577 3283 607 3315 L
630 3282 642 3325 11
669 3282 711 3316 26
731 3281 860 3314 ἑαυτοῦ
885 3281 934 3314 La
959 3280 972 3323 11
997 3281 1039 3314 28
1063 3276 1238 3314 ὑπόντων
1261 3279 1293 3312 L
1315 3277 1327 3322 11

254 3331 296 3363 32
308 3331 368 3362 καὶ
382 3327 480 3369 ἴσως]
500 3329 564 3360 rite
576 3328 609 3369 (ι’.
621 3340 647 3360 e.
662 3324 843 3367 εἰκότωςῗ)
859 3338 878 3362 ς
894 3326 905 3366 11
924 3327 984 3358 καὶ
1001 3338 1059 3358 οηι.
1074 3337 1094 3361 ς
1107 3328 1120 3369 11
1138 3326 1182 3359 33
1200 3325 1327 3369 *προς-

254 3373 485 3416 εννοήσαμεν]
502 3370 737 3415 ἐννοήσαντες
749 3370 839 3416 πρὸς
851 3371 920 3404 ML
937 3370 1181 3403 considerantes
1196 3369 1231 3402 id
1247 3371 1295 3402 est
1307 3380 1327 3405 ς

256 3416 358 3463 (πρὸς
381 3419 442 3451 del.
463 3418 664 3461 Homber9k;
685 3418 793 3461 possis
816 3418 910 3450 etiam
933 3417 1071 3449 scribere
1095 3411 1327 3457 ἑννοὴσαντις

254 3460 303 3496 ὣς
326 3464 429 3496 deleta
452 3464 615 3506 particula
639 3463 699 3495 καὶ
722 3469 794 3495 ante
817 3460 904 3494 ἴσως
927 3463 969 3504 cs:
990 3462 1036 3494 ad
1053 3473 1084 3492 v.
1100 3461 1156 3501 32)
1175 3460 1186 3504 ΙΙ
1203 3461 1246 3494 34
1266 3455 1326 3492 αὗ-

255 3507 331 3540 τῶν
353 3508 442 3549 τῶν]
467 3507 643 3541 eorundem
666 3509 700 3549 (i.
722 3520 748 3540 ε.
771 3506 849 3540 τῶν
870 3502 1005 3548 αὐτῶν)
1029 3517 1049 3541 ς
1079 3506 1093 3549 11
1122 3507 1163 3540 35
1187 3502 1328 3539 πλείους

256 3553 326 3592 καὶ]
350 3552 491 3595 amplius
515 3556 547 3585 et
569 3562 693 3595 semper
717 3563 737 3589 ς

326 3684 342 3715 1
369 3682 459 3715 st-in
482 3683 734 3725 quadrangulis
756 3684 790 3718 R
816 3683 830 3727 Ι
858 3685 880 3718 4
901 3684 1060 3717 mediocri
1084 3683 1168 3727 13²2
1195 3685 1216 3719 5
1239 3683 1327 3717 invi-

257 3727 321 3768 tos]
343 3726 471 3759 inuitus
493 3727 543 3759 13²
571 3728 701 3760 inuitus
722 3729 751 3761 si
773 3729 834 3761 hos
861 3727 939 3772 ΤῑΙ
962 3731 981 3763 7
1005 3729 1229 3771 despui-gendo
1244 3730 1291 3763 R·
1313 3727 1328 3772 fl

1395 2964 1433 2995 11
1458 2964 1567 2994 tamen
1590 2962 1622 2995 Τ
1629 2961 1639 2981 ¹
1658 2961 1670 3003 11
1689 2962 1728 2994 12
1749 2961 1917 3003 contigere
1935 2961 1967 2994 Τ
1973 2961 1984 2981 ¹
2008 2961 2200 3003 oontignere
2222 2961 2278 3005 ῘῙΙΙ
2298 2961 2338 2995 16
2359 2960 2408 3003 in]
2433 2967 2466 2994 et

1393 3007 1428 3038 in
1447 3006 1533 3039 RT²
1554 3008 1565 3048 11
1589 3007 1803 3039 eontinentur
1818 3006 1925 3039 R¹V¹
1939 3006 1992 3048 Τ11
2013 3009 2052 3040 17
2074 3005 2267 3039 transcend·
2285 3006 2334 3039 R¹
2358 3009 2464 3039 trans-

1393 3052 1570 3084 scendendi
1585 3051 1629 3085 T¹
1645 3051 1658 3095 11
1675 3054 1734 3084 aut
1755 3064 1814 3085 om.
1831 3051 1877 3083 R¹
1895 3050 1908 3093 11
1926 3052 1966 3085 19
1987 3053 2193 3093 spargentem
2209 3051 2260 3084 T¹
2277 3050 2290 3094 11
2304 3061 2466 3093 ponamus

1393 3107 1460 3130 esse
1483 3096 1689 3130 uoluntatem
1718 3097 1766 3130 Τι
1789 3096 1801 3140 11
1825 3097 1868 3130 20
1891 3095 1954 3128 hoo
1977 3109 2035 3129 om.
2064 3095 2126 3139 Τ11
2151 3095 2221 3138 qui]
2246 3096 2301 3128 cui
2326 3096 2358 3129 T
2366 3097 2375 3117 ¹
2406 3097 2465 3139 qui

1392 3142 1447 3174 cui
1465 3143 1511 3175 R*
1528 3141 1541 3186 11
1560 3143 1598 3176 21
1620 3142 1791 3175 definitum
1808 3143 1877 3183 cet]
1903 3140 2022 3185 initum
2043 3143 2091 3174 est
2109 3159 2154 3166 —
2179 3143 2219 3175 27
2235 3140 2375 3186 tantum}
2401 3153 2463 3175 scr.

1393 3187 1443 3219 R²
1468 3189 1499 3220 in
1524 3200 1588 3220 ras.
1610 3188 1630 3220 3
1648 3200 1697 3220 vv.
1724 3186 1737 3231 11
1763 3186 1948 3220 ordinatam
1972 3186 2006 3218 R
2015 3199 2067 3229 pr.
2093 3186 2105 3229 11
2131 3187 2173 3220 22
2197 3184 2464 3220 transsoendendi

1393 3232 1479 3265 RT¹
1495 3231 1507 3276 11
1534 3233 1576 3266 24
1600 3233 1674 3265 auri
1698 3244 1757 3265 om.
1779 3232 1840 3275 Vfl
1864 3233 1982 3274 utpute
2008 3232 2039 3264 Τ
2065 3234 2186 3274 utputa
2209 3231 2242 3264 R
2263 3231 2275 3274 11
2301 3232 2343 3265 25
2368 3239 2463 3263 omne

1402 3277 1451 3309 V¹
1469 3277 1481 3315 ΙΙ
1506 3278 1548 3311 26
1568 3280 1685 3319 quater
1706 3276 1756 3311 T¹
1772 3276 1785 3321 11
1808 3276 1857 3310 sic
1877 3277 1963 3308 enim
1987 3278 2116 3308 tantum
2138 3286 2199 3318 pro
2219 3276 2281 3308 hao
2299 3274 2396 3308 modo
2414 3273 2463 3316 1711

1394 3323 1434 3355 27
1460 3326 1498 3355 tfi
1519 3322 1615 3355 modo
1641 3321 1705 3365 ΤΙ
1730 3323 1790 3363 est]
1814 3324 1864 3355 est
1887 3321 1940 3354 lex
1966 3321 1998 3354 T
2007 3322 2062 3354 vul
2085 3346 2093 3354 .
2116 3320 2129 3365 11
2154 3321 2357 3354 occasionem
2378 3317 2428 3351 R*
2450 3318 2462 3359 11

1393 3369 1446 3408 ne]
1470 3377 1531 3400 nee
1550 3367 1599 3401 V³
1612 3381 1636 3401 s.
1651 3380 1679 3401 v.
1726 3367 1970 3400 inmensitatem
1990 3335 2082 3409 VTfl
2095 3367 2136 3400 28
2161 3365 2280 3398 deserit
2298 3364 2333 3397 V
2346 3361 2461 3395 defluit

1395 3413 1446 3445 Τα
1465 3412 1477 3455 11
1499 3412 1680 3455 superfluos
1731 3412 1742 3432 ¹
1757 3412 1770 3455 11
1789 3413 1831 3446 29
1847 3410 2115 3444 adbreuiabimus
2135 3411 2167 3444 V
2185 3408 2412 3460 ⁸db¹⁰¹352¹¹3¹¹⁸
2434 3407 2466 3439 T

1393 3457 1646 3491 abrouiamusR
1664 3458 1676 3499 11
1699 3458 1742 3491 30
1767 3456 1976 3500 expectacula
1997 3456 2104 3489 RVT
2142 3454 2237 3495 bens]
2258 3452 2304 3485 lm
2323 3452 2383 3491 (⁸1⁰
2397 3463 2459 3494 pro

1390 3499 1447 3541 ᾗῇ)
1475 3503 1503 3534 R
1522 3502 1535 3546 11
1558 3504 1596 3536 31
1625 3502 1780 3535 habentes
1807 3503 1839 3535 T
1855 3501 1868 3540 11
1895 3501 1970 3542 rite]
1995 3501 2079 3534 forts
2140 3497 2222 3540 eek'
2246 3496 2290 3530 32
2312 3495 2459 3528 conside-

1393 3550 1508 3580 rant-s
1531 3547 1606 3591 17¹ss
1626 3548 1666 3581 33
1691 3548 1878 3589 argentum]
1902 3556 2020 3579 aurum
2049 3544 2123 3587 ΤἸ
2139 3544 2198 3576 aut
2220 3541 2458 3592 ρεεηὸνΐιφρεη]

1393 3596 1431 3625 ut
1455 3592 1629 3636 RTvu!q.,
1653 3605 1711 3626 om.
1734 3593 1764 3625 V
1806 3601 1918 3624 eorum
1941 3589 2030 3623 ΒΤ*
2082 3589 2125 3623 34
2147 3585 2353 3635 ᾶθωῒῒθῦῒθῤ
2378 3586 2425 3618 T¹
2447 3586 2460 3630 11

1393 3635 1621 3679 uoluptatibus
1632 3637 1666 3670 R
1683 3636 1696 3679 Ι
1710 3637 1756 3670 nit
1813 3636 1860 3670 51⁷¹
1876 3635 1889 3679 11
1907 3636 1950 3669 35
1963 3633 2044 3667 ador
2054 3633 2195 3666 nunant
2215 3628 2268 3670 VH
2286 3639 2345 3671 qm
2358 3631 2457 3671 quod]

1392 3682 1474 3724 quid
1497 3681 1629 3724 quidem
1654 3681 1705 3715 Τι
1730 3681 1744 3725 Ι
1771 3681 1815 3716 36
1838 3682 1925 3713 recte
1949 3677 2001 3712 Τ*
2021 3677 2036 3721 Ι
2063 3676 2181 3719 utput-
2203 3674 2334 3716 (utputo
2355 3675 2457 3718 Vpr.)

1402 3727 1449 3760 V*
1460 3727 1491 3759 T
1503 3727 1516 3771 Ι
1533 3731 1644 3760 nostra
1663 3725 1713 3759 R·
