2618 4010
112 172 114 174 >
179 151 388 184 ISAURIAE

1243 129 1318 178 211
1955 132 2063 177 Nov.
2094 132 2260 176 XXVII
2289 135 2315 174 2
2344 146 2411 189 ep.

177 256 238 287 καὶ
261 253 325 287 τοῦ
350 250 501 297 κόμητοε
529 250 591 294 τῆς
612 246 723 294 Ὲῴας
754 252 814 283 καὶ
838 247 926 296 πρός
955 263 996 298 γε
1023 249 1086 284 τοῦ
1109 244 1261 294 κόμητος
1330 245 1469 282 comItis
1494 246 1712 283 Pacatianae
1732 245 1907 292 Phrygiae
1929 245 2165 292 Galatiaeque
2187 245 2336 300 primae.
2373 245 2412 282 Si

178 299 239 342 τῆς
261 297 492 340 Πακιντιανῆε
514 298 670 343 Φρυγίας
694 293 876 330 Γαλατίας
895 308 936 330 τε
958 293 1114 341 πρώτης.
1157 294 1203 328 Εἰ
1220 291 1263 328 δέ
1330 302 1401 338 qua
1423 302 1507 328 vero
1530 292 1567 328 in
1591 291 1733 329 Isauria
1757 302 1947 327 causarum
1970 292 2086 328 minor
2109 292 2219 327 fuerit
2238 291 2410 337 quingen-

178 354 232 377 τις
253 344 333 378 τῶν
357 343 397 376 ἐν
410 339 566 386 Ἰσαυρίᾳ
590 339 704 376 δικῶν
728 337 890 375 ἐλάττων
912 340 964 385 εἴη
985 342 1064 376 τῶν
1085 352 1258 375 πεντακο-
1328 342 1446 374 torum
1467 348 1667 382 aureorum,
1699 337 1828 372 deinde
1850 338 1916 373 sub
1941 336 2182 383 appellatione
2205 336 2281 380 fiat,
2313 337 2410 373 hanc

178 391 271 422 σι’ων
299 388 454 435 χρυσοῖν,
491 387 570 421 εἶτα
601 389 766 432 ἐφέσιμος
796 389 955 432 γένηται,
991 383 1123 430 ταύτης
1155 383 1260 419 αὐτὸς
1328 383 1407 429 ipse
1437 383 1558 419 audiet
1587 383 1784 420 secundum
1814 392 1999 418 sacrorum
2029 381 2287 419 auditoriorum
2318 382 2409 427 figu-

178 430 392 479 ἀκροάσρται
415 432 508 466 κατὰ
530 430 573 466 τὸ
603 433 682 466 τῶν
705 432 824 466 θείων
848 429 1098 478 ἀκροατηρίων
1123 431 1257 484 σχῆμα·
1296 434 1314 464 5
1328 439 1423 465 ram:
1462 429 1593 464 etenim
1616 429 1724 465 etiam
1754 428 1825 464 hoc
1850 428 1976 463 damus
2001 428 2051 470 ei,
2083 428 2293 464 nobiliorem
2315 428 2350 464 ei
2373 431 2410 464 et

178 482 239 512 καὶ
261 477 329 528 γὰρ
350 476 395 521 δὴ
414 479 474 511 καὶ
494 477 601 512 τοῦτο
619 475 767 522 δίδομεν
789 474 900 521 αὐτῷ,
921 480 1140 523 σεμνοτέραν
1159 475 1259 519 αυτῷ
1328 474 1365 511 in
1389 474 1458 510 hoc
1482 474 1824 511 administrationem
1849 472 2081 509 declarantes.

178 526 238 558 καὶ
261 521 354 561 κατὰ
375 523 482 557 τοῦτο
505 521 575 566 τὴν
598 519 712 568 ἀρχὴν
735 519 1011 567 ἀποφαίνοντες.

221 565 507 615 (Ἐπίλυγος.)
552 566 599 602 ‘H
612 572 737 603 τοίνυν
758 566 803 611 σὴ
821 565 977 614 ’ὑπεροχὴ
996 565 1088 602 κατὰ
1107 569 1259 612 μίμησιν
1371 565 1641 610 (Epilogus.)
1688 564 1768 600 Tua
1790 564 1896 609 igitur
1920 564 2093 600 celSItudo
2114 564 2310 600 secundum
2328 564 2407 600 imi-

177 614 256 652 τῶν
279 614 478 661 εἰρημένων
501 609 623 660 ἀρχῶν
647 615 706 647 καὶ
725 612 771 647 τὰ
794 615 876 659 περὶ
901 611 1013 647 αὑτὸν
1038 610 1257 653 διαταξάτω.
1326 611 1499 646 tationem
1515 613 1791 647 memoratorum
1809 609 2029 654 cingulorum
2045 612 2083 645 et
2098 610 2143 645 de
2158 609 2236 646 istis
2253 609 2406 647 ordinet.

176 655 430 703 Ὑποθήσομεν
476 657 521 706 ὰρ
545 659 670 702 [αὐτῷ]
702 661 762 693 καὶ
786 656 1004 705 ἀπογραφὴν
1034 655 1130 701 τῷδε
1154 653 1259 702 ἡμῶν
1275 660 1315 694 10
1327 655 1529 692 Subicimus
1561 656 1654 692 enim
1686 659 1722 691 et
1750 655 2023 700 descriptionem
2054 655 2140 691 huic
2171 657 2317 691 nostrae
2340 654 2410 700 legi

177 705 230 749 τῷ·
254 702 365 749 νόμῳ,
398 670 588 747 δηλοῦντες
610 708 649 738 τί
669 706 738 748 μὲν
763 701 874 738 αὐτόν
904 716 944 737 τε
974 706 1034 737 καὶ
1057 701 1125 745 τὴν
1149 699 1258 736 αὐτοῦ
1327 701 1569 744 declarantes,
1611 701 1695 746 quid
1729 700 1871 745 quidem
1908 701 2024 745 ipsum
2068 704 2104 736 et
2139 700 2215 736 eius
2250 699 2409 737 officium

176 749 281 790 τάξιν
302 752 362 784 καὶ
385 748 453 784 τὸν
474 746 583 784 αὐτοῦ
608 748 789 796 πάρεδρον
813 750 851 782 ἐκ
875 749 939 782 τοῦ
960 746 1132 792 δημοσίου
1156 758 1257 793 προς·
1328 746 1474 791 eiusque
1498 756 1717 783 assessorem
1741 746 1785 782 de
1807 745 1897 782 fisco
1922 749 2102 791 competat
2122 746 2298 791 accipere,
2324 746 2410 799 quid

176 792 252 838 ἠκει
275 795 507 840 κομίζεσθαι,
541 798 580 828 τί
603 793 642 828 δὲ
666 792 844 840 προφάσει
877 794 953 828 τῶν
980 791 1139 840 ἀρχικῶν
1163 789 1258 826 διὸό-
1327 795 1446 827 autem
1482 793 1672 828 occasione
1706 791 2068 828 administrativorum
2103 791 2189 827 dare
2226 791 2409 827 codicillo-

175 854 237 874 ναι
269 838 472 885 συμβόλων.
520 843 594 874 Καὶ
622 839 784 874 ἴστωσαν
815 838 851 872 οἱ
877 835 967 885 παρ’
992 838 1097 882 ἡμῶν
1125 834 1259 871 ταύτας
1326 847 1416 871 rum.
1463 837 1514 872 Et
1537 838 1655 873 sciant
1680 837 1740 883 qui
1763 847 1786 873 a
1809 837 1913 873 nobis
1937 847 2052 882 nuper
2075 839 2222 873 ornatas
2254 846 2320 883 per
2341 846 2409 872 nos

177 883 220 928 δὴ
255 884 317 920 τὰς
354 887 502 932 ἔναγχος
535 885 885 929 κατακοσμηθείσας
907 880 973 930 ὑφ’
1012 880 1116 928 ἡμῶν
1151 880 1259 937 ἀρχᾶς
1274 886 1312 919 15
1326 882 1654 918 administrationes
1689 882 1900 926 adsumunt,
1937 883 2021 927 quia
2054 882 2153 928 passi
2187 892 2312 919 sumus
2346 892 2410 927 pe·

176 929 539 976 παραλαμβάνοντες,
572 927 619 964 ὠς
648 927 877 973 ἠνεσχόμεθα
906 927 1071 975 χρήματά
1102 940 1143 962 τε
1166 928 1257 971 νπὲρ
1327 927 1453 963 eunias
1484 939 1550 972 pro
1576 929 1725 974 cingulis
1749 928 1967 965 sollemniter
1997 928 2139 964 oblatas
2167 927 2270 964 valde
2293 927 2409 973 repel-

175 977 254 1010 τῶν
287 972 410 1022 ἀρχῶν
446 977 602 1019 συνεχῶς
640 972 908 1021 προςφερόμενα
948 971 1135 1009 παντελῶς
1170 970 1256 1007 ἄπο·
1325 973 1399 1007 lere
1422 972 1581 1018 ipsisque
1602 974 1646 1009 de
1669 974 1814 1019 proprio
1838 978 1875 1009 et
1898 974 2144 1010 assessoribus
2171 983 2294 1009 eorum
2316 982 2410 1019 quae

176 1021 343 1055 σείεσθαι
368 1019 474 1055 αὐτοί
494 1035 535 1055 τε
557 1021 705 1055 οἴκοθεν
737 1023 797 1054 καὶ
820 1022 894 1053 τοῖς
917 1016 1108 1066 παρέδροις
1133 1015 1258 1052 αὐτῶν
1326 1028 1400 1052 non
1431 1018 1636 1054 habuerunt
1668 1020 1752 1055 dare
1784 1022 1821 1054 et
1852 1019 1981 1056 officiis
2014 1029 2105 1065 quae
2136 1019 2182 1055 ab
2214 1019 2296 1054 aliis
2325 1020 2411 1055 sunt

174 1064 268 1113 ἅπερ
291 1064 354 1100 οὐκ
378 1067 474 1109 εἶχον
498 1064 640 1101 διδόναι
667 1067 727 1099 καὶ
750 1067 828 1099 ταῖς
851 1063 973 1105 τάξεσι
996 1063 1042 1098 τὰ
1065 1060 1156 1110 παρ’
1183 1063 1256 1096 ἑτέ·
1325 1063 1448 1098 ablata
1471 1063 1591 1108 largiri
1622 1064 1781 1109 ipsisque
1813 1064 2163 1101 administratoribus
2194 1064 2332 1100 maiora
2354 1063 2408 1099 fa·

175 1124 251 1158 ρων
274 1109 485 1159 ἀφῃρημένα
516 1108 828 1157 φιλοτιμήσασθαι
859 1112 918 1143 καὶ
950 1106 1068 1143 αὐτοῖς
1099 1111 1173 1143 τοῖς
1196 1107 1256 1154 ἄρ·
1270 1111 1312 1144 20
1326 1118 1407 1143 cere
1431 1109 1680 1152 emolumenta,
1714 1114 1756 1144 ut
1779 1110 1936 1155 undique
1959 1114 2102 1146 nostros
2126 1110 2309 1146 subiectos
2333 1119 2408 1146 ser—

175 1169 274 1199 χουσι
297 1160 447 1201 μείζονα
467 1156 695 1199 ποιήσασθαι
716 1153 784 1198 τὴν
806 1155 1059 1200 παραμυθίαν,
1083 1155 1144 1188 ἵνα
1165 1166 1255 1189 παν·
1324 1163 1446 1189 vemus
1471 1154 1668 1190 inviolatos.
1719 1155 1756 1189 Si
1780 1159 1898 1191 autem
1932 1159 1968 1190 et
1991 1156 2131 1200 aliquos
2162 1155 2301 1191 iudices
2324 1154 2409 1191 vici-

174 1200 337 1244 ταχόθεν
372 1201 452 1236 τοὺς
484 1198 670 1247 ἡμετέρους
704 1196 880 1244 ὑπηκόους
915 1199 1128 1246 φυλάξωμεν
1164 1196 1254 1233 ἀπα·
1324 1209 1454 1235 narum
1478 1199 1548 1234 sibi
1571 1200 1755 1243 regionum
1779 1201 2005 1245 neglegentes
2025 1201 2202 1237 inveneris
2226 1201 2324 1236 circa
2346 1199 2408 1238 fis-

177 1247 264 1282 θεῖς.
311 1248 357 1281 Εἰ
381 1245 421 1281 δὲ
443 1250 505 1280 καί
526 1257 628 1280 τινας
648 1245 821 1291 ἄρχοντας
849 1245 929 1280 τῶν
952 1244 1106 1289 πλησίον
1131 1242 1256 1279 αὐτῶν
1325 1255 1423 1286 cum,
1459 1255 1532 1280 non
1568 1245 1678 1280 alium
1710 1245 1924 1288 destinabis,
1962 1246 2025 1282 sed
2059 1247 2157 1292 ipsos
2194 1246 2409 1292 spectabiles

175 1293 357 1339 ἐπαρχιῶν
387 1289 605 1335 ἀμελοῦντας
636 1288 748 1336 εὕροις
782 1293 865 1337 περὶ
897 1290 939 1325 τὸ
973 1289 1155 1335 δημόσιον,
1193 1287 1256 1332 οὐχ
1323 1289 1458 1325 iudices
1484 1290 1643 1334 urgebis,
1675 1294 1715 1325 ut
1738 1290 1808 1335 ipsi
1831 1291 2039 1327 immineant
2067 1302 2112 1328 ex
2135 1292 2251 1328 vicino
2284 1291 2409 1328 iudici-

173 1339 295 1382 ἕτερον
322 1338 524 1381 ἐκπέμψεις,
549 1333 628 1371 ἀλλ’
654 1334 783 1371 αὐτοὺς
799 1335 883 1371 τοὺς
902 1334 1175 1380 σπεκταβιλίους
1196 1332 1254 1379 ἆρ-
1268 1339 1310 1372 25
1324 1336 1403 1377 bus,
1426 1336 1457 1371 si
1472 1335 1702 1379 neglexerint,
1725 1339 1760 1371 et
1778 1339 1974 1381 procurent
1989 1337 2080 1373 haec
2097 1337 2263 1373 omnibus
2283 1337 2409 1373 inferri

171 1393 299 1424 χοντας
330 1381 544 1425 ένοχλήσεις,
578 1378 667 1416 ὥςτε
700 1379 827 1416 αὐτοὺς
863 1382 1082 1425 ἐπιτεθῆναι
1111 1384 1185 1416 τοῖς
1215 1382 1254 1414 ἐκ
1323 1380 1449 1423 modis,
1484 1383 1525 1417 ut
1555 1381 1602 1417 sit
1633 1381 1895 1418 administratio
1928 1382 2054 1419 melior
2084 1384 2121 1418 et
2152 1382 2263 1418 multo
2289 1382 2409 1428 priore

171 1424 349 1473 γειτόνων
371 1427 552 1475 ἄρχουσιν,
582 1428 614 1461 εἰ
638 1427 849 1482 ῥαθυμοῖεν,
882 1430 942 1460 καὶ
968 1425 1254 1475 παρασκευάζειν
1323 1426 1497 1472 superior.

171 1473 286 1506 ταῦτα
310 1474 424 1507 πᾶσιν
446 1474 654 1517 εἰςκομίζειν
677 1485 834 1519 τροποις,
868 1469 957 1507 ὥςτε
976 1472 1070 1507 εἶναι
1100 1471 1168 1515 τὴν
1191 1469 1253 1519 ἀρ-

170 1515 237 1561 χὴν
257 1517 390 1552 καλλίω
414 1531 454 1553 τε
477 1521 537 1552 καὶ
561 1517 685 1563 πολλῷ
708 1520 769 1562 τῆς
790 1521 965 1565 προτέρας
989 1515 1139 1562 ἀμείνω.

217 1563 299 1599 Dat.
320 1575 383 1600 xv.
403 1564 475 1599 kal.
498 1564 575 1600 Iun.
594 1564 662 1600 ΟΡ.
680 1564 852 1600 Belisario
874 1575 906 1599 v.
923 1575 952 1599 c.
975 1574 1072 1600 cons.
1113 1566 1158 1605 [a.
1173 1564 1252 1604 535]
1267 1565 1310 1598 30
1368 1563 1451 1598 Dat.
1466 1573 1529 1598 xv.
1548 1563 1622 1599 kal.
1639 1562 1717 1598 Iun.
1740 1562 1808 1599 ΟΡ.
1833 1563 2006 1600 Belisario
2027 1575 2059 1600 v.
2074 1575 2106 1600 c.
2128 1575 2226 1601 cons.

203 1633 280 1685 ,Δεῖ
302 1632 528 1678 παρέχεσθαι
559 1633 611 1676 τῷ
637 1629 766 1677 κόμητι
795 1632 857 1675 τῆς
877 1629 1052 1679 Ἰσαυρίας
1074 1627 1164 1675 ὑπὲρ
1188 1627 1250 1665 ἄν·
1367 1630 1519 1676 Oportet
1541 1630 1706 1676 praeberi
1731 1631 1851 1667 comiti
1872 1631 2032 1668 Isauriae
2054 1642 2122 1678 pro
2148 1632 2301 1670 annonis
2326 1632 2409 1670 soli-

171 1690 292 1712 νονων
1072 1677 1138 1713 sol.
1165 1675 1251 1711 CCC
1321 1676 1385 1712 dos
1410 1676 1644 1721 octingentos,

215 1723 268 1766 τῷ
294 1719 403 1757 αὐτοῦ
428 1721 597 1769 παρέδρῳ
1023 1722 1090 1758 sol.
1115 1721 1253 1757 LXXII
1368 1722 1446 1757 eius
1469 1722 1644 1757 assessori
1667 1722 1896 1767 septuaginta
1916 1722 1999 1766 duo,

215 1770 260 1815 τῇ
285 1766 393 1802 αὐτοῦ
414 1765 513 1808 τάξει
1015 1768 1096 1803 auri
1119 1768 1180 1803 lib.
1205 1767 1251 1801 lI.
1367 1768 1444 1802 eius
1469 1766 1590 1803 officio
1615 1767 1695 1802 auri
1718 1767 1830 1803 libras
1855 1768 2022 1813 quinque.

217 1816 280 1847 Δεῖ
302 1812 343 1847 δὲ
366 1810 478 1848 αὐτὸν
501 1816 671 1858 παρέχειν
696 1812 874 1860 προφάσει
901 1811 1095 1859 συμβόλων
1118 1809 1249 1847 οὕτως·
1266 1816 1308 1849 35
1368 1812 1520 1865 Oportet
1547 1815 1666 1848 autem
1698 1822 1780 1848 eum
1810 1814 1985 1859 praebere
2010 1814 2200 1851 occasione
2223 1814 2407 1852 codicillo-

215 1907 287 1939 τοῖς
323 1903 573 1950 περιβλέπτοις
606 1903 879 1952 χαρτουλαρίοις
913 1907 1009 1951 τρισὶ
1046 1905 1110 1938 τοῦ
1147 1903 1252 1938 θἐίου
1321 1861 1625 1949 Υυέὲξτῗῆὴῦἰδυε
1647 1903 1853 1940 cartulariis
1878 1904 1993 1940 tribus
2018 1905 2113 1941 sacri
2137 1905 2297 1942 cubiculi
2322 1905 2407 1942 soli-

170 1948 417 1995 κουβουκλείου
1109 1949 1175 1985 sol.
1201 1948 1253 1984 IX
1322 1949 1387 1985 dos
1411 1959 1548 1991 novem,

214 1997 268 2039 τῷ
290 1998 508 2042 πριμικηρίῳ
533 1995 610 2030 τῶν
630 1993 899 2042 λαμπροτάτων
920 1992 1127 2042 τριβούνων
1147 2008 1252 2028 νοτα-
1366 1995 1569 2040 primicerio
1603 1994 1883 2030 clarissimorum
1923 1995 2149 2032 tribunorum
2185 1996 2408 2034 notariorum

170 2045 261 2087 ρι’ων
285 2043 345 2075 καὶ
368 2044 442 2075 τοῖς
465 2039 761 2086 λατερκουλισίοις
1019 2040 1083 2076 sol.
1110 2039 1251 2075 XXIIII
1265 2044 1307 2076 40
1321 2043 1358 2076 et
1381 2040 1681 2076 laterculensibus
1708 2040 1842 2076 solidos
1867 2039 2024 2083 XXIIII,
2084 2066 2090 2070 -

215 2087 270 2130 τῷ
292 2086 425 2131 βοηθῷ
451 2083 562 2121 αὐτοῦ
1107 2085 1172 2121 sol.
1198 2086 1251 2120 III
1365 2086 1523 2121 adiutori
1546 2086 1622 2121 eius
1646 2085 1782 2121 solidos
1806 2088 1892 2129 tres,

214 2133 258 2178 τῇ
278 2130 376 2172 τάξει
399 2132 476 2166 τῶν
497 2129 747 2172 ἐνδοξοτάτων
771 2130 942 2178 ἐπάρχων
966 2129 1056 2177 ὑπὲρ
1076 2142 1249 2210 προςταζ-
1365 2131 1485 2183 officio
1521 2131 1858 2184 gloriosissimorum
1895 2132 2162 2176 praefectorum
2197 2143 2264 2179 pro
2301 2143 2406 2180 prae-

168 2176 297 2222 μάτων
320 2180 379 2210 καὶ
403 2176 519 2220 πάσης
541 2177 663 2223 ἑτέρας
688 2178 804 2211 αἰτίας
1082 2176 1146 2211 sol.
1171 2176 1206 2210 X
1241 2202 1247 2208 .
1320 2180 1433 2221 ceptis
1458 2178 1494 2211 et
1517 2187 1614 2212 omni
1637 2176 1709 2211 alia
1734 2186 1845 2212 causa
1871 2177 2004 2213 solidos
2029 2177 2108 2212 XL.

171 2256 292 2292 tianae
303 2254 491 2302 Phrygiae
510 2259 546 2291 et
569 2255 733 2291 Galatiae
744 2254 900 2300 primae.
948 2253 990 2290 Si
1014 2265 1109 2300 quae
1131 2265 1214 2289 vero
1239 2254 1278 2287 in
1294 2252 1442 2288 Isauria
1466 2264 1577 2288 causa
1597 2254 1717 2289 minor
1733 2254 1783 2289 sit
1802 2254 2012 2300 quinqentis
2032 2256 2155 2292 aureis
2171 2259 2284 2303 atque
2303 2258 2343 2293 in
2362 2269 2406 2294 ea

170 2313 193 2336 a
218 2300 371 2353 pellatia
394 2301 663 2346 interponatur,
694 2299 773 2345 ipse
796 2310 876 2333 eam
900 2298 1025 2334 audiet
1047 2298 1242 2334 secundum
1263 2298 1427 2344 formam
1450 2308 1642 2333 sacrorum
1666 2299 1944 2334 auditoriorum.
1999 2299 2144 2336 Etenim
2167 2300 2238 2337 hoc
2260 2313 2405 2350 quoque

169 2313 223 2381 il'l'a
248 2344 485 2387 concedimus,
508 2348 550 2380 ut
571 2344 842 2379 honoratiorem
866 2343 974 2378 etiam
998 2343 1067 2378 hac
1088 2343 1127 2377 in
1144 2346 1257 2389 parte
1278 2343 1532 2389 maqistratum
1554 2343 1634 2378 eius
1656 2343 1900 2379 exhibeamus.

307 2389 554 2436 Epiloqus.
618 2388 695 2423 Tua
718 2388 833 2434 iyitur
854 2388 1058 2423 sublimitas
1078 2387 1129 2423 ad
1150 2388 1353 2434 exemplum
1377 2388 1656 2434 maqistratuum
1680 2399 1773 2434 quos
1795 2388 1958 2425 diximus
1980 2390 2089 2426 etiam
2113 2401 2208 2443 quae
2231 2391 2282 2428 ad
2302 2392 2405 2429 illum

169 2438 337 2482 spectant
359 2433 512 2470 ordinet.
559 2433 781 2469 Subiciemus
801 2433 894 2468 enim
915 2434 1022 2468 etiam
1042 2432 1320 2478 descriptionem
1341 2431 1424 2468 huic
1447 2433 1522 2479 leqi
1538 2436 1686 2468 nostrae
1702 2433 1937 2477 declaraturi,
1961 2435 2052 2481 quid
2069 2435 2214 2482 quidem
2232 2441 2269 2474 et
2286 2437 2405 2485 ipsum

170 2485 206 2516 et
222 2480 300 2515 eius
330 2479 496 2531 officium
516 2483 552 2515 et
570 2489 788 2514 assessorem
809 2478 887 2514 eius
908 2488 932 2513 a
948 2479 1039 2523 fisco
1062 2477 1238 2524 accipere,
1263 2477 1352 2523 quid
1370 2482 1488 2514 autem
1509 2477 1598 2514 dare
1616 2490 1695 2513 eum
1714 2479 1912 2525 insiqnium
1934 2480 2079 2516 nomine
2090 2492 2169 2528 par
2186 2482 2244 2518 sit.
2285 2484 2405 2530 Atque

170 2525 292 2561 sciant
314 2535 376 2570 que
398 2523 505 2560 hosce
524 2524 693 2570 deinceps
715 2523 953 2569 maqistratus
977 2535 999 2558 a
1022 2523 1128 2559 nobis
1149 2534 1266 2569 nuper
1289 2527 1491 2558 exornatos
1512 2523 1718 2570 suscepturi
1739 2528 1826 2560 sunt
1847 2535 1916 2560 nos
1935 2525 2093 2560 animum
2112 2526 2305 2565 induxisse
2324 2540 2405 2565 cum

170 2570 344 2616 pecunias
361 2580 434 2616 pro
458 2569 731 2615 magistratibus
747 2571 930 2614 perpetuo
956 2568 1098 2603 oblatas
1118 2578 1275 2614 prorsus
1297 2569 1503 2614 aspernari,
1530 2572 1603 2604 tum
1621 2570 1724 2615 ipsos
1743 2569 1787 2614 de
1805 2573 1932 2606 nostro
1955 2574 1994 2606 et
2014 2572 2258 2608 assessoribus
2280 2585 2402 2610 eorum

166 2628 260 2663 quae
282 2628 357 2652 non
384 2616 566 2652 habebant
595 2616 684 2652 dare
707 2621 744 2652 et
773 2617 911 2662 officiis
941 2617 1073 2663 larqiri
1106 2616 1253 2652 aliunde
1283 2617 1407 2653 ablata
1439 2622 1476 2653 et
1503 2619 1595 2663 ipsis
1626 2618 1901 2664 maqistratibus
1928 2619 2069 2655 solacia
2097 2619 2334 2666 amplificare,
2363 2620 2405 2653 ut

167 2665 325 2718 undique
347 2665 509 2702 subditos
531 2670 679 2701 nostros
708 2676 934 2701 servaremus
957 2665 1150 2701 indemnes.
1212 2664 1254 2699 Si
1276 2675 1361 2700 vero
1386 2664 1494 2700 etiam
1525 2665 1763 2711 maqistratus
1792 2666 1972 2718 quosdam
2002 2667 2204 2704 vicinarum
2233 2669 2282 2706 iis
2338 2681 2398 2707 ro-

169 2712 367 2748 vinciarum
390 2711 488 2747 circa
537 2722 636 2747 scum
660 2710 892 2757 neqleqenter
916 2721 1026 2757 aqere
1049 2710 1221 2751 invenias,
1246 2721 1320 2745 non
1344 2709 1456 2745 alium
1480 2709 1674 2756 deleqabis,
1697 2711 1763 2747 sed
1784 2712 1876 2758 ipsis
1899 2712 2155 2758 spectabilibus
2177 2725 2236 2750 ma
2262 2715 2295 2751 is
2310 2717 2399 2753 rati-

168 2757 233 2792 bus
248 2757 431 2802 neqotium
451 2767 500 2792 ex
526 2756 647 2799 ibebis‚
671 2761 713 2791 ut
727 2756 855 2792 vicinis
872 2755 1146 2802 maqistratibus
1165 2756 1310 2797 instent,
1329 2755 1362 2790 si
1380 2755 1572 2791 socordiae
1591 2755 1816 2801 indulqeant‚
1841 2762 1950 2803 atque
1969 2758 2138 2804 efficiant
2160 2763 2201 2795 ut
2220 2760 2233 2795 i
2248 2760 2285 2796 la
2302 2763 2403 2798 omni

169 2801 275 2837 modo
299 2802 484 2848 inferant:
516 2803 568 2837 ila
592 2807 634 2837 ut
656 2801 688 2837 is
711 2801 950 2853 maqistratus
973 2806 1009 2837 et
1024 2800 1220 2847 pulchrior
1243 2804 1277 2836 et
1300 2800 1413 2835 multo
1439 2800 1568 2836 melior
1589 2801 1640 2836 sit
1656 2802 1795 2847 priore.

307 2846 460 2894 Oportet
482 2847 657 2894 praeberi
686 2847 810 2882 comiti
839 2845 1008 2882 Isauriae
1064 2857 1107 2881 ro
1138 2846 1294 2881 annonis
1325 2845 1392 2881 sol.
1422 2845 1521 2888 000,
1558 2847 1734 2882 assessori
1756 2847 1837 2883 eius
1857 2847 1923 2883 sol.
1950 2846 2119 2891 LXXII,
2163 2848 2290 2895 officio
2321 2851 2400 2888 eius

168 2892 252 2927 ami
282 2892 341 2940 lib.
367 2891 420 2928 ΙΙ.
483 2893 634 2940 Oportet
656 2896 775 2927 autem
799 2892 917 2938 ipsum
933 2903 1030 2939 prae
1054 2903 1114 2927 ere
1136 2891 1329 2937 insiqnium
1354 2890 1498 2926 nomine
1519 2890 1594 2926 ita:
1675 2891 1885 2928 ectabilibus
1907 2892 2142 2930 chartulariis
2166 2895 2281 2933 tribus
2301 2897 2401 2933 sacri

169 2937 322 2973 cubiculi
347 2938 415 2974 sol.
440 2937 509 2981 IX,
542 2937 749 2985 primicerio
774 2937 1058 2973 clarissimorum
1083 2937 1307 2972 tribunorum
1330 2936 1559 2971 notariorum
1582 2939 1620 2972 et
1655 2937 1940 2974 aterculensibus
1961 2939 2028 2974 sol.
2054 2938 2201 2983 XXIV,
2237 2941 2400 2978 adiutori

168 2984 246 3018 eius
267 2983 334 3018 sol.
361 2981 445 3023 III,
470 2984 599 3028 officio
635 2982 982 3028 qlom'osissimorum
1000 2982 1279 3028 praefectorum
1300 2992 1373 3028 pro
1397 2980 1619 3016 iussionibus
1642 2986 1678 3018 et
1702 2983 1801 3017 omni
1824 2982 1900 3018 alia
1925 2994 2037 3019 causa
2059 2984 2126 3020 sol.
2147 2985 2224 3021 XL.

215 3065 234 3097 3
259 3062 312 3105 εἴη
327 3064 416 3104 ΜΒ]
440 3065 494 3096 ειν
513 3063 560 3096 L¹
591 3055 613 3105 ἦ
633 3062 682 3095 132
699 3061 712 3106 11
734 3064 755 3097 e
780 3058 952 3104 διδόαμεν
966 3063 1035 3095 LB
1052 3061 1064 3105 11
1090 3064 1109 3096 9
1136 3059 1247 3095 αὐτὸν

169 3108 377 3148 Haloander]
401 3104 526 3141 αὐτῶν
551 3109 628 3141 libri
641 3109 686 3149 (ς)
712 3106 725 3151 11
751 3109 791 3140 10
816 3103 915 3149 αὐτῷ
940 3120 999 3141 om.
1016 3118 1050 3147 ςς
1076 3102 1165 3153 αὐτῇ
1179 3108 1246 3140 Za-

169 3154 302 3187 chariae
325 3152 336 3194 ΙΙ
367 3154 405 3185 12
429 3150 506 3192 τὸν]
530 3150 597 3194 τὴν
617 3153 663 3186 L¹
680 3156 692 3196 11
723 3153 762 3186 16
785 3163 826 3185 τε
850 3165 910 3186 om.
925 3152 992 3196 Β11
1017 3154 1057 3186 18
1083 3148 1188 3186 αὐτοί
1207 3164 1248 3185 τε

170 3198 293 3238 MLB]
317 3197 462 3240 ipsisque
481 3199 604 3244 c‚unde
623 3195 743 3230 αὐτοῖς
764 3209 805 3230 τε
824 3209 997 3240 perperam
1010 3197 1205 3231 Haloander
1236 3197 1248 3239 11

170 3245 212 3277 23
237 3240 403 3285 πλησίων
427 3242 496 3275 LB
526 3242 539 3285 11
565 3238 700 3283 αὐτῶν]
725 3242 789 3274 sibi
810 3253 829 3278 ς
858 3237 970 3285 (αὐτῷ
996 3243 1204 3285 Haloander)
1237 3242 1248 3288 11

170 3290 212 3322 25
237 3285 486 3331 πεκταβιλιόυς
499 3287 547 3320 Μ
562 3284 819 3334 περιβλέπτους
833 3287 903 3320 LB
919 3286 931 3332 11
951 3289 992 3321 30
1015 3298 1067 3320 xv
1085 3287 1152 3320 kal.
1167 3288 1245 3321 Iun.

169 3334 292 3376 (iunias
304 3333 399 3375 Iulst)
415 3333 460 3366 M
462 3330 556 3374 Iulst]
579 3330 651 3377 πρὸ
671 3329 867 3365 δεκαπέντε
890 3329 1082 3366 καλάνὸων
1106 3332 1246 3366 ἰανουα-

170 3382 261 3425 ρίων
273 3380 348 3412 Ath.
369 3378 436 3411 kal.
451 3378 526 3410 Iun.
540 3378 628 3412 lum
642 3379 728 3421 μηνὶ
749 3376 879 3420 ἰουνίῳ
889 3377 1009 3412 Theod.
1029 3377 1042 3422 11
1059 3380 1096 3412 31
1114 3379 1189 3420 Δεῖ]
1206 3376 1248 3412 δὲ

171 3426 248 3458 add.
259 3425 294 3457 B
305 3423 318 3469 11
329 3424 390 3465 τῆς
403 3437 462 3457 om.
472 3421 584 3468 Β1132
597 3421 656 3455 sol.
668 3422 765 3463 CCC]
778 3433 846 3455 SOL.
861 3423 925 3455 dcc
935 3423 982 3456 Μ
992 3425 1199 3467 νομίσματα
1212 3421 1245 3457 σ’

172 3470 219 3503 Μ
220 3483 245 3502 s.
255 3483 296 3509 v.‚
306 3470 375 3503 LB
394 3468 516 3502 solidos
528 3464 735 3509 octing'entos
749 3479 770 3504 ς
787 3469 843 3510 (cf.
858 3468 977 3502 Theod.
994 3463 1013 3501 ὅ
1025 3465 1134 3511 κόμης
1150 3468 1246 3502 ἰσαυ-

171 3517 248 3559 ρίας
259 3511 322 3548 τὰς
335 3511 442 3547 αὐτὰς
457 3514 567 3555 ἐχέτω
581 3509 712 3546 ἆνόνας
723 3513 777 3555 τῷ
791 3514 964 3558 πραέτορι
977 3511 1117 3557 θρᾴκης
1132 3511 1221 3555 κτλ.)
1235 3513 1247 3558 11

172 3560 215 3593 33
229 3559 287 3592 sol.
298 3559 434 3592 LXXII
448 3561 506 3600 (ς)]
521 3570 588 3592 son.
600 3558 706 3591 XXII
720 3559 765 3591 M
773 3560 980 3602 νομίσματα
990 3557 1046 3601 οβ’
1056 3559 1104 3592 M
1104 3571 1129 3591 s.
1138 3572 1179 3601 v.,
1193 3560 1229 3593 Β
1238 3572 1245 3598 ;

174 3605 274 3638 om.L
289 3603 301 3649 11
328 3606 371 3638 34
395 3606 469 3638 auri
490 3605 545 3637 lib.
568 3604 617 3644 II]
643 3603 718 3636 auri
741 3603 789 3635 lib
813 3614 836 3635 u
857 3604 903 3636 M
920 3603 1007 3644 (auri
1027 3603 1131 3636 libras
1149 3605 1245 3646 quin-

174 3658 237 3690 que
261 3653 292 3688 ς)
315 3653 458 3695 χρυσίου
479 3647 600 3694 λίτρας
622 3647 655 3692 β’
673 3649 719 3682 M
724 3661 748 3681 s.
763 3649 869 3689 v.‚B;
893 3649 992 3682 orn-L
1010 3648 1023 3692 11
1049 3649 1090 3682 35
1115 3645 1245 3693 συμβό-

174 3691 250 3727 λων
261 3691 373 3728 οῧτως
387 3714 430 3719 -
444 3697 486 3730 38
499 3691 744 3738 κουβουκλείου
758 3693 842 3734 ML]
864 3690 1059 3737 συμβόλων
1074 3695 1147 3727 τοῖς
1163 3707 1244 3739 χαρ-

174 3736 371 3784 τουλαρίοις
394 3741 430 3773 Β
460 3739 474 3785 11
501 3742 540 3775 37
565 3737 852 3787 χαρτουλλαρίοις
879 3739 926 3772 Μ
946 3739 958 3783 11
992 3740 1033 3773 38
1058 3738 1116 3772 sol.
1139 3739 1191 3772 IX
1214 3743 1244 3780 ς]

1316 3073 1384 3094 SOL.
1401 3061 1454 3094 XI
1468 3061 1517 3103 M
1537 3064 1746 3104 νομίσματα
1762 3059 1795 3104 η’
1807 3063 1855 3096 M
1856 3076 1881 3096 s.
1891 3076 1933 3105 v.,
1947 3064 2000 3103 133
2023 3077 2081 3098 om.
2100 3066 2132 3098 L
2154 3063 2212 3108 (τὰ
2230 3067 2316 3100 καὶῖ
2336 3069 2397 3101 ins.

1317 3106 1377 3147 L2)
1395 3107 1407 3149 11
1427 3108 1468 3140 39
1481 3106 1559 3139 τῶν
1574 3104 1705 3152 λαμπρ.
1720 3127 1763 3131 -
1776 3105 2075 3153 λατερκουλισίοις
2087 3111 2192 3144 om.B
2208 3111 2221 3155 11
2238 3114 2398 3158 νοταρίω

1316 3152 1348 3185 L
1365 3151 1376 3194 11
1395 3153 1438 3186 40
1452 3149 1772 3196 λατερκουλινσίοις
1783 3153 1815 3186 L
1831 3152 1843 3197 11
1862 3164 1937 3187 son.
1946 3154 2091 3187 XXIIII
2105 3156 2178 3196 Me]
2191 3159 2398 3200 νομίσματα

1316 3194 1418 3230 κδ’Β
1441 3208 1520 3239 νομ.
1539 3194 1594 3230 κοί
1606 3197 1732 3236 ιῑΙε.υ.;
1753 3198 1854 3231 om.L
1871 3197 1883 3242 11
1901 3201 1941 3233 41
1964 3209 2040 3233 son.
2051 3200 2106 3232 111
2122 3201 2194 3243 Me]
2213 3214 2293 3244 νομ.
2305 3198 2342 3249 y'
2358 3203 2403 3237 M

1316 3255 1392 3284 s.v.,
1408 3243 1457 3279 B:
1473 3255 1532 3275 om.
1542 3243 1574 3275 L
1589 3240 1602 3286 11
1620 3243 1663 3276 42
1683 3239 1933 3282 ἐνδοξοτάτων
1945 3251 1976 3278 et
1988 3241 2080 3291 ὑπὲρ
2093 3264 2137 3270 -—
2149 3248 2192 3281 43
2206 3246 2322 3281 αἰτίας
2337 3260 2397 3282 om.

1316 3288 1353 3321 B
1369 3289 1381 3330 11
1400 3283 1569 3340 indagatu
1583 3288 1629 3327 B]
1648 3282 1823 3333 ὑπάρχων
1836 3289 1908 3322 ML
1927 3288 1939 3332 ΙΙ
1955 3291 1998 3323 43
2017 3289 2077 3322 sol.
2092 3290 2156 3324 XL
2171 3294 2203 3333 ς]
2222 3302 2290 3328 ³01..
2306 3292 2397 3326 XIII

1313 3332 1357 3365 M
1377 3344 1456 3376 νομ.
1470 3345 1496 3375 μ
1521 3329 1803 3379 (τεσσαράκοντα
1816 3334 1865 3376 Β)
1890 3334 1937 3368 Μ
1941 3347 1967 3367 s.
1981 3347 2022 3376 v.,
2039 3335 2077 3368 Β
2084 3346 2097 3377 ‚·
2119 3349 2176 3370 om.
2191 3338 2224 3371 L

1363 3427 1379 3458 1
1406 3424 1541 3456 comites
1569 3422 1633 3467 711
1660 3423 1759 3466 frigio
1782 3425 1859 3459 libri
1882 3424 1894 3470 11
1922 3428 1941 3460 3
1966 3426 2202 3470 appellatione]
2225 3427 2395 3472 appellato

1323 3468 1380 3512 711
1396 3471 1416 3503 4
1429 3468 1620 3501 auditorum
1642 3469 1723 3502 Val.
1743 3469 1755 3513 11
1771 3472 1792 3505 6
1811 3470 2034 3504 declarantem
2057 3471 2115 3513 711
2134 3474 2175 3507 10
2193 3472 2397 3508 subiciamus

1319 3515 1549 3557 Osenbru'qqen
1565 3513 1577 3557 11
1597 3513 1816 3557 descriptione
1834 3514 1890 3559 711
1906 3516 1974 3558 legi
1987 3529 2045 3549 om.
2058 3517 2091 3550 Τ
2134 3519 2174 3552 13
2187 3519 2394 3554 occasionem

1324 3557 1378 3602 711
1400 3561 1438 3591 17
1458 3558 1617 3602 ipsisque]
1636 3559 1716 3602 ipsis
1730 3560 1788 3601 qui
1806 3559 1862 3604 711
1879 3571 1993 3593 eorum
2009 3573 2067 3595 om.
2121 3561 2134 3607 11
2155 3565 2196 3598 19
2210 3563 2322 3600 oblata
2338 3564 2396 3610 711

1318 3606 1359 3637 20
1382 3603 1602 3637 emolument·
1623 3604 1672 3638 7ι
1691 3604 1703 3649 11
1718 3607 1768 3647 ut]
1790 3608 1823 3637 et
1842 3606 1921 3639 Val.
1938 3605 1951 3650 11
1971 3607 2014 3640 24
2034 3606 2167 3649 urgebit
2187 3608 2245 3654 711
2260 3610 2307 3646 26
2323 3621 2395 3645 mo-

1316 3649 1365 3681 dis
1379 3651 1416 3681 ut
1427 3648 1495 3681 sint
1506 3650 1545 3681 ut
1557 3649 1601 3681 sit
1619 3649 1665 3683 1⁷¹
1680 3648 1692 3693 11
1712 3652 1754 3684 30
1766 3650 1837 3683 iun.
1849 3651 1893 3692 T]
1914 3651 2003 3684 iunii
2020 3651 2075 3697 711
2094 3652 2160 3687 CP.
2178 3654 2225 3696 V]
2254 3665 2326 3698 cap.
2342 3657 2375 3690 T
2381 3654 2387 3701 1

1314 3693 1410 3726 Bilis.
1437 3693 1601 3734 (Bilisano
1621 3695 1668 3736 T)
1694 3695 1769 3728 uiro
1793 3695 1888 3728 claio.
1913 3706 1965 3729 uo.
1989 3706 2062 3730 oon.
2084 3698 2215 3738 (oonsls.
2235 3700 2386 3744 1⁷)<VT1

1316 3741 1353 3773 31
1381 3739 1512 3772 comitis
1533 3739 1584 3773 Va
1607 3739 1618 3783 11
1645 3742 1686 3774 35
1711 3750 1787 3773 cum
1809 3740 1981 3784 praeberet
2004 3740 2063 3787 711
2085 3744 2291 3779 occasionem
2310 3746 2362 3780 1⁷⁰

2058 3800 2123 3833 27*
