2618 4010
254 121 360 166 Nov.
381 119 538 163 LXVII
569 122 606 162 3.
637 121 662 160 4

255 228 459 275 οἰκονόμους
484 226 648 263 δαπάνας
671 225 791 263 αὐτοῖς
814 218 1012 274 ἐκπέμπειν
1037 229 1075 262 ἐκ
1098 228 1158 271 τῆς
1180 225 1332 275 ἁγιωτά-

255 288 317 319 της
352 273 554 318 ἐκκλησίας,
588 270 676 308 ἀλλὰ
711 270 882 310 δαπανᾶν
914 275 982 319 μὲν
1017 271 1145 308 αὐτοὺς
1180 273 1333 315 ἐκεῖθεν,

256 319 367 368 ταύτῃ
399 317 438 354 δὲ
462 321 734 367 προςκαρτερεῖν
763 316 827 353 οὐκ
854 315 1062 362 ἀνέχεσθαι.
1111 317 1335 363 θεσπίζομεν

255 370 389 403 τοίνυν.
414 365 477 399 τοῦ
501 362 591 411 παρ’
620 361 724 408 ἡμῶν
754 362 820 407 ἤδη
851 367 1013 408 κειμένου
1041 361 1152 407 νόμου
1184 365 1245 398 ἐπὶ
1275 363 1336 407 τῆς

256 412 383 444 ἑαυτοῦ
408 412 578 455 μένοντος
601 408 736 452 ἰσχύος,
761 410 860 455 εἴπερ
884 407 1125 454 ἀπολειφθείη
1157 406 1176 442 ὁ
1209 408 1335 454 θεοφι·

257 455 426 490 λε’στατος
449 456 642 490 ἐπίσκοπος
670 455 731 497 τῆς
754 453 940 497 ἐκκλησίας
970 454 1031 496 τῆς
1055 451 1163 487 αὐτοῦ
1188 452 1336 488 πλείονα

255 499 396 548 χρόνον,
427 499 607 545 μηδεμίαν
640 497 739 543 αὐτῷ
770 498 989 535 στέλλεσθαι
1017 496 1188 543 δαπάνην
1207 500 1255 545 ,ἐκ
1277 499 1337 541 τῆς

256 544 389 592 χώρας,
425 543 506 580 ἀλλ’
534 547 674 588 ἐκείνην
703 547 772 590 μὲν
802 547 885 591 περὶ
916 542 1059 590 πράξεις
1089 542 1244 588 εὐσεβεῖς
1278 546 1336 577 καὶ

257 594 340 638 περὶ
358 590 426 634 τὴν
443 589 650 646 ἁγιωτὸιτην
673 589 862 634 ἐκκλησίαν
886 587 1138 631 δαπανᾶσθαι,
1163 586 1275 624 αὐτὸν
1298 585 1339 623 δὲ

1303 137 1306 140 -
1324 103 1413 161 346

1963 129 2023 161 u'r
2051 106 2228 160 nunnus
2255 111 2477 160 nsmc'm’

1401 227 1604 273 provincias
1627 231 1840 264 oeconomos
1871 231 2047 274 expensas
2074 227 2143 264 sibi
2166 226 2408 263 transmittere
2432 231 2478 264 ex

1403 272 1629 309 sanctissima
1652 271 1817 316 ecclesia,
1839 271 1910 321 (et)
1929 273 2109 319 expendat
2132 272 2272 318 quidem
2295 272 2374 325 ipse
2395 272 2479 308 indo
2515 288 2517 290 ·

1402 318 1505 362 eique
1537 317 1729 353 observare
1763 320 1835 353 non
1862 318 2035 371 patiatur.
2084 317 2270 354 Sancimus
2303 317 2424 362 igitur,
2454 323 2479 352 'a

1403 362 1508 398 nobis
1531 363 1603 398 iam
1626 362 1746 408 posita
1768 361 1844 408 lege
1866 373 1905 398 m
1927 372 1994 399 sua
2015 366 2183 400 manente
2202 363 2341 406 virtute,
2368 362 2400 398 si
2417 362 2477 398 de-

1374 413 1392 444 5
1405 408 1513 443 fuerit
1535 407 1601 444 deo
1625 407 1787 442 amabilis
1810 406 1998 460 episcopus
2021 409 2192 445 ecclesiae
2216 418 2303 444 suae
2326 407 2479 453 amplius

1406 456 1559 498 tempus,
1582 452 1718 488 nullam
1742 452 1774 488 ei
1796 452 1890 488 mitti
1913 461 2103 505 expensam
2127 454 2170 489 de
2192 453 2384 499 provincia,
2417 453 2480 488 sed

1405 497 1501 533 illam
1526 497 1668 542 quidem
1692 497 1788 533 circa
1811 498 1914 533 actus
1962 508 2015 535 ios
2030 502 2066 534 et
2082 499 2342 535 sanctissimam
2365 498 2479 534 eccle-

1406 542 1494 578 siam
1515 542 1678 596 expendi,
1703 542 1819 588 ipsum
1838 551 1922 578 vero
1971 542 2201 580 'certantem
2224 554 2296 580 non
2313 543 2479 588 expensis

1406 588 1666 624 sanctissimam
1690 587 1876 624 ecclesiam
1898 596 1965 633 pra
2027 598 2151 626 avare:
2178 600 2258 625 cum
2283 591 2417 625 certum
2434 588 2481 623 sit

257 636 424 671 ἐνταῦθα
453 635 695 681 πλανωμενον
725 635 775 681 μὴ
804 637 864 669 καὶ
889 631 1067 669 δαπάναις
1096 635 1164 688 τὴν
1186 631 1337 682 ἁγιωτά-
1356 638 1394 669 10
1407 634 1502 679 quia,
1528 635 1558 669 si
1581 633 1733 679 plurimo
1756 635 1914 679 tempore
1937 632 1980 668 de
1997 633 2099 678 uerit,
2123 645 2214 680 quae
2236 635 2307 671 iam
2330 644 2353 669 a
2374 634 2479 670 nobis

256 695 324 724 την
348 680 540 726 ἐκκλησίαν
562 681 753 729 βαρύνειν·
793 677 977 726 πρόδηλον
1006 676 1050 713 ὂν
1083 690 1131 714 ως
1162 680 1195 714 εἰ
1223 677 1337 714 πολὺν

256 725 387 773 χρόνον
410 724 668 773 ἀπολειφθείη,
702 725 747 761 τὰ
780 723 846 769 ἤδη
876 722 967 771 παρ’
998 722 1102 769 ἡμῶν
1131 722 1193 760 ἐπ’
1222 722 1339 759 αὐτοῖς

256 772 562 818 νομοθετηθέντα
586 769 762 815 κρατήσει.

1408 689 1515 724 super
1538 679 1590 715 eis
1614 678 1753 715 sancita
1776 681 1859 714 sunt
1881 677 2061 714 valebunt.

1255 882 1413 919 CAPUT
1437 883 1499 918 IV.
1540 920 1543 923 .

301 961 446 1007 Ἐπειδὴ
471 962 510 998 δὲ
532 961 702 1008 ἐτύχομεν
733 960 799 1006 ἤδη
829 961 1158 1007 νομοθετήσαντες,
1189 959 1277 996 ὥςτε
1309 962 1343 995 εἴ

1454 960 1629 1004 Quoniam
1660 971 1743 996 vero
1775 960 1925 1005 contigit
1958 972 2023 997 nos
2058 961 2129 997 iam
2164 962 2326 998 sanxisse
2358 965 2416 1005 ut,
2453 963 2483 998 si

257 1022 311 1045 τις
335 1011 375 1043 ἐν
397 1012 475 1044 ταῖς
493 1011 677 1056 ἐπαρχίαις
700 1010 881 1051 ἐκποίησις
904 1006 1073 1051 ἀκινήτου
1098 1007 1337 1051 ἐκκλησιαστι-
1355 1010 1393 1042 15
1408 1015 1479 1052 qua
1512 1006 1550 1041 in
1584 1006 1776 1051 provinciis
1807 1006 1976 1042 alienatio
2011 1007 2063 1043 rei
2097 1007 2285 1043 immobilis
2318 1007 2484 1043 facienda

257 1056 320 1090 κοῦ
343 1053 465 1099 μέλλοι
490 1052 698 1102 πράγματος
719 1053 908 1101 γίνεσθαι,
941 1052 1033 1088 κατὰ
1063 1050 1227 1100 ὃέκρετον
1252 1050 1337 1087 ταύ-

258 1114 326 1143 την
361 1112 390 1135 π
413 1102 543 1142 οϊέναι,
579 1096 748 1146 καθάπερ
784 1096 806 1142 ἡ
839 1099 970 1144 πρώην
1005 1098 1208 1145 φοιτήσασα
1244 1095 1335 1144 παρ’

257 1144 362 1190 ἡμῶν
408 1148 478 1193 ἐγει
502 1142 678 1186 διάταξις,
710 1141 943 1191 πράττεσθαι
968 1141 1007 1179 δὲ
1035 1144 1077 1179 τὸ
1102 1143 1268 1189 δέκρετον
1291 1142 1339 1187 μὴ

257 1188 371 1237 μόνον
391 1187 572 1237 παρόντος
595 1191 658 1224 τοῦ
680 1190 748 1224 θεο
778 1188 872 1224 ιλοῦς
896 1188 1094 1225 ἐπισκόπου
1118 1191 1178 1233 τῆς
1202 1188 1339 1224 πόλεως

258 1240 318 1272 καὶ
341 1237 405 1271 τοῦ
430 1234 540 1270 αὐτοῦ
562 1234 699 1282 κλήρου,
724 1204 814 1270 ἀλλὰ

259 1279 477 1324 ἐπισκόπου,
508 1279 550 1315 οὐ
580 1281 652 1326 μὴν
684 1283 797 1315 ἐκεῖνο
827 1281 1218 1325 προςνενομοθέτηται,
1251 1277 1340 1314 ὡςτε

259 1328 359 1374 εἴπερ
379 1325 399 1362 ὁ
419 1328 481 1370 τῆς
503 1325 757 1373 μητροπόλεως
779 1324 981 1373 ἁγιώτατος
1004 1327 1196 1361 ἐπίσκοπος
1218 1323 1340 1370 μέλλοι

260 1373 397 1409 πωλεῖν
428 1371 507 1416 ἢτοι
537 1371 572 1406 οἱ
602 1372 664 1415 τῆς
694 1368 895 1418 ἁγιωτάτης
927 1370 1110 1414 ἐκκλησίας
1140 1372 1201 1413 τῆς
1230 1367 1339 1405 αὐτοῦ

259 1416 516 1463 εὖλαβέστατοι
547 1416 758 1462 οἰκονόμοι,Ι
773 1420 811 1451 τί
834 1414 908 1450 δέοι
932 1416 1124 1461 γενέσθαι·
1149 1419 1209 1449 καὶ
1232 1417 1340 1450 τοῦτο

1408 1055 1473 1094 est,
1507 1051 1703 1088 secundum
1727 1052 1908 1088 decretum
1935 1052 2028 1088 hanc
2051 1052 2257 1098 procedere,
2290 1052 2396 1089 sicuti
2420 1052 2483 1088 du-

1409 1098 1492 1133 dum
1523 1097 1665 1142 prolata
1695 1107 1718 1132 a
1741 1098 1844 1133 nobis
1869 1098 2075 1134 constitutio
2101 1097 2203 1141 dicit,
2237 1098 2295 1142 agi
2317 1108 2399 1133 vero
2424 1096 2485 1132 de-

1409 1146 1545 1178 cretum
1574 1152 1648 1178 non
1677 1142 1791 1179 solum
1819 1145 2009 1188 praesente
2041 1143 2107 1179 deo
2138 1143 2281 1178 amabili
2315 1142 2485 1188 episcopo

1409 1187 1562 1224 civitatis
1593 1187 1740 1234 eiusque
1771 1187 1887 1230 clero,
1918 1188 1981 1224 sed
2013 1189 2121 1224 etiam
2149 1188 2387 1233 metropoleos
2411 1187 2485 1233 epi-

837 1237 897 1269 καὶ
919 1235 983 1269 τοῦ
1007 1236 1068 1278 τῆς
1086 1233 1339 1286 μητροπόλεως
1354 1235 1395 1268 20
1409 1243 1530 1278 scopo,
1563 1243 1630 1269 nec
1653 1244 1726 1269 non
1749 1236 1786 1268 et
1807 1233 1896 1269 illud
1919 1233 2065 1288 insuper
2089 1236 2145 1269 est
2168 1234 2343 1270 sancitum
2367 1237 2424 1277 ut,
2455 1233 2486 1268 si

1408 1279 1647 1324 metropoleos
1677 1278 1922 1315 sanctissimus
1953 1289 2145 1325 episcopus
2176 1280 2319 1314 futurus
2351 1282 2405 1314 est
2426 1288 2484 1314 ve-

1408 1323 1582 1359 numdare
1616 1324 1689 1360 sive
1725 1324 1802 1360 eius
1837 1324 2011 1360 ecclesiae
2046 1324 2260 1360 sanctissimi
2291 1323 2485 1365 oeconomi,

1410 1369 1494 1414 quid
1518 1372 1659 1414 oportet
1688 1369 1784 1405 fieri:
1817 1369 1923 1405 etiam
1954 1370 2024 1405 hoc
2055 1369 2244 1413 adicimus,
2275 1373 2316 1404 ut
2340 1369 2410 1405 duo
2440 1379 2486 1404 ex

1410 1414 1546 1460 synodo
1572 1425 1664 1460 quae
1688 1415 1755 1450 sub
1782 1425 1823 1450 eo
1849 1418 1904 1450 est
1927 1414 1994 1450 deo
2011 1415 2214 1451 amabilium
2238 1415 2487 1467 episcopprum

261 1464 514 1510 προςτίθεμεν,
539 1459 626 1497 ‘tim
646 1460 708 1497 δύο
731 1464 769 1496 ἐκ
788 1462 848 1504 τῆς
867 1459 934 1497 ὑπ’
955 1460 1067 1496 αὐτὸν
1086 1459 1238 1496 συνόδου
1262 1462 1340 1495 τῶν
1353 1463 1395 1497 25
1410 1470 1651 1505 quoscumque
1675 1461 1821 1504 elegerit
1847 1460 1918 1505 ipsi
1941 1460 2118 1504 intersint,
2149 1463 2187 1496 et
2209 1460 2281 1496 alia
2304 1471 2400 1496 omni
2424 1460 2486 1495 ob-

260 1510 330 1545 θεο
361 1508 450 1544 ιλῶν
473 1507 696 1551 ἐπισκόπων,
721 1505 780 1542 οὓς
802 1505 847 1541 ἂν
866 1506 992 1549 ἕλοιτο,
1017 1506 1163 1541 τούτους
1187 1511 1340 1553 παραγί-

261 1567 324 1590 νεσ
358 1568 406 1598 αι,
438 1557 498 1588 καὶ
522 1555 584 1596 τῆς
607 1551 713 1596 ἄλλης
741 1551 880 1596 ἁπάσης
905 1565 957 1588 πα
983 1549 1186 1596 ατηρήσεως
1209 1551 1339 1598 φυλατ-

261 1602 410 1646 τομένης
439 1601 500 1643 τῆς
523 1598 588 1642 ἢδη
618 1597 710 1645 παρ’
736 1595 840 1643 ἡμῶν
867 1611 955 1642 νομο
989 1598 1178 1640 ετη·θείσης
1208 1596 1250 1632 τὸ
1281 1599 1342 1640 τῆς

262 1649 459 1691 παρουσίας
490 1646 568 1679 τῶν
599 1642 662 1679 δύο
690 1642 880 1690 θεοφιλῶν
908 1642 1122 1696 (ἐπισκόπων
1145 1643 1340 1697 προςτεθῆ-

1409 1506 1610 1542 servatione
1630 1506 1818 1549 custodita‚
1843 1515 1935 1550 quae
1949 1505 2019 1541 iam
2041 1506 2178 1541 sancita
2196 1509 2262 1547 est,
2285 1506 2488 1551 praesentia

1410 1551 1564 1586 duorum
1599 1551 1665 1587 deo
1700 1551 1906 1587 amabilium
1941 1552 2190 1596 episcoporum
2221 1550 2412 1594 adiciatur,
2448 1554 2488 1586 ut

1411 1596 1607 1632 secundum
1638 1607 1676 1632 se
1705 1597 1868 1632 videatur
1899 1607 1979 1632 cum
2011 1606 2077 1632 sua
2106 1597 2241 1643 synodo
2273 1606 2348 1631 rem
2372 1605 2488 1641 agere,

1411 1645 1447 1677 et
1470 1642 1564 1678 sicut
1586 1642 1664 1687 ipse
1688 1652 1763 1678 rem
1786 1642 1875 1678 facit
1899 1642 2103 1678 credibilem
2134 1645 2170 1678 et
2195 1641 2433 1677 sufficientem
2457 1641 2488 1676 ei

261 1705 333 1733 ναι,
357 1692 417 1726 ἵνα
441 1690 536 1724 καθ’
556 1687 667 1724 αὑτὸν
692 1687 812 1731 δοκοίη
836 1701 928 1733 μετα
952 1690 1013 1731 τῆς
1038 1689 1164 1722 ἑαυτου
1189 1686 1340 1723 συνόδου
1353 1689 1397 1722 30
1411 1686 1471 1732 qui
1495 1687 1562 1724 sub
1587 1697 1629 1723 eo
1654 1688 1869 1723 constitutus
1893 1691 1959 1731 est,
1988 1687 2071 1723 dum
2094 1697 2263 1733 praesens
2287 1691 2353 1730 est,
2377 1687 2429 1722 ita
2453 1690 2490 1722 et

261 1736 303 1772 τὸ
337 1738 485 1783 πρᾶγμα
520 1734 706 1780 πράττειν,
739 1737 799 1768 καὶ
833 1732 949 1780 ὥςπερ
979 1731 1084 1768 αὐτὸς
1118 1733 1161 1768 τὸ
1193 1736 1341 1781 πρᾶγμα

262 1785 360 1817 ποιεῖ
381 1779 515 1817 πιστὸν
537 1784 596 1814 καὶ
621 1779 794 1826 αὔταρκες
823 1781 876 1823 τῷ
902 1775 968 1813 ὑπ’
996 1776 1108 1813 αὐτὸν
1132 1782 1339 1826 τεταγμένῳ

265 1824 566 1875 παραγινόμενος,
598 1822 694 1860 οὕτω
726 1828 786 1859 καὶ
811 1825 911 1868 αὐτῷ
942 1821 963 1867 ἡ
989 1821 1055 1858 ὑπ’
1084 1823 1195 1859 αὐτὸν
1225 1835 1340 1870 παρα-

261 1875 432 1921 γινομένη
455 1870 603 1906 σύνοδος
633 1869 692 1905 διὰ
717 1869 779 1905 δύο
809 1871 886 1904 τῶν
910 1868 1102 1915 θεοφιλῶν
1128 1869 1341 1905 ἐπισκόπων

1375 1730 1382 1742 ’
1410 1733 1422 1768 i
1449 1733 1481 1768 si
1516 1742 1606 1778 quae
1640 1733 1707 1768 sub
1744 1744 1785 1769 eo
1822 1736 1878 1769 est
1909 1733 2066 1779 synodus
2096 1742 2267 1778 praesens
2301 1742 2367 1778 per
2399 1732 2487 1767 duos

1435 1788 1478 1813 eo
1502 1778 1707 1814 amabilium
1738 1779 1987 1824 episcoporum
2015 1778 2192 1814 videbitur
2220 1788 2295 1814 rem
2318 1779 2488 1823 praebere

1411 1823 1670 1877 cautissimam,
1704 1829 1901 1860 sumentem
1925 1835 1971 1859 ex
1995 1824 2198 1860 huiusmodi
2227 1823 2363 1869 synodo
2387 1822 2486 1858 testi-

1409 1879 1578 1904 monium.

263 1917 402 1959 δόξειεν
430 1917 473 1952 τὸ
497 1918 644 1964 πρᾶγμα
674 1919 795 1970 ποιεῖν
820 1913 974 1961 ἀσφαλὲς
1005 1914 1072 1958 τὴν
1095 1917 1133 1948 ἐκ
1164 1916 1225 1958 τῆς
1249 1914 1341 1961 ἱερᾶς
1354 1917 1397 1950 35

261 1964 393 2007 ταύτης
416 1960 567 1998 συνόδου
590 1961 865 2009 προςλαμβανον
888 1964 1096 2006 μαρτυρίαν.

307 2007 403 2056 <Ἐπ
413 2013 428 2043 ί
435 2007 482 2043 λο
489 2008 591 2055 yos.)
643 2008 774 2041 Τοῦτον
795 2004 835 2040 δὲ
853 2004 956 2051 ἡμῶν
979 2005 1043 2040 τὸν
1060 2005 1174 2050 νόμον
1194 2004 1283 2052 πρός
1301 2018 1342 2040 τε

262 2055 328 2091 τὸν
352 2053 493 2099 θρόνον
523 2054 585 2096 τῆς
612 2054 673 2096 σῆς
695 2050 956 2099 μακαριότητος
986 2048 1074 2099 πρός
1104 2064 1145 2085 τε
1169 2051 1250 2086 τούς
1273 2049 1343 2085 λοι-

263 2100 351 2138 ποὺς
384 2099 602 2147 ἁγιωτάτους
633 2096 855 2144 πατριάρχας
877 2093 1205 2141 καταπεμπόμενον
1237 2093 1339 2130 αὐτοὶ

873 2142 882 2153 τ
919 2140 928 2152 Ί
963 2139 971 2150 ἶ
1006 2143 1022 2150 —o

1467 2004 1738 2051 (Epilogus.)
1784 2004 1887 2040 Hanc
1910 2005 2030 2050 itaque
2060 2008 2219 2041 nostram
2242 2005 2354 2049 legem
2383 2007 2419 2038 et
2441 2004 2487 2038 ad

1413 2051 1531 2087 sedem
1554 2055 1638 2086 tuae
1662 2050 1892 2085 beatitudinis
1924 2054 1960 2086 et
1991 2053 2129 2086 ceteros
2159 2050 2401 2085 sanctissimos
2424 2059 2486 2093 pa-

1407 2097 1586 2133 triarchas
1618 2096 1762 2131 missam
1791 2096 1862 2141 ipsi
1891 2106 1955 2141 per
1978 2096 2118 2131 litteras
2141 2095 2304 2141 proprias
2335 2094 2402 2131 sub
2426 2105 2487 2130 vos

263 2146 323 2182 διὰ
351 2144 577 2194 γραμμάτων
599 2144 743 2178 οἰκείων
767 2146 839 2177 τοῖς
863 2156 912 2188 υφ
952 2153 1041 2186 υμας
1063 2140 1345 2188 ueremni-haas
1358 2144 1402 2176 40

263 2283 389 2310 nomos
411 2271 474 2318 qui
497 2269 535 2304 in
552 2260 749 2315 provincia
770 2269 853 2302 sunt
877 2270 919 2301 ut
940 2265 1031 2312 ipsis
1053 2265 1236 2318 impensas
1258 2276 1308 2302 ex
1330 2266 1557 2317 sanctissima
1580 2264 1730 2300 ecclesia
1753 2263 2035 2316 mittant-unde
2058 2267 2221 2315 sumptus
2244 2261 2386 2309 quidem
2409 2263 2490 2300 inde

260 2318 408 2366 saciant
429 2325 545 2362 neque
569 2318 688 2365 tamen
710 2312 760 2349 ibi
780 2322 995 2364 permanere
1017 2315 1230 2363 sustineant.
1277 2310 1475 2364 Sanctmus·
1492 2314 1617 2358 mitur,
1644 2309 1722 2357 leqe
1745 2321 1769 2344 a
1792 2310 1896 2361 nolus
1918 2319 1992 2344 iam
2015 2308 2091 2360 lata
2112 2319 2149 2360 ιιι
2172 2318 2239 2344 suo
2262 2307 2396 2345 robore
2416 2320 2490 2345 ser·

262 2369 359 2406 vata,
383 2363 415 2399 si
437 2361 506 2398 deo
530 2359 738 2395 carissimus
760 2368 882 2404 episco
911 2368 954 2392 us
976 2356 1149 2409 ecclesiae
1170 2367 1259 2392 suae
1274 2368 1349 2409 per
1371 2356 1517 2403 lonqzus
1542 2361 1683 2403 tempus
1705 2354 1876 2436 delfuertt,
1908 2358 1949 2390 ut
1972 2353 2062 2390 nulli
2090 2364 2121 2389 ez
2145 2358 2311 2400 sumptus
2332 2365 2383 2390 ex
2403 2365 2490 2401 pro-

1755 2412 1775 2436 e

263 2410 381 2448 vincia
405 2407 607 2448 mittantur,
630 2404 696 2440 sed
714 2403 769 2439 illi
791 2403 857 2449 qui
881 2413 934 2438 em
957 2402 995 2437 in
1016 2413 1103 2448 pias
1124 2413 1255 2437 causas
1278 2407 1314 2438 et
1334 2412 1373 2437 ιη
1393 2402 1656 2437 sanctissimam
1680 2411 1741 2436 ecc

1774 2401 1865 2436 siam
1883 2402 2128 2452 praestentur,
2153 2399 2232 2446 ipse
2251 2403 2382 2440 autem,
2407 2399 2491 2435 dum

263 2457 321 2492 liic
343 2457 511 2501 vagatur,
542 2462 587 2486 ne
611 2450 702 2486 adeo
723 2448 925 2495 sumptibus
953 2448 1216 2483 sanctissimam
1240 2447 1425 2483 ecclesiam
1449 2451 1584 2493 qravet.
1635 2445 1796 2482 Ceterum
1827 2446 2062 2491 manifestum
2093 2449 2158 2487 est,
2190 2444 2223 2479 si
2247 2455 2320 2491 per
2343 2444 2492 2480 multum

263 2500 435 2549 temporis
459 2496 631 2544 abfuerit,
655 2506 699 2531 ea
722 2505 817 2542 quae
840 2494 912 2529 iam
936 2504 960 2529 a
984 2493 1088 2528 nobis
1112 2493 1156 2528 de
1180 2492 1236 2528 liis
1258 2493 1401 2528 sancita
1423 2497 1510 2528 sunt
1531 2492 1601 2527 vim
1623 2502 1726 2527 suam
1749 2490 1920 2527 habitura
1944 2501 2030 2526 esse.
2153 2534 2155 2537 .
2424 2504 2426 2506 >

397 2545 461 2581 IV.
511 2541 689 2587 Quoniam
720 2550 805 2577 vero
835 2540 908 2574 iam
939 2539 1149 2581 sanximus,
1186 2543 1227 2574 ut
1256 2539 1289 2574 si
1321 2549 1395 2584 qua
1426 2538 1464 2573 in
1489 2538 1693 2585 provinciis
1723 2537 1893 2572 alienatio
1929 2535 2119 2572 immobilis
2150 2536 2206 2571 rei
2230 2534 2494 2572 ecclesiasticae

262 2590 436 2640 facienda
459 2589 527 2632 sit,
558 2587 648 2623 haec
671 2586 815 2622 decreto
840 2584 1056 2632 interposito
1106 2583 1275 2626 rocedat‚
1306 2583 1606 2630 quemadmodum
1630 2582 1840 2618 constitutio
1870 2592 1987 2628 nuper
2010 2592 2034 2616 a
2057 2580 2160 2616 nobis
2183 2580 2281 2616 edita
2303 2580 2403 2623 dicit,
2434 2581 2493 2617 de-

263 2643 399 2676 cretum
431 2638 550 2672 autem
580 2643 656 2669 non
683 2632 802 2668 solum
826 2633 1023 2677 praesente

1079 2640 1122 2665 eo
1152 2639 1241 2665 caro
1273 2629 1374 2665 urbis
1404 2630 1575 2681 episcopo
1606 2632 1642 2664 et
1673 2627 1768 2663 clero
1799 2627 1895 2669 eius,
1927 2626 1991 2662 sed
2019 2626 2127 2662 etiam
2152 2626 2329 2678 *episcopo
2360 2630 2492 2662 metro-

259 2684 391 2733 poleos
413 2684 560 2729 aqam,
591 2689 708 2724 neque
732 2674 967 2728 tameny'llud
981 2679 1179 2727 praeterea
1201 2675 1379 2727 sancitum
1402 2679 1475 2728 est2
1507 2685 1537 2726 sp
1562 2672 1805 2725 metropoleos
1827 2672 2075 2724 sanctissimus
2099 2681 2293 2722 episcopus
2318 2671 2492 2707 venditio-

263 2741 343 2767 nem
372 2729 546 2776 facturus
576 2724 625 2760 sit
659 2723 715 2760 vel
743 2725 993 2758 sanctissume
1027 2720 1128 2755 illius
1161 2720 1333 2756 ecclesiae
1366 2720 1628 2772 reliquosissmz
1661 2728 1864 2770 oeconomi,
1900 2716 1989 2768 qur-d
2025 2721 2098 2752 tum
2130 2716 2212 2761 fieri
2245 2714 2390 2764 debeat:
2425 2715 2494 2768 hoc

290 2785 408 2822 noque
431 2770 625 2812 adicimus,
655 2773 696 2805 ut
718 2767 791 2803 duo
822 2778 873 2803 ex
902 2777 922 2801 s
948 2765 1045 2801 nodo
1077 2765 1143 2804 deo
1167 2777 1337 2801 carorum
1370 2775 1623 2817 episcoporum
1645 2763 1710 2799 sub
1742 2774 1823 2810 ipso
1848 2765 2045 2798 constituta
2076 2771 2319 2841 quoscumgue
2342 2760 2491 2808 eleqertt

262 2820 442 2861 intersint,
467 2821 577 2862 atque
599 2814 741 2861 reliqua
765 2813 862 2849 omni
886 2823 907 2848 ο
931 2811 1147 2855 servatione,
1178 2822 1273 2857 quae
1295 2823 1319 2846 a
1342 2811 1446 2846 nobis
1469 2821 1542 2846 iam
1564 2809 1706 2845 sancita
1730 2812 1784 2844 est
1811 2807 1993 2843 custodita
2011 2806 2223 2854 praesentia

2270 2816 2400 2842 uorum
2418 2806 2491 2843 deo

264 2876 434 2903 carorum
457 2863 711 2910 episcoporum
736 2858 928 2900 adiciatur,
952 2860 994 2892 ut
1017 2857 1093 2903 ipse
1114 2868 1184 2909 per
1205 2868 1245 2893 se
1268 2867 1347 2892 cum
1369 2867 1437 2892 sua
1460 2855 1602 2902 synodo
1626 2864 1702 2890 rem
1725 2865 1834 2906 agere
1858 2852 2036 2894 videatur,
2060 2856 2096 2888 et
2114 2851 2209 2887 sicut
2230 2851 2310 2898 ipse
2327 2851 2437 2896 fidem
2459 2855 2495 2888 et

264 2908 518 2948 auctoritatem
541 2906 596 2942 rei
620 2904 739 2946 addit,
772 2903 856 2939 dum
887 2902 990 2938 adest
1022 2903 1056 2938 ei
1088 2913 1150 2949 qui
1182 2901 1247 2937 sub
1279 2902 1360 2948 ipso
1391 2901 1610 2937 constitutus
1640 2904 1709 2941 est,
1741 2903 1794 2934 aa
1824 2900 1932 2934 etiam

260 2966 438 3006 praesens
461 2963 535 3001 per
557 2951 650 2987 duos
680 2960 730 2986 ex
753 2949 821 2986 deo
845 2949 942 2984 caris
965 2948 1148 2995 episcopis
1170 2958 1246 2983 rem
1270 2946 1435 2983 videatur
1465 2949 1601 2982 certam
1623 2945 1790 2992 efficere,
1821 2955 1916 2991 quae
1939 2954 1962 2978 a

263 3003 422 3040 monium
445 2996 635 3045 acceperit.

1963 2908 2058 2978 guae
2087 2897 2153 2932 sub
2182 2907 2225 2932 eo
2249 2900 2305 2932 est
2333 2897 2495 2944 synodus

2008 2941 2077 2978 hac
2099 2952 2208 2978 sacra
2231 2942 2372 2988 synodo
2398 2943 2493 2979 testi-

403 3046 438 3082 E
442 3043 608 3093 piloqu
616 3053 642 3077 s.
691 3040 800 3093 blanc
834 3043 954 3091 autem
986 3038 1099 3084 leqem
1134 3043 1297 3074 nostram
1335 3041 1371 3073 et
1401 3036 1450 3072 ad
1482 3036 1600 3072 sedem
1634 3040 1717 3072 tuae
1751 3033 1983 3072 beatitudinis
2016 3037 2052 3070 et
2086 3032 2136 3068 ad
2168 3036 2307 3068 ceteros
2341 3034 2494 3069 sanctis-

265 3095 376 3130 simos
408 3087 644 3140 patriarchas
678 3096 823 3122 missam
857 3085 928 3132 ipsi
963 3095 1037 3131 per
1063 3083 1247 3131 proprias
1282 3082 1422 3118 litteras
1457 3081 1747 3129 metropolitanis
1786 3081 1851 3117 sub
1888 3078 1988 3116 vobis
2023 3078 2229 3114 constitutis
2262 3078 2495 3125 manifestam

312 3221 332 3254 2
345 3215 446 3258 ἀλλὰ]
463 3228 522 3250 om.
536 3227 564 3251 ς.
591 3212 710 3246 Malim
725 3207 815 3255 μηδὲ
830 3209 842 3254 ΙΙ
868 3211 890 3243 4
901 3208 1015 3254 νόμον
1027 3209 1075 3243 M
1075 3212 1092 3230 ⁰
1107 3208 1121 3253 ΙΙ
1139 3210 1214 3251 9sq.
1229 3203 1345 3241 δαπα-

266 3263 407 3301 νᾶσθαι
435 3281 472 3287 -
500 3263 539 3296 11
566 3255 756 3299 ἐκκλησίαν
781 3258 828 3290 bis
851 3268 914 3289 scr.
934 3255 976 3288 M
997 3254 1011 3299 ΙΙ
1037 3256 1077 3289 15
1103 3250 1344 3308 ἐκκλησιαστι-

267 3311 329 3345 κοῦ
354 3320 445 3345 ome
507 3307 547 3340 18
571 3300 742 3344 διάταξις]
768 3314 837 3335 nov.
852 3300 985 3335 XLVI
1006 3300 1019 3341 ΙΙ
1045 3301 1086 3335 21
1112 3311 1153 3332 ου
1177 3300 1260 3342 μην]
1286 3307 1346 3330 nec

267 3367 334 3389 non
359 3357 393 3388 et
415 3366 435 3391 ς
463 3307 480 3392 H
503 3352 545 3386 23
570 3347 606 3383 οἱ
626 3347 687 3391 τῆς
709 3344 731 3379 οἱ
756 3345 910 3389 ιωτάτης
933 3342 1116 3387 ἐκκλησίας
1145 3344 1207 3387 τῆς
1237 3338 1346 3376 αὐτοῦ

269 3398 525 3445 εὖλαβέστατοι
548 3359 755 3437 οἰκονόμοιῖ
769 3393 839 3426 eius
855 3392 1012 3425 ecclesiae
1033 3389 1234 3423 sanctissimi
1253 3398 1346 3421 oeco-

269 3447 359 3479 nomi
380 3458 398 3482 ς
422 3444 435 3484 ΙΙ
458 3445 501 3478 28
522 3436 611 3487 παρ’
626 3435 730 3483 ἡμῶν
750 3451 808 3472 om.
822 3450 841 3474 ς
857 3437 870 3482 ΙΙ
888 3438 931 3471 30
948 3433 1043 3470 καθ’
1058 3432 1171 3469 αὑτὸν
1183 3435 1347 3477 Scrimyer

271 3494 352 3533 exe]
377 3484 608 3524 καὶαταιντὸν
620 3487 692 3525 (εἰσ)
710 3484 757 3517 Μ
771 3482 785 3527 ΙΙ
814 3484 855 3517 35
874 3480 1018 3521 δόξαιεν
1042 3482 1097 3523 Μ,
1122 3494 1205 3514 corr.
1227 3479 1348 3513 Serim-

271 3549 327 3579 9er
352 3535 367 3580 n
395 3537 432 3568 ἐκ
455 3534 517 3576 τῆς
541 3531 636 3576 ἱερᾶς
664 3527 798 3571 ταύτης
820 3525 984 3569 συνόδου]
1017 3536 1056 3560 cx
1080 3524 1273 3559 huiusmodi
1296 3534 1347 3568 sy-

272 3579 359 3612 nodo
379 3593 398 3616 ς
423 3583 436 3623 ΙΙ
467 3581 508 3613 40
533 3574 622 3621 ἡμᾶς
646 3576 677 3609 L

320 3671 336 3702 1
351 3678 525 3711 yconomus
538 3668 571 3700 R
581 3668 614 3701 V
627 3668 683 3708 (id.
699 3665 802 3709 infra)
817 3663 831 3709 ΙΙ
849 3674 887 3698 ex
901 3663 1007 3705 Beck]
1024 3665 1057 3696 et
1070 3663 1148 3697 libri
1168 3660 1182 3706 fl
1204 3661 1226 3694 2
1241 3661 1276 3693 et
1289 3661 1347 3694 ad-

272 3715 355 3755 didi,
378 3713 432 3746 sed
448 3714 523 3746 aad.
535 3712 628 3745 Beck
645 3711 659 3755 ΙΙ
674 3710 861 3754 expendant
873 3709 1006 3752 quidem
1019 3707 1084 3752 ipsi
1100 3708 1162 3742 013
1174 3705 1348 3749 patiantur

1415 3207 1510 3240 Beck
1521 3208 1534 3253 ΙΙ
1545 3209 1566 3241 4
1580 3206 1745 3251 *positam
1758 3205 1865 3248 legem
1878 3205 1956 3239 libri
1966 3203 1978 3249 ΙΙ
1989 3214 2048 3237 sua
2060 3203 2214 3236 manente
2222 3203 2422 3245 (manentem
2429 3201 2493 3250 ξδ’)

1415 3252 1543 3286 uirtute
1555 3253 1600 3294 R]
1618 3263 1714 3285 suam
1726 3251 1887 3284 uirtutem
1898 3252 2086 3282 manentem
2107 3249 2142 3282 V
2152 3258 2213 3282 sua
2228 3257 2359 3281 manere
2371 3246 2494 3279 virtute

1415 3299 1500 3342 vuly.
1520 3297 1533 3342 ss
1548 3298 1577 3330 si
1601 3298 1662 3340 12¹]
1686 3297 1758 3330 siue
1778 3296 1853 3331 Vsi
1877 3307 1957 3328 uero
1983 3292 2160 3339 R²vu19.n
2187 3295 2206 3327 5
2229 3303 2308 3327 sune
2331 3303 2389 3325 om.
2410 3290 2459 3324 V¹
2482 3289 2494 3334 Η

1415 3345 1435 3377 9
1460 3353 1669 3386 praegouue
1690 3341 1770 3387 1⁷¹1!
1798 3344 1837 3376 11
1857 3341 1904 3374 eis
1918 3340 2019 3382 RV’J
2044 3340 2156 3382 eisque
2177 3338 2255 3383 V¹fl
2281 3339 2323 3372 14
2335 3337 2421 3370 rubr.
2443 3336 2492 3368 De

1416 3387 1619 3422 alienatione
1642 3399 1754 3422 rerum
1777 3387 1951 3420 mobilium
1974 3387 2050 3430 (leq.
2067 3383 2301 3424 immobilium)
2323 3380 2366 3414 ad
2389 3380 2491 3433 eccle—

1416 3433 1481 3466 sias
1504 3435 1745 3477 pertinentium
1768 3433 1803 3466 R
1823 3435 1856 3467 in
1875 3445 1977 3476 marq.
2003 3433 2059 3475 (cfi
2072 3431 2138 3464 Iul.
2160 3442 2186 3463 c.
2201 3428 2279 3469 207)
2297 3426 2492 3470 nconhngit

1416 3478 1479 3524 Ru
1495 3490 1556 3512 nos
1578 3479 1656 3521 iam]
1682 3478 1815 3512 noxiam
1835 3479 1883 3511 Β*
1929 3476 2093 3513 sanoxisso
2112 3475 2147 3508 R
2163 3473 2176 3518 ΙΙ
2201 3474 2241 3507 15
2264 3481 2331 3514 qua
2350 3471 2489 3549 dep]

1416 3534 1500 3566 quae
1523 3525 1558 3558 R
1579 3524 1592 3568 ΙΙ
1624 3527 1666 3560 19
1690 3524 1815 3557 clerum
1836 3525 1870 3558 V
1929 3524 1971 3557 20
1994 3532 2055 3555 neo
2078 3521 2157 3560 non]
2183 3519 2243 3561 leq.
2268 3527 2329 3550 nec
2352 3526 2430 3550 vero
2479 3516 2493 3562 ΙΙ

1414 3579 1514 3613 super
1535 3570 1591 3614 1711
1608 3570 1783 3611 sancitum]
1808 3574 1935 3603 sou-si
1956 3567 2004 3601 1⁷²
2027 3565 2147 3599 scitum
2166 3562 2216 3596 1⁷²
2262 3563 2306 3597 24
2328 3562 2444 3596 sinodo
2457 3563 2491 3598 R

1415 3615 1474 3657 (id.
1487 3616 1545 3657 33)
1564 3616 1580 3660 ss
1607 3626 1691 3658 quae
1710 3635 1750 3639 —
1776 3617 1819 3650 30
1839 3613 2039 3648 constitutus
2053 3611 2103 3644 ost
2124 3619 2186 3642 scr.
2199 3607 2234 3640 R
2262 3609 2295 3642 in
2308 3620 2373 3642 ras.
2388 3609 2408 3642 3
2420 3620 2491 3642 ver-

1414 3673 1503 3694 suum
1520 3660 1534 3704 ΙΙ
1551 3661 1790 3704 episcoporum]
1807 3654 1996 3692 adiciantur
2009 3656 2048 3689 ut
2058 3652 2237 3688 secundum
2250 3663 2284 3687 se
2299 3666 2325 3687 s.
2338 3666 2366 3687 υ.
2381 3655 2489 3688 adscr.

1424 3705 1475 3739 V²
1488 3705 1502 3750 ΙΙ
1521 3707 1563 3740 25
1589 3706 1750 3749 elegerint
1772 3705 1807 3738 R
1823 3703 1838 3749 ΙΙ
1853 3705 1896 3739 29
1919 3702 1990 3746 ipso
2014 3713 2073 3733 om.
2098 3699 2131 3733 R
2147 3698 2160 3742 ΙΙ
2178 3699 2219 3733 37
2244 3698 2285 3732 ad
2310 3711 2367 3733 om.
2389 3698 2437 3732 Β*
