<?xml version="1.0" encoding="UTF-8"?>
<!DOCTYPE html PUBLIC "-//W3C//DTD XHTML 1.0 Transitional//EN"
    "http://www.w3.org/TR/xhtml1/DTD/xhtml1-transitional.dtd">
<html xmlns="http://www.w3.org/1999/xhtml" xml:lang="en" lang="en">
 <head>
  <title>
</title>
<meta http-equiv="Content-Type" content="text/html;charset=utf-8" />
  <meta name='ocr-system' content='tesseract 3.04.00' />
  <meta name='ocr-capabilities' content='ocr_page ocr_carea ocr_par ocr_line ocrx_word'/>
</head>
<body>
  <div class='ocr_page' id='page_1' title='image "./corpusiuriscivil03krueuoft_0084.png"; bbox 0 0 2618 4010; ppageno 0'>
   <div class='ocr_carea' id='block_1_1' title="bbox 250 111 1387 159">
    <p class='ocr_par' dir='ltr' id='par_1_1' title="bbox 250 111 1387 159">
     <span class='ocr_line' id='line_1_1' title="bbox 250 111 1387 159; baseline -0.001 0"><span class='ocrx_word' id='word_1_1' title='bbox 250 117 357 159; x_wconf 87' lang='lat' dir='ltr'><strong>Nov.</strong></span> <span class='ocrx_word' id='word_1_2' title='bbox 389 116 466 158; x_wconf 90' lang='lat' dir='ltr'><strong>VII</strong></span> <span class='ocrx_word' id='word_1_3' title='bbox 497 118 535 158; x_wconf 80' lang='lat'><strong>2.</strong></span> <span class='ocrx_word' id='word_1_4' title='bbox 567 119 591 158; x_wconf 89' lang='grc'><strong>3</strong></span> <span class='ocrx_word' id='word_1_5' title='bbox 1331 111 1387 158; x_wconf 86' lang='grc'><strong>54</strong></span> 
     </span>
    </p>
   </div>
   <div class='ocr_carea' id='block_1_2' title="bbox 250 221 1334 370">
    <p class='ocr_par' dir='ltr' id='par_1_2' title="bbox 250 221 1334 370">
     <span class='ocr_line' id='line_1_2' title="bbox 250 221 1334 274; baseline -0.003 -11"><span class='ocrx_word' id='word_1_6' title='bbox 250 229 323 263; x_wconf 81' lang='grc' dir='ltr'><strong><em>εἴτε</em></strong></span> <span class='ocrx_word' id='word_1_7' title='bbox 346 228 481 273; x_wconf 82' lang='grc' dir='ltr'><strong><em>πρᾶσιν</em></strong></span> <span class='ocrx_word' id='word_1_8' title='bbox 505 227 576 261; x_wconf 82' lang='grc' dir='ltr'><strong><em>εἴτε</em></strong></span> <span class='ocrx_word' id='word_1_9' title='bbox 596 224 737 274; x_wconf 84' lang='grc' dir='ltr'><strong><em>δωρεὰν</em></strong></span> <span class='ocrx_word' id='word_1_10' title='bbox 760 226 832 261; x_wconf 82' lang='grc' dir='ltr'><strong><em>εἴτε</em></strong></span> <span class='ocrx_word' id='word_1_11' title='bbox 853 224 1003 273; x_wconf 79' lang='grc' dir='ltr'>ἄμειψιν</span> <span class='ocrx_word' id='word_1_12' title='bbox 1022 228 1093 260; x_wconf 85' lang='grc' dir='ltr'><strong><em>εἴτε</em></strong></span> <span class='ocrx_word' id='word_1_13' title='bbox 1118 227 1157 269; x_wconf 81' lang='grc' dir='ltr'><strong>ἐμ</strong></span> <span class='ocrx_word' id='word_1_14' title='bbox 1190 221 1334 260; x_wconf 78' lang='grc' dir='ltr'><strong><em>ύτευσιν</em></strong></span> 
     </span>
     <span class='ocr_line' id='line_1_3' title="bbox 250 267 1333 318; baseline -0.004 -10"><span class='ocrx_word' id='word_1_15' title='bbox 250 272 394 317; x_wconf 78' lang='grc' dir='ltr'><em>διηνεκῆ</em></span> <span class='ocrx_word' id='word_1_16' title='bbox 418 270 605 307; x_wconf 74' lang='grc' dir='ltr'><strong>παντελῶς</strong></span> <span class='ocrx_word' id='word_1_17' title='bbox 627 268 863 318; x_wconf 64' lang='grc' dir='ltr'><strong><em>ἀναιρῶμεν</em></strong></span> <span class='ocrx_word' id='word_1_18' title='bbox 895 269 938 307; x_wconf 81' lang='grc' dir='ltr'><strong>οὗ</strong></span> <span class='ocrx_word' id='word_1_19' title='bbox 956 270 1028 317; x_wconf 78' lang='grc' dir='ltr'><strong>μὴν</strong></span> <span class='ocrx_word' id='word_1_20' title='bbox 1051 268 1136 305; x_wconf 81' lang='grc' dir='ltr'><strong><em>οὐδὲ</em></strong></span> <span class='ocrx_word' id='word_1_21' title='bbox 1178 267 1260 304; x_wconf 83' lang='grc' dir='ltr'><strong><em>όσιν</em></strong></span> <span class='ocrx_word' id='word_1_22' title='bbox 1281 282 1333 305; x_wconf 82' lang='grc' dir='ltr'><strong>τι-</strong></span> 
     </span>
     <span class='ocr_line' id='line_1_4' title="bbox 250 314 1332 370; baseline -0.003 -18"><span class='ocrx_word' id='word_1_23' title='bbox 250 318 310 354; x_wconf 84' lang='grc' dir='ltr'><strong>νὸς</strong></span> <span class='ocrx_word' id='word_1_24' title='bbox 332 317 498 365; x_wconf 68' lang='grc' dir='ltr'><strong><em>ἐνεχύρου</em></strong></span> <span class='ocrx_word' id='word_1_25' title='bbox 521 316 585 351; x_wconf 74' lang='grc' dir='ltr'><strong>ἐπ’</strong></span> <span class='ocrx_word' id='word_1_26' title='bbox 617 314 777 360; x_wconf 77' lang='grc' dir='ltr'><strong><em>ἀκινήτῳ</em></strong></span> <span class='ocrx_word' id='word_1_27' title='bbox 806 315 1216 370; x_wconf 51' lang='grc' dir='ltr'><strong><em>πράγματι,γινομε’νην</em></strong></span> <span class='ocrx_word' id='word_1_28' title='bbox 1246 327 1332 369; x_wconf 72' lang='grc' dir='ltr'><strong><em>προ-</em></strong></span> 
     </span>
    </p>
   </div>
   <div class='ocr_carea' id='block_1_3' title="bbox 252 360 1826 417">
    <p class='ocr_par' dir='ltr' id='par_1_3' title="bbox 252 360 1826 417">
     <span class='ocr_line' id='line_1_5' title="bbox 252 360 1826 417; baseline -0.001 -19"><span class='ocrx_word' id='word_1_29' title='bbox 252 362 358 409; x_wconf 86' lang='grc' dir='ltr'><strong><em>φάσει</em></strong></span> <span class='ocrx_word' id='word_1_30' title='bbox 374 362 500 398; x_wconf 87' lang='grc' dir='ltr'><strong><em>δανεισ</em></strong></span> <span class='ocrx_word' id='word_1_31' title='bbox 526 362 629 397; x_wconf 87' lang='grc' dir='ltr'><strong><em>άτων</em></strong></span> <span class='ocrx_word' id='word_1_32' title='bbox 642 361 816 409; x_wconf 70' lang='grc' dir='ltr'><strong><em>γίνεσθαι</em></strong></span> <span class='ocrx_word' id='word_1_33' title='bbox 832 374 1094 417; x_wconf 68' lang='grc' dir='ltr'><strong><em>συγχωρουμεν.</em></strong></span> <span class='ocrx_word' id='word_1_34' title='bbox 1132 362 1206 394; x_wconf 78' lang='grc' dir='ltr'><strong>Καὶ</strong></span> <span class='ocrx_word' id='word_1_35' title='bbox 1226 372 1347 402; x_wconf 72' lang='grc' dir='ltr'><strong><em>τουτο</em></strong></span> <span class='ocrx_word' id='word_1_36' title='bbox 1401 360 1592 396; x_wconf 79' lang='lat' dir='ltr'>occasione</span> <span class='ocrx_word' id='word_1_37' title='bbox 1622 364 1826 396; x_wconf 86' lang='lat' dir='ltr'><strong>mutuorum</strong></span> 
     </span>
    </p>
   </div>
   <div class='ocr_carea' id='block_1_4' title="bbox 1998 129 2475 162">
    <p class='ocr_par' dir='ltr' id='par_1_4' title="bbox 1998 129 2475 162">
     <span class='ocr_line' id='line_1_6' title="bbox 1998 129 2475 162; baseline 0.004 -2"><span class='ocrx_word' id='word_1_38' title='bbox 1998 129 2058 160; x_wconf 80' lang='lat' dir='ltr'><strong>BE</strong></span> <span class='ocrx_word' id='word_1_39' title='bbox 2087 129 2177 160; x_wconf 82' lang='lat' dir='ltr'><strong>NON</strong></span> <span class='ocrx_word' id='word_1_40' title='bbox 2204 129 2475 162; x_wconf 72' lang='lat' dir='ltr'>ALIENANDIS</span> 
     </span>
    </p>
   </div>
   <div class='ocr_carea' id='block_1_5' title="bbox 1401 225 2476 400">
    <p class='ocr_par' dir='ltr' id='par_1_5' title="bbox 1401 225 2476 397">
     <span class='ocr_line' id='line_1_7' title="bbox 1402 225 2473 278; baseline 0.004 -18"><span class='ocrx_word' id='word_1_41' title='bbox 1402 236 1482 261; x_wconf 89' lang='lat' dir='ltr'><strong>nem</strong></span> <span class='ocrx_word' id='word_1_42' title='bbox 1512 225 1585 278; x_wconf 56' lang='lat' dir='ltr'><strong>sive</strong></span> <span class='ocrx_word' id='word_1_43' title='bbox 1614 226 1841 262; x_wconf 88' lang='lat' dir='ltr'><strong>donationem</strong></span> <span class='ocrx_word' id='word_1_44' title='bbox 1869 228 1942 263; x_wconf 84' lang='lat' dir='ltr'><strong>sive</strong></span> <span class='ocrx_word' id='word_1_45' title='bbox 1971 228 2267 273; x_wconf 79' lang='lat' dir='ltr'><strong>permutationem</strong></span> <span class='ocrx_word' id='word_1_46' title='bbox 2297 229 2371 264; x_wconf 88' lang='lat' dir='ltr'><strong>sive</strong></span> <span class='ocrx_word' id='word_1_47' title='bbox 2401 239 2473 264; x_wconf 89' lang='lat' dir='ltr'><strong>em-</strong></span> 
     </span>
     <span class='ocr_line' id='line_1_8' title="bbox 1401 270 2476 350; baseline 0.003 -45"><span class='ocrx_word' id='word_1_48' title='bbox 1401 270 1590 350; x_wconf 52' lang='lat' dir='ltr'><strong>{hyteosm</strong></span> <span class='ocrx_word' id='word_1_49' title='bbox 1612 274 1821 323; x_wconf 78' lang='lat' dir='ltr'><strong>perpetuam</strong></span> <span class='ocrx_word' id='word_1_50' title='bbox 1847 273 1990 309; x_wconf 88' lang='lat' dir='ltr'><strong>omnino</strong></span> <span class='ocrx_word' id='word_1_51' title='bbox 2014 274 2236 319; x_wconf 79' lang='lat' dir='ltr'><strong>perimimus3</strong></span> <span class='ocrx_word' id='word_1_52' title='bbox 2270 274 2332 309; x_wconf 87' lang='lat' dir='ltr'><strong>sed</strong></span> <span class='ocrx_word' id='word_1_53' title='bbox 2360 283 2476 318; x_wconf 82' lang='lat' dir='ltr'><strong>neque</strong></span> 
     </span>
     <span class='ocr_line' id='line_1_9' title="bbox 1425 315 2476 397; baseline 0.004 -47"><span class='ocrx_word' id='word_1_54' title='bbox 1425 315 1580 351; x_wconf 76' lang='lat' dir='ltr'><strong>ationem</strong></span> <span class='ocrx_word' id='word_1_55' title='bbox 1605 315 1790 352; x_wconf 81' lang='lat' dir='ltr'><strong>cuiusdam</strong></span> <span class='ocrx_word' id='word_1_56' title='bbox 1819 317 1975 397; x_wconf 49' lang='lat' dir='ltr'><strong>piffinoris</strong></span> <span class='ocrx_word' id='word_1_57' title='bbox 2004 318 2043 354; x_wconf 88' lang='lat' dir='ltr'><strong>in</strong></span> <span class='ocrx_word' id='word_1_58' title='bbox 2071 329 2111 355; x_wconf 88' lang='lat' dir='ltr'><strong>re</strong></span> <span class='ocrx_word' id='word_1_59' title='bbox 2141 319 2314 356; x_wconf 81' lang='lat' dir='ltr'><strong>immobili</strong></span> <span class='ocrx_word' id='word_1_60' title='bbox 2343 317 2476 355; x_wconf 83' lang='lat' dir='ltr'><strong>factam</strong></span> 
     </span>
    </p>

    <p class='ocr_par' dir='ltr' id='par_1_6' title="bbox 1885 362 2476 400">
     <span class='ocr_line' id='line_1_10' title="bbox 1885 362 2476 400; baseline 0.002 -2"><span class='ocrx_word' id='word_1_61' title='bbox 1885 362 1936 398; x_wconf 88' lang='lat' dir='ltr'><strong>eri</strong></span> <span class='ocrx_word' id='word_1_62' title='bbox 1971 362 2130 400; x_wconf 87' lang='lat' dir='ltr'><strong>sinimus.</strong></span> <span class='ocrx_word' id='word_1_63' title='bbox 2177 364 2228 400; x_wconf 86' lang='lat' dir='ltr'><strong>Et</strong></span> <span class='ocrx_word' id='word_1_64' title='bbox 2256 364 2326 399; x_wconf 92' lang='lat' dir='ltr'><strong>hoc</strong></span> <span class='ocrx_word' id='word_1_65' title='bbox 2357 363 2476 399; x_wconf 84' lang='lat' dir='ltr'><strong>valere</strong></span> 
     </span>
    </p>
   </div>
   <div class='ocr_carea' id='block_1_6' title="bbox 251 402 2477 456">
    <p class='ocr_par' dir='ltr' id='par_1_7' title="bbox 251 402 2477 456">
     <span class='ocr_line' id='line_1_11' title="bbox 251 402 2477 456; baseline 0 -14"><span class='ocrx_word' id='word_1_66' title='bbox 251 411 395 456; x_wconf 78' lang='grc' dir='ltr'><strong><em>κρατεῖν</em></strong></span> <span class='ocrx_word' id='word_1_67' title='bbox 414 412 481 453; x_wconf 87' lang='grc' dir='ltr'><strong>βου</strong></span> <span class='ocrx_word' id='word_1_68' title='bbox 513 406 627 453; x_wconf 71' lang='grc' dir='ltr'><strong><em>’μεθα</em></strong></span> <span class='ocrx_word' id='word_1_69' title='bbox 649 409 714 443; x_wconf 75' lang='grc' dir='ltr'><strong><em>ὀπί</em></strong></span> <span class='ocrx_word' id='word_1_70' title='bbox 732 420 774 442; x_wconf 84' lang='grc' dir='ltr'><strong>τε</strong></span> <span class='ocrx_word' id='word_1_71' title='bbox 793 419 909 451; x_wconf 90' lang='grc' dir='ltr'><strong><em>πασης</em></strong></span> <span class='ocrx_word' id='word_1_72' title='bbox 928 405 1112 449; x_wconf 77' lang='grc' dir='ltr'><strong><em>ἐκκλησίας</em></strong></span> <span class='ocrx_word' id='word_1_73' title='bbox 1131 402 1270 440; x_wconf 86' lang='grc' dir='ltr'><strong><em>παντός</em></strong></span> <span class='ocrx_word' id='word_1_74' title='bbox 1291 418 1332 440; x_wconf 85' lang='grc' dir='ltr'><strong>τε</strong></span> <span class='ocrx_word' id='word_1_75' title='bbox 1368 409 1386 440; x_wconf 91' lang='grc'>5</span> <span class='ocrx_word' id='word_1_76' title='bbox 1401 405 1564 441; x_wconf 85' lang='lat' dir='ltr'><strong>volumus</strong></span> <span class='ocrx_word' id='word_1_77' title='bbox 1599 405 1637 440; x_wconf 86' lang='lat' dir='ltr'><strong>in</strong></span> <span class='ocrx_word' id='word_1_78' title='bbox 1672 405 1766 440; x_wconf 88' lang='lat' dir='ltr'><strong>omni</strong></span> <span class='ocrx_word' id='word_1_79' title='bbox 1799 405 1952 444; x_wconf 77' lang='lat' dir='ltr'><strong>ecclesia</strong></span> <span class='ocrx_word' id='word_1_80' title='bbox 1994 409 2158 455; x_wconf 79' lang='lat' dir='ltr'><strong>omnique</strong></span> <span class='ocrx_word' id='word_1_81' title='bbox 2193 409 2405 445; x_wconf 74' lang='lat' dir='ltr'><strong>monasterio</strong></span> <span class='ocrx_word' id='word_1_82' title='bbox 2440 412 2477 444; x_wconf 88' lang='lat' dir='ltr'><strong>et</strong></span> 
     </span>
    </p>
   </div>
   <div class='ocr_carea' id='block_1_7' title="bbox 247 452 1331 633">
    <p class='ocr_par' dir='ltr' id='par_1_8' title="bbox 247 452 1331 633">
     <span class='ocr_line' id='line_1_12' title="bbox 248 452 1330 500; baseline -0.004 -12"><span class='ocrx_word' id='word_1_83' title='bbox 248 456 493 500; x_wconf 87' lang='grc' dir='ltr'><strong><em>μοναστηρίου</em></strong></span> <span class='ocrx_word' id='word_1_84' title='bbox 515 455 577 487; x_wconf 81' lang='grc' dir='ltr'><strong>καὶ</strong></span> <span class='ocrx_word' id='word_1_85' title='bbox 604 456 834 498; x_wconf 86' lang='grc' dir='ltr'><strong><em>νοσοκομείου</em></strong></span> <span class='ocrx_word' id='word_1_86' title='bbox 857 455 918 487; x_wconf 78' lang='grc' dir='ltr'><strong>καὶ</strong></span> <span class='ocrx_word' id='word_1_87' title='bbox 943 452 1098 492; x_wconf 80' lang='grc' dir='ltr'><strong><em>ξενῶνος</em></strong></span> <span class='ocrx_word' id='word_1_88' title='bbox 1119 453 1179 484; x_wconf 81' lang='grc' dir='ltr'><strong>καὶ</strong></span> <span class='ocrx_word' id='word_1_89' title='bbox 1202 453 1330 498; x_wconf 75' lang='grc' dir='ltr'><strong><em>βρεφυ-</em></strong></span> 
     </span>
     <span class='ocr_line' id='line_1_13' title="bbox 249 496 1331 546; baseline -0.003 -13"><span class='ocrx_word' id='word_1_90' title='bbox 249 502 417 545; x_wconf 79' lang='grc' dir='ltr'><strong><em>τροφείου</em></strong></span> <span class='ocrx_word' id='word_1_91' title='bbox 437 500 497 532; x_wconf 81' lang='grc' dir='ltr'><strong>καὶ</strong></span> <span class='ocrx_word' id='word_1_92' title='bbox 520 496 735 546; x_wconf 80' lang='grc' dir='ltr'><strong><em>ἀσκητηρίου</em></strong></span> <span class='ocrx_word' id='word_1_93' title='bbox 759 501 819 533; x_wconf 86' lang='grc' dir='ltr'><strong>καὶ</strong></span> <span class='ocrx_word' id='word_1_94' title='bbox 841 499 1134 544; x_wconf 87' lang='grc' dir='ltr'><strong><em>γεροντοκομείου</em></strong></span> <span class='ocrx_word' id='word_1_95' title='bbox 1157 498 1218 530; x_wconf 80' lang='grc' dir='ltr'><strong>καὶ</strong></span> <span class='ocrx_word' id='word_1_96' title='bbox 1240 509 1331 531; x_wconf 88' lang='grc' dir='ltr'><strong><em>παν-</em></strong></span> 
     </span>
     <span class='ocr_line' id='line_1_14' title="bbox 247 539 1331 589; baseline -0.004 -11"><span class='ocrx_word' id='word_1_97' title='bbox 247 543 309 579; x_wconf 83' lang='grc' dir='ltr'><strong>τὸς</strong></span> <span class='ocrx_word' id='word_1_98' title='bbox 328 540 453 580; x_wconf 77' lang='grc' dir='ltr'><strong><em>ἅπλῶς</em></strong></span> <span class='ocrx_word' id='word_1_99' title='bbox 473 541 714 588; x_wconf 77' lang='grc' dir='ltr'><strong><em>συστήματος,</em></strong></span> <span class='ocrx_word' id='word_1_100' title='bbox 738 539 827 587; x_wconf 78' lang='grc' dir='ltr'><strong><em>ὅπερ</em></strong></span> <span class='ocrx_word' id='word_1_101' title='bbox 852 542 977 589; x_wconf 81' lang='grc' dir='ltr'><strong><em>πρᾶξις</em></strong></span> <span class='ocrx_word' id='word_1_102' title='bbox 1001 539 1147 585; x_wconf 81' lang='grc' dir='ltr'><strong><em>εὐσεβὴς</em></strong></span> <span class='ocrx_word' id='word_1_103' title='bbox 1167 544 1331 584; x_wconf 89' lang='grc' dir='ltr'><strong><em>συνίστη-</em></strong></span> 
     </span>
     <span class='ocr_line' id='line_1_15' title="bbox 248 583 1330 633; baseline -0.004 -10"><span class='ocrx_word' id='word_1_104' title='bbox 248 601 320 632; x_wconf 87' lang='grc' dir='ltr'><strong><em>σιν,</em></strong></span> <span class='ocrx_word' id='word_1_105' title='bbox 357 586 501 624; x_wconf 80' lang='grc' dir='ltr'><strong><em>οὗδενὸς</em></strong></span> <span class='ocrx_word' id='word_1_106' title='bbox 536 587 724 624; x_wconf 78' lang='grc' dir='ltr'><strong><em>παντελῶς</em></strong></span> <span class='ocrx_word' id='word_1_107' title='bbox 760 588 904 622; x_wconf 88' lang='grc' dir='ltr'><strong><em>τούτων</em></strong></span> <span class='ocrx_word' id='word_1_108' title='bbox 934 601 971 621; x_wconf 89' lang='grc' dir='ltr'><strong>τι</strong></span> <span class='ocrx_word' id='word_1_109' title='bbox 1002 583 1203 630; x_wconf 76' lang='grc' dir='ltr'><strong><em>λαμβάνειν</em></strong></span> <span class='ocrx_word' id='word_1_110' title='bbox 1236 583 1330 633; x_wconf 79' lang='grc' dir='ltr'><strong><em>παρ’</em></strong></span> 
     </span>
    </p>
   </div>
   <div class='ocr_carea' id='block_1_8' title="bbox 1401 449 2476 636">
    <p class='ocr_par' dir='ltr' id='par_1_9' title="bbox 1401 449 2476 636">
     <span class='ocr_line' id='line_1_16' title="bbox 1402 449 2475 507; baseline 0.004 -22"><span class='ocrx_word' id='word_1_111' title='bbox 1402 449 1606 486; x_wconf 91' lang='lat' dir='ltr'><strong>nosocomio</strong></span> <span class='ocrx_word' id='word_1_112' title='bbox 1631 452 1668 485; x_wconf 91' lang='lat' dir='ltr'><strong>et</strong></span> <span class='ocrx_word' id='word_1_113' title='bbox 1689 450 1910 488; x_wconf 84' lang='lat' dir='ltr'><strong>xenodochio</strong></span> <span class='ocrx_word' id='word_1_114' title='bbox 1934 456 1970 488; x_wconf 87' lang='lat' dir='ltr'><strong>et</strong></span> <span class='ocrx_word' id='word_1_115' title='bbox 1998 453 2279 507; x_wconf 79' lang='lat' dir='ltr'><strong>brephotrophio</strong></span> <span class='ocrx_word' id='word_1_116' title='bbox 2310 456 2348 489; x_wconf 89' lang='lat' dir='ltr'><strong>et</strong></span> <span class='ocrx_word' id='word_1_117' title='bbox 2374 463 2475 489; x_wconf 84' lang='lat' dir='ltr'><strong>asce-</strong></span> 
     </span>
     <span class='ocr_line' id='line_1_17' title="bbox 1401 495 2475 543; baseline 0.006 -13"><span class='ocrx_word' id='word_1_118' title='bbox 1401 495 1489 531; x_wconf 85' lang='lat' dir='ltr'><strong>terio</strong></span> <span class='ocrx_word' id='word_1_119' title='bbox 1525 497 1562 531; x_wconf 88' lang='lat' dir='ltr'><strong>et</strong></span> <span class='ocrx_word' id='word_1_120' title='bbox 1601 495 1866 540; x_wconf 86' lang='lat' dir='ltr'><strong>gerontocomio</strong></span> <span class='ocrx_word' id='word_1_121' title='bbox 1907 501 1944 533; x_wconf 87' lang='lat' dir='ltr'><strong>et</strong></span> <span class='ocrx_word' id='word_1_122' title='bbox 1985 508 2081 534; x_wconf 89' lang='lat' dir='ltr'><strong>omm</strong></span> <span class='ocrx_word' id='word_1_123' title='bbox 2122 499 2286 535; x_wconf 81' lang='lat' dir='ltr'><strong>absolute</strong></span> <span class='ocrx_word' id='word_1_124' title='bbox 2328 499 2475 543; x_wconf 85' lang='lat' dir='ltr'><strong>collegio</strong></span> 
     </span>
     <span class='ocr_line' id='line_1_18' title="bbox 1403 540 2475 589; baseline 0.006 -14"><span class='ocrx_word' id='word_1_125' title='bbox 1403 540 1498 585; x_wconf 90' lang='lat' dir='ltr'><strong>quod</strong></span> <span class='ocrx_word' id='word_1_126' title='bbox 1520 540 1615 576; x_wconf 85' lang='lat' dir='ltr'><strong>actio</strong></span> <span class='ocrx_word' id='word_1_127' title='bbox 1644 540 1706 586; x_wconf 88' lang='lat' dir='ltr'><strong>pia</strong></span> <span class='ocrx_word' id='word_1_128' title='bbox 1731 541 1930 584; x_wconf 86' lang='lat' dir='ltr'><strong>constituit,</strong></span> <span class='ocrx_word' id='word_1_129' title='bbox 1960 542 2057 579; x_wconf 88' lang='lat' dir='ltr'><strong>nullo</strong></span> <span class='ocrx_word' id='word_1_130' title='bbox 2088 544 2231 589; x_wconf 87' lang='lat' dir='ltr'><strong>penitus</strong></span> <span class='ocrx_word' id='word_1_131' title='bbox 2258 545 2388 580; x_wconf 90' lang='lat' dir='ltr'><strong>horum</strong></span> <span class='ocrx_word' id='word_1_132' title='bbox 2410 544 2475 580; x_wconf 89' lang='lat' dir='ltr'><strong>ali-</strong></span> 
     </span>
     <span class='ocr_line' id='line_1_19' title="bbox 1402 585 2476 636; baseline 0.003 -15"><span class='ocrx_word' id='word_1_133' title='bbox 1402 585 1487 630; x_wconf 85' lang='lat' dir='ltr'><strong>quid</strong></span> <span class='ocrx_word' id='word_1_134' title='bbox 1510 586 1673 631; x_wconf 84' lang='lat' dir='ltr'><strong>accipere</strong></span> <span class='ocrx_word' id='word_1_135' title='bbox 1696 586 1742 621; x_wconf 85' lang='lat' dir='ltr'><strong>ab</strong></span> <span class='ocrx_word' id='word_1_136' title='bbox 1768 586 1818 622; x_wconf 90' lang='lat' dir='ltr'><strong>eis</strong></span> <span class='ocrx_word' id='word_1_137' title='bbox 1845 587 1993 623; x_wconf 86' lang='lat' dir='ltr'><strong>valente.</strong></span> <span class='ocrx_word' id='word_1_138' title='bbox 2040 587 2142 624; x_wconf 83' lang='lat' dir='ltr'><strong>Unde</strong></span> <span class='ocrx_word' id='word_1_139' title='bbox 2164 599 2280 636; x_wconf 89' lang='lat' dir='ltr'><strong>neque</strong></span> <span class='ocrx_word' id='word_1_140' title='bbox 2304 589 2476 626; x_wconf 85' lang='lat' dir='ltr'><strong>constitu-</strong></span> 
     </span>
    </p>
   </div>
   <div class='ocr_carea' id='block_1_9' title="bbox 249 628 2476 681">
    <p class='ocr_par' dir='ltr' id='par_1_10' title="bbox 249 628 2476 681">
     <span class='ocr_line' id='line_1_20' title="bbox 249 628 2476 681; baseline 0 -13"><span class='ocrx_word' id='word_1_141' title='bbox 249 632 374 669; x_wconf 76' lang='grc' dir='ltr'><strong><em>αὐτῶν</em></strong></span> <span class='ocrx_word' id='word_1_142' title='bbox 392 632 602 678; x_wconf 77' lang='grc' dir='ltr'><strong><em>δυναμένου.</em></strong></span> <span class='ocrx_word' id='word_1_143' title='bbox 642 632 747 668; x_wconf 72' lang='grc' dir='ltr'><strong><em>’Ώςτε</em></strong></span> <span class='ocrx_word' id='word_1_144' title='bbox 766 632 848 667; x_wconf 82' lang='grc' dir='ltr'><strong><em>οὔτε</em></strong></span> <span class='ocrx_word' id='word_1_145' title='bbox 867 633 929 673; x_wconf 80' lang='grc' dir='ltr'><strong>τῆς</strong></span> <span class='ocrx_word' id='word_1_146' title='bbox 949 629 1145 672; x_wconf 73' lang='grc' dir='ltr'><strong><em>διατάξεως</em></strong></span> <span class='ocrx_word' id='word_1_147' title='bbox 1160 628 1333 665; x_wconf 79' lang='grc' dir='ltr'><strong><em>Ἀναστα-</em></strong></span> <span class='ocrx_word' id='word_1_148' title='bbox 1348 634 1388 667; x_wconf 89' lang='grc'><strong>10</strong></span> <span class='ocrx_word' id='word_1_149' title='bbox 1401 630 1500 667; x_wconf 88' lang='lat' dir='ltr'><strong>tione</strong></span> <span class='ocrx_word' id='word_1_150' title='bbox 1528 631 1712 667; x_wconf 84' lang='lat' dir='ltr'><strong>Anastasii</strong></span> <span class='ocrx_word' id='word_1_151' title='bbox 1743 632 1844 667; x_wconf 83' lang='lat' dir='ltr'><strong>divae</strong></span> <span class='ocrx_word' id='word_1_152' title='bbox 1877 632 2068 669; x_wconf 73' lang='lat' dir='ltr'><strong>memoriae</strong></span> <span class='ocrx_word' id='word_1_153' title='bbox 2099 634 2247 670; x_wconf 81' lang='lat' dir='ltr'><strong>ulterius</strong></span> <span class='ocrx_word' id='word_1_154' title='bbox 2278 645 2369 681; x_wconf 85' lang='lat' dir='ltr'><strong>opus</strong></span> <span class='ocrx_word' id='word_1_155' title='bbox 2396 635 2476 677; x_wconf 85' lang='lat' dir='ltr'><strong>erit,</strong></span> 
     </span>
    </p>
   </div>
   <div class='ocr_carea' id='block_1_10' title="bbox 248 673 1334 827">
    <p class='ocr_par' dir='ltr' id='par_1_11' title="bbox 248 673 1334 827">
     <span class='ocr_line' id='line_1_21' title="bbox 248 673 1330 723; baseline -0.004 -9"><span class='ocrx_word' id='word_1_156' title='bbox 248 683 327 714; x_wconf 85' lang='grc' dir='ltr'><strong><em>σίου</em></strong></span> <span class='ocrx_word' id='word_1_157' title='bbox 351 680 416 714; x_wconf 82' lang='grc' dir='ltr'><strong>τοῦ</strong></span> <span class='ocrx_word' id='word_1_158' title='bbox 439 680 501 723; x_wconf 84' lang='grc' dir='ltr'><strong>τῆς</strong></span> <span class='ocrx_word' id='word_1_159' title='bbox 522 679 628 714; x_wconf 77' lang='grc' dir='ltr'><strong><em>θείας</em></strong></span> <span class='ocrx_word' id='word_1_160' title='bbox 650 677 781 723; x_wconf 76' lang='grc' dir='ltr'><strong><em>λήξεως</em></strong></span> <span class='ocrx_word' id='word_1_161' title='bbox 804 679 859 712; x_wconf 78' lang='grc' dir='ltr'><strong>ἔτι</strong></span> <span class='ocrx_word' id='word_1_162' title='bbox 885 674 1003 720; x_wconf 82' lang='grc' dir='ltr'><strong><em>δεήσει</em></strong></span> <span class='ocrx_word' id='word_1_163' title='bbox 1027 675 1110 711; x_wconf 77' lang='grc' dir='ltr'><strong><em>οὔτε</em></strong></span> <span class='ocrx_word' id='word_1_164' title='bbox 1139 677 1218 711; x_wconf 87' lang='grc' dir='ltr'><strong>τῶν</strong></span> <span class='ocrx_word' id='word_1_165' title='bbox 1245 673 1330 711; x_wconf 86' lang='grc' dir='ltr'><strong><em>κατ’</em></strong></span> 
     </span>
     <span class='ocr_line' id='line_1_22' title="bbox 249 722 1333 780; baseline -0.004 -21"><span class='ocrx_word' id='word_1_166' title='bbox 249 727 391 780; x_wconf 69' lang='grc' dir='ltr'><strong><em>ἐκείνην</em></strong></span> <span class='ocrx_word' id='word_1_167' title='bbox 415 727 625 779; x_wconf 38' lang='lat' dir='ltr'><strong>peponem-ant</strong></span> <span class='ocrx_word' id='word_1_168' title='bbox 647 722 826 778; x_wconf 59' lang='grc' dir='ltr'><strong><em>δεκρξταζν</em></strong></span> <span class='ocrx_word' id='word_1_169' title='bbox 846 726 906 777; x_wconf 69' lang='grc' dir='ltr'><strong>καὶ</strong></span> <span class='ocrx_word' id='word_1_170' title='bbox 930 723 991 776; x_wconf 68' lang='grc' dir='ltr'><strong>τῇς</strong></span> <span class='ocrx_word' id='word_1_171' title='bbox 1014 723 1198 777; x_wconf 67' lang='grc' dir='ltr'><strong><em>εἰρημένης</em></strong></span> <span class='ocrx_word' id='word_1_172' title='bbox 1217 734 1333 779; x_wconf 72' lang='grc' dir='ltr'><strong><em>πάρα·</em></strong></span> 
     </span>
     <span class='ocr_line' id='line_1_23' title="bbox 249 778 1334 827; baseline -0.006 -21"><span class='ocrx_word' id='word_1_173' title='bbox 249 782 442 827; x_wconf 81' lang='grc' dir='ltr'><strong><em>τηρησεως.</em></strong></span> <span class='ocrx_word' id='word_1_174' title='bbox 489 780 597 805; x_wconf 84' lang='grc' dir='ltr'><strong><em>αυτας</em></strong></span> <span class='ocrx_word' id='word_1_175' title='bbox 617 783 685 817; x_wconf 90' lang='grc' dir='ltr'><strong>γαρ</strong></span> <span class='ocrx_word' id='word_1_176' title='bbox 702 780 764 822; x_wconf 74' lang='grc' dir='ltr'><strong>τας</strong></span> <span class='ocrx_word' id='word_1_177' title='bbox 780 779 888 821; x_wconf 72' lang='grc' dir='ltr'><strong><em>αρχας</em></strong></span> <span class='ocrx_word' id='word_1_178' title='bbox 909 780 973 802; x_wconf 87' lang='grc' dir='ltr'><strong>του</strong></span> <span class='ocrx_word' id='word_1_179' title='bbox 998 778 1209 821; x_wconf 57' lang='grc' dir='ltr'><strong><em>πραγματρς</em></strong></span> <span class='ocrx_word' id='word_1_180' title='bbox 1231 780 1334 801; x_wconf 89' lang='grc' dir='ltr'><strong><em>αναι-</em></strong></span> 
     </span>
    </p>
   </div>
   <div class='ocr_carea' id='block_1_11' title="bbox 1402 677 2479 821">
    <p class='ocr_par' dir='ltr' id='par_1_12' title="bbox 1402 677 2479 821">
     <span class='ocr_line' id='line_1_24' title="bbox 1402 677 2478 732; baseline 0.004 -20"><span class='ocrx_word' id='word_1_181' title='bbox 1402 686 1517 721; x_wconf 88' lang='lat' dir='ltr'><strong>neque</strong></span> <span class='ocrx_word' id='word_1_182' title='bbox 1541 677 1736 730; x_wconf 78' lang='lat' dir='ltr'><strong>secundum</strong></span> <span class='ocrx_word' id='word_1_183' title='bbox 1764 677 1868 729; x_wconf 42' lang='lat' dir='ltr'><strong>illam·</strong></span> <span class='ocrx_word' id='word_1_184' title='bbox 1891 677 2064 732; x_wconf 75' lang='lat' dir='ltr'><strong>faciendis</strong></span> <span class='ocrx_word' id='word_1_185' title='bbox 2088 677 2241 732; x_wconf 67' lang='lat' dir='ltr'><strong>decretis</strong></span> <span class='ocrx_word' id='word_1_186' title='bbox 2262 682 2478 716; x_wconf 80' lang='lat' dir='ltr'><strong>memoratae</strong></span> 
     </span>
     <span class='ocr_line' id='line_1_25' title="bbox 1403 722 2479 775; baseline 0.004 -18"><span class='ocrx_word' id='word_1_187' title='bbox 1403 722 1677 775; x_wconf 75' lang='lat' dir='ltr'><strong>observationis3</strong></span> <span class='ocrx_word' id='word_1_188' title='bbox 1710 733 1790 767; x_wconf 81' lang='lat' dir='ltr'><strong>ipsa</strong></span> <span class='ocrx_word' id='word_1_189' title='bbox 1813 733 1905 758; x_wconf 90' lang='lat' dir='ltr'><strong>emm</strong></span> <span class='ocrx_word' id='word_1_190' title='bbox 1928 732 1979 758; x_wconf 78' lang='lat' dir='ltr'><strong>rei</strong></span> <span class='ocrx_word' id='word_1_191' title='bbox 2008 733 2185 769; x_wconf 75' lang='lat' dir='ltr'><strong>principia</strong></span> <span class='ocrx_word' id='word_1_192' title='bbox 2205 725 2417 770; x_wconf 76' lang='lat' dir='ltr'>perimentes</span> <span class='ocrx_word' id='word_1_193' title='bbox 2442 727 2479 760; x_wconf 87' lang='lat' dir='ltr'><strong>et</strong></span> 
     </span>
     <span class='ocr_line' id='line_1_26' title="bbox 1402 767 2477 821; baseline 0.004 -19"><span class='ocrx_word' id='word_1_194' title='bbox 1402 767 1631 813; x_wconf 81' lang='lat' dir='ltr'><strong>prolubentes</strong></span> <span class='ocrx_word' id='word_1_195' title='bbox 1651 768 1746 821; x_wconf 80' lang='lat' dir='ltr'><strong>quod</strong></span> <span class='ocrx_word' id='word_1_196' title='bbox 1760 767 1814 811; x_wconf 88' lang='lat' dir='ltr'><strong>fit,</strong></span> <span class='ocrx_word' id='word_1_197' title='bbox 1834 778 2058 813; x_wconf 75' lang='lat' dir='ltr'><strong>nequaquam</strong></span> <span class='ocrx_word' id='word_1_198' title='bbox 2075 770 2361 814; x_wconf 80' lang='lat' dir='ltr'><strong>perscrutatione</strong></span> <span class='ocrx_word' id='word_1_199' title='bbox 2377 770 2477 806; x_wconf 84' lang='lat' dir='ltr'><strong>dein-</strong></span> 
     </span>
    </p>
   </div>
   <div class='ocr_carea' id='block_1_12' title="bbox 273 812 1762 866">
    <p class='ocr_par' dir='ltr' id='par_1_13' title="bbox 273 812 1762 866">
     <span class='ocr_line' id='line_1_27' title="bbox 273 812 1762 866; baseline -0.003 -14"><span class='ocrx_word' id='word_1_200' title='bbox 273 828 396 852; x_wconf 79' lang='grc' dir='ltr'><strong><em>ουντες</em></strong></span> <span class='ocrx_word' id='word_1_201' title='bbox 415 818 475 850; x_wconf 78' lang='grc' dir='ltr'><strong>καὶ</strong></span> <span class='ocrx_word' id='word_1_202' title='bbox 495 814 693 850; x_wconf 76' lang='grc' dir='ltr'><strong><em>κωλύοντες</em></strong></span> <span class='ocrx_word' id='word_1_203' title='bbox 713 828 771 866; x_wconf 51' lang='grc' dir='ltr'><strong>το,</strong></span> <span class='ocrx_word' id='word_1_204' title='bbox 777 826 969 860; x_wconf 86' lang='grc' dir='ltr'><strong><em>γινομενον</em></strong></span> <span class='ocrx_word' id='word_1_205' title='bbox 989 825 1052 846; x_wconf 84' lang='grc' dir='ltr'><strong>ουκ</strong></span> <span class='ocrx_word' id='word_1_206' title='bbox 1073 826 1120 847; x_wconf 91' lang='grc' dir='ltr'><strong>αν</strong></span> <span class='ocrx_word' id='word_1_207' title='bbox 1138 824 1199 856; x_wconf 88' lang='grc' dir='ltr'><strong>της</strong></span> <span class='ocrx_word' id='word_1_208' title='bbox 1212 812 1335 858; x_wconf 76' lang='grc' dir='ltr'><strong><em>ἐφεξῆς</em></strong></span> <span class='ocrx_word' id='word_1_209' title='bbox 1404 823 1489 859; x_wconf 79' lang='lat' dir='ltr'><strong>ceps</strong></span> <span class='ocrx_word' id='word_1_210' title='bbox 1516 812 1762 858; x_wconf 81' lang='lat' dir='ltr'><strong>indigebimus.</strong></span> 
     </span>
    </p>
   </div>
   <div class='ocr_carea' id='block_1_13' title="bbox 249 829 848 907">
    <p class='ocr_par' dir='ltr' id='par_1_14' title="bbox 249 829 848 907">
     <span class='ocr_line' id='line_1_28' title="bbox 249 829 848 907; baseline -0.008 -10"><span class='ocrx_word' id='word_1_211' title='bbox 249 829 467 907; x_wconf 68' lang='grc' dir='ltr'><strong><em>δεηθείημεν</em></strong></span> <span class='ocrx_word' id='word_1_212' title='bbox 491 859 848 906; x_wconf 77' lang='grc' dir='ltr'><strong><em>πολυπραγμοσύνης.</em></strong></span> 
     </span>
    </p>
   </div>
   <div class='ocr_carea' id='block_1_14' title="bbox 1239 937 1489 974">
    <p class='ocr_par' dir='ltr' id='par_1_15' title="bbox 1239 937 1489 974">
     <span class='ocr_line' id='line_1_29' title="bbox 1239 937 1489 974; baseline 0 -1"><span class='ocrx_word' id='word_1_213' title='bbox 1239 937 1395 974; x_wconf 89' lang='lat' dir='ltr'>CAPUT</span> <span class='ocrx_word' id='word_1_214' title='bbox 1426 937 1489 973; x_wconf 91' lang='lat'><strong>111.</strong></span> 
     </span>
    </p>
   </div>
   <div class='ocr_carea' id='block_1_15' title="bbox 248 1002 1335 1105">
    <p class='ocr_par' dir='ltr' id='par_1_16' title="bbox 248 1002 1335 1105">
     <span class='ocr_line' id='line_1_30' title="bbox 291 1002 1335 1054; baseline -0.003 -11"><span class='ocrx_word' id='word_1_215' title='bbox 291 1005 527 1054; x_wconf 79' lang='grc' dir='ltr'><strong><em>Ἐμφύτευσιν</em></strong></span> <span class='ocrx_word' id='word_1_216' title='bbox 557 1005 597 1040; x_wconf 77' lang='grc' dir='ltr'><strong>δὲ</strong></span> <span class='ocrx_word' id='word_1_217' title='bbox 631 1007 703 1040; x_wconf 82' lang='grc' dir='ltr'><strong><em>εἴτε</em></strong></span> <span class='ocrx_word' id='word_1_218' title='bbox 733 1008 794 1041; x_wconf 78' lang='grc' dir='ltr'><strong>ἐπὶ</strong></span> <span class='ocrx_word' id='word_1_219' title='bbox 825 1006 887 1049; x_wconf 82' lang='grc' dir='ltr'><strong>τῆς</strong></span> <span class='ocrx_word' id='word_1_220' title='bbox 921 1002 1121 1053; x_wconf 78' lang='grc' dir='ltr'><strong><em>ἁγιωτάτης</em></strong></span> <span class='ocrx_word' id='word_1_221' title='bbox 1151 1003 1335 1049; x_wconf 79' lang='grc' dir='ltr'><strong><em>ἐκκλησίας</em></strong></span> 
     </span>
     <span class='ocr_line' id='line_1_31' title="bbox 248 1050 1332 1105; baseline -0.003 -17"><span class='ocrx_word' id='word_1_222' title='bbox 248 1055 319 1088; x_wconf 83' lang='grc' dir='ltr'><strong><em>εἴτε</em></strong></span> <span class='ocrx_word' id='word_1_223' title='bbox 343 1055 404 1088; x_wconf 78' lang='grc' dir='ltr'><strong>ἐπὶ</strong></span> <span class='ocrx_word' id='word_1_224' title='bbox 428 1051 580 1088; x_wconf 88' lang='grc' dir='ltr'><strong><em>πάντων</em></strong></span> <span class='ocrx_word' id='word_1_225' title='bbox 603 1053 681 1087; x_wconf 86' lang='grc' dir='ltr'><strong>τῶν</strong></span> <span class='ocrx_word' id='word_1_226' title='bbox 705 1050 845 1087; x_wconf 83' lang='grc' dir='ltr'><strong><em>λοιπῶν</em></strong></span> <span class='ocrx_word' id='word_1_227' title='bbox 868 1052 1125 1105; x_wconf 69' lang='grc' dir='ltr'><strong><em>προςκυνητῶν</em></strong></span> <span class='ocrx_word' id='word_1_228' title='bbox 1147 1051 1259 1086; x_wconf 85' lang='grc' dir='ltr'><strong><em>οἴκων</em></strong></span> <span class='ocrx_word' id='word_1_229' title='bbox 1279 1054 1332 1098; x_wconf 88' lang='grc' dir='ltr'><strong>γί-</strong></span> 
     </span>
    </p>
   </div>
   <div class='ocr_carea' id='block_1_16' title="bbox 1403 1005 2481 1097">
    <p class='ocr_par' dir='ltr' id='par_1_17' title="bbox 1403 1005 2481 1097">
     <span class='ocr_line' id='line_1_32' title="bbox 1447 1005 2481 1059; baseline 0.006 -19"><span class='ocrx_word' id='word_1_230' title='bbox 1447 1005 1707 1059; x_wconf 77' lang='lat' dir='ltr'><strong>Emphyteosin</strong></span> <span class='ocrx_word' id='word_1_231' title='bbox 1740 1007 1861 1059; x_wconf 80' lang='lat' dir='ltr'><strong>autem</strong></span> <span class='ocrx_word' id='word_1_232' title='bbox 1903 1006 1996 1058; x_wconf 44' lang='lat' dir='ltr'><strong>sive·</strong></span> <span class='ocrx_word' id='word_1_233' title='bbox 2016 1007 2053 1041; x_wconf 92' lang='lat' dir='ltr'><strong>in</strong></span> <span class='ocrx_word' id='word_1_234' title='bbox 2088 1006 2314 1044; x_wconf 81' lang='lat' dir='ltr'><strong>sanctissima</strong></span> <span class='ocrx_word' id='word_1_235' title='bbox 2346 1008 2481 1046; x_wconf 74' lang='lat' dir='ltr'><strong>maiore</strong></span> 
     </span>
     <span class='ocr_line' id='line_1_33' title="bbox 1403 1051 2481 1097; baseline 0.006 -12"><span class='ocrx_word' id='word_1_236' title='bbox 1403 1051 1565 1095; x_wconf 77' lang='lat' dir='ltr'><strong>ecclesia,</strong></span> <span class='ocrx_word' id='word_1_237' title='bbox 1589 1060 1662 1086; x_wconf 78' lang='lat' dir='ltr'><strong>sive</strong></span> <span class='ocrx_word' id='word_1_238' title='bbox 1684 1061 1722 1085; x_wconf 87' lang='lat' dir='ltr'><strong>m</strong></span> <span class='ocrx_word' id='word_1_239' title='bbox 1745 1051 1909 1086; x_wconf 88' lang='lat' dir='ltr'><strong>ommbus</strong></span> <span class='ocrx_word' id='word_1_240' title='bbox 1932 1051 2078 1097; x_wconf 88' lang='lat' dir='ltr'><strong>rehquis</strong></span> <span class='ocrx_word' id='word_1_241' title='bbox 2103 1052 2294 1089; x_wconf 86' lang='lat' dir='ltr'><strong>adorandis</strong></span> <span class='ocrx_word' id='word_1_242' title='bbox 2317 1052 2481 1092; x_wconf 79' lang='lat' dir='ltr'><strong>domibus</strong></span> 
     </span>
    </p>
   </div>
   <div class='ocr_carea' id='block_1_17' title="bbox 246 1095 2487 2095">
    <p class='ocr_par' dir='ltr' id='par_1_18' title="bbox 246 1095 2484 1641">
     <span class='ocr_line' id='line_1_34' title="bbox 247 1095 2482 1153; baseline 0.001 -20"><span class='ocrx_word' id='word_1_243' title='bbox 247 1100 383 1134; x_wconf 84' lang='grc' dir='ltr'><strong><em>νεσθαι</em></strong></span> <span class='ocrx_word' id='word_1_244' title='bbox 412 1098 664 1145; x_wconf 80' lang='grc' dir='ltr'><strong><em>συγχωροῦμεν</em></strong></span> <span class='ocrx_word' id='word_1_245' title='bbox 694 1098 758 1132; x_wconf 79' lang='grc' dir='ltr'><strong><em>ἐπί</em></strong></span> <span class='ocrx_word' id='word_1_246' title='bbox 786 1110 826 1131; x_wconf 87' lang='grc' dir='ltr'><strong>τε</strong></span> <span class='ocrx_word' id='word_1_247' title='bbox 855 1098 920 1131; x_wconf 81' lang='grc' dir='ltr'><strong>τοῦ</strong></span> <span class='ocrx_word' id='word_1_248' title='bbox 951 1095 1199 1153; x_wconf 68' lang='grc' dir='ltr'><strong><em>λαμβανοντος</em></strong></span> <span class='ocrx_word' id='word_1_249' title='bbox 1230 1108 1332 1143; x_wconf 82' lang='grc' dir='ltr'><strong><em>προς·</em></strong></span> <span class='ocrx_word' id='word_1_250' title='bbox 1402 1096 1481 1131; x_wconf 86' lang='lat' dir='ltr'><strong>fieri</strong></span> <span class='ocrx_word' id='word_1_251' title='bbox 1512 1095 1659 1132; x_wconf 89' lang='lat' dir='ltr'><strong>sinimus</strong></span> <span class='ocrx_word' id='word_1_252' title='bbox 1683 1099 1720 1131; x_wconf 88' lang='lat' dir='ltr'><strong>et</strong></span> <span class='ocrx_word' id='word_1_253' title='bbox 1742 1096 1795 1131; x_wconf 65' lang='lat' dir='ltr'><strong>in.</strong></span> <span class='ocrx_word' id='word_1_254' title='bbox 1808 1096 2016 1141; x_wconf 86' lang='lat' dir='ltr'><strong>accipientis</strong></span> <span class='ocrx_word' id='word_1_255' title='bbox 2047 1108 2202 1142; x_wconf 86' lang='lat' dir='ltr'><strong>persona</strong></span> <span class='ocrx_word' id='word_1_256' title='bbox 2225 1102 2262 1133; x_wconf 87' lang='lat' dir='ltr'><strong>et</strong></span> <span class='ocrx_word' id='word_1_257' title='bbox 2281 1098 2319 1134; x_wconf 88' lang='lat' dir='ltr'><strong>in</strong></span> <span class='ocrx_word' id='word_1_258' title='bbox 2341 1098 2482 1136; x_wconf 87' lang='lat' dir='ltr'><strong>duobus</strong></span> 
     </span>
     <span class='ocr_line' id='line_1_35' title="bbox 249 1138 2482 1188; baseline 0 -9"><span class='ocrx_word' id='word_1_259' title='bbox 249 1144 352 1180; x_wconf 69' lang='grc' dir='ltr'><strong><em>τόπου</em></strong></span> <span class='ocrx_word' id='word_1_260' title='bbox 385 1145 449 1178; x_wconf 76' lang='grc' dir='ltr'><strong><em>ἐπί</em></strong></span> <span class='ocrx_word' id='word_1_261' title='bbox 474 1156 515 1178; x_wconf 84' lang='grc' dir='ltr'><strong>τε</strong></span> <span class='ocrx_word' id='word_1_262' title='bbox 544 1140 610 1177; x_wconf 78' lang='grc' dir='ltr'><strong>δύο</strong></span> <span class='ocrx_word' id='word_1_263' title='bbox 642 1143 706 1177; x_wconf 81' lang='grc' dir='ltr'><strong>τοῦ</strong></span> <span class='ocrx_word' id='word_1_264' title='bbox 740 1138 852 1176; x_wconf 78' lang='grc' dir='ltr'><strong><em>αὐτοῦ</em></strong></span> <span class='ocrx_word' id='word_1_265' title='bbox 884 1153 1075 1188; x_wconf 74' lang='grc' dir='ltr'><strong><em>προς-ωπον</em></strong></span> <span class='ocrx_word' id='word_1_266' title='bbox 1099 1140 1334 1187; x_wconf 83' lang='grc' dir='ltr'><strong><em>κληρονόμων</em></strong></span> <span class='ocrx_word' id='word_1_267' title='bbox 1403 1141 1561 1178; x_wconf 89' lang='lat' dir='ltr'><strong>eiusdem</strong></span> <span class='ocrx_word' id='word_1_268' title='bbox 1596 1151 1770 1186; x_wconf 81' lang='lat' dir='ltr'><strong>personae</strong></span> <span class='ocrx_word' id='word_1_269' title='bbox 1804 1141 1994 1177; x_wconf 82' lang='lat' dir='ltr'><strong>heredibus</strong></span> <span class='ocrx_word' id='word_1_270' title='bbox 2027 1142 2215 1188; x_wconf 86' lang='lat' dir='ltr'><strong>deinceps,</strong></span> <span class='ocrx_word' id='word_1_271' title='bbox 2250 1143 2332 1180; x_wconf 85' lang='lat' dir='ltr'><strong>filiis</strong></span> <span class='ocrx_word' id='word_1_272' title='bbox 2363 1146 2482 1180; x_wconf 84' lang='lat' dir='ltr'><strong>tamen</strong></span> 
     </span>
     <span class='ocr_line' id='line_1_36' title="bbox 248 1183 2483 1235; baseline 0 -11"><span class='ocrx_word' id='word_1_273' title='bbox 248 1190 382 1235; x_wconf 77' lang='grc' dir='ltr'><strong><em>ἐφεξῆς,</em></strong></span> <span class='ocrx_word' id='word_1_274' title='bbox 404 1186 553 1224; x_wconf 81' lang='grc' dir='ltr'><strong><em>παίδων</em></strong></span> <span class='ocrx_word' id='word_1_275' title='bbox 579 1191 705 1233; x_wconf 74' lang='grc' dir='ltr'><strong><em>μέντοι</em></strong></span> <span class='ocrx_word' id='word_1_276' title='bbox 726 1186 855 1232; x_wconf 84' lang='grc' dir='ltr'><strong><em>μόνων</em></strong></span> <span class='ocrx_word' id='word_1_277' title='bbox 878 1186 1044 1234; x_wconf 81' lang='grc' dir='ltr'><strong><em>ἀρρένων</em></strong></span> <span class='ocrx_word' id='word_1_278' title='bbox 1067 1183 1089 1231; x_wconf 79' lang='grc' dir='ltr'>ἢ</span> <span class='ocrx_word' id='word_1_279' title='bbox 1111 1186 1287 1230; x_wconf 81' lang='grc' dir='ltr'><strong><em>θηλειῶν,</em></strong></span> <span class='ocrx_word' id='word_1_280' title='bbox 1312 1183 1388 1231; x_wconf 86' lang='grc' dir='ltr'><strong>ἢ20</strong></span> <span class='ocrx_word' id='word_1_281' title='bbox 1402 1187 1487 1222; x_wconf 88' lang='lat' dir='ltr'><strong>solis</strong></span> <span class='ocrx_word' id='word_1_282' title='bbox 1511 1186 1680 1222; x_wconf 88' lang='lat' dir='ltr'><strong>masculis</strong></span> <span class='ocrx_word' id='word_1_283' title='bbox 1704 1190 1768 1221; x_wconf 83' lang='lat' dir='ltr'><strong>aut</strong></span> <span class='ocrx_word' id='word_1_284' title='bbox 1797 1186 1953 1230; x_wconf 83' lang='lat' dir='ltr'><strong>feminis,</strong></span> <span class='ocrx_word' id='word_1_285' title='bbox 1983 1191 2047 1223; x_wconf 88' lang='lat' dir='ltr'><strong>ant</strong></span> <span class='ocrx_word' id='word_1_286' title='bbox 2075 1188 2267 1233; x_wconf 79' lang='lat' dir='ltr'><strong>nepotibus</strong></span> <span class='ocrx_word' id='word_1_287' title='bbox 2296 1189 2483 1235; x_wconf 88' lang='lat' dir='ltr'><strong>utriusque</strong></span> 
     </span>
     <span class='ocr_line' id='line_1_37' title="bbox 247 1229 2484 1283; baseline 0 -13"><span class='ocrx_word' id='word_1_288' title='bbox 247 1235 410 1283; x_wconf 78' lang='grc' dir='ltr'><strong><em>ἐγγόνων</em></strong></span> <span class='ocrx_word' id='word_1_289' title='bbox 438 1234 606 1282; x_wconf 78' lang='grc' dir='ltr'><strong><em>ἑκατέρας</em></strong></span> <span class='ocrx_word' id='word_1_290' title='bbox 627 1230 784 1280; x_wconf 75' lang='grc' dir='ltr'><strong><em>φύσεως,</em></strong></span> <span class='ocrx_word' id='word_1_291' title='bbox 814 1229 837 1276; x_wconf 88' lang='grc' dir='ltr'>ἣ</span> <span class='ocrx_word' id='word_1_292' title='bbox 862 1234 1016 1279; x_wconf 80' lang='grc' dir='ltr'><strong><em>γαμετῆς</em></strong></span> <span class='ocrx_word' id='word_1_293' title='bbox 1038 1229 1060 1276; x_wconf 88' lang='grc' dir='ltr'>ἣ</span> <span class='ocrx_word' id='word_1_294' title='bbox 1083 1230 1228 1280; x_wconf 83' lang='grc' dir='ltr'><strong><em>ἀνδρός,</em></strong></span> <span class='ocrx_word' id='word_1_295' title='bbox 1261 1233 1333 1280; x_wconf 80' lang='grc' dir='ltr'><strong><em>εἴγε</em></strong></span> <span class='ocrx_word' id='word_1_296' title='bbox 1401 1234 1572 1274; x_wconf 84' lang='lat' dir='ltr'><strong>naturae,</strong></span> <span class='ocrx_word' id='word_1_297' title='bbox 1609 1236 1673 1267; x_wconf 84' lang='lat' dir='ltr'><strong>aut</strong></span> <span class='ocrx_word' id='word_1_298' title='bbox 1704 1241 1815 1267; x_wconf 89' lang='lat' dir='ltr'><strong>uxore</strong></span> <span class='ocrx_word' id='word_1_299' title='bbox 1846 1234 1911 1267; x_wconf 90' lang='lat' dir='ltr'><strong>aut</strong></span> <span class='ocrx_word' id='word_1_300' title='bbox 1940 1232 2034 1276; x_wconf 87' lang='lat' dir='ltr'><strong>viro,</strong></span> <span class='ocrx_word' id='word_1_301' title='bbox 2071 1233 2102 1269; x_wconf 87' lang='lat' dir='ltr'><strong>si</strong></span> <span class='ocrx_word' id='word_1_302' title='bbox 2138 1234 2210 1270; x_wconf 91' lang='lat' dir='ltr'><strong>hoc</strong></span> <span class='ocrx_word' id='word_1_303' title='bbox 2239 1234 2405 1271; x_wconf 86' lang='lat' dir='ltr'><strong>videlicet</strong></span> <span class='ocrx_word' id='word_1_304' title='bbox 2438 1234 2484 1270; x_wconf 87' lang='lat' dir='ltr'><strong>de</strong></span> 
     </span>
     <span class='ocr_line' id='line_1_38' title="bbox 246 1274 2483 1327; baseline 0 -11"><span class='ocrx_word' id='word_1_305' title='bbox 246 1282 354 1316; x_wconf 84' lang='grc' dir='ltr'><strong><em>τοῦτο</em></strong></span> <span class='ocrx_word' id='word_1_306' title='bbox 381 1280 444 1324; x_wconf 82' lang='grc' dir='ltr'><strong>τῆς</strong></span> <span class='ocrx_word' id='word_1_307' title='bbox 464 1280 619 1327; x_wconf 77' lang='grc' dir='ltr'><strong><em>γαμετῆς</em></strong></span> <span class='ocrx_word' id='word_1_308' title='bbox 647 1274 754 1322; x_wconf 80' lang='grc' dir='ltr'><strong><em>ἢτοῦ</em></strong></span> <span class='ocrx_word' id='word_1_309' title='bbox 786 1275 917 1324; x_wconf 80' lang='grc' dir='ltr'><strong><em>ἀνδρὸς</em></strong></span> <span class='ocrx_word' id='word_1_310' title='bbox 945 1278 1062 1324; x_wconf 85' lang='grc' dir='ltr'><strong><em>ῥητῶς</em></strong></span> <span class='ocrx_word' id='word_1_311' title='bbox 1095 1274 1333 1322; x_wconf 78' lang='grc' dir='ltr'><strong><em>όνομασθείη.</em></strong></span> <span class='ocrx_word' id='word_1_312' title='bbox 1402 1287 1514 1313; x_wconf 84' lang='lat' dir='ltr'><strong>uxore</strong></span> <span class='ocrx_word' id='word_1_313' title='bbox 1542 1281 1606 1312; x_wconf 89' lang='lat' dir='ltr'><strong>aut</strong></span> <span class='ocrx_word' id='word_1_314' title='bbox 1636 1277 1712 1312; x_wconf 87' lang='lat' dir='ltr'><strong>viro</strong></span> <span class='ocrx_word' id='word_1_315' title='bbox 1744 1277 1939 1322; x_wconf 83' lang='lat' dir='ltr'><strong>expressim</strong></span> <span class='ocrx_word' id='word_1_316' title='bbox 1969 1278 2187 1324; x_wconf 79' lang='lat' dir='ltr'><strong>nominetur3</strong></span> <span class='ocrx_word' id='word_1_317' title='bbox 2222 1279 2382 1326; x_wconf 82' lang='lat' dir='ltr'><strong>alioquin</strong></span> <span class='ocrx_word' id='word_1_318' title='bbox 2411 1291 2483 1316; x_wconf 88' lang='lat' dir='ltr'><strong>non</strong></span> 
     </span>
     <span class='ocr_line' id='line_1_39' title="bbox 247 1322 2484 1372; baseline 0 -12"><span class='ocrx_word' id='word_1_319' title='bbox 247 1328 424 1372; x_wconf 79' lang='grc' dir='ltr'><strong><em>έπείτοιγε</em></strong></span> <span class='ocrx_word' id='word_1_320' title='bbox 455 1324 505 1370; x_wconf 91' lang='grc' dir='ltr'><strong>μὴ</strong></span> <span class='ocrx_word' id='word_1_321' title='bbox 529 1322 734 1368; x_wconf 77' lang='grc' dir='ltr'><strong><em>διαβαίνειν</em></strong></span> <span class='ocrx_word' id='word_1_322' title='bbox 757 1323 805 1358; x_wconf 81' lang='grc' dir='ltr'><strong>εἴς</strong></span> <span class='ocrx_word' id='word_1_323' title='bbox 828 1336 914 1357; x_wconf 82' lang='grc' dir='ltr'><strong><em>τινα</em></strong></span> <span class='ocrx_word' id='word_1_324' title='bbox 942 1326 1067 1369; x_wconf 83' lang='grc' dir='ltr'><strong><em>ἕτερον</em></strong></span> <span class='ocrx_word' id='word_1_325' title='bbox 1099 1322 1333 1371; x_wconf 82' lang='grc' dir='ltr'><strong><em>κληρονόμον,</em></strong></span> <span class='ocrx_word' id='word_1_326' title='bbox 1402 1322 1555 1358; x_wconf 79' lang='lat' dir='ltr'><strong>transire</strong></span> <span class='ocrx_word' id='word_1_327' title='bbox 1578 1322 1625 1358; x_wconf 76' lang='lat' dir='ltr'><strong>ad</strong></span> <span class='ocrx_word' id='word_1_328' title='bbox 1646 1322 1800 1367; x_wconf 83' lang='lat' dir='ltr'><strong>aliquem</strong></span> <span class='ocrx_word' id='word_1_329' title='bbox 1824 1322 1975 1358; x_wconf 81' lang='lat' dir='ltr'><strong>alterum</strong></span> <span class='ocrx_word' id='word_1_330' title='bbox 2005 1324 2185 1368; x_wconf 81' lang='lat' dir='ltr'><strong>heredem,</strong></span> <span class='ocrx_word' id='word_1_331' title='bbox 2215 1325 2279 1360; x_wconf 82' lang='lat' dir='ltr'><strong>sed</strong></span> <span class='ocrx_word' id='word_1_332' title='bbox 2303 1335 2415 1371; x_wconf 80' lang='lat' dir='ltr'><strong>usque</strong></span> <span class='ocrx_word' id='word_1_333' title='bbox 2436 1325 2484 1361; x_wconf 76' lang='lat' dir='ltr'><strong>ad</strong></span> 
     </span>
     <span class='ocr_line' id='line_1_40' title="bbox 246 1367 2484 1419; baseline 0 -13"><span class='ocrx_word' id='word_1_334' title='bbox 246 1370 336 1406; x_wconf 81' lang='grc' dir='ltr'><strong><em>ἀλλὰ</em></strong></span> <span class='ocrx_word' id='word_1_335' title='bbox 360 1373 463 1419; x_wconf 74' lang='grc' dir='ltr'><strong><em>μέχρι</em></strong></span> <span class='ocrx_word' id='word_1_336' title='bbox 491 1368 539 1415; x_wconf 91' lang='grc' dir='ltr'><strong><em>μό</em></strong></span> <span class='ocrx_word' id='word_1_337' title='bbox 588 1381 604 1404; x_wconf 88' lang='grc' dir='ltr'><strong>ς</strong></span> <span class='ocrx_word' id='word_1_338' title='bbox 634 1370 696 1411; x_wconf 88' lang='grc' dir='ltr'><strong>τῆς</strong></span> <span class='ocrx_word' id='word_1_339' title='bbox 720 1370 813 1412; x_wconf 79' lang='grc' dir='ltr'><strong><em>ζωῆς</em></strong></span> <span class='ocrx_word' id='word_1_340' title='bbox 835 1369 914 1402; x_wconf 83' lang='grc' dir='ltr'><strong>τῶν</strong></span> <span class='ocrx_word' id='word_1_341' title='bbox 944 1367 1210 1413; x_wconf 80' lang='grc' dir='ltr'><strong><em>λαμβανόντων</em></strong></span> <span class='ocrx_word' id='word_1_342' title='bbox 1233 1369 1331 1403; x_wconf 81' lang='grc' dir='ltr'><strong><em>ἵστα·</em></strong></span> <span class='ocrx_word' id='word_1_343' title='bbox 1403 1368 1516 1404; x_wconf 90' lang='lat' dir='ltr'><strong>solam</strong></span> <span class='ocrx_word' id='word_1_344' title='bbox 1544 1367 1652 1403; x_wconf 84' lang='lat' dir='ltr'><strong>vitam</strong></span> <span class='ocrx_word' id='word_1_345' title='bbox 1681 1367 1953 1413; x_wconf 87' lang='lat' dir='ltr'><strong>percipientium</strong></span> <span class='ocrx_word' id='word_1_346' title='bbox 1984 1368 2169 1413; x_wconf 87' lang='lat' dir='ltr'><strong>standum,</strong></span> <span class='ocrx_word' id='word_1_347' title='bbox 2201 1370 2270 1406; x_wconf 89' lang='lat' dir='ltr'><strong>nisi</strong></span> <span class='ocrx_word' id='word_1_348' title='bbox 2298 1370 2391 1407; x_wconf 85' lang='lat' dir='ltr'><strong>filios</strong></span> <span class='ocrx_word' id='word_1_349' title='bbox 2419 1375 2484 1406; x_wconf 80' lang='lat' dir='ltr'><strong>aut</strong></span> 
     </span>
     <span class='ocr_line' id='line_1_41' title="bbox 247 1411 2482 1470; baseline 0 -19"><span class='ocrx_word' id='word_1_350' title='bbox 247 1417 352 1458; x_wconf 87' lang='grc' dir='ltr'><strong><em>σθαι,</em></strong></span> <span class='ocrx_word' id='word_1_351' title='bbox 376 1417 407 1450; x_wconf 86' lang='grc' dir='ltr'><strong>εἰ</strong></span> <span class='ocrx_word' id='word_1_352' title='bbox 428 1414 479 1470; x_wconf 67' lang='grc' dir='ltr'><strong>μὴ</strong></span> <span class='ocrx_word' id='word_1_353' title='bbox 497 1418 567 1450; x_wconf 83' lang='grc' dir='ltr'><strong>παῖ</strong></span> <span class='ocrx_word' id='word_1_354' title='bbox 591 1426 630 1449; x_wconf 87' lang='grc' dir='ltr'><strong>ας</strong></span> <span class='ocrx_word' id='word_1_355' title='bbox 650 1412 673 1458; x_wconf 83' lang='grc' dir='ltr'><strong><em>ἢ</em></strong></span> <span class='ocrx_word' id='word_1_356' title='bbox 693 1412 858 1462; x_wconf 84' lang='grc' dir='ltr'><strong><em>ἐγγόνους</em></strong></span> <span class='ocrx_word' id='word_1_357' title='bbox 881 1414 1006 1456; x_wconf 80' lang='grc' dir='ltr'><strong><em>ἔχοιεν.</em></strong></span> <span class='ocrx_word' id='word_1_358' title='bbox 1044 1412 1160 1448; x_wconf 79' lang='grc' dir='ltr'><strong><em>ἄλλως</em></strong></span> <span class='ocrx_word' id='word_1_359' title='bbox 1179 1411 1219 1448; x_wconf 78' lang='grc' dir='ltr'><strong>δὲ</strong></span> <span class='ocrx_word' id='word_1_360' title='bbox 1241 1426 1332 1448; x_wconf 83' lang='grc' dir='ltr'><strong><em>παν·</em></strong></span> <span class='ocrx_word' id='word_1_361' title='bbox 1347 1416 1388 1448; x_wconf 83' lang='lat'><strong>25</strong></span> <span class='ocrx_word' id='word_1_362' title='bbox 1403 1416 1552 1459; x_wconf 85' lang='lat' dir='ltr'><strong>nepotes</strong></span> <span class='ocrx_word' id='word_1_363' title='bbox 1575 1412 1778 1448; x_wconf 86' lang='lat' dir='ltr'><strong>habuerint.</strong></span> <span class='ocrx_word' id='word_1_364' title='bbox 1825 1413 1940 1448; x_wconf 80' lang='lat' dir='ltr'><strong>Aliter</strong></span> <span class='ocrx_word' id='word_1_365' title='bbox 1963 1417 2083 1449; x_wconf 88' lang='lat' dir='ltr'><strong>autem</strong></span> <span class='ocrx_word' id='word_1_366' title='bbox 2110 1414 2254 1460; x_wconf 88' lang='lat' dir='ltr'><strong>penitus</strong></span> <span class='ocrx_word' id='word_1_367' title='bbox 2277 1416 2482 1462; x_wconf 80' lang='lat' dir='ltr'><strong>emphyteo-</strong></span> 
     </span>
     <span class='ocr_line' id='line_1_42' title="bbox 246 1455 2483 1507; baseline 0 -10"><span class='ocrx_word' id='word_1_368' title='bbox 246 1461 358 1497; x_wconf 83' lang='grc' dir='ltr'><strong><em>τελῶς</em></strong></span> <span class='ocrx_word' id='word_1_369' title='bbox 381 1462 600 1507; x_wconf 81' lang='grc' dir='ltr'><strong><em>ἐμφυτευσιν</em></strong></span> <span class='ocrx_word' id='word_1_370' title='bbox 621 1457 854 1506; x_wconf 76' lang='grc' dir='ltr'><strong><em>πράττεσθαι</em></strong></span> <span class='ocrx_word' id='word_1_371' title='bbox 878 1458 1171 1502; x_wconf 82' lang='grc' dir='ltr'><strong><em>έκκλησιαστικοῦ</em></strong></span> <span class='ocrx_word' id='word_1_372' title='bbox 1193 1455 1333 1502; x_wconf 83' lang='grc' dir='ltr'><strong><em>τινοςῆ</em></strong></span> <span class='ocrx_word' id='word_1_373' title='bbox 1403 1458 1461 1494; x_wconf 88' lang='lat' dir='ltr'><strong>sin</strong></span> <span class='ocrx_word' id='word_1_374' title='bbox 1483 1458 1540 1503; x_wconf 77' lang='lat' dir='ltr'><strong>agi</strong></span> <span class='ocrx_word' id='word_1_375' title='bbox 1571 1458 1838 1494; x_wconf 73' lang='lat' dir='ltr'><strong>ecclesiasticae</strong></span> <span class='ocrx_word' id='word_1_376' title='bbox 1863 1459 2049 1495; x_wconf 80' lang='lat' dir='ltr'><strong>cuiusdam</strong></span> <span class='ocrx_word' id='word_1_377' title='bbox 2077 1463 2141 1495; x_wconf 79' lang='lat' dir='ltr'><strong>aut</strong></span> <span class='ocrx_word' id='word_1_378' title='bbox 2169 1460 2304 1506; x_wconf 76' lang='lat' dir='ltr'><strong>ptochii</strong></span> <span class='ocrx_word' id='word_1_379' title='bbox 2333 1461 2386 1498; x_wconf 79' lang='lat' dir='ltr'><strong>rei</strong></span> <span class='ocrx_word' id='word_1_380' title='bbox 2416 1461 2483 1498; x_wconf 81' lang='lat' dir='ltr'><strong>im·</strong></span> 
     </span>
     <span class='ocr_line' id='line_1_43' title="bbox 247 1501 2483 1559; baseline 0 -17"><span class='ocrx_word' id='word_1_381' title='bbox 247 1508 431 1550; x_wconf 80' lang='grc' dir='ltr'><strong><em>πτωχικοῦ</em></strong></span> <span class='ocrx_word' id='word_1_382' title='bbox 458 1504 668 1559; x_wconf 78' lang='grc' dir='ltr'><strong><em>πράγματος</em></strong></span> <span class='ocrx_word' id='word_1_383' title='bbox 689 1503 858 1548; x_wconf 81' lang='grc' dir='ltr'><strong><em>ἀκινήτου</em></strong></span> <span class='ocrx_word' id='word_1_384' title='bbox 881 1501 904 1547; x_wconf 85' lang='grc' dir='ltr'><em>ἢ</em></span> <span class='ocrx_word' id='word_1_385' title='bbox 927 1502 1157 1551; x_wconf 79' lang='grc' dir='ltr'><strong><em>ἀνδραπόδου</em></strong></span> <span class='ocrx_word' id='word_1_386' title='bbox 1185 1517 1332 1552; x_wconf 86' lang='grc' dir='ltr'><strong><em>γεωργι-</em></strong></span> <span class='ocrx_word' id='word_1_387' title='bbox 1403 1504 1543 1539; x_wconf 90' lang='lat' dir='ltr'><strong>mobilis</strong></span> <span class='ocrx_word' id='word_1_388' title='bbox 1567 1506 1632 1539; x_wconf 89' lang='lat' dir='ltr'><strong>aut</strong></span> <span class='ocrx_word' id='word_1_389' title='bbox 1653 1503 1824 1549; x_wconf 88' lang='lat' dir='ltr'><strong>mancipii</strong></span> <span class='ocrx_word' id='word_1_390' title='bbox 1845 1504 1972 1540; x_wconf 86' lang='lat' dir='ltr'><strong>rustici</strong></span> <span class='ocrx_word' id='word_1_391' title='bbox 1994 1508 2032 1539; x_wconf 91' lang='lat' dir='ltr'><strong>et</strong></span> <span class='ocrx_word' id='word_1_392' title='bbox 2055 1505 2166 1542; x_wconf 85' lang='lat' dir='ltr'><strong>civilis</strong></span> <span class='ocrx_word' id='word_1_393' title='bbox 2188 1515 2355 1543; x_wconf 83' lang='lat' dir='ltr'><strong>annonae</strong></span> <span class='ocrx_word' id='word_1_394' title='bbox 2385 1507 2483 1542; x_wconf 89' lang='lat' dir='ltr'><strong>nullo</strong></span> 
     </span>
     <span class='ocr_line' id='line_1_44' title="bbox 247 1547 2484 1597; baseline 0 -10"><span class='ocrx_word' id='word_1_395' title='bbox 247 1554 309 1587; x_wconf 84' lang='grc' dir='ltr'><strong>κοῦ</strong></span> <span class='ocrx_word' id='word_1_396' title='bbox 335 1553 358 1596; x_wconf 87' lang='grc' dir='ltr'>ἢ</span> <span class='ocrx_word' id='word_1_397' title='bbox 380 1551 563 1595; x_wconf 84' lang='grc' dir='ltr'><strong><em>πολιτικης</em></strong></span> <span class='ocrx_word' id='word_1_398' title='bbox 583 1549 758 1593; x_wconf 84' lang='grc' dir='ltr'><strong><em>σιτήσεως</em></strong></span> <span class='ocrx_word' id='word_1_399' title='bbox 778 1547 900 1584; x_wconf 80' lang='grc' dir='ltr'><strong><em>οὐδενὶ</em></strong></span> <span class='ocrx_word' id='word_1_400' title='bbox 920 1551 1174 1597; x_wconf 82' lang='grc' dir='ltr'><strong><em>συγχωροῦμεν</em></strong></span> <span class='ocrx_word' id='word_1_401' title='bbox 1193 1548 1331 1596; x_wconf 80' lang='grc' dir='ltr'><strong><em>τρόπῳ,</em></strong></span> <span class='ocrx_word' id='word_1_402' title='bbox 1401 1549 1642 1594; x_wconf 87' lang='lat' dir='ltr'><strong>permittimus</strong></span> <span class='ocrx_word' id='word_1_403' title='bbox 1671 1549 1796 1592; x_wconf 90' lang='lat' dir='ltr'><strong>modo,</strong></span> <span class='ocrx_word' id='word_1_404' title='bbox 1831 1559 1948 1595; x_wconf 88' lang='lat' dir='ltr'><strong>neque</strong></span> <span class='ocrx_word' id='word_1_405' title='bbox 1975 1550 2073 1596; x_wconf 88' lang='lat' dir='ltr'><strong>quod</strong></span> <span class='ocrx_word' id='word_1_406' title='bbox 2102 1550 2145 1586; x_wconf 84' lang='lat' dir='ltr'><strong>fit</strong></span> <span class='ocrx_word' id='word_1_407' title='bbox 2175 1551 2310 1588; x_wconf 85' lang='lat' dir='ltr'><strong>habere</strong></span> <span class='ocrx_word' id='word_1_408' title='bbox 2341 1552 2484 1597; x_wconf 85' lang='lat' dir='ltr'><strong>aliquod</strong></span> 
     </span>
     <span class='ocr_line' id='line_1_45' title="bbox 248 1593 1865 1641; baseline -0.002 -8"><span class='ocrx_word' id='word_1_409' title='bbox 248 1594 333 1633; x_wconf 73' lang='grc' dir='ltr'><strong><em>οὐδὲ</em></strong></span> <span class='ocrx_word' id='word_1_410' title='bbox 356 1597 398 1632; x_wconf 85' lang='grc' dir='ltr'><strong>τὸ</strong></span> <span class='ocrx_word' id='word_1_411' title='bbox 445 1596 614 1641; x_wconf 87' lang='grc' dir='ltr'><strong><em>ινὸμενον</em></strong></span> <span class='ocrx_word' id='word_1_412' title='bbox 635 1598 728 1638; x_wconf 82' lang='grc' dir='ltr'><strong><em>ἔχειν</em></strong></span> <span class='ocrx_word' id='word_1_413' title='bbox 751 1593 835 1629; x_wconf 79' lang='grc' dir='ltr'><strong><em>τινὰ</em></strong></span> <span class='ocrx_word' id='word_1_414' title='bbox 859 1594 1049 1630; x_wconf 80' lang='grc' dir='ltr'><strong><em>παντελῶς</em></strong></span> <span class='ocrx_word' id='word_1_415' title='bbox 1078 1594 1182 1638; x_wconf 78' lang='grc' dir='ltr'><strong><em>ἰσχὺν</em></strong></span> <span class='ocrx_word' id='word_1_416' title='bbox 1204 1596 1333 1639; x_wconf 83' lang='grc' dir='ltr'><strong><em>ἐῶμεν.</em></strong></span> <span class='ocrx_word' id='word_1_417' title='bbox 1401 1594 1544 1639; x_wconf 83' lang='lat' dir='ltr'><strong>penitus</strong></span> <span class='ocrx_word' id='word_1_418' title='bbox 1569 1595 1682 1630; x_wconf 87' lang='lat' dir='ltr'><strong>robur</strong></span> <span class='ocrx_word' id='word_1_419' title='bbox 1706 1594 1865 1630; x_wconf 85' lang='lat' dir='ltr'><strong>sinimus.</strong></span> 
     </span>
    </p>

    <p class='ocr_par' dir='ltr' id='par_1_19' title="bbox 246 1637 2487 2095">
     <span class='ocr_line' id='line_1_46' title="bbox 246 1637 2483 1686; baseline 0.001 -9"><span class='ocrx_word' id='word_1_420' title='bbox 246 1646 267 1679; x_wconf 93' lang='lat'>1</span> <span class='ocrx_word' id='word_1_421' title='bbox 300 1640 399 1679; x_wconf 86' lang='grc' dir='ltr'><strong><em>Ἐπει</em></strong></span> <span class='ocrx_word' id='word_1_422' title='bbox 425 1642 446 1686; x_wconf 88' lang='grc' dir='ltr'><em>ὴ</em></span> <span class='ocrx_word' id='word_1_423' title='bbox 469 1640 510 1676; x_wconf 75' lang='grc' dir='ltr'><strong>δὲ</strong></span> <span class='ocrx_word' id='word_1_424' title='bbox 533 1642 554 1685; x_wconf 85' lang='grc' dir='ltr'><strong><em>ἡ</em></strong></span> <span class='ocrx_word' id='word_1_425' title='bbox 577 1642 646 1685; x_wconf 76' lang='grc' dir='ltr'><strong>μὲν</strong></span> <span class='ocrx_word' id='word_1_426' title='bbox 665 1642 827 1675; x_wconf 78' lang='grc' dir='ltr'><strong><em>Λέοντος</em></strong></span> <span class='ocrx_word' id='word_1_427' title='bbox 846 1641 910 1674; x_wconf 81' lang='grc' dir='ltr'><strong>τοῦ</strong></span> <span class='ocrx_word' id='word_1_428' title='bbox 934 1642 995 1683; x_wconf 85' lang='grc' dir='ltr'><strong>τῆς</strong></span> <span class='ocrx_word' id='word_1_429' title='bbox 1018 1637 1184 1685; x_wconf 74' lang='grc' dir='ltr'><strong><em>εὐσεβοῦς</em></strong></span> <span class='ocrx_word' id='word_1_430' title='bbox 1202 1639 1334 1684; x_wconf 80' lang='grc' dir='ltr'><strong><em>λήξεως</em></strong></span> <span class='ocrx_word' id='word_1_431' title='bbox 1347 1643 1388 1676; x_wconf 87' lang='grc'><strong>30</strong></span> <span class='ocrx_word' id='word_1_432' title='bbox 1402 1642 1422 1675; x_wconf 93' lang='lat' dir='ltr'>l</span> <span class='ocrx_word' id='word_1_433' title='bbox 1468 1639 1560 1685; x_wconf 80' lang='lat' dir='ltr'><strong>Quia</strong></span> <span class='ocrx_word' id='word_1_434' title='bbox 1582 1649 1667 1676; x_wconf 86' lang='lat' dir='ltr'><strong>vero</strong></span> <span class='ocrx_word' id='word_1_435' title='bbox 1689 1640 1822 1676; x_wconf 84' lang='lat' dir='ltr'><strong>Leonis</strong></span> <span class='ocrx_word' id='word_1_436' title='bbox 1847 1640 1989 1686; x_wconf 85' lang='lat' dir='ltr'><strong>quidem</strong></span> <span class='ocrx_word' id='word_1_437' title='bbox 2019 1641 2102 1686; x_wconf 76' lang='lat' dir='ltr'><strong>piae</strong></span> <span class='ocrx_word' id='word_1_438' title='bbox 2129 1642 2321 1678; x_wconf 67' lang='lat' dir='ltr'><strong>memoriae</strong></span> <span class='ocrx_word' id='word_1_439' title='bbox 2350 1642 2483 1680; x_wconf 67' lang='lat' dir='ltr'><strong>consti·</strong></span> 
     </span>
     <span class='ocr_line' id='line_1_47' title="bbox 247 1683 2484 1731; baseline 0 -7"><span class='ocrx_word' id='word_1_440' title='bbox 247 1686 409 1730; x_wconf 80' lang='grc' dir='ltr'><strong><em>διάταξις</em></strong></span> <span class='ocrx_word' id='word_1_441' title='bbox 438 1684 503 1723; x_wconf 75' lang='grc' dir='ltr'><strong>ἐπ’</strong></span> <span class='ocrx_word' id='word_1_442' title='bbox 529 1684 679 1731; x_wconf 76' lang='grc' dir='ltr'><strong><em>οὐδεμιᾷ</em></strong></span> <span class='ocrx_word' id='word_1_443' title='bbox 708 1684 898 1722; x_wconf 87' lang='grc' dir='ltr'><strong><em>παντελῶς</em></strong></span> <span class='ocrx_word' id='word_1_444' title='bbox 928 1684 1127 1720; x_wconf 73' lang='grc' dir='ltr'><strong><em>ἐλαττώσει</em></strong></span> <span class='ocrx_word' id='word_1_445' title='bbox 1157 1683 1335 1720; x_wconf 80' lang='grc' dir='ltr'><strong><em>δίδοσθαι</em></strong></span> <span class='ocrx_word' id='word_1_446' title='bbox 1402 1685 1492 1721; x_wconf 87' lang='lat' dir='ltr'><strong>tutio</strong></span> <span class='ocrx_word' id='word_1_447' title='bbox 1517 1686 1584 1721; x_wconf 88' lang='lat' dir='ltr'><strong>sub</strong></span> <span class='ocrx_word' id='word_1_448' title='bbox 1605 1685 1706 1721; x_wconf 76' lang='lat' dir='ltr'><strong>nulla</strong></span> <span class='ocrx_word' id='word_1_449' title='bbox 1732 1685 1876 1730; x_wconf 82' lang='lat' dir='ltr'><strong>penitus</strong></span> <span class='ocrx_word' id='word_1_450' title='bbox 1902 1686 2142 1724; x_wconf 81' lang='lat' dir='ltr'><strong>deminutione</strong></span> <span class='ocrx_word' id='word_1_451' title='bbox 2170 1687 2247 1723; x_wconf 78' lang='lat' dir='ltr'><strong>dari</strong></span> <span class='ocrx_word' id='word_1_452' title='bbox 2270 1698 2347 1724; x_wconf 87' lang='lat' dir='ltr'><strong>rem</strong></span> <span class='ocrx_word' id='word_1_453' title='bbox 2370 1688 2484 1725; x_wconf 82' lang='lat' dir='ltr'><strong>eccle·</strong></span> 
     </span>
     <span class='ocr_line' id='line_1_48' title="bbox 247 1727 2485 1781; baseline 0.001 -14"><span class='ocrx_word' id='word_1_454' title='bbox 247 1736 397 1781; x_wconf 72' lang='grc' dir='ltr'><strong><em>πρᾶγμα</em></strong></span> <span class='ocrx_word' id='word_1_455' title='bbox 434 1730 729 1776; x_wconf 74' lang='grc' dir='ltr'><strong><em>ἐκκλησιαστικὸν</em></strong></span> <span class='ocrx_word' id='word_1_456' title='bbox 765 1731 1051 1776; x_wconf 78' lang='grc' dir='ltr'><strong><em>ἐνομοθέτησεν,</em></strong></span> <span class='ocrx_word' id='word_1_457' title='bbox 1087 1727 1184 1776; x_wconf 78' lang='grc' dir='ltr'><strong><em>ἡμεῖς</em></strong></span> <span class='ocrx_word' id='word_1_458' title='bbox 1219 1729 1260 1766; x_wconf 80' lang='grc' dir='ltr'><strong>δὲ</strong></span> <span class='ocrx_word' id='word_1_459' title='bbox 1295 1733 1334 1765; x_wconf 85' lang='grc' dir='ltr'><strong>ἐν</strong></span> <span class='ocrx_word' id='word_1_460' title='bbox 1402 1731 1584 1766; x_wconf 83' lang='lat' dir='ltr'><strong>siasticam</strong></span> <span class='ocrx_word' id='word_1_461' title='bbox 1613 1731 1785 1776; x_wconf 87' lang='lat' dir='ltr'><strong>sancivit,</strong></span> <span class='ocrx_word' id='word_1_462' title='bbox 1814 1741 1881 1767; x_wconf 87' lang='lat' dir='ltr'><strong>nos</strong></span> <span class='ocrx_word' id='word_1_463' title='bbox 1909 1734 2030 1767; x_wconf 88' lang='lat' dir='ltr'><strong>autem</strong></span> <span class='ocrx_word' id='word_1_464' title='bbox 2058 1732 2095 1767; x_wconf 87' lang='lat' dir='ltr'><strong>in</strong></span> <span class='ocrx_word' id='word_1_465' title='bbox 2124 1733 2196 1768; x_wconf 86' lang='lat' dir='ltr'><strong>alia</strong></span> <span class='ocrx_word' id='word_1_466' title='bbox 2229 1733 2485 1771; x_wconf 84' lang='lat' dir='ltr'><strong>constitutione</strong></span> 
     </span>
     <span class='ocr_line' id='line_1_49' title="bbox 247 1773 2484 1826; baseline -0 -11"><span class='ocrx_word' id='word_1_467' title='bbox 247 1781 354 1826; x_wconf 74' lang='grc' dir='ltr'><strong><em>ἑτέρᾳ</em></strong></span> <span class='ocrx_word' id='word_1_468' title='bbox 374 1777 536 1819; x_wconf 81' lang='grc' dir='ltr'><strong><em>διατάξει</em></strong></span> <span class='ocrx_word' id='word_1_469' title='bbox 556 1774 645 1824; x_wconf 76' lang='grc' dir='ltr'><strong><em>παρ’</em></strong></span> <span class='ocrx_word' id='word_1_470' title='bbox 668 1773 773 1822; x_wconf 80' lang='grc' dir='ltr'><strong><em>ἡμῶν</em></strong></span> <span class='ocrx_word' id='word_1_471' title='bbox 795 1779 1023 1824; x_wconf 76' lang='grc' dir='ltr'><strong><em>γεγραμμένῃ</em></strong></span> <span class='ocrx_word' id='word_1_472' title='bbox 1045 1774 1088 1811; x_wconf 77' lang='grc' dir='ltr'><strong>τὸ</strong></span> <span class='ocrx_word' id='word_1_473' title='bbox 1112 1778 1219 1811; x_wconf 79' lang='grc' dir='ltr'><strong><em>ἕκτον</em></strong></span> <span class='ocrx_word' id='word_1_474' title='bbox 1241 1776 1334 1818; x_wconf 76' lang='grc' dir='ltr'><strong><em>ἐξαι-</em></strong></span> <span class='ocrx_word' id='word_1_475' title='bbox 1401 1786 1424 1811; x_wconf 73' lang='grc'><strong>8.</strong></span> <span class='ocrx_word' id='word_1_476' title='bbox 1452 1777 1555 1812; x_wconf 79' lang='lat' dir='ltr'><strong>nobis</strong></span> <span class='ocrx_word' id='word_1_477' title='bbox 1587 1776 1723 1821; x_wconf 83' lang='lat' dir='ltr'><strong>scripta</strong></span> <span class='ocrx_word' id='word_1_478' title='bbox 1753 1780 1893 1812; x_wconf 80' lang='lat' dir='ltr'><strong>sextam</strong></span> <span class='ocrx_word' id='word_1_479' title='bbox 1924 1777 2042 1822; x_wconf 82' lang='lat' dir='ltr'><strong>excipi</strong></span> <span class='ocrx_word' id='word_1_480' title='bbox 2068 1777 2185 1814; x_wconf 78' lang='lat' dir='ltr'><strong>solum</strong></span> <span class='ocrx_word' id='word_1_481' title='bbox 2207 1788 2317 1824; x_wconf 80' lang='lat' dir='ltr'><strong>super</strong></span> <span class='ocrx_word' id='word_1_482' title='bbox 2338 1780 2484 1826; x_wconf 80' lang='lat' dir='ltr'><strong>emphy-</strong></span> 
     </span>
     <span class='ocr_line' id='line_1_50' title="bbox 248 1819 2484 1872; baseline 0.001 -14"><span class='ocrx_word' id='word_1_483' title='bbox 248 1825 394 1872; x_wconf 85' lang='grc' dir='ltr'><strong><em>ρεῖσθαι</em></strong></span> <span class='ocrx_word' id='word_1_484' title='bbox 414 1823 529 1869; x_wconf 86' lang='grc' dir='ltr'><strong><em>μόνον</em></strong></span> <span class='ocrx_word' id='word_1_485' title='bbox 549 1824 610 1858; x_wconf 80' lang='grc' dir='ltr'><strong>ἐπὶ</strong></span> <span class='ocrx_word' id='word_1_486' title='bbox 630 1823 709 1857; x_wconf 83' lang='grc' dir='ltr'><strong>τῶν</strong></span> <span class='ocrx_word' id='word_1_487' title='bbox 729 1819 984 1868; x_wconf 78' lang='grc' dir='ltr'><strong><em>ἐμφυτεύσεων</em></strong></span> <span class='ocrx_word' id='word_1_488' title='bbox 1003 1820 1335 1867; x_wconf 77' lang='grc' dir='ltr'><strong><em>ἐνομοθετήσαμεν,</em></strong></span> <span class='ocrx_word' id='word_1_489' title='bbox 1404 1822 1564 1858; x_wconf 89' lang='lat' dir='ltr'><strong>teosibus</strong></span> <span class='ocrx_word' id='word_1_490' title='bbox 1602 1821 1835 1864; x_wconf 86' lang='lat' dir='ltr'><strong>sancivimus,</strong></span> <span class='ocrx_word' id='word_1_491' title='bbox 1877 1822 2082 1859; x_wconf 88' lang='lat' dir='ltr'><strong>huiusmodi</strong></span> <span class='ocrx_word' id='word_1_492' title='bbox 2115 1823 2292 1869; x_wconf 77' lang='lat' dir='ltr'><strong>quendam</strong></span> <span class='ocrx_word' id='word_1_493' title='bbox 2325 1823 2484 1861; x_wconf 89' lang='lat' dir='ltr'><strong>deminu-</strong></span> 
     </span>
     <span class='ocr_line' id='line_1_51' title="bbox 246 1864 2486 1914; baseline 0.001 -10"><span class='ocrx_word' id='word_1_494' title='bbox 246 1869 420 1913; x_wconf 81' lang='grc' dir='ltr'><strong><em>τοιαύτην</em></strong></span> <span class='ocrx_word' id='word_1_495' title='bbox 443 1867 527 1904; x_wconf 79' lang='grc' dir='ltr'><strong><em>τινὰ</em></strong></span> <span class='ocrx_word' id='word_1_496' title='bbox 547 1869 601 1912; x_wconf 73' lang='grc' dir='ltr'><strong>τῷ</strong></span> <span class='ocrx_word' id='word_1_497' title='bbox 622 1869 685 1911; x_wconf 78' lang='grc' dir='ltr'><strong>τῆς</strong></span> <span class='ocrx_word' id='word_1_498' title='bbox 707 1864 942 1902; x_wconf 75' lang='grc' dir='ltr'><strong><em>ἐλαττώσεως</em></strong></span> <span class='ocrx_word' id='word_1_499' title='bbox 970 1864 1155 1914; x_wconf 80' lang='grc' dir='ltr'><strong><em>πράγματι</em></strong></span> <span class='ocrx_word' id='word_1_500' title='bbox 1183 1865 1332 1912; x_wconf 85' lang='grc' dir='ltr'><strong><em>δίδομεν</em></strong></span> <span class='ocrx_word' id='word_1_501' title='bbox 1345 1870 1387 1904; x_wconf 88' lang='grc'><strong>35</strong></span> <span class='ocrx_word' id='word_1_502' title='bbox 1401 1867 1509 1903; x_wconf 82' lang='lat' dir='ltr'><strong>tionis</strong></span> <span class='ocrx_word' id='word_1_503' title='bbox 1531 1866 1586 1902; x_wconf 83' lang='lat' dir='ltr'><strong>rei</strong></span> <span class='ocrx_word' id='word_1_504' title='bbox 1615 1867 1741 1903; x_wconf 79' lang='lat' dir='ltr'><strong>damus</strong></span> <span class='ocrx_word' id='word_1_505' title='bbox 1773 1866 1949 1911; x_wconf 84' lang='lat' dir='ltr'><strong>ordinem,</strong></span> <span class='ocrx_word' id='word_1_506' title='bbox 1984 1872 2026 1903; x_wconf 84' lang='lat' dir='ltr'><strong>ut</strong></span> <span class='ocrx_word' id='word_1_507' title='bbox 2057 1871 2253 1913; x_wconf 80' lang='lat' dir='ltr'><strong>quaeratur</strong></span> <span class='ocrx_word' id='word_1_508' title='bbox 2281 1879 2362 1906; x_wconf 79' lang='lat' dir='ltr'><strong>cum</strong></span> <span class='ocrx_word' id='word_1_509' title='bbox 2390 1870 2486 1906; x_wconf 84' lang='lat' dir='ltr'><strong>omni</strong></span> 
     </span>
     <span class='ocr_line' id='line_1_52' title="bbox 246 1908 2487 1959; baseline 0 -8"><span class='ocrx_word' id='word_1_510' title='bbox 246 1915 370 1957; x_wconf 82' lang='grc' dir='ltr'><strong><em>τάξιν,</em></strong></span> <span class='ocrx_word' id='word_1_511' title='bbox 403 1915 463 1950; x_wconf 82' lang='grc' dir='ltr'><strong>ἵνα</strong></span> <span class='ocrx_word' id='word_1_512' title='bbox 494 1916 638 1957; x_wconf 85' lang='grc' dir='ltr'><strong><em>ζητοῖτο</em></strong></span> <span class='ocrx_word' id='word_1_513' title='bbox 667 1911 757 1958; x_wconf 79' lang='grc' dir='ltr'><strong><em>μετὰ</em></strong></span> <span class='ocrx_word' id='word_1_514' title='bbox 789 1912 906 1957; x_wconf 84' lang='grc' dir='ltr'><strong><em>πάσης</em></strong></span> <span class='ocrx_word' id='word_1_515' title='bbox 937 1908 1111 1955; x_wconf 75' lang='grc' dir='ltr'><strong><em>ἀληθείας</em></strong></span> <span class='ocrx_word' id='word_1_516' title='bbox 1138 1915 1200 1946; x_wconf 82' lang='grc' dir='ltr'><strong>καὶ</strong></span> <span class='ocrx_word' id='word_1_517' title='bbox 1231 1909 1330 1959; x_wconf 78' lang='grc' dir='ltr'><strong><em>άκρι-</em></strong></span> <span class='ocrx_word' id='word_1_518' title='bbox 1400 1912 1547 1948; x_wconf 79' lang='lat' dir='ltr'><strong>veritate</strong></span> <span class='ocrx_word' id='word_1_519' title='bbox 1586 1914 1623 1948; x_wconf 81' lang='lat' dir='ltr'><strong>et</strong></span> <span class='ocrx_word' id='word_1_520' title='bbox 1665 1912 1863 1948; x_wconf 77' lang='lat' dir='ltr'><strong>subtilitate</strong></span> <span class='ocrx_word' id='word_1_521' title='bbox 1899 1913 2025 1958; x_wconf 87' lang='lat' dir='ltr'><strong>pensio</strong></span> <span class='ocrx_word' id='word_1_522' title='bbox 2061 1924 2184 1949; x_wconf 84' lang='lat' dir='ltr'><strong>eorum</strong></span> <span class='ocrx_word' id='word_1_523' title='bbox 2227 1924 2320 1959; x_wconf 63' lang='lat' dir='ltr'><strong>quae</strong></span> <span class='ocrx_word' id='word_1_524' title='bbox 2353 1914 2487 1952; x_wconf 69' lang='lat' dir='ltr'><strong>dantur</strong></span> 
     </span>
     <span class='ocr_line' id='line_1_53' title="bbox 246 1954 2486 2006; baseline 0.001 -11"><span class='ocrx_word' id='word_1_525' title='bbox 246 1964 347 2006; x_wconf 78' lang='grc' dir='ltr'><strong><em>βείας</em></strong></span> <span class='ocrx_word' id='word_1_526' title='bbox 382 1957 401 1994; x_wconf 86' lang='grc' dir='ltr'>ὁ</span> <span class='ocrx_word' id='word_1_527' title='bbox 432 1958 557 1994; x_wconf 76' lang='grc' dir='ltr'><strong><em>κανων</em></strong></span> <span class='ocrx_word' id='word_1_528' title='bbox 588 1959 668 1993; x_wconf 79' lang='grc' dir='ltr'><strong>τῶν</strong></span> <span class='ocrx_word' id='word_1_529' title='bbox 699 1956 943 2003; x_wconf 81' lang='grc' dir='ltr'><strong><em>έκδιδομένων</em></strong></span> <span class='ocrx_word' id='word_1_530' title='bbox 979 1959 1167 2000; x_wconf 83' lang='grc' dir='ltr'><strong><em>τοσοῦτος,</em></strong></span> <span class='ocrx_word' id='word_1_531' title='bbox 1200 1954 1335 1993; x_wconf 85' lang='grc' dir='ltr'><strong><em>ὁπόσος</em></strong></span> <span class='ocrx_word' id='word_1_532' title='bbox 1403 1959 1517 2002; x_wconf 84' lang='lat' dir='ltr'><strong>tanta,</strong></span> <span class='ocrx_word' id='word_1_533' title='bbox 1541 1961 1676 2002; x_wconf 84' lang='lat' dir='ltr'><strong>quanta</strong></span> <span class='ocrx_word' id='word_1_534' title='bbox 1697 1958 1742 1993; x_wconf 82' lang='lat' dir='ltr'><strong>ab</strong></span> <span class='ocrx_word' id='word_1_535' title='bbox 1763 1958 1864 1993; x_wconf 87' lang='lat' dir='ltr'><strong>initio</strong></span> <span class='ocrx_word' id='word_1_536' title='bbox 1882 1958 1963 2001; x_wconf 88' lang='lat' dir='ltr'><strong>fuit,</strong></span> <span class='ocrx_word' id='word_1_537' title='bbox 1988 1958 2132 2004; x_wconf 82' lang='lat' dir='ltr'><strong>quando</strong></span> <span class='ocrx_word' id='word_1_538' title='bbox 2155 1959 2204 1995; x_wconf 88' lang='lat' dir='ltr'><strong>ad</strong></span> <span class='ocrx_word' id='word_1_539' title='bbox 2226 1960 2486 1997; x_wconf 85' lang='lat' dir='ltr'><strong>sanctissimam</strong></span> 
     </span>
     <span class='ocr_line' id='line_1_54' title="bbox 248 1997 2484 2052; baseline 0.001 -12"><span class='ocrx_word' id='word_1_540' title='bbox 248 2007 286 2047; x_wconf 78' lang='grc' dir='ltr'><strong>ἐξ</strong></span> <span class='ocrx_word' id='word_1_541' title='bbox 319 2002 424 2052; x_wconf 75' lang='grc' dir='ltr'><strong><em>ἀρχῆς</em></strong></span> <span class='ocrx_word' id='word_1_542' title='bbox 459 1999 504 2047; x_wconf 74' lang='grc' dir='ltr'><strong>ἦν</strong></span> <span class='ocrx_word' id='word_1_543' title='bbox 539 2007 599 2038; x_wconf 76' lang='grc' dir='ltr'><strong>καὶ</strong></span> <span class='ocrx_word' id='word_1_544' title='bbox 635 2004 683 2038; x_wconf 81' lang='grc' dir='ltr'><strong>εἰς</strong></span> <span class='ocrx_word' id='word_1_545' title='bbox 715 2002 784 2047; x_wconf 86' lang='grc' dir='ltr'><strong>τὴν</strong></span> <span class='ocrx_word' id='word_1_546' title='bbox 821 2000 1029 2049; x_wconf 80' lang='grc' dir='ltr'><strong><em>ἆγιωτάτην</em></strong></span> <span class='ocrx_word' id='word_1_547' title='bbox 1065 1997 1181 2047; x_wconf 74' lang='grc' dir='ltr'><strong><em>ἦλθεν</em></strong></span> <span class='ocrx_word' id='word_1_548' title='bbox 1213 2002 1333 2046; x_wconf 77' lang='grc' dir='ltr'><strong><em>ἐκκλη-</em></strong></span> <span class='ocrx_word' id='word_1_549' title='bbox 1402 2003 1499 2039; x_wconf 79' lang='lat' dir='ltr'><strong>venit</strong></span> <span class='ocrx_word' id='word_1_550' title='bbox 1531 2003 1735 2045; x_wconf 73' lang='lat' dir='ltr'><strong>ecclesiam,</strong></span> <span class='ocrx_word' id='word_1_551' title='bbox 1771 2007 1808 2038; x_wconf 80' lang='lat' dir='ltr'><strong>et</strong></span> <span class='ocrx_word' id='word_1_552' title='bbox 1835 2003 1940 2038; x_wconf 82' lang='lat' dir='ltr'><strong>detur</strong></span> <span class='ocrx_word' id='word_1_553' title='bbox 1972 2004 2210 2050; x_wconf 74' lang='lat' dir='ltr'><strong>emphyteosis</strong></span> <span class='ocrx_word' id='word_1_554' title='bbox 2240 2005 2374 2043; x_wconf 71' lang='lat' dir='ltr'><strong>talibus</strong></span> <span class='ocrx_word' id='word_1_555' title='bbox 2403 2016 2484 2052; x_wconf 77' lang='lat' dir='ltr'><strong>per·</strong></span> 
     </span>
     <span class='ocr_line' id='line_1_55' title="bbox 247 2045 2486 2095; baseline 0.001 -9"><span class='ocrx_word' id='word_1_556' title='bbox 247 2055 343 2093; x_wconf 83' lang='grc' dir='ltr'><strong><em>σίαν,</em></strong></span> <span class='ocrx_word' id='word_1_557' title='bbox 371 2053 431 2085; x_wconf 73' lang='grc' dir='ltr'><strong>καὶ</strong></span> <span class='ocrx_word' id='word_1_558' title='bbox 453 2048 590 2084; x_wconf 86' lang='grc' dir='ltr'><strong><em>διδοῖτο</em></strong></span> <span class='ocrx_word' id='word_1_559' title='bbox 610 2048 655 2083; x_wconf 86' lang='grc' dir='ltr'><strong>τοὶ</strong></span> <span class='ocrx_word' id='word_1_560' title='bbox 678 2050 739 2093; x_wconf 88' lang='grc' dir='ltr'><strong>τῆς</strong></span> <span class='ocrx_word' id='word_1_561' title='bbox 763 2045 1011 2094; x_wconf 73' lang='grc' dir='ltr'><strong><em>ἐμφυτεύσεως</em></strong></span> <span class='ocrx_word' id='word_1_562' title='bbox 1032 2047 1210 2083; x_wconf 84' lang='grc' dir='ltr'><strong><em>τοιούτοις</em></strong></span> <span class='ocrx_word' id='word_1_563' title='bbox 1231 2059 1332 2095; x_wconf 87' lang='grc' dir='ltr'><strong><em>προς·</em></strong></span> <span class='ocrx_word' id='word_1_564' title='bbox 1403 2049 1521 2092; x_wconf 67' lang='grc'><strong>801118,</strong></span> <span class='ocrx_word' id='word_1_565' title='bbox 1551 2048 1675 2093; x_wconf 75' lang='lat' dir='ltr'><strong>quales</strong></span> <span class='ocrx_word' id='word_1_566' title='bbox 1699 2048 1832 2084; x_wconf 87' lang='lat' dir='ltr'><strong>dudum</strong></span> <span class='ocrx_word' id='word_1_567' title='bbox 1854 2049 2023 2094; x_wconf 80' lang='lat' dir='ltr'><strong>diximus3</strong></span> <span class='ocrx_word' id='word_1_568' title='bbox 2055 2053 2143 2085; x_wconf 79' lang='lat' dir='ltr'><strong>tunc</strong></span> <span class='ocrx_word' id='word_1_569' title='bbox 2173 2050 2266 2085; x_wconf 86' lang='lat' dir='ltr'><strong>enim</strong></span> <span class='ocrx_word' id='word_1_570' title='bbox 2290 2055 2428 2088; x_wconf 71' lang='lat' dir='ltr'><strong>sextam</strong></span> <span class='ocrx_word' id='word_1_571' title='bbox 2452 2051 2486 2087; x_wconf 83' lang='lat' dir='ltr'><strong>ei</strong></span> 
     </span>
    </p>
   </div>
   <div class='ocr_carea' id='block_1_18' title="bbox 243 2117 2486 2980">
    <p class='ocr_par' dir='ltr' id='par_1_20' title="bbox 243 2117 2486 2980">
     <span class='ocr_line' id='line_1_56' title="bbox 247 2117 2483 2166; baseline -0.003 -10"><span class='ocrx_word' id='word_1_572' title='bbox 247 2120 481 2156; x_wconf 81' lang='lat' dir='ltr'><strong>mutationem</strong></span> <span class='ocrx_word' id='word_1_573' title='bbox 499 2118 574 2154; x_wconf 86' lang='lat' dir='ltr'><strong>sive</strong></span> <span class='ocrx_word' id='word_1_574' title='bbox 596 2117 701 2164; x_wconf 84' lang='lat' dir='ltr'><strong>emph</strong></span> <span class='ocrx_word' id='word_1_575' title='bbox 730 2117 847 2153; x_wconf 89' lang='lat' dir='ltr'><strong>teusin</strong></span> <span class='ocrx_word' id='word_1_576' title='bbox 864 2122 1095 2164; x_wconf 87' lang='lat' dir='ltr'><strong>perpetuam,</strong></span> <span class='ocrx_word' id='word_1_577' title='bbox 1119 2128 1183 2153; x_wconf 91' lang='lat' dir='ltr'><strong>seu</strong></span> <span class='ocrx_word' id='word_1_578' title='bbox 1207 2127 1286 2152; x_wconf 89' lang='lat' dir='ltr'><strong>cum</strong></span> <span class='ocrx_word' id='word_1_579' title='bbox 1306 2117 1388 2164; x_wconf 86' lang='lat' dir='ltr'><strong>ipso</strong></span> <span class='ocrx_word' id='word_1_580' title='bbox 1412 2117 1635 2164; x_wconf 79' lang='lat' dir='ltr'><strong>imperatore</strong></span> <span class='ocrx_word' id='word_1_581' title='bbox 1655 2127 1720 2153; x_wconf 86' lang='lat' dir='ltr'><strong>seu</strong></span> <span class='ocrx_word' id='word_1_582' title='bbox 1743 2127 1823 2152; x_wconf 89' lang='lat' dir='ltr'><strong>cum</strong></span> <span class='ocrx_word' id='word_1_583' title='bbox 1843 2117 1919 2152; x_wconf 83' lang='lat' dir='ltr'><strong>alia</strong></span> <span class='ocrx_word' id='word_1_584' title='bbox 1941 2117 2196 2164; x_wconf 78' lang='lat' dir='ltr'><strong>qualicumque</strong></span> <span class='ocrx_word' id='word_1_585' title='bbox 2215 2129 2377 2166; x_wconf 78' lang='lat' dir='ltr'><strong>persona</strong></span> <span class='ocrx_word' id='word_1_586' title='bbox 2399 2131 2483 2156; x_wconf 87' lang='lat' dir='ltr'><strong>con-</strong></span> 
     </span>
     <span class='ocr_line' id='line_1_57' title="bbox 250 2161 2486 2213; baseline 0 -11"><span class='ocrx_word' id='word_1_587' title='bbox 250 2169 422 2208; x_wconf 82' lang='lat' dir='ltr'><strong>tractam,</strong></span> <span class='ocrx_word' id='word_1_588' title='bbox 447 2174 610 2211; x_wconf 90' lang='lat' dir='ltr'><strong>prorsus</strong></span> <span class='ocrx_word' id='word_1_589' title='bbox 641 2163 694 2199; x_wconf 90' lang='lat' dir='ltr'><strong>tol</strong></span> <span class='ocrx_word' id='word_1_590' title='bbox 707 2163 818 2198; x_wconf 87' lang='lat' dir='ltr'><strong>imus:</strong></span> <span class='ocrx_word' id='word_1_591' title='bbox 852 2173 897 2198; x_wconf 91' lang='lat' dir='ltr'><strong>ac</strong></span> <span class='ocrx_word' id='word_1_592' title='bbox 928 2173 973 2199; x_wconf 89' lang='lat' dir='ltr'><strong>ne</strong></span> <span class='ocrx_word' id='word_1_593' title='bbox 997 2162 1172 2209; x_wconf 73' lang='lat' dir='ltr'><strong>piqnoris</strong></span> <span class='ocrx_word' id='word_1_594' title='bbox 1197 2161 1341 2208; x_wconf 87' lang='lat' dir='ltr'><strong>quidem</strong></span> <span class='ocrx_word' id='word_1_595' title='bbox 1364 2163 1546 2198; x_wconf 86' lang='lat' dir='ltr'><strong>dationem</strong></span> <span class='ocrx_word' id='word_1_596' title='bbox 1569 2163 1608 2197; x_wconf 86' lang='lat' dir='ltr'><strong>in</strong></span> <span class='ocrx_word' id='word_1_597' title='bbox 1629 2173 1671 2198; x_wconf 88' lang='lat' dir='ltr'><strong>re</strong></span> <span class='ocrx_word' id='word_1_598' title='bbox 1692 2161 1865 2198; x_wconf 75' lang='lat' dir='ltr'><strong>immobili</strong></span> <span class='ocrx_word' id='word_1_599' title='bbox 1886 2163 2121 2198; x_wconf 82' lang='lat' dir='ltr'><strong>constitutam</strong></span> <span class='ocrx_word' id='word_1_600' title='bbox 2142 2163 2209 2199; x_wconf 91' lang='lat' dir='ltr'><strong>sub</strong></span> <span class='ocrx_word' id='word_1_601' title='bbox 2228 2164 2346 2200; x_wconf 84' lang='lat' dir='ltr'><strong>mutui</strong></span> <span class='ocrx_word' id='word_1_602' title='bbox 2365 2165 2486 2213; x_wconf 78' lang='lat' dir='ltr'><strong>specie</strong></span> 
     </span>
     <span class='ocr_line' id='line_1_58' title="bbox 245 2207 2484 2257; baseline 0 -10"><span class='ocrx_word' id='word_1_603' title='bbox 245 2211 329 2257; x_wconf 85' lang='lat' dir='ltr'><strong>fieri</strong></span> <span class='ocrx_word' id='word_1_604' title='bbox 351 2209 589 2246; x_wconf 82' lang='lat' dir='ltr'><strong>concedimus.</strong></span> <span class='ocrx_word' id='word_1_605' title='bbox 636 2209 755 2255; x_wconf 85' lang='lat' dir='ltr'><strong>Atque</strong></span> <span class='ocrx_word' id='word_1_606' title='bbox 779 2207 849 2243; x_wconf 89' lang='lat' dir='ltr'><strong>hoc</strong></span> <span class='ocrx_word' id='word_1_607' title='bbox 872 2211 908 2243; x_wconf 88' lang='lat' dir='ltr'><strong>et</strong></span> <span class='ocrx_word' id='word_1_608' title='bbox 932 2207 971 2242; x_wconf 89' lang='lat' dir='ltr'><strong>in</strong></span> <span class='ocrx_word' id='word_1_609' title='bbox 994 2207 1092 2243; x_wconf 89' lang='lat' dir='ltr'><strong>omni</strong></span> <span class='ocrx_word' id='word_1_610' title='bbox 1113 2207 1266 2244; x_wconf 88' lang='lat' dir='ltr'><strong>ecclesia</strong></span> <span class='ocrx_word' id='word_1_611' title='bbox 1294 2210 1330 2244; x_wconf 88' lang='lat' dir='ltr'><strong>et</strong></span> <span class='ocrx_word' id='word_1_612' title='bbox 1353 2208 1451 2243; x_wconf 89' lang='lat' dir='ltr'><strong>omni</strong></span> <span class='ocrx_word' id='word_1_613' title='bbox 1473 2207 1696 2243; x_wconf 84' lang='lat' dir='ltr'><strong>monasterio</strong></span> <span class='ocrx_word' id='word_1_614' title='bbox 1728 2210 1765 2243; x_wconf 86' lang='lat' dir='ltr'><strong>et</strong></span> <span class='ocrx_word' id='word_1_615' title='bbox 1788 2207 1998 2243; x_wconf 88' lang='lat' dir='ltr'><strong>nosocomio</strong></span> <span class='ocrx_word' id='word_1_616' title='bbox 2026 2211 2064 2244; x_wconf 87' lang='lat' dir='ltr'><strong>et</strong></span> <span class='ocrx_word' id='word_1_617' title='bbox 2083 2207 2316 2245; x_wconf 72' lang='lat' dir='ltr'><strong>xenodochio</strong></span> <span class='ocrx_word' id='word_1_618' title='bbox 2336 2214 2375 2246; x_wconf 88' lang='lat' dir='ltr'><strong>et</strong></span> <span class='ocrx_word' id='word_1_619' title='bbox 2405 2209 2484 2247; x_wconf 88' lang='lat' dir='ltr'><strong>bre-</strong></span> 
     </span>
     <span class='ocr_line' id='line_1_59' title="bbox 246 2251 2485 2304; baseline 0 -12"><span class='ocrx_word' id='word_1_620' title='bbox 246 2254 473 2304; x_wconf 82' lang='lat' dir='ltr'><strong>photrophio</strong></span> <span class='ocrx_word' id='word_1_621' title='bbox 494 2258 531 2290; x_wconf 91' lang='lat' dir='ltr'><strong>et</strong></span> <span class='ocrx_word' id='word_1_622' title='bbox 555 2254 732 2290; x_wconf 87' lang='lat' dir='ltr'><strong>asceterio</strong></span> <span class='ocrx_word' id='word_1_623' title='bbox 753 2256 790 2289; x_wconf 85' lang='lat' dir='ltr'><strong>et</strong></span> <span class='ocrx_word' id='word_1_624' title='bbox 807 2253 1080 2299; x_wconf 62' lang='lat' dir='ltr'><strong>gerontocomio</strong></span> <span class='ocrx_word' id='word_1_625' title='bbox 1100 2257 1138 2289; x_wconf 91' lang='lat' dir='ltr'><strong>et</strong></span> <span class='ocrx_word' id='word_1_626' title='bbox 1152 2253 1191 2288; x_wconf 85' lang='lat' dir='ltr'><strong>in</strong></span> <span class='ocrx_word' id='word_1_627' title='bbox 1209 2252 1308 2288; x_wconf 91' lang='lat' dir='ltr'><strong>omni</strong></span> <span class='ocrx_word' id='word_1_628' title='bbox 1320 2252 1438 2299; x_wconf 83' lang='lat' dir='ltr'><strong>plane</strong></span> <span class='ocrx_word' id='word_1_629' title='bbox 1461 2251 1627 2304; x_wconf 41' lang='lat' dir='ltr'><strong>collegio·</strong></span> <span class='ocrx_word' id='word_1_630' title='bbox 1635 2251 1735 2299; x_wconf 82' lang='lat' dir='ltr'><strong>quod</strong></span> <span class='ocrx_word' id='word_1_631' title='bbox 1756 2252 1899 2304; x_wconf 78' lang='lat' dir='ltr'><strong>actione</strong></span> <span class='ocrx_word' id='word_1_632' title='bbox 1940 2252 2074 2289; x_wconf 88' lang='lat' dir='ltr'><strong>uadam</strong></span> <span class='ocrx_word' id='word_1_633' title='bbox 2088 2253 2159 2301; x_wconf 85' lang='lat' dir='ltr'><strong>pia</strong></span> <span class='ocrx_word' id='word_1_634' title='bbox 2179 2255 2411 2292; x_wconf 82' lang='lat' dir='ltr'><strong>constitutum</strong></span> <span class='ocrx_word' id='word_1_635' title='bbox 2429 2260 2485 2293; x_wconf 81' lang='lat' dir='ltr'><strong>est</strong></span> 
     </span>
     <span class='ocr_line' id='line_1_60' title="bbox 247 2297 2484 2351; baseline 0 -14"><span class='ocrx_word' id='word_1_636' title='bbox 247 2301 369 2338; x_wconf 86' lang='lat' dir='ltr'><strong>valere</strong></span> <span class='ocrx_word' id='word_1_637' title='bbox 401 2299 583 2342; x_wconf 84' lang='lat' dir='ltr'><strong>volumus,</strong></span> <span class='ocrx_word' id='word_1_638' title='bbox 614 2310 660 2335; x_wconf 84' lang='lat' dir='ltr'><strong>ne</strong></span> <span class='ocrx_word' id='word_1_639' title='bbox 686 2298 769 2351; x_wconf 77' lang='lat' dir='ltr'><strong>quis</strong></span> <span class='ocrx_word' id='word_1_640' title='bbox 795 2298 942 2334; x_wconf 89' lang='lat' dir='ltr'><strong>omnino</strong></span> <span class='ocrx_word' id='word_1_641' title='bbox 967 2297 1012 2333; x_wconf 92' lang='lat' dir='ltr'><strong>ab</strong></span> <span class='ocrx_word' id='word_1_642' title='bbox 1039 2298 1132 2345; x_wconf 87' lang='lat' dir='ltr'><strong>ipsis</strong></span> <span class='ocrx_word' id='word_1_643' title='bbox 1164 2297 1295 2333; x_wconf 85' lang='lat' dir='ltr'><strong>horum</strong></span> <span class='ocrx_word' id='word_1_644' title='bbox 1324 2298 1519 2344; x_wconf 81' lang='lat' dir='ltr'><strong>quicquam</strong></span> <span class='ocrx_word' id='word_1_645' title='bbox 1547 2308 1714 2344; x_wconf 74' lang='lat' dir='ltr'><strong>accipere</strong></span> <span class='ocrx_word' id='word_1_646' title='bbox 1745 2300 1872 2344; x_wconf 72' lang='lat' dir='ltr'><strong>possit.</strong></span> <span class='ocrx_word' id='word_1_647' title='bbox 1944 2301 2053 2344; x_wconf 82' lang='lat' dir='ltr'><strong>taque</strong></span> <span class='ocrx_word' id='word_1_648' title='bbox 2081 2309 2199 2345; x_wconf 86' lang='lat' dir='ltr'><strong>neque</strong></span> <span class='ocrx_word' id='word_1_649' title='bbox 2229 2300 2484 2338; x_wconf 81' lang='lat' dir='ltr'><strong>constitutione</strong></span> 
     </span>
     <span class='ocr_line' id='line_1_61' title="bbox 248 2342 2485 2395; baseline 0 -13"><span class='ocrx_word' id='word_1_650' title='bbox 248 2346 436 2383; x_wconf 83' lang='lat' dir='ltr'><strong>Anastasii</strong></span> <span class='ocrx_word' id='word_1_651' title='bbox 467 2345 572 2380; x_wconf 87' lang='lat' dir='ltr'><strong>divae</strong></span> <span class='ocrx_word' id='word_1_652' title='bbox 603 2349 719 2380; x_wconf 74' lang='lat' dir='ltr'><strong>sortis</strong></span> <span class='ocrx_word' id='word_1_653' title='bbox 751 2355 868 2390; x_wconf 83' lang='lat' dir='ltr'><strong>neque</strong></span> <span class='ocrx_word' id='word_1_654' title='bbox 902 2342 1057 2379; x_wconf 81' lang='lat' dir='ltr'><strong>decretis</strong></span> <span class='ocrx_word' id='word_1_655' title='bbox 1085 2342 1282 2379; x_wconf 85' lang='lat' dir='ltr'><strong>secundum</strong></span> <span class='ocrx_word' id='word_1_656' title='bbox 1311 2353 1391 2378; x_wconf 88' lang='lat' dir='ltr'><strong>eam</strong></span> <span class='ocrx_word' id='word_1_657' title='bbox 1420 2342 1606 2388; x_wconf 72' lang='lat' dir='ltr'><strong>faciendis</strong></span> <span class='ocrx_word' id='word_1_658' title='bbox 1636 2353 1753 2389; x_wconf 86' lang='lat' dir='ltr'><strong>neque</strong></span> <span class='ocrx_word' id='word_1_659' title='bbox 1781 2353 1897 2395; x_wconf 85' lang='lat' dir='ltr'><strong>supra</strong></span> <span class='ocrx_word' id='word_1_660' title='bbox 1918 2342 2018 2379; x_wconf 86' lang='lat' dir='ltr'><strong>dicta</strong></span> <span class='ocrx_word' id='word_1_661' title='bbox 2048 2342 2299 2381; x_wconf 82' lang='lat' dir='ltr'><strong>observatione</strong></span> <span class='ocrx_word' id='word_1_662' title='bbox 2328 2345 2485 2392; x_wconf 78' lang='lat' dir='ltr'><strong>amplius</strong></span> 
     </span>
     <span class='ocr_line' id='line_1_62' title="bbox 249 2387 2484 2473; baseline -0 -45"><span class='ocrx_word' id='word_1_663' title='bbox 249 2403 343 2473; x_wconf 56' lang='lat'><em>⁰1²5?</em></span> <span class='ocrx_word' id='word_1_664' title='bbox 365 2391 472 2471; x_wconf 41' lang='lat' dir='ltr'><strong>erit&amp;</strong></span> <span class='ocrx_word' id='word_1_665' title='bbox 493 2390 580 2471; x_wconf 59' lang='grc' dir='ltr'><strong><em>Οἴτη</em></strong></span> <span class='ocrx_word' id='word_1_666' title='bbox 599 2389 694 2426; x_wconf 89' lang='lat' dir='ltr'><strong>enim</strong></span> <span class='ocrx_word' id='word_1_667' title='bbox 717 2389 800 2436; x_wconf 89' lang='lat' dir='ltr'><strong>ipsa</strong></span> <span class='ocrx_word' id='word_1_668' title='bbox 820 2389 876 2424; x_wconf 85' lang='lat' dir='ltr'><strong>rei</strong></span> <span class='ocrx_word' id='word_1_669' title='bbox 905 2388 1092 2436; x_wconf 77' lang='lat' dir='ltr'><strong>principia</strong></span> <span class='ocrx_word' id='word_1_670' title='bbox 1117 2388 1288 2425; x_wconf 85' lang='lat' dir='ltr'><strong>tollamus</strong></span> <span class='ocrx_word' id='word_1_671' title='bbox 1310 2387 1482 2435; x_wconf 82' lang='lat' dir='ltr'><strong>quodque</strong></span> <span class='ocrx_word' id='word_1_672' title='bbox 1501 2388 1586 2436; x_wconf 80' lang='lat' dir='ltr'><strong>ficri</strong></span> <span class='ocrx_word' id='word_1_673' title='bbox 1607 2387 1701 2424; x_wconf 85' lang='lat' dir='ltr'><strong>solet</strong></span> <span class='ocrx_word' id='word_1_674' title='bbox 1718 2387 2004 2440; x_wconf 69' lang='lat' dir='ltr'><strong>prohibeamus,</strong></span> <span class='ocrx_word' id='word_1_675' title='bbox 2034 2388 2137 2425; x_wconf 83' lang='lat' dir='ltr'><strong>nulla</strong></span> <span class='ocrx_word' id='word_1_676' title='bbox 2161 2388 2331 2438; x_wconf 83' lang='lat' dir='ltr'><strong>deinceps</strong></span> <span class='ocrx_word' id='word_1_677' title='bbox 2350 2390 2484 2427; x_wconf 84' lang='lat' dir='ltr'><strong>sollici-</strong></span> 
     </span>
     <span class='ocr_line' id='line_1_63' title="bbox 265 2443 2478 2471; baseline 0 -1"><span class='ocrx_word' id='word_1_678' title='bbox 265 2454 267 2457; x_wconf 37' lang='grc' dir='ltr'><strong><em>ν</em></strong></span> <span class='ocrx_word' id='word_1_679' title='bbox 540 2446 588 2470; x_wconf 79' lang='lat' dir='ltr'><strong>im</strong></span> <span class='ocrx_word' id='word_1_680' title='bbox 634 2463 642 2471; x_wconf 90' lang='lat'><strong>.</strong></span> <span class='ocrx_word' id='word_1_681' title='bbox 2472 2443 2478 2447; x_wconf 74' lang='grc'>’</span> 
     </span>
     <span class='ocr_line' id='line_1_64' title="bbox 251 2443 2485 2534; baseline 0 -17"><span class='ocrx_word' id='word_1_682' title='bbox 251 2443 288 2474; x_wconf 64' lang='lat' dir='ltr'><strong><em>m</em></strong></span> <span class='ocrx_word' id='word_1_683' title='bbox 314 2448 372 2473; x_wconf 59' lang='lat' dir='ltr'><strong>me</strong></span> <span class='ocrx_word' id='word_1_684' title='bbox 383 2447 447 2517; x_wconf 52' lang='grc' dir='ltr'><strong>1.Ιῖ1</strong></span> <span class='ocrx_word' id='word_1_685' title='bbox 458 2446 763 2534; x_wconf 45' lang='grc' dir='ltr'><strong><em>ῳὲηιρῖλιῖχτεαςίη</em></strong></span> <span class='ocrx_word' id='word_1_686' title='bbox 786 2491 872 2516; x_wconf 88' lang='lat' dir='ltr'><strong>vero</strong></span> <span class='ocrx_word' id='word_1_687' title='bbox 896 2479 972 2517; x_wconf 86' lang='lat' dir='ltr'><strong>sive</strong></span> <span class='ocrx_word' id='word_1_688' title='bbox 993 2479 1033 2515; x_wconf 87' lang='lat' dir='ltr'><strong>in</strong></span> <span class='ocrx_word' id='word_1_689' title='bbox 1052 2479 1283 2516; x_wconf 85' lang='lat' dir='ltr'><strong>sanctissima</strong></span> <span class='ocrx_word' id='word_1_690' title='bbox 1306 2478 1458 2515; x_wconf 82' lang='lat' dir='ltr'><strong>ecclesia</strong></span> <span class='ocrx_word' id='word_1_691' title='bbox 1480 2478 1557 2515; x_wconf 87' lang='lat' dir='ltr'><strong>sive</strong></span> <span class='ocrx_word' id='word_1_692' title='bbox 1574 2478 1614 2514; x_wconf 87' lang='lat' dir='ltr'><strong>in</strong></span> <span class='ocrx_word' id='word_1_693' title='bbox 1631 2477 1783 2525; x_wconf 81' lang='lat' dir='ltr'><strong>reliquis</strong></span> <span class='ocrx_word' id='word_1_694' title='bbox 1801 2478 1968 2514; x_wconf 87' lang='lat' dir='ltr'><strong>omnibus</strong></span> <span class='ocrx_word' id='word_1_695' title='bbox 1989 2477 2206 2515; x_wconf 80' lang='lat' dir='ltr'><strong>venerandis</strong></span> <span class='ocrx_word' id='word_1_696' title='bbox 2224 2478 2389 2517; x_wconf 77' lang='lat' dir='ltr'><strong>domibus</strong></span> <span class='ocrx_word' id='word_1_697' title='bbox 2411 2483 2485 2518; x_wconf 79' lang='lat' dir='ltr'><strong>tum</strong></span> 
     </span>
     <span class='ocr_line' id='line_1_65' title="bbox 245 2523 2483 2576; baseline -0 -11"><span class='ocrx_word' id='word_1_698' title='bbox 245 2538 428 2576; x_wconf 82' lang='lat' dir='ltr'><strong>personae</strong></span> <span class='ocrx_word' id='word_1_699' title='bbox 448 2527 660 2574; x_wconf 78' lang='lat' dir='ltr'><strong>accipientis</strong></span> <span class='ocrx_word' id='word_1_700' title='bbox 684 2530 758 2562; x_wconf 88' lang='lat' dir='ltr'><strong>tum</strong></span> <span class='ocrx_word' id='word_1_701' title='bbox 777 2525 917 2561; x_wconf 86' lang='lat' dir='ltr'><strong>duobus</strong></span> <span class='ocrx_word' id='word_1_702' title='bbox 939 2524 1097 2560; x_wconf 88' lang='lat' dir='ltr'><strong>eiusdem</strong></span> <span class='ocrx_word' id='word_1_703' title='bbox 1112 2535 1299 2571; x_wconf 83' lang='lat' dir='ltr'><strong>personae</strong></span> <span class='ocrx_word' id='word_1_704' title='bbox 1315 2524 1487 2572; x_wconf 84' lang='lat' dir='ltr'><strong>deinceps</strong></span> <span class='ocrx_word' id='word_1_705' title='bbox 1508 2523 1700 2560; x_wconf 70' lang='lat' dir='ltr'><strong>heredibus</strong></span> <span class='ocrx_word' id='word_1_706' title='bbox 1717 2523 1801 2559; x_wconf 87' lang='lat' dir='ltr'><strong>dari</strong></span> <span class='ocrx_word' id='word_1_707' title='bbox 1817 2523 2069 2570; x_wconf 81' lang='lat' dir='ltr'><strong>permittimus,</strong></span> <span class='ocrx_word' id='word_1_708' title='bbox 2090 2523 2213 2560; x_wconf 83' lang='lat' dir='ltr'><strong>liberis</strong></span> <span class='ocrx_word' id='word_1_709' title='bbox 2228 2524 2368 2563; x_wconf 83' lang='lat' dir='ltr'><strong>scilicet</strong></span> <span class='ocrx_word' id='word_1_710' title='bbox 2381 2525 2483 2570; x_wconf 73' lang='lat' dir='ltr'><strong>solis,</strong></span> 
     </span>
     <span class='ocr_line' id='line_1_66' title="bbox 249 2568 2483 2618; baseline 0 -9"><span class='ocrx_word' id='word_1_711' title='bbox 249 2573 421 2610; x_wconf 85' lang='lat' dir='ltr'><strong>masculis</strong></span> <span class='ocrx_word' id='word_1_712' title='bbox 442 2576 508 2608; x_wconf 88' lang='lat' dir='ltr'><strong>aut</strong></span> <span class='ocrx_word' id='word_1_713' title='bbox 547 2572 685 2614; x_wconf 82' lang='lat' dir='ltr'><strong>eminis,</strong></span> <span class='ocrx_word' id='word_1_714' title='bbox 709 2571 764 2607; x_wconf 88' lang='lat' dir='ltr'><strong>vel</strong></span> <span class='ocrx_word' id='word_1_715' title='bbox 785 2570 980 2618; x_wconf 84' lang='lat' dir='ltr'><strong>nepotibus</strong></span> <span class='ocrx_word' id='word_1_716' title='bbox 1002 2570 1194 2616; x_wconf 84' lang='lat' dir='ltr'><strong>utriusque</strong></span> <span class='ocrx_word' id='word_1_717' title='bbox 1215 2580 1340 2613; x_wconf 79' lang='lat' dir='ltr'><strong>sexus,</strong></span> <span class='ocrx_word' id='word_1_718' title='bbox 1361 2569 1418 2606; x_wconf 86' lang='lat' dir='ltr'><strong>vel</strong></span> <span class='ocrx_word' id='word_1_719' title='bbox 1439 2569 1555 2606; x_wconf 81' lang='lat' dir='ltr'><strong>uxori</strong></span> <span class='ocrx_word' id='word_1_720' title='bbox 1573 2572 1640 2605; x_wconf 85' lang='lat' dir='ltr'><strong>aut</strong></span> <span class='ocrx_word' id='word_1_721' title='bbox 1657 2568 1751 2612; x_wconf 83' lang='lat' dir='ltr'><strong>viro,</strong></span> <span class='ocrx_word' id='word_1_722' title='bbox 1770 2569 1804 2604; x_wconf 87' lang='lat' dir='ltr'><strong>si</strong></span> <span class='ocrx_word' id='word_1_723' title='bbox 1823 2569 1957 2604; x_wconf 82' lang='lat' dir='ltr'><strong>uxoris</strong></span> <span class='ocrx_word' id='word_1_724' title='bbox 1977 2572 2043 2604; x_wconf 80' lang='lat' dir='ltr'><strong>aut</strong></span> <span class='ocrx_word' id='word_1_725' title='bbox 2060 2569 2131 2605; x_wconf 83' lang='lat' dir='ltr'><strong>viri</strong></span> <span class='ocrx_word' id='word_1_726' title='bbox 2152 2576 2332 2617; x_wconf 80' lang='lat' dir='ltr'><strong>expressa</strong></span> <span class='ocrx_word' id='word_1_727' title='bbox 2349 2572 2483 2609; x_wconf 78' lang='lat' dir='ltr'><strong>montio</strong></span> 
     </span>
     <span class='ocr_line' id='line_1_67' title="bbox 247 2613 2482 2666; baseline 0 -12"><span class='ocrx_word' id='word_1_728' title='bbox 247 2620 354 2666; x_wconf 76' lang='lat' dir='ltr'><strong>facta</strong></span> <span class='ocrx_word' id='word_1_729' title='bbox 372 2618 431 2653; x_wconf 87' lang='lat' dir='ltr'><strong>sit.</strong></span> <span class='ocrx_word' id='word_1_730' title='bbox 478 2618 510 2653; x_wconf 84' lang='grc' dir='ltr'><em>Α</em></span> <span class='ocrx_word' id='word_1_731' title='bbox 525 2617 628 2664; x_wconf 83' lang='lat' dir='ltr'><strong>ioqui</strong></span> <span class='ocrx_word' id='word_1_732' title='bbox 647 2628 694 2653; x_wconf 87' lang='lat' dir='ltr'><strong>ne</strong></span> <span class='ocrx_word' id='word_1_733' title='bbox 719 2619 884 2652; x_wconf 82' lang='lat' dir='ltr'><strong>transeat</strong></span> <span class='ocrx_word' id='word_1_734' title='bbox 904 2615 955 2650; x_wconf 90' lang='lat' dir='ltr'><strong>ad</strong></span> <span class='ocrx_word' id='word_1_735' title='bbox 976 2615 1088 2650; x_wconf 86' lang='lat' dir='ltr'><strong>alium</strong></span> <span class='ocrx_word' id='word_1_736' title='bbox 1111 2626 1217 2662; x_wconf 87' lang='lat' dir='ltr'><strong>quem</strong></span> <span class='ocrx_word' id='word_1_737' title='bbox 1237 2614 1415 2658; x_wconf 81' lang='lat' dir='ltr'><strong>heredem,</strong></span> <span class='ocrx_word' id='word_1_738' title='bbox 1438 2613 1504 2651; x_wconf 87' lang='lat' dir='ltr'><strong>sed</strong></span> <span class='ocrx_word' id='word_1_739' title='bbox 1525 2613 1576 2650; x_wconf 88' lang='lat' dir='ltr'><strong>ad</strong></span> <span class='ocrx_word' id='word_1_740' title='bbox 1596 2613 1714 2649; x_wconf 86' lang='lat' dir='ltr'><strong>solam</strong></span> <span class='ocrx_word' id='word_1_741' title='bbox 1741 2624 1867 2650; x_wconf 87' lang='lat' dir='ltr'><strong>eorum</strong></span> <span class='ocrx_word' id='word_1_742' title='bbox 1893 2614 1960 2661; x_wconf 87' lang='lat' dir='ltr'><strong>qui</strong></span> <span class='ocrx_word' id='word_1_743' title='bbox 1985 2619 2205 2661; x_wconf 85' lang='lat' dir='ltr'><strong>acceperunt</strong></span> <span class='ocrx_word' id='word_1_744' title='bbox 2224 2616 2334 2652; x_wconf 86' lang='lat' dir='ltr'><strong>vitam</strong></span> <span class='ocrx_word' id='word_1_745' title='bbox 2357 2616 2482 2654; x_wconf 84' lang='lat' dir='ltr'><strong>limite-</strong></span> 
     </span>
     <span class='ocr_line' id='line_1_68' title="bbox 251 2658 2484 2708; baseline 0 -8"><span class='ocrx_word' id='word_1_746' title='bbox 251 2670 327 2707; x_wconf 88' lang='lat' dir='ltr'><strong>tur,</strong></span> <span class='ocrx_word' id='word_1_747' title='bbox 358 2664 391 2699; x_wconf 90' lang='lat' dir='ltr'><strong>si</strong></span> <span class='ocrx_word' id='word_1_748' title='bbox 417 2662 550 2699; x_wconf 83' lang='lat' dir='ltr'><strong>liberos</strong></span> <span class='ocrx_word' id='word_1_749' title='bbox 578 2666 644 2697; x_wconf 90' lang='lat' dir='ltr'><strong>aut</strong></span> <span class='ocrx_word' id='word_1_750' title='bbox 666 2665 816 2708; x_wconf 81' lang='lat' dir='ltr'><strong>nepotes</strong></span> <span class='ocrx_word' id='word_1_751' title='bbox 841 2671 918 2696; x_wconf 87' lang='lat' dir='ltr'><strong>non</strong></span> <span class='ocrx_word' id='word_1_752' title='bbox 942 2659 1109 2696; x_wconf 88' lang='lat' dir='ltr'><strong>habeant.</strong></span> <span class='ocrx_word' id='word_1_753' title='bbox 1157 2660 1242 2696; x_wconf 82' lang='lat' dir='ltr'><strong>Alia</strong></span> <span class='ocrx_word' id='word_1_754' title='bbox 1273 2671 1358 2697; x_wconf 88' lang='lat' dir='ltr'><strong>vero</strong></span> <span class='ocrx_word' id='word_1_755' title='bbox 1386 2659 1464 2696; x_wconf 84' lang='lat' dir='ltr'><strong>ulla</strong></span> <span class='ocrx_word' id='word_1_756' title='bbox 1491 2659 1638 2695; x_wconf 84' lang='lat' dir='ltr'><strong>ratione</strong></span> <span class='ocrx_word' id='word_1_757' title='bbox 1658 2658 1910 2706; x_wconf 77' lang='lat' dir='ltr'><strong>emphyteusin</strong></span> <span class='ocrx_word' id='word_1_758' title='bbox 1928 2659 2015 2705; x_wconf 79' lang='lat' dir='ltr'><strong>fieri</strong></span> <span class='ocrx_word' id='word_1_759' title='bbox 2036 2660 2093 2696; x_wconf 85' lang='lat' dir='ltr'><strong>rei</strong></span> <span class='ocrx_word' id='word_1_760' title='bbox 2117 2659 2384 2700; x_wconf 78' lang='lat' dir='ltr'><strong>ecclesiastieae</strong></span> <span class='ocrx_word' id='word_1_761' title='bbox 2407 2663 2484 2701; x_wconf 70' lang='lat' dir='ltr'><strong>sive</strong></span> 
     </span>
     <span class='ocr_line' id='line_1_69' title="bbox 243 2702 2484 2759; baseline -0 -13"><span class='ocrx_word' id='word_1_762' title='bbox 243 2708 440 2759; x_wconf 81' lang='lat' dir='ltr'><strong>ptochicae</strong></span> <span class='ocrx_word' id='word_1_763' title='bbox 468 2707 678 2750; x_wconf 87' lang='lat' dir='ltr'><strong>immobilis,</strong></span> <span class='ocrx_word' id='word_1_764' title='bbox 710 2706 767 2743; x_wconf 86' lang='lat' dir='ltr'><strong>vel</strong></span> <span class='ocrx_word' id='word_1_765' title='bbox 799 2705 972 2753; x_wconf 87' lang='lat' dir='ltr'><strong>mancipii</strong></span> <span class='ocrx_word' id='word_1_766' title='bbox 1002 2705 1132 2741; x_wconf 86' lang='lat' dir='ltr'><strong>rustici</strong></span> <span class='ocrx_word' id='word_1_767' title='bbox 1167 2705 1226 2742; x_wconf 81' lang='lat' dir='ltr'><strong>vel</strong></span> <span class='ocrx_word' id='word_1_768' title='bbox 1253 2705 1369 2741; x_wconf 82' lang='lat' dir='ltr'><strong>civilis</strong></span> <span class='ocrx_word' id='word_1_769' title='bbox 1401 2715 1571 2741; x_wconf 84' lang='lat' dir='ltr'><strong>annonae</strong></span> <span class='ocrx_word' id='word_1_770' title='bbox 1604 2702 1708 2740; x_wconf 83' lang='lat' dir='ltr'><strong>nullo</strong></span> <span class='ocrx_word' id='word_1_771' title='bbox 1738 2703 1847 2740; x_wconf 91' lang='lat' dir='ltr'><strong>modo</strong></span> <span class='ocrx_word' id='word_1_772' title='bbox 1873 2704 2134 2751; x_wconf 82' lang='lat' dir='ltr'><strong>permittimus,</strong></span> <span class='ocrx_word' id='word_1_773' title='bbox 2167 2715 2284 2752; x_wconf 81' lang='lat' dir='ltr'><strong>neque</strong></span> <span class='ocrx_word' id='word_1_774' title='bbox 2312 2706 2355 2743; x_wconf 87' lang='lat' dir='ltr'><strong>id</strong></span> <span class='ocrx_word' id='word_1_775' title='bbox 2385 2707 2484 2756; x_wconf 80' lang='lat' dir='ltr'><strong>quod</strong></span> 
     </span>
     <span class='ocr_line' id='line_1_70' title="bbox 249 2749 2485 2803; baseline -0 -11"><span class='ocrx_word' id='word_1_776' title='bbox 249 2758 271 2792; x_wconf 93' lang='lat'>1</span> <span class='ocrx_word' id='word_1_777' title='bbox 345 2758 359 2790; x_wconf 88' lang='lat' dir='ltr'><strong>t</strong></span> <span class='ocrx_word' id='word_1_778' title='bbox 388 2753 501 2790; x_wconf 87' lang='lat' dir='ltr'><strong>ullam</strong></span> <span class='ocrx_word' id='word_1_779' title='bbox 537 2752 684 2788; x_wconf 88' lang='lat' dir='ltr'><strong>omnino</strong></span> <span class='ocrx_word' id='word_1_780' title='bbox 720 2752 790 2788; x_wconf 87' lang='lat' dir='ltr'><strong>vim</strong></span> <span class='ocrx_word' id='word_1_781' title='bbox 821 2751 955 2788; x_wconf 86' lang='lat' dir='ltr'><strong>habere</strong></span> <span class='ocrx_word' id='word_1_782' title='bbox 986 2751 1148 2787; x_wconf 87' lang='lat' dir='ltr'><strong>sinimus.</strong></span> <span class='ocrx_word' id='word_1_783' title='bbox 1263 2749 1444 2794; x_wconf 78' lang='lat' dir='ltr'><strong>Quoniam</strong></span> <span class='ocrx_word' id='word_1_784' title='bbox 1478 2761 1564 2787; x_wconf 87' lang='lat' dir='ltr'><strong>vero</strong></span> <span class='ocrx_word' id='word_1_785' title='bbox 1593 2749 1727 2786; x_wconf 83' lang='lat' dir='ltr'><strong>Leonis</strong></span> <span class='ocrx_word' id='word_1_786' title='bbox 1758 2749 1849 2803; x_wconf 86' lang='lat' dir='ltr'><strong>piae</strong></span> <span class='ocrx_word' id='word_1_787' title='bbox 1878 2750 1990 2786; x_wconf 84' lang='lat' dir='ltr'><strong>sortis</strong></span> <span class='ocrx_word' id='word_1_788' title='bbox 2020 2750 2230 2787; x_wconf 82' lang='lat' dir='ltr'><strong>constitutio</strong></span> <span class='ocrx_word' id='word_1_789' title='bbox 2261 2752 2408 2796; x_wconf 76' lang='lat' dir='ltr'><strong>sanxit,</strong></span> <span class='ocrx_word' id='word_1_790' title='bbox 2443 2757 2485 2790; x_wconf 82' lang='lat' dir='ltr'><strong>ut</strong></span> 
     </span>
     <span class='ocr_line' id='line_1_71' title="bbox 249 2794 2483 2846; baseline 0 -10"><span class='ocrx_word' id='word_1_791' title='bbox 249 2812 299 2837; x_wconf 85' lang='lat' dir='ltr'><strong>nu</strong></span> <span class='ocrx_word' id='word_1_792' title='bbox 315 2800 353 2835; x_wconf 88' lang='lat' dir='ltr'><strong>la</strong></span> <span class='ocrx_word' id='word_1_793' title='bbox 370 2798 520 2846; x_wconf 88' lang='lat' dir='ltr'><strong>penitus</strong></span> <span class='ocrx_word' id='word_1_794' title='bbox 539 2798 783 2833; x_wconf 84' lang='lat' dir='ltr'><strong>deminutione</strong></span> <span class='ocrx_word' id='word_1_795' title='bbox 800 2797 908 2844; x_wconf 82' lang='lat' dir='ltr'><strong>faeta</strong></span> <span class='ocrx_word' id='word_1_796' title='bbox 933 2807 994 2832; x_wconf 91' lang='lat' dir='ltr'><strong>res</strong></span> <span class='ocrx_word' id='word_1_797' title='bbox 1020 2796 1267 2833; x_wconf 85' lang='lat' dir='ltr'><strong>ecclesiastica</strong></span> <span class='ocrx_word' id='word_1_798' title='bbox 1293 2795 1412 2840; x_wconf 88' lang='lat' dir='ltr'><strong>detur,</strong></span> <span class='ocrx_word' id='word_1_799' title='bbox 1446 2806 1515 2832; x_wconf 86' lang='lat' dir='ltr'><strong>nos</strong></span> <span class='ocrx_word' id='word_1_800' title='bbox 1541 2805 1626 2832; x_wconf 85' lang='lat' dir='ltr'><strong>vero</strong></span> <span class='ocrx_word' id='word_1_801' title='bbox 1651 2795 1692 2830; x_wconf 86' lang='lat' dir='ltr'><strong>in</strong></span> <span class='ocrx_word' id='word_1_802' title='bbox 1717 2794 1793 2830; x_wconf 76' lang='lat' dir='ltr'><strong>alia</strong></span> <span class='ocrx_word' id='word_1_803' title='bbox 1818 2794 2076 2831; x_wconf 83' lang='lat' dir='ltr'><strong>constitutione</strong></span> <span class='ocrx_word' id='word_1_804' title='bbox 2098 2805 2123 2831; x_wconf 88' lang='lat' dir='ltr'><strong>a</strong></span> <span class='ocrx_word' id='word_1_805' title='bbox 2144 2794 2248 2832; x_wconf 84' lang='lat' dir='ltr'><strong>nobis</strong></span> <span class='ocrx_word' id='word_1_806' title='bbox 2273 2798 2483 2846; x_wconf 85' lang='lat' dir='ltr'><strong>conscripta</strong></span> 
     </span>
     <span class='ocr_line' id='line_1_72' title="bbox 249 2839 2482 2894; baseline -0.001 -12"><span class='ocrx_word' id='word_1_807' title='bbox 249 2850 292 2882; x_wconf 89' lang='lat' dir='ltr'><strong>ut</strong></span> <span class='ocrx_word' id='word_1_808' title='bbox 310 2848 419 2881; x_wconf 80' lang='lat' dir='ltr'><strong>sexta</strong></span> <span class='ocrx_word' id='word_1_809' title='bbox 438 2843 557 2879; x_wconf 89' lang='lat' dir='ltr'><strong>solum</strong></span> <span class='ocrx_word' id='word_1_810' title='bbox 573 2854 670 2890; x_wconf 89' lang='lat' dir='ltr'><strong>pars</strong></span> <span class='ocrx_word' id='word_1_811' title='bbox 688 2843 729 2878; x_wconf 90' lang='lat' dir='ltr'><strong>in</strong></span> <span class='ocrx_word' id='word_1_812' title='bbox 752 2841 1043 2894; x_wconf 68' lang='lat' dir='ltr'><strong>emphyteusibus</strong></span> <span class='ocrx_word' id='word_1_813' title='bbox 1066 2842 1277 2889; x_wconf 78' lang='lat' dir='ltr'><strong>excipiatur</strong></span> <span class='ocrx_word' id='word_1_814' title='bbox 1298 2841 1502 2884; x_wconf 78' lang='lat' dir='ltr'><strong>sanximus,</strong></span> <span class='ocrx_word' id='word_1_815' title='bbox 1531 2840 1638 2877; x_wconf 85' lang='lat' dir='ltr'><strong>talem</strong></span> <span class='ocrx_word' id='word_1_816' title='bbox 1661 2839 1823 2876; x_wconf 88' lang='lat' dir='ltr'><strong>ordinem</strong></span> <span class='ocrx_word' id='word_1_817' title='bbox 1845 2839 2038 2876; x_wconf 85' lang='lat' dir='ltr'><strong>statuimus</strong></span> <span class='ocrx_word' id='word_1_818' title='bbox 2060 2839 2314 2878; x_wconf 84' lang='lat' dir='ltr'><strong>deminutionis</strong></span> <span class='ocrx_word' id='word_1_819' title='bbox 2331 2843 2482 2887; x_wconf 78' lang='lat' dir='ltr'><strong>rationi,</strong></span> 
     </span>
     <span class='ocr_line' id='line_1_73' title="bbox 250 2885 2484 2935; baseline -0 -8"><span class='ocrx_word' id='word_1_820' title='bbox 250 2895 293 2927; x_wconf 84' lang='lat' dir='ltr'><strong>ut</strong></span> <span class='ocrx_word' id='word_1_821' title='bbox 314 2900 395 2926; x_wconf 88' lang='lat' dir='ltr'><strong>cum</strong></span> <span class='ocrx_word' id='word_1_822' title='bbox 418 2889 517 2925; x_wconf 88' lang='lat' dir='ltr'><strong>omni</strong></span> <span class='ocrx_word' id='word_1_823' title='bbox 544 2888 697 2925; x_wconf 85' lang='lat' dir='ltr'><strong>veritate</strong></span> <span class='ocrx_word' id='word_1_824' title='bbox 719 2892 757 2924; x_wconf 92' lang='lat' dir='ltr'><strong>et</strong></span> <span class='ocrx_word' id='word_1_825' title='bbox 777 2887 978 2924; x_wconf 78' lang='lat' dir='ltr'><strong>subtilitate</strong></span> <span class='ocrx_word' id='word_1_826' title='bbox 1000 2892 1202 2933; x_wconf 81' lang='lat' dir='ltr'><strong>quaeratur</strong></span> <span class='ocrx_word' id='word_1_827' title='bbox 1225 2897 1346 2923; x_wconf 91' lang='lat' dir='ltr'><strong>canon</strong></span> <span class='ocrx_word' id='word_1_828' title='bbox 1376 2897 1498 2923; x_wconf 86' lang='lat' dir='ltr'><strong>rerum</strong></span> <span class='ocrx_word' id='word_1_829' title='bbox 1521 2897 1616 2933; x_wconf 82' lang='lat' dir='ltr'><strong>quae</strong></span> <span class='ocrx_word' id='word_1_830' title='bbox 1639 2885 1776 2922; x_wconf 85' lang='lat' dir='ltr'><strong>dantur</strong></span> <span class='ocrx_word' id='word_1_831' title='bbox 1803 2889 1937 2928; x_wconf 85' lang='lat' dir='ltr'><strong>tantus,</strong></span> <span class='ocrx_word' id='word_1_832' title='bbox 1969 2890 2129 2932; x_wconf 83' lang='lat' dir='ltr'><strong>quantus</strong></span> <span class='ocrx_word' id='word_1_833' title='bbox 2153 2885 2198 2922; x_wconf 88' lang='lat' dir='ltr'><strong>ab</strong></span> <span class='ocrx_word' id='word_1_834' title='bbox 2222 2886 2327 2923; x_wconf 84' lang='lat' dir='ltr'><strong>initio</strong></span> <span class='ocrx_word' id='word_1_835' title='bbox 2347 2888 2427 2935; x_wconf 81' lang='lat' dir='ltr'><strong>suit</strong></span> <span class='ocrx_word' id='word_1_836' title='bbox 2447 2893 2484 2926; x_wconf 86' lang='lat' dir='ltr'><strong>et</strong></span> 
     </span>
     <span class='ocr_line' id='line_1_74' title="bbox 250 2930 2482 2980; baseline 0 -9"><span class='ocrx_word' id='word_1_837' title='bbox 250 2936 302 2973; x_wconf 83' lang='lat' dir='ltr'><strong>ad</strong></span> <span class='ocrx_word' id='word_1_838' title='bbox 322 2934 585 2972; x_wconf 84' lang='lat' dir='ltr'><strong>sanctissimam</strong></span> <span class='ocrx_word' id='word_1_839' title='bbox 608 2933 794 2969; x_wconf 85' lang='lat' dir='ltr'><strong>ecelesiam</strong></span> <span class='ocrx_word' id='word_1_840' title='bbox 817 2932 944 2976; x_wconf 86' lang='lat' dir='ltr'><strong>rediit,</strong></span> <span class='ocrx_word' id='word_1_841' title='bbox 975 2937 1013 2969; x_wconf 85' lang='lat' dir='ltr'><strong>et</strong></span> <span class='ocrx_word' id='word_1_842' title='bbox 1033 2932 1140 2969; x_wconf 86' lang='lat' dir='ltr'><strong>detur</strong></span> <span class='ocrx_word' id='word_1_843' title='bbox 1162 2931 1407 2980; x_wconf 75' lang='lat' dir='ltr'><strong>emphyteusis</strong></span> <span class='ocrx_word' id='word_1_844' title='bbox 1439 2931 1571 2968; x_wconf 85' lang='lat' dir='ltr'><strong>talibus</strong></span> <span class='ocrx_word' id='word_1_845' title='bbox 1590 2931 1771 2978; x_wconf 85' lang='lat' dir='ltr'><strong>personis,</strong></span> <span class='ocrx_word' id='word_1_846' title='bbox 1802 2930 1929 2978; x_wconf 80' lang='lat' dir='ltr'><strong>quales</strong></span> <span class='ocrx_word' id='word_1_847' title='bbox 1951 2935 2038 2967; x_wconf 88' lang='lat' dir='ltr'><strong>ante</strong></span> <span class='ocrx_word' id='word_1_848' title='bbox 2066 2930 2250 2975; x_wconf 78' lang='lat' dir='ltr'><strong>diaeimus;</strong></span> <span class='ocrx_word' id='word_1_849' title='bbox 2284 2936 2358 2969; x_wconf 86' lang='lat' dir='ltr'><strong>tum</strong></span> <span class='ocrx_word' id='word_1_850' title='bbox 2387 2935 2482 2971; x_wconf 84' lang='lat' dir='ltr'><strong>enim</strong></span> 
     </span>
    </p>
   </div>
   <div class='ocr_carea' id='block_1_19' title="bbox 251 3020 1336 3700">
    <p class='ocr_par' dir='ltr' id='par_1_21' title="bbox 251 3020 1336 3700">
     <span class='ocr_line' id='line_1_75' title="bbox 299 3020 1331 3074; baseline -0.008 -9"><span class='ocrx_word' id='word_1_851' title='bbox 299 3032 315 3065; x_wconf 91' lang='lat'>1</span> <span class='ocrx_word' id='word_1_852' title='bbox 353 3025 375 3071; x_wconf 86' lang='grc' dir='ltr'>ἢ</span> <span class='ocrx_word' id='word_1_853' title='bbox 400 3025 539 3074; x_wconf 81' lang='grc' dir='ltr'><strong><em>δωρεὰν</em></strong></span> <span class='ocrx_word' id='word_1_854' title='bbox 562 3023 584 3069; x_wconf 84' lang='grc' dir='ltr'><em>ἢ</em></span> <span class='ocrx_word' id='word_1_855' title='bbox 607 3023 667 3070; x_wconf 83' lang='grc' dir='ltr'><strong>άμ.</strong></span> <span class='ocrx_word' id='word_1_856' title='bbox 691 3022 714 3067; x_wconf 84' lang='grc' dir='ltr'><em>ἢ</em></span> <span class='ocrx_word' id='word_1_857' title='bbox 743 3026 825 3070; x_wconf 83' lang='grc' dir='ltr'><strong><em>ἐμφ.</em></strong></span> <span class='ocrx_word' id='word_1_858' title='bbox 850 3026 882 3059; x_wconf 97' lang='lat' dir='ltr'><strong><em>A</em></strong></span> <span class='ocrx_word' id='word_1_859' title='bbox 909 3025 921 3069; x_wconf 95' lang='grc'><strong>11</strong></span> <span class='ocrx_word' id='word_1_860' title='bbox 951 3026 971 3058; x_wconf 88' lang='grc'><strong>2</strong></span> <span class='ocrx_word' id='word_1_861' title='bbox 1008 3022 1049 3058; x_wconf 81' lang='grc' dir='ltr'><strong>οὐ</strong></span> <span class='ocrx_word' id='word_1_862' title='bbox 1076 3024 1148 3068; x_wconf 85' lang='grc' dir='ltr'><strong>μὴν</strong></span> <span class='ocrx_word' id='word_1_863' title='bbox 1178 3021 1218 3057; x_wconf 79' lang='grc' dir='ltr'><strong>δὲ</strong></span> <span class='ocrx_word' id='word_1_864' title='bbox 1247 3020 1331 3057; x_wconf 80' lang='grc' dir='ltr'><strong><em>ἀλλ’</em></strong></span> 
     </span>
     <span class='ocr_line' id='line_1_76' title="bbox 251 3066 1335 3119; baseline -0.006 -10"><span class='ocrx_word' id='word_1_865' title='bbox 251 3073 336 3109; x_wconf 79' lang='grc' dir='ltr'><strong><em>οὔτε</em></strong></span> <span class='ocrx_word' id='word_1_866' title='bbox 358 3075 390 3108; x_wconf 90' lang='lat' dir='ltr'><strong><em>A</em></strong></span> <span class='ocrx_word' id='word_1_867' title='bbox 416 3074 429 3116; x_wconf 94' lang='grc'><strong>11</strong></span> <span class='ocrx_word' id='word_1_868' title='bbox 452 3076 471 3107; x_wconf 89' lang='grc'>3</span> <span class='ocrx_word' id='word_1_869' title='bbox 495 3074 690 3119; x_wconf 80' lang='grc' dir='ltr'><strong><em>γινομένην</em></strong></span> <span class='ocrx_word' id='word_1_870' title='bbox 712 3066 903 3118; x_wconf 84' lang='grc' dir='ltr'><strong><em>προφάσει]</em></strong></span> <span class='ocrx_word' id='word_1_871' title='bbox 933 3067 1190 3116; x_wconf 76' lang='grc' dir='ltr'><strong><em>προελθοῦσαν</em></strong></span> <span class='ocrx_word' id='word_1_872' title='bbox 1213 3070 1335 3103; x_wconf 79' lang='grc' dir='ltr'><strong><em>ἕνεκεν</em></strong></span> 
     </span>
     <span class='ocr_line' id='line_1_77' title="bbox 253 3111 1335 3165; baseline -0.008 -10"><span class='ocrx_word' id='word_1_873' title='bbox 253 3124 283 3155; x_wconf 89' lang='grc' dir='ltr'><em>Λ</em></span> <span class='ocrx_word' id='word_1_874' title='bbox 299 3121 312 3165; x_wconf 90' lang='grc'><strong>11</strong></span> <span class='ocrx_word' id='word_1_875' title='bbox 330 3122 352 3154; x_wconf 82' lang='grc'><strong>4</strong></span> <span class='ocrx_word' id='word_1_876' title='bbox 375 3121 436 3152; x_wconf 83' lang='grc' dir='ltr'><strong>καὶ</strong></span> <span class='ocrx_word' id='word_1_877' title='bbox 458 3118 591 3152; x_wconf 74' lang='grc' dir='ltr'><strong><em>τοτ’·τον</em></strong></span> <span class='ocrx_word' id='word_1_878' title='bbox 613 3118 759 3163; x_wconf 84' lang='grc' dir='ltr'><strong><em>κρατεῖν</em></strong></span> <span class='ocrx_word' id='word_1_879' title='bbox 782 3114 880 3159; x_wconf 86' lang='grc' dir='ltr'><strong><em>βουλ.</em></strong></span> <span class='ocrx_word' id='word_1_880' title='bbox 904 3113 971 3149; x_wconf 86' lang='grc' dir='ltr'><strong>τὸν</strong></span> <span class='ocrx_word' id='word_1_881' title='bbox 993 3111 1104 3158; x_wconf 86' lang='grc' dir='ltr'><strong><em>νόμον</em></strong></span> <span class='ocrx_word' id='word_1_882' title='bbox 1127 3117 1187 3148; x_wconf 80' lang='grc' dir='ltr'><strong>καὶ</strong></span> <span class='ocrx_word' id='word_1_883' title='bbox 1210 3116 1274 3150; x_wconf 78' lang='grc' dir='ltr'><strong><em>ἐπί</em></strong></span> <span class='ocrx_word' id='word_1_884' title='bbox 1295 3126 1335 3148; x_wconf 86' lang='grc' dir='ltr'><strong>τε</strong></span> 
     </span>
     <span class='ocr_line' id='line_1_78' title="bbox 253 3156 1334 3217; baseline -0.006 -17"><span class='ocrx_word' id='word_1_885' title='bbox 253 3168 284 3200; x_wconf 93' lang='lat' dir='ltr'><strong><em>A</em></strong></span> <span class='ocrx_word' id='word_1_886' title='bbox 300 3168 312 3209; x_wconf 92' lang='grc'><strong>11</strong></span> <span class='ocrx_word' id='word_1_887' title='bbox 330 3168 350 3200; x_wconf 86' lang='grc'><strong>6</strong></span> <span class='ocrx_word' id='word_1_888' title='bbox 374 3165 602 3206; x_wconf 80' lang='grc' dir='ltr'><strong><em>νοσοκομείου</em></strong></span> <span class='ocrx_word' id='word_1_889' title='bbox 625 3163 685 3195; x_wconf 79' lang='grc' dir='ltr'><strong>καὶ</strong></span> <span class='ocrx_word' id='word_1_890' title='bbox 707 3163 950 3217; x_wconf 82' lang='grc' dir='ltr'><strong><em>μοναστηρίου</em></strong></span> <span class='ocrx_word' id='word_1_891' title='bbox 975 3160 1129 3201; x_wconf 81' lang='grc' dir='ltr'><strong><em>ξενῶνος</em></strong></span> <span class='ocrx_word' id='word_1_892' title='bbox 1146 3161 1178 3194; x_wconf 97' lang='lat' dir='ltr'><strong><em>A</em></strong></span> <span class='ocrx_word' id='word_1_893' title='bbox 1200 3159 1212 3204; x_wconf 95' lang='grc'><strong>11</strong></span> <span class='ocrx_word' id='word_1_894' title='bbox 1237 3162 1256 3195; x_wconf 90' lang='grc'>8</span> <span class='ocrx_word' id='word_1_895' title='bbox 1281 3156 1334 3193; x_wconf 74' lang='grc' dir='ltr'><strong>εὖ·</strong></span> 
     </span>
     <span class='ocr_line' id='line_1_79' title="bbox 254 3202 1335 3258; baseline -0.006 -14"><span class='ocrx_word' id='word_1_896' title='bbox 254 3213 394 3254; x_wconf 82' lang='grc' dir='ltr'><strong><em>σεβείας</em></strong></span> <span class='ocrx_word' id='word_1_897' title='bbox 416 3210 448 3243; x_wconf 89' lang='lat' dir='ltr'><strong><em>A</em></strong></span> <span class='ocrx_word' id='word_1_898' title='bbox 473 3209 486 3253; x_wconf 90' lang='grc'><strong>11</strong></span> <span class='ocrx_word' id='word_1_899' title='bbox 508 3211 556 3242; x_wconf 87' lang='grc'><strong>10.</strong></span> <span class='ocrx_word' id='word_1_900' title='bbox 584 3210 622 3242; x_wconf 90' lang='grc'><strong>11</strong></span> <span class='ocrx_word' id='word_1_901' title='bbox 649 3204 760 3240; x_wconf 77' lang='grc' dir='ltr'><strong><em>*ουδὲ</em></strong></span> <span class='ocrx_word' id='word_1_902' title='bbox 784 3226 826 3231; x_wconf 94' lang='grc'>-</span> <span class='ocrx_word' id='word_1_903' title='bbox 851 3203 935 3240; x_wconf 81' lang='grc' dir='ltr'><strong><em>ουδὲ</em></strong></span> <span class='ocrx_word' id='word_1_904' title='bbox 957 3207 1035 3239; x_wconf 84' lang='lat' dir='ltr'><strong>libri</strong></span> <span class='ocrx_word' id='word_1_905' title='bbox 1050 3205 1063 3249; x_wconf 89' lang='grc'><strong>11</strong></span> <span class='ocrx_word' id='word_1_906' title='bbox 1084 3208 1118 3240; x_wconf 89' lang='grc'><strong>11</strong></span> <span class='ocrx_word' id='word_1_907' title='bbox 1147 3202 1335 3258; x_wconf 47' lang='grc' dir='ltr'><strong><em>*δεήσειεν</em></strong></span> 
     </span>
     <span class='ocr_line' id='line_1_80' title="bbox 254 3247 1335 3299; baseline -0.003 -12"><span class='ocrx_word' id='word_1_908' title='bbox 254 3258 300 3290; x_wconf 64' lang='lat' dir='ltr'><strong>fl!</strong></span> <span class='ocrx_word' id='word_1_909' title='bbox 318 3253 550 3299; x_wconf 81' lang='grc' dir='ltr'><strong><em>δεήσοιενΑ11</em></strong></span> <span class='ocrx_word' id='word_1_910' title='bbox 571 3254 611 3288; x_wconf 81' lang='grc'><strong>12</strong></span> <span class='ocrx_word' id='word_1_911' title='bbox 635 3253 707 3293; x_wconf 81' lang='grc' dir='ltr'><strong><em>καὶ]</em></strong></span> <span class='ocrx_word' id='word_1_912' title='bbox 729 3265 787 3285; x_wconf 87' lang='lat' dir='ltr'><strong>om.</strong></span> <span class='ocrx_word' id='word_1_913' title='bbox 802 3264 822 3289; x_wconf 72' lang='grc' dir='ltr'><strong>ς</strong></span> <span class='ocrx_word' id='word_1_914' title='bbox 836 3251 849 3297; x_wconf 92' lang='grc'><strong>11</strong></span> <span class='ocrx_word' id='word_1_915' title='bbox 870 3254 911 3286; x_wconf 83' lang='lat'><strong>14</strong></span> <span class='ocrx_word' id='word_1_916' title='bbox 934 3247 999 3285; x_wconf 78' lang='grc' dir='ltr'><strong>οὔκ</strong></span> <span class='ocrx_word' id='word_1_917' title='bbox 1018 3247 1076 3292; x_wconf 75' lang='grc' dir='ltr'><strong>ἂν]</strong></span> <span class='ocrx_word' id='word_1_918' title='bbox 1099 3247 1183 3285; x_wconf 71' lang='grc' dir='ltr'><strong><em>οὐδὲ</em></strong></span> <span class='ocrx_word' id='word_1_919' title='bbox 1200 3250 1335 3293; x_wconf 79' lang='grc' dir='ltr'><strong><em>κανΔΙΙ</em></strong></span> 
     </span>
     <span class='ocr_line' id='line_1_81' title="bbox 261 3292 1335 3343; baseline -0.006 -9"><span class='ocrx_word' id='word_1_920' title='bbox 261 3305 296 3335; x_wconf 81' lang='lat'><strong>15</strong></span> <span class='ocrx_word' id='word_1_921' title='bbox 323 3299 540 3343; x_wconf 73' lang='grc' dir='ltr'><strong><em>δεηθείημεν</em></strong></span> <span class='ocrx_word' id='word_1_922' title='bbox 560 3298 623 3332; x_wconf 77' lang='grc' dir='ltr'><strong>τ”ς</strong></span> <span class='ocrx_word' id='word_1_923' title='bbox 642 3292 987 3343; x_wconf 85' lang='grc' dir='ltr'><strong><em>πολυπραγμοσύνης</em></strong></span> <span class='ocrx_word' id='word_1_924' title='bbox 1007 3298 1037 3330; x_wconf 91' lang='lat' dir='ltr'><strong><em>A</em></strong></span> <span class='ocrx_word' id='word_1_925' title='bbox 1055 3295 1068 3338; x_wconf 88' lang='grc'><strong>11</strong></span> <span class='ocrx_word' id='word_1_926' title='bbox 1089 3299 1127 3331; x_wconf 90' lang='lat'><strong>16</strong></span> <span class='ocrx_word' id='word_1_927' title='bbox 1151 3294 1335 3339; x_wconf 70' lang='grc' dir='ltr'><strong><em>ἐκκλησίας</em></strong></span> 
     </span>
     <span class='ocr_line' id='line_1_82' title="bbox 258 3339 1334 3390; baseline -0.002 -14"><span class='ocrx_word' id='word_1_928' title='bbox 258 3347 315 3386; x_wconf 82' lang='lat' dir='ltr'><strong>M]</strong></span> <span class='ocrx_word' id='word_1_929' title='bbox 345 3343 496 3390; x_wconf 85' lang='grc' dir='ltr'><strong><em>μεγάλης</em></strong></span> <span class='ocrx_word' id='word_1_930' title='bbox 519 3344 579 3377; x_wconf 82' lang='grc' dir='ltr'><strong>ἐκκ</strong></span> <span class='ocrx_word' id='word_1_931' title='bbox 600 3346 702 3386; x_wconf 85' lang='grc' dir='ltr'><strong><em>ησίας</em></strong></span> <span class='ocrx_word' id='word_1_932' title='bbox 722 3344 773 3378; x_wconf 82' lang='grc' dir='ltr'><strong>Ας</strong></span> <span class='ocrx_word' id='word_1_933' title='bbox 792 3342 803 3384; x_wconf 93' lang='grc'><strong>11</strong></span> <span class='ocrx_word' id='word_1_934' title='bbox 824 3345 860 3375; x_wconf 86' lang='grc'><strong>17</strong></span> <span class='ocrx_word' id='word_1_935' title='bbox 887 3341 958 3375; x_wconf 85' lang='grc' dir='ltr'><strong><em>εἴτε</em></strong></span> <span class='ocrx_word' id='word_1_936' title='bbox 982 3343 1042 3375; x_wconf 80' lang='grc' dir='ltr'><strong>καὶ</strong></span> <span class='ocrx_word' id='word_1_937' title='bbox 1066 3342 1126 3376; x_wconf 80' lang='grc' dir='ltr'><strong>ἐπὶ</strong></span> <span class='ocrx_word' id='word_1_938' title='bbox 1147 3343 1180 3376; x_wconf 88' lang='lat' dir='ltr'><strong><em>A</em></strong></span> <span class='ocrx_word' id='word_1_939' title='bbox 1202 3339 1215 3387; x_wconf 95' lang='grc'><strong>11</strong></span> <span class='ocrx_word' id='word_1_940' title='bbox 1238 3342 1334 3388; x_wconf 76' lang='grc' dir='ltr'><strong><em>γενέ-</em></strong></span> 
     </span>
     <span class='ocr_line' id='line_1_83' title="bbox 256 3384 1336 3444; baseline -0.003 -21"><span class='ocrx_word' id='word_1_941' title='bbox 256 3390 350 3423; x_wconf 66' lang='grc' dir='ltr'><strong><em>σθαι</em></strong></span> <span class='ocrx_word' id='word_1_942' title='bbox 374 3392 404 3422; x_wconf 84' lang='grc' dir='ltr'><strong><em>Α</em></strong></span> <span class='ocrx_word' id='word_1_943' title='bbox 433 3389 445 3433; x_wconf 91' lang='grc'><strong>11</strong></span> <span class='ocrx_word' id='word_1_944' title='bbox 474 3392 514 3424; x_wconf 87' lang='grc'><strong>18</strong></span> <span class='ocrx_word' id='word_1_945' title='bbox 547 3387 832 3444; x_wconf 80' lang='grc' dir='ltr'><strong><em>ἐκλαμβάνοντος</em></strong></span> <span class='ocrx_word' id='word_1_946' title='bbox 854 3387 886 3420; x_wconf 90' lang='lat' dir='ltr'><strong><em>A</em></strong></span> <span class='ocrx_word' id='word_1_947' title='bbox 913 3386 918 3430; x_wconf 92' lang='grc'><strong>1</strong></span> <span class='ocrx_word' id='word_1_948' title='bbox 956 3389 998 3421; x_wconf 82' lang='lat'><strong>20</strong></span> <span class='ocrx_word' id='word_1_949' title='bbox 1028 3384 1155 3431; x_wconf 87' lang='grc' dir='ltr'><strong><em>μόνων</em></strong></span> <span class='ocrx_word' id='word_1_950' title='bbox 1186 3399 1244 3421; x_wconf 91' lang='lat' dir='ltr'><strong>om.</strong></span> <span class='ocrx_word' id='word_1_951' title='bbox 1269 3388 1300 3420; x_wconf 86' lang='lat' dir='ltr'><strong><em>A</em></strong></span> <span class='ocrx_word' id='word_1_952' title='bbox 1323 3384 1336 3430; x_wconf 90' lang='grc'><strong>11</strong></span> 
     </span>
     <span class='ocr_line' id='line_1_84' title="bbox 257 3429 1334 3480; baseline -0.005 -11"><span class='ocrx_word' id='word_1_953' title='bbox 257 3438 295 3469; x_wconf 83' lang='lat'><strong>21</strong></span> <span class='ocrx_word' id='word_1_954' title='bbox 326 3431 484 3480; x_wconf 79' lang='grc' dir='ltr'><strong><em>ἐκγόνων</em></strong></span> <span class='ocrx_word' id='word_1_955' title='bbox 501 3436 531 3468; x_wconf 83' lang='grc' dir='ltr'><strong><em>Α</em></strong></span> <span class='ocrx_word' id='word_1_956' title='bbox 550 3430 600 3479; x_wconf 80' lang='grc' dir='ltr'><strong>11ἣ</strong></span> <span class='ocrx_word' id='word_1_957' title='bbox 622 3430 763 3479; x_wconf 82' lang='grc' dir='ltr'><strong><em>ανδρὸς]</em></strong></span> <span class='ocrx_word' id='word_1_958' title='bbox 787 3434 847 3466; x_wconf 88' lang='grc' dir='ltr'><strong>καὶ</strong></span> <span class='ocrx_word' id='word_1_959' title='bbox 867 3429 912 3465; x_wconf 83' lang='grc' dir='ltr'><strong>ἀν</strong></span> <span class='ocrx_word' id='word_1_960' title='bbox 937 3430 1036 3477; x_wconf 81' lang='grc' dir='ltr'><strong><em>ρὸςΑ</em></strong></span> <span class='ocrx_word' id='word_1_961' title='bbox 1051 3432 1064 3476; x_wconf 93' lang='grc'><strong>11</strong></span> <span class='ocrx_word' id='word_1_962' title='bbox 1083 3434 1126 3467; x_wconf 85' lang='grc'><strong>22</strong></span> <span class='ocrx_word' id='word_1_963' title='bbox 1147 3431 1208 3475; x_wconf 83' lang='grc' dir='ltr'><strong>τῆς</strong></span> <span class='ocrx_word' id='word_1_964' title='bbox 1228 3443 1334 3479; x_wconf 88' lang='grc' dir='ltr'><strong><em>γαμε-</em></strong></span> 
     </span>
     <span class='ocr_line' id='line_1_85' title="bbox 256 3474 1335 3523; baseline -0.002 -11"><span class='ocrx_word' id='word_1_965' title='bbox 256 3480 317 3522; x_wconf 77' lang='grc' dir='ltr'><strong>τῆς</strong></span> <span class='ocrx_word' id='word_1_966' title='bbox 334 3475 430 3521; x_wconf 82' lang='grc' dir='ltr'><strong><em>ἢτοῦ</em></strong></span> <span class='ocrx_word' id='word_1_967' title='bbox 447 3476 584 3523; x_wconf 79' lang='grc' dir='ltr'><strong><em>ἀνδρὸς]</em></strong></span> <span class='ocrx_word' id='word_1_968' title='bbox 604 3477 703 3523; x_wconf 83' lang='grc' dir='ltr'><strong><em>παρά</em></strong></span> <span class='ocrx_word' id='word_1_969' title='bbox 718 3487 815 3512; x_wconf 86' lang='grc' dir='ltr'><strong><em>τινος</em></strong></span> <span class='ocrx_word' id='word_1_970' title='bbox 827 3474 950 3511; x_wconf 68' lang='grc' dir='ltr'><strong><em>αὐτῶν</em></strong></span> <span class='ocrx_word' id='word_1_971' title='bbox 963 3478 1004 3519; x_wconf 85' lang='lat' dir='ltr'><strong><em>A,</em></strong></span> <span class='ocrx_word' id='word_1_972' title='bbox 1022 3478 1061 3511; x_wconf 88' lang='lat' dir='ltr'><strong>de</strong></span> <span class='ocrx_word' id='word_1_973' title='bbox 1073 3487 1180 3511; x_wconf 85' lang='lat' dir='ltr'><strong>uxore</strong></span> <span class='ocrx_word' id='word_1_974' title='bbox 1192 3479 1252 3511; x_wconf 86' lang='lat' dir='ltr'><strong>aut</strong></span> <span class='ocrx_word' id='word_1_975' title='bbox 1262 3477 1335 3510; x_wconf 81' lang='lat' dir='ltr'><strong>viro</strong></span> 
     </span>
     <span class='ocr_line' id='line_1_86' title="bbox 258 3519 1331 3568; baseline -0.001 -11"><span class='ocrx_word' id='word_1_976' title='bbox 258 3536 278 3561; x_wconf 78' lang='grc' dir='ltr'><strong>ς</strong></span> <span class='ocrx_word' id='word_1_977' title='bbox 293 3524 305 3568; x_wconf 92' lang='grc'><strong>11</strong></span> <span class='ocrx_word' id='word_1_978' title='bbox 325 3526 364 3557; x_wconf 78' lang='lat'><strong>27</strong></span> <span class='ocrx_word' id='word_1_979' title='bbox 379 3525 572 3564; x_wconf 81' lang='grc' dir='ltr'><strong><em>πτωχικοῦ]</em></strong></span> <span class='ocrx_word' id='word_1_980' title='bbox 589 3523 771 3566; x_wconf 78' lang='grc' dir='ltr'><strong><em>πτωχικοῦ</em></strong></span> <span class='ocrx_word' id='word_1_981' title='bbox 782 3520 919 3558; x_wconf 76' lang='grc' dir='ltr'><strong><em>τινὸςᾼ</em></strong></span> <span class='ocrx_word' id='word_1_982' title='bbox 954 3523 1086 3560; x_wconf 71' lang='lat' dir='ltr'><strong>tochiis&#39;</strong></span> <span class='ocrx_word' id='word_1_983' title='bbox 1101 3522 1115 3568; x_wconf 91' lang='grc'><strong>11</strong></span> <span class='ocrx_word' id='word_1_984' title='bbox 1132 3525 1175 3557; x_wconf 87' lang='grc'><strong>30</strong></span> <span class='ocrx_word' id='word_1_985' title='bbox 1190 3519 1313 3557; x_wconf 75' lang='grc' dir='ltr'><strong><em>Ἐπειδ</em></strong></span> <span class='ocrx_word' id='word_1_986' title='bbox 1322 3519 1331 3530; x_wconf 68' lang='grc'><em>“</em></span> 
     </span>
     <span class='ocr_line' id='line_1_87' title="bbox 259 3533 1315 3613; baseline 0 -11"><span class='ocrx_word' id='word_1_987' title='bbox 259 3566 298 3602; x_wconf 70' lang='grc' dir='ltr'><strong>δὲ</strong></span> <span class='ocrx_word' id='word_1_988' title='bbox 310 3563 420 3611; x_wconf 72' lang='grc' dir='ltr'><strong><em>ἡμὲν]</em></strong></span> <span class='ocrx_word' id='word_1_989' title='bbox 435 3565 499 3610; x_wconf 78' lang='grc' dir='ltr'><strong><em>ἤδη</em></strong></span> <span class='ocrx_word' id='word_1_990' title='bbox 514 3565 534 3609; x_wconf 80' lang='grc' dir='ltr'>ἡ</span> <span class='ocrx_word' id='word_1_991' title='bbox 548 3571 614 3610; x_wconf 83' lang='grc' dir='ltr'><strong>μὲν</strong></span> <span class='ocrx_word' id='word_1_992' title='bbox 622 3562 747 3613; x_wconf 73' lang='grc' dir='ltr'><strong><em>οὗνᾼ11</em></strong></span> <span class='ocrx_word' id='word_1_993' title='bbox 760 3570 803 3604; x_wconf 87' lang='grc'><strong>32</strong></span> <span class='ocrx_word' id='word_1_994' title='bbox 816 3533 1083 3613; x_wconf 45' lang='lat' dir='ltr'><strong>wambanem»</strong></span> <span class='ocrx_word' id='word_1_995' title='bbox 1090 3570 1174 3610; x_wconf 81' lang='grc' dir='ltr'><strong><em>τινί,</em></strong></span> <span class='ocrx_word' id='word_1_996' title='bbox 1182 3564 1315 3613; x_wconf 80' lang='grc' dir='ltr'><strong><em>ἢμεῖςΔ</em></strong></span> 
     </span>
     <span class='ocr_line' id='line_1_88' title="bbox 260 3609 1335 3658; baseline 0.001 -12"><span class='ocrx_word' id='word_1_997' title='bbox 260 3616 301 3648; x_wconf 76' lang='grc'><strong>33</strong></span> <span class='ocrx_word' id='word_1_998' title='bbox 322 3615 365 3657; x_wconf 85' lang='lat' dir='ltr'><strong>cs.</strong></span> <span class='ocrx_word' id='word_1_999' title='bbox 384 3614 429 3645; x_wconf 86' lang='lat' dir='ltr'><strong>ad</strong></span> <span class='ocrx_word' id='word_1_1000' title='bbox 442 3615 494 3651; x_wconf 82' lang='lat'><strong>51,</strong></span> <span class='ocrx_word' id='word_1_1001' title='bbox 511 3621 540 3646; x_wconf 72' lang='lat'><strong>14</strong></span> <span class='ocrx_word' id='word_1_1002' title='bbox 559 3611 572 3658; x_wconf 94' lang='grc'><strong>11</strong></span> <span class='ocrx_word' id='word_1_1003' title='bbox 591 3617 632 3648; x_wconf 80' lang='grc'><strong>35</strong></span> <span class='ocrx_word' id='word_1_1004' title='bbox 641 3627 688 3656; x_wconf 75' lang='lat' dir='ltr'><strong>sq.</strong></span> <span class='ocrx_word' id='word_1_1005' title='bbox 709 3611 868 3648; x_wconf 84' lang='grc' dir='ltr'><strong><em>διδόντες</em></strong></span> <span class='ocrx_word' id='word_1_1006' title='bbox 885 3612 1028 3658; x_wconf 77' lang='grc' dir='ltr'><strong><em>πρᾶξιν,</em></strong></span> <span class='ocrx_word' id='word_1_1007' title='bbox 1044 3609 1142 3647; x_wconf 78' lang='grc' dir='ltr'><strong><em>ὅπως</em></strong></span> <span class='ocrx_word' id='word_1_1008' title='bbox 1155 3613 1335 3655; x_wconf 74' lang='grc' dir='ltr'><strong><em>ζητοῖτοᾼ</em></strong></span> 
     </span>
     <span class='ocr_line' id='line_1_89' title="bbox 261 3655 1335 3700; baseline 0.003 -11"><span class='ocrx_word' id='word_1_1009' title='bbox 261 3660 302 3693; x_wconf 65' lang='grc'><strong>38</strong></span> <span class='ocrx_word' id='word_1_1010' title='bbox 320 3659 380 3691; x_wconf 77' lang='grc' dir='ltr'><strong>καὶ</strong></span> <span class='ocrx_word' id='word_1_1011' title='bbox 393 3657 452 3699; x_wconf 77' lang='grc' dir='ltr'><strong><em>εἰς]</em></strong></span> <span class='ocrx_word' id='word_1_1012' title='bbox 470 3657 518 3691; x_wconf 79' lang='grc' dir='ltr'><strong>εἰς</strong></span> <span class='ocrx_word' id='word_1_1013' title='bbox 530 3659 558 3690; x_wconf 90' lang='lat' dir='ltr'><strong><em>A</em></strong></span> <span class='ocrx_word' id='word_1_1014' title='bbox 579 3658 590 3698; x_wconf 92' lang='grc'><strong>11</strong></span> <span class='ocrx_word' id='word_1_1015' title='bbox 607 3656 731 3692; x_wconf 75' lang='grc' dir='ltr'><strong><em>ἐλθὼν</em></strong></span> <span class='ocrx_word' id='word_1_1016' title='bbox 742 3661 773 3693; x_wconf 85' lang='lat' dir='ltr'><strong><em>A</em></strong></span> <span class='ocrx_word' id='word_1_1017' title='bbox 788 3659 801 3699; x_wconf 87' lang='grc'><strong>11</strong></span> <span class='ocrx_word' id='word_1_1018' title='bbox 819 3660 862 3693; x_wconf 82' lang='grc'><strong>39</strong></span> <span class='ocrx_word' id='word_1_1019' title='bbox 884 3655 1031 3700; x_wconf 82' lang='grc' dir='ltr'><strong><em>διδοῖτο]</em></strong></span> <span class='ocrx_word' id='word_1_1020' title='bbox 1052 3655 1204 3692; x_wconf 60' lang='lat' dir='ltr'><strong>excitem</strong></span> <span class='ocrx_word' id='word_1_1021' title='bbox 1218 3660 1290 3697; x_wconf 78' lang='lat' dir='ltr'><strong>(sie)</strong></span> <span class='ocrx_word' id='word_1_1022' title='bbox 1303 3658 1335 3692; x_wconf 86' lang='lat' dir='ltr'><strong><em>A</em></strong></span> 
     </span>
    </p>
   </div>
   <div class='ocr_carea' id='block_1_20' title="bbox 312 3709 1337 3760">
    <p class='ocr_par' dir='ltr' id='par_1_22' title="bbox 312 3709 1337 3760">
     <span class='ocr_line' id='line_1_90' title="bbox 312 3709 1337 3760; baseline -0.006 -9"><span class='ocrx_word' id='word_1_1023' title='bbox 312 3721 322 3752; x_wconf 84' lang='lat'>1</span> <span class='ocrx_word' id='word_1_1024' title='bbox 348 3717 420 3750; x_wconf 84' lang='lat' dir='ltr'><strong>siue</strong></span> <span class='ocrx_word' id='word_1_1025' title='bbox 434 3715 744 3760; x_wconf 46' lang='lat' dir='ltr'><strong>per-emphyteosim</strong></span> <span class='ocrx_word' id='word_1_1026' title='bbox 758 3715 796 3749; x_wconf 91' lang='lat' dir='ltr'><em>V</em></span> <span class='ocrx_word' id='word_1_1027' title='bbox 807 3715 821 3760; x_wconf 79' lang='grc' dir='ltr'>Ι</span> <span class='ocrx_word' id='word_1_1028' title='bbox 836 3717 857 3749; x_wconf 87' lang='grc'><strong>2</strong></span> <span class='ocrx_word' id='word_1_1029' title='bbox 878 3714 1079 3758; x_wconf 69' lang='lat' dir='ltr'><strong>perpetuas?</strong></span> <span class='ocrx_word' id='word_1_1030' title='bbox 1104 3713 1239 3747; x_wconf 89' lang='lat' dir='ltr'><strong>omnino</strong></span> <span class='ocrx_word' id='word_1_1031' title='bbox 1251 3709 1303 3746; x_wconf 73' lang='lat'><strong>12¹</strong></span> <span class='ocrx_word' id='word_1_1032' title='bbox 1324 3710 1337 3755; x_wconf 89' lang='grc'><strong>11</strong></span> 
     </span>
    </p>
   </div>
   <div class='ocr_carea' id='block_1_21' title="bbox 1401 3022 2483 3746">
    <p class='ocr_par' dir='ltr' id='par_1_23' title="bbox 1401 3022 2483 3385">
     <span class='ocr_line' id='line_1_91' title="bbox 1404 3022 2481 3069; baseline 0.002 -12"><span class='ocrx_word' id='word_1_1033' title='bbox 1404 3026 1423 3058; x_wconf 88' lang='grc'>3</span> <span class='ocrx_word' id='word_1_1034' title='bbox 1448 3023 1660 3057; x_wconf 85' lang='lat' dir='ltr'><strong>donationem</strong></span> <span class='ocrx_word' id='word_1_1035' title='bbox 1683 3023 1717 3057; x_wconf 86' lang='lat' dir='ltr'><em>R</em></span> <span class='ocrx_word' id='word_1_1036' title='bbox 1745 3024 1818 3064; x_wconf 81' lang='lat' dir='ltr'><strong>(sed</strong></span> <span class='ocrx_word' id='word_1_1037' title='bbox 1838 3025 1880 3066; x_wconf 66' lang='lat' dir='ltr'><strong>cf:</strong></span> <span class='ocrx_word' id='word_1_1038' title='bbox 1905 3025 1953 3056; x_wconf 86' lang='lat' dir='ltr'><strong>ad</strong></span> <span class='ocrx_word' id='word_1_1039' title='bbox 1974 3024 2008 3063; x_wconf 89' lang='grc'><strong>4)</strong></span> <span class='ocrx_word' id='word_1_1040' title='bbox 2031 3022 2044 3068; x_wconf 93' lang='grc'><strong>11</strong></span> <span class='ocrx_word' id='word_1_1041' title='bbox 2069 3024 2106 3056; x_wconf 90' lang='lat' dir='ltr'><strong>in</strong></span> <span class='ocrx_word' id='word_1_1042' title='bbox 2130 3025 2178 3065; x_wconf 86' lang='lat' dir='ltr'><strong>re]</strong></span> <span class='ocrx_word' id='word_1_1043' title='bbox 2199 3024 2272 3057; x_wconf 88' lang='lat' dir='ltr'><strong>inre</strong></span> <span class='ocrx_word' id='word_1_1044' title='bbox 2294 3025 2328 3058; x_wconf 84' lang='lat' dir='ltr'><em>R</em></span> <span class='ocrx_word' id='word_1_1045' title='bbox 2345 3023 2359 3069; x_wconf 92' lang='grc'><strong>11</strong></span> <span class='ocrx_word' id='word_1_1046' title='bbox 2379 3026 2401 3059; x_wconf 83' lang='grc'>4</span> <span class='ocrx_word' id='word_1_1047' title='bbox 2426 3036 2481 3059; x_wconf 86' lang='lat' dir='ltr'><strong>oe·</strong></span> 
     </span>
     <span class='ocr_line' id='line_1_92' title="bbox 1402 3067 2483 3116; baseline 0.001 -14"><span class='ocrx_word' id='word_1_1048' title='bbox 1402 3070 1566 3102; x_wconf 83' lang='lat' dir='ltr'><strong>casionem</strong></span> <span class='ocrx_word' id='word_1_1049' title='bbox 1578 3067 1628 3102; x_wconf 82' lang='lat' dir='ltr'><strong>R¹</strong></span> <span class='ocrx_word' id='word_1_1050' title='bbox 1645 3069 1658 3112; x_wconf 93' lang='grc'><strong>11</strong></span> <span class='ocrx_word' id='word_1_1051' title='bbox 1675 3069 1704 3102; x_wconf 81' lang='lat' dir='ltr'><strong>si</strong></span> <span class='ocrx_word' id='word_1_1052' title='bbox 1727 3069 1847 3101; x_wconf 85' lang='lat' dir='ltr'><strong>minus.</strong></span> <span class='ocrx_word' id='word_1_1053' title='bbox 1883 3068 1947 3102; x_wconf 87' lang='lat' dir='ltr'><strong>Sed</strong></span> <span class='ocrx_word' id='word_1_1054' title='bbox 1970 3079 2078 3110; x_wconf 89' lang='lat' dir='ltr'><strong>neque</strong></span> <span class='ocrx_word' id='word_1_1055' title='bbox 2097 3068 2263 3102; x_wconf 83' lang='lat' dir='ltr'><strong>dationem</strong></span> <span class='ocrx_word' id='word_1_1056' title='bbox 2282 3071 2316 3102; x_wconf 89' lang='lat' dir='ltr'><strong>et</strong></span> <span class='ocrx_word' id='word_1_1057' title='bbox 2331 3070 2394 3102; x_wconf 91' lang='lat' dir='ltr'><strong>hoc</strong></span> <span class='ocrx_word' id='word_1_1058' title='bbox 2406 3069 2458 3104; x_wconf 80' lang='lat' dir='ltr'><strong>R¹</strong></span> <span class='ocrx_word' id='word_1_1059' title='bbox 2469 3069 2483 3116; x_wconf 93' lang='grc'><strong>11</strong></span> 
     </span>
     <span class='ocr_line' id='line_1_93' title="bbox 1404 3113 2478 3158; baseline 0 -10"><span class='ocrx_word' id='word_1_1060' title='bbox 1404 3117 1424 3149; x_wconf 88' lang='grc'><strong>6</strong></span> <span class='ocrx_word' id='word_1_1061' title='bbox 1448 3115 1660 3148; x_wconf 85' lang='lat' dir='ltr'><strong>nosochomio</strong></span> <span class='ocrx_word' id='word_1_1062' title='bbox 1689 3113 1906 3148; x_wconf 79' lang='lat' dir='ltr'><strong>scenodoehio</strong></span> <span class='ocrx_word' id='word_1_1063' title='bbox 1930 3113 1967 3148; x_wconf 89' lang='lat' dir='ltr'><em>V</em></span> <span class='ocrx_word' id='word_1_1064' title='bbox 1988 3113 2000 3158; x_wconf 95' lang='grc'><strong>11</strong></span> <span class='ocrx_word' id='word_1_1065' title='bbox 2031 3114 2274 3157; x_wconf 86' lang='lat' dir='ltr'><strong>bephotrophio</strong></span> <span class='ocrx_word' id='word_1_1066' title='bbox 2298 3115 2332 3148; x_wconf 82' lang='lat' dir='ltr'><strong><em>R</em></strong></span> <span class='ocrx_word' id='word_1_1067' title='bbox 2357 3115 2478 3158; x_wconf 76' lang='lat' dir='ltr'><strong>bopho-</strong></span> 
     </span>
     <span class='ocr_line' id='line_1_94' title="bbox 1402 3158 2479 3203; baseline 0.002 -11"><span class='ocrx_word' id='word_1_1068' title='bbox 1402 3160 1537 3203; x_wconf 89' lang='lat' dir='ltr'><strong>trophio</strong></span> <span class='ocrx_word' id='word_1_1069' title='bbox 1560 3160 1595 3194; x_wconf 88' lang='lat' dir='ltr'><em>R</em></span> <span class='ocrx_word' id='word_1_1070' title='bbox 1614 3159 1862 3202; x_wconf 81' lang='lat' dir='ltr'><strong>bephrotropho</strong></span> <span class='ocrx_word' id='word_1_1071' title='bbox 1886 3158 1924 3193; x_wconf 90' lang='lat' dir='ltr'><em>V</em></span> <span class='ocrx_word' id='word_1_1072' title='bbox 1943 3158 1957 3202; x_wconf 95' lang='grc'><strong>11</strong></span> <span class='ocrx_word' id='word_1_1073' title='bbox 1981 3159 2131 3192; x_wconf 81' lang='lat' dir='ltr'><strong>asisterio</strong></span> <span class='ocrx_word' id='word_1_1074' title='bbox 2153 3159 2258 3193; x_wconf 87' lang='lat' dir='ltr'><strong>RVT</strong></span> <span class='ocrx_word' id='word_1_1075' title='bbox 2281 3159 2295 3202; x_wconf 93' lang='grc'><strong>11</strong></span> <span class='ocrx_word' id='word_1_1076' title='bbox 2317 3161 2336 3192; x_wconf 87' lang='grc'><strong>7</strong></span> <span class='ocrx_word' id='word_1_1077' title='bbox 2360 3167 2479 3202; x_wconf 81' lang='lat' dir='ltr'><strong>geron-</strong></span> 
     </span>
     <span class='ocr_line' id='line_1_95' title="bbox 1402 3202 2480 3249; baseline 0.001 -11"><span class='ocrx_word' id='word_1_1078' title='bbox 1402 3206 1496 3239; x_wconf 89' lang='lat' dir='ltr'><strong>tonio</strong></span> <span class='ocrx_word' id='word_1_1079' title='bbox 1516 3207 1549 3238; x_wconf 88' lang='lat' dir='ltr'><strong>et</strong></span> <span class='ocrx_word' id='word_1_1080' title='bbox 1567 3205 1703 3238; x_wconf 88' lang='lat' dir='ltr'><strong>omnino</strong></span> <span class='ocrx_word' id='word_1_1081' title='bbox 1727 3204 1832 3246; x_wconf 89' lang='lat' dir='ltr'><strong>(omni</strong></span> <span class='ocrx_word' id='word_1_1082' title='bbox 1851 3204 1948 3245; x_wconf 80' lang='lat' dir='ltr'><strong>corr.)</strong></span> <span class='ocrx_word' id='word_1_1083' title='bbox 1969 3204 2110 3238; x_wconf 83' lang='lat' dir='ltr'><strong>alsolute</strong></span> <span class='ocrx_word' id='word_1_1084' title='bbox 2133 3204 2168 3238; x_wconf 83' lang='lat' dir='ltr'><strong><em>R</em></strong></span> <span class='ocrx_word' id='word_1_1085' title='bbox 2195 3202 2209 3249; x_wconf 94' lang='grc'><strong>11</strong></span> <span class='ocrx_word' id='word_1_1086' title='bbox 2239 3207 2276 3239; x_wconf 91' lang='grc'><strong>11</strong></span> <span class='ocrx_word' id='word_1_1087' title='bbox 2309 3204 2480 3239; x_wconf 72' lang='lat' dir='ltr'><strong>*faciendi</strong></span> 
     </span>
     <span class='ocr_line' id='line_1_96' title="bbox 1403 3249 2478 3294; baseline 0.001 -11"><span class='ocrx_word' id='word_1_1088' title='bbox 1403 3250 1526 3283; x_wconf 84' lang='lat' dir='ltr'><strong>decreti</strong></span> <span class='ocrx_word' id='word_1_1089' title='bbox 1544 3249 1618 3284; x_wconf 87' lang='lat' dir='ltr'><strong>RV</strong></span> <span class='ocrx_word' id='word_1_1090' title='bbox 1634 3250 1787 3283; x_wconf 85' lang='lat' dir='ltr'><strong>facienda</strong></span> <span class='ocrx_word' id='word_1_1091' title='bbox 1809 3249 1940 3284; x_wconf 78' lang='lat' dir='ltr'><strong>decreta</strong></span> <span class='ocrx_word' id='word_1_1092' title='bbox 1959 3251 2044 3294; x_wconf 80' lang='lat' dir='ltr'><strong>vulq.</strong></span> <span class='ocrx_word' id='word_1_1093' title='bbox 2063 3249 2076 3294; x_wconf 87' lang='grc'><strong>11</strong></span> <span class='ocrx_word' id='word_1_1094' title='bbox 2095 3251 2134 3285; x_wconf 87' lang='grc'><strong>12</strong></span> <span class='ocrx_word' id='word_1_1095' title='bbox 2158 3250 2208 3284; x_wconf 86' lang='lat' dir='ltr'><strong>rei</strong></span> <span class='ocrx_word' id='word_1_1096' title='bbox 2231 3262 2289 3284; x_wconf 82' lang='lat' dir='ltr'><strong>om.</strong></span> <span class='ocrx_word' id='word_1_1097' title='bbox 2315 3249 2354 3284; x_wconf 89' lang='lat' dir='ltr'><em>V</em></span> <span class='ocrx_word' id='word_1_1098' title='bbox 2359 3249 2374 3293; x_wconf 74' lang='lat' dir='ltr'>ss</span> <span class='ocrx_word' id='word_1_1099' title='bbox 2390 3250 2478 3293; x_wconf 80' lang='lat' dir='ltr'><strong>peri-</strong></span> 
     </span>
     <span class='ocr_line' id='line_1_97' title="bbox 1402 3291 2478 3361; baseline -0.002 -32"><span class='ocrx_word' id='word_1_1100' title='bbox 1402 3298 1530 3329; x_wconf 74' lang='lat' dir='ltr'><strong>ment-s</strong></span> <span class='ocrx_word' id='word_1_1101' title='bbox 1554 3294 1593 3329; x_wconf 93' lang='lat' dir='ltr'><em>V</em></span> <span class='ocrx_word' id='word_1_1102' title='bbox 1596 3291 1609 3313; x_wconf 88' lang='lat'>¹</span> <span class='ocrx_word' id='word_1_1103' title='bbox 1637 3293 1650 3338; x_wconf 94' lang='grc'><strong>11</strong></span> <span class='ocrx_word' id='word_1_1104' title='bbox 1676 3298 1710 3328; x_wconf 92' lang='lat' dir='ltr'><strong>et</strong></span> <span class='ocrx_word' id='word_1_1105' title='bbox 1742 3294 1954 3338; x_wconf 82' lang='lat' dir='ltr'><strong>prohibentes</strong></span> <span class='ocrx_word' id='word_1_1106' title='bbox 1984 3307 2043 3329; x_wconf 88' lang='lat' dir='ltr'><strong>om.</strong></span> <span class='ocrx_word' id='word_1_1107' title='bbox 2067 3295 2102 3328; x_wconf 80' lang='lat' dir='ltr'><em>R</em></span> <span class='ocrx_word' id='word_1_1108' title='bbox 2132 3294 2145 3338; x_wconf 93' lang='grc'><strong>11</strong></span> <span class='ocrx_word' id='word_1_1109' title='bbox 2174 3295 2215 3329; x_wconf 89' lang='grc'><strong>13</strong></span> <span class='ocrx_word' id='word_1_1110' title='bbox 2247 3294 2299 3336; x_wconf 79' lang='lat' dir='ltr'><strong>fit]</strong></span> <span class='ocrx_word' id='word_1_1111' title='bbox 2334 3294 2378 3327; x_wconf 83' lang='lat' dir='ltr'><strong>sit</strong></span> <span class='ocrx_word' id='word_1_1112' title='bbox 2409 3294 2478 3361; x_wconf 61' lang='lat' dir='ltr'><strong>Ru</strong></span> 
     </span>
     <span class='ocr_line' id='line_1_98' title="bbox 1401 3339 2459 3385; baseline 0 -11"><span class='ocrx_word' id='word_1_1113' title='bbox 1401 3340 1646 3384; x_wconf 73' lang='lat' dir='ltr'><strong>permutatione</strong></span> <span class='ocrx_word' id='word_1_1114' title='bbox 1673 3340 1708 3375; x_wconf 83' lang='lat' dir='ltr'><em>R</em></span> <span class='ocrx_word' id='word_1_1115' title='bbox 1733 3339 1746 3385; x_wconf 94' lang='grc'><strong>11</strong></span> <span class='ocrx_word' id='word_1_1116' title='bbox 1779 3343 1821 3375; x_wconf 86' lang='grc'><strong>14</strong></span> <span class='ocrx_word' id='word_1_1117' title='bbox 1852 3339 2087 3382; x_wconf 83' lang='lat' dir='ltr'><strong>indigebimus]</strong></span> <span class='ocrx_word' id='word_1_1118' title='bbox 2130 3339 2245 3381; x_wconf 81' lang='lat' dir='ltr'><strong>indige</strong></span> <span class='ocrx_word' id='word_1_1119' title='bbox 2283 3339 2391 3382; x_wconf 73' lang='lat' dir='ltr'><strong>suppl.</strong></span> <span class='ocrx_word' id='word_1_1120' title='bbox 2420 3339 2459 3374; x_wconf 87' lang='lat' dir='ltr'><em>V</em></span> 
     </span>
    </p>

    <p class='ocr_par' dir='ltr' id='par_1_24' title="bbox 1401 3384 2476 3746">
     <span class='ocr_line' id='line_1_99' title="bbox 1403 3384 2476 3430; baseline -0.005 -9"><span class='ocrx_word' id='word_1_1121' title='bbox 1403 3389 1436 3421; x_wconf 85' lang='lat' dir='ltr'><strong>in</strong></span> <span class='ocrx_word' id='word_1_1122' title='bbox 1467 3393 1551 3430; x_wconf 73' lang='lat' dir='ltr'><strong>spat.</strong></span> <span class='ocrx_word' id='word_1_1123' title='bbox 1587 3397 1657 3419; x_wconf 80' lang='lat' dir='ltr'><strong>vac.</strong></span> <span class='ocrx_word' id='word_1_1124' title='bbox 1684 3384 1697 3430; x_wconf 94' lang='grc'><strong>11</strong></span> <span class='ocrx_word' id='word_1_1125' title='bbox 1732 3387 1771 3420; x_wconf 87' lang='grc'><strong>16</strong></span> <span class='ocrx_word' id='word_1_1126' title='bbox 1806 3387 1896 3421; x_wconf 79' lang='lat' dir='ltr'><strong>rubr.</strong></span> <span class='ocrx_word' id='word_1_1127' title='bbox 1936 3385 1986 3419; x_wconf 88' lang='lat' dir='ltr'><strong>De</strong></span> <span class='ocrx_word' id='word_1_1128' title='bbox 2019 3384 2223 3428; x_wconf 82' lang='lat' dir='ltr'><strong>enphiteosis</strong></span> <span class='ocrx_word' id='word_1_1129' title='bbox 2252 3385 2426 3417; x_wconf 75' lang='lat' dir='ltr'><strong>contractu</strong></span> <span class='ocrx_word' id='word_1_1130' title='bbox 2456 3394 2476 3416; x_wconf 77' lang='lat' dir='ltr'><strong>a</strong></span> 
     </span>
     <span class='ocr_line' id='line_1_100' title="bbox 1402 3428 2475 3472; baseline -0.003 -8"><span class='ocrx_word' id='word_1_1131' title='bbox 1402 3433 1515 3465; x_wconf 83' lang='lat' dir='ltr'><strong>sancto</strong></span> <span class='ocrx_word' id='word_1_1132' title='bbox 1534 3430 1608 3464; x_wconf 83' lang='lat'><strong>1000</strong></span> <span class='ocrx_word' id='word_1_1133' title='bbox 1629 3430 1871 3464; x_wconf 83' lang='lat' dir='ltr'><strong>constituendo.</strong></span> <span class='ocrx_word' id='word_1_1134' title='bbox 1905 3432 1939 3464; x_wconf 85' lang='lat' dir='ltr'><strong>et</strong></span> <span class='ocrx_word' id='word_1_1135' title='bbox 1955 3429 2118 3472; x_wconf 84' lang='lat' dir='ltr'><strong>quomodo</strong></span> <span class='ocrx_word' id='word_1_1136' title='bbox 2134 3428 2342 3463; x_wconf 75' lang='lat' dir='ltr'><strong>ususfructus</strong></span> <span class='ocrx_word' id='word_1_1137' title='bbox 2363 3438 2475 3461; x_wconf 84' lang='lat' dir='ltr'><strong>rerum</strong></span> 
     </span>
     <span class='ocr_line' id='line_1_101' title="bbox 1402 3472 2475 3521; baseline -0.004 -11"><span class='ocrx_word' id='word_1_1138' title='bbox 1402 3477 1445 3510; x_wconf 89' lang='lat' dir='ltr'><strong>ad</strong></span> <span class='ocrx_word' id='word_1_1139' title='bbox 1476 3478 1627 3510; x_wconf 78' lang='lat' dir='ltr'><strong>sanetum</strong></span> <span class='ocrx_word' id='word_1_1140' title='bbox 1662 3475 1772 3510; x_wconf 85' lang='lat' dir='ltr'><strong>locum</strong></span> <span class='ocrx_word' id='word_1_1141' title='bbox 1800 3475 2039 3519; x_wconf 84' lang='lat' dir='ltr'><strong>pertinentium</strong></span> <span class='ocrx_word' id='word_1_1142' title='bbox 2069 3474 2315 3508; x_wconf 72' lang='lat' dir='ltr'><strong>constituantur</strong></span> <span class='ocrx_word' id='word_1_1143' title='bbox 2336 3472 2475 3521; x_wconf 82' lang='grc' dir='ltr'><strong>Β(Τ)11</strong></span> 
     </span>
     <span class='ocr_line' id='line_1_102' title="bbox 1405 3517 2474 3565; baseline -0.005 -9"><span class='ocrx_word' id='word_1_1144' title='bbox 1405 3523 1444 3557; x_wconf 81' lang='lat'><strong>1&#39;1</strong></span> <span class='ocrx_word' id='word_1_1145' title='bbox 1469 3520 1608 3554; x_wconf 81' lang='lat' dir='ltr'><strong>ecclesia</strong></span> <span class='ocrx_word' id='word_1_1146' title='bbox 1628 3533 1686 3554; x_wconf 87' lang='lat' dir='ltr'><strong>om.</strong></span> <span class='ocrx_word' id='word_1_1147' title='bbox 1708 3522 1744 3555; x_wconf 90' lang='lat' dir='ltr'><em>R</em></span> <span class='ocrx_word' id='word_1_1148' title='bbox 1760 3519 1773 3565; x_wconf 92' lang='grc'><strong>11</strong></span> <span class='ocrx_word' id='word_1_1149' title='bbox 1791 3522 1832 3555; x_wconf 86' lang='grc'><strong>19</strong></span> <span class='ocrx_word' id='word_1_1150' title='bbox 1855 3523 1976 3563; x_wconf 82' lang='lat' dir='ltr'><strong>tamen]</strong></span> <span class='ocrx_word' id='word_1_1151' title='bbox 1999 3523 2127 3555; x_wconf 77' lang='lat' dir='ltr'><strong>tantum</strong></span> <span class='ocrx_word' id='word_1_1152' title='bbox 2146 3518 2198 3552; x_wconf 79' lang='lat' dir='ltr'><strong>R·</strong></span> <span class='ocrx_word' id='word_1_1153' title='bbox 2219 3531 2244 3552; x_wconf 80' lang='lat' dir='ltr'><strong>s.</strong></span> <span class='ocrx_word' id='word_1_1154' title='bbox 2259 3531 2299 3557; x_wconf 72' lang='lat' dir='ltr'><strong>v„</strong></span> <span class='ocrx_word' id='word_1_1155' title='bbox 2320 3530 2380 3552; x_wconf 75' lang='lat' dir='ltr'><strong>om.</strong></span> <span class='ocrx_word' id='word_1_1156' title='bbox 2392 3517 2442 3551; x_wconf 59' lang='grc' dir='ltr'><strong>Β*</strong></span> <span class='ocrx_word' id='word_1_1157' title='bbox 2462 3523 2474 3560; x_wconf 76' lang='lat' dir='ltr'>u</span> 
     </span>
     <span class='ocr_line' id='line_1_103' title="bbox 1402 3561 2474 3611; baseline -0.007 -9"><span class='ocrx_word' id='word_1_1158' title='bbox 1402 3568 1446 3602; x_wconf 86' lang='lat'><strong>24</strong></span> <span class='ocrx_word' id='word_1_1159' title='bbox 1468 3569 1591 3599; x_wconf 72' lang='lat' dir='ltr'><strong>statum</strong></span> <span class='ocrx_word' id='word_1_1160' title='bbox 1614 3565 1665 3599; x_wconf 63' lang='lat'><strong>13¹</strong></span> <span class='ocrx_word' id='word_1_1161' title='bbox 1685 3565 1699 3611; x_wconf 93' lang='grc'><strong>11</strong></span> <span class='ocrx_word' id='word_1_1162' title='bbox 1722 3567 1765 3600; x_wconf 80' lang='lat'><strong>25</strong></span> <span class='ocrx_word' id='word_1_1163' title='bbox 1788 3566 1944 3600; x_wconf 81' lang='lat' dir='ltr'><strong>habuerit</strong></span> <span class='ocrx_word' id='word_1_1164' title='bbox 1966 3566 2035 3600; x_wconf 89' lang='lat' dir='ltr'><strong>VT</strong></span> <span class='ocrx_word' id='word_1_1165' title='bbox 2052 3563 2124 3609; x_wconf 82' lang='grc'><strong>11-26</strong></span> <span class='ocrx_word' id='word_1_1166' title='bbox 2143 3562 2276 3597; x_wconf 75' lang='lat' dir='ltr'><strong>eusdem</strong></span> <span class='ocrx_word' id='word_1_1167' title='bbox 2299 3562 2339 3596; x_wconf 88' lang='lat' dir='ltr'><em>V</em></span> <span class='ocrx_word' id='word_1_1168' title='bbox 2348 3561 2363 3606; x_wconf 84' lang='grc' dir='ltr'>Ι</span> <span class='ocrx_word' id='word_1_1169' title='bbox 2377 3563 2418 3596; x_wconf 84' lang='grc'><strong>27</strong></span> <span class='ocrx_word' id='word_1_1170' title='bbox 2438 3567 2474 3596; x_wconf 88' lang='lat' dir='ltr'><strong>et</strong></span> 
     </span>
     <span class='ocr_line' id='line_1_104' title="bbox 1401 3606 2471 3655; baseline -0.006 -10"><span class='ocrx_word' id='word_1_1171' title='bbox 1401 3610 1524 3652; x_wconf 78' lang='lat' dir='ltr'><strong>ciuilis]</strong></span> <span class='ocrx_word' id='word_1_1172' title='bbox 1549 3612 1608 3655; x_wconf 73' lang='lat' dir='ltr'><strong>leq.</strong></span> <span class='ocrx_word' id='word_1_1173' title='bbox 1633 3614 1692 3645; x_wconf 84' lang='lat' dir='ltr'><strong>aut</strong></span> <span class='ocrx_word' id='word_1_1174' title='bbox 1713 3610 1825 3645; x_wconf 81' lang='lat' dir='ltr'><strong>ciuilis</strong></span> <span class='ocrx_word' id='word_1_1175' title='bbox 1847 3610 1860 3655; x_wconf 91' lang='grc'><strong>11</strong></span> <span class='ocrx_word' id='word_1_1176' title='bbox 1884 3613 1927 3646; x_wconf 79' lang='lat'><strong>33</strong></span> <span class='ocrx_word' id='word_1_1177' title='bbox 1949 3609 2084 3654; x_wconf 73' lang='lat' dir='ltr'><strong>scripte]</strong></span> <span class='ocrx_word' id='word_1_1178' title='bbox 2106 3610 2142 3641; x_wconf 80' lang='lat' dir='ltr'><strong>ta</strong></span> <span class='ocrx_word' id='word_1_1179' title='bbox 2164 3620 2223 3641; x_wconf 85' lang='lat' dir='ltr'><strong>om.</strong></span> <span class='ocrx_word' id='word_1_1180' title='bbox 2246 3606 2297 3641; x_wconf 81' lang='lat' dir='ltr'><strong>R¹</strong></span> <span class='ocrx_word' id='word_1_1181' title='bbox 2319 3606 2333 3651; x_wconf 90' lang='grc' dir='ltr'>Ι</span> <span class='ocrx_word' id='word_1_1182' title='bbox 2355 3608 2471 3650; x_wconf 85' lang='lat' dir='ltr'><strong>enphi-</strong></span> 
     </span>
     <span class='ocr_line' id='line_1_105' title="bbox 1401 3652 2471 3700; baseline -0.003 -11"><span class='ocrx_word' id='word_1_1183' title='bbox 1401 3656 1545 3690; x_wconf 82' lang='lat' dir='ltr'><strong>teosibus</strong></span> <span class='ocrx_word' id='word_1_1184' title='bbox 1564 3656 1599 3690; x_wconf 81' lang='lat' dir='ltr'><em>R</em></span> <span class='ocrx_word' id='word_1_1185' title='bbox 1621 3655 1844 3700; x_wconf 81' lang='lat' dir='ltr'><strong>emphyteosin</strong></span> <span class='ocrx_word' id='word_1_1186' title='bbox 1867 3655 1907 3690; x_wconf 94' lang='lat' dir='ltr'><em>V</em></span> <span class='ocrx_word' id='word_1_1187' title='bbox 1927 3653 2130 3700; x_wconf 74' lang='lat' dir='ltr'><strong>emphyteusi</strong></span> <span class='ocrx_word' id='word_1_1188' title='bbox 2152 3653 2239 3697; x_wconf 74' lang='lat' dir='ltr'><strong>moly.</strong></span> <span class='ocrx_word' id='word_1_1189' title='bbox 2269 3652 2283 3697; x_wconf 76' lang='grc' dir='ltr'>Ι</span> <span class='ocrx_word' id='word_1_1190' title='bbox 2309 3654 2353 3687; x_wconf 78' lang='lat'><strong>³4</strong></span> <span class='ocrx_word' id='word_1_1191' title='bbox 2374 3652 2471 3686; x_wconf 78' lang='lat' dir='ltr'><strong>dimi-</strong></span> 
     </span>
     <span class='ocr_line' id='line_1_106' title="bbox 1401 3699 1937 3746; baseline -0.002 -10"><span class='ocrx_word' id='word_1_1192' title='bbox 1401 3701 1550 3736; x_wconf 78' lang='lat' dir='ltr'><strong>untionis</strong></span> <span class='ocrx_word' id='word_1_1193' title='bbox 1574 3702 1607 3735; x_wconf 90' lang='lat' dir='ltr'><em>V</em></span> <span class='ocrx_word' id='word_1_1194' title='bbox 1609 3701 1664 3746; x_wconf 85' lang='grc' dir='ltr'><strong>ΤΙ</strong></span> <span class='ocrx_word' id='word_1_1195' title='bbox 1683 3703 1726 3736; x_wconf 81' lang='grc'><strong>36</strong></span> <span class='ocrx_word' id='word_1_1196' title='bbox 1751 3710 1864 3734; x_wconf 69' lang='lat' dir='ltr'><strong>earum</strong></span> <span class='ocrx_word' id='word_1_1197' title='bbox 1886 3699 1937 3735; x_wconf 82' lang='lat' dir='ltr'><strong>R¹</strong></span> 
     </span>
    </p>
   </div>
  </div>
 </body>
</html>
