2580 4022
141 175 200 205 m:
230 174 525 207 PRAEslomus
1212 157 1298 205 745
1961 160 2068 204 Nov.
2093 159 2224 203 CLXI
2254 172 2316 216 pr.
2342 163 2359 202 1

1199 388 1304 433 fix

836 475 1013 530 ΠΕΡΙ
1056 474 1204 528 ΤΩΝ
1251 475 1667 530 ΑΡΧΟΝΤῼΝ.

274 565 588 612 (Προοίμιον.)
623 563 672 600 Οὐ
695 564 737 600 τὸ
762 565 978 610 νομοθετεῖν
1002 564 1047 599 τὰ
1072 568 1259 611 πρέποντα
1282 564 1398 609 μόνον
1416 567 1515 600 ἐστὶν
1538 564 1685 613 ἀγαθὸν
1698 569 1878 613 μέγιστον,
1904 563 1992 600 ιἰλλιὶ
2016 569 2076 600 καὶ
2095 566 2138 600 τὸ
2163 565 2210 601 τὰ
2235 567 2367 601 θεσπι-

141 611 281 646 σθέντα
306 609 500 656 φυλάττειν
521 609 674 655 ἀκριβῶς
697 613 756 644 καὶ
780 610 868 667 πριξς
891 614 996 656 ἔργον
1020 608 1213 664 ἅγεινηκαὶ
1238 610 1319 644 τοὺς
1343 614 1639 656 παραβαίνοντας
1661 614 1738 645 ταῖς
1760 610 1946 667 ἁριιοδίαις
1969 609 2189 665 ὑποβαλλειν
2213 614 2366 647 ποιναῖς.

139 660 183 711 τί
196 655 263 702 γὰρ
287 654 411 701 ὄφελος
434 659 537 689 ἔσται
560 657 637 690 τῶν
659 655 797 700 νόμων,
821 668 851 688 ιι
875 659 974 700 μέχρι
1004 667 1230 709 γραμματων
1253 654 1324 689 εἷεν
1354 653 1454 689 οὗτοι
1485 659 1545 689 καὶ
1577 655 1624 699 μὴ
1657 655 1699 691 τὸ
1731 669 1904 701 χρησιμον
1936 654 1997 691 διὰ
2036 670 2114 691 των
2143 669 2170 691 π
2194 655 2367 703 αγμάτων
2392 659 2412 690 5

141 714 265 734 αυτων
289 704 347 734 καὶ
378 701 456 735 τῶν
479 703 597 747 ἔργων
620 703 693 735 τοῖς
724 697 928 745 ἀρχομένοις
959 703 1162 744 παρε’χοιεν;
1195 701 1298 743 ὶσμεν
1321 704 1446 734 τοίνυν
1469 701 1536 743 τὴν
1559 700 1749 745 βασιλείαν
1780 700 1924 748 σφόδρα
1954 703 2030 736 τῶν
2052 699 2165 736 ὑποτε
2188 703 2241 735 ῶν
2264 699 2369 744 κηδο-

139 748 251 789 μένην
275 748 406 790 προῖκα
429 745 491 779 τὰς
515 744 623 789 ἀρχὰς
646 743 726 779 τοὺς
744 746 821 779 τῶν
843 745 1028 789 ἐπαρχιῶν
1043 742 1255 790 ἡγουμένους
1280 743 1477 790 λαμβάνειν
1493 745 1661 781 πολλάκις
1678 744 1900 790 διορίσασαν,
1925 747 1986 781 ἵνα
1999 749 2059 780 καὶ
2076 743 2177 781 αὗτοὶ
2193 747 2295 781 καθα
2321 747 2369 780 ῶς

139 789 317 834 χρώμενοι
341 787 488 825 ταύταις
510 795 582 824 τοῖς
604 787 808 835 ἀρχομένοις
828 789 871 825 τὸ
895 787 1036 823 δίκαιόν
1060 802 1099 823 τε
1122 792 1182 822 καὶ
1205 789 1285 824 ἴσον
1308 793 1460 834 νέμοιεν,
1493 791 1535 826 τὸ
1564 790 1603 824 δὲ
1627 789 1800 835 δημόσιον
1820 787 1987 838 εὖποροίη
2011 791 2056 838 τῇ
2076 793 2154 826 τῶν
2179 789 2291 826 ὖποτε
2327 792 2370 823 ’ν

139 834 327 879 ἀβλαβείᾳ.
363 833 455 869 ἀλλὰ
478 835 595 869 ταῦτα
625 836 693 879 μὲν
723 834 816 869 κατὰ
843 834 973 880 μικρὸν
993 835 1040 869 εἰς
1064 832 1185 878 λήθην
1208 827 1312 878 ἦλθε,
1343 836 1387 882 τῇ
1418 834 1607 878 πλεονεξίᾳ
1637 837 1715 871 τῶν
1737 838 1800 870 τὰς
1823 834 1930 883 ἀρχὰς
1953 839 2164 882 πριαμένων
2186 834 2324 881 μᾶλλον
2347 832 2369 876 ἢ

140 879 419 926 παρειληφότων
441 880 651 923 νικηθέντα.

1155 958 1311 994 CAPUT
1334 959 1363 996 Ῑ.

275 1037 391 1082 Ἡμεῖς
414 1035 454 1072 δὲ
475 1037 557 1073 τοὺς
576 1041 658 1083 περὶ
681 1038 824 1072 τούτων
843 1034 1099 1081 ἀνανεούμενοι
1122 1036 1250 1082 νόμους
1273 1038 1498 1080 θεσπίζομεν
1515 1036 1637 1083 ἄρχειν
1652 1041 1718 1084 μὲν
1734 1040 1887 1075 ἐκείνους
1909 1039 1990 1074 τοὺς
2014 1040 2052 1081 ἐξ
2074 1036 2218 1087 ἀγαθῆς
2239 1052 2369 1087 γνωρι-

141 1086 306 1126 ζομένους
330 1081 434 1125 δόξης
455 1087 516 1117 καὶ
540 1082 712 1126 πλείστην
735 1084 798 1117 τοῦ
821 1080 960 1116 δικαίου
985 1080 1162 1127 φροντίδα
1184 1082 1407 1126 τιθεμένους,
1439 1081 1573 1130 δώρων
1597 1083 1636 1118 δὲ
1666 1088 1726 1118 καὶ
1756 1083 1872 1128 πάσης
1895 1082 2027 1119 δόσεως
2050 1088 2158 1131 χωρὶς
2181 1083 2370 1131 παραλαμ-

139 1129 266 1174 βάνειν
287 1128 349 1161 τὰς
372 1125 489 1173 ἀρχάς,
513 1131 573 1161 καὶ
596 1127 677 1162 τοὺς
700 1130 767 1172 μὲν
790 1125 970 1162 ὑποτελεῖς
993 1126 1163 1172 ἀβλαβεῖς
1184 1139 1225 1161 τε
1247 1130 1306 1160 καὶ
1331 1126 1501 1172 ἀζημίους
1523 1126 1792 1174 διαφυλάττειν,
1815 1128 1898 1164 τοὺς
1921 1128 1959 1164 δὲ
1982 1128 2171 1175 δημοσίους
2195 1128 2371 1174 ἐπιμελῶς

140 1173 300 1208 διανύειν
323 1171 461 1218 φόρους,
491 1173 580 1216 μήτε
611 1171 650 1206 δὲ
679 1171 805 1207 αὖτοὺς
834 1170 856 1215 ἢ
886 1172 969 1207 τοὺς
1002 1170 1125 1206 αὐτῶν
1147 1170 1344 1219 παρέδρους
1366 1171 1389 1216 ἢ
1411 1172 1680 1220 καγκελλαρίους
1703 1172 1725 1217 ἢ
1746 1173 1973 1217 δομεστίκους
1995 1175 2017 1220 ἢ
2040 1189 2126 1210 τινα
2148 1176 2227 1210 τῶν
2251 1173 2370 1209 αὐτοῖς

140 1215 395 1264 προςηκόντων
425 1217 625 1262 λαμβάνειν
647 1231 684 1252 τι
715 1217 813 1264 παρὰ
844 1218 922 1252 τῶν
952 1214 1171 1272 ἀρχομένων,
1204 1216 1301 1261 πλὴν
1324 1218 1356 1251 εἰ
1384 1217 1434 1262 μὴ
1456 1218 1546 1252 κατὰ
1571 1219 1613 1253 τὸ
1638 1220 1906 1267 τετραπλάσιον
1930 1219 1993 1263 (οἷς
2021 1220 2056 1255 οἱ
2078 1221 2120 1256 νό
2150 1233 2184 1255 οι
2207 1222 2306 1266 φασὶ)
2326 1219 2368 1254 τὸ

139 1259 225 1309 παρ’
250 1261 373 1297 αὐτῶν
406 1261 447 1306 λη
480 1263 549 1297 θ’ἑν
581 1265 719 1297 ἐκτῖσαι
750 1261 956 1307 βούλονται,
987 1260 1061 1296 αλλ’
1089 1260 1285 1308 ἀρκεῖσθαι
1315 1265 1388 1297 τοῖς
1419 1264 1458 1296 ἐκ
1488 1265 1552 1298 τοῦ
1584 1262 1756 1310 δημοσίου
1787 1268 1847 1299 καὶ
1879 1266 1942 1300 τοῦ
1970 1265 2081 1310 νόμου
2135 1267 2369 1311 ιωρισμένοις.

140 1311 162 1345 1
185 1309 427 1351 παυσομένους
470 1309 488 1341 ὲ
510 1308 570 1351 τῆς
594 1305 699 1352 ἀρχῆς
721 1308 784 1342 τὰς
808 1310 1063 1351 νενομισμένας
1086 1305 1313 1350 πεντήκοντα
1336 1306 1580 1354 προςεδρεύειν
1603 1307 1727 1344 αὐτοὺς
1750 1310 1879 1356 ἡμέρας
1903 1308 2190 1354 δημοσιεύοντας,
2212 1313 2273 1344 καὶ
2297 1312 2371 1344 τοῖς

140 1353 282 1400 ἐνάγειν
304 1351 413 1397 βουλο
442 1355 472 1386 έι
481 1364 532 1387 οις
553 1349 826 1398 ἀπολογεῖσθαι.
873 1350 922 1396 μὴ’
944 1353 1219 1398 περατωθείσης
1243 1351 1283 1386 δὲ
1308 1354 1367 1395 τῆς
1391 1350 1488 1396 δίκης
1512 1355 1598 1388 εἴσω
1621 1356 1700 1389 τῶν
1723 1354 1952 1402 πεντήκοντα
1975 1353 2131 1402 ἡμεροῦν,
2154 1355 2371 1402 χρηματικῆς

138 1400 206 1442 μὲν
229 1397 334 1440 οὔσης
365 1366 499 1432 διδότω
531 1396 831 1442 προκουράτωρα,
864 1396 1120 1445 ἐγκληματικῆς
1150 1396 1191 1431 δι’
1219 1400 1321 1443 μέχρι
1345 1400 1497 1444 πέρατος
1519 1403 1659 1443 μενέτω
1682 1401 1743 1443 τῆς
1766 1398 1990 1443 ὑποθέσεως,
2023 1402 2098 1436 τῶν
2130 1399 2370 1443 δικαζόντων,

139 1444 210 1478 εἴτε
233 1442 400 1487 ἄρχοντές
423 1443 514 1477 εἰσιν
538 1443 608 1477 εἴτε
632 1443 732 1489 παρὰ
756 1444 834 1477 τῶν
857 1444 1025 1488 ἐπάρχων
1049 1441 1246 1486 ἐδόθησαν,
1278 1443 1310 1476 εἰ
1339 1441 1389 1487 μὴ
1421 1443 1522 1478 ἐντὸς
1551 1442 1697 1489 ἡμερῶν
1721 1445 1832 1480 εἴκοσι
1862 1447 1926 1480 τοῦ
1958 1444 2143 1492 ἀρχθῆναι
2178 1446 2243 1490 τὴν
2265 1443 2370 1488 δίκην

140 1489 164 1524 2
187 1488 324 1531 ταύτην
346 1488 600 1532 περαιώσουσι,
633 1486 718 1522 δέκα
741 1491 884 1533 χρυσίου
909 1487 963 1522 λιτ
988 1488 1042 1521 ὢν
1065 1490 1383 1534 προςτιμωμένων,
1413 1489 1477 1532 τῆς
1508 1487 1606 1533 δίκης
1628 1489 1719 1525 κατὰ
1742 1490 1788 1525 τὰ
1811 1495 2051 1537 προειρημένα
2075 1489 2276 1539 προϊούσης.
2324 1491 2371 1524 Εἰ

138 1532 206 1580 γάρ
229 1544 323 1567 τινες
345 1533 490 1567 τούτων
510 1533 608 1576 κακῷ
633 1534 688 1576 τῷ
712 1531 892 1568 συνειδότι
914 1501 1131 1578 βαλλόμενοι
1154 1531 1332 1567 λαθόντες
1355 1532 1502 1580 φύγοιεν
1525 1538 1584 1569 καὶ
1609 1535 1713 1581 ἱεροῖς
1736 1534 1995 1582 προςδριὶμοιεν
2015 1537 2131 1579 οἴκοις,
2165 1538 2226 1580 τῆς
2249 1533 2371 1570 οὐσίας

154 1682 171 1688 ,
209 1647 292 1680 Νου.
314 1647 434 1694 CI-LXI
455 1647 581 1681 Tiberii
608 1648 656 1687 (in
687 1648 793 1680 indice
819 1647 1015 1680 novellarum
1041 1647 1107 1680 eius
1132 1647 1308 1680 Marciano
1333 1648 1441 1690 tertia)
1470 1648 1595 1682 Graece
1619 1656 1740 1683 tantum
1765 1657 1852 1684 extat
1874 1651 1908 1684 in
1933 1651 1963 1683 L
1986 1647 2022 1692 (ἦ
2046 1649 2122 1695 ρξα’
2149 1648 2212 1684 οὔκ
2235 1647 2371 1695 ἐγράφη

140 1688 222 1733 ιύδε,
253 1691 300 1725 ὥς
331 1695 421 1725 οὐσα
446 1690 492 1725 Γ’
516 1694 685 1736 τιβεριόυ,
717 1688 762 1735 ἣν
785 1693 844 1724 καὶ
868 1688 1027 1735 εὑρήσεις
1048 1693 1300 1737 γεγραμμένην
1321 1690 1414 1735 μετὰ
1438 1691 1573 1727 ταύτας
1596 1693 1713 1728 τύπον
1737 1693 1798 1727 aff
1825 1696 1924 1730 schol.
1950 1696 2016 1738 M).
2066 1696 2192 1739 Capitis
2220 1698 2236 1731 1
2259 1703 2372 1740 partes

141 1739 321 1780 discerptae
344 1745 374 1770 et
402 1737 507 1780 Caput
530 1738 550 1770 2
573 1739 606 1770 in
636 1738 668 1770 B
684 1738 716 1779 6,
729 1744 757 1778 3,
772 1744 856 1771 9.12.
871 1744 906 1770 46
932 1744 961 1770 et
982 1742 1018 1771 47
1043 1739 1122 1779 (vid.
1148 1738 1261 1780 infra).
1284 1755 1326 1762 --
1350 1738 1441 1781 Epic.
1461 1739 1581 1771 Theod.
1603 1741 1678 1773 161.

229 1805 255 1826 c.
271 1794 296 1826 I
312 1806 365 1837 pr.
390 1793 630 1836 (Θεσπίζομεν
654 1791 776 1838 ἄρχειν
798 1794 921 1836 μέν-
937 1795 979 1827 16
1004 1790 1264 1838 διωρισμένως)
1287 1800 1375 1827 extat
1397 1794 1433 1826 B
1450 1795 1482 1836 6,
1494 1801 1522 1835 3,
1536 1802 1572 1828 46
1597 1796 1653 1837 (30
1672 1795 1742 1837 Rs).

275 1854 291 1889 ξ
316 1852 331 1883 1
358 1850 399 1891 (υ.
417 1851 457 1884 18
488 1849 538 1893 μὴ
571 1849 846 1894 περατωθείσης
876 1850 939 1892 τῆς
964 1848 1057 1883 κατὰ
1082 1848 1146 1882 τοῦ
1171 1846 1341 1894 ἄρχοντος
1365 1846 1513 1892 δίκης-
1531 1852 1569 1884 21
1597 1849 1799 1896 προϊούσης)
1824 1859 1912 1886 eoetat
1935 1853 1987 1886 13⁶
2003 1854 2034 1895 6,
2048 1860 2124 1895 3,9;
2150 1854 2182 1886 in
2206 1853 2238 1887 L
2263 1854 2373 1887 eadem

135 1896 302 1939 particula
325 1893 385 1939 (μὴ
410 1894 685 1939 περατωθείσης
710 1891 751 1928 δὲ
769 1896 833 1937 τῆς
857 1892 953 1937 δίκης
967 1914 1008 1919 -—
1023 1893 1225 1939 προϊούσης)
1250 1896 1343 1928 etiam
1369 1896 1515 1929 novellae
1534 1897 1635 1930 CXX
1646 1898 1735 1931 VIII
1755 1899 1877 1931 inserta
1902 1905 1948 1931 est
1964 1906 2038 1941 post
2058 1911 2084 1931 c.
2102 1899 2144 1932 22
2161 1900 2218 1942 (cf.
2231 1912 2267 1942 p.
2281 1901 2374 1939 645).

276 1958 292 1992 §
312 1955 332 1986 2
356 1948 448 1985 ἀλλὰ
471 1954 532 1984 καὶ
556 1951 592 1984 εἴ
609 1962 704 1986 τινες
723 1952 802 1986 τῶν
825 1949 1017 1996 ἀρχόντων
1040 1951 1138 1994 κακῷ
1163 1951 1216 1993 τῷ
1241 1948 1425 1985 συνειδότι
1439 1972 1481 1977 -
1495 1953 1574 1995 746,
1590 1960 1608 1986 2
1632 1953 1671 1986 ἐκ
1693 1953 1777 1997 μιᾶς
1799 1957 1924 1999 μοίρας
1946 1953 2038 1988 κατὰ
2061 1954 2108 1987 τοὶ
2133 1958 2374 2000 προειρημένα

139 1996 366 2042 παραστήσοι
390 2004 499 2030 extant
523 1997 558 2029 Β
575 1999 607 2038 6,
618 2004 647 2039 3,
659 2004 692 2030 12
716 1998 804 2040 (inde
827 1998 900 2031 Ecl.
918 1998 1004 2031 Bas.
1019 1997 1152 2040 I-X).

1112 2209 1116 2213 ·
1190 2192 1316 2231 CLXI.

933 2271 1037 2323 DE
1076 2272 1268 2324 PRAE
1270 2272 1348 2324 SI
1345 2272 1574 2325 DIBUS.

278 2363 540 2408 Praefatio.
588 2361 673 2398 Non
705 2365 844 2398 tantum
876 2362 1014 2442 lqlqibus
1044 2373 1138 2408 quae
1162 2374 1239 2410 par
1269 2368 1323 2400 est
1353 2365 1495 2399 sancire
1525 2375 1699 2400 summum
1729 2364 1863 2401 bonum
1893 2369 1966 2410 est,
1996 2367 2062 2403 sed
2090 2368 2197 2405 etiam
2227 2370 2370 2407 sancita

142 2409 335 2455 diliqeiiter
364 2419 509 2444 servare
540 2412 576 2443 et
609 2407 658 2443 ad
679 2407 844 2453 effectum
868 2418 891 2442 a
918 2408 1047 2443 ducere
1069 2418 1200 2453 eosque
1222 2409 1284 2454 qui
1305 2420 1348 2444 ea
1371 2409 1510 2445 violant
1532 2409 1672 2445 idoneis
1690 2411 1822 2462 poenis
1844 2411 2015 2448 subicere.
2062 2413 2163 2457 Quae
2186 2415 2279 2450 enim
2302 2417 2369 2451 uti·

143 2455 227 2490 litas
250 2454 318 2490 erit
343 2454 471 2499 lequm,
494 2454 526 2488 si
548 2463 611 2488 eae
633 2453 671 2487 in
697 2452 826 2488 litteris
848 2453 1103 2488 contineantur
1126 2464 1241 2499 neque
1268 2454 1488 2489 commodum
1508 2465 1579 2501 per
1601 2465 1661 2490 res
1684 2466 1785 2502 ipsas
1808 2460 1917 2502 atque
1940 2468 2053 2503 opera
2075 2459 2243 2494 sublectis
2258 2471 2370 2507 prae-

143 2499 273 2536 beant?
320 2501 436 2544 Atque
466 2498 598 2532 scimus
625 2498 879 2543 imperatorem
910 2506 989 2532 cum
1013 2508 1180 2543 maqnam
1203 2498 1371 2535 subiectis
1394 2509 1517 2534 curam
1541 2499 1711 2536 adhibeat
1732 2501 1878 2547 saepius
1902 2503 2138 2546 constituisse,
2163 2508 2201 2539 ut
2217 2506 2370 2551 provin-

143 2545 281 2580 ciarum
306 2542 498 2590 praesides
527 2542 645 2588 qratis
675 2542 910 2588 maqistratus
937 2542 1130 2588 accipiant,
1162 2553 1233 2588 quo
1264 2547 1300 2579 et
1330 2544 1402 2589 ipsi
1430 2554 1524 2590 pure
1551 2544 1596 2579 iis
1626 2549 1766 2581 utentes
1795 2546 1964 2582 subiectis
1993 2547 2126 2583 iustum
2157 2553 2194 2584 et
2216 2561 2259 2586 ae
2285 2561 2371 2585 uum

141 2589 368 2635 impertiant,
398 2592 433 2623 et
461 2588 572 2632 fiscus
600 2598 669 2633 per
698 2586 937 2622 subiectorum
967 2586 1247 2623 incolumitatem
1276 2599 1397 2624 rerum
1429 2589 1537 2635 eopia
1563 2589 1706 2635 floreat.
1754 2589 1828 2626 Sed
1856 2590 1946 2627 haec
1969 2592 2112 2644 quidem
2129 2593 2312 2639 paulaam
2331 2595 2370 2630 in

143 2634 356 2670 oblivionem
380 2632 598 2669 devenerunt
620 2631 776 2668 avaritia
800 2631 940 2667 devicta
962 2642 1084 2667 eorum
1108 2633 1174 2678 qui
1193 2633 1428 2679 maqistratus
1447 2641 1570 2669 emunt
1591 2634 1708 2680 maqis
1731 2645 1839 2680 quam
1863 2636 2055 2683 accipiunt.

276 2700 306 2736 Ι.
355 2698 432 2735 Nos
462 2703 581 2734 aulem
611 2698 708 2744 teqes
739 2697 783 2733 de
807 2697 862 2732 his
887 2697 982 2733 latas
1004 2702 1218 2734 renovantes
1240 2700 1431 2742 sancimus,
1455 2703 1496 2736 ut
1519 2701 1770 2747 maqistratum
1794 2706 1927 2748 qerant
1949 2703 2004 2738 illi
2027 2705 2091 2750 qui
2112 2715 2162 2740 ex
2185 2704 2280 2741 bona
2302 2717 2368 2742 ea:-

143 2745 361 2780 istimatione
389 2744 545 2790 spectati
574 2747 659 2779 sunt
681 2753 725 2778 ac
745 2742 940 2789 plurimam
964 2743 1000 2777 in
1023 2743 1162 2778 iustitia
1185 2745 1390 2780 exercenda
1413 2755 1538 2780 curam
1561 2746 1798 2788 collocarunt,
1828 2747 1906 2783 sine
1928 2747 2036 2784 donis
2058 2753 2176 2785 autem
2199 2753 2236 2786 et
2258 2750 2370 2797 larqi-

144 2790 242 2825 tione
273 2790 370 2825 omni
398 2789 634 2834 maqistratus
663 2788 875 2834 suscipiant,
906 2790 939 2822 et
968 2787 1147 2823 subiectos
1177 2789 1318 2834 quidem
1349 2789 1545 2825 incolumes
1576 2789 1828 2837 indemnesque
1852 2799 2081 2837 conservent,
2112 2794 2260 2840 publica
2283 2806 2368 2832 vero

145 2834 278 2871 tributa
302 2834 494 2880 diliqenter
517 2832 727 2886 expediant,
747 2843 833 2868 neve
856 2842 939 2867 vero
963 2832 978 2867 i
1002 2833 1036 2867 si
1057 2836 1122 2867 aut
1143 2843 1341 2869 assessores
1364 2844 1487 2869 eorum
1511 2838 1575 2870 aut
1597 2836 1807 2871 cancellarii
1827 2842 1890 2872 aut
1914 2837 2100 2874 domestici
2122 2843 2186 2875 aut
2211 2839 2307 2875 ullus
2320 2852 2371 2877 ex

143 2880 189 2915 iis
220 2879 283 2925 qui
315 2878 364 2914 ad
395 2889 457 2914 eos
478 2881 661 2924 pertinent
683 2877 879 2922 quidquam
904 2844 1078 2922 aufgrant
1101 2887 1124 2912 a
1146 2878 1325 2921 subiectis,
1349 2879 1420 2913 nisi
1442 2880 1479 2914 in
1503 2879 1747 2926 quadruplum
1771 2883 1824 2923 (ut
1847 2883 1944 2928 leqes
1966 2883 2176 2929 loquuntur)
2200 2885 2301 2931 quod
2322 2885 2369 2921 ab

143 2926 163 2959 1
201 2924 290 2970 ipsis
314 2927 500 2968 acceptum
523 2926 578 2958 est
599 2923 736 2957 solvere
759 2921 878 2962 velint,
903 2921 967 2972 sed
988 2922 1146 2972 contenti
1168 2923 1241 2958 sint
1265 2924 1308 2958 iis
1332 2934 1426 2968 quae
1447 2935 1497 2960 ex
1517 2924 1607 2968 fisco
1631 2930 1666 2960 et
1689 2925 1767 2971 leqe
1789 2926 1880 2972 ipsis
1903 2927 1947 2962 de
1974 2932 2077 2964 utata
2099 2932 2192 2964 sunt.
2231 2928 2370 2966 Deinde

143 2969 360 3014 magistratu
391 2967 527 3002 abituri
554 2977 624 3013 per
655 2966 832 3012 leqitimos
863 2968 1128 3017 quinquaqinta
1159 2966 1236 3003 dies
1260 2968 1297 3002 in
1323 2968 1472 3013 publico
1492 2973 1688 3011 versentur,
1711 2971 1828 3016 iisque
1851 2972 1916 3017 qui
1952 2973 2034 3008 item
2056 2973 2240 3009 intendere
2262 2975 2370 3010 velint

143 3012 396 3058 respondeant.
443 3010 581 3054 Quodsi
604 3011 649 3045 lis
672 3011 768 3046 intra
793 3010 1058 3056 quinquaqinta
1082 3010 1158 3047 dies
1181 3013 1338 3047 nondum
1359 3013 1466 3057 finita
1488 3014 1546 3055 sit,
1570 3015 1602 3048 si
1624 3014 1766 3060 quidem
1782 3017 1997 3061 pecuniaria
2011 3018 2068 3059 sit,
2087 3022 2369 3064 procuratorem

144 3057 240 3098 dent,
271 3057 328 3091 sin
360 3059 479 3091 autem
511 3055 718 3097 criminalis,
750 3065 863 3100 usque
886 3054 936 3090 ad
960 3055 1146 3090 terminum
1169 3067 1301 3092 causae
1324 3061 1514 3100 maneant;
1537 3059 1674 3094 iudices
1693 3064 1824 3102 autem,
1847 3060 1919 3096 sive
1942 3062 2179 3107 maqistratus
2199 3063 2274 3098 sint
2294 3065 2370 3100 sive

145 3114 167 3137 a
188 3102 388 3148 praefectis
412 3100 500 3141 dati,
524 3100 596 3135 nisi
620 3100 717 3135 intra
741 3098 867 3144 viqinti
901 3099 977 3135 dies
999 3110 1023 3134 a
1047 3100 1108 3134 lite
1131 3106 1260 3147 coepta
1284 3112 1362 3136 eam
1386 3103 1663 3144 terminaverint,
1689 3103 1808 3139 decem
1831 3105 1915 3139 auri
1938 3106 2040 3141 libris
2057 3107 2264 3150 multentur,
2287 3118 2368 3143 cum

144 3148 168 3182 2
205 3147 251 3181 lis
266 3145 460 3182 secundum
478 3155 520 3180 ea
538 3155 632 3190 quae
648 3144 754 3179 modo
773 3144 870 3179 dicta
885 3147 970 3179 sunt
983 3143 1168 3189 procedat.
1208 3145 1250 3181 Si
1266 3146 1329 3191 qui
1343 3147 1435 3181 enim
1451 3158 1501 3183 ex
1520 3147 1593 3183 illis
1607 3148 1703 3183 mala
1719 3149 1939 3185 conscientia
1955 3151 2088 3197 aqitati
2102 3151 2194 3187 clam
2213 3153 2369 3199 ausuqe-

144 3192 218 3227 rint
241 3194 276 3226 et
299 3190 348 3226 ad
369 3200 495 3226 sacras
518 3188 626 3225 aedes
649 3189 886 3232 accurrerint,
908 3188 1111 3224 substantia
1133 3200 1201 3226 sua
1223 3195 1417 3234 exuentur,
1442 3202 1535 3237 quae
1558 3193 1652 3228 inter
1674 3203 1735 3229 eos
1758 3194 1823 3239 qm·
1836 3194 1970 3230 iniuria
1985 3195 2113 3241 affecti
2123 3200 2219 3239 sunt,
2242 3207 2368 3233 secun-

191 3361 211 3393 2
235 3359 311 3392 τῶν
335 3372 391 3392 οηι.
415 3359 530 3391 ΤΙιεοιὶΔ
561 3356 573 3400 ΙΙ
599 3358 619 3390 4
643 3353 839 3400 ἅρμωδιάις
865 3356 894 3389 L
919 3355 932 3398 ΙΙ
958 3358 976 3388 7
1003 3352 1224 3400 διορίσασαν]
1290 3359 1409 3401 μένοις
1432 3359 1474 3401 L,
1498 3371 1581 3393 corr.
1606 3361 1802 3394 Haloander
1827 3360 1841 3405 ss
1871 3358 1910 3394 δὲ
1931 3362 2006 3404 τῆς]
2030 3363 2093 3405 τῆς
2116 3360 2156 3396 δὲ
2178 3365 2221 3406 L,
2246 3362 2286 3398 δὲ
2308 3379 2366 3401 om.

146 3407 188 3448 cJI
206 3418 278 3438 nov.
303 3404 400 3437 VIII.
418 3403 539 3436 XVII.
561 3401 764 3435 CXXVIII.
793 3401 950 3434 CXLIX
971 3402 1014 3434 al.
1034 3401 1082 3442 119
1107 3399 1224 3443 λῆθόν
1291 3415 1358 3436 cnm
1384 3404 1580 3437 Haloandro
1603 3406 1690 3448 vulq.
1718 3405 1731 3448 ΙΙ
1764 3407 1804 3440 18
1815 3419 1884 3450 sqq.
1917 3408 1959 3450 cf.
1989 3408 2066 3441 cod.
2087 3410 2115 3447 1,
2131 3416 2179 3450 49,
2195 3417 2209 3444 1
2236 3414 2296 3449 §³1.
2315 3419 2332 3445 8
2355 3412 2368 3456 ΙΙ

147 3451 196 3483 La
213 3449 226 3493 11
246 3451 283 3483 11
311 3448 534 3490 θεσπίζομεν
551 3444 673 3491 ἄρχειν
686 3464 730 3470 -
745 3448 785 3479 14
804 3443 935 3490 φόρους
952 3458 1009 3478 om.
1029 3444 1095 3490 ΒΓΗ
1110 3442 1133 3478 ἀ
1156 3445 1224 3489 χὴν
1290 3448 1331 3482 21
1356 3444 1490 3492 λιτρῶν
1504 3449 1541 3481 Β
1565 3450 1646 3491 (cum
1664 3450 1859 3484 Haloandro
1882 3453 1996 3495 vulq.)]
2018 3450 2138 3497 λίτρας
2154 3455 2186 3487 in
2204 3467 2276 3489 nov.
2291 3457 2368 3499 128,

145 3496 192 3528 L!
212 3494 224 3538 ΙΙ
245 3495 282 3527 12
308 3490 437 3537 δώρων
466 3493 509 3532 Β]
535 3489 653 3535 διῡρον
679 3491 707 3523 L
724 3489 736 3532 ΙΙ
767 3487 806 3523 δὲ
832 3491 1035 3530 Haloander]
1059 3501 1099 3523 τε
1157 3492 1192 3524 Β
1213 3493 1223 3533 ΙΙ
1289 3499 1394 3525 nostro
1428 3494 1497 3526 loco
1521 3501 1625 3527 notam
1649 3495 1720 3536 (Hx)
1745 3496 1841 3529 habet
1864 3497 1894 3529 L
1924 3496 1936 3538 ΙΙ
1964 3498 2006 3530 22
2031 3497 2084 3539 τῷ
2111 3510 2168 3531 om.
2190 3498 2244 3532 B!
2258 3501 2332 3534 Ecl.
2354 3500 2368 3544 ΙΙ

149 3542 189 3574 13
214 3536 255 3571 δὲ
277 3539 372 3579 ΕΒσ]
395 3550 453 3570 om·
471 3536 540 3580 Bsss
559 3538 600 3569 14
624 3533 872 3580 xayyetaqlove
896 3535 927 3567 L
942 3533 956 3579 ΙΙ
973 3544 1074 3588 τινξῑς
1091 3534 1161 3580 ΒΓΗ
1181 3538 1221 3570 15
1288 3534 1505 3580 βαλλόμενοι
1527 3539 1573 3579 Β]
1604 3537 1800 3582 βαλόμενοι
1827 3541 1859 3573 L
1884 3541 1897 3583 ss
1927 3538 2105 3575 λαθόντες
2124 3543 2168 3584 L]
2201 3544 2273 3588 πρὸ
2301 3545 2366 3578 τοῦ

146 3583 182 3616 οἱ
202 3583 320 3627 νόμοι]
342 3583 420 3616 cod.
441 3584 472 3621 9,
486 3588 532 3623 27,
546 3589 569 3614 1.
595 3581 680 3614 Νου.
695 3580 782 3613 VIII
795 3592 822 3613 c.
837 3582 854 3612 7
876 3586 956 3613 extr.
973 3578 985 3622 ΙΙ
1003 3581 1060 3620 το]
1082 3580 1158 3613 τῶν
1174 3582 1220 3613 La
1288 3579 1477 3623 πληρῶσαι
1506 3581 1568 3616 τὰς
1598 3584 1825 3626 πεντήκοντα
1855 3581 1984 3630 ἡμέρας
2012 3583 2155 3633 (ἡμέρας
2186 3601 2244 3622 om.
2277 3590 2364 3631 Ecl.)

145 3631 156 3671 n
175 3629 215 3663 16
238 3626 429 3672 βούλοιντο
446 3625 511 3667 Bt,
535 3622 634 3658 τοῦτ’
659 3624 736 3657 ἔστι
759 3623 801 3657 τὸ
825 3625 892 3667 μὲν
913 3621 1066 3657 διπλοῦν
1084 3624 1137 3666 τῷ
1160 3622 1219 3666 δη·
1287 3624 1467 3660 λαθόντες
1491 3628 1525 3660 Β
1541 3627 1553 3671 ΙΙ
1572 3630 1643 3669 καὶ]
1667 3625 1691 3671 ἢ
1714 3630 1773 3661 καὶ
1795 3642 1862 3663 cum
1888 3631 2084 3664 Hatoandro
2104 3633 2194 3677 vulq.
2214 3632 2228 3678 ΙΙ
2254 3644 2364 3678 προσ.

144 3675 273 3716 μοσίῳ,
297 3674 369 3706 τοῖς
393 3669 432 3704 δὲ
456 3670 672 3714 ζημιωθεῖσι
696 3667 927 3712 (ζημιωθεῖσι
949 3665 988 3701 δὲ
1004 3667 1072 3710 Bt)
1086 3669 1129 3702 τὸ
1146 3670 1218 3702 ἔτε-
1287 3670 1435 3717 φύγοιεν
1459 3671 1495 3704 Β

145 3730 210 3763 ρον
235 3719 311 3751 add.
339 3718 373 3750 B
389 3716 402 3762 ΙΙ
420 3713 493 3750 ἀλλ’
511 3735 551 3739 -
566 3712 812 3760 διωρισμένως
835 3727 893 3747 om.
914 3713 964 3747 Bt
985 3714 998 3758 ΙΙ
1018 3716 1056 3748 17
1081 3724 1218 3747 παυσα-

222 3773 274 3800 111.
2051 3778 2094 3812 94

2396 883 2437 914 10

2397 1219 2436 1252 15

2393 1443 2437 1476 20
