2618 4010
273 114 381 158 NOV.
401 114 528 157 XXX
559 116 597 156 5.
629 115 656 157 6

1348 110 1431 159 228

2118 128 2179 159 DE
2205 124 2493 159 Pnocousmffl

273 223 317 267 δὴ
349 224 389 259 τὸ
414 225 703 269 συνειθισμένον,
732 223 810 259 τῶν
840 225 1082 281 στρατιωτῶν
1114 222 1155 258 δὲ
1182 222 1352 273 ἡγήσεται
1421 225 1618 262 secundum
1653 225 1962 270 consuetudinem,
1997 226 2209 263 militaribus
2240 228 2359 262 autem
2387 236 2492 272 prae-

274 267 415 315 σφόὃρα
437 266 606 311 εὐκόλως,
638 269 697 304 ola
720 267 896 305 κάκείνων
921 269 1213 313 υποκεκλιμένων
1236 267 1348 315 αὐτῷ.

273 318 291 349 1
346 317 551 358 Προεεχέτω
576 312 615 349 δᾶ
637 313 796 359 μάλιστα
826 315 893 350 τὸν
924 317 1011 350 νοῦν
1037 316 1078 362 τῇ
1103 315 1182 349 τῶν
1204 327 1350 360 ταμεια-

272 360 349 394 κῶν
372 357 542 402 διοικήσει
566 360 803 408 πραγμάτων,
827 357 897 396 ἕπε
944 361 991 394 sis
1015 357 1112 394 οὕτω
1137 357 1259 403 δεινὴν
1289 363 1350 394 καὶ

274 403 513 446 πανταχόθεν
542 405 852 462 κεκαπηλευμέννζν
883 374 1132 447 έὲωλίσθησεν
1159 406 1348 451 ἐμπορίαν,

274 445 323 484 οἷς
345 448 495 493 μηδενὸς
518 448 602 491 ἄξια
631 449 761 493 σχεδὸν
791 450 881 485 αυτὰ
905 447 1143 485 καθεστάναι.
1189 451 1350 485 τοσαῦτα

271 493 312 542 γ’
359 492 623 540 μεμαθήκαμεν
644 494 924 542 ἁμαρτάνεσθαι
948 494 1040 529 κατὰ
1054 493 1122 537 τὴν
1137 495 1262 542 χώραν
1281 491 1350 530 ὅσα

271 537 319 584 μό
357 550 373 573 s
407 537 514 586 ἀνδρὶ
552 542 630 575 τῶν
663 545 846 588 μεγίστων
883 543 985 575 ἔσται
1021 539 1109 584 πρὸς
1145 540 1350 585 θεραπείαν

272 582 411 619 εὔκολα.
465 584 502 619 οἱ
556 585 601 631 ἀρ
635 585 698 621 τὰς
738 588 814 621 τῶν
849 584 1017 620 δυνατῶν
1054 584 1351 632 ἐπιτροπεύοντες

273 627 413 671 κτήσεις
424 649 470 655 -
484 598 563 665 ἀλλ’

273 672 437 709 ἀλῶνται
469 676 531 720 τῆς
562 673 733 717 ἀτοπίας,
765 680 824 710 καὶ
856 687 903 710 ως
932 673 1122 721 ὃορυφοροι
1152 689 1194 710 τε
1224 673 1351 710 αὐτοὺς

273 717 517 765 θεραπεύουσι
540 725 599 755 καὶ
623 721 763 765 πλῆθος
786 719 1004 766 ἀνθρώπων
1027 719 1067 755 οὗ
1089 720 1248 774 φορητὸν
1270 718 1350 755 ἀκο-

274 763 415 807 λουθεῖ,
448 768 508 799 καὶ
531 764 765 814 λῃστεύουσιν
789 764 947 800 ἅπαντες
966 763 1141 808 brandeas,
1173 769 1233 800 καὶ
1257 765 1349 800 θαυ-

272 808 432 864 μάζομεν
455 808 659 866 ὅπωςιᾶχρι
682 812 750 846 νῦν
779 810 821 846 τὸ
843 808 925 845 κατ’
953 814 1093 855 ἐκείνην
1115 809 1274 867 ὑπήκοον
1297 811 1349 852 ἐξ·

1419 271 1487 307 erit
1509 270 1625 313 facile,
1650 273 1776 315 utpote
1799 274 1835 306 et
1855 270 1926 308 illis
1949 272 2214 308 subiacentibus
2237 271 2280 307 ei.

1417 318 1439 352 1
1484 315 1652 351 Intendat
1673 314 1794 360 itaque
1824 316 1974 352 maxime
2004 321 2157 353 mentem
2187 317 2405 352 aerariarum
2426 328 2490 362 gu-

1417 360 1620 396 bernationi
1636 369 1836 403 causarum,
1883 371 1951 397 uae
1974 361 2012 398 in
2029 366 2102 398 tam
2125 363 2317 408 pessimam
2336 364 2373 397 et
2387 362 2490 398 undi-

1386 409 1405 440 5
1419 416 1486 451 que
1522 404 1808 450 cauponaticiam
1893 416 1915 441 a
1940 416 2000 443 sae
2031 409 2117 443 suut
2146 407 2415 449 mercationem,
2451 409 2492 443 ut

1418 450 1516 486 nullo
1548 450 1656 494 digna
1683 459 1797 495 paene
1820 453 2003 487 consistat.
2051 452 2169 489 Tanta
2193 462 2344 498 namque
2368 451 2491 487 didici-

1417 506 1496 531 mus
1519 495 1676 540 delinqui
1704 495 1741 529 in
1772 495 1955 540 provincia
1985 502 2118 542 quanta
2146 498 2205 533 vix
2234 498 2308 533 viro
2338 497 2491 532 maximo

1419 542 1523 576 erunt
1555 540 1601 575 ad
1629 540 1850 576 sanationem
1878 539 2008 577 facilia.
2054 542 2258 579 Potentiam
2288 542 2380 578 enim
2406 553 2490 578 con-

1420 585 1586 621 ductores
1610 585 1893 631 possessionum,
1927 586 1990 621 sed
2017 586 2088 623 iam
2121 589 2228 624 etiam
2252 587 2491 623 erubescimus

590 629 654 675 ἤδη
678 634 737 665 καὶ
762 631 991 684 ἐρυθριώμεν
1014 631 1128 685 εἰπεῖν
1151 627 1241 675 μεθ’
1267 628 1351 673 ὅσης
1366 634 1406 666 10
1420 631 1538 667 dicere
1574 641 1654 666 cum
1687 634 1821 675 quanta
1857 631 2046 676 capiuntur
2075 633 2306 675 absurditate,
2342 635 2379 668 et
2410 633 2493 678 quia

1420 676 1568 712 clientes
1600 676 1651 711 eis
1683 676 1875 711 observant
1896 679 1934 711 et
1955 677 2142 714 multitudo
2166 678 2348 714 hominum
2371 678 2407 712 in
2436 688 2491 713 or·

1419 721 1539 757 tabilis
1570 721 1741 766 sequitur,
1775 724 1810 756 et
1832 720 2093 757 latrocinantur
2122 724 2278 759 universi
2306 724 2403 768 impu
2431 733 2491 758 en-

1418 770 1491 811 ter;
1529 770 1564 802 et
1594 767 1775 808 miramur,
1813 766 1988 810 quomodo
2024 766 2196 804 hactenus
2231 768 2305 804 illic
2340 767 2493 803 subiecti

1419 813 1636 848 duraverunt
1669 811 1841 856 oppressi.
1888 811 2013 856 Itaque
2033 811 2157 849 diebus
2185 814 2213 849 s'
2303 813 2311 822 ⁸
2356 812 2492 849 oranti-

272 867 422 901 ηρκεσεν
445 854 691 908 ἀδικουμενον.
739 857 936 911 τοιγαροῦν
963 855 1095 911 ἡμέρας
1125 857 1273 899 ἑκαστης
1296 854 1349 890 εὖ·
1366 860 1404 893 15
1417 857 1487 892 bus
1518 857 1621 893 nobis
1651 860 1686 892 et
1713 856 1914 892 communia
1946 857 2061 909 [sunt]
2087 858 2272 903 agentibus
2302 858 2493 894 multitudo

272 903 433 944 χομένοις
467 914 506 935 τε
541 904 628 946 ημῖν
663 904 722 936 καὶ
757 915 803 936 τα
839 914 941 936 κοινα
975 913 1175 948 πραττουσι
1210 900 1351 945 πλῆθος

273 945 433 991 πρόςεισι
458 945 722 981 Καππαδοκῶν
754 944 1012 991 ἀδικουμένων,
1045 951 1105 981 καὶ
1135 946 1260 982 πολλοὶ
1283 949 1350 991 μὲν

273 991 313 1023 ἐν
338 987 456 1025 αὐτοῖς
480 990 592 1038 ἱερεῖς,
621 995 783 1039 γυναῖκες
807 990 846 1026 δὲ
870 990 918 1027 ὦς
941 991 1117 1034 πλεῖσται,
1142 995 1202 1026 καὶ
1218 992 1350 1027 πάντες

272 1032 466 1080 ὀδύρονται
490 1040 550 1070 καὶ
581 1035 649 1079 τὴν
673 1038 751 1071 τῶν
774 1038 918 1072 οἰκείων
941 1035 1133 1093 ἀφαίρεσιν
1157 1038 1349 1072 αἰτιῶνται

1418 902 1507 938 adiit
1521 901 1818 947 Cappadocorum
1842 902 2051 937 iniustitiam
2076 913 2272 948 passorum,
2296 908 2333 940 et
2350 903 2493 949 plurimi

1419 948 1559 993 quidem
1582 948 1674 983 inter
1698 957 1759 983 eos
1783 946 2001 990 sacerdotes,
2025 947 2191 983 mulieres
2208 952 2326 984 autem
2346 949 2492 990 multae,

1419 995 1455 1028 et
1479 1003 1601 1028 omnes
1625 992 1894 1038 ingemiscentes
1919 996 1956 1027 et
1979 1002 2126 1028 suarum
2149 993 2362 1029 ablationem
2386 1003 2492 1029 accu-

1419 1042 1537 1074 santes
1567 1048 1702 1082 rerum,
1735 1038 1818 1082 quia
1849 1037 1968 1073 nullus
1998 1041 2052 1073 est
2080 1038 2181 1073 iuxta
2210 1038 2271 1082 qui
2299 1038 2387 1074 talia
2409 1049 2491 1083 pro-

272 1080 509 1127 πραγμάτων,
542 1083 620 1116 ἐπεὶ
643 1080 746 1127 μήτις
778 1085 855 1117 ἐστὶ
886 1081 1054 1131 σύνεγγυς
1083 1096 1103 1117 ο
1127 1082 1175 1117 τὰ
1197 1084 1349 1117 τοιαῦτα
1363 1086 1405 1119 20
1418 1083 1541 1119 hibere
1563 1084 1667 1119 valet.
1715 1082 1858 1118 Aerarii
1888 1093 1970 1118 vero
2003 1083 2184 1127 possessio
2213 1093 2328 1129 paene
2357 1083 2494 1128 privata

271 1124 426 1160 κωλύειν
457 1124 601 1169 ἰσχύων.
656 1126 678 1171 ἡ
707 1127 881 1172 ταμειακὴ
913 1126 953 1162 δὲ
983 1129 1103 1172 κτῆσις
1130 1126 1200 1183 ᾔδη
1223 1125 1350 1171 σχεδὸν
1418 1130 1516 1164 facta
1547 1131 1603 1164 est
1632 1130 1728 1170 tota,
1762 1127 1955 1163 dilacerata
1986 1132 2094 1174 atque
2127 1128 2267 1174 direpta
2296 1139 2377 1163 cum
2406 1127 2494 1173 ipsis

272 1168 437 1214 ἱδιωτικὴ
458 1175 605 1219 γέγονεν
627 1169 701 1217 ὅλη,
726 1170 962 1219 διασπωμένη
986 1187 1026 1207 τε
1041 1177 1100 1207 καὶ
1116 1175 1349 1219 αρπαζομένη

272 1214 339 1250 σὺν
363 1215 487 1251 αὐταῖς
515 1221 593 1252 ταῖς
622 1218 701 1253 τῶν
722 1218 850 1253 ἵππων
873 1217 1029 1265 ἀγέλαις,
1060 1216 1348 1265 ἀντιφθεγγομέ-

271 1273 335 1294 νου
359 1261 546 1297 παντελῶς
569 1261 722 1308 οὐδενός,
745 1260 836 1298 ἀλλὰ
859 1264 922 1298 τοῦ
946 1264 1124 1309 στόματος
1147 1261 1267 1299 αὐτοῖς
1291 1266 1350 1309 έμ-

271 1310 518 1354 φραττομένου
540 1312 687 1356 χρυσίῳ.

1419 1185 1591 1219 equorum
1613 1173 1791 1219 gregibus,
1825 1172 2092 1209 contradicente
2122 1174 2266 1219 penitus
2290 1173 2401 1217 nullo,
2431 1173 2495 1209 sed

1419 1230 1481 1256 ore
1504 1219 1555 1255 eis
1579 1220 1746 1256 obstruso
1769 1228 1871 1255 auro.

1364 1312 1406 1347 25

1265 1444 1423 1481 CAPUT
1447 1444 1511 1482 VI.

325 1521 393 1558 Διὰ
423 1524 541 1558 ταῦτα
575 1527 699 1559 τοίνυν
733 1526 799 1559 ἕνα
829 1525 908 1559 τῶν
938 1521 1022 1568 ἡμῖν
1052 1537 1166 1572 γνωρι
1195 1523 1351 1558 ωτάτων

271 1570 464 1613 ἐπιστῆσαι
491 1571 534 1617 τῇ
565 1568 666 1614 χώρᾳ
694 1568 807 1612 ταύτῃ
831 1568 1057 1614 βουλόμεθα,
1089 1566 1127 1604 ὃς
1174 1568 1195 1623 ὃ]
1219 1568 1351 1612 ταύτης

270 1615 332 1668 τῆς
361 1613 511 1660 τριπλῆς
542 1613 711 1670 ἡγήσεται
745 1606 897 1657 τάξεως,
932 1612 1040 1658 μόνος
1075 1615 1115 1648 ἐν
1148 1615 1247 1658 αυτῷ
1282 1614 1351 1657 τὴν

1470 1524 1667 1570 Propterea
1694 1523 1804 1569 igItur
1833 1534 1944 1560 unum
1973 1524 2076 1561 nobis
2100 1524 2368 1560 notissimorum
2391 1535 2496 1570 prae·

1418 1580 1552 1615 ponere
1585 1569 1791 1615 provinciae
1825 1569 1909 1605 huic
1940 1570 2119 1614 volumus,
2155 1569 2215 1614 qui
2249 1570 2333 1606 huic
2367 1570 2497 1616 triplici

1418 1615 1553 1660 praesit
1573 1614 1704 1659 officio,
1730 1615 1826 1650 solus
1850 1616 1887 1650 in
1913 1625 1951 1651 se
1974 1617 2090 1651 totum
2114 1615 2367 1652 circumferens
2387 1617 2495 1660 magi-

271 1658 361 1703 ολην
379 1663 587 1707 περιφέρων
609 1659 720 1705 αρχήν
744 1674 783 1694 τε
807 1663 867 1694 καὶ
889 1660 1064 1702 ἐξουσίαν,
1088 1662 1148 1693 καὶ
1169 1657 1350 1705 χρώμενος
1419 1663 1571 1695 Stratum
1603 1664 1638 1695 et
1667 1662 1900 1705 potestatem,
1932 1663 2038 1696 utens
2071 1660 2210 1706 quidem
2241 1661 2360 1697 causis
2385 1661 2496 1697 civilis

270 1707 338 1748 μὲν
368 1708 441 1739 τοῖς
472 1702 695 1751 παρασήμοις
725 1707 786 1749 τῆς
816 1705 999 1740 nolimu}
1027 1701 1134 1752 ἀρχῆς
1163 1705 1279 1749 ὄχημα
1310 1719 1350 1740 τε
1364 1708 1405 1740 30
1419 1705 1735 1741 administrationis
1769 1708 2048 1751 carpentumque
2077 1716 2121 1741 ex
2144 1709 2292 1750 argento
2316 1710 2352 1742 et
2374 1707 2495 1751 proxi·

272 1750 311 1791 ἐξ
340 1747 495 1797 ἀργύρου
527 1754 586 1785 καὶ
619 1750 769 1786 πέλεκυν
799 1753 859 1785 καὶ
890 1750 935 1798 ῥά
985 1761 1044 1784 ους
1071 1752 1167 1792 ἔχων
1197 1754 1256 1784 καὶ
1280 1748 1350 1785 ὅσα

272 1798 400 1840 σημεῖα
431 1795 658 1839 καθέστηκεν
691 1793 822 1842 ἀρχαῖα
855 1797 919 1830 τοῦ
953 1794 1082 1840 νόμου,
1118 1793 1279 1836 ἐπιτάξει
1310 1793 1350 1830 δὲ

271 1844 331 1875 καὶ
355 1844 428 1875 τοῖς
451 1840 708 1895 στρατιώταις,
738 1844 799 1875 καὶ
822 1839 1074 1895 ἐπιμελήσεται
1102 1841 1181 1874 τῶν
1203 1853 1349 1884 ταμεια-

1419 1761 1511 1786 mam
1536 1755 1613 1794 (seu
1637 1753 1812 1794 securem)
1846 1751 1901 1786 vel
1934 1751 2052 1786 fasces
2081 1751 2218 1786 habens
2248 1755 2283 1786 et
2306 1761 2495 1796 quaecum-

1419 1807 1487 1842 que
1516 1796 1616 1840 signa
1651 1799 1735 1831 sunt
1767 1796 1915 1841 antiqua
1945 1797 2050 1841 legis,
2086 1796 2276 1841 imperabit
2310 1800 2429 1833 autem
2459 1799 2497 1832 et

1418 1841 1589 1877 militibus
1625 1845 1661 1877 et
1697 1841 1911 1886 diligentiam
1952 1841 2098 1878 habebit
2133 1842 2353 1877 aerariorum
2388 1852 2494 1888 quae-

271 1887 348 1920 κών
371 1885 509 1933 πόρων,
544 1898 632 1921 mere
656 1887 787 1933 φοιτᾶν
819 1885 945 1920 αὐτους
970 1884 1172 1920 ανελλιπῶς
1195 1883 1350 1920 άπάσαις
1419 1891 1556 1930 stuum,
1591 1889 1633 1922 ut
1668 1886 1843 1922 accedant
1877 1886 2123 1922 indeficienter
2158 1887 2205 1922 ad
2237 1897 2358 1923 omnes
2389 1898 2497 1933 super

270 1934 348 1966 ταῖς
372 1933 432 1966 ἐπὶ
455 1929 576 1975 τούτῳ
599 1935 833 1979 τεταγμέναις
859 1929 1000 1978 ἀρχαῖς,
1031 1933 1091 1964 καὶ
1115 1929 1239 1974 πολλῷ
1262 1930 1349 1975 μᾶλ-
1364 1935 1404 1966 35
1419 1932 1488 1967 hoc
1521 1935 1676 1967 statutas
1708 1932 2052 1975 administrationes,
2088 1935 2124 1967 et
2156 1932 2268 1968 multo
2306 1933 2418 1977 magis
2450 1932 2498 1969 ad

271 1975 336 2011 λον
359 1977 407 2011 εἰς
429 1975 474 2011 τὰ
497 1973 649 2024 ἡμέτερα
672 1976 855 2021 βασίλεια,
880 1974 1050 2021 καθάπερ
1073 1978 1133 2009 καὶ
1156 1977 1224 2010 νῦν
1247 1988 1349 2023 προς-

271 2025 448 2068 έρχονται,
473 2021 652 2068 προφάσει
675 2023 754 2057 τῶν
773 2035 814 2057 τε
834 2022 882 2056 εἰς
898 2019 987 2066 ἡμᾶς
1005 2022 1252 2066 κομιζομένων
1272 2023 1350 2056 τῶν

270 2080 311 2102 τε
343 2067 391 2102 εἰς
421 2066 488 2110 τὴν
519 2066 717 2111 θειοτάτην
748 2070 808 2101 καὶ
839 2063 1102 2111 εὐσεβεστάτην
1133 2064 1352 2114 Αὖγοῦσταν

270 2111 338 2156 τὴν
362 2110 538 2159 ἡμετέραν
561 2110 727 2157 σύμβιον,
752 2113 793 2147 ἔν
816 2125 856 2147 τε
879 2116 1013 2159 χρυσίῳ
1038 2114 1098 2145 καὶ
1121 2112 1268 2155 ἐσθῆτι·
1294 2109 1351 2146 οὗ·

269 2159 293 2194 l
337 2156 400 2192 ὃὲν
419 2157 486 2204 γὰρ
506 2158 650 2192 ἐκεῖθεν
673 2157 932 2201 ἐλαττωθῆναι
951 2156 1172 2202 βουλόμεθα.
1220 2155 1259 2191 οὗ

351 2202 359 2211 κ

1419 1979 1544 2012 nostra
1567 1977 1716 2022 regalia,
1751 1977 1846 2012 sicut
1868 1979 1905 2011 et
1927 1987 2023 2012 nunc
2047 1977 2223 2012 accedunt
2247 1978 2437 2013 occasione
2460 1981 2497 2014 et

1420 2033 1543 2058 eorum
1567 2032 1658 2068 quae
1681 2022 1727 2057 ad
1751 2033 1816 2058 nos
1840 2022 2050 2057 deferuntur
2078 2026 2114 2057 et
2138 2032 2229 2067 quae
2257 2022 2304 2058 ad
2327 2023 2496 2059 sacratis-

1422 2069 1545 2103 simam
1570 2072 1605 2102 et
1623 2067 1819 2113 piissimam
1840 2068 2038 2111 Augustam
2058 2069 2215 2103 nostram
2239 2068 2435 2113 coniugem,
2458 2069 2496 2104 in

1420 2123 1509 2149 auro
1529 2117 1650 2148 autem
1666 2117 1703 2147 et
1721 2115 1835 2156 veste;
1860 2112 1950 2148 nihil
1973 2113 2064 2148 enim
2087 2112 2168 2148 inde
2192 2112 2302 2147 minui
2322 2113 2494 2149 volumus.

1280 2156 1352 2201 μὴν
1365 2161 1407 2193 40
1421 2160 1443 2194 1
1497 2157 1579 2193 Non
1610 2162 1728 2193 tamen
1753 2157 1949 2193 secundum
1979 2158 2049 2193 hoc
2077 2158 2154 2194 dari
2177 2158 2321 2193 schema
2344 2163 2380 2194 et
2402 2158 2497 2195 sicut

271 2216 365 2238 κατα
383 2203 426 2238 τὸ
446 2204 613 2238 τοιοῦτον
636 2200 812 2238 δίδοσθαι
833 2204 950 2247 σχῆμα
973 2199 1145 2248 καθάπερ
1164 2204 1267 2247 μέχρι
1286 2203 1356 2236 νῦν
1685 2223 1687 2226 -

269 2294 496 2375 ἱ9““”ι,ἵ“”“ἑ
514 2291 877 2374 ἕξῖΜΜῖιῖῗῖίῖΞέ
891 2291 1696 2373 {ssiuZ‘aimffi‘issmniniff'lsllssiaiii-2²25?
1709 2292 2441 2374 ggggsaggssdggzgggoqgffisiuquoy&
2463 2295 2496 2330 ‘²‘

270 2349 417 2431 qragssm
427 2349 484 2420 εἶτ
510 2366 682 2435 undique·
698 2349 859 2435 uenalem
874 2382 1062 2435 ,delapsae
1095 2386 1183 2434 sunt
1199 2349 1446 2435 mercatum„
1464 2387 1507 2419 ut
1540 2382 1640 2434 nullo
1675 2383 1758 2429 fere
1787 2383 1912 2435 pretio
1949 2382 2082 2463 dIiJnae
2115 2365 2214 2435 sint,
2242 2348 2497 2435 qulrltanenaiss

271 2430 477 2483 accepimus
508 2432 679 2464 committi
708 2439 748 2463 in
774 2429 965 2476 provincia
995 2431 1143 2474 quantis
1171 2439 1237 2464 vix
1263 2429 1319 2464 vir
1343 2439 1526 2464 maximus
1555 2427 1731 2464 sanandis
1753 2439 1830 2476 par
1853 2433 1911 2464 stt.
2001 2439 2059 2463 am
2091 2439 2152 2474 qui
2181 2432 2382 2475 potentium
2406 2440 2496 2476 pos-

271 2485 449 2512 sessiones
471 2473 727 2510 administrant
749 2493 793 2500 —
815 2473 881 2510 sed
902 2473 975 2509 iam
998 2473 1106 2509 etiam
1129 2472 1249 2509 dicere
1272 2473 1531 2517 erubescimus,
1567 2478 1706 2519 quanta
1729 2484 1809 2509 cum
1832 2473 2055 2509 absurditate
2083 2473 2249 2510 oberrent
2272 2477 2308 2509 et
2329 2474 2497 2521 quemad-

271 2520 417 2557 modum
440 2524 477 2556 et
497 2519 672 2555 satellites
694 2519 768 2554 illis
790 2518 987 2555 inserviant
1010 2523 1046 2554 et
1068 2518 1260 2554 multitudo
1282 2518 1463 2554 hominum
1483 2530 1558 2554 non
1575 2518 1734 2565 ferenda
1753 2530 1816 2555 eos
1843 2519 2031 2555 comitetur
2053 2529 2246 2570 omnesque
2271 2518 2498 2565 impudenter

272 2566 548 2608 latrocinentur,
585 2575 629 2600 ac
659 2565 835 2600 miramur
866 2563 1047 2611 quomodo
1079 2574 1194 2610 usque
1223 2564 1343 2600 adbuc
1365 2563 1500 2600 subditi
1530 2565 1569 2599 in
1599 2563 1665 2599 illa
1695 2564 1843 2611 reqione
1866 2563 2151 2610 perduraverint
2178 2563 2324 2599 iniuriis
2351 2565 2495 2611 affecti.

273 2611 405 2659 Itaque
427 2609 590 2658 quotidie
617 2621 686 2646 nos
713 2614 750 2646 et
779 2620 854 2646 rem
885 2609 1042 2645 divinam
1070 2609 1252 2655 facientes
1283 2614 1319 2645 et
1341 2608 1493 2656 publica
1516 2609 1663 2656 neqotia
1693 2612 1891 2645 tractantes
1921 2608 2113 2644 multitudo
2137 2607 2214 2644 adit
2240 2607 2497 2656 Cappadocum

272 2657 419 2693 iniuriis
441 2655 669 2702 affectorum,
699 2655 866 2702 interque
895 2665 959 2690 eos
989 2665 1069 2689 cum
1091 2654 1301 2691 sacerdotes
1323 2654 1426 2690 multi
1457 2658 1529 2690 tum
1556 2655 1736 2702 plurimae
1764 2654 1947 2696 mulieres,
1978 2664 2171 2700 omnesque
2196 2653 2440 2690 lamentantur
2461 2660 2498 2691 et

272 2713 333 2738 res
358 2712 445 2738 suas
475 2701 618 2738 ablatas
646 2711 723 2737 esse
750 2703 964 2748 queruntur,
995 2700 1168 2746 quoniam
1196 2711 1300 2736 nemo
1329 2701 1366 2735 in
1388 2700 1604 2747 propinquo
1635 2703 1690 2736 est
1720 2699 1783 2746 qui
1815 2698 1904 2734 talia
1921 2697 2120 2745 prohibere
2169 2699 2266 2734 ossit.
2328 2699 2497 2736 Tamiaca

273 2758 358 2784 vero
375 2746 563 2794 possessio
586 2747 660 2782 iam
680 2747 763 2792 fere
784 2749 862 2782 tota
878 2746 1030 2792 privata
1051 2745 1159 2791 facta
1182 2749 1247 2788 est,
1273 2745 1450 2797 distracta
1473 2749 1509 2781 et
1532 2755 1611 2780 cum
1634 2745 1724 2792 ipsis
1748 2754 1922 2791 equorum
1941 2743 2114 2790 qreqibus
2159 2744 2291 2791 irepta,
2315 2754 2381 2780 nec
2400 2745 2496 2792 quis-

274 2803 384 2840 quam
406 2792 554 2828 omnino
575 2791 804 2834 contradicit,
829 2801 908 2826 cum
933 2801 975 2826 os
998 2791 1050 2826 eis
1073 2801 1164 2825 auro
1190 2791 1372 2826 occlusum
1395 2794 1452 2826 stt.

409 2836 471 2874 VI.
526 2836 604 2873 Pro
634 2841 732 2872 terea
761 2836 875 2883 iqitur
904 2846 1014 2871 unum
1045 2846 1096 2872 eoe
1126 2836 1173 2871 iis
1203 2837 1269 2888 qui
1289 2835 1394 2872 nobis
1416 2835 1593 2872 notissimi
1615 2839 1702 2871 sunt
1729 2834 1813 2871 huic
1841 2835 1984 2883 reqioni
2000 2835 2205 2882 praeficere
2228 2834 2402 2878 volumus,
2433 2836 2498 2882 qui

274 2882 418 2936 quidem
439 2882 575 2930 triplici
627 2881 686 2917 uic
706 2881 756 2934 of
777 2881 833 2917 cio
880 2881 992 2917 raesit
1018 2885 1055 2917 et
1072 2880 1174 2917 solus
1196 2892 1236 2917 m
1255 2885 1366 2918 semet
1388 2891 1527 2917 omnem
1548 2884 1584 2916 et
1602 2881 1855 2927 maqistratum
1878 2885 1914 2917 et
1926 2884 2143 2927 potestatem
2164 2879 2443 2927 comprehendat
2461 2885 2499 2917 et

273 2928 478 2975 insignibus
500 2926 644 2975 quidem
668 2927 702 2962 ci
750 2927 783 2963 is
806 2938 828 2962 a
855 2926 1131 2962 ministrationis
1154 2930 1290 2970 utatur,
1322 2936 1433 2962 curru
1463 2936 1514 2962 ex
1537 2931 1690 2972 arqento
1711 2926 1816 2972 facto
1847 2930 1883 2962 et
1904 2926 2025 2961 securi
2051 2931 2087 2961 et
2110 2925 2223 2972 virqis
2277 2924 2440 2961 racditus
2462 2929 2498 2962 ct

274 2984 520 3021 quaecumque
543 2972 696 3019 antiqua
718 2972 825 3019 siqna
849 2971 1010 3018 leqitima
1026 2975 1122 3015 sunt,
1147 2971 1240 3007 idem
1258 2975 1377 3008 autem
1395 2970 1567 3007 militibus
1590 2982 1735 3023 quoque
1754 2971 1906 3018 imperet
1926 2975 1960 3006 et
1973 2970 2184 3018 prospiciat
2202 2981 2243 3006 re
2268 2969 2376 3006 itibus
2395 2970 2497 3006 tami·

275 3019 372 3062 acis,
403 3024 445 3054 ut
474 3018 553 3054 sine
584 3017 847 3054 intermissione
878 3016 928 3052 ad
957 3027 1079 3053 omnes
1108 3017 1345 3064 maqistratus
1376 3015 1426 3052 ad
1455 3016 1524 3052 boc
1554 3020 1769 3052 constitutos
1799 3020 1835 3052 et
1856 3016 1969 3051 multo
1994 3016 2111 3062 maqis
2136 3015 2186 3051 ad
2208 3020 2370 3051 nostrum
2391 3015 2497 3062 pala-

275 3065 363 3100 tium
378 3063 606 3112 perveniant,
638 3062 935 3110 quemadmodum
957 3072 1054 3098 nunc
1081 3073 1226 3109 quoque
1242 3062 1475 3109 perveniunt,
1507 3066 1580 3097 tam
1603 3073 1728 3098 eorum
1750 3061 1893 3098 nomine
1921 3072 2015 3108 quae
2038 3060 2089 3096 ad
2110 3071 2178 3096 nos
2200 3071 2309 3107 quam
2333 3072 2426 3107 quae
2448 3060 2499 3096 ad

274 3109 558 3146 sacratissimam
581 3112 617 3144 et
631 3108 838 3155 piissimam
849 3108 1052 3154 Auqustam
1076 3107 1262 3155 coniugem
1286 3110 1449 3143 nostram
1472 3106 1690 3153 deferuntur
1712 3111 1748 3143 et
1770 3107 1808 3143 in
1828 3117 1920 3142 auro
1944 3111 1980 3142 et
2001 3106 2040 3141 in
2060 3110 2171 3142 veste:
2193 3105 2285 3141 nihil
2302 3106 2395 3141 enim
2414 3105 2498 3141 inde

274 3157 298 3193 1
343 3154 503 3191 deminui
525 3153 699 3190 volumus.
771 3153 847 3189 Nec
871 3157 990 3189 tamen
1013 3152 1208 3189 seeundum
1231 3151 1407 3188 eiusmodi
1426 3152 1601 3198 formam,
1632 3152 1811 3199 quomodo
1835 3163 1949 3199 usque
1972 3150 2091 3187 adbuc
2109 3150 2230 3196 fiebat,
2254 3161 2305 3187 ex
2324 3150 2441 3196 furtu
2459 3151 2497 3185 ae

322 3262 338 3294 1
366 3257 620 3305 στρατιωτῶν]
642 3256 845 3289 militaribus
866 3257 902 3298 (i.
924 3269 951 3290 ε.
975 3255 1264 3302 στρατιωτικῶν)
1289 3267 1309 3293 ς’
1341 3251 1354 3296 [Ι

276 3307 297 3340 2
321 3301 462 3350 σφόδρα
476 3317 533 3337 om.
547 3301 594 3348 ςΙ
613 3305 633 3337 5
658 3303 836 3348 ἐμπορίαν
850 3302 959 3343 ΜΒς]
983 3296 1183 3349 ἆπορίανὶ
1200 3301 1211 3344 ΙΙ
1231 3303 1251 3335 2
1275 3300 1354 3342 Ιξια

277 3351 325 3385 L²
372 3352 391 3384 9
416 3346 563 3383 εὔκολον
581 3348 614 3382 L
632 3347 644 3389 ΙΙ
660 3348 912 3392 ἐπιτρέποντες
935 3347 967 3380 L
983 3346 995 3390 ΙΙ
1018 3349 1057 3381 10
1079 3345 1264 3392 ἐρυθριῶν
1285 3347 1353 3391 μὲν

277 3397 328 3430 L·
365 3397 403 3430 11
417 3391 582 3429 ἀλῶνται
596 3393 651 3435 M]
663 3388 846 3426 ἇλλῶνται
860 3393 891 3426 L
908 3388 1070 3426 ἀλῶνται
1083 3393 1139 3430 Be
1154 3391 1167 3437 ΙΙ
1189 3394 1228 3426 12
1242 3391 1353 3437 θερα-

278 3450 472 3474 πευσουσιν
494 3440 545 3474 L·
574 3439 587 3481 ΙΙ
614 3434 778 3481 πλήθους
801 3437 832 3471 L
860 3436 873 3482 11
902 3434 1062 3483 φορητὸν
1085 3437 1155 3479 Be]
1208 3436 1353 3483 ορητῶν

279 3485 379 3528 MLu
401 3488 440 3519 15
465 3478 676 3527 εὐχομένοις]
700 3479 970 3527 ἀσχολουμένοις
989 3481 1066 3528 L²fl
1094 3484 1134 3517 19
1158 3450 1352 3529 ὄέύρονται

278 3548 324 3555 -
342 3529 542 3572 αἰτιῶνται]
567 3529 820 3573 ingemiscentes
832 3546 875 3552 ——
890 3529 1080 3561 accusantes
1105 3529 1150 3571 ς11
1171 3529 1213 3562 22
1237 3523 1351 3574 ἆρπα·

281 3576 425 3629 ζομένης
439 3575 468 3608 L
487 3576 498 3617 ἢ
515 3577 556 3609 29
578 3576 638 3608 καὶ
653 3571 847 3621 χρώμενος]
867 3573 927 3606 καὶ
950 3586 1007 3607 οηι.
1022 3584 1043 3610 e
1059 3572 1072 3618 Ι
1089 3575 1131 3607 30
1147 3575 1221 3607 τοῖς
1238 3583 1352 3619 παρα·

280 3620 604 3711 Ζὲζῖὶῖἷτίἷ“ἷῖοῧ3“
620 3618 899 3710 23γῇξῖᾞαί
912 3618 1035 3704 ξιιιτῖῗ
1049 3615 1351 3709 αἶ”ἑέιῗαῦῗῗῖιΜέ

282 3710 423 3745 τοιοῦτο
446 3709 478 3742 L
499 3710 562 3742 hoc
577 3709 627 3753 ‘fl
649 3706 830 3754 καθάπερ]
855 3710 888 3743 et
908 3709 996 3743 siout
1019 3720 1040 3746 e

1471 3257 1486 3290 1
1512 3255 1751 3289 consuetudine
1779 3254 1845 3307 71]
1870 3257 1929 3287 aut
1960 3255 1993 3287 V
2013 3253 2025 3298 ΙΙ
2055 3255 2075 3288 2
2100 3255 2218 3296 utpute
2249 3253 2285 3287 V
2342 3251 2363 3285 3
2383 3250 2493 3283 mente

1423 3301 1500 3334 libri
1516 3300 1529 3344 fl
1544 3303 1563 3335 5
1589 3300 1787 3344 cauponatia
1811 3299 2017 3343 dilapserunt
2039 3298 2238 3332 mercatione
2257 3296 2293 3332 V
2329 3296 2351 3329 6
2372 3293 2492 3336 dignae

1421 3355 1524 3388 paene
1548 3346 1729 3379 consistant
1752 3345 1837 3390 vulq.
1866 3344 1879 3389 ΙΙ
1906 3355 1992 3388 pena
2024 3344 2059 3378 V
2080 3343 2094 3388 fl
2121 3346 2140 3377 7
2170 3339 2376 3387 prouinciam
2403 3338 2436 3371 T
2478 3339 2492 3381 ΙΙ

1421 3392 1561 3424 maxime
1582 3391 1637 3436 7Ι
1656 3392 1676 3425 9
1697 3390 1796 3425 etiam
1816 3403 1875 3424 om.
1892 3391 1946 3434 711
1968 3392 2008 3424 14
2029 3387 2258 3422 emtionibus
2276 3382 2352 3427 7“Ι
2374 3384 2412 3418 15
2431 3393 2491 3416 no·

1421 3436 1472 3469 bis
1491 3449 1549 3470 om.
1569 3436 1603 3470 V
1615 3438 1648 3471 in
1669 3437 1759 3471 hiatu
1771 3436 1792 3470 3
1806 3435 1863 3470 liu.
1891 3434 1904 3480 ΙΙ
1927 3437 1960 3468 et
1972 3445 2055 3478 quae
2067 3430 2252 3467 eommunis
2262 3430 2341 3462 sunt
2352 3428 2455 3462 Neob.
2479 3428 2491 3472 ΙΙ

1420 3483 1499 3513 sunt
1522 3494 1580 3515 om.
1595 3482 1652 3516 vul
1673 3481 1711 3525 ,η
1734 3480 1891 3524 gentibus
1914 3479 2016 3525 libr-iu
2047 3480 2086 3513 16
2108 3486 2147 3510 ea
2177 3520 2186 3528 ο
2210 3483 2344 3508 ooorum
2364 3473 2396 3506 T
2415 3483 2491 3550 ⁰?-

1444 3525 1582 3560 adorum
1602 3494 1894 3570 Vffpossessorum
1913 3524 2002 3569 VT}
2030 3525 2069 3559 19
2090 3531 2152 3565 pro
2175 3519 2280 3553 ibex-et
2299 3516 2357 3562 71
2379 3519 2420 3552 21
2463 3529 2490 3551 ι-

1434 3581 1529 3605 acera
1558 3572 1592 3606 V
1654 3574 1695 3606 27
1721 3571 1848 3614 triplici
1870 3570 2005 3614 praesit]
2036 3566 2188 3601 uolumus
2216 3563 2282 3606 711
2313 3564 2355 3597 29
2379 3565 2488 3605 utens]

1420 3618 1459 3649 ut
1482 3619 1530 3649 est
1561 3617 1596 3651 V
1646 3618 1686 3652 31
1714 3616 1770 3650 uel
1794 3616 1894 3658 TaL]
1918 3617 1957 3648 ut
1986 3613 2022 3648 V
2042 3612 2076 3645 et
2097 3622 2137 3643 ou
2174 3634 2181 3642 .
2209 3608 2222 3653 Ι
2245 3607 2360 3642 falsces
2395 3609 2443 3641 V⁰

1420 3662 1463 3695 32
1487 3661 1665 3705 imperauit
1691 3660 1749 3705 71
1769 3661 1815 3696 34
1836 3659 2060 3694 indeficientes
2086 3654 2149 3691 VT
2196 3655 2238 3688 36
2262 3657 2406 3687 nostram
2429 3653 2463 3687 V

1420 3708 1454 3740 et
1473 3708 1599 3750 eorum]
1617 3709 1651 3742 et
1672 3718 1732 3741 cm.
1753 3705 1807 3739 V·
