<?xml version="1.0" encoding="UTF-8"?>
<!DOCTYPE html PUBLIC "-//W3C//DTD XHTML 1.0 Transitional//EN"
    "http://www.w3.org/TR/xhtml1/DTD/xhtml1-transitional.dtd">
<html xmlns="http://www.w3.org/1999/xhtml" xml:lang="en" lang="en">
 <head>
  <title>
</title>
<meta http-equiv="Content-Type" content="text/html;charset=utf-8" />
  <meta name='ocr-system' content='tesseract 3.04.00' />
  <meta name='ocr-capabilities' content='ocr_page ocr_carea ocr_par ocr_line ocrx_word'/>
</head>
<body>
  <div class='ocr_page' id='page_1' title='image "./corpusiuriscivil03krueuoft_0132.png"; bbox 0 0 2618 4010; ppageno 0'>
   <div class='ocr_carea' id='block_1_1' title="bbox 255 91 621 136">
    <p class='ocr_par' dir='ltr' id='par_1_1' title="bbox 255 91 621 136">
     <span class='ocr_line' id='line_1_1' title="bbox 255 91 621 136; baseline 0.005 -2"><span class='ocrx_word' id='word_1_1' title='bbox 255 91 363 134; x_wconf 84' lang='lat' dir='ltr'><strong>Nov.</strong></span> <span class='ocrx_word' id='word_1_2' title='bbox 393 93 497 136; x_wconf 87' lang='lat' dir='ltr'>XIII</span> <span class='ocrx_word' id='word_1_3' title='bbox 526 95 564 136; x_wconf 88' lang='grc'><strong>3.</strong></span> <span class='ocrx_word' id='word_1_4' title='bbox 595 97 621 135; x_wconf 90' lang='grc'>4</span> 
     </span>
    </p>
   </div>
   <div class='ocr_carea' id='block_1_2' title="bbox 1327 87 1404 135">
    <p class='ocr_par' dir='ltr' id='par_1_2' title="bbox 1327 87 1404 135">
     <span class='ocr_line' id='line_1_2' title="bbox 1327 87 1404 135; baseline 0.013 -1"><span class='ocrx_word' id='word_1_5' title='bbox 1327 87 1404 135; x_wconf 82' lang='lat'><strong>102</strong></span> 
     </span>
    </p>
   </div>
   <div class='ocr_carea' id='block_1_3' title="bbox 2079 104 2469 138">
    <p class='ocr_par' dir='ltr' id='par_1_3' title="bbox 2079 104 2469 138">
     <span class='ocr_line' id='line_1_3' title="bbox 2079 104 2469 138; baseline 0.008 -3"><span class='ocrx_word' id='word_1_6' title='bbox 2079 105 2139 136; x_wconf 81' lang='lat' dir='ltr'><strong>DE</strong></span> <span class='ocrx_word' id='word_1_7' title='bbox 2166 104 2469 138; x_wconf 73' lang='lat' dir='ltr'>PRAETORIBUS</span> 
     </span>
    </p>
   </div>
   <div class='ocr_carea' id='block_1_4' title="bbox 1239 222 1491 259">
    <p class='ocr_par' dir='ltr' id='par_1_4' title="bbox 1239 222 1491 259">
     <span class='ocr_line' id='line_1_4' title="bbox 1239 222 1491 259; baseline 0.004 -1"><span class='ocrx_word' id='word_1_8' title='bbox 1239 222 1396 259; x_wconf 82' lang='lat' dir='ltr'>CAPUT</span> <span class='ocrx_word' id='word_1_9' title='bbox 1425 223 1491 259; x_wconf 89' lang='lat'><strong>111.</strong></span> 
     </span>
    </p>
   </div>
   <div class='ocr_carea' id='block_1_5' title="bbox 255 283 1334 703">
    <p class='ocr_par' dir='ltr' id='par_1_5' title="bbox 255 283 1334 703">
     <span class='ocr_line' id='line_1_5' title="bbox 301 283 1333 344; baseline 0.002 -20"><span class='ocrx_word' id='word_1_10' title='bbox 301 283 364 335; x_wconf 59' lang='grc' dir='ltr'>&lt;Ῑῖ&gt;</span> <span class='ocrx_word' id='word_1_11' title='bbox 393 292 550 336; x_wconf 67' lang='grc' dir='ltr'><strong><em>Πρῶτον</em></strong></span> <span class='ocrx_word' id='word_1_12' title='bbox 565 293 632 335; x_wconf 77' lang='grc' dir='ltr'><strong>μὲν</strong></span> <span class='ocrx_word' id='word_1_13' title='bbox 653 285 718 326; x_wconf 68' lang='grc' dir='ltr'><strong>οἶν</strong></span> <span class='ocrx_word' id='word_1_14' title='bbox 738 292 970 336; x_wconf 81' lang='grc' dir='ltr'><strong><em>θεσπίζομεν,</em></strong></span> <span class='ocrx_word' id='word_1_15' title='bbox 991 290 1127 335; x_wconf 75' lang='grc' dir='ltr'><strong><em>μηδένα</em></strong></span> <span class='ocrx_word' id='word_1_16' title='bbox 1147 288 1333 344; x_wconf 50' lang='grc' dir='ltr'><strong><em>παντελῶς</em></strong></span> 
     </span>
     <span class='ocr_line' id='line_1_6' title="bbox 258 332 1333 383; baseline 0.002 -15"><span class='ocrx_word' id='word_1_17' title='bbox 258 338 316 368; x_wconf 83' lang='grc' dir='ltr'><strong><em>ἐπὶ</em></strong></span> <span class='ocrx_word' id='word_1_18' title='bbox 339 334 405 377; x_wconf 86' lang='grc' dir='ltr'><strong>τὴν</strong></span> <span class='ocrx_word' id='word_1_19' title='bbox 428 338 615 380; x_wconf 77' lang='grc' dir='ltr'><strong><em>εἰρημένην</em></strong></span> <span class='ocrx_word' id='word_1_20' title='bbox 637 333 748 382; x_wconf 82' lang='grc' dir='ltr'><strong><em>ἀρχὴν</em></strong></span> <span class='ocrx_word' id='word_1_21' title='bbox 767 340 948 383; x_wconf 73' lang='grc' dir='ltr'><strong><em>παριέναι,</em></strong></span> <span class='ocrx_word' id='word_1_22' title='bbox 966 339 1053 382; x_wconf 84' lang='grc' dir='ltr'><strong><em>πρὶν</em></strong></span> <span class='ocrx_word' id='word_1_23' title='bbox 1077 334 1098 378; x_wconf 87' lang='grc' dir='ltr'><strong><em>ἢ</em></strong></span> <span class='ocrx_word' id='word_1_24' title='bbox 1121 332 1210 380; x_wconf 71' lang='grc' dir='ltr'><strong><em>παρ’</em></strong></span> <span class='ocrx_word' id='word_1_25' title='bbox 1229 348 1252 378; x_wconf 86' lang='grc' dir='ltr'><strong><em>η</em></strong></span> <span class='ocrx_word' id='word_1_26' title='bbox 1279 335 1333 370; x_wconf 77' lang='grc' dir='ltr'><strong>ὧν</strong></span> 
     </span>
     <span class='ocr_line' id='line_1_7' title="bbox 257 349 1332 427; baseline 0.003 -15"><span class='ocrx_word' id='word_1_27' title='bbox 257 378 418 423; x_wconf 69' lang='grc' dir='ltr'><strong><em>σύμβολα</em></strong></span> <span class='ocrx_word' id='word_1_28' title='bbox 449 383 512 414; x_wconf 88' lang='grc' dir='ltr'><strong>τοῦ</strong></span> <span class='ocrx_word' id='word_1_29' title='bbox 543 386 807 427; x_wconf 79' lang='grc' dir='ltr'><strong><em>φροντίσματος</em></strong></span> <span class='ocrx_word' id='word_1_30' title='bbox 837 380 957 425; x_wconf 77' lang='grc' dir='ltr'><strong><em>λάβοι,</em></strong></span> <span class='ocrx_word' id='word_1_31' title='bbox 986 383 1045 414; x_wconf 85' lang='grc' dir='ltr'><strong>καὶ</strong></span> <span class='ocrx_word' id='word_1_32' title='bbox 1075 377 1203 423; x_wconf 80' lang='grc' dir='ltr'><strong><em>μηδενὶ</em></strong></span> <span class='ocrx_word' id='word_1_33' title='bbox 1237 349 1332 427; x_wconf 58' lang='grc' dir='ltr'><strong><em>λιόγῳ</em></strong></span> 
     </span>
     <span class='ocr_line' id='line_1_8' title="bbox 257 422 1333 470; baseline 0.001 -13"><span class='ocrx_word' id='word_1_34' title='bbox 257 423 390 468; x_wconf 80' lang='grc' dir='ltr'><strong><em>τολμᾶν</em></strong></span> <span class='ocrx_word' id='word_1_35' title='bbox 413 424 484 465; x_wconf 78' lang='grc' dir='ltr'><strong><em>ἔξω</em></strong></span> <span class='ocrx_word' id='word_1_36' title='bbox 513 424 716 469; x_wconf 72' lang='grc' dir='ltr'><strong><em>βασιλικῶν</em></strong></span> <span class='ocrx_word' id='word_1_37' title='bbox 747 425 939 470; x_wconf 77' lang='grc' dir='ltr'><strong><em>συμβόλων</em></strong></span> <span class='ocrx_word' id='word_1_38' title='bbox 969 427 1028 459; x_wconf 69' lang='grc' dir='ltr'><strong><em>ἐπὶ</em></strong></span> <span class='ocrx_word' id='word_1_39' title='bbox 1058 423 1099 458; x_wconf 87' lang='grc' dir='ltr'><strong><em>τὸ</em></strong></span> <span class='ocrx_word' id='word_1_40' title='bbox 1130 422 1333 470; x_wconf 77' lang='grc' dir='ltr'><em>φρόντισμα</em></span> 
     </span>
     <span class='ocr_line' id='line_1_9' title="bbox 257 466 1333 517; baseline 0.001 -15"><span class='ocrx_word' id='word_1_41' title='bbox 257 469 364 502; x_wconf 73' lang='grc' dir='ltr'><strong><em>τοῦτο</em></strong></span> <span class='ocrx_word' id='word_1_42' title='bbox 386 473 526 517; x_wconf 77' lang='grc' dir='ltr'><strong><em>χωρεῖν,</em></strong></span> <span class='ocrx_word' id='word_1_43' title='bbox 556 467 637 505; x_wconf 80' lang='grc' dir='ltr'><strong><em>ἀλλ’</em></strong></span> <span class='ocrx_word' id='word_1_44' title='bbox 664 466 855 516; x_wconf 72' lang='grc' dir='ltr'><strong><em>ἀναμένειν</em></strong></span> <span class='ocrx_word' id='word_1_45' title='bbox 878 471 944 513; x_wconf 75' lang='grc' dir='ltr'><strong>τὴν</strong></span> <span class='ocrx_word' id='word_1_46' title='bbox 967 468 1155 513; x_wconf 85' lang='grc' dir='ltr'><strong><em>βασιλείαν</em></strong></span> <span class='ocrx_word' id='word_1_47' title='bbox 1183 472 1243 503; x_wconf 83' lang='grc' dir='ltr'><strong>καὶ</strong></span> <span class='ocrx_word' id='word_1_48' title='bbox 1265 468 1333 512; x_wconf 75' lang='grc' dir='ltr'><strong>τὴν</strong></span> 
     </span>
     <span class='ocr_line' id='line_1_10' title="bbox 256 511 1333 562; baseline 0.002 -16"><span class='ocrx_word' id='word_1_49' title='bbox 256 513 398 547; x_wconf 77' lang='grc' dir='ltr'><strong><em>ἐκεῖθεν</em></strong></span> <span class='ocrx_word' id='word_1_50' title='bbox 420 516 461 549; x_wconf 68' lang='grc' dir='ltr'><strong>ἐν</strong></span> <span class='ocrx_word' id='word_1_51' title='bbox 488 513 671 562; x_wconf 82' lang='grc' dir='ltr'><strong><em>γράμμασι</em></strong></span> <span class='ocrx_word' id='word_1_52' title='bbox 727 518 827 561; x_wconf 80' lang='grc' dir='ltr'><strong><em>ὴφον.</em></strong></span> <span class='ocrx_word' id='word_1_53' title='bbox 873 514 986 558; x_wconf 59' lang='grc' dir='ltr'><strong>ἩμεῖςΙ</strong></span> <span class='ocrx_word' id='word_1_54' title='bbox 1015 514 1084 561; x_wconf 81' lang='grc' dir='ltr'><strong>γὰρ</strong></span> <span class='ocrx_word' id='word_1_55' title='bbox 1115 511 1236 549; x_wconf 76' lang='grc' dir='ltr'><strong><em>οὐδενὶ</em></strong></span> <span class='ocrx_word' id='word_1_56' title='bbox 1266 513 1333 557; x_wconf 80' lang='grc' dir='ltr'><strong>τὴν</strong></span> 
     </span>
     <span class='ocr_line' id='line_1_11' title="bbox 256 557 1333 607; baseline 0.001 -16"><span class='ocrx_word' id='word_1_57' title='bbox 256 559 446 605; x_wconf 76' lang='grc' dir='ltr'><strong><em>εἰρημένην</em></strong></span> <span class='ocrx_word' id='word_1_58' title='bbox 467 558 578 606; x_wconf 78' lang='grc' dir='ltr'><strong><em>ἀρχὴν</em></strong></span> <span class='ocrx_word' id='word_1_59' title='bbox 598 574 696 607; x_wconf 84' lang='grc' dir='ltr'><strong><em>παρα</em></strong></span> <span class='ocrx_word' id='word_1_60' title='bbox 723 559 864 604; x_wconf 81' lang='grc' dir='ltr'><strong><em>ώσομεν</em></strong></span> <span class='ocrx_word' id='word_1_61' title='bbox 889 558 981 602; x_wconf 88' lang='grc' dir='ltr'><strong><em>πλὴν</em></strong></span> <span class='ocrx_word' id='word_1_62' title='bbox 1002 559 1033 592; x_wconf 79' lang='grc' dir='ltr'><strong>εἰ</strong></span> <span class='ocrx_word' id='word_1_63' title='bbox 1055 557 1105 603; x_wconf 85' lang='grc' dir='ltr'><strong><em>μὴ</em></strong></span> <span class='ocrx_word' id='word_1_64' title='bbox 1129 559 1207 593; x_wconf 88' lang='grc' dir='ltr'><strong>τῶν</strong></span> <span class='ocrx_word' id='word_1_65' title='bbox 1226 571 1333 606; x_wconf 86' lang='grc' dir='ltr'><strong><em>μεγα-</em></strong></span> 
     </span>
     <span class='ocr_line' id='line_1_12' title="bbox 257 602 1333 652; baseline -0.001 -14"><span class='ocrx_word' id='word_1_66' title='bbox 257 602 559 651; x_wconf 81' lang='grc' dir='ltr'><strong><em>λοπρεπεστάτων</em></strong></span> <span class='ocrx_word' id='word_1_67' title='bbox 589 604 822 652; x_wconf 81' lang='grc' dir='ltr'><strong><em>ι’λλουστρίων</em></strong></span> <span class='ocrx_word' id='word_1_68' title='bbox 847 602 867 647; x_wconf 86' lang='grc' dir='ltr'>ἣ</span> <span class='ocrx_word' id='word_1_69' title='bbox 894 605 972 638; x_wconf 86' lang='grc' dir='ltr'><strong>τῶν</strong></span> <span class='ocrx_word' id='word_1_70' title='bbox 1001 602 1255 650; x_wconf 75' lang='grc' dir='ltr'><strong><em>περιβλέπτων</em></strong></span> <span class='ocrx_word' id='word_1_71' title='bbox 1277 616 1333 637; x_wconf 87' lang='grc' dir='ltr'><strong>κο·</strong></span> 
     </span>
     <span class='ocr_line' id='line_1_13' title="bbox 255 645 1334 703; baseline -0.001 -20"><span class='ocrx_word' id='word_1_72' title='bbox 255 645 381 692; x_wconf 66' lang='grc' dir='ltr'><strong><em>μίμων</em></strong></span> <span class='ocrx_word' id='word_1_73' title='bbox 396 649 686 685; x_wconf 62' lang='grc' dir='ltr'><strong><em>ωηείεῐοτίὃυῶν</em></strong></span> <span class='ocrx_word' id='word_1_74' title='bbox 703 649 724 693; x_wconf 82' lang='grc' dir='ltr'><em>ἢ</em></span> <span class='ocrx_word' id='word_1_75' title='bbox 747 651 823 684; x_wconf 89' lang='grc' dir='ltr'><strong>τῶν</strong></span> <span class='ocrx_word' id='word_1_76' title='bbox 840 647 1334 703; x_wconf 52' lang='grc' dir='ltr'><strong><em>λαμπροτᾴτωνΙτ-ριβούνων</em></strong></span> 
     </span>
    </p>
   </div>
   <div class='ocr_carea' id='block_1_6' title="bbox 255 694 2041 746">
    <p class='ocr_par' dir='ltr' id='par_1_6' title="bbox 255 694 2041 746">
     <span class='ocr_line' id='line_1_14' title="bbox 255 694 2041 746; baseline 0.002 -19"><span class='ocrx_word' id='word_1_77' title='bbox 255 695 334 727; x_wconf 83' lang='grc' dir='ltr'><strong>τῶν</strong></span> <span class='ocrx_word' id='word_1_78' title='bbox 364 696 649 741; x_wconf 83' lang='grc' dir='ltr'><strong><em>πραιτωριανῶν</em></strong></span> <span class='ocrx_word' id='word_1_79' title='bbox 679 698 739 728; x_wconf 82' lang='grc' dir='ltr'><strong>καὶ</strong></span> <span class='ocrx_word' id='word_1_80' title='bbox 772 697 953 746; x_wconf 74' lang='grc' dir='ltr'><strong><em>νοταρίων</em></strong></span> <span class='ocrx_word' id='word_1_81' title='bbox 984 706 1018 727; x_wconf 93' lang='grc' dir='ltr'><strong>οι</strong></span> <span class='ocrx_word' id='word_1_82' title='bbox 1051 707 1189 736; x_wconf 89' lang='grc' dir='ltr'><strong><em>ταυτην</em></strong></span> <span class='ocrx_word' id='word_1_83' title='bbox 1218 707 1333 740; x_wconf 79' lang='grc' dir='ltr'><strong><em>παρα·</em></strong></span> <span class='ocrx_word' id='word_1_84' title='bbox 1350 698 1388 730; x_wconf 87' lang='grc'>10</span> <span class='ocrx_word' id='word_1_85' title='bbox 1401 694 1534 730; x_wconf 80' lang='lat' dir='ltr'><strong>fuerint</strong></span> <span class='ocrx_word' id='word_1_86' title='bbox 1556 694 1778 739; x_wconf 71' lang='lat' dir='ltr'><strong>dignitatem,</strong></span> <span class='ocrx_word' id='word_1_87' title='bbox 1807 697 1871 730; x_wconf 81' lang='lat' dir='ltr'><strong>aut</strong></span> <span class='ocrx_word' id='word_1_88' title='bbox 1894 695 1998 731; x_wconf 79' lang='lat' dir='ltr'><strong>aliter</strong></span> <span class='ocrx_word' id='word_1_89' title='bbox 2019 705 2041 731; x_wconf 73' lang='lat' dir='ltr'><strong>a</strong></span> 
     </span>
    </p>
   </div>
   <div class='ocr_carea' id='block_1_7' title="bbox 255 735 1332 926">
    <p class='ocr_par' dir='ltr' id='par_1_7' title="bbox 255 735 1332 926">
     <span class='ocr_line' id='line_1_15' title="bbox 257 735 1332 793; baseline 0 -22"><span class='ocrx_word' id='word_1_90' title='bbox 257 736 499 782; x_wconf 80' lang='grc' dir='ltr'><strong><em>λαμβάνοντες</em></strong></span> <span class='ocrx_word' id='word_1_91' title='bbox 530 739 611 780; x_wconf 77' lang='grc' dir='ltr'><strong><em>εἷεν,</em></strong></span> <span class='ocrx_word' id='word_1_92' title='bbox 648 737 667 782; x_wconf 85' lang='grc' dir='ltr'><em>ἢ</em></span> <span class='ocrx_word' id='word_1_93' title='bbox 699 738 813 773; x_wconf 76' lang='grc' dir='ltr'><strong><em>ἄλλως</em></strong></span> <span class='ocrx_word' id='word_1_94' title='bbox 843 735 949 785; x_wconf 79' lang='grc' dir='ltr'><strong><em>ἆρχας</em></strong></span> <span class='ocrx_word' id='word_1_95' title='bbox 979 737 1151 793; x_wconf 73' lang='grc' dir='ltr'><strong><em>ἄρξαντες</em></strong></span> <span class='ocrx_word' id='word_1_96' title='bbox 1183 741 1242 772; x_wconf 84' lang='grc' dir='ltr'><strong>καὶ</strong></span> <span class='ocrx_word' id='word_1_97' title='bbox 1267 752 1332 784; x_wconf 78' lang='grc' dir='ltr'><strong>φα·</strong></span> 
     </span>
     <span class='ocr_line' id='line_1_16' title="bbox 256 779 1332 831; baseline 0.001 -15"><span class='ocrx_word' id='word_1_98' title='bbox 256 786 375 818; x_wconf 73' lang='grc' dir='ltr'><strong><em>νέντες</em></strong></span> <span class='ocrx_word' id='word_1_99' title='bbox 395 780 478 828; x_wconf 83' lang='grc' dir='ltr'><strong><em>ἡμῖν</em></strong></span> <span class='ocrx_word' id='word_1_100' title='bbox 503 783 698 827; x_wconf 79' lang='grc' dir='ltr'><strong><em>ἐπιτήδειοι</em></strong></span> <span class='ocrx_word' id='word_1_101' title='bbox 720 787 778 818; x_wconf 86' lang='grc' dir='ltr'><strong>καὶ</strong></span> <span class='ocrx_word' id='word_1_102' title='bbox 798 784 859 826; x_wconf 79' lang='grc' dir='ltr'><strong>τῆς</strong></span> <span class='ocrx_word' id='word_1_103' title='bbox 880 779 972 829; x_wconf 79' lang='grc' dir='ltr'><strong><em>παρ’</em></strong></span> <span class='ocrx_word' id='word_1_104' title='bbox 998 784 1102 827; x_wconf 83' lang='grc' dir='ltr'><strong><em>ημῶν</em></strong></span> <span class='ocrx_word' id='word_1_105' title='bbox 1124 783 1220 824; x_wconf 80' lang='grc' dir='ltr'><strong><em>ἄξιοι</em></strong></span> <span class='ocrx_word' id='word_1_106' title='bbox 1242 796 1332 831; x_wconf 84' lang='grc' dir='ltr'><strong><em>μαρ-</em></strong></span> 
     </span>
     <span class='ocr_line' id='line_1_17' title="bbox 255 825 1332 874; baseline 0.001 -14"><span class='ocrx_word' id='word_1_107' title='bbox 255 831 395 874; x_wconf 86' lang='grc' dir='ltr'><strong><em>τυρίας·</em></strong></span> <span class='ocrx_word' id='word_1_108' title='bbox 421 825 509 863; x_wconf 76' lang='grc' dir='ltr'><strong><em>ὥςτε</em></strong></span> <span class='ocrx_word' id='word_1_109' title='bbox 526 826 651 863; x_wconf 79' lang='grc' dir='ltr'><strong><em>αὐτοὺς</em></strong></span> <span class='ocrx_word' id='word_1_110' title='bbox 670 828 737 871; x_wconf 82' lang='grc' dir='ltr'><strong>τὴν</strong></span> <span class='ocrx_word' id='word_1_111' title='bbox 758 826 946 873; x_wconf 74' lang='grc' dir='ltr'><strong><em>εἰρημένην</em></strong></span> <span class='ocrx_word' id='word_1_112' title='bbox 961 828 1107 870; x_wconf 80' lang='grc' dir='ltr'><strong><em>ἔχοντας</em></strong></span> <span class='ocrx_word' id='word_1_113' title='bbox 1131 827 1332 872; x_wconf 87' lang='grc' dir='ltr'><strong><em>σεμνότητα</em></strong></span> 
     </span>
     <span class='ocr_line' id='line_1_18' title="bbox 255 871 1331 926; baseline 0.002 -21"><span class='ocrx_word' id='word_1_114' title='bbox 255 876 314 906; x_wconf 80' lang='grc' dir='ltr'><strong>καὶ</strong></span> <span class='ocrx_word' id='word_1_115' title='bbox 349 873 457 926; x_wconf 68' lang='grc' dir='ltr'><strong><em>τιμὴν</em></strong></span> <span class='ocrx_word' id='word_1_116' title='bbox 491 871 835 925; x_wconf 55' lang='grc' dir='ltr'><strong><em>ἀντιλαμβάνεσθαι</em></strong></span> <span class='ocrx_word' id='word_1_117' title='bbox 868 874 933 907; x_wconf 76' lang='grc' dir='ltr'><strong>τοῦ</strong></span> <span class='ocrx_word' id='word_1_118' title='bbox 977 873 1132 915; x_wconf 86' lang='grc' dir='ltr'><strong><em>δικαίου,</em></strong></span> <span class='ocrx_word' id='word_1_119' title='bbox 1173 871 1331 918; x_wconf 82' lang='grc' dir='ltr'><strong><em>μάλιστα</em></strong></span> 
     </span>
    </p>
   </div>
   <div class='ocr_carea' id='block_1_8' title="bbox 256 915 1385 965">
    <p class='ocr_par' dir='ltr' id='par_1_8' title="bbox 256 915 1385 965">
     <span class='ocr_line' id='line_1_19' title="bbox 256 915 1385 965; baseline 0.003 -14"><span class='ocrx_word' id='word_1_120' title='bbox 256 919 405 965; x_wconf 74' lang='grc' dir='ltr'><strong><em>ἐπείπερ</em></strong></span> <span class='ocrx_word' id='word_1_121' title='bbox 428 920 518 964; x_wconf 79' lang='grc' dir='ltr'><strong>υπέρ</strong></span> <span class='ocrx_word' id='word_1_122' title='bbox 542 930 667 964; x_wconf 73' lang='grc' dir='ltr'><strong><em>ψυχων</em></strong></span> <span class='ocrx_word' id='word_1_123' title='bbox 696 920 796 952; x_wconf 75' lang='grc' dir='ltr'><strong><em>ἐστιν</em></strong></span> <span class='ocrx_word' id='word_1_124' title='bbox 820 931 839 951; x_wconf 94' lang='grc' dir='ltr'><strong><em>ο</em></strong></span> <span class='ocrx_word' id='word_1_125' title='bbox 862 915 974 964; x_wconf 77' lang='grc' dir='ltr'><strong><em>ἀγών,</em></strong></span> <span class='ocrx_word' id='word_1_126' title='bbox 1002 922 1062 952; x_wconf 86' lang='grc' dir='ltr'><strong>καὶ</strong></span> <span class='ocrx_word' id='word_1_127' title='bbox 1084 917 1131 952; x_wconf 84' lang='grc' dir='ltr'><strong><em>τά</em></strong></span> <span class='ocrx_word' id='word_1_128' title='bbox 1153 930 1194 965; x_wconf 87' lang='grc' dir='ltr'><strong>γε</strong></span> <span class='ocrx_word' id='word_1_129' title='bbox 1217 916 1331 953; x_wconf 80' lang='grc' dir='ltr'><strong><em>πολλὰ</em></strong></span> <span class='ocrx_word' id='word_1_130' title='bbox 1347 923 1385 955; x_wconf 87' lang='grc'>15</span> 
     </span>
    </p>
   </div>
   <div class='ocr_carea' id='block_1_9' title="bbox 254 961 1331 1107">
    <p class='ocr_par' dir='ltr' id='par_1_9' title="bbox 254 961 1331 1107">
     <span class='ocr_line' id='line_1_20' title="bbox 257 961 1329 1008; baseline 0.001 -12"><span class='ocrx_word' id='word_1_131' title='bbox 257 967 417 1007; x_wconf 80' lang='grc' dir='ltr'><strong><em>φονικαῖς</em></strong></span> <span class='ocrx_word' id='word_1_132' title='bbox 440 962 598 997; x_wconf 82' lang='grc' dir='ltr'><strong><em>εἰώθασι</em></strong></span> <span class='ocrx_word' id='word_1_133' title='bbox 629 961 742 997; x_wconf 85' lang='grc' dir='ltr'><strong><em>δίκαις</em></strong></span> <span class='ocrx_word' id='word_1_134' title='bbox 772 961 916 997; x_wconf 84' lang='grc' dir='ltr'><strong><em>διαιτᾶν</em></strong></span> <span class='ocrx_word' id='word_1_135' title='bbox 947 965 1006 996; x_wconf 84' lang='grc' dir='ltr'><strong>καὶ</strong></span> <span class='ocrx_word' id='word_1_136' title='bbox 1038 965 1116 998; x_wconf 82' lang='grc' dir='ltr'><strong><em>ταῖς</em></strong></span> <span class='ocrx_word' id='word_1_137' title='bbox 1148 966 1230 1008; x_wconf 83' lang='grc' dir='ltr'><strong><em>περὶ</em></strong></span> <span class='ocrx_word' id='word_1_138' title='bbox 1253 976 1329 1008; x_wconf 80' lang='grc' dir='ltr'><strong><em>μοι·</em></strong></span> 
     </span>
     <span class='ocr_line' id='line_1_21' title="bbox 254 1005 1331 1054; baseline 0.002 -13"><span class='ocrx_word' id='word_1_139' title='bbox 254 1008 364 1050; x_wconf 78' lang='grc' dir='ltr'><strong><em>χειῶν</em></strong></span> <span class='ocrx_word' id='word_1_140' title='bbox 394 1011 454 1041; x_wconf 84' lang='grc' dir='ltr'><strong>καὶ</strong></span> <span class='ocrx_word' id='word_1_141' title='bbox 487 1006 629 1053; x_wconf 80' lang='grc' dir='ltr'><em>ἐφόδων</em></span> <span class='ocrx_word' id='word_1_142' title='bbox 660 1010 719 1041; x_wconf 89' lang='grc' dir='ltr'><strong>καὶ</strong></span> <span class='ocrx_word' id='word_1_143' title='bbox 749 1005 927 1054; x_wconf 77' lang='grc' dir='ltr'><strong><em>ἁρπαγῶν</em></strong></span> <span class='ocrx_word' id='word_1_144' title='bbox 949 1011 1010 1041; x_wconf 79' lang='grc' dir='ltr'><strong>καὶ</strong></span> <span class='ocrx_word' id='word_1_145' title='bbox 1033 1008 1068 1042; x_wconf 80' lang='grc' dir='ltr'><strong>εἴ</strong></span> <span class='ocrx_word' id='word_1_146' title='bbox 1093 1021 1130 1042; x_wconf 93' lang='grc' dir='ltr'><strong>τι</strong></span> <span class='ocrx_word' id='word_1_147' title='bbox 1164 1005 1331 1043; x_wconf 80' lang='grc' dir='ltr'><strong><em>τοιοῦτόν</em></strong></span> 
     </span>
     <span class='ocr_line' id='line_1_22' title="bbox 254 1049 1330 1107; baseline 0.001 -20"><span class='ocrx_word' id='word_1_148' title='bbox 254 1055 275 1087; x_wconf 84' lang='lat' dir='ltr'>l</span> <span class='ocrx_word' id='word_1_149' title='bbox 321 1054 430 1087; x_wconf 72' lang='grc' dir='ltr'><strong><em>ἐστιν.</em></strong></span> <span class='ocrx_word' id='word_1_150' title='bbox 516 1049 620 1087; x_wconf 71' lang='grc' dir='ltr'><strong><em>’Ώςτε</em></strong></span> <span class='ocrx_word' id='word_1_151' title='bbox 644 1050 700 1086; x_wconf 89' lang='grc' dir='ltr'><strong>δεῖ</strong></span> <span class='ocrx_word' id='word_1_152' title='bbox 720 1051 787 1087; x_wconf 82' lang='grc' dir='ltr'><strong>τὸν</strong></span> <span class='ocrx_word' id='word_1_153' title='bbox 809 1055 887 1087; x_wconf 87' lang='grc' dir='ltr'><strong>τῶν</strong></span> <span class='ocrx_word' id='word_1_154' title='bbox 910 1051 1133 1096; x_wconf 76' lang='grc' dir='ltr'><strong><em>τηλικούτων</em></strong></span> <span class='ocrx_word' id='word_1_155' title='bbox 1163 1050 1330 1107; x_wconf 56' lang='grc' dir='ltr'><strong><em>ἐγκλημα-</em></strong></span> 
     </span>
    </p>
   </div>
   <div class='ocr_carea' id='block_1_10' title="bbox 1401 289 2470 436">
    <p class='ocr_par' dir='ltr' id='par_1_10' title="bbox 1401 289 2470 436">
     <span class='ocr_line' id='line_1_23' title="bbox 1452 289 2470 347; baseline 0.005 -22"><span class='ocrx_word' id='word_1_156' title='bbox 1452 290 1610 343; x_wconf 80' lang='lat' dir='ltr'><strong>Primum</strong></span> <span class='ocrx_word' id='word_1_157' title='bbox 1632 289 1786 343; x_wconf 38' lang='lat' dir='ltr'><strong>„quidem</strong></span> <span class='ocrx_word' id='word_1_158' title='bbox 1820 292 2026 347; x_wconf 76' lang='lat' dir='ltr'><strong>sancimus,⁰</strong></span> <span class='ocrx_word' id='word_1_159' title='bbox 2048 293 2222 330; x_wconf 85' lang='lat' dir='ltr'><strong>neminem</strong></span> <span class='ocrx_word' id='word_1_160' title='bbox 2256 293 2398 347; x_wconf 75' lang='lat' dir='ltr'><strong>omnino</strong></span> <span class='ocrx_word' id='word_1_161' title='bbox 2432 294 2470 347; x_wconf 74' lang='lat' dir='ltr'><strong>in</strong></span> 
     </span>
     <span class='ocr_line' id='line_1_24' title="bbox 1401 335 2469 436; baseline 0.004 -21"><span class='ocrx_word' id='word_1_162' title='bbox 1401 335 2349 431; x_wconf 48' lang='lat' dir='ltr'><strong>{fiffissffismifflz‘zssmstffiqffia“12¹2ss</strong></span> <span class='ocrx_word' id='word_1_163' title='bbox 2366 338 2469 436; x_wconf 61' lang='lat'><strong>3333:</strong></span> 
     </span>
    </p>
   </div>
   <div class='ocr_carea' id='block_1_11' title="bbox 1401 424 2469 470">
    <p class='ocr_par' dir='ltr' id='par_1_11' title="bbox 1401 424 2469 470">
     <span class='ocr_line' id='line_1_25' title="bbox 1401 424 2469 470; baseline 0.003 -10"><span class='ocrx_word' id='word_1_164' title='bbox 1401 435 1541 461; x_wconf 90' lang='lat' dir='ltr'><strong>sumere</strong></span> <span class='ocrx_word' id='word_1_165' title='bbox 1574 424 1664 460; x_wconf 88' lang='lat' dir='ltr'><strong>citra</strong></span> <span class='ocrx_word' id='word_1_166' title='bbox 1694 425 1892 470; x_wconf 79' lang='lat' dir='ltr'><strong>imperiales</strong></span> <span class='ocrx_word' id='word_1_167' title='bbox 1924 427 2103 464; x_wconf 79' lang='lat' dir='ltr'><strong>codicillos</strong></span> <span class='ocrx_word' id='word_1_168' title='bbox 2133 428 2179 463; x_wconf 82' lang='lat' dir='ltr'><strong>ad</strong></span> <span class='ocrx_word' id='word_1_169' title='bbox 2211 439 2332 464; x_wconf 88' lang='lat' dir='ltr'><strong>curam</strong></span> <span class='ocrx_word' id='word_1_170' title='bbox 2363 430 2469 463; x_wconf 79' lang='lat' dir='ltr'><strong>istam</strong></span> 
     </span>
    </p>
   </div>
   <div class='ocr_carea' id='block_1_12' title="bbox 1368 469 2468 517">
    <p class='ocr_par' dir='ltr' id='par_1_12' title="bbox 1368 469 2468 517">
     <span class='ocr_line' id='line_1_26' title="bbox 1368 469 2468 517; baseline 0.004 -13"><span class='ocrx_word' id='word_1_171' title='bbox 1368 469 1588 514; x_wconf 70' lang='lat' dir='ltr'><strong>baccedero,</strong></span> <span class='ocrx_word' id='word_1_172' title='bbox 1624 469 1686 505; x_wconf 86' lang='lat' dir='ltr'><strong>sed</strong></span> <span class='ocrx_word' id='word_1_173' title='bbox 1720 472 1911 514; x_wconf 84' lang='lat' dir='ltr'><strong>expectare</strong></span> <span class='ocrx_word' id='word_1_174' title='bbox 1943 471 2127 517; x_wconf 84' lang='lat' dir='ltr'><strong>imperium</strong></span> <span class='ocrx_word' id='word_1_175' title='bbox 2158 476 2194 508; x_wconf 85' lang='lat' dir='ltr'><strong>et</strong></span> <span class='ocrx_word' id='word_1_176' title='bbox 2224 473 2351 508; x_wconf 82' lang='lat' dir='ltr'>exinde</span> <span class='ocrx_word' id='word_1_177' title='bbox 2383 483 2468 508; x_wconf 90' lang='lat' dir='ltr'><strong>con-</strong></span> 
     </span>
    </p>
   </div>
   <div class='ocr_carea' id='block_1_13' title="bbox 1399 514 2470 1011">
    <p class='ocr_par' dir='ltr' id='par_1_13' title="bbox 1399 514 2470 1011">
     <span class='ocr_line' id='line_1_27' title="bbox 1402 514 2468 563; baseline 0.001 -12"><span class='ocrx_word' id='word_1_178' title='bbox 1402 514 1571 560; x_wconf 89' lang='lat' dir='ltr'><strong>scriptum</strong></span> <span class='ocrx_word' id='word_1_179' title='bbox 1591 514 1770 550; x_wconf 89' lang='lat' dir='ltr'><strong>iudicium.</strong></span> <span class='ocrx_word' id='word_1_180' title='bbox 1806 514 1881 551; x_wconf 88' lang='lat' dir='ltr'><strong>Nos</strong></span> <span class='ocrx_word' id='word_1_181' title='bbox 1901 515 1992 551; x_wconf 88' lang='lat' dir='ltr'><strong>enim</strong></span> <span class='ocrx_word' id='word_1_182' title='bbox 2011 517 2099 553; x_wconf 88' lang='lat' dir='ltr'><strong>nulli</strong></span> <span class='ocrx_word' id='word_1_183' title='bbox 2115 517 2334 563; x_wconf 75' lang='lat' dir='ltr'><strong>praedictam</strong></span> <span class='ocrx_word' id='word_1_184' title='bbox 2355 517 2468 562; x_wconf 84' lang='lat' dir='ltr'><strong>digni-</strong></span> 
     </span>
     <span class='ocr_line' id='line_1_28' title="bbox 1402 559 2468 615; baseline 0.002 -21"><span class='ocrx_word' id='word_1_185' title='bbox 1402 563 1512 595; x_wconf 89' lang='lat' dir='ltr'><strong>tatem</strong></span> <span class='ocrx_word' id='word_1_186' title='bbox 1534 559 1708 595; x_wconf 76' lang='lat' dir='ltr'><strong>tradimus</strong></span> <span class='ocrx_word' id='word_1_187' title='bbox 1732 559 1799 595; x_wconf 89' lang='lat' dir='ltr'><strong>nisi</strong></span> <span class='ocrx_word' id='word_1_188' title='bbox 1922 560 2009 597; x_wconf 82' lang='lat' dir='ltr'><strong>‘ficis</strong></span> <span class='ocrx_word' id='word_1_189' title='bbox 2027 561 2226 599; x_wconf 76' lang='lat' dir='ltr'>illustribus</span> <span class='ocrx_word' id='word_1_190' title='bbox 2247 566 2310 598; x_wconf 85' lang='lat' dir='ltr'><strong>aut</strong></span> <span class='ocrx_word' id='word_1_191' title='bbox 2329 568 2468 615; x_wconf 85' lang='lat' dir='ltr'><strong>specta-</strong></span> 
     </span>
     <span class='ocr_line' id='line_1_29' title="bbox 1402 604 2468 644; baseline 0.002 -4"><span class='ocrx_word' id='word_1_192' title='bbox 1402 604 1533 641; x_wconf 85' lang='lat' dir='ltr'><strong>bilibus</strong></span> <span class='ocrx_word' id='word_1_193' title='bbox 1565 604 1752 640; x_wconf 85' lang='lat' dir='ltr'><strong>comitibus</strong></span> <span class='ocrx_word' id='word_1_194' title='bbox 1785 606 2052 642; x_wconf 65' lang='lat' dir='ltr'><strong>consutor-ienis</strong></span> <span class='ocrx_word' id='word_1_195' title='bbox 2079 610 2143 643; x_wconf 86' lang='lat' dir='ltr'><strong>aut</strong></span> <span class='ocrx_word' id='word_1_196' title='bbox 2172 607 2375 644; x_wconf 80' lang='lat' dir='ltr'><strong>clarissimis</strong></span> <span class='ocrx_word' id='word_1_197' title='bbox 2405 606 2468 642; x_wconf 87' lang='lat' dir='ltr'><strong>tri-</strong></span> 
     </span>
     <span class='ocr_line' id='line_1_30' title="bbox 1401 649 2470 705; baseline 0.004 -21"><span class='ocrx_word' id='word_1_198' title='bbox 1401 649 1507 685; x_wconf 90' lang='lat' dir='ltr'><strong>bunis</strong></span> <span class='ocrx_word' id='word_1_199' title='bbox 1530 649 1765 695; x_wconf 86' lang='lat' dir='ltr'><strong>praetorianis</strong></span> <span class='ocrx_word' id='word_1_200' title='bbox 1788 653 1824 684; x_wconf 88' lang='lat' dir='ltr'><strong>et</strong></span> <span class='ocrx_word' id='word_1_201' title='bbox 1846 650 2011 694; x_wconf 78' lang='lat' dir='ltr'><strong>notariis,</strong></span> <span class='ocrx_word' id='word_1_202' title='bbox 2064 651 2215 705; x_wconf 61' lang='lat' dir='ltr'><strong>uilianc</strong></span> <span class='ocrx_word' id='word_1_203' title='bbox 2237 653 2470 697; x_wconf 77' lang='lat' dir='ltr'><strong>suscipientes</strong></span> 
     </span>
     <span class='ocr_line' id='line_1_31' title="bbox 2168 697 2468 734; baseline -0.003 -1"><span class='ocrx_word' id='word_1_204' title='bbox 2168 697 2338 734; x_wconf 81' lang='lat' dir='ltr'><strong>trationes</strong></span> <span class='ocrx_word' id='word_1_205' title='bbox 2406 707 2468 733; x_wconf 90' lang='lat' dir='ltr'><strong>en-</strong></span> 
     </span>
     <span class='ocr_line' id='line_1_32' title="bbox 1402 739 2470 786; baseline 0.002 -11"><span class='ocrx_word' id='word_1_206' title='bbox 1402 739 1499 776; x_wconf 81' lang='lat' dir='ltr'><strong>tibus</strong></span> <span class='ocrx_word' id='word_1_207' title='bbox 1533 742 1570 775; x_wconf 89' lang='lat' dir='ltr'><strong>et</strong></span> <span class='ocrx_word' id='word_1_208' title='bbox 1603 739 1861 785; x_wconf 77' lang='lat' dir='ltr'><strong>apparentibus</strong></span> <span class='ocrx_word' id='word_1_209' title='bbox 1896 739 1999 776; x_wconf 89' lang='lat' dir='ltr'><strong>nobis</strong></span> <span class='ocrx_word' id='word_1_210' title='bbox 2038 741 2112 786; x_wconf 84' lang='lat' dir='ltr'><strong>apti</strong></span> <span class='ocrx_word' id='word_1_211' title='bbox 2146 745 2183 777; x_wconf 89' lang='lat' dir='ltr'><strong>et</strong></span> <span class='ocrx_word' id='word_1_212' title='bbox 2216 744 2339 778; x_wconf 89' lang='lat' dir='ltr'><strong>nostro</strong></span> <span class='ocrx_word' id='word_1_213' title='bbox 2399 741 2470 786; x_wconf 79' lang='lat' dir='ltr'><strong>igni</strong></span> 
     </span>
     <span class='ocr_line' id='line_1_33' title="bbox 1400 785 2469 830; baseline 0.002 -10"><span class='ocrx_word' id='word_1_214' title='bbox 1400 785 1618 820; x_wconf 86' lang='lat' dir='ltr'><strong>testimonio:</strong></span> <span class='ocrx_word' id='word_1_215' title='bbox 1643 787 1820 829; x_wconf 90' lang='lat' dir='ltr'><strong>quatenus</strong></span> <span class='ocrx_word' id='word_1_216' title='bbox 1841 794 1903 820; x_wconf 91' lang='lat' dir='ltr'><strong>eos</strong></span> <span class='ocrx_word' id='word_1_217' title='bbox 1926 785 2144 830; x_wconf 75' lang='lat' dir='ltr'><strong>praedictam</strong></span> <span class='ocrx_word' id='word_1_218' title='bbox 2165 786 2336 823; x_wconf 84' lang='lat' dir='ltr'><strong>habentes</strong></span> <span class='ocrx_word' id='word_1_219' title='bbox 2359 787 2469 822; x_wconf 91' lang='lat' dir='ltr'><strong>hone-</strong></span> 
     </span>
     <span class='ocr_line' id='line_1_34' title="bbox 1399 829 2469 876; baseline 0.001 -11"><span class='ocrx_word' id='word_1_220' title='bbox 1399 834 1528 865; x_wconf 83' lang='lat' dir='ltr'><strong>statem</strong></span> <span class='ocrx_word' id='word_1_221' title='bbox 1545 833 1582 866; x_wconf 85' lang='lat' dir='ltr'><strong>et</strong></span> <span class='ocrx_word' id='word_1_222' title='bbox 1601 829 1772 866; x_wconf 89' lang='lat' dir='ltr'><strong>honorem</strong></span> <span class='ocrx_word' id='word_1_223' title='bbox 1796 829 1986 866; x_wconf 85' lang='lat' dir='ltr'><strong>defendere</strong></span> <span class='ocrx_word' id='word_1_224' title='bbox 2007 830 2216 876; x_wconf 83' lang='lat' dir='ltr'><strong>praesertim</strong></span> <span class='ocrx_word' id='word_1_225' title='bbox 2235 842 2301 876; x_wconf 89' lang='lat' dir='ltr'><strong>pro</strong></span> <span class='ocrx_word' id='word_1_226' title='bbox 2321 831 2469 873; x_wconf 86' lang='lat' dir='ltr'><strong>iustitia,</strong></span> 
     </span>
     <span class='ocr_line' id='line_1_35' title="bbox 1399 874 2469 954; baseline 0.001 -44"><span class='ocrx_word' id='word_1_227' title='bbox 1399 878 1546 954; x_wconf 63' lang='lat' dir='ltr'><strong>Bropter</strong></span> <span class='ocrx_word' id='word_1_228' title='bbox 1577 874 1672 920; x_wconf 89' lang='lat' dir='ltr'><strong>quod</strong></span> <span class='ocrx_word' id='word_1_229' title='bbox 1702 885 1767 921; x_wconf 90' lang='lat' dir='ltr'><strong>pro</strong></span> <span class='ocrx_word' id='word_1_230' title='bbox 1799 875 1984 910; x_wconf 79' lang='lat' dir='ltr'><strong>animabus</strong></span> <span class='ocrx_word' id='word_1_231' title='bbox 2016 879 2072 910; x_wconf 89' lang='lat' dir='ltr'><strong>est</strong></span> <span class='ocrx_word' id='word_1_232' title='bbox 2101 876 2250 912; x_wconf 83' lang='lat' dir='ltr'><strong>intentio</strong></span> <span class='ocrx_word' id='word_1_233' title='bbox 2282 881 2320 912; x_wconf 88' lang='lat' dir='ltr'><strong>et</strong></span> <span class='ocrx_word' id='word_1_234' title='bbox 2348 876 2469 912; x_wconf 82' lang='lat' dir='ltr'><strong>multis</strong></span> 
     </span>
     <span class='ocr_line' id='line_1_36' title="bbox 1425 919 2468 957; baseline 0.002 -2"><span class='ocrx_word' id='word_1_235' title='bbox 1425 919 1578 956; x_wconf 87' lang='lat' dir='ltr'><strong>omicidii</strong></span> <span class='ocrx_word' id='word_1_236' title='bbox 1607 925 1867 956; x_wconf 87' lang='lat' dir='ltr'><strong>consueverunt</strong></span> <span class='ocrx_word' id='word_1_237' title='bbox 1897 920 2021 956; x_wconf 86' lang='lat' dir='ltr'><strong>litibus</strong></span> <span class='ocrx_word' id='word_1_238' title='bbox 2050 920 2212 956; x_wconf 86' lang='lat' dir='ltr'><strong>habitare</strong></span> <span class='ocrx_word' id='word_1_239' title='bbox 2243 924 2279 956; x_wconf 88' lang='lat' dir='ltr'><strong>et</strong></span> <span class='ocrx_word' id='word_1_240' title='bbox 2301 921 2345 956; x_wconf 89' lang='lat' dir='ltr'><strong>de</strong></span> <span class='ocrx_word' id='word_1_241' title='bbox 2367 921 2468 957; x_wconf 90' lang='lat' dir='ltr'><strong>adul-</strong></span> 
     </span>
     <span class='ocr_line' id='line_1_37' title="bbox 1399 964 2468 1011; baseline 0 -11"><span class='ocrx_word' id='word_1_242' title='bbox 1399 965 1498 1000; x_wconf 87' lang='lat' dir='ltr'><strong>teriis</strong></span> <span class='ocrx_word' id='word_1_243' title='bbox 1529 970 1565 1000; x_wconf 88' lang='lat' dir='ltr'><strong>et</strong></span> <span class='ocrx_word' id='word_1_244' title='bbox 1595 964 1837 1001; x_wconf 80' lang='lat' dir='ltr'><strong>invasionibus</strong></span> <span class='ocrx_word' id='word_1_245' title='bbox 1861 969 1898 1001; x_wconf 90' lang='lat' dir='ltr'><strong>et</strong></span> <span class='ocrx_word' id='word_1_246' title='bbox 1928 965 2063 1010; x_wconf 83' lang='lat' dir='ltr'><strong>rapinis</strong></span> <span class='ocrx_word' id='word_1_247' title='bbox 2086 969 2123 1001; x_wconf 89' lang='lat' dir='ltr'><strong>et</strong></span> <span class='ocrx_word' id='word_1_248' title='bbox 2145 965 2176 1002; x_wconf 88' lang='lat' dir='ltr'><strong>si</strong></span> <span class='ocrx_word' id='word_1_249' title='bbox 2203 965 2287 1011; x_wconf 88' lang='lat' dir='ltr'><strong>quid</strong></span> <span class='ocrx_word' id='word_1_250' title='bbox 2308 966 2380 1002; x_wconf 82' lang='lat' dir='ltr'><strong>tale</strong></span> <span class='ocrx_word' id='word_1_251' title='bbox 2403 970 2468 1002; x_wconf 89' lang='lat' dir='ltr'><strong>est.</strong></span> 
     </span>
    </p>
   </div>
   <div class='ocr_carea' id='block_1_14' title="bbox 1400 1055 2468 1101">
    <p class='ocr_par' dir='ltr' id='par_1_14' title="bbox 1400 1055 2468 1101">
     <span class='ocr_line' id='line_1_38' title="bbox 1400 1055 2468 1101; baseline 0.001 -11"><span class='ocrx_word' id='word_1_252' title='bbox 1400 1057 1419 1091; x_wconf 88' lang='lat'><em>1</em></span> <span class='ocrx_word' id='word_1_253' title='bbox 1466 1055 1617 1100; x_wconf 88' lang='lat' dir='ltr'><strong>Oportet</strong></span> <span class='ocrx_word' id='word_1_254' title='bbox 1640 1065 1724 1099; x_wconf 85' lang='lat' dir='ltr'><strong>ergo</strong></span> <span class='ocrx_word' id='word_1_255' title='bbox 1747 1055 1879 1091; x_wconf 81' lang='lat' dir='ltr'><strong>talibus</strong></span> <span class='ocrx_word' id='word_1_256' title='bbox 1909 1055 2115 1091; x_wconf 84' lang='lat' dir='ltr'><strong>criminibus</strong></span> <span class='ocrx_word' id='word_1_257' title='bbox 2138 1055 2397 1101; x_wconf 70' lang='lat' dir='ltr'><strong>praesidentem</strong></span> <span class='ocrx_word' id='word_1_258' title='bbox 2419 1055 2468 1091; x_wconf 84' lang='lat' dir='ltr'><strong>vi-</strong></span> 
     </span>
    </p>
   </div>
   <div class='ocr_carea' id='block_1_15' title="bbox 254 1095 2471 1191">
    <p class='ocr_par' dir='ltr' id='par_1_15' title="bbox 254 1095 2471 1191">
     <span class='ocr_line' id='line_1_39' title="bbox 255 1095 2471 1145; baseline 0.002 -14"><span class='ocrx_word' id='word_1_259' title='bbox 255 1110 332 1131; x_wconf 86' lang='grc' dir='ltr'><strong>των</strong></span> <span class='ocrx_word' id='word_1_260' title='bbox 362 1097 644 1144; x_wconf 74' lang='grc' dir='ltr'><strong><em>προκαθήμενον</em></strong></span> <span class='ocrx_word' id='word_1_261' title='bbox 667 1095 782 1142; x_wconf 80' lang='grc' dir='ltr'><strong><em>ἄνδρα</em></strong></span> <span class='ocrx_word' id='word_1_262' title='bbox 806 1098 899 1132; x_wconf 84' lang='grc' dir='ltr'><strong><em>εἶναι</em></strong></span> <span class='ocrx_word' id='word_1_263' title='bbox 928 1095 1168 1140; x_wconf 72' lang='grc' dir='ltr'><strong><em>πανταχόθεν</em></strong></span> <span class='ocrx_word' id='word_1_264' title='bbox 1197 1111 1331 1143; x_wconf 87' lang='grc' dir='ltr'><strong><em>σεμνον</em></strong></span> <span class='ocrx_word' id='word_1_265' title='bbox 1398 1111 1477 1135; x_wconf 92' lang='lat' dir='ltr'><strong>rum</strong></span> <span class='ocrx_word' id='word_1_266' title='bbox 1508 1111 1586 1137; x_wconf 86' lang='lat' dir='ltr'><strong>esse</strong></span> <span class='ocrx_word' id='word_1_267' title='bbox 1610 1100 1765 1144; x_wconf 85' lang='lat' dir='ltr'><strong>undique</strong></span> <span class='ocrx_word' id='word_1_268' title='bbox 1787 1100 1976 1136; x_wconf 80' lang='lat' dir='ltr'><strong>honestum</strong></span> <span class='ocrx_word' id='word_1_269' title='bbox 2006 1104 2044 1136; x_wconf 86' lang='lat' dir='ltr'><strong>et</strong></span> <span class='ocrx_word' id='word_1_270' title='bbox 2063 1100 2412 1145; x_wconf 79' lang='lat' dir='ltr'><strong>inreprehensibilem</strong></span> <span class='ocrx_word' id='word_1_271' title='bbox 2433 1102 2471 1136; x_wconf 77' lang='lat' dir='ltr'><strong>et</strong></span> 
     </span>
     <span class='ocr_line' id='line_1_40' title="bbox 254 1139 2470 1191; baseline 0.002 -15"><span class='ocrx_word' id='word_1_272' title='bbox 254 1156 294 1176; x_wconf 84' lang='grc' dir='ltr'><strong>τε</strong></span> <span class='ocrx_word' id='word_1_273' title='bbox 328 1144 387 1175; x_wconf 78' lang='grc' dir='ltr'><strong>καὶ</strong></span> <span class='ocrx_word' id='word_1_274' title='bbox 424 1140 670 1185; x_wconf 84' lang='grc' dir='ltr'><strong><em>ἀνεπίληπτον</em></strong></span> <span class='ocrx_word' id='word_1_275' title='bbox 700 1145 760 1176; x_wconf 88' lang='grc' dir='ltr'><strong>καὶ</strong></span> <span class='ocrx_word' id='word_1_276' title='bbox 791 1139 958 1186; x_wconf 78' lang='grc' dir='ltr'><strong><em>τοιαύτης</em></strong></span> <span class='ocrx_word' id='word_1_277' title='bbox 987 1139 1186 1191; x_wconf 78' lang='grc' dir='ltr'><strong><em>ἀκροάσεως</em></strong></span> <span class='ocrx_word' id='word_1_278' title='bbox 1217 1143 1329 1185; x_wconf 78' lang='grc' dir='ltr'><strong><em>ἄξιον,</em></strong></span> <span class='ocrx_word' id='word_1_279' title='bbox 1342 1148 1384 1180; x_wconf 83' lang='grc'><strong>20</strong></span> <span class='ocrx_word' id='word_1_280' title='bbox 1397 1146 1503 1181; x_wconf 81' lang='lat' dir='ltr'><strong>huius</strong></span> <span class='ocrx_word' id='word_1_281' title='bbox 1534 1145 1703 1181; x_wconf 77' lang='lat' dir='ltr'><strong>auditorii</strong></span> <span class='ocrx_word' id='word_1_282' title='bbox 1734 1145 1877 1189; x_wconf 81' lang='lat' dir='ltr'><strong>dignum</strong></span> <span class='ocrx_word' id='word_1_283' title='bbox 1907 1149 1942 1180; x_wconf 80' lang='lat' dir='ltr'><strong>et</strong></span> <span class='ocrx_word' id='word_1_284' title='bbox 1972 1145 2085 1181; x_wconf 76' lang='lat' dir='ltr'><strong>omnis</strong></span> <span class='ocrx_word' id='word_1_285' title='bbox 2115 1145 2352 1181; x_wconf 78' lang='lat' dir='ltr'><strong>abstinentem</strong></span> <span class='ocrx_word' id='word_1_286' title='bbox 2382 1145 2470 1180; x_wconf 78' lang='lat' dir='ltr'><strong>furti</strong></span> 
     </span>
    </p>
   </div>
   <div class='ocr_carea' id='block_1_16' title="bbox 252 1185 1331 1369">
    <p class='ocr_par' dir='ltr' id='par_1_16' title="bbox 252 1185 1331 1369">
     <span class='ocr_line' id='line_1_41' title="bbox 254 1185 1328 1233; baseline 0.002 -13"><span class='ocrx_word' id='word_1_287' title='bbox 254 1190 314 1219; x_wconf 84' lang='grc' dir='ltr'><strong>καὶ</strong></span> <span class='ocrx_word' id='word_1_288' title='bbox 345 1185 459 1230; x_wconf 85' lang='grc' dir='ltr'><strong><em>πάσης</em></strong></span> <span class='ocrx_word' id='word_1_289' title='bbox 484 1187 686 1230; x_wconf 82' lang='grc' dir='ltr'><strong><em>ἀπέχεσθαι</em></strong></span> <span class='ocrx_word' id='word_1_290' title='bbox 717 1186 847 1231; x_wconf 79' lang='grc' dir='ltr'><strong><em>κλοπῆς</em></strong></span> <span class='ocrx_word' id='word_1_291' title='bbox 878 1187 969 1231; x_wconf 85' lang='grc' dir='ltr'><strong><em>[ἦτοι</em></strong></span> <span class='ocrx_word' id='word_1_292' title='bbox 1002 1186 1237 1233; x_wconf 87' lang='grc' dir='ltr'><strong><em>δωροδοκίας,</em></strong></span> <span class='ocrx_word' id='word_1_293' title='bbox 1273 1186 1328 1222; x_wconf 88' lang='grc' dir='ltr'><strong>δο-</strong></span> 
     </span>
     <span class='ocr_line' id='line_1_42' title="bbox 254 1230 1331 1279; baseline 0.002 -15"><span class='ocrx_word' id='word_1_294' title='bbox 254 1230 438 1276; x_wconf 82' lang='grc' dir='ltr'><strong><em>σοληψίας]</em></strong></span> <span class='ocrx_word' id='word_1_295' title='bbox 474 1235 532 1265; x_wconf 85' lang='grc' dir='ltr'><strong>καὶ</strong></span> <span class='ocrx_word' id='word_1_296' title='bbox 564 1231 728 1278; x_wconf 85' lang='grc' dir='ltr'><strong><em>καθαρὰς</em></strong></span> <span class='ocrx_word' id='word_1_297' title='bbox 759 1235 852 1275; x_wconf 83' lang='grc' dir='ltr'><strong><em>ἔχειν</em></strong></span> <span class='ocrx_word' id='word_1_298' title='bbox 887 1231 950 1267; x_wconf 82' lang='grc' dir='ltr'><strong>τὰς</strong></span> <span class='ocrx_word' id='word_1_299' title='bbox 980 1237 1106 1279; x_wconf 87' lang='grc' dir='ltr'><strong><em>χεῖρας.</em></strong></span> <span class='ocrx_word' id='word_1_300' title='bbox 1160 1236 1255 1275; x_wconf 79' lang='grc' dir='ltr'><strong><em>ἔχειν</em></strong></span> <span class='ocrx_word' id='word_1_301' title='bbox 1291 1232 1331 1267; x_wconf 82' lang='grc' dir='ltr'><strong><em>δὲ</em></strong></span> 
     </span>
     <span class='ocr_line' id='line_1_43' title="bbox 254 1275 1330 1325; baseline 0.002 -15"><span class='ocrx_word' id='word_1_302' title='bbox 254 1275 297 1319; x_wconf 81' lang='grc' dir='ltr'><strong><em>δὴ</em></strong></span> <span class='ocrx_word' id='word_1_303' title='bbox 325 1279 386 1310; x_wconf 87' lang='grc' dir='ltr'><strong>καὶ</strong></span> <span class='ocrx_word' id='word_1_304' title='bbox 422 1275 602 1324; x_wconf 85' lang='grc' dir='ltr'><strong><em>πάρεδρον</em></strong></span> <span class='ocrx_word' id='word_1_305' title='bbox 635 1279 711 1312; x_wconf 87' lang='grc' dir='ltr'><strong>τῶν</strong></span> <span class='ocrx_word' id='word_1_306' title='bbox 743 1275 904 1322; x_wconf 80' lang='grc' dir='ltr'><strong><em>δοκίμων</em></strong></span> <span class='ocrx_word' id='word_1_307' title='bbox 933 1279 1008 1312; x_wconf 72' lang='grc' dir='ltr'><strong><em>ἕνα.</em></strong></span> <span class='ocrx_word' id='word_1_308' title='bbox 1055 1281 1115 1311; x_wconf 84' lang='grc' dir='ltr'><strong>καὶ</strong></span> <span class='ocrx_word' id='word_1_309' title='bbox 1146 1278 1215 1325; x_wconf 84' lang='grc' dir='ltr'><strong>γαρ</strong></span> <span class='ocrx_word' id='word_1_310' title='bbox 1247 1276 1330 1312; x_wconf 78' lang='grc' dir='ltr'><strong><em>οὐδὲ</em></strong></span> 
     </span>
     <span class='ocr_line' id='line_1_44' title="bbox 252 1319 1329 1369; baseline 0.003 -15"><span class='ocrx_word' id='word_1_311' title='bbox 252 1322 326 1361; x_wconf 80' lang='grc' dir='ltr'><strong><em>ἔξω</em></strong></span> <span class='ocrx_word' id='word_1_312' title='bbox 344 1323 580 1367; x_wconf 75' lang='grc' dir='ltr'><strong><em>παραμυθίας</em></strong></span> <span class='ocrx_word' id='word_1_313' title='bbox 598 1320 725 1357; x_wconf 74' lang='grc' dir='ltr'><strong><em>αὐτοὺς</em></strong></span> <span class='ocrx_word' id='word_1_314' title='bbox 745 1324 806 1366; x_wconf 85' lang='grc' dir='ltr'><strong>τῆς</strong></span> <span class='ocrx_word' id='word_1_315' title='bbox 827 1319 1037 1368; x_wconf 84' lang='grc' dir='ltr'><strong><em>ἀποχρώσης</em></strong></span> <span class='ocrx_word' id='word_1_316' title='bbox 1054 1322 1329 1369; x_wconf 78' lang='grc' dir='ltr'><strong><em>καταλείψομεν,</em></strong></span> 
     </span>
    </p>
   </div>
   <div class='ocr_carea' id='block_1_17' title="bbox 1397 1189 2468 1369">
    <p class='ocr_par' dir='ltr' id='par_1_17' title="bbox 1397 1189 2468 1369">
     <span class='ocr_line' id='line_1_45' title="bbox 1398 1189 2468 1235; baseline 0.001 -10"><span class='ocrx_word' id='word_1_317' title='bbox 1398 1195 1434 1225; x_wconf 89' lang='lat' dir='ltr'><strong>et</strong></span> <span class='ocrx_word' id='word_1_318' title='bbox 1466 1201 1577 1235; x_wconf 87' lang='lat' dir='ltr'><strong>puras</strong></span> <span class='ocrx_word' id='word_1_319' title='bbox 1606 1190 1738 1226; x_wconf 83' lang='lat' dir='ltr'><strong>habere</strong></span> <span class='ocrx_word' id='word_1_320' title='bbox 1767 1200 1912 1235; x_wconf 82' lang='lat' dir='ltr'><strong>manus3</strong></span> <span class='ocrx_word' id='word_1_321' title='bbox 1945 1190 2079 1226; x_wconf 89' lang='lat' dir='ltr'><strong>habere</strong></span> <span class='ocrx_word' id='word_1_322' title='bbox 2102 1193 2220 1226; x_wconf 88' lang='lat' dir='ltr'><strong>autem</strong></span> <span class='ocrx_word' id='word_1_323' title='bbox 2245 1192 2282 1226; x_wconf 88' lang='lat' dir='ltr'><strong>et</strong></span> <span class='ocrx_word' id='word_1_324' title='bbox 2305 1189 2468 1226; x_wconf 88' lang='lat' dir='ltr'><strong>consilia-</strong></span> 
     </span>
     <span class='ocr_line' id='line_1_46' title="bbox 1397 1235 2468 1280; baseline 0 -10"><span class='ocrx_word' id='word_1_325' title='bbox 1397 1236 1489 1271; x_wconf 90' lang='lat' dir='ltr'><strong>rium</strong></span> <span class='ocrx_word' id='word_1_326' title='bbox 1527 1236 1715 1280; x_wconf 85' lang='lat' dir='ltr'><strong>probatum</strong></span> <span class='ocrx_word' id='word_1_327' title='bbox 1751 1246 1871 1271; x_wconf 90' lang='lat' dir='ltr'><strong>unum.</strong></span> <span class='ocrx_word' id='word_1_328' title='bbox 1924 1235 2069 1271; x_wconf 86' lang='lat' dir='ltr'><strong>Etenim</strong></span> <span class='ocrx_word' id='word_1_329' title='bbox 2099 1246 2214 1280; x_wconf 88' lang='lat' dir='ltr'><strong>neque</strong></span> <span class='ocrx_word' id='word_1_330' title='bbox 2244 1235 2335 1270; x_wconf 85' lang='lat' dir='ltr'><strong>citra</strong></span> <span class='ocrx_word' id='word_1_331' title='bbox 2366 1245 2468 1271; x_wconf 93' lang='lat' dir='ltr'><strong>usum</strong></span> 
     </span>
     <span class='ocr_line' id='line_1_47' title="bbox 1398 1280 2467 1326; baseline -0.001 -10"><span class='ocrx_word' id='word_1_332' title='bbox 1398 1280 1651 1316; x_wconf 86' lang='lat' dir='ltr'><strong>consolationis</strong></span> <span class='ocrx_word' id='word_1_333' title='bbox 1683 1290 1743 1316; x_wconf 90' lang='lat' dir='ltr'><strong>eos</strong></span> <span class='ocrx_word' id='word_1_334' title='bbox 1775 1280 2067 1326; x_wconf 83' lang='lat' dir='ltr'><strong>derelinquimus,</strong></span> <span class='ocrx_word' id='word_1_335' title='bbox 2099 1282 2162 1316; x_wconf 87' lang='lat' dir='ltr'><strong>sed</strong></span> <span class='ocrx_word' id='word_1_336' title='bbox 2194 1280 2384 1326; x_wconf 87' lang='lat' dir='ltr'><strong>unicuique</strong></span> <span class='ocrx_word' id='word_1_337' title='bbox 2407 1290 2467 1315; x_wconf 84' lang='lat' dir='ltr'><strong>eo-</strong></span> 
     </span>
     <span class='ocr_line' id='line_1_48' title="bbox 1398 1325 2468 1369; baseline -0.001 -9"><span class='ocrx_word' id='word_1_338' title='bbox 1398 1336 1476 1360; x_wconf 92' lang='lat' dir='ltr'><strong>rum</strong></span> <span class='ocrx_word' id='word_1_339' title='bbox 1500 1329 1554 1360; x_wconf 86' lang='lat' dir='ltr'><strong>tot</strong></span> <span class='ocrx_word' id='word_1_340' title='bbox 1577 1326 1708 1361; x_wconf 89' lang='lat' dir='ltr'><strong>solidos</strong></span> <span class='ocrx_word' id='word_1_341' title='bbox 1732 1325 1921 1361; x_wconf 84' lang='lat' dir='ltr'><strong>occasione</strong></span> <span class='ocrx_word' id='word_1_342' title='bbox 1943 1335 2165 1361; x_wconf 88' lang='lat' dir='ltr'><strong>annonarum</strong></span> <span class='ocrx_word' id='word_1_343' title='bbox 2195 1325 2298 1361; x_wconf 89' lang='lat' dir='ltr'><strong>annis</strong></span> <span class='ocrx_word' id='word_1_344' title='bbox 2321 1325 2468 1369; x_wconf 87' lang='lat' dir='ltr'><strong>singulis</strong></span> 
     </span>
    </p>
   </div>
   <div class='ocr_carea' id='block_1_18' title="bbox 252 1363 2467 1424">
    <p class='ocr_par' dir='ltr' id='par_1_18' title="bbox 252 1363 2467 1424">
     <span class='ocr_line' id='line_1_49' title="bbox 252 1363 2467 1424; baseline 0.003 -25"><span class='ocrx_word' id='word_1_345' title='bbox 252 1365 341 1399; x_wconf 77' lang='grc' dir='ltr'><strong><em>ἀλλὰ</em></strong></span> <span class='ocrx_word' id='word_1_346' title='bbox 359 1363 430 1400; x_wconf 78' lang='grc' dir='ltr'><strong>ἀνὰ</strong></span> <span class='ocrx_word' id='word_1_347' title='bbox 453 1367 573 1403; x_wconf 88' lang='lat' dir='ltr'><strong>decem</strong></span> <span class='ocrx_word' id='word_1_348' title='bbox 596 1367 767 1402; x_wconf 85' lang='lat' dir='ltr'><strong>librarum</strong></span> <span class='ocrx_word' id='word_1_349' title='bbox 790 1368 903 1414; x_wconf 82' lang='lat' dir='ltr'><strong>(auri)</strong></span> <span class='ocrx_word' id='word_1_350' title='bbox 928 1366 1047 1421; x_wconf 61' lang='grc' dir='ltr'><strong><em>αὐτοῖς</em></strong></span> <span class='ocrx_word' id='word_1_351' title='bbox 1069 1365 1253 1424; x_wconf 45' lang='grc' dir='ltr'><strong><em>προφάσει,</em></strong></span> <span class='ocrx_word' id='word_1_352' title='bbox 1269 1365 1328 1402; x_wconf 85' lang='grc' dir='ltr'><strong>ἀν·</strong></span> <span class='ocrx_word' id='word_1_353' title='bbox 1345 1373 1385 1405; x_wconf 80' lang='lat'><strong>25</strong></span> <span class='ocrx_word' id='word_1_354' title='bbox 1399 1370 1580 1414; x_wconf 86' lang='lat' dir='ltr'><strong>dabimus,</strong></span> <span class='ocrx_word' id='word_1_355' title='bbox 1614 1375 1785 1415; x_wconf 87' lang='lat' dir='ltr'><strong>quatenus</strong></span> <span class='ocrx_word' id='word_1_356' title='bbox 1810 1370 1846 1405; x_wconf 91' lang='lat' dir='ltr'><strong>hi</strong></span> <span class='ocrx_word' id='word_1_357' title='bbox 1870 1370 2088 1406; x_wconf 87' lang='lat' dir='ltr'><strong>sufficientes</strong></span> <span class='ocrx_word' id='word_1_358' title='bbox 2117 1371 2172 1406; x_wconf 88' lang='lat' dir='ltr'><strong>his</strong></span> <span class='ocrx_word' id='word_1_359' title='bbox 2194 1370 2282 1406; x_wconf 87' lang='lat' dir='ltr'><strong>nulli</strong></span> <span class='ocrx_word' id='word_1_360' title='bbox 2304 1370 2467 1416; x_wconf 83' lang='lat' dir='ltr'><strong>adquies-</strong></span> 
     </span>
    </p>
   </div>
   <div class='ocr_carea' id='block_1_19' title="bbox 252 1409 1331 1602">
    <p class='ocr_par' dir='ltr' id='par_1_19' title="bbox 252 1409 1331 1602">
     <span class='ocr_line' id='line_1_50' title="bbox 252 1409 1331 1456; baseline 0.001 -11"><span class='ocrx_word' id='word_1_361' title='bbox 252 1409 373 1445; x_wconf 86' lang='grc' dir='ltr'><strong><em>νόνων</em></strong></span> <span class='ocrx_word' id='word_1_362' title='bbox 402 1414 500 1446; x_wconf 80' lang='grc' dir='ltr'><strong><em>ἔτους</em></strong></span> <span class='ocrx_word' id='word_1_363' title='bbox 531 1409 680 1446; x_wconf 80' lang='grc' dir='ltr'><strong><em>ἑκάστου</em></strong></span> <span class='ocrx_word' id='word_1_364' title='bbox 713 1411 888 1456; x_wconf 85' lang='grc' dir='ltr'><strong><em>δώσομεν,</em></strong></span> <span class='ocrx_word' id='word_1_365' title='bbox 923 1424 1010 1447; x_wconf 82' lang='grc' dir='ltr'><strong><em>ωςτε</em></strong></span> <span class='ocrx_word' id='word_1_366' title='bbox 1042 1425 1168 1448; x_wconf 86' lang='grc' dir='ltr'><strong><em>αυτους</em></strong></span> <span class='ocrx_word' id='word_1_367' title='bbox 1191 1424 1331 1448; x_wconf 88' lang='grc' dir='ltr'><strong><em>τουτοις</em></strong></span> 
     </span>
     <span class='ocr_line' id='line_1_51' title="bbox 252 1453 1330 1514; baseline 0.004 -25"><span class='ocrx_word' id='word_1_368' title='bbox 252 1453 485 1501; x_wconf 76' lang='grc' dir='ltr'><strong><em>ἀρκουμένους</em></strong></span> <span class='ocrx_word' id='word_1_369' title='bbox 523 1455 697 1514; x_wconf 79' lang='grc' dir='ltr'><strong><em>μηδεμιᾶς</em></strong></span> <span class='ocrx_word' id='word_1_370' title='bbox 731 1455 957 1500; x_wconf 70' lang='grc' dir='ltr'><strong><em>ἀνασχέσθαι</em></strong></span> <span class='ocrx_word' id='word_1_371' title='bbox 993 1457 1124 1501; x_wconf 85' lang='grc' dir='ltr'><strong><em>κλοπῆς</em></strong></span> <span class='ocrx_word' id='word_1_372' title='bbox 1159 1455 1180 1501; x_wconf 86' lang='grc' dir='ltr'><em>ἢ</em></span> <span class='ocrx_word' id='word_1_373' title='bbox 1218 1471 1330 1501; x_wconf 83' lang='grc' dir='ltr'><strong><em>καπη·</em></strong></span> 
     </span>
     <span class='ocr_line' id='line_1_52' title="bbox 252 1500 1330 1550; baseline 0 -14"><span class='ocrx_word' id='word_1_374' title='bbox 252 1501 276 1536; x_wconf 78' lang='lat'>2</span> <span class='ocrx_word' id='word_1_375' title='bbox 324 1500 426 1536; x_wconf 81' lang='grc' dir='ltr'><strong><em>λείας.</em></strong></span> <span class='ocrx_word' id='word_1_376' title='bbox 522 1501 626 1536; x_wconf 87' lang='grc' dir='ltr'><strong><em>Αλλα</em></strong></span> <span class='ocrx_word' id='word_1_377' title='bbox 657 1501 747 1547; x_wconf 82' lang='grc' dir='ltr'><strong><em>μηδὲ</em></strong></span> <span class='ocrx_word' id='word_1_378' title='bbox 778 1505 839 1537; x_wconf 83' lang='grc' dir='ltr'><strong><em>ἐπὶ</em></strong></span> <span class='ocrx_word' id='word_1_379' title='bbox 869 1501 967 1537; x_wconf 82' lang='grc' dir='ltr'><strong><em>δόσει</em></strong></span> <span class='ocrx_word' id='word_1_380' title='bbox 995 1503 1168 1550; x_wconf 82' lang='grc' dir='ltr'><strong><em>γίνεσθαι</em></strong></span> <span class='ocrx_word' id='word_1_381' title='bbox 1200 1515 1330 1538; x_wconf 82' lang='grc' dir='ltr'><strong><em>παντε-</em></strong></span> 
     </span>
     <span class='ocr_line' id='line_1_53' title="bbox 253 1544 1330 1602; baseline 0.001 -22"><span class='ocrx_word' id='word_1_382' title='bbox 253 1545 340 1588; x_wconf 84' lang='grc' dir='ltr'><strong><em>λῶς,</em></strong></span> <span class='ocrx_word' id='word_1_383' title='bbox 373 1544 543 1594; x_wconf 77' lang='grc' dir='ltr'><strong><em>καθάπερ</em></strong></span> <span class='ocrx_word' id='word_1_384' title='bbox 566 1549 607 1581; x_wconf 78' lang='grc' dir='ltr'><strong>ἕν</strong></span> <span class='ocrx_word' id='word_1_385' title='bbox 632 1560 728 1581; x_wconf 85' lang='grc' dir='ltr'><strong><em>τισιν</em></strong></span> <span class='ocrx_word' id='word_1_386' title='bbox 751 1550 887 1602; x_wconf 73' lang='grc' dir='ltr'><strong><em>ἐγίνετο</em></strong></span> <span class='ocrx_word' id='word_1_387' title='bbox 911 1545 1067 1600; x_wconf 78' lang='grc' dir='ltr'><strong><em>χρόνοις,</em></strong></span> <span class='ocrx_word' id='word_1_388' title='bbox 1096 1547 1187 1593; x_wconf 73' lang='grc' dir='ltr'><strong><em>μηδὲ</em></strong></span> <span class='ocrx_word' id='word_1_389' title='bbox 1212 1548 1330 1594; x_wconf 83' lang='grc' dir='ltr'><strong><em>προΐε-</em></strong></span> 
     </span>
    </p>
   </div>
   <div class='ocr_carea' id='block_1_20' title="bbox 1400 1415 1904 1451">
    <p class='ocr_par' dir='ltr' id='par_1_20' title="bbox 1400 1415 1904 1451">
     <span class='ocr_line' id='line_1_54' title="bbox 1400 1415 1904 1451; baseline 0 0"><span class='ocrx_word' id='word_1_390' title='bbox 1400 1419 1484 1451; x_wconf 87' lang='lat' dir='ltr'><strong>caut</strong></span> <span class='ocrx_word' id='word_1_391' title='bbox 1506 1416 1602 1451; x_wconf 84' lang='lat' dir='ltr'><strong>furto</strong></span> <span class='ocrx_word' id='word_1_392' title='bbox 1626 1421 1689 1450; x_wconf 84' lang='lat' dir='ltr'><strong>aut</strong></span> <span class='ocrx_word' id='word_1_393' title='bbox 1712 1415 1904 1451; x_wconf 79' lang='lat' dir='ltr'><strong>venalitati.</strong></span> 
     </span>
    </p>
   </div>
   <div class='ocr_carea' id='block_1_21' title="bbox 1398 1505 2468 1602">
    <p class='ocr_par' dir='ltr' id='par_1_21' title="bbox 1398 1505 2468 1602">
     <span class='ocr_line' id='line_1_55' title="bbox 1398 1505 2468 1551; baseline 0 -11"><span class='ocrx_word' id='word_1_394' title='bbox 1398 1505 1422 1540; x_wconf 79' lang='lat'>2</span> <span class='ocrx_word' id='word_1_395' title='bbox 1469 1505 1539 1541; x_wconf 88' lang='lat' dir='ltr'><strong>Sed</strong></span> <span class='ocrx_word' id='word_1_396' title='bbox 1570 1515 1685 1551; x_wconf 87' lang='lat' dir='ltr'><strong>neque</strong></span> <span class='ocrx_word' id='word_1_397' title='bbox 1716 1515 1781 1551; x_wconf 88' lang='lat' dir='ltr'><strong>per</strong></span> <span class='ocrx_word' id='word_1_398' title='bbox 1813 1505 1990 1540; x_wconf 85' lang='lat' dir='ltr'><strong>dationem</strong></span> <span class='ocrx_word' id='word_1_399' title='bbox 2010 1505 2087 1541; x_wconf 88' lang='lat' dir='ltr'><strong>fieri</strong></span> <span class='ocrx_word' id='word_1_400' title='bbox 2111 1506 2270 1547; x_wconf 88' lang='lat' dir='ltr'><strong>omnino,</strong></span> <span class='ocrx_word' id='word_1_401' title='bbox 2302 1505 2468 1550; x_wconf 85' lang='lat' dir='ltr'><strong>quemad-</strong></span> 
     </span>
     <span class='ocr_line' id='line_1_56' title="bbox 1399 1549 2468 1602; baseline -0.002 -16"><span class='ocrx_word' id='word_1_402' title='bbox 1399 1550 1542 1586; x_wconf 92' lang='lat' dir='ltr'><strong>modum</strong></span> <span class='ocrx_word' id='word_1_403' title='bbox 1565 1551 1603 1586; x_wconf 91' lang='lat' dir='ltr'><strong>in</strong></span> <span class='ocrx_word' id='word_1_404' title='bbox 1627 1550 1837 1596; x_wconf 84' lang='lat' dir='ltr'><strong>quibusdam</strong></span> <span class='ocrx_word' id='word_1_405' title='bbox 1860 1550 1970 1586; x_wconf 84' lang='lat' dir='ltr'><strong>fiebat</strong></span> <span class='ocrx_word' id='word_1_406' title='bbox 1987 1551 2221 1596; x_wconf 78' lang='lat' dir='ltr'><strong>temporibus3</strong></span> <span class='ocrx_word' id='word_1_407' title='bbox 2246 1559 2360 1602; x_wconf 73' lang='lat' dir='ltr'><strong>neque</strong></span> <span class='ocrx_word' id='word_1_408' title='bbox 2376 1549 2468 1585; x_wconf 91' lang='lat' dir='ltr'><strong>enim</strong></span> 
     </span>
    </p>
   </div>
   <div class='ocr_carea' id='block_1_22' title="bbox 252 1590 2468 1648">
    <p class='ocr_par' dir='ltr' id='par_1_22' title="bbox 252 1590 2468 1648">
     <span class='ocr_line' id='line_1_57' title="bbox 252 1590 2468 1648; baseline 0.002 -24"><span class='ocrx_word' id='word_1_409' title='bbox 252 1591 345 1625; x_wconf 84' lang='grc' dir='ltr'><strong><em>σθαι</em></strong></span> <span class='ocrx_word' id='word_1_410' title='bbox 370 1596 516 1644; x_wconf 64' lang='grc' dir='ltr'><strong><em>χρυσίον</em></strong></span> <span class='ocrx_word' id='word_1_411' title='bbox 574 1590 682 1635; x_wconf 88' lang='grc' dir='ltr'><strong><em>ηδενί.</em></strong></span> <span class='ocrx_word' id='word_1_412' title='bbox 730 1594 771 1627; x_wconf 76' lang='grc' dir='ltr'><strong>ἐν</strong></span> <span class='ocrx_word' id='word_1_413' title='bbox 805 1595 882 1646; x_wconf 44' lang='lat' dir='ltr'><strong>&#39;cocy&#39;</strong></span> <span class='ocrx_word' id='word_1_414' title='bbox 901 1607 968 1640; x_wconf 87' lang='grc' dir='ltr'><strong>γαρ</strong></span> <span class='ocrx_word' id='word_1_415' title='bbox 1001 1593 1195 1648; x_wconf 54' lang='grc' dir='ltr'><strong><em>ἐγκλήματι</em></strong></span> <span class='ocrx_word' id='word_1_416' title='bbox 1229 1591 1329 1645; x_wconf 56' lang='lat' dir='ltr'><strong>yemis</strong></span> <span class='ocrx_word' id='word_1_417' title='bbox 1345 1599 1386 1631; x_wconf 89' lang='grc'><strong>30</strong></span> <span class='ocrx_word' id='word_1_418' title='bbox 1399 1595 1600 1641; x_wconf 81' lang='lat' dir='ltr'><strong>proiectare</strong></span> <span class='ocrx_word' id='word_1_419' title='bbox 1623 1606 1750 1632; x_wconf 82' lang='lat' dir='ltr'><strong>aurum</strong></span> <span class='ocrx_word' id='word_1_420' title='bbox 1773 1595 1849 1631; x_wconf 86' lang='lat' dir='ltr'><strong>ulli.</strong></span> <span class='ocrx_word' id='word_1_421' title='bbox 1896 1596 1937 1631; x_wconf 88' lang='lat' dir='ltr'><strong>In</strong></span> <span class='ocrx_word' id='word_1_422' title='bbox 1961 1596 2100 1640; x_wconf 69' lang='lat' dir='ltr'><strong>aequali</strong></span> <span class='ocrx_word' id='word_1_423' title='bbox 2123 1596 2215 1631; x_wconf 87' lang='lat' dir='ltr'><strong>enim</strong></span> <span class='ocrx_word' id='word_1_424' title='bbox 2246 1595 2393 1630; x_wconf 82' lang='lat' dir='ltr'><strong>crimme</strong></span> <span class='ocrx_word' id='word_1_425' title='bbox 2414 1594 2468 1630; x_wconf 80' lang='lat' dir='ltr'><strong>ef-</strong></span> 
     </span>
    </p>
   </div>
   <div class='ocr_carea' id='block_1_23' title="bbox 252 1635 1330 1814">
    <p class='ocr_par' dir='ltr' id='par_1_23' title="bbox 252 1635 1330 1814">
     <span class='ocr_line' id='line_1_58' title="bbox 253 1635 1330 1686; baseline 0.003 -17"><span class='ocrx_word' id='word_1_426' title='bbox 253 1648 354 1670; x_wconf 84' lang='grc' dir='ltr'><strong><em>σεται</em></strong></span> <span class='ocrx_word' id='word_1_427' title='bbox 390 1639 449 1670; x_wconf 83' lang='grc' dir='ltr'><strong>καὶ</strong></span> <span class='ocrx_word' id='word_1_428' title='bbox 483 1650 502 1671; x_wconf 90' lang='grc' dir='ltr'><strong><em>ο</em></strong></span> <span class='ocrx_word' id='word_1_429' title='bbox 554 1635 621 1671; x_wconf 59' lang='grc' dir='ltr'><strong>Χούς</strong></span> <span class='ocrx_word' id='word_1_430' title='bbox 652 1651 726 1671; x_wconf 90' lang='grc' dir='ltr'><strong><em>τινι</em></strong></span> <span class='ocrx_word' id='word_1_431' title='bbox 763 1651 940 1683; x_wconf 82' lang='grc' dir='ltr'><strong><em>προφασει</em></strong></span> <span class='ocrx_word' id='word_1_432' title='bbox 975 1650 1036 1681; x_wconf 88' lang='grc' dir='ltr'><strong>της</strong></span> <span class='ocrx_word' id='word_1_433' title='bbox 1064 1650 1169 1686; x_wconf 88' lang='grc' dir='ltr'><strong><em>αρχης</em></strong></span> <span class='ocrx_word' id='word_1_434' title='bbox 1204 1642 1264 1672; x_wconf 81' lang='grc' dir='ltr'><strong>καὶ</strong></span> <span class='ocrx_word' id='word_1_435' title='bbox 1299 1652 1330 1680; x_wconf 85' lang='grc' dir='ltr'><strong><em>ο,</em></strong></span> 
     </span>
     <span class='ocr_line' id='line_1_59' title="bbox 252 1679 1326 1728; baseline 0.003 -14"><span class='ocrx_word' id='word_1_436' title='bbox 252 1679 400 1716; x_wconf 79' lang='grc' dir='ltr'><strong><em>ἐπειδὰν</em></strong></span> <span class='ocrx_word' id='word_1_437' title='bbox 439 1685 598 1728; x_wconf 82' lang='grc' dir='ltr'><strong><em>γένοιτο,</em></strong></span> <span class='ocrx_word' id='word_1_438' title='bbox 639 1682 737 1727; x_wconf 87' lang='grc' dir='ltr'><strong><em>παρά</em></strong></span> <span class='ocrx_word' id='word_1_439' title='bbox 779 1694 876 1717; x_wconf 81' lang='grc' dir='ltr'><strong><em>τινος</em></strong></span> <span class='ocrx_word' id='word_1_440' title='bbox 916 1682 1041 1727; x_wconf 83' lang='grc' dir='ltr'><strong><em>λαβεῖν</em></strong></span> <span class='ocrx_word' id='word_1_441' title='bbox 1076 1683 1326 1728; x_wconf 82' lang='grc' dir='ltr'><strong><em>ἀνασχόμενος,</em></strong></span> 
     </span>
     <span class='ocr_line' id='line_1_60' title="bbox 252 1724 1327 1804; baseline 0.004 -45"><span class='ocrx_word' id='word_1_442' title='bbox 252 1724 352 1804; x_wconf 48' lang='grc' dir='ltr'><strong><em>’ἕξθόι</em></strong></span> <span class='ocrx_word' id='word_1_443' title='bbox 375 1729 434 1760; x_wconf 80' lang='grc' dir='ltr'><strong><em>καί</em></strong></span> <span class='ocrx_word' id='word_1_444' title='bbox 464 1728 518 1770; x_wconf 74' lang='grc' dir='ltr'><strong><em>τῷ</em></strong></span> <span class='ocrx_word' id='word_1_445' title='bbox 551 1726 790 1771; x_wconf 73' lang='grc' dir='ltr'><strong><em>δοθησομένῳ</em></strong></span> <span class='ocrx_word' id='word_1_446' title='bbox 815 1726 905 1775; x_wconf 84' lang='grc' dir='ltr'><strong><em>παρ’</em></strong></span> <span class='ocrx_word' id='word_1_447' title='bbox 940 1725 1062 1762; x_wconf 77' lang='grc' dir='ltr'><strong><em>αὐτῶν</em></strong></span> <span class='ocrx_word' id='word_1_448' title='bbox 1094 1725 1189 1775; x_wconf 79' lang='grc' dir='ltr'><strong><em>ὅρκῳ</em></strong></span> <span class='ocrx_word' id='word_1_449' title='bbox 1216 1727 1327 1772; x_wconf 86' lang='grc' dir='ltr'><strong><em>δηλω-</em></strong></span> 
     </span>
     <span class='ocr_line' id='line_1_61' title="bbox 285 1783 419 1814; baseline 0.022 -11"><span class='ocrx_word' id='word_1_450' title='bbox 285 1783 419 1814; x_wconf 82' lang='grc' dir='ltr'><strong><em>ησεται.</em></strong></span> 
     </span>
    </p>
   </div>
   <div class='ocr_carea' id='block_1_24' title="bbox 1397 1639 2468 1766">
    <p class='ocr_par' dir='ltr' id='par_1_24' title="bbox 1397 1639 2468 1766">
     <span class='ocr_line' id='line_1_62' title="bbox 1399 1639 2468 1687; baseline -0.001 -12"><span class='ocrx_word' id='word_1_451' title='bbox 1399 1641 1517 1676; x_wconf 86' lang='lat' dir='ltr'><strong>ficitur</strong></span> <span class='ocrx_word' id='word_1_452' title='bbox 1540 1645 1576 1676; x_wconf 87' lang='lat' dir='ltr'><strong>et</strong></span> <span class='ocrx_word' id='word_1_453' title='bbox 1599 1641 1660 1687; x_wconf 88' lang='lat' dir='ltr'><strong>qui</strong></span> <span class='ocrx_word' id='word_1_454' title='bbox 1683 1641 1744 1676; x_wconf 87' lang='lat' dir='ltr'><strong>dat</strong></span> <span class='ocrx_word' id='word_1_455' title='bbox 1767 1640 1875 1676; x_wconf 89' lang='lat' dir='ltr'><strong>alicui</strong></span> <span class='ocrx_word' id='word_1_456' title='bbox 1898 1640 2085 1677; x_wconf 81' lang='lat' dir='ltr'><strong>occasione</strong></span> <span class='ocrx_word' id='word_1_457' title='bbox 2108 1640 2308 1685; x_wconf 86' lang='lat' dir='ltr'><strong>dignitatis,</strong></span> <span class='ocrx_word' id='word_1_458' title='bbox 2338 1643 2375 1675; x_wconf 89' lang='lat' dir='ltr'><strong>et</strong></span> <span class='ocrx_word' id='word_1_459' title='bbox 2397 1639 2468 1684; x_wconf 84' lang='lat' dir='ltr'><strong>qui,</strong></span> 
     </span>
     <span class='ocr_line' id='line_1_63' title="bbox 1397 1685 2468 1739; baseline -0.001 -18"><span class='ocrx_word' id='word_1_460' title='bbox 1397 1685 1427 1721; x_wconf 89' lang='lat' dir='ltr'><strong>si</strong></span> <span class='ocrx_word' id='word_1_461' title='bbox 1450 1686 1585 1722; x_wconf 84' lang='lat' dir='ltr'><strong>factum</strong></span> <span class='ocrx_word' id='word_1_462' title='bbox 1608 1686 1729 1729; x_wconf 87' lang='lat' dir='ltr'><strong>fuerit,</strong></span> <span class='ocrx_word' id='word_1_463' title='bbox 1754 1687 1800 1721; x_wconf 87' lang='lat' dir='ltr'><strong>ab</strong></span> <span class='ocrx_word' id='word_1_464' title='bbox 1824 1686 1957 1739; x_wconf 47' lang='lat' dir='ltr'><strong>aliquo·</strong></span> <span class='ocrx_word' id='word_1_465' title='bbox 1967 1686 2132 1731; x_wconf 86' lang='lat' dir='ltr'><strong>accipere</strong></span> <span class='ocrx_word' id='word_1_466' title='bbox 2154 1685 2388 1738; x_wconf 81' lang='lat' dir='ltr'><strong>adquiescens</strong></span> <span class='ocrx_word' id='word_1_467' title='bbox 2412 1694 2468 1720; x_wconf 89' lang='lat' dir='ltr'><strong>se-</strong></span> 
     </span>
     <span class='ocr_line' id='line_1_64' title="bbox 1398 1730 2416 1766; baseline 0 0"><span class='ocrx_word' id='word_1_468' title='bbox 1398 1731 1552 1766; x_wconf 89' lang='lat' dir='ltr'><strong>cundum</strong></span> <span class='ocrx_word' id='word_1_469' title='bbox 1573 1731 1729 1766; x_wconf 89' lang='lat' dir='ltr'><strong>dandum</strong></span> <span class='ocrx_word' id='word_1_470' title='bbox 1752 1732 1797 1766; x_wconf 91' lang='lat' dir='ltr'><strong>ab</strong></span> <span class='ocrx_word' id='word_1_471' title='bbox 1822 1741 1864 1766; x_wconf 91' lang='lat' dir='ltr'><strong>eo</strong></span> <span class='ocrx_word' id='word_1_472' title='bbox 1887 1730 2134 1766; x_wconf 79' lang='lat' dir='ltr'><strong>iusmrandum</strong></span> <span class='ocrx_word' id='word_1_473' title='bbox 2157 1730 2416 1766; x_wconf 79' lang='lat' dir='ltr'><strong>mamfestatur.</strong></span> 
     </span>
    </p>
   </div>
   <div class='ocr_carea' id='block_1_25' title="bbox 283 1818 2470 1939">
    <p class='ocr_par' dir='ltr' id='par_1_25' title="bbox 283 1818 2470 1939">
     <span class='ocr_line' id='line_1_65' title="bbox 1241 1818 1486 1856; baseline 0.012 -3"><span class='ocrx_word' id='word_1_474' title='bbox 1241 1818 1396 1856; x_wconf 84' lang='lat' dir='ltr'>CAPUT</span> <span class='ocrx_word' id='word_1_475' title='bbox 1425 1820 1486 1855; x_wconf 87' lang='lat' dir='ltr'><strong>IV.</strong></span> 
     </span>
     <span class='ocr_line' id='line_1_66' title="bbox 283 1875 2470 1939; baseline 0.003 -22"><span class='ocrx_word' id='word_1_476' title='bbox 283 1875 357 1937; x_wconf 44' lang='lat' dir='ltr'><strong>KZ&gt;</strong></span> <span class='ocrx_word' id='word_1_477' title='bbox 393 1882 669 1939; x_wconf 63' lang='grc' dir='ltr'><strong><em>Μεμαθήκαμεν</em></strong></span> <span class='ocrx_word' id='word_1_478' title='bbox 694 1883 733 1919; x_wconf 76' lang='grc' dir='ltr'><strong><em>δὲ</em></strong></span> <span class='ocrx_word' id='word_1_479' title='bbox 756 1882 875 1919; x_wconf 75' lang='grc' dir='ltr'><strong><em>αὐτοῖς</em></strong></span> <span class='ocrx_word' id='word_1_480' title='bbox 899 1885 987 1932; x_wconf 85' lang='grc' dir='ltr'><strong><em>πρὸς</em></strong></span> <span class='ocrx_word' id='word_1_481' title='bbox 1010 1882 1210 1932; x_wconf 75' lang='grc' dir='ltr'><strong><em>ὑπουργίαν</em></strong></span> <span class='ocrx_word' id='word_1_482' title='bbox 1235 1886 1327 1920; x_wconf 84' lang='grc' dir='ltr'><strong><em>εἶναι</em></strong></span> <span class='ocrx_word' id='word_1_483' title='bbox 1341 1891 1381 1922; x_wconf 88' lang='grc'><strong>35</strong></span> <span class='ocrx_word' id='word_1_484' title='bbox 1440 1887 1637 1923; x_wconf 85' lang='lat' dir='ltr'><strong>Didicimus</strong></span> <span class='ocrx_word' id='word_1_485' title='bbox 1673 1892 1791 1922; x_wconf 81' lang='lat' dir='ltr'><strong>autem</strong></span> <span class='ocrx_word' id='word_1_486' title='bbox 1828 1888 1880 1923; x_wconf 86' lang='lat' dir='ltr'><strong>eis</strong></span> <span class='ocrx_word' id='word_1_487' title='bbox 1916 1889 1962 1924; x_wconf 84' lang='lat' dir='ltr'><strong>ad</strong></span> <span class='ocrx_word' id='word_1_488' title='bbox 1997 1888 2205 1933; x_wconf 78' lang='lat' dir='ltr'><strong>obsequium</strong></span> <span class='ocrx_word' id='word_1_489' title='bbox 2239 1897 2318 1925; x_wconf 77' lang='lat' dir='ltr'><strong>esse</strong></span> <span class='ocrx_word' id='word_1_490' title='bbox 2351 1887 2470 1925; x_wconf 74' lang='lat' dir='ltr'><strong>officia</strong></span> 
     </span>
    </p>
   </div>
   <div class='ocr_carea' id='block_1_26' title="bbox 250 1928 1328 2065">
    <p class='ocr_par' dir='ltr' id='par_1_26' title="bbox 250 1928 1328 2065">
     <span class='ocr_line' id='line_1_67' title="bbox 250 1928 1328 1979; baseline 0.002 -17"><span class='ocrx_word' id='word_1_491' title='bbox 250 1941 416 1975; x_wconf 84' lang='grc' dir='ltr'><strong><em>ταγματα</em></strong></span> <span class='ocrx_word' id='word_1_492' title='bbox 440 1942 598 1976; x_wconf 81' lang='grc' dir='ltr'><strong><em>πονήρα,</em></strong></span> <span class='ocrx_word' id='word_1_493' title='bbox 618 1931 736 1975; x_wconf 81' lang='grc' dir='ltr'><strong><em>φαμὲν</em></strong></span> <span class='ocrx_word' id='word_1_494' title='bbox 761 1928 800 1964; x_wconf 79' lang='grc' dir='ltr'><strong><em>δὲ</em></strong></span> <span class='ocrx_word' id='word_1_495' title='bbox 827 1929 1103 1979; x_wconf 67' lang='grc' dir='ltr'><strong><em>λῃστογνώστας</em></strong></span> <span class='ocrx_word' id='word_1_496' title='bbox 1126 1943 1166 1964; x_wconf 86' lang='grc' dir='ltr'><strong>τε</strong></span> <span class='ocrx_word' id='word_1_497' title='bbox 1189 1933 1248 1964; x_wconf 78' lang='grc' dir='ltr'><strong>καὶ</strong></span> <span class='ocrx_word' id='word_1_498' title='bbox 1271 1934 1328 1975; x_wconf 89' lang='grc' dir='ltr'><strong>βε-</strong></span> 
     </span>
     <span class='ocr_line' id='line_1_68' title="bbox 250 1972 1328 2021; baseline 0.004 -15"><span class='ocrx_word' id='word_1_499' title='bbox 250 1972 487 2018; x_wconf 59' lang='grc' dir='ltr'><strong><em>νεφικιαλίους</em></strong></span> <span class='ocrx_word' id='word_1_500' title='bbox 510 1977 569 2007; x_wconf 82' lang='grc' dir='ltr'><strong>καὶ</strong></span> <span class='ocrx_word' id='word_1_501' title='bbox 598 1974 903 2019; x_wconf 83' lang='grc' dir='ltr'><strong><em>βαλαντιοτὸμους</em></strong></span> <span class='ocrx_word' id='word_1_502' title='bbox 932 1978 991 2009; x_wconf 81' lang='grc' dir='ltr'><strong>καὶ</strong></span> <span class='ocrx_word' id='word_1_503' title='bbox 1022 1977 1146 2021; x_wconf 77' lang='grc' dir='ltr'><strong><em>ἕτερον</em></strong></span> <span class='ocrx_word' id='word_1_504' title='bbox 1177 1974 1328 2018; x_wconf 77' lang='grc' dir='ltr'><strong><em>πλῆθος,</em></strong></span> 
     </span>
     <span class='ocr_line' id='line_1_69' title="bbox 252 2017 1327 2065; baseline 0.003 -14"><span class='ocrx_word' id='word_1_505' title='bbox 252 2017 306 2052; x_wconf 84' lang='grc' dir='ltr'><strong>ῶν</strong></span> <span class='ocrx_word' id='word_1_506' title='bbox 331 2020 484 2053; x_wconf 75' lang='grc' dir='ltr'><strong><em>ἕκαστον</em></strong></span> <span class='ocrx_word' id='word_1_507' title='bbox 508 2018 681 2065; x_wconf 84' lang='grc' dir='ltr'><strong><em>προςῆκόν</em></strong></span> <span class='ocrx_word' id='word_1_508' title='bbox 706 2022 782 2054; x_wconf 76' lang='grc' dir='ltr'><strong><em>ἐστι</em></strong></span> <span class='ocrx_word' id='word_1_509' title='bbox 807 2018 1025 2054; x_wconf 81' lang='grc' dir='ltr'><strong><em>κεκολάσθαι</em></strong></span> <span class='ocrx_word' id='word_1_510' title='bbox 1052 2018 1189 2064; x_wconf 81' lang='grc' dir='ltr'><strong><em>μᾶλλον</em></strong></span> <span class='ocrx_word' id='word_1_511' title='bbox 1212 2017 1234 2063; x_wconf 82' lang='grc' dir='ltr'>ἢ</span> <span class='ocrx_word' id='word_1_512' title='bbox 1257 2033 1327 2054; x_wconf 85' lang='grc' dir='ltr'><strong><em>τοι·</em></strong></span> 
     </span>
    </p>
   </div>
   <div class='ocr_carea' id='block_1_27' title="bbox 1398 1932 2468 2068">
    <p class='ocr_par' dir='ltr' id='par_1_27' title="bbox 1398 1932 2468 2068">
     <span class='ocr_line' id='line_1_70' title="bbox 1398 1932 2468 1977; baseline 0.001 -11"><span class='ocrx_word' id='word_1_513' title='bbox 1398 1932 1567 1977; x_wconf 83' lang='lat' dir='ltr'><strong>maligna3</strong></span> <span class='ocrx_word' id='word_1_514' title='bbox 1588 1932 1736 1967; x_wconf 88' lang='lat' dir='ltr'><strong>dicimus</strong></span> <span class='ocrx_word' id='word_1_515' title='bbox 1758 1935 1875 1967; x_wconf 87' lang='lat' dir='ltr'><strong>autem</strong></span> <span class='ocrx_word' id='word_1_516' title='bbox 1895 1932 2073 1968; x_wconf 86' lang='lat' dir='ltr'><strong>latronum</strong></span> <span class='ocrx_word' id='word_1_517' title='bbox 2094 1933 2293 1977; x_wconf 83' lang='lat' dir='ltr'><strong>cognitores</strong></span> <span class='ocrx_word' id='word_1_518' title='bbox 2308 1936 2346 1968; x_wconf 89' lang='lat' dir='ltr'><strong>et</strong></span> <span class='ocrx_word' id='word_1_519' title='bbox 2362 1933 2468 1969; x_wconf 86' lang='lat' dir='ltr'><strong>bene-</strong></span> 
     </span>
     <span class='ocr_line' id='line_1_71' title="bbox 1398 1977 2468 2022; baseline 0.001 -11"><span class='ocrx_word' id='word_1_520' title='bbox 1398 1977 1548 2013; x_wconf 84' lang='lat' dir='ltr'><strong>ficialios</strong></span> <span class='ocrx_word' id='word_1_521' title='bbox 1581 1981 1616 2012; x_wconf 88' lang='lat' dir='ltr'><strong>et</strong></span> <span class='ocrx_word' id='word_1_522' title='bbox 1647 1977 1867 2022; x_wconf 87' lang='lat' dir='ltr'><strong>cingulorum</strong></span> <span class='ocrx_word' id='word_1_523' title='bbox 1902 1978 2074 2013; x_wconf 89' lang='lat' dir='ltr'><strong>incisores</strong></span> <span class='ocrx_word' id='word_1_524' title='bbox 2107 1983 2142 2013; x_wconf 87' lang='lat' dir='ltr'><strong>et</strong></span> <span class='ocrx_word' id='word_1_525' title='bbox 2173 1978 2279 2013; x_wconf 88' lang='lat' dir='ltr'><strong>aliam</strong></span> <span class='ocrx_word' id='word_1_526' title='bbox 2310 1978 2468 2014; x_wconf 85' lang='lat' dir='ltr'><strong>multitu-</strong></span> 
     </span>
     <span class='ocr_line' id='line_1_72' title="bbox 1399 2021 2467 2068; baseline 0.001 -11"><span class='ocrx_word' id='word_1_527' title='bbox 1399 2021 1533 2066; x_wconf 82' lang='lat' dir='ltr'><strong>dinem,</strong></span> <span class='ocrx_word' id='word_1_528' title='bbox 1565 2032 1715 2067; x_wconf 88' lang='lat' dir='ltr'><strong>quorum</strong></span> <span class='ocrx_word' id='word_1_529' title='bbox 1748 2033 2031 2067; x_wconf 88' lang='lat' dir='ltr'><strong>unumquemque</strong></span> <span class='ocrx_word' id='word_1_530' title='bbox 2055 2026 2260 2068; x_wconf 88' lang='lat' dir='ltr'><strong>competens</strong></span> <span class='ocrx_word' id='word_1_531' title='bbox 2285 2027 2340 2059; x_wconf 82' lang='lat' dir='ltr'><strong>est</strong></span> <span class='ocrx_word' id='word_1_532' title='bbox 2363 2022 2467 2058; x_wconf 86' lang='lat' dir='ltr'><strong>casti-</strong></span> 
     </span>
    </p>
   </div>
   <div class='ocr_carea' id='block_1_28' title="bbox 295 2084 2357 2136">
    <p class='ocr_par' dir='ltr' id='par_1_28' title="bbox 295 2084 2357 2136">
     <span class='ocr_line' id='line_1_73' title="bbox 295 2084 2357 2136; baseline 0.002 -16"><span class='ocrx_word' id='word_1_533' title='bbox 295 2099 367 2130; x_wconf 75' lang='grc' dir='ltr'><strong><em>ουρ.</em></strong></span> <span class='ocrx_word' id='word_1_534' title='bbox 391 2087 456 2120; x_wconf 91' lang='grc' dir='ltr'><strong>ΙΙΙ</strong></span> <span class='ocrx_word' id='word_1_535' title='bbox 476 2089 548 2119; x_wconf 83' lang='grc' dir='ltr'><strong>Καὶ</strong></span> <span class='ocrx_word' id='word_1_536' title='bbox 567 2084 704 2130; x_wconf 78' lang='grc' dir='ltr'><strong><em>μηδένα</em></strong></span> <span class='ocrx_word' id='word_1_537' title='bbox 729 2086 915 2122; x_wconf 82' lang='grc' dir='ltr'><strong><em>παντελῶς</em></strong></span> <span class='ocrx_word' id='word_1_538' title='bbox 940 2088 999 2122; x_wconf 81' lang='grc' dir='ltr'><strong><em>ἐπὶ</em></strong></span> <span class='ocrx_word' id='word_1_539' title='bbox 1024 2086 1091 2130; x_wconf 76' lang='grc' dir='ltr'><strong>τὴν</strong></span> <span class='ocrx_word' id='word_1_540' title='bbox 1113 2088 1176 2121; x_wconf 85' lang='grc' dir='ltr'><strong>τοῦ</strong></span> <span class='ocrx_word' id='word_1_541' title='bbox 1201 2091 1405 2134; x_wconf 86' lang='grc' dir='ltr'><strong><em>πραίτωρος</em></strong></span> <span class='ocrx_word' id='word_1_542' title='bbox 1427 2086 1539 2135; x_wconf 80' lang='grc' dir='ltr'><strong><em>ἀρχὴν</em></strong></span> <span class='ocrx_word' id='word_1_543' title='bbox 1563 2091 1733 2136; x_wconf 81' lang='grc' dir='ltr'><strong><em>παριέναι</em></strong></span> <span class='ocrx_word' id='word_1_544' title='bbox 1753 2108 1796 2114; x_wconf 91' lang='lat'><strong>-—</strong></span> <span class='ocrx_word' id='word_1_545' title='bbox 1820 2103 1893 2133; x_wconf 83' lang='lat' dir='ltr'><strong>cap.</strong></span> <span class='ocrx_word' id='word_1_546' title='bbox 1915 2091 1966 2124; x_wconf 92' lang='lat' dir='ltr'><strong>VI</strong></span> <span class='ocrx_word' id='word_1_547' title='bbox 1985 2091 2079 2124; x_wconf 78' lang='lat' dir='ltr'><strong>habet</strong></span> <span class='ocrx_word' id='word_1_548' title='bbox 2105 2091 2139 2123; x_wconf 86' lang='lat' dir='ltr'><em>B</em></span> <span class='ocrx_word' id='word_1_549' title='bbox 2163 2093 2195 2132; x_wconf 87' lang='grc'><strong>6,</strong></span> <span class='ocrx_word' id='word_1_550' title='bbox 2219 2099 2247 2132; x_wconf 82' lang='grc'><strong>5,</strong></span> <span class='ocrx_word' id='word_1_551' title='bbox 2266 2099 2357 2126; x_wconf 75' lang='lat'><strong>4—7.</strong></span> 
     </span>
    </p>
   </div>
   <div class='ocr_carea' id='block_1_29' title="bbox 249 2175 2468 2364">
    <p class='ocr_par' dir='ltr' id='par_1_29' title="bbox 249 2175 2468 2364">
     <span class='ocr_line' id='line_1_74' title="bbox 383 2175 2467 2231; baseline 0.002 -20"><span class='ocrx_word' id='word_1_552' title='bbox 383 2176 447 2211; x_wconf 87' lang='lat'><strong>111.</strong></span> <span class='ocrx_word' id='word_1_553' title='bbox 502 2175 663 2212; x_wconf 68' lang='lat' dir='ltr'><strong>Primum</strong></span> <span class='ocrx_word' id='word_1_554' title='bbox 692 2177 805 2223; x_wconf 76' lang='lat' dir='ltr'><strong>iqitur</strong></span> <span class='ocrx_word' id='word_1_555' title='bbox 833 2177 1034 2219; x_wconf 80' lang='lat' dir='ltr'><strong>sancimus,</strong></span> <span class='ocrx_word' id='word_1_556' title='bbox 1064 2183 1105 2213; x_wconf 87' lang='lat' dir='ltr'><strong>ut</strong></span> <span class='ocrx_word' id='word_1_557' title='bbox 1137 2189 1241 2214; x_wconf 89' lang='lat' dir='ltr'><strong>nemo</strong></span> <span class='ocrx_word' id='word_1_558' title='bbox 1272 2178 1416 2214; x_wconf 85' lang='lat' dir='ltr'><strong>omnino</strong></span> <span class='ocrx_word' id='word_1_559' title='bbox 1449 2178 1499 2213; x_wconf 87' lang='lat' dir='ltr'><strong>ad</strong></span> <span class='ocrx_word' id='word_1_560' title='bbox 1519 2184 1738 2226; x_wconf 81' lang='lat' dir='ltr'><strong>potestatem</strong></span> <span class='ocrx_word' id='word_1_561' title='bbox 1769 2191 1877 2231; x_wconf 87' lang='lat' dir='ltr'><strong>quam</strong></span> <span class='ocrx_word' id='word_1_562' title='bbox 1907 2179 2068 2215; x_wconf 71' lang='lat' dir='ltr'><strong>discimus</strong></span> <span class='ocrx_word' id='word_1_563' title='bbox 2098 2179 2248 2214; x_wconf 82' lang='lat' dir='ltr'><strong>accedat</strong></span> <span class='ocrx_word' id='word_1_564' title='bbox 2274 2184 2467 2225; x_wconf 80' lang='lat' dir='ltr'><strong>antequam</strong></span> 
     </span>
     <span class='ocr_line' id='line_1_75' title="bbox 251 2221 2468 2273; baseline 0.001 -16"><span class='ocrx_word' id='word_1_565' title='bbox 251 2221 437 2257; x_wconf 75' lang='lat' dir='ltr'><strong>codicillos</strong></span> <span class='ocrx_word' id='word_1_566' title='bbox 459 2222 616 2258; x_wconf 85' lang='lat' dir='ltr'><strong>muneris</strong></span> <span class='ocrx_word' id='word_1_567' title='bbox 638 2233 662 2257; x_wconf 89' lang='lat' dir='ltr'><strong>a</strong></span> <span class='ocrx_word' id='word_1_568' title='bbox 686 2222 788 2258; x_wconf 85' lang='lat' dir='ltr'><strong>nobis</strong></span> <span class='ocrx_word' id='word_1_569' title='bbox 811 2222 1009 2273; x_wconf 77' lang='lat' dir='ltr'><strong>acceperit,</strong></span> <span class='ocrx_word' id='word_1_570' title='bbox 1041 2233 1107 2258; x_wconf 88' lang='lat' dir='ltr'><strong>nec</strong></span> <span class='ocrx_word' id='word_1_571' title='bbox 1129 2223 1206 2258; x_wconf 87' lang='lat' dir='ltr'><strong>ulla</strong></span> <span class='ocrx_word' id='word_1_572' title='bbox 1237 2223 1381 2258; x_wconf 85' lang='lat' dir='ltr'><strong>ratione</strong></span> <span class='ocrx_word' id='word_1_573' title='bbox 1403 2223 1538 2259; x_wconf 78' lang='lat' dir='ltr'><strong>audeat</strong></span> <span class='ocrx_word' id='word_1_574' title='bbox 1558 2223 1636 2259; x_wconf 87' lang='lat' dir='ltr'><strong>sine</strong></span> <span class='ocrx_word' id='word_1_575' title='bbox 1660 2223 1837 2259; x_wconf 77' lang='lat' dir='ltr'><strong>codicillis</strong></span> <span class='ocrx_word' id='word_1_576' title='bbox 1859 2224 2108 2271; x_wconf 76' lang='lat' dir='ltr'><strong>imperialibus</strong></span> <span class='ocrx_word' id='word_1_577' title='bbox 2129 2223 2169 2259; x_wconf 86' lang='lat' dir='ltr'><strong>id</strong></span> <span class='ocrx_word' id='word_1_578' title='bbox 2195 2234 2324 2259; x_wconf 85' lang='lat' dir='ltr'><strong>munus</strong></span> <span class='ocrx_word' id='word_1_579' title='bbox 2355 2225 2468 2267; x_wconf 83' lang='lat' dir='ltr'><strong>adire,</strong></span> 
     </span>
     <span class='ocr_line' id='line_1_76' title="bbox 249 2266 2468 2320; baseline 0.001 -18"><span class='ocrx_word' id='word_1_580' title='bbox 249 2266 314 2302; x_wconf 90' lang='lat' dir='ltr'><strong>sed</strong></span> <span class='ocrx_word' id='word_1_581' title='bbox 348 2270 515 2314; x_wconf 68' lang='lat' dir='ltr'><strong>eapectet</strong></span> <span class='ocrx_word' id='word_1_582' title='bbox 541 2267 794 2313; x_wconf 78' lang='lat' dir='ltr'><strong>imperatorem</strong></span> <span class='ocrx_word' id='word_1_583' title='bbox 818 2271 854 2301; x_wconf 89' lang='lat' dir='ltr'><strong>et</strong></span> <span class='ocrx_word' id='word_1_584' title='bbox 882 2266 967 2302; x_wconf 74' lang='lat' dir='ltr'><strong>inde</strong></span> <span class='ocrx_word' id='word_1_585' title='bbox 993 2267 1169 2314; x_wconf 82' lang='lat' dir='ltr'><strong>scriptum</strong></span> <span class='ocrx_word' id='word_1_586' title='bbox 1193 2267 1385 2303; x_wconf 87' lang='lat' dir='ltr'><strong>decretum.</strong></span> <span class='ocrx_word' id='word_1_587' title='bbox 1433 2267 1513 2302; x_wconf 87' lang='lat' dir='ltr'><strong>Nos</strong></span> <span class='ocrx_word' id='word_1_588' title='bbox 1538 2268 1631 2304; x_wconf 88' lang='lat' dir='ltr'><strong>enim</strong></span> <span class='ocrx_word' id='word_1_589' title='bbox 1658 2268 1791 2303; x_wconf 82' lang='lat' dir='ltr'><strong>nemini</strong></span> <span class='ocrx_word' id='word_1_590' title='bbox 1815 2273 2033 2316; x_wconf 82' lang='lat' dir='ltr'><strong>potestatem</strong></span> <span class='ocrx_word' id='word_1_591' title='bbox 2062 2279 2170 2320; x_wconf 89' lang='lat' dir='ltr'><strong>quam</strong></span> <span class='ocrx_word' id='word_1_592' title='bbox 2202 2268 2363 2304; x_wconf 70' lang='lat' dir='ltr'><strong>dia-imus</strong></span> <span class='ocrx_word' id='word_1_593' title='bbox 2394 2273 2468 2305; x_wconf 81' lang='lat' dir='ltr'><strong>tra-</strong></span> 
     </span>
     <span class='ocr_line' id='line_1_77' title="bbox 251 2310 2468 2364; baseline 0.001 -18"><span class='ocrx_word' id='word_1_594' title='bbox 251 2312 373 2347; x_wconf 85' lang='lat' dir='ltr'><strong>demus</strong></span> <span class='ocrx_word' id='word_1_595' title='bbox 403 2311 474 2346; x_wconf 83' lang='lat' dir='ltr'><strong>nisi</strong></span> <span class='ocrx_word' id='word_1_596' title='bbox 500 2322 550 2347; x_wconf 75' lang='lat' dir='ltr'><strong>ex</strong></span> <span class='ocrx_word' id='word_1_597' title='bbox 572 2311 937 2358; x_wconf 79' lang='lat' dir='ltr'><strong>maqnificentissimis</strong></span> <span class='ocrx_word' id='word_1_598' title='bbox 957 2310 1159 2347; x_wconf 84' lang='lat' dir='ltr'><strong>illustribus</strong></span> <span class='ocrx_word' id='word_1_599' title='bbox 1183 2312 1238 2348; x_wconf 86' lang='lat' dir='ltr'><strong>vel</strong></span> <span class='ocrx_word' id='word_1_600' title='bbox 1257 2323 1306 2348; x_wconf 78' lang='lat' dir='ltr'><strong>ex</strong></span> <span class='ocrx_word' id='word_1_601' title='bbox 1328 2312 1582 2364; x_wconf 69' lang='lat' dir='ltr'><strong>spectabilibus</strong></span> <span class='ocrx_word' id='word_1_602' title='bbox 1606 2312 1793 2348; x_wconf 81' lang='lat' dir='ltr'><strong>comitibus</strong></span> <span class='ocrx_word' id='word_1_603' title='bbox 1811 2314 2087 2349; x_wconf 79' lang='lat' dir='ltr'><strong>consistorianis</strong></span> <span class='ocrx_word' id='word_1_604' title='bbox 2109 2313 2166 2349; x_wconf 87' lang='lat' dir='ltr'><strong>vel</strong></span> <span class='ocrx_word' id='word_1_605' title='bbox 2188 2324 2238 2349; x_wconf 80' lang='lat' dir='ltr'><strong>ex</strong></span> <span class='ocrx_word' id='word_1_606' title='bbox 2260 2313 2468 2350; x_wconf 60' lang='lat' dir='ltr'><strong>cautissimis</strong></span> 
     </span>
    </p>
   </div>
   <div class='ocr_carea' id='block_1_30' title="bbox 252 2356 2470 2455">
    <p class='ocr_par' dir='ltr' id='par_1_30' title="bbox 252 2356 2470 2455">
     <span class='ocr_line' id='line_1_78' title="bbox 252 2356 1437 2437; baseline 0 -45"><span class='ocrx_word' id='word_1_607' title='bbox 252 2356 404 2392; x_wconf 83' lang='lat' dir='ltr'><strong>tribunis</strong></span> <span class='ocrx_word' id='word_1_608' title='bbox 423 2357 677 2403; x_wconf 80' lang='lat' dir='ltr'><strong>praetorianis</strong></span> <span class='ocrx_word' id='word_1_609' title='bbox 699 2361 735 2392; x_wconf 89' lang='lat' dir='ltr'><strong>et</strong></span> <span class='ocrx_word' id='word_1_610' title='bbox 764 2356 920 2391; x_wconf 88' lang='lat' dir='ltr'><strong>notariis</strong></span> <span class='ocrx_word' id='word_1_611' title='bbox 948 2356 1024 2391; x_wconf 83' lang='lat' dir='ltr'><strong>sint</strong></span> <span class='ocrx_word' id='word_1_612' title='bbox 1053 2357 1117 2402; x_wconf 89' lang='lat' dir='ltr'><strong>qui</strong></span> <span class='ocrx_word' id='word_1_613' title='bbox 1147 2368 1225 2392; x_wconf 89' lang='lat' dir='ltr'><strong>eam</strong></span> <span class='ocrx_word' id='word_1_614' title='bbox 1257 2367 1378 2437; x_wconf 53' lang='lat' dir='ltr'><strong>suwffi</strong></span> <span class='ocrx_word' id='word_1_615' title='bbox 1431 2402 1437 2408; x_wconf 36' lang='grc' dir='ltr'>ι</span> 
     </span>
     <span class='ocr_line' id='line_1_79' title="bbox 1360 2402 2470 2455; baseline 0.002 -18"><span class='ocrx_word' id='word_1_616' title='bbox 1360 2406 1651 2448; x_wconf 66' lang='grc' dir='ltr'><strong><em>ιρηιταίεηιιαηι</em></strong></span> <span class='ocrx_word' id='word_1_617' title='bbox 1682 2402 1844 2438; x_wconf 76' lang='lat' dir='ltr'><strong>diximus</strong></span> <span class='ocrx_word' id='word_1_618' title='bbox 1873 2408 1910 2439; x_wconf 88' lang='lat' dir='ltr'><strong>et</strong></span> <span class='ocrx_word' id='word_1_619' title='bbox 1939 2402 2078 2454; x_wconf 73' lang='lat' dir='ltr'><strong>bonore</strong></span> <span class='ocrx_word' id='word_1_620' title='bbox 2095 2402 2265 2455; x_wconf 26' lang='lat' dir='ltr'><strong>‘praediti</strong></span> <span class='ocrx_word' id='word_1_621' title='bbox 2295 2403 2470 2439; x_wconf 75' lang='lat' dir='ltr'><strong>iustitiam</strong></span> 
     </span>
    </p>
   </div>
   <div class='ocr_carea' id='block_1_31' title="bbox 250 2401 1305 2454">
    <p class='ocr_par' dir='ltr' id='par_1_31' title="bbox 250 2401 1305 2454">
     <span class='ocr_line' id='line_1_80' title="bbox 250 2401 1305 2454; baseline 0.001 -17"><span class='ocrx_word' id='word_1_622' title='bbox 250 2406 375 2437; x_wconf 89' lang='lat' dir='ltr'><strong>nostro</strong></span> <span class='ocrx_word' id='word_1_623' title='bbox 401 2401 602 2437; x_wconf 84' lang='lat' dir='ltr'><strong>testimonio</strong></span> <span class='ocrx_word' id='word_1_624' title='bbox 633 2401 736 2447; x_wconf 86' lang='lat' dir='ltr'><strong>diqni</strong></span> <span class='ocrx_word' id='word_1_625' title='bbox 763 2401 866 2437; x_wconf 85' lang='lat' dir='ltr'><strong>nobis</strong></span> <span class='ocrx_word' id='word_1_626' title='bbox 888 2401 1040 2454; x_wconf 77' lang='lat' dir='ltr'><strong>probati</strong></span> <span class='ocrx_word' id='word_1_627' title='bbox 1067 2402 1230 2447; x_wconf 84' lang='lat' dir='ltr'><strong>fuerint:</strong></span> <span class='ocrx_word' id='word_1_628' title='bbox 1263 2407 1305 2438; x_wconf 89' lang='lat' dir='ltr'><strong>ut</strong></span> 
     </span>
    </p>
   </div>
   <div class='ocr_carea' id='block_1_32' title="bbox 1379 2357 2470 2404">
    <p class='ocr_par' dir='ltr' id='par_1_32' title="bbox 1379 2357 2470 2404">
     <span class='ocr_line' id='line_1_81' title="bbox 1379 2357 2470 2404; baseline 0.002 -12"><span class='ocrx_word' id='word_1_629' title='bbox 1379 2361 1458 2392; x_wconf 74' lang='lat' dir='ltr'><strong>tant</strong></span> <span class='ocrx_word' id='word_1_630' title='bbox 1487 2362 1553 2393; x_wconf 87' lang='lat' dir='ltr'><strong>aut</strong></span> <span class='ocrx_word' id='word_1_631' title='bbox 1581 2357 1721 2404; x_wconf 86' lang='lat' dir='ltr'><strong>alioqui</strong></span> <span class='ocrx_word' id='word_1_632' title='bbox 1755 2358 1991 2404; x_wconf 83' lang='lat' dir='ltr'><strong>maqistratus</strong></span> <span class='ocrx_word' id='word_1_633' title='bbox 2012 2358 2190 2404; x_wconf 81' lang='lat' dir='ltr'><strong>qesserint</strong></span> <span class='ocrx_word' id='word_1_634' title='bbox 2210 2362 2247 2394; x_wconf 86' lang='lat' dir='ltr'><strong>et</strong></span> <span class='ocrx_word' id='word_1_635' title='bbox 2275 2357 2395 2394; x_wconf 78' lang='lat' dir='ltr'><strong>idonei</strong></span> <span class='ocrx_word' id='word_1_636' title='bbox 2425 2370 2470 2394; x_wconf 87' lang='lat' dir='ltr'><strong>ac</strong></span> 
     </span>
    </p>
   </div>
   <div class='ocr_carea' id='block_1_33' title="bbox 250 2444 2470 2498">
    <p class='ocr_par' dir='ltr' id='par_1_33' title="bbox 250 2444 2470 2498">
     <span class='ocr_line' id='line_1_82' title="bbox 250 2444 2470 2498; baseline 0 -15"><span class='ocrx_word' id='word_1_637' title='bbox 250 2446 445 2489; x_wconf 80' lang='lat' dir='ltr'><strong>vindicent,</strong></span> <span class='ocrx_word' id='word_1_638' title='bbox 469 2448 689 2498; x_wconf 76' lang='lat' dir='ltr'><strong>praesertim</strong></span> <span class='ocrx_word' id='word_1_639' title='bbox 713 2457 792 2481; x_wconf 90' lang='lat' dir='ltr'><strong>cum</strong></span> <span class='ocrx_word' id='word_1_640' title='bbox 817 2445 861 2482; x_wconf 88' lang='lat' dir='ltr'><strong>de</strong></span> <span class='ocrx_word' id='word_1_641' title='bbox 883 2446 1071 2498; x_wconf 78' lang='lat' dir='ltr'><strong>animabus</strong></span> <span class='ocrx_word' id='word_1_642' title='bbox 1095 2447 1302 2498; x_wconf 73' lang='lat' dir='ltr'><strong>periculum</strong></span> <span class='ocrx_word' id='word_1_643' title='bbox 1329 2453 1379 2482; x_wconf 75' lang='lat' dir='ltr'><strong>sit</strong></span> <span class='ocrx_word' id='word_1_644' title='bbox 1405 2451 1442 2482; x_wconf 88' lang='lat' dir='ltr'><strong>et</strong></span> <span class='ocrx_word' id='word_1_645' title='bbox 1463 2447 1681 2494; x_wconf 85' lang='lat' dir='ltr'><strong>plerumque</strong></span> <span class='ocrx_word' id='word_1_646' title='bbox 1711 2444 1755 2483; x_wconf 79' lang='lat' dir='ltr'><strong>de</strong></span> <span class='ocrx_word' id='word_1_647' title='bbox 1783 2449 1904 2483; x_wconf 89' lang='lat' dir='ltr'><strong>causis</strong></span> <span class='ocrx_word' id='word_1_648' title='bbox 1933 2447 2115 2483; x_wconf 74' lang='lat' dir='ltr'><strong>homicidii</strong></span> <span class='ocrx_word' id='word_1_649' title='bbox 2147 2452 2184 2484; x_wconf 87' lang='lat' dir='ltr'><strong>et</strong></span> <span class='ocrx_word' id='word_1_650' title='bbox 2209 2447 2255 2483; x_wconf 90' lang='lat' dir='ltr'><strong>de</strong></span> <span class='ocrx_word' id='word_1_651' title='bbox 2281 2447 2470 2484; x_wconf 80' lang='lat' dir='ltr'><strong>adulteriis</strong></span> 
     </span>
    </p>
   </div>
   <div class='ocr_carea' id='block_1_34' title="bbox 250 2491 1690 2538">
    <p class='ocr_par' dir='ltr' id='par_1_34' title="bbox 250 2491 1690 2538">
     <span class='ocr_line' id='line_1_83' title="bbox 250 2491 1690 2538; baseline 0 -11"><span class='ocrx_word' id='word_1_652' title='bbox 250 2494 270 2527; x_wconf 89' lang='lat'>1</span> <span class='ocrx_word' id='word_1_653' title='bbox 315 2495 351 2527; x_wconf 84' lang='lat' dir='ltr'><strong>et</strong></span> <span class='ocrx_word' id='word_1_654' title='bbox 372 2491 618 2527; x_wconf 70' lang='lat' dir='ltr'><strong>invasionibus</strong></span> <span class='ocrx_word' id='word_1_655' title='bbox 641 2496 677 2527; x_wconf 87' lang='lat' dir='ltr'><strong>et</strong></span> <span class='ocrx_word' id='word_1_656' title='bbox 697 2491 840 2538; x_wconf 82' lang='lat' dir='ltr'><strong>rapinis</strong></span> <span class='ocrx_word' id='word_1_657' title='bbox 862 2495 898 2527; x_wconf 87' lang='lat' dir='ltr'><strong>et</strong></span> <span class='ocrx_word' id='word_1_658' title='bbox 918 2492 951 2526; x_wconf 85' lang='lat' dir='ltr'><strong>si</strong></span> <span class='ocrx_word' id='word_1_659' title='bbox 968 2491 1058 2537; x_wconf 77' lang='lat' dir='ltr'><strong>quid</strong></span> <span class='ocrx_word' id='word_1_660' title='bbox 1079 2491 1256 2527; x_wconf 78' lang='lat' dir='ltr'><strong>eiusmodi</strong></span> <span class='ocrx_word' id='word_1_661' title='bbox 1279 2496 1334 2528; x_wconf 85' lang='lat' dir='ltr'><strong>est</strong></span> <span class='ocrx_word' id='word_1_662' title='bbox 1354 2491 1517 2527; x_wconf 83' lang='lat' dir='ltr'><strong>iudicare</strong></span> <span class='ocrx_word' id='word_1_663' title='bbox 1538 2492 1690 2528; x_wconf 85' lang='lat' dir='ltr'><strong>soleant.</strong></span> 
     </span>
    </p>
   </div>
   <div class='ocr_carea' id='block_1_35' title="bbox 1783 2491 2470 2539">
    <p class='ocr_par' dir='ltr' id='par_1_35' title="bbox 1783 2491 2470 2539">
     <span class='ocr_line' id='line_1_84' title="bbox 1783 2491 2470 2539; baseline 0.001 -11"><span class='ocrx_word' id='word_1_664' title='bbox 1783 2491 1914 2539; x_wconf 85' lang='lat' dir='ltr'><strong>Itaque</strong></span> <span class='ocrx_word' id='word_1_665' title='bbox 1930 2503 2021 2535; x_wconf 89' lang='lat' dir='ltr'><strong>eum,</strong></span> <span class='ocrx_word' id='word_1_666' title='bbox 2045 2492 2109 2539; x_wconf 85' lang='lat' dir='ltr'><strong>qui</strong></span> <span class='ocrx_word' id='word_1_667' title='bbox 2133 2492 2244 2528; x_wconf 83' lang='lat' dir='ltr'><strong>tantis</strong></span> <span class='ocrx_word' id='word_1_668' title='bbox 2263 2492 2470 2529; x_wconf 80' lang='lat' dir='ltr'><strong>criminibus</strong></span> 
     </span>
    </p>
   </div>
   <div class='ocr_carea' id='block_1_36' title="bbox 247 2536 2470 2853">
    <p class='ocr_par' dir='ltr' id='par_1_36' title="bbox 247 2536 2470 2853">
     <span class='ocr_line' id='line_1_85' title="bbox 247 2536 2470 2624; baseline 0 -8"><span class='ocrx_word' id='word_1_669' title='bbox 247 2536 664 2624; x_wconf 50' lang='lat' dir='ltr'><strong>p13⁰54⁸2²5⁶²²ntr2²i⁰fffefi</strong></span> <span class='ocrx_word' id='word_1_670' title='bbox 683 2536 1344 2624; x_wconf 50' lang='lat' dir='ltr'><strong>eim-‘22¹²”5102‘2⁷&#39;²⁶01052²1³&#39;²2²ZZ{²&#39;55‘2252{1</strong></span> <span class='ocrx_word' id='word_1_671' title='bbox 1351 2536 1902 2618; x_wconf 46' lang='grc' dir='ltr'><strong>ΜΞῖθὝῗαὲιιΐέένῖοῗέῗῖἕῗ</strong></span> <span class='ocrx_word' id='word_1_672' title='bbox 1930 2537 2357 2618; x_wconf 40' lang='lat' dir='ltr'><strong>&amp;desistetis</strong></span> <span class='ocrx_word' id='word_1_673' title='bbox 2371 2538 2470 2573; x_wconf 63' lang='lat' dir='ltr'>‘’m‘&#39;</span> 
     </span>
     <span class='ocr_line' id='line_1_86' title="bbox 249 2583 2469 2678; baseline 0 -16"><span class='ocrx_word' id='word_1_674' title='bbox 249 2593 319 2663; x_wconf 50' lang='lat' dir='ltr'><strong>aab</strong></span> <span class='ocrx_word' id='word_1_675' title='bbox 342 2583 475 2662; x_wconf 43' lang='lat' dir='ltr'><strong>&#39;habiture</strong></span> <span class='ocrx_word' id='word_1_676' title='bbox 501 2637 552 2663; x_wconf 81' lang='lat' dir='ltr'><strong>ex</strong></span> <span class='ocrx_word' id='word_1_677' title='bbox 579 2610 672 2663; x_wconf 43' lang='lat' dir='ltr'><strong>viris.</strong></span> <span class='ocrx_word' id='word_1_678' title='bbox 693 2593 870 2677; x_wconf 56' lang='lat' dir='ltr'><strong>probalffs.</strong></span> <span class='ocrx_word' id='word_1_679' title='bbox 918 2608 1044 2672; x_wconf 67' lang='lat' dir='ltr'><strong>Neque</strong></span> <span class='ocrx_word' id='word_1_680' title='bbox 1066 2627 1159 2677; x_wconf 77' lang='lat' dir='ltr'><strong>enim</strong></span> <span class='ocrx_word' id='word_1_681' title='bbox 1188 2592 1322 2673; x_wconf 58' lang='lat' dir='ltr'><strong>{ibsque</strong></span> <span class='ocrx_word' id='word_1_682' title='bbox 1344 2593 1482 2678; x_wconf 50' lang='lat' dir='ltr'><strong>solacii}</strong></span> <span class='ocrx_word' id='word_1_683' title='bbox 1505 2627 1704 2678; x_wconf 73' lang='lat' dir='ltr'><strong>sufficienti</strong></span> <span class='ocrx_word' id='word_1_684' title='bbox 1726 2637 1789 2662; x_wconf 86' lang='lat' dir='ltr'><strong>eos</strong></span> <span class='ocrx_word' id='word_1_685' title='bbox 1811 2594 2064 2678; x_wconf 51' lang='lat' dir='ltr'><strong>relinqssemus,</strong></span> <span class='ocrx_word' id='word_1_686' title='bbox 2094 2627 2160 2662; x_wconf 88' lang='lat' dir='ltr'><strong>sed</strong></span> <span class='ocrx_word' id='word_1_687' title='bbox 2180 2626 2334 2672; x_wconf 80' lang='lat' dir='ltr'><strong>sinqulis</strong></span> <span class='ocrx_word' id='word_1_688' title='bbox 2381 2638 2469 2663; x_wconf 85' lang='lat' dir='ltr'><strong>enas</strong></span> 
     </span>
     <span class='ocr_line' id='line_1_87' title="bbox 263 2670 2466 2722; baseline 0 -15"><span class='ocrx_word' id='word_1_689' title='bbox 263 2671 362 2707; x_wconf 87' lang='lat' dir='ltr'><strong>ibras</strong></span> <span class='ocrx_word' id='word_1_690' title='bbox 382 2672 466 2707; x_wconf 88' lang='lat' dir='ltr'><strong>auri</strong></span> <span class='ocrx_word' id='word_1_691' title='bbox 489 2682 717 2707; x_wconf 81' lang='lat' dir='ltr'><strong>annonarum</strong></span> <span class='ocrx_word' id='word_1_692' title='bbox 740 2682 882 2706; x_wconf 85' lang='lat' dir='ltr'><strong>nomme</strong></span> <span class='ocrx_word' id='word_1_693' title='bbox 903 2676 1101 2722; x_wconf 76' lang='lat' dir='ltr'><strong>quotannis</strong></span> <span class='ocrx_word' id='word_1_694' title='bbox 1121 2671 1295 2714; x_wconf 86' lang='lat' dir='ltr'><strong>dabimus,</strong></span> <span class='ocrx_word' id='word_1_695' title='bbox 1320 2675 1362 2707; x_wconf 85' lang='lat' dir='ltr'><strong>ut</strong></span> <span class='ocrx_word' id='word_1_696' title='bbox 1384 2670 1440 2706; x_wconf 79' lang='lat' dir='ltr'><strong>Ius</strong></span> <span class='ocrx_word' id='word_1_697' title='bbox 1463 2676 1620 2707; x_wconf 74' lang='lat' dir='ltr'><strong>contenti</strong></span> <span class='ocrx_word' id='word_1_698' title='bbox 1644 2671 1781 2706; x_wconf 88' lang='lat' dir='ltr'><strong>nullum</strong></span> <span class='ocrx_word' id='word_1_699' title='bbox 1805 2671 1999 2707; x_wconf 75' lang='lat' dir='ltr'><strong>admittant</strong></span> <span class='ocrx_word' id='word_1_700' title='bbox 2019 2672 2162 2717; x_wconf 86' lang='lat' dir='ltr'><strong>furtum</strong></span> <span class='ocrx_word' id='word_1_701' title='bbox 2186 2676 2251 2707; x_wconf 87' lang='lat' dir='ltr'><strong>aut</strong></span> <span class='ocrx_word' id='word_1_702' title='bbox 2293 2675 2466 2708; x_wconf 86' lang='lat' dir='ltr'><strong>uaestum.</strong></span> 
     </span>
     <span class='ocr_line' id='line_1_88' title="bbox 249 2715 2468 2768; baseline 0 -16"><span class='ocrx_word' id='word_1_703' title='bbox 249 2717 274 2752; x_wconf 77' lang='lat'>2</span> <span class='ocrx_word' id='word_1_704' title='bbox 318 2716 393 2752; x_wconf 88' lang='lat' dir='ltr'><strong>Sed</strong></span> <span class='ocrx_word' id='word_1_705' title='bbox 421 2728 466 2752; x_wconf 87' lang='lat' dir='ltr'><strong>ne</strong></span> <span class='ocrx_word' id='word_1_706' title='bbox 482 2727 555 2763; x_wconf 81' lang='lat' dir='ltr'><strong>per</strong></span> <span class='ocrx_word' id='word_1_707' title='bbox 585 2716 815 2762; x_wconf 82' lang='lat' dir='ltr'><strong>larqitionem</strong></span> <span class='ocrx_word' id='word_1_708' title='bbox 846 2715 989 2761; x_wconf 79' lang='lat' dir='ltr'><strong>quidem</strong></span> <span class='ocrx_word' id='word_1_709' title='bbox 1018 2715 1093 2751; x_wconf 87' lang='lat' dir='ltr'><strong>ullo</strong></span> <span class='ocrx_word' id='word_1_710' title='bbox 1124 2716 1232 2752; x_wconf 90' lang='lat' dir='ltr'><strong>modo</strong></span> <span class='ocrx_word' id='word_1_711' title='bbox 1255 2717 1505 2759; x_wconf 84' lang='lat' dir='ltr'><strong>instituantur,</strong></span> <span class='ocrx_word' id='word_1_712' title='bbox 1537 2716 1834 2762; x_wconf 83' lang='lat' dir='ltr'><strong>quemadmodum</strong></span> <span class='ocrx_word' id='word_1_713' title='bbox 1865 2716 2077 2762; x_wconf 86' lang='lat' dir='ltr'><strong>quibusdam</strong></span> <span class='ocrx_word' id='word_1_714' title='bbox 2107 2716 2259 2768; x_wconf 84' lang='lat' dir='ltr'><strong>tempori</strong></span> <span class='ocrx_word' id='word_1_715' title='bbox 2282 2727 2327 2751; x_wconf 86' lang='lat' dir='ltr'><strong>us</strong></span> <span class='ocrx_word' id='word_1_716' title='bbox 2343 2716 2468 2762; x_wconf 80' lang='lat' dir='ltr'><strong>fiebat,</strong></span> 
     </span>
     <span class='ocr_line' id='line_1_89' title="bbox 249 2759 2468 2813; baseline 0 -16"><span class='ocrx_word' id='word_1_717' title='bbox 249 2772 335 2798; x_wconf 85' lang='lat' dir='ltr'><strong>neve</strong></span> <span class='ocrx_word' id='word_1_718' title='bbox 357 2772 486 2796; x_wconf 89' lang='lat' dir='ltr'><strong>aurum</strong></span> <span class='ocrx_word' id='word_1_719' title='bbox 509 2761 675 2807; x_wconf 85' lang='lat' dir='ltr'><strong>cuiquam</strong></span> <span class='ocrx_word' id='word_1_720' title='bbox 705 2760 946 2807; x_wconf 82' lang='lat' dir='ltr'><strong>profundant.</strong></span> <span class='ocrx_word' id='word_1_721' title='bbox 995 2759 1041 2796; x_wconf 88' lang='lat' dir='ltr'><strong>In</strong></span> <span class='ocrx_word' id='word_1_722' title='bbox 1062 2761 1155 2808; x_wconf 83' lang='lat' dir='ltr'><strong>pari</strong></span> <span class='ocrx_word' id='word_1_723' title='bbox 1175 2762 1269 2797; x_wconf 88' lang='lat' dir='ltr'><strong>enim</strong></span> <span class='ocrx_word' id='word_1_724' title='bbox 1293 2761 1441 2797; x_wconf 84' lang='lat' dir='ltr'><strong>crimine</strong></span> <span class='ocrx_word' id='word_1_725' title='bbox 1471 2761 1646 2797; x_wconf 85' lang='lat' dir='ltr'><strong>tenebitur</strong></span> <span class='ocrx_word' id='word_1_726' title='bbox 1676 2766 1712 2796; x_wconf 90' lang='lat' dir='ltr'><strong>et</strong></span> <span class='ocrx_word' id='word_1_727' title='bbox 1735 2762 1798 2807; x_wconf 85' lang='lat' dir='ltr'><strong>qui</strong></span> <span class='ocrx_word' id='word_1_728' title='bbox 1829 2761 1918 2807; x_wconf 85' lang='lat' dir='ltr'><strong>quid</strong></span> <span class='ocrx_word' id='word_1_729' title='bbox 1948 2761 2059 2796; x_wconf 84' lang='lat' dir='ltr'><strong>alicui</strong></span> <span class='ocrx_word' id='word_1_730' title='bbox 2082 2765 2317 2813; x_wconf 76' lang='lat' dir='ltr'><strong>maqzstratus</strong></span> <span class='ocrx_word' id='word_1_731' title='bbox 2344 2762 2468 2808; x_wconf 77' lang='lat' dir='ltr'><strong>qratia</strong></span> 
     </span>
     <span class='ocr_line' id='line_1_90' title="bbox 249 2805 2466 2853; baseline 0 -11"><span class='ocrx_word' id='word_1_732' title='bbox 249 2806 387 2842; x_wconf 88' lang='lat' dir='ltr'><strong>dederit</strong></span> <span class='ocrx_word' id='word_1_733' title='bbox 405 2810 442 2842; x_wconf 87' lang='lat' dir='ltr'><strong>et</strong></span> <span class='ocrx_word' id='word_1_734' title='bbox 464 2806 544 2852; x_wconf 85' lang='lat' dir='ltr'><strong>qui,</strong></span> <span class='ocrx_word' id='word_1_735' title='bbox 567 2806 628 2841; x_wconf 87' lang='lat' dir='ltr'><strong>ubi</strong></span> <span class='ocrx_word' id='word_1_736' title='bbox 651 2817 710 2841; x_wconf 87' lang='lat' dir='ltr'><strong>ma</strong></span> <span class='ocrx_word' id='word_1_737' title='bbox 737 2806 887 2840; x_wconf 87' lang='lat' dir='ltr'><strong>istratus</strong></span> <span class='ocrx_word' id='word_1_738' title='bbox 910 2809 964 2841; x_wconf 88' lang='lat' dir='ltr'><strong>est</strong></span> <span class='ocrx_word' id='word_1_739' title='bbox 983 2806 1127 2851; x_wconf 86' lang='lat' dir='ltr'><strong>factus,</strong></span> <span class='ocrx_word' id='word_1_740' title='bbox 1155 2805 1200 2842; x_wconf 91' lang='lat' dir='ltr'><strong>ab</strong></span> <span class='ocrx_word' id='word_1_741' title='bbox 1219 2806 1343 2853; x_wconf 86' lang='lat' dir='ltr'><strong>aliquo</strong></span> <span class='ocrx_word' id='word_1_742' title='bbox 1367 2806 1532 2853; x_wconf 82' lang='lat' dir='ltr'><strong>accipere</strong></span> <span class='ocrx_word' id='word_1_743' title='bbox 1554 2816 1666 2841; x_wconf 87' lang='lat' dir='ltr'><strong>ausus</strong></span> <span class='ocrx_word' id='word_1_744' title='bbox 1686 2805 1752 2848; x_wconf 83' lang='lat' dir='ltr'><strong>sit,</strong></span> <span class='ocrx_word' id='word_1_745' title='bbox 1781 2805 2078 2852; x_wconf 84' lang='lat' dir='ltr'><strong>quemadmodum</strong></span> <span class='ocrx_word' id='word_1_746' title='bbox 2102 2812 2209 2842; x_wconf 82' lang='lat' dir='ltr'><strong>etiam</strong></span> <span class='ocrx_word' id='word_1_747' title='bbox 2233 2805 2466 2843; x_wconf 82' lang='lat' dir='ltr'><strong>iureiurando</strong></span> 
     </span>
    </p>
   </div>
   <div class='ocr_carea' id='block_1_37' title="bbox 249 2850 886 2887">
    <p class='ocr_par' dir='ltr' id='par_1_37' title="bbox 249 2850 886 2887">
     <span class='ocr_line' id='line_1_91' title="bbox 249 2850 886 2887; baseline -0.003 0"><span class='ocrx_word' id='word_1_748' title='bbox 249 2850 294 2887; x_wconf 86' lang='lat' dir='ltr'><strong>ab</strong></span> <span class='ocrx_word' id='word_1_749' title='bbox 317 2851 363 2887; x_wconf 86' lang='lat' dir='ltr'><strong>iis</strong></span> <span class='ocrx_word' id='word_1_750' title='bbox 412 2851 607 2887; x_wconf 86' lang='lat' dir='ltr'><strong>raestando</strong></span> <span class='ocrx_word' id='word_1_751' title='bbox 631 2850 696 2886; x_wconf 89' lang='lat' dir='ltr'><strong>dec</strong></span> <span class='ocrx_word' id='word_1_752' title='bbox 710 2850 886 2886; x_wconf 89' lang='lat' dir='ltr'><strong>arabitur.</strong></span> 
     </span>
    </p>
   </div>
   <div class='ocr_carea' id='block_1_38' title="bbox 249 2894 2467 2988">
    <p class='ocr_par' dir='ltr' id='par_1_38' title="bbox 249 2894 2467 2988">
     <span class='ocr_line' id='line_1_92' title="bbox 403 2894 2466 2943; baseline 0 -11"><span class='ocrx_word' id='word_1_753' title='bbox 403 2896 445 2932; x_wconf 90' lang='lat' dir='ltr'><strong>V.</strong></span> <span class='ocrx_word' id='word_1_754' title='bbox 494 2895 738 2943; x_wconf 82' lang='lat' dir='ltr'><strong>Comperimus</strong></span> <span class='ocrx_word' id='word_1_755' title='bbox 762 2900 880 2931; x_wconf 87' lang='lat' dir='ltr'><strong>autem</strong></span> <span class='ocrx_word' id='word_1_756' title='bbox 905 2895 944 2930; x_wconf 83' lang='lat' dir='ltr'><strong>in</strong></span> <span class='ocrx_word' id='word_1_757' title='bbox 968 2895 1166 2932; x_wconf 82' lang='lat' dir='ltr'><strong>ministerio</strong></span> <span class='ocrx_word' id='word_1_758' title='bbox 1190 2896 1265 2932; x_wconf 85' lang='lat' dir='ltr'><strong>illis</strong></span> <span class='ocrx_word' id='word_1_759' title='bbox 1283 2907 1360 2933; x_wconf 88' lang='lat' dir='ltr'><strong>esse</strong></span> <span class='ocrx_word' id='word_1_760' title='bbox 1385 2895 1483 2932; x_wconf 84' lang='lat' dir='ltr'><strong>mala</strong></span> <span class='ocrx_word' id='word_1_761' title='bbox 1504 2895 1650 2942; x_wconf 84' lang='lat' dir='ltr'><strong>officia:</strong></span> <span class='ocrx_word' id='word_1_762' title='bbox 1675 2895 1857 2931; x_wconf 85' lang='lat' dir='ltr'><strong>latronum</strong></span> <span class='ocrx_word' id='word_1_763' title='bbox 1881 2895 2088 2942; x_wconf 82' lang='lat' dir='ltr'><strong>coqnitores</strong></span> <span class='ocrx_word' id='word_1_764' title='bbox 2111 2894 2263 2931; x_wconf 80' lang='lat' dir='ltr'><strong>dicimus</strong></span> <span class='ocrx_word' id='word_1_765' title='bbox 2284 2899 2321 2932; x_wconf 87' lang='lat' dir='ltr'><strong>et</strong></span> <span class='ocrx_word' id='word_1_766' title='bbox 2338 2895 2466 2943; x_wconf 78' lang='lat' dir='ltr'><strong>benefi-</strong></span> 
     </span>
     <span class='ocr_line' id='line_1_93' title="bbox 249 2940 2467 2988; baseline 0 -11"><span class='ocrx_word' id='word_1_767' title='bbox 249 2940 385 2977; x_wconf 88' lang='lat' dir='ltr'><strong>ciarios</strong></span> <span class='ocrx_word' id='word_1_768' title='bbox 405 2946 442 2977; x_wconf 90' lang='lat' dir='ltr'><strong>et</strong></span> <span class='ocrx_word' id='word_1_769' title='bbox 460 2947 618 2976; x_wconf 80' lang='lat' dir='ltr'><strong>sectores</strong></span> <span class='ocrx_word' id='word_1_770' title='bbox 635 2941 807 2975; x_wconf 85' lang='lat' dir='ltr'><strong>zonarios</strong></span> <span class='ocrx_word' id='word_1_771' title='bbox 824 2945 859 2976; x_wconf 85' lang='lat' dir='ltr'><strong>ct</strong></span> <span class='ocrx_word' id='word_1_772' title='bbox 881 2940 1059 2986; x_wconf 86' lang='lat' dir='ltr'><strong>reliquam</strong></span> <span class='ocrx_word' id='word_1_773' title='bbox 1082 2941 1358 2984; x_wconf 81' lang='lat' dir='ltr'><strong>multitudinem,</strong></span> <span class='ocrx_word' id='word_1_774' title='bbox 1382 2951 1537 2988; x_wconf 86' lang='lat' dir='ltr'><strong>quorum</strong></span> <span class='ocrx_word' id='word_1_775' title='bbox 1560 2951 1844 2987; x_wconf 86' lang='lat' dir='ltr'><strong>unumquemque</strong></span> <span class='ocrx_word' id='word_1_776' title='bbox 1858 2952 1935 2987; x_wconf 82' lang='lat' dir='ltr'><strong>par</strong></span> <span class='ocrx_word' id='word_1_777' title='bbox 1950 2945 2004 2976; x_wconf 88' lang='lat' dir='ltr'><strong>est</strong></span> <span class='ocrx_word' id='word_1_778' title='bbox 2020 2941 2195 2987; x_wconf 79' lang='lat' dir='ltr'><strong>castiqari</strong></span> <span class='ocrx_word' id='word_1_779' title='bbox 2210 2940 2340 2987; x_wconf 84' lang='lat' dir='ltr'><strong>potius</strong></span> <span class='ocrx_word' id='word_1_780' title='bbox 2359 2951 2467 2988; x_wconf 85' lang='lat' dir='ltr'><strong>quam</strong></span> 
     </span>
    </p>
   </div>
   <div class='ocr_carea' id='block_1_39' title="bbox 258 3010 364 3015">
    <p class='ocr_par' dir='ltr' id='par_1_39' title="bbox 258 3010 364 3015">
     <span class='ocr_line' id='line_1_94' title="bbox 258 3010 364 3015; baseline 0 0"><span class='ocrx_word' id='word_1_781' title='bbox 258 3010 364 3015; x_wconf 95' lang='lat' dir='ltr'><strong> </strong></span> 
     </span>
    </p>
   </div>
   <div class='ocr_carea' id='block_1_40' title="bbox 248 3029 1325 3701">
    <p class='ocr_par' dir='ltr' id='par_1_40' title="bbox 248 3029 1325 3701">
     <span class='ocr_line' id='line_1_95' title="bbox 296 3029 1324 3076; baseline 0 -11"><span class='ocrx_word' id='word_1_782' title='bbox 296 3035 310 3067; x_wconf 96' lang='lat'>1</span> <span class='ocrx_word' id='word_1_783' title='bbox 336 3029 421 3076; x_wconf 76' lang='grc' dir='ltr'><strong><em>μηδ’</em></strong></span> <span class='ocrx_word' id='word_1_784' title='bbox 448 3033 513 3064; x_wconf 76' lang='grc' dir='ltr'><strong>ἕνα</strong></span> <span class='ocrx_word' id='word_1_785' title='bbox 533 3033 777 3075; x_wconf 77' lang='grc' dir='ltr'><strong><em>νυκτέπαρχον</em></strong></span> <span class='ocrx_word' id='word_1_786' title='bbox 801 3029 989 3065; x_wconf 82' lang='grc' dir='ltr'><strong><em>παντελῶς</em></strong></span> <span class='ocrx_word' id='word_1_787' title='bbox 1013 3032 1059 3065; x_wconf 88' lang='lat' dir='ltr'><em>M</em></span> <span class='ocrx_word' id='word_1_788' title='bbox 1074 3032 1086 3075; x_wconf 78' lang='grc' dir='ltr'><strong>ΙΙ</strong></span> <span class='ocrx_word' id='word_1_789' title='bbox 1111 3036 1130 3067; x_wconf 84' lang='grc'><strong>5</strong></span> <span class='ocrx_word' id='word_1_790' title='bbox 1155 3033 1253 3075; x_wconf 86' lang='grc' dir='ltr'><strong><em>χωοῆ</em></strong></span> <span class='ocrx_word' id='word_1_791' title='bbox 1277 3033 1324 3066; x_wconf 88' lang='lat' dir='ltr'><strong>L¹</strong></span> 
     </span>
     <span class='ocr_line' id='line_1_96' title="bbox 248 3065 1325 3155; baseline 0.001 -45"><span class='ocrx_word' id='word_1_792' title='bbox 248 3079 357 3125; x_wconf 87' lang='grc' dir='ltr'><strong><em>χωρεῖ</em></strong></span> <span class='ocrx_word' id='word_1_793' title='bbox 378 3077 464 3155; x_wconf 44' lang='grc' dir='ltr'><strong>ΕᾸΙΙΕ</strong></span> <span class='ocrx_word' id='word_1_794' title='bbox 481 3080 501 3110; x_wconf 78' lang='grc'><strong>9</strong></span> <span class='ocrx_word' id='word_1_795' title='bbox 527 3073 802 3109; x_wconf 59' lang='lat' dir='ltr'><strong>consistoria-mn</strong></span> <span class='ocrx_word' id='word_1_796' title='bbox 828 3077 885 3118; x_wconf 83' lang='grc' dir='ltr'><strong>Μ]</strong></span> <span class='ocrx_word' id='word_1_797' title='bbox 918 3077 981 3110; x_wconf 85' lang='grc' dir='ltr'><em>τοῦ</em></span> <span class='ocrx_word' id='word_1_798' title='bbox 1005 3072 1144 3121; x_wconf 77' lang='grc' dir='ltr'><strong><em>ὑψηλοῦ</em></strong></span> <span class='ocrx_word' id='word_1_799' title='bbox 1166 3065 1325 3122; x_wconf 67' lang='grc' dir='ltr'><strong><em>βήματος</em></strong></span> 
     </span>
     <span class='ocr_line' id='line_1_97' title="bbox 250 3117 1324 3166; baseline 0.001 -10"><span class='ocrx_word' id='word_1_800' title='bbox 250 3124 296 3157; x_wconf 77' lang='lat' dir='ltr'><em>M</em></span> <span class='ocrx_word' id='word_1_801' title='bbox 315 3136 341 3157; x_wconf 75' lang='lat' dir='ltr'><strong>s.</strong></span> <span class='ocrx_word' id='word_1_802' title='bbox 359 3136 401 3165; x_wconf 82' lang='lat' dir='ltr'><strong>v.,</strong></span> <span class='ocrx_word' id='word_1_803' title='bbox 487 3119 509 3164; x_wconf 82' lang='grc' dir='ltr'><strong><em>ἢ</em></strong></span> <span class='ocrx_word' id='word_1_804' title='bbox 532 3121 595 3155; x_wconf 84' lang='grc' dir='ltr'><strong>τοῦ</strong></span> <span class='ocrx_word' id='word_1_805' title='bbox 625 3117 839 3165; x_wconf 78' lang='grc' dir='ltr'><strong><em>ὑψιλοτάτου</em></strong></span> <span class='ocrx_word' id='word_1_806' title='bbox 867 3120 1025 3165; x_wconf 81' lang='grc' dir='ltr'><strong><em>βήματος</em></strong></span> <span class='ocrx_word' id='word_1_807' title='bbox 1048 3123 1079 3155; x_wconf 92' lang='lat' dir='ltr'><em>L</em></span> <span class='ocrx_word' id='word_1_808' title='bbox 1098 3122 1110 3166; x_wconf 83' lang='grc' dir='ltr'><strong>ΙΙ</strong></span> <span class='ocrx_word' id='word_1_809' title='bbox 1131 3118 1152 3165; x_wconf 84' lang='grc' dir='ltr'>ἢ</span> <span class='ocrx_word' id='word_1_810' title='bbox 1174 3136 1232 3157; x_wconf 89' lang='lat' dir='ltr'><strong>om.</strong></span> <span class='ocrx_word' id='word_1_811' title='bbox 1258 3123 1289 3156; x_wconf 88' lang='lat' dir='ltr'><em>L</em></span> <span class='ocrx_word' id='word_1_812' title='bbox 1312 3122 1324 3164; x_wconf 83' lang='grc' dir='ltr'><strong>ΙΙ</strong></span> 
     </span>
     <span class='ocr_line' id='line_1_98' title="bbox 252 3163 1323 3214; baseline -0.004 -11"><span class='ocrx_word' id='word_1_813' title='bbox 252 3171 292 3202; x_wconf 82' lang='grc' dir='ltr'>1Ο</span> <span class='ocrx_word' id='word_1_814' title='bbox 323 3170 561 3214; x_wconf 81' lang='grc' dir='ltr'><strong><em>πραιτωρίων</em></strong></span> <span class='ocrx_word' id='word_1_815' title='bbox 583 3167 620 3200; x_wconf 90' lang='grc' dir='ltr'><em>Β</em></span> <span class='ocrx_word' id='word_1_816' title='bbox 650 3168 662 3208; x_wconf 76' lang='grc' dir='ltr'><strong>ΙΙ</strong></span> <span class='ocrx_word' id='word_1_817' title='bbox 695 3170 731 3200; x_wconf 84' lang='lat'><strong>15</strong></span> <span class='ocrx_word' id='word_1_818' title='bbox 768 3163 883 3211; x_wconf 77' lang='grc' dir='ltr'><strong><em>ψυχὴν</em></strong></span> <span class='ocrx_word' id='word_1_819' title='bbox 918 3167 964 3200; x_wconf 88' lang='lat' dir='ltr'><strong>L¹</strong></span> <span class='ocrx_word' id='word_1_820' title='bbox 1001 3166 1111 3211; x_wconf 78' lang='grc' dir='ltr'><strong><em>ψυχῆς</em></strong></span> <span class='ocrx_word' id='word_1_821' title='bbox 1142 3167 1191 3201; x_wconf 85' lang='lat' dir='ltr'><strong>L²</strong></span> <span class='ocrx_word' id='word_1_822' title='bbox 1222 3166 1236 3212; x_wconf 85' lang='grc' dir='ltr'><strong>ΙΙ</strong></span> <span class='ocrx_word' id='word_1_823' title='bbox 1265 3169 1323 3200; x_wconf 83' lang='grc' dir='ltr'><strong>καὶ</strong></span> 
     </span>
     <span class='ocr_line' id='line_1_99' title="bbox 248 3209 1323 3257; baseline 0.002 -13"><span class='ocrx_word' id='word_1_824' title='bbox 248 3211 293 3245; x_wconf 82' lang='grc' dir='ltr'><strong><em>τά</em></strong></span> <span class='ocrx_word' id='word_1_825' title='bbox 307 3224 348 3246; x_wconf 80' lang='grc' dir='ltr'><strong>τε</strong></span> <span class='ocrx_word' id='word_1_826' title='bbox 370 3210 541 3247; x_wconf 81' lang='grc' dir='ltr'><strong><em>πολλάΜ</em></strong></span> <span class='ocrx_word' id='word_1_827' title='bbox 559 3213 618 3245; x_wconf 83' lang='grc' dir='ltr'><strong>καὶ</strong></span> <span class='ocrx_word' id='word_1_828' title='bbox 635 3209 703 3257; x_wconf 80' lang='grc' dir='ltr'><strong>γὰρ</strong></span> <span class='ocrx_word' id='word_1_829' title='bbox 727 3209 818 3244; x_wconf 84' lang='grc' dir='ltr'><strong><em>κατά</em></strong></span> <span class='ocrx_word' id='word_1_830' title='bbox 840 3223 881 3257; x_wconf 82' lang='grc' dir='ltr'><strong>γε</strong></span> <span class='ocrx_word' id='word_1_831' title='bbox 903 3209 949 3244; x_wconf 83' lang='grc' dir='ltr'><strong><em>τὰ</em></strong></span> <span class='ocrx_word' id='word_1_832' title='bbox 972 3209 1131 3246; x_wconf 61' lang='grc' dir='ltr'><strong><em>πολλαί</em></strong></span> <span class='ocrx_word' id='word_1_833' title='bbox 1147 3211 1160 3257; x_wconf 84' lang='grc' dir='ltr'><strong>ΙΙ</strong></span> <span class='ocrx_word' id='word_1_834' title='bbox 1183 3214 1221 3246; x_wconf 87' lang='grc'><strong>16</strong></span> <span class='ocrx_word' id='word_1_835' title='bbox 1245 3209 1323 3245; x_wconf 82' lang='grc' dir='ltr'><strong><em>εἰώ-</em></strong></span> 
     </span>
     <span class='ocr_line' id='line_1_100' title="bbox 250 3255 1324 3301; baseline 0 -11"><span class='ocrx_word' id='word_1_836' title='bbox 250 3258 374 3291; x_wconf 87' lang='grc' dir='ltr'><strong><em>θασαν</em></strong></span> <span class='ocrx_word' id='word_1_837' title='bbox 397 3255 609 3299; x_wconf 80' lang='grc' dir='ltr'><strong><em>(εἰώθεισαν</em></strong></span> <span class='ocrx_word' id='word_1_838' title='bbox 631 3258 729 3296; x_wconf 87' lang='lat' dir='ltr'><strong>corr.)</strong></span> <span class='ocrx_word' id='word_1_839' title='bbox 750 3257 780 3289; x_wconf 90' lang='lat' dir='ltr'><em>L</em></span> <span class='ocrx_word' id='word_1_840' title='bbox 806 3256 817 3301; x_wconf 86' lang='grc' dir='ltr'><strong>ΙΙ</strong></span> <span class='ocrx_word' id='word_1_841' title='bbox 840 3256 1012 3299; x_wconf 83' lang='grc' dir='ltr'><strong><em>μοιχειῶν</em></strong></span> <span class='ocrx_word' id='word_1_842' title='bbox 1039 3257 1138 3298; x_wconf 72' lang='grc' dir='ltr'><strong><em>ΕΒς]</em></strong></span> <span class='ocrx_word' id='word_1_843' title='bbox 1167 3259 1324 3300; x_wconf 81' lang='grc' dir='ltr'><strong><em>μοιχείας</em></strong></span> 
     </span>
     <span class='ocr_line' id='line_1_101' title="bbox 251 3298 1324 3347; baseline 0.003 -14"><span class='ocrx_word' id='word_1_844' title='bbox 251 3303 295 3335; x_wconf 77' lang='lat' dir='ltr'><em>M</em></span> <span class='ocrx_word' id='word_1_845' title='bbox 306 3303 319 3346; x_wconf 80' lang='lat' dir='ltr'>ss</span> <span class='ocrx_word' id='word_1_846' title='bbox 338 3304 377 3337; x_wconf 89' lang='lat'><strong>18</strong></span> <span class='ocrx_word' id='word_1_847' title='bbox 399 3302 477 3336; x_wconf 88' lang='grc' dir='ltr'><strong>τῶν</strong></span> <span class='ocrx_word' id='word_1_848' title='bbox 501 3315 558 3335; x_wconf 89' lang='lat' dir='ltr'><strong>om.</strong></span> <span class='ocrx_word' id='word_1_849' title='bbox 583 3301 654 3335; x_wconf 92' lang='lat' dir='ltr'><strong>LB</strong></span> <span class='ocrx_word' id='word_1_850' title='bbox 672 3301 684 3343; x_wconf 91' lang='grc' dir='ltr'><strong>ΙΙ</strong></span> <span class='ocrx_word' id='word_1_851' title='bbox 701 3303 739 3334; x_wconf 82' lang='grc'>’21</span> <span class='ocrx_word' id='word_1_852' title='bbox 766 3300 844 3343; x_wconf 85' lang='grc' dir='ltr'><strong><em>η’τοι</em></strong></span> <span class='ocrx_word' id='word_1_853' title='bbox 865 3298 1082 3336; x_wconf 83' lang='grc' dir='ltr'><strong><em>δωοοδοκίας</em></strong></span> <span class='ocrx_word' id='word_1_854' title='bbox 1105 3299 1324 3347; x_wconf 81' lang='grc' dir='ltr'><strong><em>δησυληψίας</em></strong></span> 
     </span>
     <span class='ocr_line' id='line_1_102' title="bbox 250 3333 1323 3392; baseline 0 -12"><span class='ocrx_word' id='word_1_855' title='bbox 250 3349 308 3384; x_wconf 66' lang='lat' dir='ltr'><strong>(sic</strong></span> <span class='ocrx_word' id='word_1_856' title='bbox 329 3360 390 3390; x_wconf 89' lang='lat' dir='ltr'><strong>pro</strong></span> <span class='ocrx_word' id='word_1_857' title='bbox 415 3345 644 3392; x_wconf 82' lang='grc' dir='ltr'><strong><em>δοσοληψίας)</em></strong></span> <span class='ocrx_word' id='word_1_858' title='bbox 666 3347 715 3387; x_wconf 86' lang='lat' dir='ltr'><strong>M,</strong></span> <span class='ocrx_word' id='word_1_859' title='bbox 739 3359 797 3379; x_wconf 87' lang='lat' dir='ltr'><strong>om.</strong></span> <span class='ocrx_word' id='word_1_860' title='bbox 815 3333 933 3390; x_wconf 71' lang='lat' dir='ltr'><strong>Lssess</strong></span> <span class='ocrx_word' id='word_1_861' title='bbox 953 3350 993 3380; x_wconf 82' lang='lat'><strong>23</strong></span> <span class='ocrx_word' id='word_1_862' title='bbox 1020 3343 1076 3389; x_wconf 82' lang='grc' dir='ltr'><strong><em>δὴ]</em></strong></span> <span class='ocrx_word' id='word_1_863' title='bbox 1101 3344 1156 3380; x_wconf 85' lang='grc' dir='ltr'><strong><em>δεῖ</em></strong></span> <span class='ocrx_word' id='word_1_864' title='bbox 1175 3347 1211 3381; x_wconf 90' lang='grc' dir='ltr'><em>Β</em></span> <span class='ocrx_word' id='word_1_865' title='bbox 1226 3349 1239 3390; x_wconf 79' lang='grc' dir='ltr'><strong>ΙΙ</strong></span> <span class='ocrx_word' id='word_1_866' title='bbox 1256 3345 1323 3380; x_wconf 83' lang='grc' dir='ltr'><strong>τὸν</strong></span> 
     </span>
     <span class='ocr_line' id='line_1_103' title="bbox 251 3388 1322 3437; baseline 0.001 -13"><span class='ocrx_word' id='word_1_867' title='bbox 251 3389 403 3434; x_wconf 81' lang='grc' dir='ltr'><strong><em>δοκῆμον</em></strong></span> <span class='ocrx_word' id='word_1_868' title='bbox 427 3393 474 3425; x_wconf 92' lang='lat' dir='ltr'><strong>L¹</strong></span> <span class='ocrx_word' id='word_1_869' title='bbox 493 3392 562 3435; x_wconf 79' lang='grc'>1125</span> <span class='ocrx_word' id='word_1_870' title='bbox 588 3391 698 3425; x_wconf 84' lang='lat' dir='ltr'><strong>decem</strong></span> <span class='ocrx_word' id='word_1_871' title='bbox 723 3388 887 3424; x_wconf 75' lang='lat' dir='ltr'><strong>libro&#39;trum</strong></span> <span class='ocrx_word' id='word_1_872' title='bbox 908 3392 953 3424; x_wconf 89' lang='lat' dir='ltr'><em>M</em></span> <span class='ocrx_word' id='word_1_873' title='bbox 969 3388 1056 3425; x_wconf 82' lang='grc' dir='ltr'><strong><em>δέκα</em></strong></span> <span class='ocrx_word' id='word_1_874' title='bbox 1079 3389 1214 3436; x_wconf 85' lang='grc' dir='ltr'><strong><em>λιτρῶν</em></strong></span> <span class='ocrx_word' id='word_1_875' title='bbox 1243 3404 1322 3437; x_wconf 86' lang='grc' dir='ltr'><strong><em>χρυ·</em></strong></span> 
     </span>
     <span class='ocr_line' id='line_1_104' title="bbox 250 3433 1322 3482; baseline 0.003 -15"><span class='ocrx_word' id='word_1_876' title='bbox 250 3438 327 3468; x_wconf 87' lang='grc' dir='ltr'><strong><em>σίου</em></strong></span> <span class='ocrx_word' id='word_1_877' title='bbox 344 3437 386 3469; x_wconf 83' lang='grc' dir='ltr'><em>Μ</em></span> <span class='ocrx_word' id='word_1_878' title='bbox 392 3450 416 3469; x_wconf 82' lang='grc' dir='ltr'><strong><em>ε.</em></strong></span> <span class='ocrx_word' id='word_1_879' title='bbox 431 3450 471 3477; x_wconf 85' lang='lat' dir='ltr'><strong>v.,</strong></span> <span class='ocrx_word' id='word_1_880' title='bbox 493 3438 527 3470; x_wconf 91' lang='lat' dir='ltr'><em>B</em></span> <span class='ocrx_word' id='word_1_881' title='bbox 551 3434 636 3470; x_wconf 80' lang='grc' dir='ltr'><strong><em>δέκα</em></strong></span> <span class='ocrx_word' id='word_1_882' title='bbox 659 3438 802 3481; x_wconf 88' lang='grc' dir='ltr'><strong><em>χρυσίου</em></strong></span> <span class='ocrx_word' id='word_1_883' title='bbox 821 3436 852 3469; x_wconf 89' lang='lat' dir='ltr'><em>L</em></span> <span class='ocrx_word' id='word_1_884' title='bbox 873 3437 936 3477; x_wconf 83' lang='lat' dir='ltr'><strong>(tot</strong></span> <span class='ocrx_word' id='word_1_885' title='bbox 955 3436 1080 3469; x_wconf 88' lang='lat' dir='ltr'><strong>solidos</strong></span> <span class='ocrx_word' id='word_1_886' title='bbox 1100 3439 1131 3477; x_wconf 77' lang='grc' dir='ltr'><strong><em>ς)</em></strong></span> <span class='ocrx_word' id='word_1_887' title='bbox 1150 3436 1163 3482; x_wconf 78' lang='grc' dir='ltr'><strong>ΙΙ</strong></span> <span class='ocrx_word' id='word_1_888' title='bbox 1178 3433 1322 3470; x_wconf 79' lang='grc' dir='ltr'><strong><em>ἆνόνων</em></strong></span> 
     </span>
     <span class='ocr_line' id='line_1_105' title="bbox 250 3477 1321 3525; baseline 0.002 -12"><span class='ocrx_word' id='word_1_889' title='bbox 250 3480 287 3513; x_wconf 89' lang='grc' dir='ltr'><strong><em>Β</em></strong></span> <span class='ocrx_word' id='word_1_890' title='bbox 310 3479 322 3521; x_wconf 79' lang='grc' dir='ltr'><strong>ΙΙ</strong></span> <span class='ocrx_word' id='word_1_891' title='bbox 353 3483 395 3513; x_wconf 80' lang='grc'><strong>26</strong></span> <span class='ocrx_word' id='word_1_892' title='bbox 420 3477 555 3523; x_wconf 77' lang='grc' dir='ltr'><strong><em>αὐτοὺς]</em></strong></span> <span class='ocrx_word' id='word_1_893' title='bbox 576 3478 753 3525; x_wconf 83' lang='grc' dir='ltr'><strong><em>δώσωμεν</em></strong></span> <span class='ocrx_word' id='word_1_894' title='bbox 775 3481 854 3514; x_wconf 85' lang='lat' dir='ltr'><strong>add.</strong></span> <span class='ocrx_word' id='word_1_895' title='bbox 879 3481 929 3513; x_wconf 81' lang='lat' dir='ltr'><strong>L¹⁸</strong></span> <span class='ocrx_word' id='word_1_896' title='bbox 956 3481 968 3525; x_wconf 83' lang='grc' dir='ltr'><strong>ΙΙ</strong></span> <span class='ocrx_word' id='word_1_897' title='bbox 999 3484 1038 3515; x_wconf 82' lang='lat'><strong>27</strong></span> <span class='ocrx_word' id='word_1_898' title='bbox 1062 3478 1266 3523; x_wconf 82' lang='grc' dir='ltr'><strong><em>ἇναχέσθαι</em></strong></span> <span class='ocrx_word' id='word_1_899' title='bbox 1290 3483 1321 3515; x_wconf 90' lang='lat' dir='ltr'><em>L</em></span> 
     </span>
     <span class='ocr_line' id='line_1_106' title="bbox 249 3520 1308 3570; baseline 0.004 -14"><span class='ocrx_word' id='word_1_900' title='bbox 249 3520 444 3565; x_wconf 74' lang='grc' dir='ltr'><strong><em>ἀνέχεσθαι</em></strong></span> <span class='ocrx_word' id='word_1_901' title='bbox 468 3527 503 3558; x_wconf 89' lang='grc' dir='ltr'><em>Β</em></span> <span class='ocrx_word' id='word_1_902' title='bbox 531 3527 543 3570; x_wconf 70' lang='lat' dir='ltr'><strong>l}</strong></span> <span class='ocrx_word' id='word_1_903' title='bbox 573 3525 702 3569; x_wconf 85' lang='grc' dir='ltr'><strong><em>κλοπῆς</em></strong></span> <span class='ocrx_word' id='word_1_904' title='bbox 724 3522 746 3569; x_wconf 80' lang='grc' dir='ltr'>ἣ</span> <span class='ocrx_word' id='word_1_905' title='bbox 769 3527 828 3559; x_wconf 80' lang='grc' dir='ltr'><strong>καὶ</strong></span> <span class='ocrx_word' id='word_1_906' title='bbox 849 3521 1017 3559; x_wconf 81' lang='grc' dir='ltr'><strong><em>ἆπολείας</em></strong></span> <span class='ocrx_word' id='word_1_907' title='bbox 1048 3522 1240 3568; x_wconf 79' lang='grc' dir='ltr'><strong><em>(ἀπωλείας</em></strong></span> <span class='ocrx_word' id='word_1_908' title='bbox 1260 3527 1308 3560; x_wconf 80' lang='lat' dir='ltr'><strong>L²</strong></span> 
     </span>
     <span class='ocr_line' id='line_1_107' title="bbox 251 3530 1323 3616; baseline 0.005 -14"><span class='ocrx_word' id='word_1_909' title='bbox 251 3570 282 3602; x_wconf 83' lang='lat' dir='ltr'><em>L</em></span> <span class='ocrx_word' id='word_1_910' title='bbox 301 3569 314 3612; x_wconf 64' lang='lat' dir='ltr'>fl</span> <span class='ocrx_word' id='word_1_911' title='bbox 330 3571 371 3603; x_wconf 82' lang='lat'><strong>28</strong></span> <span class='ocrx_word' id='word_1_912' title='bbox 394 3578 422 3602; x_wconf 88' lang='lat' dir='ltr'><strong>et</strong></span> <span class='ocrx_word' id='word_1_913' title='bbox 444 3572 486 3602; x_wconf 72' lang='lat'><strong>29</strong></span> <span class='ocrx_word' id='word_1_914' title='bbox 513 3573 571 3614; x_wconf 70' lang='lat' dir='ltr'><strong>leq.</strong></span> <span class='ocrx_word' id='word_1_915' title='bbox 595 3568 683 3615; x_wconf 77' lang='grc' dir='ltr'><strong><em>μήτε</em></strong></span> <span class='ocrx_word' id='word_1_916' title='bbox 697 3591 736 3596; x_wconf 92' lang='grc'>-</span> <span class='ocrx_word' id='word_1_917' title='bbox 748 3569 861 3615; x_wconf 60' lang='lat' dir='ltr'><strong>pirre?</strong></span> <span class='ocrx_word' id='word_1_918' title='bbox 879 3570 892 3614; x_wconf 86' lang='grc' dir='ltr'><strong>ΙΙ</strong></span> <span class='ocrx_word' id='word_1_919' title='bbox 908 3568 1083 3605; x_wconf 68' lang='grc' dir='ltr'><strong><em>ἐπιδόσεις</em></strong></span> <span class='ocrx_word' id='word_1_920' title='bbox 1102 3530 1323 3616; x_wconf 66' lang='lat' dir='ltr'><strong>Haloanderfi</strong></span> 
     </span>
     <span class='ocr_line' id='line_1_108' title="bbox 250 3610 1320 3660; baseline 0.002 -12"><span class='ocrx_word' id='word_1_921' title='bbox 250 3615 291 3648; x_wconf 83' lang='lat'><strong>31</strong></span> <span class='ocrx_word' id='word_1_922' title='bbox 316 3610 526 3659; x_wconf 75' lang='grc' dir='ltr'><strong><em>προφάσεως</em></strong></span> <span class='ocrx_word' id='word_1_923' title='bbox 547 3617 576 3648; x_wconf 89' lang='lat' dir='ltr'><em>L</em></span> <span class='ocrx_word' id='word_1_924' title='bbox 592 3622 604 3659; x_wconf 74' lang='grc' dir='ltr'><strong><em>η</em></strong></span> <span class='ocrx_word' id='word_1_925' title='bbox 623 3618 665 3650; x_wconf 88' lang='grc'><strong>36</strong></span> <span class='ocrx_word' id='word_1_926' title='bbox 689 3617 807 3660; x_wconf 67' lang='grc' dir='ltr'><strong><em>φαμὲν</em></strong></span> <span class='ocrx_word' id='word_1_927' title='bbox 829 3612 875 3658; x_wconf 82' lang='grc' dir='ltr'><strong><em>δὴ</em></strong></span> <span class='ocrx_word' id='word_1_928' title='bbox 898 3616 929 3649; x_wconf 89' lang='lat' dir='ltr'><em>L</em></span> <span class='ocrx_word' id='word_1_929' title='bbox 944 3616 957 3659; x_wconf 86' lang='grc' dir='ltr'><strong>ΙΙ</strong></span> <span class='ocrx_word' id='word_1_930' title='bbox 975 3628 1014 3649; x_wconf 79' lang='grc' dir='ltr'><strong>τε</strong></span> <span class='ocrx_word' id='word_1_931' title='bbox 1036 3618 1108 3658; x_wconf 80' lang='grc' dir='ltr'><strong><em>καὶ]</em></strong></span> <span class='ocrx_word' id='word_1_932' title='bbox 1129 3629 1169 3651; x_wconf 70' lang='grc' dir='ltr'><strong>τε</strong></span> <span class='ocrx_word' id='word_1_933' title='bbox 1192 3629 1250 3652; x_wconf 86' lang='lat' dir='ltr'><strong>om.</strong></span> <span class='ocrx_word' id='word_1_934' title='bbox 1273 3617 1320 3659; x_wconf 91' lang='lat' dir='ltr'><strong>B,</strong></span> 
     </span>
     <span class='ocr_line' id='line_1_109' title="bbox 251 3657 988 3701; baseline 0.004 -11"><span class='ocrx_word' id='word_1_935' title='bbox 251 3659 309 3691; x_wconf 76' lang='grc' dir='ltr'><strong>καὶ</strong></span> <span class='ocrx_word' id='word_1_936' title='bbox 333 3671 390 3692; x_wconf 87' lang='lat' dir='ltr'><strong>om.</strong></span> <span class='ocrx_word' id='word_1_937' title='bbox 413 3659 443 3691; x_wconf 91' lang='lat' dir='ltr'><em>L</em></span> <span class='ocrx_word' id='word_1_938' title='bbox 462 3659 531 3701; x_wconf 69' lang='grc'>1138</span> <span class='ocrx_word' id='word_1_939' title='bbox 557 3661 631 3693; x_wconf 79' lang='grc' dir='ltr'><strong><em>ἐστι</em></strong></span> <span class='ocrx_word' id='word_1_940' title='bbox 656 3664 713 3693; x_wconf 86' lang='grc' dir='ltr'><strong>καὶ</strong></span> <span class='ocrx_word' id='word_1_941' title='bbox 734 3657 933 3694; x_wconf 76' lang='grc' dir='ltr'><strong><em>κολλάσθαι</em></strong></span> <span class='ocrx_word' id='word_1_942' title='bbox 956 3660 988 3693; x_wconf 85' lang='lat' dir='ltr'><em>L</em></span> 
     </span>
    </p>
   </div>
   <div class='ocr_carea' id='block_1_41' title="bbox 1388 3030 2466 3660">
    <p class='ocr_par' dir='ltr' id='par_1_41' title="bbox 1388 3030 2466 3660">
     <span class='ocr_line' id='line_1_110' title="bbox 1438 3030 2464 3076; baseline -0.001 -10"><span class='ocrx_word' id='word_1_943' title='bbox 1438 3034 1458 3066; x_wconf 91' lang='lat'>2</span> <span class='ocrx_word' id='word_1_944' title='bbox 1493 3034 1666 3075; x_wconf 89' lang='lat' dir='ltr'><strong>postquam</strong></span> <span class='ocrx_word' id='word_1_945' title='bbox 1690 3033 1722 3065; x_wconf 79' lang='lat' dir='ltr'><em>R</em></span> <span class='ocrx_word' id='word_1_946' title='bbox 1752 3030 1765 3076; x_wconf 74' lang='grc' dir='ltr'><strong>ΙΙ</strong></span> <span class='ocrx_word' id='word_1_947' title='bbox 1792 3033 1813 3065; x_wconf 87' lang='grc'><strong>9</strong></span> <span class='ocrx_word' id='word_1_948' title='bbox 1849 3031 1910 3063; x_wconf 85' lang='lat' dir='ltr'><strong>hac</strong></span> <span class='ocrx_word' id='word_1_949' title='bbox 1934 3032 1967 3065; x_wconf 90' lang='lat' dir='ltr'><strong><em>V</em></strong></span> <span class='ocrx_word' id='word_1_950' title='bbox 1990 3030 2002 3076; x_wconf 84' lang='grc' dir='ltr'><strong>ΙΙ</strong></span> <span class='ocrx_word' id='word_1_951' title='bbox 2028 3031 2242 3074; x_wconf 85' lang='lat' dir='ltr'><strong>suscipientes</strong></span> <span class='ocrx_word' id='word_1_952' title='bbox 2274 3031 2464 3073; x_wconf 79' lang='lat' dir='ltr'><strong>Heimbach]</strong></span> 
     </span>
     <span class='ocr_line' id='line_1_111' title="bbox 1392 3075 2465 3120; baseline -0.001 -10"><span class='ocrx_word' id='word_1_953' title='bbox 1392 3077 1579 3120; x_wconf 87' lang='lat' dir='ltr'><strong>suscipiunt</strong></span> <span class='ocrx_word' id='word_1_954' title='bbox 1604 3078 1680 3111; x_wconf 84' lang='lat' dir='ltr'><strong>libri</strong></span> <span class='ocrx_word' id='word_1_955' title='bbox 1702 3079 1714 3119; x_wconf 82' lang='grc' dir='ltr'><strong>ΙΙ</strong></span> <span class='ocrx_word' id='word_1_956' title='bbox 1739 3079 1778 3110; x_wconf 88' lang='grc'><strong>10</strong></span> <span class='ocrx_word' id='word_1_957' title='bbox 1799 3076 1902 3109; x_wconf 80' lang='lat' dir='ltr'><strong>fuerit</strong></span> <span class='ocrx_word' id='word_1_958' title='bbox 1925 3077 1957 3110; x_wconf 79' lang='lat' dir='ltr'><em>R</em></span> <span class='ocrx_word' id='word_1_959' title='bbox 1980 3075 1992 3120; x_wconf 80' lang='grc' dir='ltr'><strong>ΙΙ</strong></span> <span class='ocrx_word' id='word_1_960' title='bbox 2017 3076 2212 3118; x_wconf 87' lang='lat' dir='ltr'><strong>dignitatem</strong></span> <span class='ocrx_word' id='word_1_961' title='bbox 2236 3076 2334 3119; x_wconf 68' lang='grc' dir='ltr'><strong><em>ναῖς]</em></strong></span> <span class='ocrx_word' id='word_1_962' title='bbox 2356 3076 2465 3118; x_wconf 84' lang='lat' dir='ltr'><strong>digni-</strong></span> 
     </span>
     <span class='ocr_line' id='line_1_112' title="bbox 1393 3120 2466 3166; baseline -0.002 -11"><span class='ocrx_word' id='word_1_963' title='bbox 1393 3123 1470 3155; x_wconf 84' lang='lat' dir='ltr'><strong>tatis</strong></span> <span class='ocrx_word' id='word_1_964' title='bbox 1493 3123 1526 3155; x_wconf 80' lang='lat' dir='ltr'><em>R</em></span> <span class='ocrx_word' id='word_1_965' title='bbox 1538 3123 1619 3155; x_wconf 87' lang='lat' dir='ltr'><strong>Val.</strong></span> <span class='ocrx_word' id='word_1_966' title='bbox 1644 3120 1657 3166; x_wconf 78' lang='grc' dir='ltr'><strong>ΙΙ</strong></span> <span class='ocrx_word' id='word_1_967' title='bbox 1682 3121 1852 3163; x_wconf 73' lang='lat' dir='ltr'><strong>agnitibus</strong></span> <span class='ocrx_word' id='word_1_968' title='bbox 1870 3122 1902 3154; x_wconf 66' lang='lat' dir='ltr'><strong>lt</strong></span> <span class='ocrx_word' id='word_1_969' title='bbox 1925 3121 1937 3164; x_wconf 87' lang='grc' dir='ltr'><strong>ΙΙ</strong></span> <span class='ocrx_word' id='word_1_970' title='bbox 1968 3124 2001 3155; x_wconf 91' lang='grc'><strong>11</strong></span> <span class='ocrx_word' id='word_1_971' title='bbox 2031 3121 2101 3154; x_wconf 89' lang='lat' dir='ltr'><strong>abti</strong></span> <span class='ocrx_word' id='word_1_972' title='bbox 2123 3121 2156 3155; x_wconf 89' lang='lat' dir='ltr'><strong><em>V</em></strong></span> <span class='ocrx_word' id='word_1_973' title='bbox 2174 3123 2187 3165; x_wconf 75' lang='grc' dir='ltr'><strong>ΙΙ</strong></span> <span class='ocrx_word' id='word_1_974' title='bbox 2202 3121 2288 3164; x_wconf 85' lang='lat' dir='ltr'><strong>aptis</strong></span> <span class='ocrx_word' id='word_1_975' title='bbox 2308 3128 2338 3155; x_wconf 82' lang='lat' dir='ltr'><strong>et</strong></span> <span class='ocrx_word' id='word_1_976' title='bbox 2355 3121 2466 3163; x_wconf 82' lang='lat' dir='ltr'><strong>dignis</strong></span> 
     </span>
     <span class='ocr_line' id='line_1_113' title="bbox 1393 3163 2465 3211; baseline -0.003 -10"><span class='ocrx_word' id='word_1_977' title='bbox 1393 3169 1477 3211; x_wconf 78' lang='lat' dir='ltr'><strong>vulq.</strong></span> <span class='ocrx_word' id='word_1_978' title='bbox 1497 3167 1509 3211; x_wconf 84' lang='grc' dir='ltr'><strong>ΙΙ</strong></span> <span class='ocrx_word' id='word_1_979' title='bbox 1526 3167 1628 3209; x_wconf 81' lang='lat' dir='ltr'><strong>digno</strong></span> <span class='ocrx_word' id='word_1_980' title='bbox 1651 3171 1763 3199; x_wconf 85' lang='lat' dir='ltr'><strong>nostro</strong></span> <span class='ocrx_word' id='word_1_981' title='bbox 1787 3165 1852 3211; x_wconf 71' lang='lat' dir='ltr'><strong>Ru</strong></span> <span class='ocrx_word' id='word_1_982' title='bbox 1878 3168 1916 3200; x_wconf 73' lang='lat'><strong>14</strong></span> <span class='ocrx_word' id='word_1_983' title='bbox 1942 3168 2001 3207; x_wconf 86' lang='lat' dir='ltr'><strong>est]</strong></span> <span class='ocrx_word' id='word_1_984' title='bbox 2027 3171 2060 3199; x_wconf 80' lang='lat' dir='ltr'><strong>et</strong></span> <span class='ocrx_word' id='word_1_985' title='bbox 2081 3166 2115 3199; x_wconf 89' lang='lat' dir='ltr'><strong><em>V</em></strong></span> <span class='ocrx_word' id='word_1_986' title='bbox 2133 3165 2146 3210; x_wconf 80' lang='grc' dir='ltr'><strong>ΙΙ</strong></span> <span class='ocrx_word' id='word_1_987' title='bbox 2172 3167 2211 3199; x_wconf 82' lang='grc'>15</span> <span class='ocrx_word' id='word_1_988' title='bbox 2238 3165 2375 3198; x_wconf 80' lang='lat' dir='ltr'><strong>habetur</strong></span> <span class='ocrx_word' id='word_1_989' title='bbox 2396 3165 2430 3199; x_wconf 83' lang='lat' dir='ltr'><em>R</em></span> <span class='ocrx_word' id='word_1_990' title='bbox 2451 3163 2465 3209; x_wconf 69' lang='lat' dir='ltr'>fl</span> 
     </span>
     <span class='ocr_line' id='line_1_114' title="bbox 1395 3208 2462 3256; baseline -0.004 -10"><span class='ocrx_word' id='word_1_991' title='bbox 1395 3215 1434 3246; x_wconf 88' lang='grc'><strong>16</strong></span> <span class='ocrx_word' id='word_1_992' title='bbox 1459 3212 1551 3255; x_wconf 88' lang='lat' dir='ltr'><strong>quid]</strong></span> <span class='ocrx_word' id='word_1_993' title='bbox 1576 3211 1708 3254; x_wconf 86' lang='lat' dir='ltr'><strong>quidem</strong></span> <span class='ocrx_word' id='word_1_994' title='bbox 1731 3212 1766 3244; x_wconf 83' lang='lat' dir='ltr'><strong><em>R</em></strong></span> <span class='ocrx_word' id='word_1_995' title='bbox 1794 3210 1808 3256; x_wconf 79' lang='grc' dir='ltr'><strong>ΙΙ</strong></span> <span class='ocrx_word' id='word_1_996' title='bbox 1837 3212 1876 3246; x_wconf 91' lang='grc'>18</span> <span class='ocrx_word' id='word_1_997' title='bbox 1899 3211 2146 3253; x_wconf 84' lang='lat' dir='ltr'><strong>praecedentem</strong></span> <span class='ocrx_word' id='word_1_998' title='bbox 2167 3210 2201 3244; x_wconf 92' lang='lat' dir='ltr'><strong><em>V</em></strong></span> <span class='ocrx_word' id='word_1_999' title='bbox 2220 3209 2233 3254; x_wconf 80' lang='grc' dir='ltr'><strong>ΙΙ</strong></span> <span class='ocrx_word' id='word_1_1000' title='bbox 2260 3210 2380 3250; x_wconf 81' lang='lat' dir='ltr'><strong>virum]</strong></span> <span class='ocrx_word' id='word_1_1001' title='bbox 2404 3208 2462 3242; x_wconf 84' lang='lat' dir='ltr'><strong>uix</strong></span> 
     </span>
     <span class='ocr_line' id='line_1_115' title="bbox 1392 3253 2460 3301; baseline -0.006 -10"><span class='ocrx_word' id='word_1_1002' title='bbox 1392 3258 1440 3290; x_wconf 64' lang='lat'><strong>13¹</strong></span> <span class='ocrx_word' id='word_1_1003' title='bbox 1455 3257 1468 3301; x_wconf 85' lang='grc' dir='ltr'><strong>ΙΙ</strong></span> <span class='ocrx_word' id='word_1_1004' title='bbox 1491 3259 1529 3291; x_wconf 79' lang='grc'>19</span> <span class='ocrx_word' id='word_1_1005' title='bbox 1554 3258 1728 3289; x_wconf 85' lang='lat' dir='ltr'><strong>honestum</strong></span> <span class='ocrx_word' id='word_1_1006' title='bbox 1752 3258 1796 3298; x_wconf 88' lang='lat' dir='ltr'><strong>et]</strong></span> <span class='ocrx_word' id='word_1_1007' title='bbox 1821 3257 1854 3289; x_wconf 80' lang='lat' dir='ltr'><strong>et</strong></span> <span class='ocrx_word' id='word_1_1008' title='bbox 1876 3268 1935 3289; x_wconf 85' lang='lat' dir='ltr'><strong>om.</strong></span> <span class='ocrx_word' id='word_1_1009' title='bbox 1955 3258 1987 3289; x_wconf 87' lang='lat' dir='ltr'><strong>in</strong></span> <span class='ocrx_word' id='word_1_1010' title='bbox 2011 3263 2094 3300; x_wconf 81' lang='lat' dir='ltr'><strong>spat.</strong></span> <span class='ocrx_word' id='word_1_1011' title='bbox 2113 3254 2256 3295; x_wconf 78' lang='lat' dir='ltr'><strong>vac.R¹‚</strong></span> <span class='ocrx_word' id='word_1_1012' title='bbox 2277 3253 2330 3286; x_wconf 84' lang='lat' dir='ltr'><strong>uel</strong></span> <span class='ocrx_word' id='word_1_1013' title='bbox 2352 3253 2460 3297; x_wconf 69' lang='lat' dir='ltr'><strong>suppl.</strong></span> 
     </span>
     <span class='ocr_line' id='line_1_116' title="bbox 1391 3297 2462 3346; baseline -0.006 -11"><span class='ocrx_word' id='word_1_1014' title='bbox 1391 3302 1440 3335; x_wconf 62' lang='lat'><strong>122</strong></span> <span class='ocrx_word' id='word_1_1015' title='bbox 1469 3301 1482 3346; x_wconf 88' lang='grc' dir='ltr'><strong>ΙΙ</strong></span> <span class='ocrx_word' id='word_1_1016' title='bbox 1509 3303 1551 3336; x_wconf 84' lang='grc'><strong>22</strong></span> <span class='ocrx_word' id='word_1_1017' title='bbox 1581 3303 1703 3335; x_wconf 84' lang='lat' dir='ltr'><strong>etenim</strong></span> <span class='ocrx_word' id='word_1_1018' title='bbox 1725 3302 1758 3335; x_wconf 93' lang='lat' dir='ltr'><strong><em>V</em></strong></span> <span class='ocrx_word' id='word_1_1019' title='bbox 1774 3302 1873 3344; x_wconf 63' lang='lat' dir='ltr'><strong>vulq]</strong></span> <span class='ocrx_word' id='word_1_1020' title='bbox 1905 3303 1937 3333; x_wconf 90' lang='lat' dir='ltr'><strong>et</strong></span> <span class='ocrx_word' id='word_1_1021' title='bbox 1963 3301 1998 3334; x_wconf 79' lang='lat' dir='ltr'><strong>B.</strong></span> <span class='ocrx_word' id='word_1_1022' title='bbox 2021 3302 2065 3335; x_wconf 85' lang='lat' dir='ltr'><strong>al.</strong></span> <span class='ocrx_word' id='word_1_1023' title='bbox 2092 3301 2105 3343; x_wconf 77' lang='grc' dir='ltr'>Ι</span> <span class='ocrx_word' id='word_1_1024' title='bbox 2135 3302 2176 3334; x_wconf 83' lang='lat'><strong>25</strong></span> <span class='ocrx_word' id='word_1_1025' title='bbox 2204 3299 2253 3332; x_wconf 87' lang='lat' dir='ltr'><strong>bii</strong></span> <span class='ocrx_word' id='word_1_1026' title='bbox 2275 3298 2310 3331; x_wconf 82' lang='lat' dir='ltr'><strong><em>R</em></strong></span> <span class='ocrx_word' id='word_1_1027' title='bbox 2330 3297 2381 3330; x_wconf 80' lang='lat' dir='ltr'><strong>bis</strong></span> <span class='ocrx_word' id='word_1_1028' title='bbox 2400 3297 2462 3339; x_wconf 68' lang='lat' dir='ltr'><strong>Vll</strong></span> 
     </span>
     <span class='ocr_line' id='line_1_117' title="bbox 1390 3341 2460 3390; baseline -0.005 -11"><span class='ocrx_word' id='word_1_1029' title='bbox 1390 3347 1580 3389; x_wconf 84' lang='lat' dir='ltr'><strong>adquiescat</strong></span> <span class='ocrx_word' id='word_1_1030' title='bbox 1607 3347 1639 3380; x_wconf 87' lang='lat' dir='ltr'><em>R</em></span> <span class='ocrx_word' id='word_1_1031' title='bbox 1669 3347 1681 3390; x_wconf 85' lang='grc' dir='ltr'><strong>ΙΙ</strong></span> <span class='ocrx_word' id='word_1_1032' title='bbox 1709 3348 1751 3380; x_wconf 84' lang='grc'><strong>26</strong></span> <span class='ocrx_word' id='word_1_1033' title='bbox 1780 3345 1940 3380; x_wconf 80' lang='lat' dir='ltr'><strong>uentilate</strong></span> <span class='ocrx_word' id='word_1_1034' title='bbox 1963 3346 1997 3379; x_wconf 78' lang='lat' dir='ltr'><em>R</em></span> <span class='ocrx_word' id='word_1_1035' title='bbox 2022 3345 2035 3390; x_wconf 87' lang='grc' dir='ltr'><strong>ΙΙ</strong></span> <span class='ocrx_word' id='word_1_1036' title='bbox 2062 3346 2104 3379; x_wconf 85' lang='grc'><strong>29</strong></span> <span class='ocrx_word' id='word_1_1037' title='bbox 2135 3343 2248 3377; x_wconf 72' lang='lat' dir='ltr'><strong>‘enim</strong></span> <span class='ocrx_word' id='word_1_1038' title='bbox 2278 3341 2460 3385; x_wconf 81' lang='lat' dir='ltr'><strong>proiectare</strong></span> 
     </span>
     <span class='ocr_line' id='line_1_118' title="bbox 1390 3387 2459 3434; baseline -0.006 -8"><span class='ocrx_word' id='word_1_1039' title='bbox 1390 3393 1454 3433; x_wconf 81' lang='lat' dir='ltr'><strong>(vel</strong></span> <span class='ocrx_word' id='word_1_1040' title='bbox 1474 3392 1656 3434; x_wconf 81' lang='lat' dir='ltr'><strong>porrigere)</strong></span> <span class='ocrx_word' id='word_1_1041' title='bbox 1678 3393 1812 3432; x_wconf 80' lang='lat' dir='ltr'><strong>conieci]</strong></span> <span class='ocrx_word' id='word_1_1042' title='bbox 1835 3391 1919 3424; x_wconf 87' lang='lat' dir='ltr'><strong>enim</strong></span> <span class='ocrx_word' id='word_1_1043' title='bbox 1942 3389 2088 3433; x_wconf 76' lang='lat' dir='ltr'><strong>poel&#39;coal</strong></span> <span class='ocrx_word' id='word_1_1044' title='bbox 2102 3389 2133 3422; x_wconf 81' lang='lat' dir='ltr'><em>R</em></span> <span class='ocrx_word' id='word_1_1045' title='bbox 2155 3388 2236 3430; x_wconf 77' lang='lat' dir='ltr'><strong>(sim.</strong></span> <span class='ocrx_word' id='word_1_1046' title='bbox 2254 3387 2324 3428; x_wconf 78' lang='lat' dir='ltr'><strong>aL),</strong></span> <span class='ocrx_word' id='word_1_1047' title='bbox 2347 3399 2407 3420; x_wconf 84' lang='lat' dir='ltr'><strong>om.</strong></span> <span class='ocrx_word' id='word_1_1048' title='bbox 2426 3388 2459 3421; x_wconf 81' lang='lat' dir='ltr'><strong>in</strong></span> 
     </span>
     <span class='ocr_line' id='line_1_119' title="bbox 1389 3431 2459 3483; baseline -0.007 -13"><span class='ocrx_word' id='word_1_1049' title='bbox 1389 3438 1496 3480; x_wconf 77' lang='lat' dir='ltr'><strong>spatio</strong></span> <span class='ocrx_word' id='word_1_1050' title='bbox 1508 3449 1556 3470; x_wconf 84' lang='lat' dir='ltr'><strong>ca.</strong></span> <span class='ocrx_word' id='word_1_1051' title='bbox 1571 3438 1609 3470; x_wconf 85' lang='lat'><strong>12</strong></span> <span class='ocrx_word' id='word_1_1052' title='bbox 1626 3438 1683 3470; x_wconf 81' lang='lat' dir='ltr'><strong>lin.</strong></span> <span class='ocrx_word' id='word_1_1053' title='bbox 1698 3437 1733 3478; x_wconf 92' lang='lat' dir='ltr'><strong>V,</strong></span> <span class='ocrx_word' id='word_1_1054' title='bbox 1747 3436 1835 3470; x_wconf 87' lang='lat' dir='ltr'><strong>enim</strong></span> <span class='ocrx_word' id='word_1_1055' title='bbox 1847 3434 2044 3482; x_wconf 85' lang='grc' dir='ltr'><strong><em>προΐεσθαι</em></strong></span> <span class='ocrx_word' id='word_1_1056' title='bbox 2054 3434 2158 3476; x_wconf 67' lang='lat' dir='ltr'><strong>vulgo,</strong></span> <span class='ocrx_word' id='word_1_1057' title='bbox 2172 3432 2261 3483; x_wconf 68' lang='lat' dir='ltr'><strong>quod</strong></span> <span class='ocrx_word' id='word_1_1058' title='bbox 2271 3443 2310 3465; x_wconf 67' lang='lat' dir='ltr'><strong>a·</strong></span> <span class='ocrx_word' id='word_1_1059' title='bbox 2323 3431 2459 3483; x_wconf 61' lang='lat' dir='ltr'><strong>Graecis</strong></span> 
     </span>
     <span class='ocr_line' id='line_1_120' title="bbox 1391 3475 2458 3524; baseline -0.006 -9"><span class='ocrx_word' id='word_1_1060' title='bbox 1391 3483 1587 3524; x_wconf 79' lang='lat' dir='ltr'><strong>interpretem</strong></span> <span class='ocrx_word' id='word_1_1061' title='bbox 1605 3483 1772 3516; x_wconf 75' lang='lat' dir='ltr'><strong>retinuisse</strong></span> <span class='ocrx_word' id='word_1_1062' title='bbox 1785 3482 1919 3523; x_wconf 73' lang='lat' dir='ltr'><strong>voluntfl</strong></span> <span class='ocrx_word' id='word_1_1063' title='bbox 1939 3483 1981 3515; x_wconf 88' lang='lat'><strong>30</strong></span> <span class='ocrx_word' id='word_1_1064' title='bbox 2000 3488 2117 3513; x_wconf 77' lang='lat' dir='ltr'><strong>aurum</strong></span> <span class='ocrx_word' id='word_1_1065' title='bbox 2135 3475 2198 3510; x_wconf 73' lang='lat' dir='ltr'><strong>ulli</strong></span> <span class='ocrx_word' id='word_1_1066' title='bbox 2219 3475 2254 3509; x_wconf 88' lang='lat' dir='ltr'><strong><em>V</em></strong></span> <span class='ocrx_word' id='word_1_1067' title='bbox 2268 3476 2326 3509; x_wconf 81' lang='lat' dir='ltr'><strong>vul</strong></span> <span class='ocrx_word' id='word_1_1068' title='bbox 2347 3476 2368 3517; x_wconf 89' lang='lat'><strong>.]</strong></span> <span class='ocrx_word' id='word_1_1069' title='bbox 2385 3486 2458 3509; x_wconf 79' lang='lat' dir='ltr'><strong>auri</strong></span> 
     </span>
     <span class='ocr_line' id='line_1_121' title="bbox 1389 3520 2458 3569; baseline -0.005 -10"><span class='ocrx_word' id='word_1_1070' title='bbox 1389 3525 1478 3559; x_wconf 76' lang='lat' dir='ltr'><strong>Rat.</strong></span> <span class='ocrx_word' id='word_1_1071' title='bbox 1497 3526 1510 3567; x_wconf 82' lang='grc' dir='ltr'><strong>ΙΙ</strong></span> <span class='ocrx_word' id='word_1_1072' title='bbox 1526 3528 1565 3560; x_wconf 87' lang='grc'>31</span> <span class='ocrx_word' id='word_1_1073' title='bbox 1592 3527 1654 3559; x_wconf 80' lang='lat' dir='ltr'><strong>*et</strong></span> <span class='ocrx_word' id='word_1_1074' title='bbox 1677 3526 1747 3569; x_wconf 91' lang='lat' dir='ltr'><strong>qui]</strong></span> <span class='ocrx_word' id='word_1_1075' title='bbox 1772 3526 1839 3564; x_wconf 87' lang='lat' dir='ltr'><strong>Qui</strong></span> <span class='ocrx_word' id='word_1_1076' title='bbox 1862 3527 1896 3559; x_wconf 82' lang='lat' dir='ltr'><strong>et</strong></span> <span class='ocrx_word' id='word_1_1077' title='bbox 1915 3526 1944 3558; x_wconf 77' lang='lat' dir='ltr'><em>R</em></span> <span class='ocrx_word' id='word_1_1078' title='bbox 1968 3522 2056 3567; x_wconf 85' lang='lat' dir='ltr'><strong>quod</strong></span> <span class='ocrx_word' id='word_1_1079' title='bbox 2079 3524 2111 3556; x_wconf 81' lang='lat' dir='ltr'><strong>et</strong></span> <span class='ocrx_word' id='word_1_1080' title='bbox 2132 3521 2214 3555; x_wconf 79' lang='lat' dir='ltr'><strong>Vat.</strong></span> <span class='ocrx_word' id='word_1_1081' title='bbox 2240 3530 2306 3562; x_wconf 88' lang='lat' dir='ltr'><strong>quo</strong></span> <span class='ocrx_word' id='word_1_1082' title='bbox 2340 3521 2427 3564; x_wconf 78' lang='lat' dir='ltr'><strong>vulq.</strong></span> <span class='ocrx_word' id='word_1_1083' title='bbox 2447 3520 2458 3563; x_wconf 73' lang='grc' dir='ltr'>Η</span> 
     </span>
     <span class='ocr_line' id='line_1_122' title="bbox 1389 3565 2453 3616; baseline -0.009 -11"><span class='ocrx_word' id='word_1_1084' title='bbox 1389 3571 1430 3605; x_wconf 82' lang='grc'><strong>32</strong></span> <span class='ocrx_word' id='word_1_1085' title='bbox 1456 3571 1561 3603; x_wconf 71' lang='lat' dir='ltr'><strong>sactus</strong></span> <span class='ocrx_word' id='word_1_1086' title='bbox 1580 3573 1665 3614; x_wconf 77' lang='lat' dir='ltr'><strong>vulq.</strong></span> <span class='ocrx_word' id='word_1_1087' title='bbox 1682 3571 1695 3615; x_wconf 76' lang='grc' dir='ltr'><strong>ΙΙ</strong></span> <span class='ocrx_word' id='word_1_1088' title='bbox 1711 3570 1779 3604; x_wconf 72' lang='lat' dir='ltr'><strong>tuit</strong></span> <span class='ocrx_word' id='word_1_1089' title='bbox 1801 3569 1863 3615; x_wconf 69' lang='lat' dir='ltr'><strong>Ru</strong></span> <span class='ocrx_word' id='word_1_1090' title='bbox 1880 3568 2058 3603; x_wconf 77' lang='lat' dir='ltr'><strong>secundun</strong></span> <span class='ocrx_word' id='word_1_1091' title='bbox 2081 3565 2238 3605; x_wconf 85' lang='lat' dir='ltr'><strong>dandum]</strong></span> <span class='ocrx_word' id='word_1_1092' title='bbox 2258 3565 2453 3616; x_wconf 67' lang='lat' dir='ltr'><strong>seruandum</strong></span> 
     </span>
     <span class='ocr_line' id='line_1_123' title="bbox 1388 3608 2420 3660; baseline -0.009 -11"><span class='ocrx_word' id='word_1_1093' title='bbox 1388 3615 1420 3649; x_wconf 79' lang='lat' dir='ltr'><strong><em>R</em></strong></span> <span class='ocrx_word' id='word_1_1094' title='bbox 1438 3613 1451 3659; x_wconf 77' lang='grc' dir='ltr'><strong>ΙΙ</strong></span> <span class='ocrx_word' id='word_1_1095' title='bbox 1467 3617 1508 3650; x_wconf 81' lang='lat'><strong>35</strong></span> <span class='ocrx_word' id='word_1_1096' title='bbox 1532 3618 1591 3648; x_wconf 81' lang='lat' dir='ltr'><strong>aut</strong></span> <span class='ocrx_word' id='word_1_1097' title='bbox 1608 3616 1686 3650; x_wconf 86' lang='lat' dir='ltr'><strong>RV</strong></span> <span class='ocrx_word' id='word_1_1098' title='bbox 1701 3614 1715 3660; x_wconf 73' lang='lat' dir='ltr'>fl</span> <span class='ocrx_word' id='word_1_1099' title='bbox 1730 3616 1772 3649; x_wconf 82' lang='lat'><strong>36</strong></span> <span class='ocrx_word' id='word_1_1100' title='bbox 1796 3611 2057 3657; x_wconf 58' lang='lat' dir='ltr'><strong>cognitionali</strong></span> <span class='ocrx_word' id='word_1_1101' title='bbox 2071 3612 2083 3654; x_wconf 85' lang='grc' dir='ltr'><strong>ΙΙ</strong></span> <span class='ocrx_word' id='word_1_1102' title='bbox 2102 3608 2324 3643; x_wconf 79' lang='lat' dir='ltr'><strong>uenefloialios</strong></span> <span class='ocrx_word' id='word_1_1103' title='bbox 2343 3610 2376 3643; x_wconf 89' lang='lat' dir='ltr'><strong><em>R</em></strong></span> <span class='ocrx_word' id='word_1_1104' title='bbox 2387 3611 2420 3643; x_wconf 91' lang='lat' dir='ltr'><strong><em>V</em></strong></span> 
     </span>
    </p>
   </div>
  </div>
 </body>
</html>
