2586 3990
232 103 341 149 Nov.
371 104 552 149 CXXIII
581 106 631 147 21

232 212 430 259 ἡττηθέντι
455 211 696 247 ἐκκαλεῖσθαι.
743 213 775 248 εἰ
797 210 838 248 δὲ
859 210 881 257 ἦ
912 213 977 248 τοῦ
1002 211 1171 258 ἄρχοντος
1192 213 1313 267 «ψῆφος

234 261 381 292 ἐναντία
404 258 457 300 εἴη
479 261 552 291 τοῖς
575 257 675 302 παρὰ
704 259 771 292 τοῦ
796 257 1081 303 θεοφιλεστάτου
1112 258 1311 291 ἐπισκοπου

232 304 456 346 κεκριμένοις,
476 302 676 343 τηνικαῦτα
690 299 815 348 χώραν
838 304 931 344 ἔχειν
946 301 1014 344 τὴν
1029 299 1202 344 ἔκκλητον
1218 300 1311 335 κατὰ

231 347 293 388 τῆς
316 345 439 391 ψήφου
461 346 526 379 τοῦ
548 343 735 390 ἄρχοντος,
768 349 828 380 καὶ
851 344 989 389 ταύτην
1019 345 1112 380 κατὰ
1142 345 1211 388 τὴν
1234 346 1312 380 τῶν

231 390 358 433 νόμων
387 386 494 429 τάξιν
525 386 780 435 ἀναφέρεσθαι
811 403 852 424 τε
881 392 941 424 καὶ
971 390 1233 435 γυμνάζεσθαι.
1279 390 1312 424 ei

230 437 393 479 μέντοιγε
424 435 462 467 ἐκ
492 433 679 477 βασιλικῆς
707 433 899 469 ueneficam
929 432 953 478 ἢ
981 432 1186 478 δικαστικῆς
1208 445 1310 480 προς-

230 477 366 519 τάξεως
400 479 594 512 ἐπίσκοπος
632 481 735 526 κρίνῃ
772 477 908 523 μεταξὺ
946 477 1173 522 οἱωνδήποτε
1208 490 1310 524 προς-

230 521 356 565 ιύπων,
398 519 420 565 ἡ
455 521 620 577 ἔκκλητος
657 525 716 558 ἐπὶ
757 523 825 567 τὴν
859 522 1048 568 βασιλείαν
1090 522 1114 566 ἢ
1149 524 1209 558 ἐπὶ
1242 523 1310 558 τὸν

1297 101 1378 149 610

2072 118 2132 149 ΒΕ
2158 117 2456 152 §monemus

1378 211 1445 247 tali
1467 220 1578 264 causa
1599 210 1693 249 victo
1715 223 1738 250 a
1761 213 1906 267 pellere.
1953 214 1991 253 Si
2013 225 2097 253 vero
2120 215 2248 252 iudicis
2279 215 2456 252 sententia

1380 259 1558 292 contraria
1591 255 1701 293 fuerit
1825 268 1918 304 qnae
1951 269 1974 296 a
2008 260 2075 298 deo
2106 260 2253 296 amabili
2285 260 2455 306 episcopo

1378 300 1537 337 iudicata
1556 303 1651 344 sunt,
1675 305 1762 338 tunc
1785 302 1903 340 locum
1923 303 2056 342 habere
2079 304 2354 351 appellationem
2370 314 2456 341 con-

1378 347 1437 380 tra
1460 345 1672 382 sententiam
1693 346 1833 391 iudicis,
1864 349 1902 384 et
1922 347 2016 386 hanc
2046 350 2240 387 secundum
2262 349 2378 394 legum
2400 358 2456 385 or·

1347 389 1496 426 5dinem
1531 389 1657 426 referri
1690 393 1727 427 et
1755 392 1923 429 exerceri.
1975 393 2015 430 Si
2047 397 2167 431 tamen
2203 404 2249 430 ex
2282 393 2458 440 imperiali

1378 434 1538 470 iussione
1580 438 1645 470 aut
1678 435 1839 472 iudiciali
1872 440 2064 484 praecepto
2102 439 2221 485 episco
2249 449 2291 475 us
2323 438 2459 474 iudicat

1378 477 1473 514 inter
1519 488 1738 526 uascumque
1767 490 1958 526 personas,
1988 483 2178 528 appellatio
2270 483 2457 529 imperium

1378 525 1443 560 aut
1464 532 1487 559 a
1534 533 1615 560 eum
1639 525 1700 570 qui
1723 526 1921 562 transmisit
1943 527 2122 572 negotium
2143 528 2330 566 referatur.

229 569 381 613 παραπέ
404 578 529 607 ψαντα
557 580 627 610 την
659 565 842 603 ὑπόθεσιν
874 565 1127 614 ἇναφερέσθω.

229 614 251 648 1
299 613 344 646 Ei
388 613 405 645 ὲ
426 610 583 658 ἔγκλημα
606 611 658 655 εἴη
677 612 721 646 τὸ
742 609 834 647 καθ’
852 611 1063 656 οἱουδήποτσ
1082 613 1160 648 τῶν
1174 625 1309 657 μνημο-
1324 615 1366 648 10
1379 615 1401 649 1
1447 612 1486 648 Si
1511 622 1593 649 vero
1625 613 1760 650 crimen
1794 612 1902 649 fuerit
1937 614 2032 660 quod
2062 615 2233 653 adversus
2264 615 2459 662 quamlibet

228 657 440 691 νευθέντων
463 653 742 711 εὖλαβεοτάτων
761 658 965 703 προςοόπων
982 655 1255 704 ἐπιφερόμενον,
1279 658 1311 692 εἰ
1378 661 1652 694 memoratarum
1675 658 2038 696 reverentissimorum
2094 669 2303 698 ersonarum
2325 661 2456 697 infera-

227 703 296 746 μὲν
311 701 411 747 παρὰ
428 702 618 745 ἐπισκοπῳ
633 713 687 736 τις
701 702 934 750 κατηγορηθῇ
950 705 1010 736 καὶ
1027 700 1134 737 αὐτὸς
1149 702 1218 745 τὴν
1229 699 1311 746 ἆλή-
1378 706 1448 745 tur,
1480 702 1511 738 si
1534 702 1675 748 quidem
1699 702 1794 747 apud
1818 703 2025 750 episcopum
2047 705 2095 740 ai
2119 706 2175 742 uis
2198 708 2391 742 accusatur
2420 708 2458 740 et

229 747 340 780 θειαν
363 743 478 791 εὑρεῖν
502 743 656 793 δυνηθῇ,
681 743 753 782 ἀπὸ
773 748 836 790 τῆς
850 749 956 791 τιμῆς
973 746 1055 790 ἤτοι
1077 748 1142 782 τοῦ
1159 747 1311 792 βαθμοῦ
1377 746 1455 792 ipse
1470 747 1654 784 veritatem
1673 747 1832 783 invenire
1851 749 2020 793 potuerit,
2043 750 2089 786 ab
2133 761 2242 787 onore
2261 753 2325 787 aut
2342 749 2457 795 gradu

229 792 360 825 τοῦτον
376 791 468 825 κατὰ
485 790 567 825 τούς
583 790 893 834 ἐκκλησιαστικοὺς
915 791 1072 827 κανόνας
1096 791 1311 837 ἐκβαλλέτω,
1378 791 1476 827 hunc
1498 792 1694 829 secundum
1718 792 1981 830 ecclesiasticas
2005 794 2147 839 regulas
2169 795 2287 838 eiciat,
2311 798 2348 831 et
2369 799 2457 830 tunc

228 838 289 870 καὶ
309 837 508 879 τηνικαῦτα
529 832 550 869 ό
568 836 765 882 πρόςφορος
789 834 957 879 δικαστὴς
979 837 1110 871 τοῦτον
1134 840 1311 880 συνεχέτω
1325 838 1366 873 15
1379 841 1583 882 competens
1618 837 1725 873 iudex
1760 837 1857 873 hunc
1888 839 2165 883 comprehendat
2197 842 2234 875 et
2263 840 2457 876 secundum

228 883 290 915 και
313 880 405 915 κατὰ
429 880 512 915 τοὺς
535 879 666 936 νόμους
691 881 760 925 τὴν
781 879 883 923 δίκην
904 881 1084 924 ἐξετάζων
1109 885 1218 928 πέρας
1251 878 1312 915 αὗ·
1378 881 1473 926 leges
1496 882 1594 917 litem
1617 881 1822 918 examinans
1844 882 1950 919 finem
1973 885 2144 929 imponat.
2192 883 2230 920 Si
2251 893 2334 923 vero
2358 884 2456 929 prius

228 926 276 972 τῇ
299 925 509 960 ἐπιτιθέτω.
557 938 588 959 ει
612 924 652 959 δὲ
674 925 854 973 πρότερον
886 927 939 969 τῷ
965 925 1138 970 πολιτικῷ
1164 925 1312 972 ἄρχοντι
1379 926 1515 962 civilem
1538 926 1692 962 iudicem
1722 926 1828 963 adeat
1850 930 2041 965 accusator
2070 932 2107 964 et
2132 927 2263 964 crimen
2285 938 2349 973 per
2371 928 2457 973 legi-

230 969 411 1017 προςέλθῃ
442 968 461 1003 ὁ
492 969 687 1016 κατήγορος
717 973 778 1004 καὶ
808 970 850 1005 τὸ
881 969 1037 1017 ἔγκλημα
1069 970 1129 1006 διὰ
1160 975 1312 1027 νομίμου
1377 970 1499 1007 timam
1530 971 1824 1008 examinationem
1852 973 2008 1017 potuerit
2029 973 2241 1019 approbari,
2274 976 2360 1023 tunc
2384 972 2458 1018 epi-

230 1011 426 1055 ἐξετάσεως
449 1012 624 1058 δυνηθείη
643 1012 922 1058 ἀποδειχθῆναι,
946 1017 1031 1050 τότε
1050 1017 1103 1060 τῷ
1121 1017 1310 1060 ἐπισκοπῳ
1378 1025 1489 1061 scopo
1509 1016 1670 1052 locorum
1687 1019 1789 1061 gesta
1806 1021 2114 1054 monumentorum
2138 1018 2257 1063 palam
2275 1017 2396 1057 faciat,
2420 1019 2458 1054 et

229 1060 308 1094 τῶν
337 1058 469 1094 τόπων
500 1059 547 1093 τὰ
572 1056 815 1104 ὑπομνήματα
847 1073 939 1106 φανε
964 1060 1103 1105 ούσθω,
1137 1064 1197 1095 καὶ
1219 1062 1251 1095 εἰ
1273 1062 1312 1102 ἐξ
1325 1062 1366 1095 20
1379 1061 1409 1097 si
1439 1071 1483 1096 ex
1515 1061 1566 1097 eis
1591 1064 1828 1104 cognoscatur
1861 1063 2046 1107 proposita
2076 1063 2223 1100 crimina
2243 1062 2458 1099 commisisse

230 1102 352 1139 αἰτῶν
372 1104 532 1150 γνωσθῇ
554 1104 601 1138 τὰ
626 1105 855 1150 προτεθέντα
879 1106 940 1151 syn
963 1102 1083 1150 ήματα
1108 1105 1310 1150 πλημμελῆ-
1379 1115 1478 1148 eum,
1512 1109 1598 1142 tunc
1628 1106 1706 1151 ipse
1735 1106 1925 1152 episcopus
1960 1108 2056 1144 hunc
2088 1108 2284 1144 secundum
2318 1108 2457 1152 regulas

229 1160 291 1182 σαι
315 1146 440 1187 αὐτόν.
461 1148 547 1183 τότε
571 1146 680 1183 αὐτὸς
703 1147 723 1183 ὁ
748 1151 942 1186 ἐπίσκοπος
962 1151 1093 1185 τοῦτον
1116 1151 1209 1185 κατὰ
1231 1150 1312 1186 τοὺς
1379 1150 1425 1186 ab
1457 1151 1592 1186 honore
1626 1160 1691 1187 seu
1725 1152 1838 1196 gradu
1875 1162 1980 1197 quem
2014 1153 2124 1189 habet
2158 1155 2317 1198 separet,
2351 1151 2459 1188 iudex

228 1193 385 1228 κανόνας
415 1190 490 1228 ἀπὸ
527 1194 590 1237 τῆς
625 1195 729 1248 τιμῆς
764 1193 843 1238 ἤτοι
879 1196 944 1229 τοῦ
979 1196 1130 1250 βαθμοῦ
1165 1193 1212 1231 ὃν
1241 1197 1311 1238 ἔχει

1379 1198 1499 1231 autem
1522 1196 1690 1231 ultionem
1719 1196 1753 1232 ei
1782 1195 1914 1232 inferat
1942 1197 2080 1242 legibus
2110 1201 2372 1243 congruentem.
2420 1196 2459 1232 Si

227 1240 424 1293 χωριζέτω,
455 1235 476 1272 ὁ
501 1235 543 1272 δὲ
568 1236 738 1283 δικαστης
768 1237 949 1294 ἐκδίκησιν
981 1253 1078 1284 αυτῳ
1110 1242 1311 1287 ἐπιφερέτω
1379 1250 1467 1275 vero
1494 1241 1674 1292 putaverit
1705 1241 1894 1287 episcopus
1924 1245 2027 1287 gesta
2057 1253 2129 1279 non
2160 1243 2253 1278 iuste
2283 1241 2457 1284 confecta,

228 1284 352 1327 νόμοις
374 1281 558 1329 αρμόδιον.
605 1284 637 1318 εἰ
664 1281 704 1318 δὲ
730 1288 870 1329 νομίσει
901 1298 921 1319 ο
953 1286 1147 1321 ἐπίσκοπος
1175 1286 1223 1320 τὰ
1247 1299 1310 1322 πε·
1325 1287 1366 1320 25
1380 1288 1465 1321 tunc
1487 1285 1596 1322 hceat
1626 1285 1658 1320 ei
1681 1285 1821 1321 differre
1843 1286 1980 1323 nudare
2002 1288 2138 1324 honore
2169 1297 2233 1323 seu

228 1331 418 1374 πραγμένα
446 1327 496 1373 μὴ
526 1325 675 1364 δικαίως
702 1331 896 1373 συστῆναι,
926 1331 1011 1365 τότε
1040 1330 1181 1372 ἐξέσται
1209 1327 1309 1374 αὐτῷ

229 1370 464 1418 ὑπερθέσθαι
483 1373 527 1408 τὸ
542 1374 732 1420 γυμνῶσαι
753 1375 816 1418 τῆς
832 1375 937 1419 τιμῆς
951 1374 1061 1420 ἤγουν
1076 1376 1141 1410 τοῦ
1157 1376 1310 1420 βαθμοῦ

229 1419 271 1452 τὸ
290 1418 541 1465 κατηγορηθὲν
565 1417 769 1463 πρόςωπον,
793 1416 891 1454 οῧτω
909 1423 1074 1466 μέντοι-γε
1097 1421 1158 1454 ἵνα
1173 1420 1216 1455 τὸ
1237 1433 1310 1454 τοι·

228 1463 551 1516 οὗτονΙπρόςωπον
573 1461 646 1499 ὑπὸ
667 1463 911 1519 τεὴντνομίμην
932 1461 1134 1510 ἀσφάλειαν
1151 1468 1309 1518 γένηται,

2301 1287 2373 1323 adu
2395 1296 2457 1323 ac-

1381 1333 1542 1366 cusatam
1564 1340 1766 1384 personam,
1800 1331 1852 1367 ita
1874 1335 1993 1368 tamen
2015 1336 2056 1369 ut
2078 1332 2243 1368 huiusmo
2271 1332 2280 1341 '
2304 1341 2460 1377 persona

1380 1376 1447 1411 sub
1477 1375 1633 1420 leginma
1662 1376 1804 1412 cautela
1835 1376 1915 1420 fiat,
1951 1379 1989 1414 et
2017 1377 2069 1413 ita
2103 1377 2150 1413 ad
2181 1387 2248 1413 nos
2277 1378 2459 1422 negotium

1379 1423 1453 1455 tam
1483 1421 1529 1456 ab
1559 1421 1729 1466 episcopo
1765 1430 1871 1466 quam
1900 1432 1924 1457 a
1952 1422 2068 1458 iudice
2098 1422 2285 1465 referatur,
2322 1425 2364 1458 ut
2391 1430 2459 1458 nos

1379 1465 1449 1501 hoc
1473 1468 1729 1511 cognoscentes
1751 1475 1845 1512 quae
1867 1465 2031 1503 videntur
2053 1467 2156 1505 nobis
2179 1467 2375 1504 iubeamus.

227 1510 288 1542 καὶ
311 1505 424 1542 οὕτως
447 1508 537 1562 πρός
559 1506 652 1553 ἡμᾶς
674 1522 697 1552 η
722 1509 900 1544 υπόθεσις
928 1511 1035 1544 τοῦτο
1058 1512 1126 1554 μὲν
1149 1508 1221 1546 ὑπο
1243 1511 1308 1544 τοῦ
1322 1511 1365 1545 30

228 1552 427 1588 ἐπισκόπου
458 1565 566 1587 τουτο
590 1551 631 1588 δὲ
652 1556 712 1587 καὶ
737 1551 808 1589 ὑπὸ
833 1555 896 1589 τοῦ
922 1552 1093 1589 δικαστοῦ
1115 1553 1310 1603 α’νενεχθῇ,

229 1598 290 1633 ἵνα
313 1596 411 1642 ἡμεῖς
433 1599 571 1641 ταύτην
593 1598 832 1645 γινώσκοντες
854 1599 901 1634 τὰ
921 1598 1125 1645 φαινόμενα
1147 1597 1235 1645 ἡμῖν
1254 1613 1310 1634 κε-

228 1644 252 1679 2
298 1641 489 1688 λεύσωμεν.
537 1644 584 1677 Εἰ
604 1642 646 1678 δέ
661 1654 715 1678 τις
735 1642 826 1690 ὑπὲρ
844 1645 1061 1690 χρηματικῆς
1081 1646 1196 1680 αἰτίας
1216 1644 1309 1679 κατά

227 1699 326 1723 τινος
346 1689 424 1723 τῶν
445 1688 778 1732 μιᾞμονευθέντων
801 1689 1006 1734 προςώπων
1029 1689 1215 1745 ἐναγωγὴν
1237 1691 1311 1732 ἔχοι

1378 1645 1404 1681 2
1449 1644 1487 1681 Si
1511 1645 1590 1691 quis
1615 1648 1735 1682 autem
1765 1657 1831 1692 pro
1861 1647 2069 1692 pecuniaria
2100 1656 2209 1683 causa
2239 1649 2364 1683 contra
2393 1646 2457 1682 ali·

1380 1699 1486 1735 quam
1520 1695 1794 1726 memoratarum
1829 1692 1986 1727 omnium
2019 1701 2252 1737 personarum
2283 1691 2459 1728 actionem

228 1731 329 1776 τινά,
359 1735 419 1766 καὶ
442 1729 463 1766 ὁ
488 1734 681 1768 ἐπίσκοπος
704 1730 1069 1788 ὑπέρθηται”μεταξὺ
1101 1737 1226 1769 αυτῶν
1258 1733 1309 1769 δι·
1324 1736 1365 1770 35
1380 1735 1544 1771 habuerit
1573 1735 1747 1780 aliquam,
1779 1738 1816 1772 et
1846 1736 2037 1781 episcopus
2068 1737 2246 1772 distulerit
2272 1736 2367 1772 inter
2395 1745 2458 1772 eos

228 1774 357 1820 κάσαι,
381 1775 509 1812 ἄδειαν
532 1775 552 1811 ὁ
577 1778 720 1824 ἐνάγων
743 1780 853 1821 ἐχέτω
877 1792 929 1822 τῳ
955 1778 1130 1822 πολιτικῷ
1162 1778 1311 1826 ἄρχοντι

229 1825 426 1867 προςιέναι,
457 1819 554 1857 οὕτω
575 1826 740 1869 μέντοιγε
771 1824 832 1858 ἵνα
854 1823 899 1858 τὸ
923 1824 1094 1858 αἰτιαθὲν
1117 1822 1311 1871 πρόςωπον

227 1864 355 1911 μηδενὶ
384 1866 512 1912 τρόπῳ
542 1864 789 1914 ἀναγκάζηται
819 1869 995 1916 ἐγγυητὴν
1024 1867 1185 1913 διδόναι,
1217 1866 1310 1904 ἀλλὰ

1378 1779 1550 1824 iudicare,
1569 1781 1748 1816 licentiam
1763 1781 1895 1816 habeat
1910 1785 2012 1817 actor
2027 1781 2164 1817 civilem
2179 1781 2332 1817 iudicem
2347 1780 2456 1822 adire,

1378 1824 1431 1860 ita
1453 1827 1573 1860 tamen
1602 1829 1643 1861 ut
1666 1829 1836 1861 accusata
1865 1835 2020 1871 persona
2051 1826 2148 1861 nullo
2176 1826 2281 1862 modo
2310 1829 2458 1870 cogatur

1378 1869 1623 1906 fideiussorem
1654 1870 1757 1914 dare,
1793 1871 1856 1906 sed
1880 1871 1990 1907 solam
2028 1871 2227 1906 cautionem
2257 1871 2334 1907 sine
2363 1871 2456 1907 iure-

229 1955 274 1992 Si
294 1966 378 1992 vero
401 1957 578 1992 sententia
597 1957 781 2004 praesidis
803 1959 991 1993 contraria
1013 1958 1061 1993 sit
1091 1958 1138 1993 iis
1160 1969 1255 2004 quae
1276 1970 1300 1994 a
1323 1958 1390 1994 deo
1415 1959 1601 1994 carissimo
1625 1959 1798 2005 episcopo
1828 1958 1993 1994 iudicata
2015 1962 2111 2003 sunt,
2149 1962 2233 1994 tunc
2256 1958 2456 2006 appellatio

227 2005 357 2037 contra
390 2001 604 2037 sententiam
617 2001 819 2080 lpraesidis
853 2002 971 2037 locum
1006 2001 1155 2044 habeat,
1199 2013 1314 2048 eaque
1346 2003 1541 2039 secundum
1578 2003 1696 2049 lequm
1734 2003 1896 2039 ordinem
1931 2003 2118 2048 referatur
2157 2008 2193 2039 et
2230 2008 2452 2041 exerceatur.

629 2058 641 2082 ι

227 2045 367 2089 Quodsi
388 2056 439 2082 ex
460 2045 614 2092 imperia

664 2046 765 2081 iussu
789 2046 846 2082 vel
862 2045 1027 2082 iudiciali
1040 2051 1242 2093 praecepto
1267 2048 1458 2094 episcopus
1481 2049 1575 2083 inter
1590 2048 1868 2093 qualescumque
1888 2057 2067 2093 personas
2091 2048 2234 2091 iudicet,
2257 2048 2456 2096 appellatio

228 2093 252 2128 1
297 2090 348 2126 ad
367 2090 621 2136 imperatorem
651 2090 708 2127 vel
736 2091 787 2126 ad
815 2101 895 2127 eum
926 2090 990 2136 qui
1020 2101 1167 2126 causam
1200 2092 1400 2128 transmisit
1428 2093 1627 2138 referatur.

1742 2092 1784 2127 Si
1808 2103 1892 2128 vero
1922 2092 2056 2128 crimen
2085 2093 2134 2128 sit
2164 2093 2264 2139 quod
2285 2093 2458 2130 adversus

228 2135 523 2182 qualemcumque
544 2146 595 2171 ex
617 2136 823 2171 memoratis
845 2135 1126 2181 reliqiosissimis
1140 2137 1314 2182 personis
1336 2136 1538 2182 deferatur,
1567 2138 1601 2172 si
1624 2136 1767 2183 quidem
1798 2148 1822 2172 a
1849 2136 1900 2172 ud
1921 2137 2129 2184 episcopum
2160 2139 2242 2184 quis
2270 2143 2458 2175 accusetur

228 2185 264 2217 et
285 2181 364 2227 ipse
386 2181 570 2216 veritatem
593 2180 753 2217 invenire
769 2181 909 2227 possit,
940 2179 985 2215 de
1004 2180 1144 2217 honore
1166 2181 1223 2217 vel
1243 2181 1363 2227 qradu
1386 2192 1466 2218 eum
1489 2182 1684 2218 seeundum
1715 2193 1805 2228 requ
1821 2193 1862 2217 as
1885 2182 2147 2218 ecclesiasticas
2168 2182 2318 2227 deiciat,
2349 2188 2458 2230 atque

229 2229 313 2262 tunc
327 2224 441 2260 iudex
456 2228 661 2271 competens
683 2235 763 2261 eum
779 2224 1062 2271 comprehendat
1078 2230 1114 2262 et
1127 2227 1323 2262 secundum
1340 2226 1437 2273 leqes
1452 2236 1599 2263 causam
1622 2227 1839 2263 examinans
1853 2227 1966 2262 eidem
1977 2227 2087 2272 finem
2103 2228 2274 2275 imponat.
2320 2227 2461 2272 Quodsi

226 2271 333 2317 prius
355 2269 491 2306 civilem
517 2269 721 2316 praesidem
744 2273 936 2306 accusator
959 2269 1067 2306 adeat
1096 2274 1132 2307 et
1154 2271 1289 2308 cm‘men
1311 2282 1385 2317 per
1408 2271 1602 2318 leqitimam
1632 2272 1899 2318 inquisitionem
1922 2271 2080 2318 probari
2104 2274 2242 2319 possit,
2276 2277 2361 2309 tunc
2382 2273 2456 2320 epi-

226 2326 337 2361 scopo
361 2315 521 2350 locorum
551 2319 635 2351 acta
665 2315 862 2361 manifesta
881 2316 995 2360 fiant,
1027 2318 1063 2351 et
1084 2316 1117 2351 si
1140 2326 1189 2352 ea:
1212 2316 1258 2352 iis
1281 2322 1500 2363 compertum
1522 2318 1571 2353 sit
1585 2318 1784 2364 proposita
1809 2316 1910 2352 illum
1934 2316 2086 2352 crimina
2109 2318 2336 2360 commisisse,
2373 2323 2458 2355 tunc

228 2361 306 2442 {pse
335 2361 528 2407 episcopus
558 2370 639 2395 eum
667 2359 864 2396 secundum
894 2370 1052 2396 canones
1083 2362 1222 2398 nonore
1252 2362 1309 2398 vel
1338 2360 1458 2408 qradu
1489 2372 1594 2408 quem
1622 2361 1729 2398 habet
1756 2362 1892 2408 privet,
1924 2361 2038 2398 iudex
2067 2366 2185 2398 autem
2209 2363 2402 2399 vindictam
2424 2363 2458 2400 ei

242 2417 261 2442 e

261 2405 367 2452 qibus
390 2415 589 2450 conqruam
613 2405 762 2450 inferat.
809 2404 852 2441 Si
874 2416 958 2442 vero

228 2461 308 2486 cere
330 2450 524 2502 quominus
539 2460 739 2495 personam
762 2455 968 2486 accusatam

1028 2405 1174 2452 iscopus
1196 2409 1279 2442 acta
1302 2417 1377 2442 non
1399 2407 1494 2442 iuste
1516 2407 1686 2453 confecta
1701 2407 1899 2454 putaverit,
1930 2411 2015 2442 tunc
2037 2406 2158 2443 licebit
2180 2408 2213 2444 ei
2236 2418 2374 2444 moram
2394 2409 2457 2455 fa·

1019 2461 1131 2487 onore
1154 2451 1211 2487 vel
1230 2451 1351 2497 qradu
1371 2451 1503 2498 privet,
1525 2452 1578 2488 ita
1603 2456 1720 2488 tamen
1743 2456 1784 2488 ut
1808 2452 1892 2488 talis

1940 2462 2072 2487 ersona
2095 2451 2274 2498 leqitimae
2295 2453 2458 2490 cautelae

227 2494 437 2537 subiciatur,
467 2493 590 2540 itaque
620 2505 732 2530 causa
762 2494 813 2530 ad
842 2505 910 2531 nos
939 2505 1020 2531 cum
1048 2495 1093 2531 ab
1116 2497 1287 2548 episcopo
1319 2500 1392 2532 tum
1422 2507 1508 2533 vero
1532 2497 1640 2533 etiam
1670 2508 1694 2532 a
1723 2497 1840 2533 iudice
1863 2507 1903 2532 re
1924 2500 2061 2539 eratur,
2091 2503 2133 2533 ut
2155 2508 2223 2533 nos
2244 2508 2288 2534 ea
2311 2499 2457 2545 coqnita

227 2541 252 2576 2
298 2551 392 2586 quae
414 2538 519 2575 nobis
541 2539 732 2576 videantur
754 2539 948 2576 iubeamus.

1062 2539 1105 2576 Si
1128 2551 1210 2587 quis
1233 2545 1353 2577 autem
1382 2541 1427 2579 de
1447 2542 1662 2594 pecuniaria
1694 2553 1806 2578 causa
1834 2545 1964 2577 contra
1987 2541 2149 2588 aliquam
2178 2553 2229 2579 ea:
2251 2545 2458 2579 memoratis

220 2585 394 2636 personis
418 2584 595 2620 actionem
618 2584 779 2630 aliquam
802 2583 944 2628 habeat,
967 2589 1004 2622 et
1025 2586 1219 2633 episcopus
1241 2586 1335 2622 inter
1357 2597 1421 2623 eos
1443 2586 1605 2639 iudicare
1628 2586 1787 2632 differat,
1817 2586 1924 2622 liceat
1947 2586 2064 2622 actori
2093 2587 2231 2623 civilem
2248 2588 2456 2641 praesidem

228 2629 342 2673 adire,
365 2633 417 2665 ita
442 2633 560 2665 tamen
582 2633 625 2665 ut
639 2639 805 2676 persona
828 2635 1002 2666 accusata
1026 2631 1127 2667 nullo
1145 2630 1253 2666 modo
1277 2635 1432 2678 coqatur
1450 2631 1700 2677 fideiussorem
1716 2631 1815 2674 dare,
1837 2630 1903 2667 sed
1917 2631 2161 2668 tantummodo
2178 2643 2457 2679 pronusstonem

286 2721 303 2756 1
328 2718 520 2762 κινηθέντι
536 2719 565 2752 S
586 2718 778 2761 νικηθέντι
795 2719 970 2754 Nomoc.L
984 2722 1029 2754 tit.
1060 2719 1223 2755 παθέντι
1236 2721 1309 2762 (sic)

228 2766 389 2800 Nomocar·
404 2766 461 2806 8,4
487 2765 500 2808 ΙΙ
521 2764 600 2806 τοῦ]
629 2762 728 2809 παρὰ
752 2764 818 2798 τοῦ
844 2764 873 2798 S
895 2764 908 2808 ΙΙ
934 2766 954 2799 2
977 2767 1052 2800 τοῖς
1070 2763 1308 2810 θεοφιλεστά-

227 2819 301 2844 τοις
323 2805 532 2843 ἐπισκόποις
543 2809 703 2843 Νοηιοο.”ι
719 2811 750 2850 9,
763 2817 794 2843 1¹1
813 2809 826 2852 ΙΙ
844 2811 863 2843 5
886 2821 928 2843 τε
947 2810 992 2844 Μ
996 2811 1025 2844 S
1032 2810 1224 2852 Nomos-dm]
1250 2823 1307 2844 om.

228 2856 313 2889 LB⁶
349 2855 471 2888 Sunus
497 2854 510 2896 ΙΙ
539 2855 560 2888 6
582 2855 708 2898 μέντοι
732 2855 761 2887 S
794 2851 834 2888 δὲ
857 2855 889 2888 L
917 2854 930 2898 ΙΙ
957 2850 981 2897 ἢ
1004 2851 1215 2900 ἀρχοντικῆς
1238 2855 1268 2889 S
1298 2855 1310 2899 ΙΙ

228 2879 392 2944 πράξεως
402 2899 455 2932 B⁶
469 2898 482 2942 ΙΙ
502 2901 519 2932 7
537 2902 640 2945 κρίνῃ
661 2899 736 2932 ΜΒ
744 2900 847 2942 (Ιαί.)]
872 2902 984 2944 κρίνει
1001 2901 1089 2937 1281,-
1111 2902 1228 2945 κρίνοι
1240 2900 1309 2934 Νο-

228 2949 346 2987 moc.⁷'⁸,
359 2944 389 2978 S
400 2956 482 2977 unus
498 2943 511 2987 ΙΙ
533 2943 681 2986 μεταξὺ]
696 2941 741 2977 τὰ
756 2943 891 2988 μεταξὺ
907 2945 935 2978 S
950 2945 963 2989 ΙΙ
979 2942 1192 2988 οἱουδήποτε
1207 2955 1310 2990 προς-

230 2986 332 3024 ώπου
345 2988 375 3022 S
389 2988 402 3033 Η
419 2989 439 3023 8
453 2986 618 3035 ἔγκλητος
629 2990 674 3022 Μ
685 2988 697 3029 ΙΙ
714 2991 735 3023 9
748 2987 817 3032 τὴν
830 3002 889 3023 om.
899 2989 995 3025 Sv-I.
1011 2992 1023 3034 ΙΙ
1045 2993 1085 3025 10
1098 2987 1310 3033 οἱουὸήποτι

230 3036 265 3068 Β
274 3035 435 3069 Nomoc.'¹¹
445 3046 465 3070 ς
475 3034 554 3075 Iul]
580 3030 793 3077 οἷονὸἡποτε
807 3035 911 3068 MLS
921 3037 1007 3079 vuly.
1027 3035 1040 3074 11
1058 3036 1099 3070 12
1111 3033 1310 3070 ἐπισκόπου

230 3080 298 3113 Sv.
313 3082 333 3113 1.
350 3078 364 3123 ΙΙ
379 3089 434 3112 τις
449 3079 661 3120 LBScIuL]
684 3079 792 3113 τοῦτο
805 3080 850 3112 Μ
862 3079 874 3123 ΙΙ
899 3080 1163 3126 κατηγορηθείη
1180 3081 1207 3114 S
1223 3080 1236 3124 ΙΙ
1253 3071 1310 3113 οὗ·

228 3134 287 3157 τος
311 3125 339 3158 S
356 3127 369 3166 ΙΙ
387 3125 426 3158 13
451 3120 627 3166 δυνηθείη
650 3124 678 3156 S
694 3123 707 3168 ΙΙ
726 3126 767 3158 14
790 3124 898 3158 τοῦτο
916 3125 963 3158 Μ
971 3126 983 3167 ΙΙ
1010 3127 1051 3159 16
1070 3122 1153 3159 τοὺς
1168 3124 1309 3170 νόμους]

228 3169 356 3212 νόμους
378 3166 506 3212 (νόμον
521 3169 683 3202 Νοηιοε.”ι
695 3170 726 3208 8,
741 3170 770 3211 4)
794 3169 830 3202 Β
849 3168 861 3213 ΙΙ
884 3167 1066 3212 ἐξετάζων
1090 3172 1119 3204 S
1125 3182 1145 3207 ς
1154 3171 1231 3212 Iul-1
1255 3169 1310 3211 ἐξ·

229 3215 386 3255 εταζέτω
403 3216 462 3246 καὶ
481 3214 592 3247 MLB
607 3214 619 3257 ΙΙ
638 3209 747 3257 αὐτῆς
764 3215 826 3256 B‘,
839 3226 897 3247 om.
911 3226 930 3250 ς
947 3214 960 3258 ΙΙ
979 3218 1018 3249 17
1037 3211 1088 3256 δὲ]
1112 3215 1200 3249 enim
1215 3216 1279 3250 Iul.
1299 3215 1311 3259 ss

231 3259 272 3291 18
296 3256 475 3304 προςέλθῃ
493 3258 580 3300 ΜΒ,
596 3259 625 3292 S
632 3260 792 3302 plerique]
817 3257 1010 3303 προςέλθοι
1031 3261 1061 3294 L
1075 3260 1265 3304 Nomocfim,
1282 3261 1311 3295 S

229 3316 259 3335 υ.
273 3306 292 3336 l.
318 3304 330 3345 ΙΙ
359 3305 399 3337 19
423 3300 566 3349 δυνηθῇ
591 3303 820 3338 BNomoc.‘¹m
842 3303 854 3347 ΙΙ
882 3299 1073 3345 ἀποδεῖξαι
1097 3304 1276 3339 Nemee-‘²¹¹⁸

230 3346 325 3388 τότε]
349 3347 549 3388 τηνικαῦτα
573 3349 602 3381 S
612 3361 641 3382 v.
654 3351 673 3382 1.
693 3347 706 3392 fl
723 3349 762 3382 21
785 3348 974 3395 γνωσθείη
992 3350 1021 3383 S
1040 3348 1236 3395 γνωρισθῆ
1251 3351 1283 3384 L

230 3391 475 3434 προςτεθέντα
499 3393 659 3427 Νοπιοσ.”·
675 3395 751 3433 9,17
775 3393 787 3437 ΙΙ
815 3395 857 3428 22
882 3389 990 3427 αὐτὸς
1005 3390 1040 3436 ὁ]
1064 3391 1084 3428 ὁ
1108 3390 1219 3428 αὐτοῦ
1244 3396 1275 3429 L

232 3437 273 3468 23
297 3432 353 3476 ὃν]
376 3427 419 3470 οὗ
445 3438 472 3469 S
491 3436 505 3480 ΙΙ
529 3437 572 3471 24
594 3438 790 3482 χωριζέτω]
814 3437 946 3472 τοῦτον
961 3440 1144 3484 χωριζέτω
1161 3439 1242 3484 B‘fl
1267 3441 1308 3474 25

232 3476 408 3522 ἁρμοδίαν
426 3481 557 3514 Nomoc.
568 3483 598 3514 L
614 3485 656 3515 tit.
674 3482 687 3526 ΙΙ
704 3486 842 3526 νομίσει
860 3485 1002 3527 (νομίση
1026 3487 1120 3523 unus)
1144 3485 1185 3526 S]
1208 3487 1307 3528 νομί·

232 3533 288 3555 σοι
313 3525 422 3576 μιΒ
448 3526 460 3567 l
484 3527 527 3559 26
552 3525 685 3566 ἐξέστω
709 3519 1030 3564 emmeant-tut.
1056 3527 1069 3573 ιι
1094 3530 1135 3563 27
1161 3528 1218 3571 τὸ]
1243 3530 1310 3563 τοῦ

233 3568 261 3599 S
267 3567 287 3619 ,ΙΙ
305 3580 413 3613 ηγουν
428 3569 491 3602 τοῦ
508 3570 658 3613 βαθμοῦ
677 3585 735 3605 om.
749 3573 778 3606 S
792 3572 804 3615 ΙΙ
824 3573 866 3606 29
882 3576 1038 3616 νομίμην
1054 3575 1124 3608 ML
1135 3574 1308 3616 Nomocffl]

232 3622 387 3654 νομιμσν
411 3614 490 3646 SB⁶
507 3615 519 3657 ΙΙ
544 3616 583 3648 31
605 3618 664 3648 καὶ
685 3629 744 3650 om.
761 3617 794 3650 Β
811 3618 822 3656 ΙΙ
840 3612 1052 3660 ἂνενεχθείη
1068 3620 1097 3653 S
1110 3620 1124 3662 ΙΙ
1150 3620 1193 3654 32
1209 3616 1309 3663 ἡμεῖς

233 3655 391 3689 Nemeam
405 3659 436 3698 8,
451 3666 464 3690 ι
488 3658 502 3701 u
523 3657 734 3702 κελεύσομεν
757 3661 789 3694 L
804 3661 962 3695 Nomos-'⁷¹
986 3662 999 3705 ΙΙ
1024 3665 1067 3698 34
1090 3662 1306 3708 προςώπων]

1377 2720 1524 2754 omnium
1541 2731 1757 2765 personarum
1773 2734 1793 2759 ς
1810 2721 1824 2767 ΙΙ
1839 2717 1986 2768 ἀγωγὴν
1999 2722 2029 2756 S
2044 2721 2057 2766 Ι]
2072 2723 2143 2764 ἔχει
2159 2722 2332 2757 LNomoc.
2342 2723 2375 2758 L
2387 2725 2459 2768 tit-ss

1377 2766 1420 2800 36
1441 2764 1640 2800 πολιτικῶν
1665 2767 1694 2800 S
1705 2779 1736 2800 υ.
1754 2768 1775 2801 l.
1811 2767 1973 2802 ποντικῶ
1994 2767 2156 2802 Nomoc.''¹
2183 2766 2196 2809 Ι
2224 2769 2266 2802 37
2291 2763 2390 2802 οὕτω
2411 2787 2458 2795 -

1379 2811 1455 2853 611,
1465 2819 1481 2845 5
1497 2810 1692 2856 πρόςωπον
1708 2825 1766 2846 om.
1779 2812 1832 2846 B!

1446 2902 1466 2934 2
1491 2901 1691 2934 contrariam
1715 2900 1796 2944 Rssss
1819 2911 1839 2934 a
1862 2914 1920 2935 om.
1946 2902 1979 2936 V
1995 2901 2007 2945 ΙΙ
2034 2903 2054 2935 3
2078 2902 2237 2943 iudicata]
2262 2903 2343 2935 tunc
2367 2903 2455 2936 iudi-

1376 2946 1451 2978 cata
1475 2945 1524 2979 R¹
1547 2946 1559 2990 ΙΙ
1581 2944 1703 2979 habere
1725 2945 1950 2989 appellatione
1970 2947 2005 2981 V
2028 2946 2285 2990 appellationem
2308 2947 2456 2990 accipere

1376 2990 1445 3029 (uel
1470 2990 1591 3024 habere
1613 3003 1640 3025 e.
1653 3003 1683 3025 υ.
1699 2991 1764 3032 T²J
1791 2991 1823 3024 T
1841 2991 1853 3035 ΙΙ
1879 2993 1899 3026 8
1923 2991 1965 3024 ad
1989 3003 2045 3026 οηι.
2061 2992 2095 3025 Τ
2114 2991 2128 3036 ΙΙ
2149 2992 2312 3026 referatur
2334 2994 2456 3034 (trans-

1376 3035 1504 3068 feratur
1526 3037 1584 3078 V),
1614 3037 1648 3069 et
1671 3035 1804 3078 qnando
1833 3036 1913 3069 licet
1935 3036 2114 3080 episcopali
2136 3036 2299 3080 appellari
2322 3039 2456 3071 senten—

1376 3080 1442 3113 tiae
1465 3081 1499 3114 R
1514 3081 1589 3122 VT,
1620 3082 1828 3115 adnotatione
1852 3081 1934 3115 male
1957 3082 1991 3116 in
2017 3089 2131 3116 tes-eum
2154 3089 2285 3126 recepta
2311 3081 2324 3134 Ι]
2355 3084 2397 3116 10
2419 3082 2458 3116 Si

1377 3128 1464 3167 vero]
1490 3125 1547 3159 Si·
1573 3125 1653 3170 13¹1!
1680 3127 1718 3161 11
1743 3130 1983 3160 remoraturum
2007 3126 2087 3170 T²11
2110 3127 2456 3161 reuerentissimarum

1376 3181 1432 3203 om.
1456 3172 1508 3204 Τι
1534 3170 1548 3212 ΙΙ
1576 3172 1618 3205 12
1641 3174 1815 3205 accusetur
1839 3173 1889 3206 ed.
1908 3184 1962 3215 pr.
1989 3171 2002 3215 ΙΙ
2032 3173 2073 3206 13
2097 3171 2150 3213 ab]
2174 3171 2211 3205 id
2234 3171 2282 3205 R*
2311 3172 2324 3215 fl
2351 3173 2455 3206 hono-

1375 3226 1445 3248 rem
1469 3216 1520 3248 Ιία
1538 3216 1551 3260 ΙΙ
1577 3217 1616 3250 15
1643 3216 1937 3259 compraeendatur
1963 3216 2010 3250 Β*
2026 3216 2040 3260 fl
2056 3218 2088 3249 et
2112 3227 2168 3250 om.
2185 3217 2232 3250 Τί
2252 3216 2264 3260 ΙΙ
2289 3217 2330 3252 16
2349 3216 2455 3259 legem

1384 3261 1415 3293 V
1434 3260 1447 3303 ΙΙ
1477 3262 1515 3295 18
1538 3260 1722 3304 approbare
1749 3261 1796 3295 Β*
1830 3261 1990 3305 aprobare
2015 3261 2047 3295 T
2068 3260 2081 3305 ΙΙ
2111 3262 2159 3295 20·
2178 3271 2218 3294 ex
2241 3261 2294 3294 his
2317 3272 2455 3304 cognos-

1376 3307 1471 3338 catur
1492 3306 1541 3339 V²
1560 3308 1593 3340 in
1615 3318 1681 3340 ras.
1706 3306 1719 3349 ΙΙ
1742 3308 1941 3348 agnoscatur
1964 3306 2095 3350 Rvulq.
2117 3307 2130 3349 fl
2158 3307 2199 3341 21
2225 3307 2315 3340 huno
2338 3316 2453 3339 secun-

1376 3350 1466 3390 dum]
1490 3361 1549 3393 per
1572 3351 1621 3385 ΤΙ
1639 3351 1652 3394 ΙΙ
1670 3351 1713 3385 22
1733 3351 1776 3384 ab
1791 3351 1928 3392 honore]
1951 3351 1993 3384 ad
2011 3352 2170 3384 honorem
2187 3351 2238 3387 R¹
2255 3350 2381 3396 Equam
2401 3349 2455 3393 VH

1375 3395 1523 3437 separari
1539 3395 1589 3429 T²
1610 3405 1739 3438 semper
1752 3396 1786 3430 Τ
1793 3395 1804 3417 ¹
1821 3395 1834 3440 ΙΙ
1859 3397 1900 3430 23
1922 3396 1953 3428 ei
1973 3395 2136 3429 ultionem
2160 3395 2216 3439 ΤΙ
2240 3397 2284 3430 24
2330 3394 2338 3402 “
2380 3396 2453 3427 uta-

1376 3439 1463 3472 uerit
1486 3441 1599 3483 RVT,
1623 3441 1805 3485 corr-cuiq.
1825 3440 1838 3485 ss
1861 3442 1904 3475 25
1929 3442 1960 3474 ei
1984 3452 2040 3475 om.
2055 3441 2088 3475 T
2095 3440 2107 3462 ¹
2152 3439 2270 3473 diffen
2295 3438 2346 3472 Β*
2393 3439 2450 3471 ho-

1375 3494 1473 3517 nores
1494 3485 1542 3517 13¹
1568 3486 1580 3527 11
1605 3486 1647 3520 29
1670 3485 1734 3519 hoo
1757 3497 1814 3519 om.
1829 3485 1928 3529 RTn
1952 3485 2086 3528 quando
2147 3483 2186 3529 Ἰ
2209 3482 2348 3516 iubeant
2370 3484 2418 3516 R¹
2442 3483 2454 3528 Η

1375 3531 1419 3564 33
1436 3529 1629 3571 peccuniria
1653 3531 1686 3564 T
1713 3530 1874 3574 peccunia
1894 3531 1926 3564 R
1950 3530 1963 3574 ΙΙ
1987 3532 2104 3563 contra
2125 3539 2182 3562 om.
2195 3527 2245 3561 1³¹
2267 3527 2281 3571 Ι
2306 3527 2452 3570 aliquem

1377 3574 1432 3618 ΤΙΙ
1451 3576 1494 3608 34
1513 3575 1662 3608 omnium
1686 3586 1743 3609 om.
1758 3576 1801 3618 R,
1825 3585 2039 3617 personarum
2062 3585 2119 3607 om.
2133 3572 2180 3605 R·
2228 3572 2269 3606 35
2286 3573 2377 3605 intra
2392 3574 2426 3606 R.
2440 3574 2452 3618 ΙΙ

1374 3619 1536 3696 eastyuly.
1552 3619 1584 3697 ll!t
1601 3621 1644 3654 36
1667 3621 1784 3654 auctor
1808 3619 1872 3665 Tu
1898 3621 1940 3654 37
1965 3619 2116 3653 munia
2139 3618 2177 3650 ut
2230 3620 2248 3638 ⁰
2274 3617 2287 3661 ΙΙ
2315 3619 2357 3652 38
2381 3618 2451 3652 sola

1373 3674 1435 3697 cau
1451 3674 1527 3697 ione
1987 3687 1989 3689 -
