<?xml version="1.0" encoding="UTF-8"?>
<!DOCTYPE html PUBLIC "-//W3C//DTD XHTML 1.0 Transitional//EN"
    "http://www.w3.org/TR/xhtml1/DTD/xhtml1-transitional.dtd">
<html xmlns="http://www.w3.org/1999/xhtml" xml:lang="en" lang="en">
 <head>
  <title>
</title>
<meta http-equiv="Content-Type" content="text/html;charset=utf-8" />
  <meta name='ocr-system' content='tesseract 3.04.00' />
  <meta name='ocr-capabilities' content='ocr_page ocr_carea ocr_par ocr_line ocrx_word'/>
</head>
<body>
  <div class='ocr_page' id='page_1' title='image "./corpusiuriscivil03krueuoft_0804.png"; bbox 0 0 2580 4022; ppageno 0'>
   <div class='ocr_carea' id='block_1_1' title="bbox 235 151 2447 215">
    <p class='ocr_par' dir='ltr' id='par_1_1' title="bbox 235 151 2447 215">
     <span class='ocr_line' id='line_1_1' title="bbox 235 151 2447 215; baseline -0.003 0"><span class='ocrx_word' id='word_1_1' title='bbox 235 173 312 215; x_wconf 86' lang='lat' dir='ltr'><strong><em>Ed.</em></strong></span> <span class='ocrx_word' id='word_1_2' title='bbox 333 174 394 215; x_wconf 91' lang='lat' dir='ltr'><strong><em>IX</em></strong></span> <span class='ocrx_word' id='word_1_3' title='bbox 423 174 531 212; x_wconf 85' lang='lat'><strong><em>2-5</em></strong></span> <span class='ocrx_word' id='word_1_4' title='bbox 1298 161 1385 208; x_wconf 80' lang='lat'><strong><em>774</em></strong></span> <span class='ocrx_word' id='word_1_5' title='bbox 1979 179 2038 208; x_wconf 79' lang='lat' dir='ltr'><strong><em>DE</em></strong></span> <span class='ocrx_word' id='word_1_6' title='bbox 2067 151 2447 211; x_wconf 60' lang='lat' dir='ltr'><strong><em>ARGENTAmoRnu</em></strong></span> 
     </span>
    </p>
   </div>
   <div class='ocr_carea' id='block_1_2' title="bbox 233 272 2494 500">
    <p class='ocr_par' dir='ltr' id='par_1_2' title="bbox 233 272 2494 500">
     <span class='ocr_line' id='line_1_2' title="bbox 235 272 2449 324; baseline -0.002 -9"><span class='ocrx_word' id='word_1_7' title='bbox 235 279 426 324; x_wconf 83' lang='grc' dir='ltr'><strong><em>εἰςκομιδῆς</em></strong></span> <span class='ocrx_word' id='word_1_8' title='bbox 457 276 479 322; x_wconf 78' lang='grc' dir='ltr'>ἤ</span> <span class='ocrx_word' id='word_1_9' title='bbox 508 292 547 312; x_wconf 91' lang='grc' dir='ltr'><strong><em>τε</em></strong></span> <span class='ocrx_word' id='word_1_10' title='bbox 577 278 639 320; x_wconf 76' lang='grc' dir='ltr'><strong><em>τῆς</em></strong></span> <span class='ocrx_word' id='word_1_11' title='bbox 666 275 829 319; x_wconf 75' lang='grc' dir='ltr'><em>δαπάνης</em></span> <span class='ocrx_word' id='word_1_12' title='bbox 859 277 937 310; x_wconf 83' lang='grc' dir='ltr'><strong><em>τῶν</em></strong></span> <span class='ocrx_word' id='word_1_13' title='bbox 967 273 1190 322; x_wconf 79' lang='grc' dir='ltr'><em>γραμμάτων</em></span> <span class='ocrx_word' id='word_1_14' title='bbox 1221 277 1352 315; x_wconf 78' lang='grc' dir='ltr'><strong><em>πίστις,</em></strong></span> <span class='ocrx_word' id='word_1_15' title='bbox 1383 272 1533 309; x_wconf 86' lang='grc' dir='ltr'><strong><em>πάντως</em></strong></span> <span class='ocrx_word' id='word_1_16' title='bbox 1564 274 1734 321; x_wconf 84' lang='grc' dir='ltr'><strong><em>ἑκάτερον</em></strong></span> <span class='ocrx_word' id='word_1_17' title='bbox 1763 276 1855 310; x_wconf 84' lang='grc' dir='ltr'><strong><em>εἶναι</em></strong></span> <span class='ocrx_word' id='word_1_18' title='bbox 1886 276 2030 319; x_wconf 88' lang='grc' dir='ltr'><strong><em>πιστόν,</em></strong></span> <span class='ocrx_word' id='word_1_19' title='bbox 2063 280 2122 310; x_wconf 85' lang='grc' dir='ltr'><strong><em>καὶ</em></strong></span> <span class='ocrx_word' id='word_1_20' title='bbox 2145 274 2257 320; x_wconf 85' lang='grc' dir='ltr'><strong><em>μὴτὸ</em></strong></span> <span class='ocrx_word' id='word_1_21' title='bbox 2281 279 2348 318; x_wconf 74' lang='grc' dir='ltr'><strong><em>μὲν</em></strong></span> <span class='ocrx_word' id='word_1_22' title='bbox 2369 272 2449 311; x_wconf 83' lang='grc' dir='ltr'><strong><em>κατ’</em></strong></span> 
     </span>
     <span class='ocr_line' id='line_1_3' title="bbox 237 317 2448 378; baseline -0.002 -19"><span class='ocrx_word' id='word_1_23' title='bbox 237 324 357 359; x_wconf 76' lang='grc' dir='ltr'><strong><em>αὐτῶν</em></strong></span> <span class='ocrx_word' id='word_1_24' title='bbox 390 326 544 378; x_wconf 63' lang='grc' dir='ltr'><strong><em>κρατεῖν,</em></strong></span> <span class='ocrx_word' id='word_1_25' title='bbox 575 322 618 357; x_wconf 85' lang='grc' dir='ltr'><strong><em>τὸ</em></strong></span> <span class='ocrx_word' id='word_1_26' title='bbox 650 320 690 355; x_wconf 79' lang='grc' dir='ltr'><strong><em>δὲ</em></strong></span> <span class='ocrx_word' id='word_1_27' title='bbox 719 318 811 366; x_wconf 80' lang='grc' dir='ltr'><strong><em>ὑπὲρ</em></strong></span> <span class='ocrx_word' id='word_1_28' title='bbox 841 317 965 354; x_wconf 76' lang='grc' dir='ltr'><strong><em>αὐτῶν</em></strong></span> <span class='ocrx_word' id='word_1_29' title='bbox 997 319 1128 371; x_wconf 50' lang='grc' dir='ltr'><strong><em>ἅκτιρζν</em></strong></span> <span class='ocrx_word' id='word_1_30' title='bbox 1159 318 1262 360; x_wconf 83' lang='grc' dir='ltr'><strong><em>εἶναι,</em></strong></span> <span class='ocrx_word' id='word_1_31' title='bbox 1286 317 1378 352; x_wconf 83' lang='grc' dir='ltr'><strong><em>ἀλλὰ</em></strong></span> <span class='ocrx_word' id='word_1_32' title='bbox 1404 317 1658 364; x_wconf 83' lang='grc' dir='ltr'><strong><em>ἀπαιτεῖσθαι,</em></strong></span> <span class='ocrx_word' id='word_1_33' title='bbox 1681 317 1750 355; x_wconf 76' lang='grc' dir='ltr'><strong><em>ὅσα</em></strong></span> <span class='ocrx_word' id='word_1_34' title='bbox 1773 319 1820 355; x_wconf 83' lang='grc' dir='ltr'><strong><em>τὰ</em></strong></span> <span class='ocrx_word' id='word_1_35' title='bbox 1846 319 1885 354; x_wconf 87' lang='grc' dir='ltr'><strong><em>λο</em></strong></span> <span class='ocrx_word' id='word_1_36' title='bbox 1910 321 2044 355; x_wconf 87' lang='grc' dir='ltr'><strong><em>οθέσια</em></strong></span> <span class='ocrx_word' id='word_1_37' title='bbox 2066 321 2202 366; x_wconf 79' lang='grc' dir='ltr'><strong><em>δείξειε,</em></strong></span> <span class='ocrx_word' id='word_1_38' title='bbox 2227 320 2323 365; x_wconf 86' lang='grc' dir='ltr'><strong><em>πλὴν</em></strong></span> <span class='ocrx_word' id='word_1_39' title='bbox 2346 322 2377 355; x_wconf 83' lang='grc' dir='ltr'><strong><em>εἰ</em></strong></span> <span class='ocrx_word' id='word_1_40' title='bbox 2399 320 2448 364; x_wconf 84' lang='grc' dir='ltr'><strong><em>μὴ</em></strong></span> 
     </span>
     <span class='ocr_line' id='line_1_4' title="bbox 234 333 2454 413; baseline -0.002 -10"><span class='ocrx_word' id='word_1_41' title='bbox 234 368 394 413; x_wconf 82' lang='grc' dir='ltr'><strong><em>θάτερον</em></strong></span> <span class='ocrx_word' id='word_1_42' title='bbox 418 382 439 410; x_wconf 95' lang='grc' dir='ltr'><strong><em>η</em></strong></span> <span class='ocrx_word' id='word_1_43' title='bbox 461 366 628 410; x_wconf 83' lang='grc' dir='ltr'><strong><em>ἑκάτερον</em></strong></span> <span class='ocrx_word' id='word_1_44' title='bbox 650 369 754 410; x_wconf 88' lang='grc' dir='ltr'><strong><em>μέρος</em></strong></span> <span class='ocrx_word' id='word_1_45' title='bbox 774 364 917 407; x_wconf 79' lang='grc' dir='ltr'><strong><em>πλάνην</em></strong></span> <span class='ocrx_word' id='word_1_46' title='bbox 941 362 1062 408; x_wconf 82' lang='grc' dir='ltr'><em>ψήφου</em></span> <span class='ocrx_word' id='word_1_47' title='bbox 1086 377 1108 406; x_wconf 89' lang='grc' dir='ltr'><strong><em>η</em></strong></span> <span class='ocrx_word' id='word_1_48' title='bbox 1132 365 1215 408; x_wconf 84' lang='grc' dir='ltr'><strong><em>περὶ</em></strong></span> <span class='ocrx_word' id='word_1_49' title='bbox 1238 361 1348 398; x_wconf 83' lang='grc' dir='ltr'><strong><em>τόκον</em></strong></span> <span class='ocrx_word' id='word_1_50' title='bbox 1370 362 1515 408; x_wconf 83' lang='grc' dir='ltr'><strong><em>βλάβην</em></strong></span> <span class='ocrx_word' id='word_1_51' title='bbox 1538 362 1847 409; x_wconf 77' lang='grc' dir='ltr'><strong><em>ὑπομεμενηκέναι</em></strong></span> <span class='ocrx_word' id='word_1_52' title='bbox 1870 333 2029 405; x_wconf 64' lang='grc' dir='ltr'><strong><em>ὸζίξειεν.</em></strong></span> <span class='ocrx_word' id='word_1_53' title='bbox 2077 367 2108 400; x_wconf 82' lang='grc' dir='ltr'><strong><em>εἰ</em></strong></span> <span class='ocrx_word' id='word_1_54' title='bbox 2130 366 2200 413; x_wconf 86' lang='grc' dir='ltr'><strong><em>γάρ</em></strong></span> <span class='ocrx_word' id='word_1_55' title='bbox 2225 380 2261 401; x_wconf 92' lang='grc' dir='ltr'><strong><em>τι</em></strong></span> <span class='ocrx_word' id='word_1_56' title='bbox 2284 367 2454 411; x_wconf 52' lang='grc' dir='ltr'><strong><em>τοιοῦτον,</em></strong></span> 
     </span>
     <span class='ocr_line' id='line_1_5' title="bbox 234 406 2451 458; baseline -0.001 -11"><span class='ocrx_word' id='word_1_57' title='bbox 234 413 428 458; x_wconf 77' lang='grc' dir='ltr'><strong><em>προφανῶς</em></strong></span> <span class='ocrx_word' id='word_1_58' title='bbox 458 410 628 454; x_wconf 83' lang='grc' dir='ltr'><strong><em>δειχθείη,</em></strong></span> <span class='ocrx_word' id='word_1_59' title='bbox 659 411 721 453; x_wconf 81' lang='grc' dir='ltr'><strong><em>τῆς</em></strong></span> <span class='ocrx_word' id='word_1_60' title='bbox 753 409 844 444; x_wconf 83' lang='grc' dir='ltr'><strong><em>κατὰ</em></strong></span> <span class='ocrx_word' id='word_1_61' title='bbox 876 409 988 453; x_wconf 88' lang='grc' dir='ltr'><strong><em>νόμον</em></strong></span> <span class='ocrx_word' id='word_1_62' title='bbox 1014 406 1248 453; x_wconf 71' lang='grc' dir='ltr'><strong><em>διορθώσεως</em></strong></span> <span class='ocrx_word' id='word_1_63' title='bbox 1277 409 1385 443; x_wconf 85' lang='grc' dir='ltr'><strong><em>τοῦτο</em></strong></span> <span class='ocrx_word' id='word_1_64' title='bbox 1417 406 1619 449; x_wconf 82' lang='grc' dir='ltr'><strong><em>ἀξιοῦσθαι</em></strong></span> <span class='ocrx_word' id='word_1_65' title='bbox 1648 410 1885 454; x_wconf 78' lang='grc' dir='ltr'><strong><em>θεσπίζομεν,</em></strong></span> <span class='ocrx_word' id='word_1_66' title='bbox 1917 407 2006 445; x_wconf 76' lang='grc' dir='ltr'><strong><em>ὥςτε</em></strong></span> <span class='ocrx_word' id='word_1_67' title='bbox 2037 413 2192 446; x_wconf 76' lang='grc' dir='ltr'><strong><em>ἕκαστον</em></strong></span> <span class='ocrx_word' id='word_1_68' title='bbox 2223 412 2287 445; x_wconf 87' lang='grc' dir='ltr'><strong><em>τοῦ</em></strong></span> <span class='ocrx_word' id='word_1_69' title='bbox 2311 409 2451 446; x_wconf 84' lang='grc' dir='ltr'><strong><em>δικαίου</em></strong></span> 
     </span>
     <span class='ocr_line' id='line_1_6' title="bbox 233 453 2494 500; baseline -0.001 -9"><span class='ocrx_word' id='word_1_70' title='bbox 233 462 292 491; x_wconf 84' lang='grc' dir='ltr'><strong><em>καὶ</em></strong></span> <span class='ocrx_word' id='word_1_71' title='bbox 315 459 377 500; x_wconf 77' lang='grc' dir='ltr'><strong><em>τῆς</em></strong></span> <span class='ocrx_word' id='word_1_72' title='bbox 400 457 563 500; x_wconf 77' lang='grc' dir='ltr'><strong><em>ἰσότητος</em></strong></span> <span class='ocrx_word' id='word_1_73' title='bbox 586 453 793 489; x_wconf 79' lang='grc' dir='ltr'><strong><em>ἀπολαύειν.</em></strong></span> <span class='ocrx_word' id='word_1_74' title='bbox 2474 456 2494 488; x_wconf 87' lang='grc'>5</span> 
     </span>
    </p>
   </div>
   <div class='ocr_carea' id='block_1_3' title="bbox 1224 508 1466 544">
    <p class='ocr_par' dir='ltr' id='par_1_3' title="bbox 1224 508 1466 544">
     <span class='ocr_line' id='line_1_7' title="bbox 1224 508 1466 544; baseline 0.004 -1"><span class='ocrx_word' id='word_1_75' title='bbox 1224 508 1380 544; x_wconf 84' lang='lat' dir='ltr'>CAPUT</span> <span class='ocrx_word' id='word_1_76' title='bbox 1403 509 1466 544; x_wconf 91' lang='lat'>111.</span> 
     </span>
    </p>
   </div>
   <div class='ocr_carea' id='block_1_4' title="bbox 231 570 2519 937">
    <p class='ocr_par' dir='ltr' id='par_1_4' title="bbox 231 570 2519 937">
     <span class='ocr_line' id='line_1_8' title="bbox 368 570 2449 622; baseline 0 -11"><span class='ocrx_word' id='word_1_77' title='bbox 368 581 439 611; x_wconf 87' lang='grc' dir='ltr'><strong><em>Καὶ</em></strong></span> <span class='ocrx_word' id='word_1_78' title='bbox 467 579 573 612; x_wconf 83' lang='grc' dir='ltr'><strong><em>τοῦτο</em></strong></span> <span class='ocrx_word' id='word_1_79' title='bbox 601 576 641 611; x_wconf 81' lang='grc' dir='ltr'><strong><em>δὲ</em></strong></span> <span class='ocrx_word' id='word_1_80' title='bbox 674 574 855 618; x_wconf 78' lang='grc' dir='ltr'><strong><em>ἐδίδαξαν,</em></strong></span> <span class='ocrx_word' id='word_1_81' title='bbox 887 570 935 609; x_wconf 70' lang='grc' dir='ltr'><strong><em>ὥς</em></strong></span> <span class='ocrx_word' id='word_1_82' title='bbox 966 587 1061 610; x_wconf 84' lang='grc' dir='ltr'><strong><em>τινες</em></strong></span> <span class='ocrx_word' id='word_1_83' title='bbox 1090 575 1130 616; x_wconf 79' lang='grc' dir='ltr'><strong><em>ἐξ</em></strong></span> <span class='ocrx_word' id='word_1_84' title='bbox 1160 573 1285 610; x_wconf 73' lang='grc' dir='ltr'><strong><em>αὐτῶν</em></strong></span> <span class='ocrx_word' id='word_1_85' title='bbox 1304 574 1495 622; x_wconf 75' lang='grc' dir='ltr'><strong><em>ὁμολογίας</em></strong></span> <span class='ocrx_word' id='word_1_86' title='bbox 1518 575 1617 622; x_wconf 79' lang='grc' dir='ltr'><strong><em>παρὰ</em></strong></span> <span class='ocrx_word' id='word_1_87' title='bbox 1642 575 1825 611; x_wconf 86' lang='grc' dir='ltr'><strong><em>πλειόνων</em></strong></span> <span class='ocrx_word' id='word_1_88' title='bbox 1849 578 2081 622; x_wconf 76' lang='grc' dir='ltr'><strong><em>κομισάμενοι</em></strong></span> <span class='ocrx_word' id='word_1_89' title='bbox 2105 582 2165 612; x_wconf 80' lang='grc' dir='ltr'><strong><em>καὶ</em></strong></span> <span class='ocrx_word' id='word_1_90' title='bbox 2185 577 2318 613; x_wconf 89' lang='grc' dir='ltr'><strong><em>ταύτας</em></strong></span> <span class='ocrx_word' id='word_1_91' title='bbox 2343 575 2449 621; x_wconf 87' lang='grc' dir='ltr'><strong><em>ἀλλη-</em></strong></span> 
     </span>
     <span class='ocr_line' id='line_1_9' title="bbox 232 618 2451 669; baseline -0.001 -12"><span class='ocrx_word' id='word_1_92' title='bbox 232 622 384 669; x_wconf 76' lang='grc' dir='ltr'><strong><em>λεγγύως</em></strong></span> <span class='ocrx_word' id='word_1_93' title='bbox 407 620 429 664; x_wconf 82' lang='grc' dir='ltr'><em>ἢ</em></span> <span class='ocrx_word' id='word_1_94' title='bbox 450 623 543 657; x_wconf 85' lang='grc' dir='ltr'><strong><em>κατὰ</em></strong></span> <span class='ocrx_word' id='word_1_95' title='bbox 566 620 764 665; x_wconf 85' lang='grc' dir='ltr'><strong><em>μανδάτον,</em></strong></span> <span class='ocrx_word' id='word_1_96' title='bbox 789 620 867 654; x_wconf 85' lang='grc' dir='ltr'><strong><em>εἶτα</em></strong></span> <span class='ocrx_word' id='word_1_97' title='bbox 890 618 933 654; x_wconf 82' lang='grc' dir='ltr'><strong><em>τὸ</em></strong></span> <span class='ocrx_word' id='word_1_98' title='bbox 959 618 1129 654; x_wconf 90' lang='grc' dir='ltr'><strong><em>πλεῖστον</em></strong></span> <span class='ocrx_word' id='word_1_99' title='bbox 1151 622 1216 654; x_wconf 84' lang='grc' dir='ltr'><strong><em>τοῦ</em></strong></span> <span class='ocrx_word' id='word_1_100' title='bbox 1240 623 1359 664; x_wconf 86' lang='grc' dir='ltr'><strong><em>χρέους</em></strong></span> <span class='ocrx_word' id='word_1_101' title='bbox 1383 619 1576 667; x_wconf 81' lang='grc' dir='ltr'><strong><em>εἰληφότες,</em></strong></span> <span class='ocrx_word' id='word_1_102' title='bbox 1601 624 1660 655; x_wconf 87' lang='grc' dir='ltr'><strong><em>καὶ</em></strong></span> <span class='ocrx_word' id='word_1_103' title='bbox 1684 619 1804 669; x_wconf 85' lang='grc' dir='ltr'><strong><em>ὀλίγου</em></strong></span> <span class='ocrx_word' id='word_1_104' title='bbox 1828 623 1925 656; x_wconf 81' lang='grc' dir='ltr'><strong><em>τινος</em></strong></span> <span class='ocrx_word' id='word_1_105' title='bbox 1941 621 2043 657; x_wconf 82' lang='grc' dir='ltr'><strong><em>ὄντος</em></strong></span> <span class='ocrx_word' id='word_1_106' title='bbox 2059 624 2124 657; x_wconf 90' lang='grc' dir='ltr'><strong><em>τοῦ</em></strong></span> <span class='ocrx_word' id='word_1_107' title='bbox 2140 621 2451 667; x_wconf 68' lang='grc' dir='ltr'><strong><em>ύπολελειμμένου,</em></strong></span> 
     </span>
     <span class='ocr_line' id='line_1_10' title="bbox 233 662 2453 713; baseline 0 -13"><span class='ocrx_word' id='word_1_108' title='bbox 233 670 292 703; x_wconf 82' lang='grc' dir='ltr'><strong><em>ἐπὶ</em></strong></span> <span class='ocrx_word' id='word_1_109' title='bbox 322 668 375 711; x_wconf 80' lang='grc' dir='ltr'><strong><em>τῷ</em></strong></span> <span class='ocrx_word' id='word_1_110' title='bbox 407 668 469 701; x_wconf 89' lang='grc' dir='ltr'><strong><em>τοῦ</em></strong></span> <span class='ocrx_word' id='word_1_111' title='bbox 501 670 618 712; x_wconf 87' lang='grc' dir='ltr'><strong><em>χρέους</em></strong></span> <span class='ocrx_word' id='word_1_112' title='bbox 648 664 853 709; x_wconf 81' lang='grc' dir='ltr'><strong><em>ἐλλείμματι</em></strong></span> <span class='ocrx_word' id='word_1_113' title='bbox 877 665 1022 705; x_wconf 67' lang='grc' dir='ltr'><strong><em>ἔξωθεν</em></strong></span> <span class='ocrx_word' id='word_1_114' title='bbox 1053 662 1137 710; x_wconf 78' lang='grc' dir='ltr'><strong><em>παρ’</em></strong></span> <span class='ocrx_word' id='word_1_115' title='bbox 1171 665 1251 699; x_wconf 84' lang='grc' dir='ltr'><strong><em>ἑνὸς</em></strong></span> <span class='ocrx_word' id='word_1_116' title='bbox 1282 663 1404 700; x_wconf 72' lang='grc' dir='ltr'><strong><em>αὐτῶν</em></strong></span> <span class='ocrx_word' id='word_1_117' title='bbox 1430 664 1451 710; x_wconf 83' lang='grc' dir='ltr'><em>ἢ</em></span> <span class='ocrx_word' id='word_1_118' title='bbox 1484 664 1548 700; x_wconf 88' lang='grc' dir='ltr'><strong><em>δύο</em></strong></span> <span class='ocrx_word' id='word_1_119' title='bbox 1579 665 1751 709; x_wconf 77' lang='grc' dir='ltr'><strong><em>λαβόντες</em></strong></span> <span class='ocrx_word' id='word_1_120' title='bbox 1782 663 1980 712; x_wconf 80' lang='grc' dir='ltr'><strong><em>ὁμολογίας,</em></strong></span> <span class='ocrx_word' id='word_1_121' title='bbox 2012 665 2061 702; x_wconf 60' lang='lat' dir='ltr'><strong><em>ais</em></strong></span> <span class='ocrx_word' id='word_1_122' title='bbox 2080 668 2165 702; x_wconf 87' lang='grc' dir='ltr'><strong><em>εἴσω</em></strong></span> <span class='ocrx_word' id='word_1_123' title='bbox 2190 669 2297 713; x_wconf 84' lang='grc' dir='ltr'><strong><em>ῥητοῦ</em></strong></span> <span class='ocrx_word' id='word_1_124' title='bbox 2322 666 2453 711; x_wconf 87' lang='grc' dir='ltr'><strong><em>χρόνου</em></strong></span> 
     </span>
     <span class='ocr_line' id='line_1_11' title="bbox 231 707 2453 756; baseline 0 -11"><span class='ocrx_word' id='word_1_125' title='bbox 231 714 347 746; x_wconf 86' lang='grc' dir='ltr'><strong><em>ταῦτα</em></strong></span> <span class='ocrx_word' id='word_1_126' title='bbox 376 712 644 755; x_wconf 69' lang='grc' dir='ltr'><strong><em>καταθήσουσι,</em></strong></span> <span class='ocrx_word' id='word_1_127' title='bbox 674 709 851 745; x_wconf 79' lang='grc' dir='ltr'><strong><em>διαλύσεις</em></strong></span> <span class='ocrx_word' id='word_1_128' title='bbox 883 709 991 752; x_wconf 87' lang='grc' dir='ltr'><strong><em>τυχὸν</em></strong></span> <span class='ocrx_word' id='word_1_129' title='bbox 1022 707 1045 752; x_wconf 84' lang='grc' dir='ltr'><em>ἢ</em></span> <span class='ocrx_word' id='word_1_130' title='bbox 1077 708 1264 756; x_wconf 77' lang='grc' dir='ltr'><strong><em>ὁμολογίας</em></strong></span> <span class='ocrx_word' id='word_1_131' title='bbox 1298 711 1429 745; x_wconf 84' lang='grc' dir='ltr'><strong><em>ἔθεντο</em></strong></span> <span class='ocrx_word' id='word_1_132' title='bbox 1461 711 1552 756; x_wconf 82' lang='grc' dir='ltr'><strong><em>πρὸς</em></strong></span> <span class='ocrx_word' id='word_1_133' title='bbox 1582 707 1761 754; x_wconf 72' lang='grc' dir='ltr'><strong><em>ἅπαντας,</em></strong></span> <span class='ocrx_word' id='word_1_134' title='bbox 1794 715 1995 756; x_wconf 87' lang='grc' dir='ltr'><strong><em>συμβέβηκε</em></strong></span> <span class='ocrx_word' id='word_1_135' title='bbox 2027 710 2066 746; x_wconf 78' lang='grc' dir='ltr'><strong><em>δὲ</em></strong></span> <span class='ocrx_word' id='word_1_136' title='bbox 2096 710 2119 755; x_wconf 83' lang='grc' dir='ltr'><em>ἢ</em></span> <span class='ocrx_word' id='word_1_137' title='bbox 2150 712 2218 746; x_wconf 83' lang='grc' dir='ltr'><strong><em>τὸν</em></strong></span> <span class='ocrx_word' id='word_1_138' title='bbox 2248 714 2314 746; x_wconf 78' lang='grc' dir='ltr'><strong><em>ἕνα</em></strong></span> <span class='ocrx_word' id='word_1_139' title='bbox 2347 710 2369 755; x_wconf 85' lang='grc' dir='ltr'><em>ἢ</em></span> <span class='ocrx_word' id='word_1_140' title='bbox 2392 715 2453 745; x_wconf 82' lang='grc' dir='ltr'><strong><em>καὶ</em></strong></span> 
     </span>
     <span class='ocr_line' id='line_1_12' title="bbox 232 752 2519 802; baseline -0.001 -10"><span class='ocrx_word' id='word_1_141' title='bbox 232 756 398 792; x_wconf 84' lang='grc' dir='ltr'><strong><em>πλείονας</em></strong></span> <span class='ocrx_word' id='word_1_142' title='bbox 426 759 503 791; x_wconf 80' lang='grc' dir='ltr'><strong><em>τῶν</em></strong></span> <span class='ocrx_word' id='word_1_143' title='bbox 531 755 785 800; x_wconf 85' lang='grc' dir='ltr'><strong><em>πεποιηκότων</em></strong></span> <span class='ocrx_word' id='word_1_144' title='bbox 815 754 883 797; x_wconf 88' lang='grc' dir='ltr'><strong><em>τὴν</em></strong></span> <span class='ocrx_word' id='word_1_145' title='bbox 913 756 975 797; x_wconf 85' lang='grc' dir='ltr'><strong><em>τῆς</em></strong></span> <span class='ocrx_word' id='word_1_146' title='bbox 1005 753 1174 790; x_wconf 82' lang='grc' dir='ltr'><strong><em>λοιπάδος</em></strong></span> <span class='ocrx_word' id='word_1_147' title='bbox 1206 752 1401 801; x_wconf 84' lang='grc' dir='ltr'><strong><em>ὁμολογίαν</em></strong></span> <span class='ocrx_word' id='word_1_148' title='bbox 1431 754 1640 802; x_wconf 51' lang='grc' dir='ltr'><strong><em>τελευτῆσαι</em></strong></span> <span class='ocrx_word' id='word_1_149' title='bbox 1670 759 1731 790; x_wconf 84' lang='grc' dir='ltr'><strong><em>καὶ</em></strong></span> <span class='ocrx_word' id='word_1_150' title='bbox 1759 756 1841 791; x_wconf 81' lang='grc' dir='ltr'><strong><em>τοὺς</em></strong></span> <span class='ocrx_word' id='word_1_151' title='bbox 1864 756 2105 802; x_wconf 88' lang='grc' dir='ltr'><strong><em>κληρονόμους</em></strong></span> <span class='ocrx_word' id='word_1_152' title='bbox 2124 757 2173 801; x_wconf 89' lang='grc' dir='ltr'><strong><em>μὴ</em></strong></span> <span class='ocrx_word' id='word_1_153' title='bbox 2198 756 2384 801; x_wconf 84' lang='grc' dir='ltr'><strong><em>αἱρεῖσθαι</em></strong></span> <span class='ocrx_word' id='word_1_154' title='bbox 2407 757 2449 791; x_wconf 83' lang='grc' dir='ltr'><strong><em>τὸ</em></strong></span> <span class='ocrx_word' id='word_1_155' title='bbox 2479 758 2519 790; x_wconf 83' lang='grc'><strong><em>10</em></strong></span> 
     </span>
     <span class='ocr_line' id='line_1_13' title="bbox 233 797 2454 847; baseline -0 -11"><span class='ocrx_word' id='word_1_156' title='bbox 233 799 317 847; x_wconf 75' lang='grc' dir='ltr'><strong><em>παρ’</em></strong></span> <span class='ocrx_word' id='word_1_157' title='bbox 346 798 456 835; x_wconf 84' lang='grc' dir='ltr'><strong><em>α’ύτοῦ</em></strong></span> <span class='ocrx_word' id='word_1_158' title='bbox 479 798 501 845; x_wconf 83' lang='grc' dir='ltr'><em>ἢ</em></span> <span class='ocrx_word' id='word_1_159' title='bbox 526 799 650 836; x_wconf 76' lang='grc' dir='ltr'><strong><em>αὐτῶν</em></strong></span> <span class='ocrx_word' id='word_1_160' title='bbox 675 798 937 845; x_wconf 81' lang='grc' dir='ltr'><strong><em>διομολογηθὲν</em></strong></span> <span class='ocrx_word' id='word_1_161' title='bbox 962 803 1106 845; x_wconf 87' lang='grc' dir='ltr'><strong><em>χρυσίον</em></strong></span> <span class='ocrx_word' id='word_1_162' title='bbox 1130 797 1268 834; x_wconf 87' lang='grc' dir='ltr'><strong><em>δοῦναι.</em></strong></span> <span class='ocrx_word' id='word_1_163' title='bbox 1315 800 1541 845; x_wconf 81' lang='grc' dir='ltr'><strong><em>θεσπίζομεν</em></strong></span> <span class='ocrx_word' id='word_1_164' title='bbox 1563 803 1639 842; x_wconf 77' lang='grc' dir='ltr'><strong><em>οὖν,</em></strong></span> <span class='ocrx_word' id='word_1_165' title='bbox 1665 801 1696 834; x_wconf 84' lang='grc' dir='ltr'><strong><em>εἰ</em></strong></span> <span class='ocrx_word' id='word_1_166' title='bbox 1719 802 1836 836; x_wconf 85' lang='grc' dir='ltr'><strong><em>ταῦτα</em></strong></span> <span class='ocrx_word' id='word_1_167' title='bbox 1860 798 1974 836; x_wconf 70' lang='grc' dir='ltr'><strong><em>οὕτως</em></strong></span> <span class='ocrx_word' id='word_1_168' title='bbox 1993 805 2075 846; x_wconf 82' lang='grc' dir='ltr'><strong><em>ἔχει,</em></strong></span> <span class='ocrx_word' id='word_1_169' title='bbox 2099 801 2143 836; x_wconf 88' lang='grc' dir='ltr'><strong><em>τὸ</em></strong></span> <span class='ocrx_word' id='word_1_170' title='bbox 2160 804 2237 836; x_wconf 84' lang='grc' dir='ltr'><strong><em>ταῖς</em></strong></span> <span class='ocrx_word' id='word_1_171' title='bbox 2253 798 2454 847; x_wconf 77' lang='grc' dir='ltr'><strong><em>ὁμολογίαις</em></strong></span> 
     </span>
     <span class='ocr_line' id='line_1_14' title="bbox 232 841 2456 894; baseline 0 -14"><span class='ocrx_word' id='word_1_172' title='bbox 232 847 487 892; x_wconf 88' lang='grc' dir='ltr'><strong><em>περιεχόμενον</em></strong></span> <span class='ocrx_word' id='word_1_173' title='bbox 519 850 665 893; x_wconf 87' lang='grc' dir='ltr'><strong><em>χρυσιόν</em></strong></span> <span class='ocrx_word' id='word_1_174' title='bbox 695 847 755 879; x_wconf 89' lang='grc' dir='ltr'><strong><em>καὶ</em></strong></span> <span class='ocrx_word' id='word_1_175' title='bbox 787 843 886 889; x_wconf 82' lang='grc' dir='ltr'><strong><em>παρὰ</em></strong></span> <span class='ocrx_word' id='word_1_176' title='bbox 917 845 982 879; x_wconf 87' lang='grc' dir='ltr'><strong><em>τοῦ</em></strong></span> <span class='ocrx_word' id='word_1_177' title='bbox 1013 841 1291 887; x_wconf 78' lang='grc' dir='ltr'><strong><em>τελευτήσαντος</em></strong></span> <span class='ocrx_word' id='word_1_178' title='bbox 1319 842 1342 888; x_wconf 84' lang='grc' dir='ltr'><em>ἢ</em></span> <span class='ocrx_word' id='word_1_179' title='bbox 1371 847 1449 879; x_wconf 80' lang='grc' dir='ltr'><strong><em>τῶν</em></strong></span> <span class='ocrx_word' id='word_1_180' title='bbox 1479 844 1775 889; x_wconf 84' lang='grc' dir='ltr'><strong><em>τελευτησάντων</em></strong></span> <span class='ocrx_word' id='word_1_181' title='bbox 1805 844 2070 894; x_wconf 86' lang='grc' dir='ltr'><strong><em>διομολογηθὲν</em></strong></span> <span class='ocrx_word' id='word_1_182' title='bbox 2103 848 2143 881; x_wconf 81' lang='grc' dir='ltr'><strong><em>ἐν</em></strong></span> <span class='ocrx_word' id='word_1_183' title='bbox 2165 846 2351 893; x_wconf 86' lang='grc' dir='ltr'><strong><em>γράμμασι</em></strong></span> <span class='ocrx_word' id='word_1_184' title='bbox 2373 845 2456 881; x_wconf 76' lang='grc' dir='ltr'><strong><em>τοὺς</em></strong></span> 
     </span>
     <span class='ocr_line' id='line_1_15' title="bbox 233 888 1620 937; baseline 0.001 -13"><span class='ocrx_word' id='word_1_185' title='bbox 233 891 359 926; x_wconf 82' lang='grc' dir='ltr'><strong><em>αὐτῶν</em></strong></span> <span class='ocrx_word' id='word_1_186' title='bbox 379 891 661 937; x_wconf 85' lang='grc' dir='ltr'><strong><em>εἰςπράττεσθαι</em></strong></span> <span class='ocrx_word' id='word_1_187' title='bbox 684 888 925 934; x_wconf 87' lang='grc' dir='ltr'><strong><em>κληρονόμους</em></strong></span> <span class='ocrx_word' id='word_1_188' title='bbox 946 888 1040 934; x_wconf 79' lang='grc' dir='ltr'><strong><em>μετὰ</em></strong></span> <span class='ocrx_word' id='word_1_189' title='bbox 1063 890 1128 924; x_wconf 85' lang='grc' dir='ltr'><strong><em>τοῦ</em></strong></span> <span class='ocrx_word' id='word_1_190' title='bbox 1153 893 1484 935; x_wconf 84' lang='grc' dir='ltr'><strong><em>συμπεφωνημένου</em></strong></span> <span class='ocrx_word' id='word_1_191' title='bbox 1504 889 1620 925; x_wconf 88' lang='grc' dir='ltr'><strong><em>τόκου.</em></strong></span> 
     </span>
    </p>
   </div>
   <div class='ocr_carea' id='block_1_5' title="bbox 1212 989 1455 1027">
    <p class='ocr_par' dir='ltr' id='par_1_5' title="bbox 1212 989 1455 1027">
     <span class='ocr_line' id='line_1_16' title="bbox 1212 989 1455 1027; baseline -0.004 -1"><span class='ocrx_word' id='word_1_192' title='bbox 1212 989 1370 1027; x_wconf 85' lang='lat' dir='ltr'>CAPUT</span> <span class='ocrx_word' id='word_1_193' title='bbox 1394 990 1455 1026; x_wconf 91' lang='lat' dir='ltr'><strong><em>IV.</em></strong></span> 
     </span>
    </p>
   </div>
   <div class='ocr_carea' id='block_1_6' title="bbox 232 1055 2523 1688">
    <p class='ocr_par' dir='ltr' id='par_1_6' title="bbox 232 1055 2523 1600">
     <span class='ocr_line' id='line_1_17' title="bbox 366 1055 2456 1104; baseline 0 -13"><span class='ocrx_word' id='word_1_194' title='bbox 366 1059 412 1091; x_wconf 85' lang='lat' dir='ltr'><strong><em>Ei</em></strong></span> <span class='ocrx_word' id='word_1_195' title='bbox 435 1056 477 1092; x_wconf 86' lang='grc' dir='ltr'><strong><em>δέ</em></strong></span> <span class='ocrx_word' id='word_1_196' title='bbox 497 1069 589 1092; x_wconf 86' lang='grc' dir='ltr'><strong><em>τινες</em></strong></span> <span class='ocrx_word' id='word_1_197' title='bbox 613 1055 846 1092; x_wconf 77' lang='grc' dir='ltr'><strong><em>ἐδανείσαντο</em></strong></span> <span class='ocrx_word' id='word_1_198' title='bbox 870 1055 893 1100; x_wconf 82' lang='grc' dir='ltr'><em>ἢ</em></span> <span class='ocrx_word' id='word_1_199' title='bbox 917 1055 1143 1091; x_wconf 87' lang='grc' dir='ltr'><strong><em>δανείσοιντο</em></strong></span> <span class='ocrx_word' id='word_1_200' title='bbox 1167 1069 1242 1104; x_wconf 86' lang='grc' dir='ltr'><strong><em>παρ</em></strong></span> <span class='ocrx_word' id='word_1_201' title='bbox 1279 1055 1402 1092; x_wconf 79' lang='grc' dir='ltr'><strong><em>αὐτῶν</em></strong></span> <span class='ocrx_word' id='word_1_202' title='bbox 1426 1059 1572 1102; x_wconf 83' lang='grc' dir='ltr'><strong><em>ἐνέχυρα</em></strong></span> <span class='ocrx_word' id='word_1_203' title='bbox 1596 1055 1731 1101; x_wconf 83' lang='grc' dir='ltr'><strong><em>δόντες,</em></strong></span> <span class='ocrx_word' id='word_1_204' title='bbox 1755 1058 1833 1092; x_wconf 80' lang='grc' dir='ltr'><strong><em>εἶτα</em></strong></span> <span class='ocrx_word' id='word_1_205' title='bbox 1856 1059 1896 1092; x_wconf 83' lang='grc' dir='ltr'><strong><em>έν</em></strong></span> <span class='ocrx_word' id='word_1_206' title='bbox 1919 1061 1996 1093; x_wconf 88' lang='grc' dir='ltr'><strong><em>ταῖς</em></strong></span> <span class='ocrx_word' id='word_1_207' title='bbox 2013 1056 2216 1093; x_wconf 86' lang='grc' dir='ltr'><strong><em>δανειακαῖς</em></strong></span> <span class='ocrx_word' id='word_1_208' title='bbox 2236 1059 2456 1104; x_wconf 78' lang='grc' dir='ltr'><strong><em>συγγραφαῖς</em></strong></span> 
     </span>
     <span class='ocr_line' id='line_1_18' title="bbox 233 1099 2522 1150; baseline 0.001 -15"><span class='ocrx_word' id='word_1_209' title='bbox 233 1104 437 1147; x_wconf 80' lang='grc' dir='ltr'><strong><em>ἐπέτρεψαν</em></strong></span> <span class='ocrx_word' id='word_1_210' title='bbox 464 1101 486 1145; x_wconf 84' lang='grc' dir='ltr'><em>ἢ</em></span> <span class='ocrx_word' id='word_1_211' title='bbox 518 1104 753 1148; x_wconf 81' lang='grc' dir='ltr'><strong><em>ἑπιτρέψαιεν</em></strong></span> <span class='ocrx_word' id='word_1_212' title='bbox 784 1100 902 1136; x_wconf 77' lang='grc' dir='ltr'><strong><em>αὐτοῖς</em></strong></span> <span class='ocrx_word' id='word_1_213' title='bbox 927 1104 967 1136; x_wconf 82' lang='grc' dir='ltr'><strong><em>ἐκ</em></strong></span> <span class='ocrx_word' id='word_1_214' title='bbox 998 1099 1227 1146; x_wconf 87' lang='grc' dir='ltr'><strong><em>διαπράσεως</em></strong></span> <span class='ocrx_word' id='word_1_215' title='bbox 1258 1103 1335 1136; x_wconf 83' lang='grc' dir='ltr'><strong><em>τῶν</em></strong></span> <span class='ocrx_word' id='word_1_216' title='bbox 1367 1102 1546 1150; x_wconf 82' lang='grc' dir='ltr'><strong><em>ἐνεχύρων</em></strong></span> <span class='ocrx_word' id='word_1_217' title='bbox 1575 1106 1697 1137; x_wconf 86' lang='grc' dir='ltr'><strong><em>πίστει</em></strong></span> <span class='ocrx_word' id='word_1_218' title='bbox 1730 1100 1852 1138; x_wconf 76' lang='grc' dir='ltr'><strong><em>αὐτῶν</em></strong></span> <span class='ocrx_word' id='word_1_219' title='bbox 1874 1106 2062 1149; x_wconf 80' lang='grc' dir='ltr'><strong><em>γινομένης</em></strong></span> <span class='ocrx_word' id='word_1_220' title='bbox 2083 1102 2126 1138; x_wconf 84' lang='grc' dir='ltr'><strong><em>τὸ</em></strong></span> <span class='ocrx_word' id='word_1_221' title='bbox 2152 1102 2294 1138; x_wconf 88' lang='grc' dir='ltr'><strong><em>τούτων</em></strong></span> <span class='ocrx_word' id='word_1_222' title='bbox 2317 1106 2455 1146; x_wconf 89' lang='grc' dir='ltr'><strong><em>τίμημα</em></strong></span> <span class='ocrx_word' id='word_1_223' title='bbox 2482 1104 2522 1138; x_wconf 90' lang='grc'><strong><em>15</em></strong></span> 
     </span>
     <span class='ocr_line' id='line_1_19' title="bbox 233 1144 2455 1203; baseline 0 -22"><span class='ocrx_word' id='word_1_224' title='bbox 233 1149 279 1181; x_wconf 83' lang='grc' dir='ltr'><strong><em>εἰς</em></strong></span> <span class='ocrx_word' id='word_1_225' title='bbox 304 1148 347 1181; x_wconf 83' lang='grc' dir='ltr'><strong><em>τὸ</em></strong></span> <span class='ocrx_word' id='word_1_226' title='bbox 378 1150 475 1192; x_wconf 80' lang='grc' dir='ltr'><strong><em>χρέος</em></strong></span> <span class='ocrx_word' id='word_1_227' title='bbox 503 1146 726 1193; x_wconf 80' lang='grc' dir='ltr'><strong><em>λογίζεσθαι,</em></strong></span> <span class='ocrx_word' id='word_1_228' title='bbox 757 1147 793 1181; x_wconf 85' lang='grc' dir='ltr'><strong><em>οἱ</em></strong></span> <span class='ocrx_word' id='word_1_229' title='bbox 822 1146 862 1182; x_wconf 82' lang='grc' dir='ltr'><strong><em>δὲ</em></strong></span> <span class='ocrx_word' id='word_1_230' title='bbox 892 1148 1001 1182; x_wconf 89' lang='grc' dir='ltr'><strong><em>τοῦτο</em></strong></span> <span class='ocrx_word' id='word_1_231' title='bbox 1025 1146 1211 1191; x_wconf 81' lang='grc' dir='ltr'><strong><em>πράξαιεν,</em></strong></span> <span class='ocrx_word' id='word_1_232' title='bbox 1241 1147 1290 1191; x_wconf 83' lang='grc' dir='ltr'><strong><em>μὴ</em></strong></span> <span class='ocrx_word' id='word_1_233' title='bbox 1313 1146 1699 1194; x_wconf 73' lang='grc' dir='ltr'><strong><em>πολυπραγμονεῖσθαι</em></strong></span> <span class='ocrx_word' id='word_1_234' title='bbox 1722 1144 1850 1182; x_wconf 72' lang='grc' dir='ltr'><strong><em>αὐτοὺς</em></strong></span> <span class='ocrx_word' id='word_1_235' title='bbox 1868 1147 1959 1192; x_wconf 81' lang='grc' dir='ltr'><strong><em>μηδὲ</em></strong></span> <span class='ocrx_word' id='word_1_236' title='bbox 1981 1148 2175 1194; x_wconf 86' lang='grc' dir='ltr'><strong><em>πράγματα</em></strong></span> <span class='ocrx_word' id='word_1_237' title='bbox 2196 1147 2288 1203; x_wconf 72' lang='grc' dir='ltr'><strong><em>ὑπὲρ</em></strong></span> <span class='ocrx_word' id='word_1_238' title='bbox 2311 1146 2455 1181; x_wconf 86' lang='grc' dir='ltr'><strong><em>τούτων</em></strong></span> 
     </span>
     <span class='ocr_line' id='line_1_20' title="bbox 232 1189 2456 1238; baseline -0 -13"><span class='ocrx_word' id='word_1_239' title='bbox 232 1195 337 1236; x_wconf 82' lang='grc' dir='ltr'><strong><em>ἔχειν,</em></strong></span> <span class='ocrx_word' id='word_1_240' title='bbox 363 1189 438 1226; x_wconf 77' lang='grc' dir='ltr'><strong><em>ἀλλ’</em></strong></span> <span class='ocrx_word' id='word_1_241' title='bbox 465 1189 647 1236; x_wconf 78' lang='grc' dir='ltr'><strong><em>ὀμνύντας</em></strong></span> <span class='ocrx_word' id='word_1_242' title='bbox 671 1190 808 1236; x_wconf 85' lang='grc' dir='ltr'><strong><em>ὁπόσης</em></strong></span> <span class='ocrx_word' id='word_1_243' title='bbox 841 1194 945 1236; x_wconf 85' lang='grc' dir='ltr'><strong><em>τιμῆς</em></strong></span> <span class='ocrx_word' id='word_1_244' title='bbox 969 1191 1016 1226; x_wconf 90' lang='grc' dir='ltr'><strong><em>τά</em></strong></span> <span class='ocrx_word' id='word_1_245' title='bbox 1041 1193 1188 1237; x_wconf 81' lang='grc' dir='ltr'><strong><em>ἐνέχυρα</em></strong></span> <span class='ocrx_word' id='word_1_246' title='bbox 1212 1193 1418 1237; x_wconf 85' lang='grc' dir='ltr'><strong><em>πεπράκασι</em></strong></span> <span class='ocrx_word' id='word_1_247' title='bbox 1442 1192 1694 1234; x_wconf 72' lang='grc' dir='ltr'><strong><em>πιστεύεσθαι,</em></strong></span> <span class='ocrx_word' id='word_1_248' title='bbox 1718 1196 1778 1226; x_wconf 86' lang='grc' dir='ltr'><strong><em>καὶ</em></strong></span> <span class='ocrx_word' id='word_1_249' title='bbox 1799 1190 1922 1238; x_wconf 89' lang='grc' dir='ltr'><strong><em>ἀρκεῖν</em></strong></span> <span class='ocrx_word' id='word_1_250' title='bbox 1944 1195 2052 1227; x_wconf 85' lang='grc' dir='ltr'><strong><em>τοῦτο</em></strong></span> <span class='ocrx_word' id='word_1_251' title='bbox 2077 1189 2197 1226; x_wconf 77' lang='grc' dir='ltr'><strong><em>αὐτοῖς</em></strong></span> <span class='ocrx_word' id='word_1_252' title='bbox 2220 1204 2310 1238; x_wconf 89' lang='grc' dir='ltr'><strong><em>προς</em></strong></span> <span class='ocrx_word' id='word_1_253' title='bbox 2333 1193 2456 1227; x_wconf 85' lang='grc' dir='ltr'><strong><em>πᾶσαν</em></strong></span> 
     </span>
     <span class='ocr_line' id='line_1_21' title="bbox 234 1233 2456 1284; baseline 0 -14"><span class='ocrx_word' id='word_1_254' title='bbox 234 1234 492 1283; x_wconf 79' lang='grc' dir='ltr'><strong><em>ἀγνωμοσύνης</em></strong></span> <span class='ocrx_word' id='word_1_255' title='bbox 523 1233 718 1283; x_wconf 88' lang='grc' dir='ltr'><strong><em>ἀναίρεσιν.</em></strong></span> <span class='ocrx_word' id='word_1_256' title='bbox 766 1238 812 1271; x_wconf 84' lang='lat' dir='ltr'><strong><em>Ei</em></strong></span> <span class='ocrx_word' id='word_1_257' title='bbox 846 1235 888 1270; x_wconf 81' lang='grc' dir='ltr'><strong><em>δέ</em></strong></span> <span class='ocrx_word' id='word_1_258' title='bbox 908 1248 962 1271; x_wconf 90' lang='grc' dir='ltr'><strong><em>τις</em></strong></span> <span class='ocrx_word' id='word_1_259' title='bbox 985 1236 1157 1284; x_wconf 82' lang='grc' dir='ltr'><strong><em>ἀγράφως</em></strong></span> <span class='ocrx_word' id='word_1_260' title='bbox 1181 1234 1433 1282; x_wconf 80' lang='grc' dir='ltr'><strong><em>δανειζόμενος</em></strong></span> <span class='ocrx_word' id='word_1_261' title='bbox 1456 1239 1602 1282; x_wconf 83' lang='grc' dir='ltr'><strong><em>ἐνέχυρα</em></strong></span> <span class='ocrx_word' id='word_1_262' title='bbox 1626 1235 1705 1281; x_wconf 85' lang='grc' dir='ltr'><strong><em>δοίη</em></strong></span> <span class='ocrx_word' id='word_1_263' title='bbox 1727 1237 1751 1281; x_wconf 82' lang='grc' dir='ltr'><em>ἢ</em></span> <span class='ocrx_word' id='word_1_264' title='bbox 1774 1242 1974 1284; x_wconf 84' lang='grc' dir='ltr'><strong><em>σφραγίσας</em></strong></span> <span class='ocrx_word' id='word_1_265' title='bbox 1997 1235 2090 1272; x_wconf 76' lang='grc' dir='ltr'><strong><em>αὐτὰ</em></strong></span> <span class='ocrx_word' id='word_1_266' title='bbox 2113 1236 2136 1280; x_wconf 82' lang='grc' dir='ltr'><em>ἢ</em></span> <span class='ocrx_word' id='word_1_267' title='bbox 2161 1240 2219 1271; x_wconf 85' lang='grc' dir='ltr'><strong><em>καὶ</em></strong></span> <span class='ocrx_word' id='word_1_268' title='bbox 2243 1235 2456 1283; x_wconf 84' lang='grc' dir='ltr'><strong><em>σφραγίδων</em></strong></span> 
     </span>
     <span class='ocr_line' id='line_1_22' title="bbox 232 1279 2455 1337; baseline -0 -22"><span class='ocrx_word' id='word_1_269' title='bbox 232 1285 348 1327; x_wconf 87' lang='grc' dir='ltr'><strong><em>χωρίς,</em></strong></span> <span class='ocrx_word' id='word_1_270' title='bbox 380 1279 542 1328; x_wconf 84' lang='grc' dir='ltr'><strong><em>ἀνάγκην</em></strong></span> <span class='ocrx_word' id='word_1_271' title='bbox 572 1285 667 1324; x_wconf 78' lang='grc' dir='ltr'><strong><em>ἔχειν</em></strong></span> <span class='ocrx_word' id='word_1_272' title='bbox 697 1280 766 1317; x_wconf 83' lang='grc' dir='ltr'><strong><em>τὸν</em></strong></span> <span class='ocrx_word' id='word_1_273' title='bbox 798 1280 1058 1326; x_wconf 84' lang='grc' dir='ltr'><strong><em>δανεισάμενον</em></strong></span> <span class='ocrx_word' id='word_1_274' title='bbox 1085 1279 1109 1325; x_wconf 86' lang='grc' dir='ltr'><em>ἢ</em></span> <span class='ocrx_word' id='word_1_275' title='bbox 1140 1280 1340 1326; x_wconf 82' lang='grc' dir='ltr'><strong><em>λαμβάνειν</em></strong></span> <span class='ocrx_word' id='word_1_276' title='bbox 1372 1280 1419 1316; x_wconf 87' lang='grc' dir='ltr'><strong><em>τοὶ</em></strong></span> <span class='ocrx_word' id='word_1_277' title='bbox 1445 1283 1592 1327; x_wconf 82' lang='grc' dir='ltr'><strong><em>ἐνέχυρα</em></strong></span> <span class='ocrx_word' id='word_1_278' title='bbox 1616 1283 1906 1328; x_wconf 75' lang='grc' dir='ltr'><strong><em>ἐπιγινώσκοντα</em></strong></span> <span class='ocrx_word' id='word_1_279' title='bbox 1925 1283 1989 1318; x_wconf 84' lang='grc' dir='ltr'><strong><em>τὰς</em></strong></span> <span class='ocrx_word' id='word_1_280' title='bbox 2013 1280 2210 1337; x_wconf 76' lang='grc' dir='ltr'><strong><em>σφραγῖδας</em></strong></span> <span class='ocrx_word' id='word_1_281' title='bbox 2233 1279 2257 1325; x_wconf 86' lang='grc' dir='ltr'><em>ἢ</em></span> <span class='ocrx_word' id='word_1_282' title='bbox 2279 1285 2339 1315; x_wconf 86' lang='grc' dir='ltr'><strong><em>καὶ</em></strong></span> <span class='ocrx_word' id='word_1_283' title='bbox 2364 1279 2455 1315; x_wconf 79' lang='grc' dir='ltr'><strong><em>αὐτὰ</em></strong></span> 
     </span>
     <span class='ocr_line' id='line_1_23' title="bbox 233 1324 2520 1373; baseline -0.001 -10"><span class='ocrx_word' id='word_1_284' title='bbox 233 1326 281 1370; x_wconf 77' lang='grc' dir='ltr'><strong><em>μὴ</em></strong></span> <span class='ocrx_word' id='word_1_285' title='bbox 306 1324 619 1373; x_wconf 85' lang='grc' dir='ltr'><strong><em>ῥαδιουργηθέντα</em></strong></span> <span class='ocrx_word' id='word_1_286' title='bbox 651 1330 711 1361; x_wconf 84' lang='grc' dir='ltr'><strong><em>καὶ</em></strong></span> <span class='ocrx_word' id='word_1_287' title='bbox 735 1325 969 1372; x_wconf 77' lang='grc' dir='ltr'><strong><em>ἀποπληροῦν</em></strong></span> <span class='ocrx_word' id='word_1_288' title='bbox 991 1325 1034 1361; x_wconf 87' lang='grc' dir='ltr'><strong><em>τό</em></strong></span> <span class='ocrx_word' id='word_1_289' title='bbox 1058 1339 1098 1361; x_wconf 87' lang='grc' dir='ltr'><strong><em>τε</em></strong></span> <span class='ocrx_word' id='word_1_290' title='bbox 1122 1325 1319 1372; x_wconf 87' lang='grc' dir='ltr'><strong><em>κεφάλαιον</em></strong></span> <span class='ocrx_word' id='word_1_291' title='bbox 1343 1327 1408 1361; x_wconf 87' lang='grc' dir='ltr'><strong><em>τόν</em></strong></span> <span class='ocrx_word' id='word_1_292' title='bbox 1431 1340 1471 1362; x_wconf 85' lang='grc' dir='ltr'><strong><em>τε</em></strong></span> <span class='ocrx_word' id='word_1_293' title='bbox 1495 1328 1791 1373; x_wconf 81' lang='grc' dir='ltr'><strong><em>συμφωνηθέντα</em></strong></span> <span class='ocrx_word' id='word_1_294' title='bbox 1814 1327 1936 1372; x_wconf 88' lang='grc' dir='ltr'><strong><em>τόκον,</em></strong></span> <span class='ocrx_word' id='word_1_295' title='bbox 1960 1325 1983 1370; x_wconf 83' lang='grc' dir='ltr'><em>ἢ</em></span> <span class='ocrx_word' id='word_1_296' title='bbox 2006 1329 2104 1373; x_wconf 75' lang='grc' dir='ltr'><strong><em>εἰπερ</em></strong></span> <span class='ocrx_word' id='word_1_297' title='bbox 2129 1324 2194 1361; x_wconf 82' lang='grc' dir='ltr'><strong><em>οὐκ</em></strong></span> <span class='ocrx_word' id='word_1_298' title='bbox 2218 1327 2289 1370; x_wconf 74' lang='grc' dir='ltr'><strong><em>ἔχει</em></strong></span> <span class='ocrx_word' id='word_1_299' title='bbox 2311 1341 2332 1369; x_wconf 92' lang='grc' dir='ltr'><strong><em>χ</em></strong></span> <span class='ocrx_word' id='word_1_300' title='bbox 2355 1329 2457 1360; x_wconf 91' lang='grc' dir='ltr'><strong><em>υσίον</em></strong></span> <span class='ocrx_word' id='word_1_301' title='bbox 2479 1327 2520 1361; x_wconf 85' lang='grc'><strong><em>20</em></strong></span> 
     </span>
     <span class='ocr_line' id='line_1_24' title="bbox 234 1369 2455 1419; baseline 0 -14"><span class='ocrx_word' id='word_1_302' title='bbox 234 1370 253 1405; x_wconf 83' lang='grc' dir='ltr'>ὁ</span> <span class='ocrx_word' id='word_1_303' title='bbox 279 1370 469 1417; x_wconf 75' lang='grc' dir='ltr'><strong><em>ὀφειλέτης,</em></strong></span> <span class='ocrx_word' id='word_1_304' title='bbox 493 1373 541 1406; x_wconf 82' lang='grc' dir='ltr'><strong><em>εἰς</em></strong></span> <span class='ocrx_word' id='word_1_305' title='bbox 564 1371 632 1415; x_wconf 80' lang='grc' dir='ltr'><strong><em>τὴν</em></strong></span> <span class='ocrx_word' id='word_1_306' title='bbox 657 1369 764 1412; x_wconf 79' lang='grc' dir='ltr'><strong><em>ἀξίαν</em></strong></span> <span class='ocrx_word' id='word_1_307' title='bbox 788 1370 995 1415; x_wconf 81' lang='grc' dir='ltr'><strong><em>διατίμησιν</em></strong></span> <span class='ocrx_word' id='word_1_308' title='bbox 1018 1373 1136 1406; x_wconf 87' lang='grc' dir='ltr'><strong><em>ταῦτα</em></strong></span> <span class='ocrx_word' id='word_1_309' title='bbox 1159 1371 1444 1415; x_wconf 84' lang='grc' dir='ltr'><strong><em>καταλιμπάνειν</em></strong></span> <span class='ocrx_word' id='word_1_310' title='bbox 1466 1375 1526 1406; x_wconf 83' lang='grc' dir='ltr'><strong><em>καὶ</em></strong></span> <span class='ocrx_word' id='word_1_311' title='bbox 1549 1373 1592 1408; x_wconf 84' lang='grc' dir='ltr'><strong><em>τὸ</em></strong></span> <span class='ocrx_word' id='word_1_312' title='bbox 1616 1371 1820 1408; x_wconf 79' lang='grc' dir='ltr'><strong><em>ὑπόλοιπον</em></strong></span> <span class='ocrx_word' id='word_1_313' title='bbox 1844 1371 2015 1419; x_wconf 83' lang='grc' dir='ltr'><strong><em>πληροῦν,</em></strong></span> <span class='ocrx_word' id='word_1_314' title='bbox 2039 1369 2080 1407; x_wconf 82' lang='grc' dir='ltr'><strong><em>οὗ</em></strong></span> <span class='ocrx_word' id='word_1_315' title='bbox 2106 1370 2306 1415; x_wconf 84' lang='grc' dir='ltr'><strong><em>δυνάμενον</em></strong></span> <span class='ocrx_word' id='word_1_316' title='bbox 2351 1374 2455 1416; x_wconf 86' lang='grc' dir='ltr'><strong><em>έγειν,</em></strong></span> 
     </span>
     <span class='ocr_line' id='line_1_25' title="bbox 234 1414 2457 1464; baseline -0 -14"><span class='ocrx_word' id='word_1_317' title='bbox 234 1417 282 1451; x_wconf 71' lang='grc' dir='ltr'><strong><em>αἱς</em></strong></span> <span class='ocrx_word' id='word_1_318' title='bbox 314 1415 368 1450; x_wconf 87' lang='grc' dir='ltr'><strong><em>δεῖ</em></strong></span> <span class='ocrx_word' id='word_1_319' title='bbox 398 1415 510 1451; x_wconf 75' lang='grc' dir='ltr'><strong><em>αὐτὸν</em></strong></span> <span class='ocrx_word' id='word_1_320' title='bbox 542 1414 771 1462; x_wconf 83' lang='grc' dir='ltr'><strong><em>ἀρκεσθῆναι</em></strong></span> <span class='ocrx_word' id='word_1_321' title='bbox 801 1420 874 1452; x_wconf 89' lang='grc' dir='ltr'><strong><em>τοῖς</em></strong></span> <span class='ocrx_word' id='word_1_322' title='bbox 906 1414 1091 1462; x_wconf 83' lang='grc' dir='ltr'><strong><em>ένεχύροις,</em></strong></span> <span class='ocrx_word' id='word_1_323' title='bbox 1119 1414 1189 1451; x_wconf 79' lang='grc' dir='ltr'><strong><em>κᾶν</em></strong></span> <span class='ocrx_word' id='word_1_324' title='bbox 1215 1417 1247 1451; x_wconf 85' lang='grc' dir='ltr'><strong><em>εἰ</em></strong></span> <span class='ocrx_word' id='word_1_325' title='bbox 1269 1415 1460 1452; x_wconf 80' lang='grc' dir='ltr'><strong><em>ἐλάττονος</em></strong></span> <span class='ocrx_word' id='word_1_326' title='bbox 1483 1417 1555 1452; x_wconf 86' lang='grc' dir='ltr'><strong><em>εἷεν</em></strong></span> <span class='ocrx_word' id='word_1_327' title='bbox 1576 1415 1787 1460; x_wconf 85' lang='grc' dir='ltr'><strong><em>ποσότητος,</em></strong></span> <span class='ocrx_word' id='word_1_328' title='bbox 1811 1414 1886 1452; x_wconf 73' lang='grc' dir='ltr'><strong><em>ἀλλ’</em></strong></span> <span class='ocrx_word' id='word_1_329' title='bbox 1913 1420 1952 1452; x_wconf 75' lang='grc' dir='ltr'><strong><em>ἐκ</em></strong></span> <span class='ocrx_word' id='word_1_330' title='bbox 1975 1417 2111 1464; x_wconf 88' lang='grc' dir='ltr'><strong><em>τρόπου</em></strong></span> <span class='ocrx_word' id='word_1_331' title='bbox 2135 1416 2272 1453; x_wconf 83' lang='grc' dir='ltr'><strong><em>παντὸς</em></strong></span> <span class='ocrx_word' id='word_1_332' title='bbox 2296 1415 2457 1462; x_wconf 82' lang='grc' dir='ltr'><strong><em>πληροῦν</em></strong></span> 
     </span>
     <span class='ocr_line' id='line_1_26' title="bbox 233 1458 2455 1509; baseline -0.001 -13"><span class='ocrx_word' id='word_1_333' title='bbox 233 1462 310 1496; x_wconf 85' lang='grc' dir='ltr'><strong><em>πᾶν</em></strong></span> <span class='ocrx_word' id='word_1_334' title='bbox 331 1461 374 1495; x_wconf 84' lang='grc' dir='ltr'><strong><em>τὸ</em></strong></span> <span class='ocrx_word' id='word_1_335' title='bbox 395 1464 502 1507; x_wconf 80' lang='grc' dir='ltr'><strong><em>χρέος,</em></strong></span> <span class='ocrx_word' id='word_1_336' title='bbox 526 1458 614 1496; x_wconf 79' lang='grc' dir='ltr'><strong><em>ὅσον</em></strong></span> <span class='ocrx_word' id='word_1_337' title='bbox 639 1458 687 1495; x_wconf 77' lang='grc' dir='ltr'><strong><em>ἄν</em></strong></span> <span class='ocrx_word' id='word_1_338' title='bbox 708 1462 799 1505; x_wconf 84' lang='grc' dir='ltr'><strong><em>μετὰ</em></strong></span> <span class='ocrx_word' id='word_1_339' title='bbox 823 1463 887 1497; x_wconf 89' lang='grc' dir='ltr'><strong><em>τοῦ</em></strong></span> <span class='ocrx_word' id='word_1_340' title='bbox 912 1461 1221 1507; x_wconf 85' lang='grc' dir='ltr'><strong><em>συμφωνηθέντος</em></strong></span> <span class='ocrx_word' id='word_1_341' title='bbox 1243 1460 1432 1509; x_wconf 87' lang='grc' dir='ltr'><strong><em>λογισθείη</em></strong></span> <span class='ocrx_word' id='word_1_342' title='bbox 1465 1462 1585 1498; x_wconf 87' lang='grc' dir='ltr'><strong><em>τόκου.</em></strong></span> <span class='ocrx_word' id='word_1_343' title='bbox 1633 1463 1664 1497; x_wconf 83' lang='grc' dir='ltr'><strong><em>εἰ</em></strong></span> <span class='ocrx_word' id='word_1_344' title='bbox 1695 1461 1735 1496; x_wconf 81' lang='grc' dir='ltr'><strong><em>δὲ</em></strong></span> <span class='ocrx_word' id='word_1_345' title='bbox 1755 1466 1814 1496; x_wconf 82' lang='grc' dir='ltr'><strong><em>καὶ</em></strong></span> <span class='ocrx_word' id='word_1_346' title='bbox 1837 1460 2004 1509; x_wconf 87' lang='grc' dir='ltr'><strong><em>ὁρισθείη</em></strong></span> <span class='ocrx_word' id='word_1_347' title='bbox 2028 1463 2152 1507; x_wconf 87' lang='grc' dir='ltr'><strong><em>χρόνος</em></strong></span> <span class='ocrx_word' id='word_1_348' title='bbox 2175 1463 2237 1497; x_wconf 76' lang='grc' dir='ltr'><strong><em>ἐπὶ</em></strong></span> <span class='ocrx_word' id='word_1_349' title='bbox 2259 1462 2312 1504; x_wconf 76' lang='grc' dir='ltr'><strong><em>τῷ</em></strong></span> <span class='ocrx_word' id='word_1_350' title='bbox 2337 1459 2455 1496; x_wconf 85' lang='grc' dir='ltr'><strong><em>δανεί-</em></strong></span> 
     </span>
     <span class='ocr_line' id='line_1_27' title="bbox 234 1503 2457 1554; baseline 0 -14"><span class='ocrx_word' id='word_1_351' title='bbox 234 1519 345 1550; x_wconf 85' lang='grc' dir='ltr'><strong><em>σματι</em></strong></span> <span class='ocrx_word' id='word_1_352' title='bbox 369 1505 548 1552; x_wconf 80' lang='grc' dir='ltr'><strong><em>ἐνεχύρων</em></strong></span> <span class='ocrx_word' id='word_1_353' title='bbox 570 1503 671 1548; x_wconf 77' lang='grc' dir='ltr'><strong><em>ἅπαξ</em></strong></span> <span class='ocrx_word' id='word_1_354' title='bbox 695 1505 899 1551; x_wconf 85' lang='grc' dir='ltr'><strong><em>δεδομένων</em></strong></span> <span class='ocrx_word' id='word_1_355' title='bbox 922 1505 944 1548; x_wconf 84' lang='grc' dir='ltr'>ἣ</span> <span class='ocrx_word' id='word_1_356' title='bbox 966 1507 1264 1552; x_wconf 78' lang='grc' dir='ltr'><strong><em>ἐσφραγισμένων</em></strong></span> <span class='ocrx_word' id='word_1_357' title='bbox 1287 1504 1311 1550; x_wconf 84' lang='grc' dir='ltr'><em>ἢ</em></span> <span class='ocrx_word' id='word_1_358' title='bbox 1334 1503 1604 1553; x_wconf 83' lang='grc' dir='ltr'><strong><em>ἀσφραγίστων,</em></strong></span> <span class='ocrx_word' id='word_1_359' title='bbox 1629 1508 1714 1542; x_wconf 86' lang='grc' dir='ltr'><strong><em>εἵσω</em></strong></span> <span class='ocrx_word' id='word_1_360' title='bbox 1736 1505 1776 1541; x_wconf 82' lang='grc' dir='ltr'><strong><em>δὲ</em></strong></span> <span class='ocrx_word' id='word_1_361' title='bbox 1798 1508 1863 1542; x_wconf 81' lang='grc' dir='ltr'><strong><em>τοῦ</em></strong></span> <span class='ocrx_word' id='word_1_362' title='bbox 1878 1507 2006 1553; x_wconf 86' lang='grc' dir='ltr'><strong><em>χρόνου</em></strong></span> <span class='ocrx_word' id='word_1_363' title='bbox 2023 1509 2073 1552; x_wconf 87' lang='grc' dir='ltr'><strong><em>μὴ</em></strong></span> <span class='ocrx_word' id='word_1_364' title='bbox 2091 1509 2239 1554; x_wconf 89' lang='grc' dir='ltr'><strong><em>γένηται</em></strong></span> <span class='ocrx_word' id='word_1_365' title='bbox 2255 1505 2298 1541; x_wconf 82' lang='grc' dir='ltr'><strong><em>τὸ</em></strong></span> <span class='ocrx_word' id='word_1_366' title='bbox 2316 1503 2457 1548; x_wconf 87' lang='grc' dir='ltr'><strong><em>ἱκανόν,</em></strong></span> 
     </span>
     <span class='ocr_line' id='line_1_28' title="bbox 234 1547 2523 1600; baseline 0 -16"><span class='ocrx_word' id='word_1_367' title='bbox 234 1550 338 1586; x_wconf 82' lang='grc' dir='ltr'><strong><em>ἄλλος</em></strong></span> <span class='ocrx_word' id='word_1_368' title='bbox 365 1550 404 1585; x_wconf 81' lang='grc' dir='ltr'><strong><em>δὲ</em></strong></span> <span class='ocrx_word' id='word_1_369' title='bbox 433 1552 602 1587; x_wconf 86' lang='grc' dir='ltr'><strong><em>τοσοῦτος</em></strong></span> <span class='ocrx_word' id='word_1_370' title='bbox 632 1551 800 1600; x_wconf 84' lang='grc' dir='ltr'><strong><em>παρέλθῃ</em></strong></span> <span class='ocrx_word' id='word_1_371' title='bbox 830 1551 966 1598; x_wconf 84' lang='grc' dir='ltr'><strong><em>χρόνος,</em></strong></span> <span class='ocrx_word' id='word_1_372' title='bbox 997 1552 1128 1593; x_wconf 79' lang='grc' dir='ltr'><strong><em>ἐξεῖναι</em></strong></span> <span class='ocrx_word' id='word_1_373' title='bbox 1158 1547 1285 1587; x_wconf 79' lang='grc' dir='ltr'><strong><em>αὖτοὺς</em></strong></span> <span class='ocrx_word' id='word_1_374' title='bbox 1309 1548 1479 1596; x_wconf 82' lang='grc' dir='ltr'><strong><em>ἀκριβοῦς</em></strong></span> <span class='ocrx_word' id='word_1_375' title='bbox 1504 1551 1741 1597; x_wconf 85' lang='grc' dir='ltr'><strong><em>διατιμήσεως</em></strong></span> <span class='ocrx_word' id='word_1_376' title='bbox 1759 1555 1950 1599; x_wconf 85' lang='grc' dir='ltr'><strong><em>γενομένης</em></strong></span> <span class='ocrx_word' id='word_1_377' title='bbox 1973 1552 2172 1597; x_wconf 84' lang='grc' dir='ltr'><strong><em>παρόντων</em></strong></span> <span class='ocrx_word' id='word_1_378' title='bbox 2195 1554 2256 1585; x_wconf 84' lang='grc' dir='ltr'><strong><em>καὶ</em></strong></span> <span class='ocrx_word' id='word_1_379' title='bbox 2278 1549 2456 1595; x_wconf 86' lang='grc' dir='ltr'><strong><em>ταβουλα-</em></strong></span> <span class='ocrx_word' id='word_1_380' title='bbox 2481 1551 2523 1584; x_wconf 87' lang='grc'><strong><em>25</em></strong></span> 
     </span>
    </p>

    <p class='ocr_par' dir='ltr' id='par_1_7' title="bbox 234 1595 2459 1688">
     <span class='ocr_line' id='line_1_29' title="bbox 258 1595 2459 1643; baseline 0 -14"><span class='ocrx_word' id='word_1_381' title='bbox 258 1600 324 1630; x_wconf 86' lang='grc' dir='ltr'><strong><em>ι’ων</em></strong></span> <span class='ocrx_word' id='word_1_382' title='bbox 346 1599 405 1630; x_wconf 86' lang='grc' dir='ltr'><strong><em>καὶ</em></strong></span> <span class='ocrx_word' id='word_1_383' title='bbox 429 1597 507 1631; x_wconf 77' lang='grc' dir='ltr'><strong><em>τῶν</em></strong></span> <span class='ocrx_word' id='word_1_384' title='bbox 530 1598 650 1631; x_wconf 86' lang='grc' dir='ltr'><strong><em>θείων</em></strong></span> <span class='ocrx_word' id='word_1_385' title='bbox 673 1600 921 1642; x_wconf 81' lang='grc' dir='ltr'><strong><em>προκειμένων</em></strong></span> <span class='ocrx_word' id='word_1_386' title='bbox 944 1595 1079 1643; x_wconf 88' lang='grc' dir='ltr'><strong><em>λογίων</em></strong></span> <span class='ocrx_word' id='word_1_387' title='bbox 1102 1600 1162 1630; x_wconf 83' lang='grc' dir='ltr'><strong><em>καὶ</em></strong></span> <span class='ocrx_word' id='word_1_388' title='bbox 1179 1595 1405 1640; x_wconf 84' lang='grc' dir='ltr'><strong><em>διατιμητῶν</em></strong></span> <span class='ocrx_word' id='word_1_389' title='bbox 1421 1597 1822 1643; x_wconf 83' lang='grc' dir='ltr'><strong><em>παραλαμβανομένων,</em></strong></span> <span class='ocrx_word' id='word_1_390' title='bbox 1846 1596 2093 1643; x_wconf 86' lang='grc' dir='ltr'><strong><em>διατιμᾶσθαι</em></strong></span> <span class='ocrx_word' id='word_1_391' title='bbox 2109 1597 2228 1632; x_wconf 83' lang='grc' dir='ltr'><strong><em>ταῦτα</em></strong></span> <span class='ocrx_word' id='word_1_392' title='bbox 2246 1599 2306 1631; x_wconf 87' lang='grc' dir='ltr'><strong><em>καὶ</em></strong></span> <span class='ocrx_word' id='word_1_393' title='bbox 2321 1597 2459 1630; x_wconf 75' lang='grc' dir='ltr'><strong><em>ἑαυτοῖς</em></strong></span> 
     </span>
     <span class='ocr_line' id='line_1_30' title="bbox 234 1609 1586 1688; baseline 0.003 -14"><span class='ocrx_word' id='word_1_394' title='bbox 234 1609 455 1688; x_wconf 58' lang='grc' dir='ltr'><strong><em>λογίζεσθαι,</em></strong></span> <span class='ocrx_word' id='word_1_395' title='bbox 479 1641 549 1676; x_wconf 81' lang='grc' dir='ltr'><strong><em>εἴτε</em></strong></span> <span class='ocrx_word' id='word_1_396' title='bbox 575 1642 714 1687; x_wconf 74' lang='grc' dir='ltr'><strong><em>ἐξαρκεῖ</em></strong></span> <span class='ocrx_word' id='word_1_397' title='bbox 736 1643 784 1676; x_wconf 86' lang='grc' dir='ltr'><strong><em>εἰς</em></strong></span> <span class='ocrx_word' id='word_1_398' title='bbox 806 1642 849 1676; x_wconf 83' lang='grc' dir='ltr'><strong><em>τὸ</em></strong></span> <span class='ocrx_word' id='word_1_399' title='bbox 873 1644 972 1688; x_wconf 89' lang='grc' dir='ltr'><strong><em>χρέος</em></strong></span> <span class='ocrx_word' id='word_1_400' title='bbox 995 1642 1066 1676; x_wconf 86' lang='grc' dir='ltr'><strong><em>εἴτε</em></strong></span> <span class='ocrx_word' id='word_1_401' title='bbox 1088 1645 1149 1676; x_wconf 89' lang='grc' dir='ltr'><strong><em>καὶ</em></strong></span> <span class='ocrx_word' id='word_1_402' title='bbox 1172 1642 1220 1676; x_wconf 85' lang='grc' dir='ltr'><strong><em>εἰς</em></strong></span> <span class='ocrx_word' id='word_1_403' title='bbox 1242 1645 1345 1687; x_wconf 85' lang='grc' dir='ltr'><strong><em>μέρος</em></strong></span> <span class='ocrx_word' id='word_1_404' title='bbox 1368 1644 1434 1677; x_wconf 87' lang='grc' dir='ltr'><strong><em>τοῦ</em></strong></span> <span class='ocrx_word' id='word_1_405' title='bbox 1457 1645 1586 1686; x_wconf 83' lang='grc' dir='ltr'><strong><em>χρέους.</em></strong></span> 
     </span>
    </p>
   </div>
   <div class='ocr_carea' id='block_1_7' title="bbox 1243 1742 1469 1779">
    <p class='ocr_par' dir='ltr' id='par_1_8' title="bbox 1243 1742 1469 1779">
     <span class='ocr_line' id='line_1_31' title="bbox 1243 1742 1469 1779; baseline 0.004 -1"><span class='ocrx_word' id='word_1_406' title='bbox 1243 1742 1402 1779; x_wconf 88' lang='lat' dir='ltr'>CAPUT</span> <span class='ocrx_word' id='word_1_407' title='bbox 1426 1742 1469 1779; x_wconf 90' lang='lat' dir='ltr'><strong><em>V.</em></strong></span> 
     </span>
    </p>
   </div>
   <div class='ocr_carea' id='block_1_8' title="bbox 236 1805 2522 2034">
    <p class='ocr_par' dir='ltr' id='par_1_9' title="bbox 236 1805 2522 2034">
     <span class='ocr_line' id='line_1_32' title="bbox 372 1805 2456 1855; baseline 0 -14"><span class='ocrx_word' id='word_1_408' title='bbox 372 1811 444 1842; x_wconf 88' lang='grc' dir='ltr'><strong><em>Καὶ</em></strong></span> <span class='ocrx_word' id='word_1_409' title='bbox 475 1808 582 1842; x_wconf 85' lang='grc' dir='ltr'><strong><em>τοῦτο</em></strong></span> <span class='ocrx_word' id='word_1_410' title='bbox 611 1811 734 1851; x_wconf 87' lang='grc' dir='ltr'><strong><em>μέντοι</em></strong></span> <span class='ocrx_word' id='word_1_411' title='bbox 764 1805 946 1842; x_wconf 83' lang='grc' dir='ltr'><strong><em>ἰάσασθαι</em></strong></span> <span class='ocrx_word' id='word_1_412' title='bbox 976 1807 1097 1855; x_wconf 82' lang='grc' dir='ltr'><strong><em>ᾔτουν,</em></strong></span> <span class='ocrx_word' id='word_1_413' title='bbox 1130 1805 1218 1844; x_wconf 70' lang='grc' dir='ltr'><strong><em>ὥςτε</em></strong></span> <span class='ocrx_word' id='word_1_414' title='bbox 1250 1807 1310 1843; x_wconf 84' lang='grc' dir='ltr'><strong><em>διὰ</em></strong></span> <span class='ocrx_word' id='word_1_415' title='bbox 1340 1808 1383 1843; x_wconf 84' lang='grc' dir='ltr'><strong><em>τὸ</em></strong></span> <span class='ocrx_word' id='word_1_416' title='bbox 1414 1808 1483 1844; x_wconf 85' lang='grc' dir='ltr'><strong><em>τὸν</em></strong></span> <span class='ocrx_word' id='word_1_417' title='bbox 1513 1812 1597 1853; x_wconf 85' lang='grc' dir='ltr'><strong><em>βίον</em></strong></span> <span class='ocrx_word' id='word_1_418' title='bbox 1626 1807 1744 1843; x_wconf 82' lang='grc' dir='ltr'><strong><em>αὐτοῖς</em></strong></span> <span class='ocrx_word' id='word_1_419' title='bbox 1774 1809 1815 1843; x_wconf 71' lang='grc' dir='ltr'><strong><em>ἐν</em></strong></span> <span class='ocrx_word' id='word_1_420' title='bbox 1845 1810 1899 1852; x_wconf 79' lang='grc' dir='ltr'><strong><em>τῷ</em></strong></span> <span class='ocrx_word' id='word_1_421' title='bbox 1933 1807 2113 1850; x_wconf 85' lang='grc' dir='ltr'><strong><em>δανείζειν</em></strong></span> <span class='ocrx_word' id='word_1_422' title='bbox 2135 1812 2196 1842; x_wconf 83' lang='grc' dir='ltr'><strong><em>καὶ</em></strong></span> <span class='ocrx_word' id='word_1_423' title='bbox 2220 1807 2456 1851; x_wconf 81' lang='grc' dir='ltr'><strong><em>δανείζεσθαι</em></strong></span> 
     </span>
     <span class='ocr_line' id='line_1_33' title="bbox 236 1850 2454 1898; baseline 0 -11"><span class='ocrx_word' id='word_1_424' title='bbox 236 1852 463 1887; x_wconf 84' lang='grc' dir='ltr'><strong><em>καθεστάναι</em></strong></span> <span class='ocrx_word' id='word_1_425' title='bbox 494 1856 554 1886; x_wconf 88' lang='grc' dir='ltr'><strong><em>καὶ</em></strong></span> <span class='ocrx_word' id='word_1_426' title='bbox 585 1850 803 1898; x_wconf 87' lang='grc' dir='ltr'><strong><em>ἀντιφωνεῖν</em></strong></span> <span class='ocrx_word' id='word_1_427' title='bbox 833 1850 923 1897; x_wconf 72' lang='grc' dir='ltr'><strong><em>’ὑπὲρ</em></strong></span> <span class='ocrx_word' id='word_1_428' title='bbox 956 1853 1091 1897; x_wconf 81' lang='grc' dir='ltr'><strong><em>ἑτέρων</em></strong></span> <span class='ocrx_word' id='word_1_429' title='bbox 1114 1856 1174 1887; x_wconf 79' lang='grc' dir='ltr'><strong><em>καὶ</em></strong></span> <span class='ocrx_word' id='word_1_430' title='bbox 1197 1851 1323 1888; x_wconf 85' lang='grc' dir='ltr'><strong><em>τόκους</em></strong></span> <span class='ocrx_word' id='word_1_431' title='bbox 1345 1852 1471 1897; x_wconf 82' lang='grc' dir='ltr'><strong><em>τελεῖν,</em></strong></span> <span class='ocrx_word' id='word_1_432' title='bbox 1494 1853 1544 1897; x_wconf 89' lang='grc' dir='ltr'><strong><em>μὴ</em></strong></span> <span class='ocrx_word' id='word_1_433' title='bbox 1564 1851 1831 1888; x_wconf 85' lang='grc' dir='ltr'><strong><em>ἀντιτίθεσθαι</em></strong></span> <span class='ocrx_word' id='word_1_434' title='bbox 1856 1851 1975 1887; x_wconf 79' lang='grc' dir='ltr'><strong><em>αὐτοῖς</em></strong></span> <span class='ocrx_word' id='word_1_435' title='bbox 1996 1852 2064 1896; x_wconf 83' lang='grc' dir='ltr'><strong><em>τὴν</em></strong></span> <span class='ocrx_word' id='word_1_436' title='bbox 2087 1851 2267 1897; x_wconf 81' lang='grc' dir='ltr'><strong><em>ἡμετέραν</em></strong></span> <span class='ocrx_word' id='word_1_437' title='bbox 2289 1850 2454 1894; x_wconf 81' lang='grc' dir='ltr'><strong><em>διάταξιν</em></strong></span> 
     </span>
     <span class='ocr_line' id='line_1_34' title="bbox 237 1895 2522 1945; baseline -0 -14"><span class='ocrx_word' id='word_1_438' title='bbox 237 1899 276 1932; x_wconf 77' lang='grc' dir='ltr'><strong><em>ἐν</em></strong></span> <span class='ocrx_word' id='word_1_439' title='bbox 304 1900 376 1931; x_wconf 89' lang='grc' dir='ltr'><strong><em>τοῖς</em></strong></span> <span class='ocrx_word' id='word_1_440' title='bbox 407 1895 654 1941; x_wconf 86' lang='grc' dir='ltr'><strong><em>δανείσμασιν,</em></strong></span> <span class='ocrx_word' id='word_1_441' title='bbox 687 1895 733 1939; x_wconf 76' lang='grc' dir='ltr'><strong><em>ἢν</em></strong></span> <span class='ocrx_word' id='word_1_442' title='bbox 765 1898 976 1944; x_wconf 80' lang='grc' dir='ltr'><strong><em>ἐγράψαμεν</em></strong></span> <span class='ocrx_word' id='word_1_443' title='bbox 1005 1895 1133 1942; x_wconf 85' lang='grc' dir='ltr'><strong><em>μηδενὶ</em></strong></span> <span class='ocrx_word' id='word_1_444' title='bbox 1154 1899 1419 1945; x_wconf 87' lang='grc' dir='ltr'><strong><em>συγχωροῦντες</em></strong></span> <span class='ocrx_word' id='word_1_445' title='bbox 1439 1897 1530 1944; x_wconf 77' lang='grc' dir='ltr'><strong><em>ὑπὲρ</em></strong></span> <span class='ocrx_word' id='word_1_446' title='bbox 1553 1898 1596 1932; x_wconf 88' lang='grc' dir='ltr'><strong><em>τὸ</em></strong></span> <span class='ocrx_word' id='word_1_447' title='bbox 1623 1895 1818 1933; x_wconf 87' lang='grc' dir='ltr'><strong><em>διπλάσιον</em></strong></span> <span class='ocrx_word' id='word_1_448' title='bbox 1842 1898 2061 1940; x_wconf 84' lang='grc' dir='ltr'><strong><em>κομίζεσθαί</em></strong></span> <span class='ocrx_word' id='word_1_449' title='bbox 2082 1911 2129 1940; x_wconf 92' lang='grc' dir='ltr'><strong><em>τι,</em></strong></span> <span class='ocrx_word' id='word_1_450' title='bbox 2150 1898 2250 1945; x_wconf 82' lang='grc' dir='ltr'><strong><em>εἴπερ</em></strong></span> <span class='ocrx_word' id='word_1_451' title='bbox 2274 1895 2455 1940; x_wconf 88' lang='grc' dir='ltr'><strong><em>τοσαύτην</em></strong></span> <span class='ocrx_word' id='word_1_452' title='bbox 2479 1897 2522 1930; x_wconf 89' lang='grc'><strong><em>30</em></strong></span> 
     </span>
     <span class='ocr_line' id='line_1_35' title="bbox 237 1939 2457 1988; baseline 0 -12"><span class='ocrx_word' id='word_1_453' title='bbox 237 1940 436 1986; x_wconf 84' lang='grc' dir='ltr'><strong><em>καταβάλοι</em></strong></span> <span class='ocrx_word' id='word_1_454' title='bbox 459 1939 657 1986; x_wconf 87' lang='grc' dir='ltr'><strong><em>ποσότητα,</em></strong></span> <span class='ocrx_word' id='word_1_455' title='bbox 682 1940 773 1986; x_wconf 76' lang='grc' dir='ltr'><strong><em>ὅσην</em></strong></span> <span class='ocrx_word' id='word_1_456' title='bbox 793 1942 837 1977; x_wconf 89' lang='grc' dir='ltr'><strong><em>τό</em></strong></span> <span class='ocrx_word' id='word_1_457' title='bbox 861 1955 901 1977; x_wconf 89' lang='grc' dir='ltr'><strong><em>τε</em></strong></span> <span class='ocrx_word' id='word_1_458' title='bbox 926 1939 1076 1987; x_wconf 89' lang='grc' dir='ltr'><strong><em>ἀρχαῖον</em></strong></span> <span class='ocrx_word' id='word_1_459' title='bbox 1099 1943 1138 1977; x_wconf 85' lang='grc' dir='ltr'><strong><em>οἴ</em></strong></span> <span class='ocrx_word' id='word_1_460' title='bbox 1157 1956 1197 1977; x_wconf 91' lang='grc' dir='ltr'><strong><em>τε</em></strong></span> <span class='ocrx_word' id='word_1_461' title='bbox 1220 1942 1318 1978; x_wconf 89' lang='grc' dir='ltr'><strong><em>τόκοι</em></strong></span> <span class='ocrx_word' id='word_1_462' title='bbox 1341 1942 1549 1988; x_wconf 83' lang='grc' dir='ltr'><strong><em>πληροῦσιν.</em></strong></span> <span class='ocrx_word' id='word_1_463' title='bbox 1597 1941 1696 1986; x_wconf 86' lang='grc' dir='ltr'><strong><em>ἡμεῖς</em></strong></span> <span class='ocrx_word' id='word_1_464' title='bbox 1718 1946 1842 1977; x_wconf 89' lang='grc' dir='ltr'><strong><em>τοίνυν</em></strong></span> <span class='ocrx_word' id='word_1_465' title='bbox 1865 1944 1934 1986; x_wconf 84' lang='grc' dir='ltr'><strong><em>τὴν</em></strong></span> <span class='ocrx_word' id='word_1_466' title='bbox 1957 1945 2024 1986; x_wconf 87' lang='grc' dir='ltr'><strong><em>μὲν</em></strong></span> <span class='ocrx_word' id='word_1_467' title='bbox 2049 1940 2215 1984; x_wconf 83' lang='grc' dir='ltr'><strong><em>διάταξιν</em></strong></span> <span class='ocrx_word' id='word_1_468' title='bbox 2238 1943 2287 1977; x_wconf 83' lang='grc' dir='ltr'><strong><em>εἰς</em></strong></span> <span class='ocrx_word' id='word_1_469' title='bbox 2309 1942 2353 1977; x_wconf 84' lang='grc' dir='ltr'><strong><em>τὸ</em></strong></span> <span class='ocrx_word' id='word_1_470' title='bbox 2378 1943 2457 1985; x_wconf 76' lang='grc' dir='ltr'><strong><em>ἑξῆς</em></strong></span> 
     </span>
     <span class='ocr_line' id='line_1_36' title="bbox 238 1984 2457 2034; baseline 0 -12"><span class='ocrx_word' id='word_1_471' title='bbox 238 1987 506 2031; x_wconf 80' lang='grc' dir='ltr'><strong><em>παραβαθῆναι</em></strong></span> <span class='ocrx_word' id='word_1_472' title='bbox 534 1986 720 2022; x_wconf 83' lang='grc' dir='ltr'><strong><em>παντελῶς</em></strong></span> <span class='ocrx_word' id='word_1_473' title='bbox 750 1986 791 2022; x_wconf 86' lang='grc' dir='ltr'><strong><em>οὗ</em></strong></span> <span class='ocrx_word' id='word_1_474' title='bbox 815 1986 1039 2031; x_wconf 84' lang='grc' dir='ltr'><strong><em>βουλόμεθα,</em></strong></span> <span class='ocrx_word' id='word_1_475' title='bbox 1066 1986 1109 2022; x_wconf 84' lang='grc' dir='ltr'><strong><em>τὸ</em></strong></span> <span class='ocrx_word' id='word_1_476' title='bbox 1134 1986 1174 2022; x_wconf 74' lang='grc' dir='ltr'><strong><em>δὲ</em></strong></span> <span class='ocrx_word' id='word_1_477' title='bbox 1197 1987 1400 2034; x_wconf 83' lang='grc' dir='ltr'><strong><em>παρελθόν,</em></strong></span> <span class='ocrx_word' id='word_1_478' title='bbox 1424 1985 1514 2033; x_wconf 77' lang='grc' dir='ltr'><strong><em>ὅπερ</em></strong></span> <span class='ocrx_word' id='word_1_479' title='bbox 1538 1984 1656 2022; x_wconf 85' lang='grc' dir='ltr'><strong><em>ούκέτι</em></strong></span> <span class='ocrx_word' id='word_1_480' title='bbox 1681 1985 1820 2030; x_wconf 83' lang='grc' dir='ltr'><strong><em>δέχεται</em></strong></span> <span class='ocrx_word' id='word_1_481' title='bbox 1843 1987 2030 2022; x_wconf 80' lang='grc' dir='ltr'><strong><em>παντελῶς</em></strong></span> <span class='ocrx_word' id='word_1_482' title='bbox 2054 1986 2253 2032; x_wconf 79' lang='grc' dir='ltr'><strong><em>ἐπιβουλὴν</em></strong></span> <span class='ocrx_word' id='word_1_483' title='bbox 2273 1984 2457 2032; x_wconf 75' lang='grc' dir='ltr'><strong><em>οὐδεμίαν,</em></strong></span> 
     </span>
    </p>
   </div>
   <div class='ocr_carea' id='block_1_9' title="bbox 236 2151 2461 2334">
    <p class='ocr_par' dir='ltr' id='par_1_10' title="bbox 236 2151 2461 2334">
     <span class='ocr_line' id='line_1_37' title="bbox 238 2151 2461 2200; baseline 0 -10"><span class='ocrx_word' id='word_1_484' title='bbox 238 2158 428 2199; x_wconf 89' lang='lat' dir='ltr'><em>utrumque</em></span> <span class='ocrx_word' id='word_1_485' title='bbox 452 2153 597 2189; x_wconf 86' lang='lat' dir='ltr'><em>omnino</em></span> <span class='ocrx_word' id='word_1_486' title='bbox 621 2155 742 2187; x_wconf 89' lang='lat' dir='ltr'><em>ratum</em></span> <span class='ocrx_word' id='word_1_487' title='bbox 766 2153 825 2195; x_wconf 89' lang='lat' dir='ltr'><em>sit,</em></span> <span class='ocrx_word' id='word_1_488' title='bbox 849 2162 966 2197; x_wconf 89' lang='lat' dir='ltr'><em>neque</em></span> <span class='ocrx_word' id='word_1_489' title='bbox 989 2151 1088 2198; x_wconf 90' lang='lat' dir='ltr'><em>quod</em></span> <span class='ocrx_word' id='word_1_490' title='bbox 1109 2155 1239 2188; x_wconf 89' lang='lat' dir='ltr'><em>contra</em></span> <span class='ocrx_word' id='word_1_491' title='bbox 1262 2152 1361 2199; x_wconf 88' lang='lat' dir='ltr'><em>ipsos</em></span> <span class='ocrx_word' id='word_1_492' title='bbox 1383 2156 1438 2189; x_wconf 92' lang='lat' dir='ltr'><strong><em>est</em></strong></span> <span class='ocrx_word' id='word_1_493' title='bbox 1460 2152 1601 2195; x_wconf 78' lang='lat' dir='ltr'><em>valebit,</em></span> <span class='ocrx_word' id='word_1_494' title='bbox 1623 2152 1722 2199; x_wconf 87' lang='lat' dir='ltr'><em>quod</em></span> <span class='ocrx_word' id='word_1_495' title='bbox 1743 2163 1827 2189; x_wconf 85' lang='lat' dir='ltr'><em>vero</em></span> <span class='ocrx_word' id='word_1_496' title='bbox 1849 2163 1920 2200; x_wconf 91' lang='lat' dir='ltr'><em>pro</em></span> <span class='ocrx_word' id='word_1_497' title='bbox 1943 2153 2033 2200; x_wconf 83' lang='lat' dir='ltr'><em>ipsis</em></span> <span class='ocrx_word' id='word_1_498' title='bbox 2055 2156 2109 2190; x_wconf 88' lang='lat' dir='ltr'><strong><em>est</em></strong></span> <span class='ocrx_word' id='word_1_499' title='bbox 2127 2154 2270 2190; x_wconf 88' lang='lat' dir='ltr'><em>irritum</em></span> <span class='ocrx_word' id='word_1_500' title='bbox 2293 2154 2373 2197; x_wconf 88' lang='lat' dir='ltr'><em>erit,</em></span> <span class='ocrx_word' id='word_1_501' title='bbox 2396 2153 2461 2190; x_wconf 89' lang='lat' dir='ltr'><strong><em>sed</em></strong></span> 
     </span>
     <span class='ocr_line' id='line_1_38' title="bbox 236 2197 2458 2246; baseline -0 -11"><span class='ocrx_word' id='word_1_502' title='bbox 236 2200 410 2246; x_wconf 76' lang='lat' dir='ltr'><em>exiqatur</em></span> <span class='ocrx_word' id='word_1_503' title='bbox 439 2201 614 2244; x_wconf 85' lang='lat' dir='ltr'><em>quantum</em></span> <span class='ocrx_word' id='word_1_504' title='bbox 639 2197 838 2233; x_wconf 88' lang='lat' dir='ltr'><em>ratiocinia</em></span> <span class='ocrx_word' id='word_1_505' title='bbox 868 2200 1081 2240; x_wconf 88' lang='lat' dir='ltr'><em>monstrant,</em></span> <span class='ocrx_word' id='word_1_506' title='bbox 1113 2197 1184 2233; x_wconf 91' lang='lat' dir='ltr'><em>nisi</em></span> <span class='ocrx_word' id='word_1_507' title='bbox 1215 2197 1394 2233; x_wconf 85' lang='lat' dir='ltr'><em>alterutra</em></span> <span class='ocrx_word' id='word_1_508' title='bbox 1423 2200 1487 2232; x_wconf 89' lang='lat' dir='ltr'><strong><em>aut</em></strong></span> <span class='ocrx_word' id='word_1_509' title='bbox 1517 2201 1674 2244; x_wconf 86' lang='lat' dir='ltr'><em>utraque</em></span> <span class='ocrx_word' id='word_1_510' title='bbox 1689 2208 1786 2244; x_wconf 88' lang='lat' dir='ltr'><em>pars</em></span> <span class='ocrx_word' id='word_1_511' title='bbox 1805 2209 1845 2234; x_wconf 93' lang='lat' dir='ltr'><strong><em>se</em></strong></span> <span class='ocrx_word' id='word_1_512' title='bbox 1867 2209 2027 2234; x_wconf 88' lang='lat' dir='ltr'><em>errorem</em></span> <span class='ocrx_word' id='word_1_513' title='bbox 2050 2198 2183 2236; x_wconf 86' lang='lat' dir='ltr'><em>calculi</em></span> <span class='ocrx_word' id='word_1_514' title='bbox 2203 2202 2269 2236; x_wconf 91' lang='lat' dir='ltr'><strong><em>aut</em></strong></span> <span class='ocrx_word' id='word_1_515' title='bbox 2291 2199 2458 2235; x_wconf 87' lang='lat' dir='ltr'><em>damnum</em></span> 
     </span>
     <span class='ocr_line' id='line_1_39' title="bbox 237 2240 2459 2295; baseline 0 -15"><span class='ocrx_word' id='word_1_516' title='bbox 237 2245 275 2280; x_wconf 87' lang='lat' dir='ltr'><strong><em>in</em></strong></span> <span class='ocrx_word' id='word_1_517' title='bbox 310 2243 430 2279; x_wconf 89' lang='lat' dir='ltr'><em>usuris</em></span> <span class='ocrx_word' id='word_1_518' title='bbox 458 2252 669 2295; x_wconf 79' lang='lat' dir='ltr'><strong><em>perpessam</em></strong></span> <span class='ocrx_word' id='word_1_519' title='bbox 700 2241 1012 2278; x_wconf 79' lang='lat' dir='ltr'><em>demonstraverit.</em></span> <span class='ocrx_word' id='word_1_520' title='bbox 1066 2240 1110 2277; x_wconf 87' lang='lat' dir='ltr'><strong><em>Si</em></strong></span> <span class='ocrx_word' id='word_1_521' title='bbox 1137 2241 1227 2288; x_wconf 89' lang='lat' dir='ltr'><em>quid</em></span> <span class='ocrx_word' id='word_1_522' title='bbox 1256 2242 1348 2278; x_wconf 87' lang='lat' dir='ltr'><em>enim</em></span> <span class='ocrx_word' id='word_1_523' title='bbox 1379 2241 1451 2277; x_wconf 89' lang='lat' dir='ltr'><em>tale</em></span> <span class='ocrx_word' id='word_1_524' title='bbox 1482 2242 1664 2279; x_wconf 88' lang='lat' dir='ltr'><em>evidenter</em></span> <span class='ocrx_word' id='word_1_525' title='bbox 1693 2242 1918 2286; x_wconf 78' lang='lat' dir='ltr'><em>ostendatur,</em></span> <span class='ocrx_word' id='word_1_526' title='bbox 1955 2243 1994 2279; x_wconf 93' lang='lat' dir='ltr'><strong><em>id</em></strong></span> <span class='ocrx_word' id='word_1_527' title='bbox 2022 2243 2182 2287; x_wconf 80' lang='lat' dir='ltr'><em>legitima</em></span> <span class='ocrx_word' id='word_1_528' title='bbox 2211 2244 2459 2281; x_wconf 78' lang='lat' dir='ltr'><em>emendatione</em></span> 
     </span>
     <span class='ocr_line' id='line_1_40' title="bbox 237 2287 1496 2334; baseline -0.002 -10"><span class='ocrx_word' id='word_1_529' title='bbox 237 2289 342 2334; x_wconf 77' lang='lat' dir='ltr'><em>affici</em></span> <span class='ocrx_word' id='word_1_530' title='bbox 364 2298 555 2331; x_wconf 78' lang='lat' dir='ltr'><em>sancimus,</em></span> <span class='ocrx_word' id='word_1_531' title='bbox 578 2290 619 2322; x_wconf 86' lang='lat' dir='ltr'><strong><em>ut</em></strong></span> <span class='ocrx_word' id='word_1_532' title='bbox 641 2287 889 2333; x_wconf 83' lang='lat' dir='ltr'><em>unusquisque</em></span> <span class='ocrx_word' id='word_1_533' title='bbox 912 2287 1047 2322; x_wconf 87' lang='lat' dir='ltr'><em>iustitia</em></span> <span class='ocrx_word' id='word_1_534' title='bbox 1072 2290 1107 2322; x_wconf 91' lang='lat' dir='ltr'><strong><em>et</em></strong></span> <span class='ocrx_word' id='word_1_535' title='bbox 1129 2287 1311 2333; x_wconf 86' lang='lat' dir='ltr'><em>aequitate</em></span> <span class='ocrx_word' id='word_1_536' title='bbox 1332 2287 1496 2332; x_wconf 83' lang='lat' dir='ltr'><em>fruatur.</em></span> 
     </span>
    </p>
   </div>
   <div class='ocr_carea' id='block_1_10' title="bbox 232 2342 2459 2660">
    <p class='ocr_par' dir='ltr' id='par_1_11' title="bbox 232 2342 2459 2660">
     <span class='ocr_line' id='line_1_41' title="bbox 371 2342 2459 2396; baseline 0.002 -17"><span class='ocrx_word' id='word_1_537' title='bbox 371 2344 437 2380; x_wconf 90' lang='lat'>111.</span> <span class='ocrx_word' id='word_1_538' title='bbox 484 2343 567 2379; x_wconf 84' lang='lat' dir='ltr'><strong><em>Hoc</em></strong></span> <span class='ocrx_word' id='word_1_539' title='bbox 596 2354 740 2389; x_wconf 89' lang='lat' dir='ltr'><em>quoque</em></span> <span class='ocrx_word' id='word_1_540' title='bbox 769 2354 837 2379; x_wconf 88' lang='lat' dir='ltr'><strong><em>nos</em></strong></span> <span class='ocrx_word' id='word_1_541' title='bbox 867 2342 1079 2386; x_wconf 86' lang='lat' dir='ltr'><em>docuerunt,</em></span> <span class='ocrx_word' id='word_1_542' title='bbox 1110 2342 1287 2389; x_wconf 88' lang='lat' dir='ltr'><em>quosdam</em></span> <span class='ocrx_word' id='word_1_543' title='bbox 1316 2353 1366 2379; x_wconf 82' lang='lat' dir='ltr'><strong><em>ex</em></strong></span> <span class='ocrx_word' id='word_1_544' title='bbox 1396 2343 1487 2390; x_wconf 87' lang='lat' dir='ltr'><em>ipsis</em></span> <span class='ocrx_word' id='word_1_545' title='bbox 1512 2343 1816 2396; x_wconf 76' lang='lat' dir='ltr'><em>promissionibus</em></span> <span class='ocrx_word' id='word_1_546' title='bbox 1839 2354 1863 2380; x_wconf 95' lang='lat' dir='ltr'><em>a</em></span> <span class='ocrx_word' id='word_1_547' title='bbox 1882 2344 2051 2391; x_wconf 89' lang='lat' dir='ltr'><em>pluribus</em></span> <span class='ocrx_word' id='word_1_548' title='bbox 2074 2346 2232 2392; x_wconf 88' lang='lat' dir='ltr'><em>acceptis</em></span> <span class='ocrx_word' id='word_1_549' title='bbox 2264 2343 2381 2390; x_wconf 85' lang='lat' dir='ltr'><em>iisque</em></span> <span class='ocrx_word' id='word_1_550' title='bbox 2409 2356 2459 2383; x_wconf 77' lang='lat' dir='ltr'><strong><em>ex</em></strong></span> 
     </span>
     <span class='ocr_line' id='line_1_42' title="bbox 237 2387 2457 2436; baseline 0 -11"><span class='ocrx_word' id='word_1_551' title='bbox 237 2393 362 2425; x_wconf 86' lang='lat' dir='ltr'><em>mutua</em></span> <span class='ocrx_word' id='word_1_552' title='bbox 398 2389 631 2435; x_wconf 81' lang='lat' dir='ltr'><em>fideiussione</em></span> <span class='ocrx_word' id='word_1_553' title='bbox 669 2392 734 2424; x_wconf 88' lang='lat' dir='ltr'><strong><em>aut</em></strong></span> <span class='ocrx_word' id='word_1_554' title='bbox 771 2399 821 2424; x_wconf 81' lang='lat' dir='ltr'><strong><em>ex</em></strong></span> <span class='ocrx_word' id='word_1_555' title='bbox 850 2387 1040 2431; x_wconf 82' lang='lat' dir='ltr'><em>mandato,</em></span> <span class='ocrx_word' id='word_1_556' title='bbox 1071 2387 1199 2424; x_wconf 86' lang='lat' dir='ltr'><em>deinde</em></span> <span class='ocrx_word' id='word_1_557' title='bbox 1256 2387 1388 2423; x_wconf 89' lang='lat' dir='ltr'><em>lurima</em></span> <span class='ocrx_word' id='word_1_558' title='bbox 1417 2387 1526 2424; x_wconf 75' lang='lat' dir='ltr'><em>debiti</em></span> <span class='ocrx_word' id='word_1_559' title='bbox 1553 2392 1663 2435; x_wconf 88' lang='lat' dir='ltr'><em>parte</em></span> <span class='ocrx_word' id='word_1_560' title='bbox 1695 2392 1862 2436; x_wconf 88' lang='lat' dir='ltr'><em>accepta,</em></span> <span class='ocrx_word' id='word_1_561' title='bbox 1892 2393 1929 2425; x_wconf 92' lang='lat' dir='ltr'><strong><em>et</em></strong></span> <span class='ocrx_word' id='word_1_562' title='bbox 1961 2389 2099 2436; x_wconf 62' lang='lat' dir='ltr'><em>exigua</em></span> <span class='ocrx_word' id='word_1_563' title='bbox 2130 2389 2287 2436; x_wconf 88' lang='lat' dir='ltr'><em>quadam</em></span> <span class='ocrx_word' id='word_1_564' title='bbox 2317 2391 2457 2434; x_wconf 87' lang='lat' dir='ltr'><em>relicta,</em></span> 
     </span>
     <span class='ocr_line' id='line_1_43' title="bbox 232 2432 2459 2482; baseline 0 -12"><span class='ocrx_word' id='word_1_565' title='bbox 232 2438 390 2481; x_wconf 85' lang='lat' dir='ltr'><em>propter</em></span> <span class='ocrx_word' id='word_1_566' title='bbox 421 2434 532 2470; x_wconf 87' lang='lat' dir='ltr'><em>debiti</em></span> <span class='ocrx_word' id='word_1_567' title='bbox 555 2433 734 2479; x_wconf 88' lang='lat' dir='ltr'><em>reliquum</em></span> <span class='ocrx_word' id='word_1_568' title='bbox 764 2443 925 2469; x_wconf 87' lang='lat' dir='ltr'><em>seorsum</em></span> <span class='ocrx_word' id='word_1_569' title='bbox 949 2433 994 2469; x_wconf 87' lang='lat' dir='ltr'><em>ab</em></span> <span class='ocrx_word' id='word_1_570' title='bbox 1021 2443 1095 2468; x_wconf 89' lang='lat' dir='ltr'><strong><em>uno</em></strong></span> <span class='ocrx_word' id='word_1_571' title='bbox 1117 2436 1182 2469; x_wconf 84' lang='lat' dir='ltr'><strong><em>aut</em></strong></span> <span class='ocrx_word' id='word_1_572' title='bbox 1230 2432 1341 2468; x_wconf 89' lang='lat' dir='ltr'><em>uobus</em></span> <span class='ocrx_word' id='word_1_573' title='bbox 1364 2433 1507 2469; x_wconf 88' lang='lat' dir='ltr'><em>illorum</em></span> <span class='ocrx_word' id='word_1_574' title='bbox 1560 2434 1771 2469; x_wconf 87' lang='lat' dir='ltr'><em>romissione</em></span> <span class='ocrx_word' id='word_1_575' title='bbox 1793 2438 1954 2481; x_wconf 89' lang='lat' dir='ltr'><em>accepta,</em></span> <span class='ocrx_word' id='word_1_576' title='bbox 1977 2444 2017 2470; x_wconf 89' lang='lat' dir='ltr'><strong><em>se</em></strong></span> <span class='ocrx_word' id='word_1_577' title='bbox 2039 2435 2138 2470; x_wconf 88' lang='lat' dir='ltr'><em>intra</em></span> <span class='ocrx_word' id='word_1_578' title='bbox 2162 2439 2297 2471; x_wconf 88' lang='lat' dir='ltr'><em>certum</em></span> <span class='ocrx_word' id='word_1_579' title='bbox 2321 2439 2459 2482; x_wconf 84' lang='lat' dir='ltr'><em>tempus</em></span> 
     </span>
     <span class='ocr_line' id='line_1_44' title="bbox 238 2477 2459 2531; baseline 0 -16"><span class='ocrx_word' id='word_1_580' title='bbox 238 2481 309 2515; x_wconf 87' lang='lat' dir='ltr'><em>ista</em></span> <span class='ocrx_word' id='word_1_581' title='bbox 339 2479 589 2525; x_wconf 80' lang='lat' dir='ltr'><em>persoluturos</em></span> <span class='ocrx_word' id='word_1_582' title='bbox 618 2488 707 2520; x_wconf 89' lang='lat' dir='ltr'><em>esse,</em></span> <span class='ocrx_word' id='word_1_583' title='bbox 739 2477 902 2524; x_wconf 81' lang='lat' dir='ltr'><em>apochas</em></span> <span class='ocrx_word' id='word_1_584' title='bbox 930 2478 1031 2530; x_wconf 89' lang='lat' dir='ltr'><em>forte</em></span> <span class='ocrx_word' id='word_1_585' title='bbox 1054 2482 1119 2513; x_wconf 86' lang='lat' dir='ltr'><strong><em>aut</em></strong></span> <span class='ocrx_word' id='word_1_586' title='bbox 1132 2477 1399 2531; x_wconf 75' lang='lat' dir='ltr'><em>promissiones</em></span> <span class='ocrx_word' id='word_1_587' title='bbox 1423 2478 1522 2514; x_wconf 84' lang='lat' dir='ltr'><em>omni</em></span> <span class='ocrx_word' id='word_1_588' title='bbox 1543 2488 1587 2513; x_wconf 91' lang='lat' dir='ltr'><strong><em>us</em></strong></span> <span class='ocrx_word' id='word_1_589' title='bbox 1609 2478 1796 2524; x_wconf 84' lang='lat' dir='ltr'><em>conficere,</em></span> <span class='ocrx_word' id='word_1_590' title='bbox 1821 2478 1994 2515; x_wconf 87' lang='lat' dir='ltr'><em>accidisse</em></span> <span class='ocrx_word' id='word_1_591' title='bbox 2017 2490 2101 2516; x_wconf 87' lang='lat' dir='ltr'><em>vero</em></span> <span class='ocrx_word' id='word_1_592' title='bbox 2125 2483 2168 2516; x_wconf 88' lang='lat' dir='ltr'><strong><em>ut</em></strong></span> <span class='ocrx_word' id='word_1_593' title='bbox 2190 2484 2255 2515; x_wconf 88' lang='lat' dir='ltr'><strong><em>aut</em></strong></span> <span class='ocrx_word' id='word_1_594' title='bbox 2277 2491 2372 2515; x_wconf 89' lang='lat' dir='ltr'><em>unus</em></span> <span class='ocrx_word' id='word_1_595' title='bbox 2393 2484 2459 2516; x_wconf 90' lang='lat' dir='ltr'><strong><em>aut</em></strong></span> 
     </span>
     <span class='ocr_line' id='line_1_45' title="bbox 235 2522 2458 2571; baseline -0 -11"><span class='ocrx_word' id='word_1_596' title='bbox 235 2525 360 2571; x_wconf 88' lang='lat' dir='ltr'><em>plures</em></span> <span class='ocrx_word' id='word_1_597' title='bbox 383 2535 523 2566; x_wconf 89' lang='lat' dir='ltr'><em>eorum,</em></span> <span class='ocrx_word' id='word_1_598' title='bbox 548 2524 613 2570; x_wconf 88' lang='lat' dir='ltr'><strong><em>qui</em></strong></span> <span class='ocrx_word' id='word_1_599' title='bbox 633 2522 764 2568; x_wconf 81' lang='lat' dir='ltr'><em>reliqui</em></span> <span class='ocrx_word' id='word_1_600' title='bbox 787 2522 1040 2568; x_wconf 80' lang='lat' dir='ltr'><em>obliqattonem</em></span> <span class='ocrx_word' id='word_1_601' title='bbox 1061 2523 1252 2568; x_wconf 73' lang='lat' dir='ltr'><em>fecissent,</em></span> <span class='ocrx_word' id='word_1_602' title='bbox 1286 2523 1437 2566; x_wconf 86' lang='lat' dir='ltr'><em>obirent,</em></span> <span class='ocrx_word' id='word_1_603' title='bbox 1461 2526 1498 2558; x_wconf 85' lang='lat' dir='ltr'><strong><em>et</em></strong></span> <span class='ocrx_word' id='word_1_604' title='bbox 1519 2522 1668 2559; x_wconf 87' lang='lat' dir='ltr'><em>heredes</em></span> <span class='ocrx_word' id='word_1_605' title='bbox 1688 2524 1880 2570; x_wconf 83' lang='lat' dir='ltr'><em>pecuniam</em></span> <span class='ocrx_word' id='word_1_606' title='bbox 1904 2524 1949 2559; x_wconf 89' lang='lat' dir='ltr'><em>ab</em></span> <span class='ocrx_word' id='word_1_607' title='bbox 1973 2523 2036 2560; x_wconf 86' lang='lat' dir='ltr'><em>illo</em></span> <span class='ocrx_word' id='word_1_608' title='bbox 2061 2527 2124 2560; x_wconf 88' lang='lat' dir='ltr'><strong><em>aut</em></strong></span> <span class='ocrx_word' id='word_1_609' title='bbox 2147 2524 2222 2560; x_wconf 88' lang='lat' dir='ltr'><em>illis</em></span> <span class='ocrx_word' id='word_1_610' title='bbox 2237 2525 2458 2571; x_wconf 83' lang='lat' dir='ltr'><em>promissam</em></span> 
     </span>
     <span class='ocr_line' id='line_1_46' title="bbox 238 2566 2458 2616; baseline 0 -12"><span class='ocrx_word' id='word_1_611' title='bbox 238 2569 425 2605; x_wconf 78' lang='lat' dir='ltr'><em>exsolvere</em></span> <span class='ocrx_word' id='word_1_612' title='bbox 453 2568 602 2604; x_wconf 87' lang='lat' dir='ltr'><em>nollent.</em></span> <span class='ocrx_word' id='word_1_613' title='bbox 650 2567 840 2603; x_wconf 87' lang='lat' dir='ltr'><em>Sancimus</em></span> <span class='ocrx_word' id='word_1_614' title='bbox 870 2567 996 2614; x_wconf 84' lang='lat' dir='ltr'><em>iqitur,</em></span> <span class='ocrx_word' id='word_1_615' title='bbox 1026 2568 1062 2603; x_wconf 88' lang='lat' dir='ltr'><strong><em>si</em></strong></span> <span class='ocrx_word' id='word_1_616' title='bbox 1081 2567 1168 2603; x_wconf 89' lang='lat' dir='ltr'><em>haec</em></span> <span class='ocrx_word' id='word_1_617' title='bbox 1188 2568 1241 2603; x_wconf 89' lang='lat' dir='ltr'><strong><em>ita</em></strong></span> <span class='ocrx_word' id='word_1_618' title='bbox 1263 2577 1302 2603; x_wconf 88' lang='lat' dir='ltr'><strong><em>se</em></strong></span> <span class='ocrx_word' id='word_1_619' title='bbox 1325 2566 1497 2611; x_wconf 88' lang='lat' dir='ltr'><em>habeant,</em></span> <span class='ocrx_word' id='word_1_620' title='bbox 1524 2569 1717 2615; x_wconf 87' lang='lat' dir='ltr'><em>pecuniam</em></span> <span class='ocrx_word' id='word_1_621' title='bbox 1739 2569 2038 2615; x_wconf 83' lang='lat' dir='ltr'><em>promissionibus</em></span> <span class='ocrx_word' id='word_1_622' title='bbox 2060 2569 2353 2616; x_wconf 75' lang='lat' dir='ltr'><em>comprehensam</em></span> <span class='ocrx_word' id='word_1_623' title='bbox 2376 2573 2412 2607; x_wconf 91' lang='lat' dir='ltr'><strong><em>et</em></strong></span> <span class='ocrx_word' id='word_1_624' title='bbox 2433 2580 2458 2605; x_wconf 92' lang='lat' dir='ltr'><em>a</em></span> 
     </span>
     <span class='ocr_line' id='line_1_47' title="bbox 239 2611 2177 2660; baseline 0 -11"><span class='ocrx_word' id='word_1_625' title='bbox 239 2615 413 2659; x_wconf 83' lang='lat' dir='ltr'><em>defuncto</em></span> <span class='ocrx_word' id='word_1_626' title='bbox 437 2617 501 2649; x_wconf 89' lang='lat' dir='ltr'><strong><em>aut</em></strong></span> <span class='ocrx_word' id='word_1_627' title='bbox 523 2613 709 2660; x_wconf 89' lang='lat' dir='ltr'><em>defunctis</em></span> <span class='ocrx_word' id='word_1_628' title='bbox 731 2613 770 2647; x_wconf 89' lang='lat' dir='ltr'><strong><em>in</em></strong></span> <span class='ocrx_word' id='word_1_629' title='bbox 792 2613 929 2659; x_wconf 83' lang='lat' dir='ltr'><em>scripto</em></span> <span class='ocrx_word' id='word_1_630' title='bbox 947 2612 1160 2659; x_wconf 83' lang='lat' dir='ltr'><em>professam</em></span> <span class='ocrx_word' id='word_1_631' title='bbox 1183 2611 1228 2648; x_wconf 92' lang='lat' dir='ltr'><em>ab</em></span> <span class='ocrx_word' id='word_1_632' title='bbox 1253 2611 1443 2649; x_wconf 77' lang='lat' dir='ltr'><em>heredibus</em></span> <span class='ocrx_word' id='word_1_633' title='bbox 1465 2623 1590 2649; x_wconf 92' lang='lat' dir='ltr'><em>eorum</em></span> <span class='ocrx_word' id='word_1_634' title='bbox 1613 2622 1693 2648; x_wconf 90' lang='lat' dir='ltr'><strong><em>cum</em></strong></span> <span class='ocrx_word' id='word_1_635' title='bbox 1715 2613 1899 2660; x_wconf 84' lang='lat' dir='ltr'><em>stipulatis</em></span> <span class='ocrx_word' id='word_1_636' title='bbox 1922 2615 2042 2650; x_wconf 86' lang='lat' dir='ltr'><em>usuris</em></span> <span class='ocrx_word' id='word_1_637' title='bbox 2065 2614 2177 2660; x_wconf 81' lang='lat' dir='ltr'><em>exiqi.</em></span> 
     </span>
    </p>
   </div>
   <div class='ocr_carea' id='block_1_11' title="bbox 234 2667 2460 3252">
    <p class='ocr_par' dir='ltr' id='par_1_12' title="bbox 234 2667 2460 3252">
     <span class='ocr_line' id='line_1_48' title="bbox 371 2667 2457 2717; baseline 0 -12"><span class='ocrx_word' id='word_1_638' title='bbox 371 2669 435 2705; x_wconf 89' lang='lat' dir='ltr'><strong><em>IV.</em></strong></span> <span class='ocrx_word' id='word_1_639' title='bbox 481 2668 525 2704; x_wconf 88' lang='lat' dir='ltr'><strong><em>Si</em></strong></span> <span class='ocrx_word' id='word_1_640' title='bbox 552 2668 616 2715; x_wconf 87' lang='lat' dir='ltr'><strong><em>qui</em></strong></span> <span class='ocrx_word' id='word_1_641' title='bbox 646 2671 766 2704; x_wconf 88' lang='lat' dir='ltr'><em>autem</em></span> <span class='ocrx_word' id='word_1_642' title='bbox 789 2667 886 2704; x_wconf 89' lang='lat' dir='ltr'><em>datis</em></span> <span class='ocrx_word' id='word_1_643' title='bbox 907 2667 1124 2715; x_wconf 85' lang='lat' dir='ltr'><em>piqnoribus</em></span> <span class='ocrx_word' id='word_1_644' title='bbox 1147 2668 1192 2704; x_wconf 88' lang='lat' dir='ltr'><em>ab</em></span> <span class='ocrx_word' id='word_1_645' title='bbox 1215 2668 1268 2703; x_wconf 90' lang='lat' dir='ltr'><strong><em>eis</em></strong></span> <span class='ocrx_word' id='word_1_646' title='bbox 1290 2668 1444 2704; x_wconf 89' lang='lat' dir='ltr'><em>mutuati</em></span> <span class='ocrx_word' id='word_1_647' title='bbox 1463 2668 1608 2714; x_wconf 89' lang='lat' dir='ltr'><em>fuerint</em></span> <span class='ocrx_word' id='word_1_648' title='bbox 1629 2672 1695 2704; x_wconf 86' lang='lat' dir='ltr'><strong><em>aut</em></strong></span> <span class='ocrx_word' id='word_1_649' title='bbox 1716 2673 1934 2711; x_wconf 86' lang='lat' dir='ltr'><em>mutuentur,</em></span> <span class='ocrx_word' id='word_1_650' title='bbox 1956 2669 2084 2706; x_wconf 89' lang='lat' dir='ltr'><em>deinde</em></span> <span class='ocrx_word' id='word_1_651' title='bbox 2106 2670 2146 2705; x_wconf 85' lang='lat' dir='ltr'><strong><em>in</em></strong></span> <span class='ocrx_word' id='word_1_652' title='bbox 2167 2669 2284 2706; x_wconf 87' lang='lat' dir='ltr'><em>mutui</em></span> <span class='ocrx_word' id='word_1_653' title='bbox 2304 2680 2457 2717; x_wconf 76' lang='lat' dir='ltr'><em>synqra-</em></span> 
     </span>
     <span class='ocr_line' id='line_1_49' title="bbox 236 2712 2457 2765; baseline 0 -15"><span class='ocrx_word' id='word_1_654' title='bbox 236 2714 321 2761; x_wconf 83' lang='lat' dir='ltr'><em>phis</em></span> <span class='ocrx_word' id='word_1_655' title='bbox 348 2714 580 2760; x_wconf 82' lang='lat' dir='ltr'><em>permiserint</em></span> <span class='ocrx_word' id='word_1_656' title='bbox 610 2718 676 2750; x_wconf 88' lang='lat' dir='ltr'><strong><em>aut</em></strong></span> <span class='ocrx_word' id='word_1_657' title='bbox 694 2713 919 2765; x_wconf 74' lang='lat' dir='ltr'><em>permittant</em></span> <span class='ocrx_word' id='word_1_658' title='bbox 949 2712 1018 2757; x_wconf 87' lang='lat' dir='ltr'><em>eis,</em></span> <span class='ocrx_word' id='word_1_659' title='bbox 1049 2717 1091 2749; x_wconf 88' lang='lat' dir='ltr'><strong><em>ut</em></strong></span> <span class='ocrx_word' id='word_1_660' title='bbox 1119 2712 1321 2749; x_wconf 83' lang='lat' dir='ltr'><em>venditione</em></span> <span class='ocrx_word' id='word_1_661' title='bbox 1348 2714 1546 2765; x_wconf 58' lang='lat' dir='ltr'><em>pignorum</em></span> <span class='ocrx_word' id='word_1_662' title='bbox 1576 2714 1641 2750; x_wconf 91' lang='lat' dir='ltr'><strong><em>sub</em></strong></span> <span class='ocrx_word' id='word_1_663' title='bbox 1674 2715 1837 2760; x_wconf 87' lang='lat' dir='ltr'><em>ipsorum</em></span> <span class='ocrx_word' id='word_1_664' title='bbox 1865 2714 1940 2760; x_wconf 77' lang='lat' dir='ltr'><em>side</em></span> <span class='ocrx_word' id='word_1_665' title='bbox 1967 2715 2072 2760; x_wconf 90' lang='lat' dir='ltr'><em>facta</em></span> <span class='ocrx_word' id='word_1_666' title='bbox 2095 2725 2220 2750; x_wconf 89' lang='lat' dir='ltr'><em>eorum</em></span> <span class='ocrx_word' id='word_1_667' title='bbox 2240 2716 2398 2761; x_wconf 89' lang='lat' dir='ltr'><em>pretium</em></span> <span class='ocrx_word' id='word_1_668' title='bbox 2419 2716 2457 2750; x_wconf 87' lang='lat' dir='ltr'><strong><em>in</em></strong></span> 
     </span>
     <span class='ocr_line' id='line_1_50' title="bbox 239 2756 2456 2805; baseline -0 -10"><span class='ocrx_word' id='word_1_669' title='bbox 239 2759 393 2795; x_wconf 90' lang='lat' dir='ltr'><em>debitum</em></span> <span class='ocrx_word' id='word_1_670' title='bbox 416 2760 622 2805; x_wconf 88' lang='lat' dir='ltr'><em>imputetur,</em></span> <span class='ocrx_word' id='word_1_671' title='bbox 646 2757 698 2794; x_wconf 76' lang='lat' dir='ltr'><em>illi</em></span> <span class='ocrx_word' id='word_1_672' title='bbox 723 2768 807 2794; x_wconf 88' lang='lat' dir='ltr'><em>vero</em></span> <span class='ocrx_word' id='word_1_673' title='bbox 831 2757 900 2794; x_wconf 89' lang='lat' dir='ltr'><strong><em>hoc</em></strong></span> <span class='ocrx_word' id='word_1_674' title='bbox 921 2757 1089 2804; x_wconf 85' lang='lat' dir='ltr'><em>fecerint,</em></span> <span class='ocrx_word' id='word_1_675' title='bbox 1112 2768 1187 2793; x_wconf 88' lang='lat' dir='ltr'><strong><em>non</em></strong></span> <span class='ocrx_word' id='word_1_676' title='bbox 1210 2756 1392 2793; x_wconf 76' lang='lat' dir='ltr'><em>molestari</em></span> <span class='ocrx_word' id='word_1_677' title='bbox 1417 2769 1479 2794; x_wconf 91' lang='lat' dir='ltr'><strong><em>eos</em></strong></span> <span class='ocrx_word' id='word_1_678' title='bbox 1502 2769 1547 2794; x_wconf 92' lang='lat' dir='ltr'><strong><em>ne</em></strong></span> <span class='ocrx_word' id='word_1_679' title='bbox 1574 2769 1617 2793; x_wconf 91' lang='lat' dir='ltr'><strong><em>ue</em></strong></span> <span class='ocrx_word' id='word_1_680' title='bbox 1634 2762 1793 2804; x_wconf 84' lang='lat' dir='ltr'><em>propter</em></span> <span class='ocrx_word' id='word_1_681' title='bbox 1807 2769 1851 2794; x_wconf 92' lang='lat' dir='ltr'><strong><em>ea</em></strong></span> <span class='ocrx_word' id='word_1_682' title='bbox 1867 2759 2023 2803; x_wconf 77' lang='lat' dir='ltr'><em>neqotiis</em></span> <span class='ocrx_word' id='word_1_683' title='bbox 2039 2760 2085 2795; x_wconf 86' lang='lat' dir='ltr'><strong><em>im</em></strong></span> <span class='ocrx_word' id='word_1_684' title='bbox 2114 2758 2230 2801; x_wconf 78' lang='lat' dir='ltr'><em>licari,</em></span> <span class='ocrx_word' id='word_1_685' title='bbox 2254 2759 2318 2796; x_wconf 89' lang='lat' dir='ltr'><strong><em>sed</em></strong></span> <span class='ocrx_word' id='word_1_686' title='bbox 2335 2760 2456 2795; x_wconf 87' lang='lat' dir='ltr'><em>iuran-</em></span> 
     </span>
     <span class='ocr_line' id='line_1_51' title="bbox 239 2802 2455 2850; baseline -0 -11"><span class='ocrx_word' id='word_1_687' title='bbox 239 2804 350 2846; x_wconf 87' lang='lat' dir='ltr'><em>tibus,</em></span> <span class='ocrx_word' id='word_1_688' title='bbox 382 2804 509 2850; x_wconf 90' lang='lat' dir='ltr'><em>quanti</em></span> <span class='ocrx_word' id='word_1_689' title='bbox 537 2804 649 2850; x_wconf 90' lang='lat' dir='ltr'><em>pretii</em></span> <span class='ocrx_word' id='word_1_690' title='bbox 674 2803 838 2849; x_wconf 83' lang='lat' dir='ltr'><em>piqnora</em></span> <span class='ocrx_word' id='word_1_691' title='bbox 868 2802 1110 2845; x_wconf 84' lang='lat' dir='ltr'><em>vendiderint,</em></span> <span class='ocrx_word' id='word_1_692' title='bbox 1143 2802 1258 2844; x_wconf 86' lang='lat' dir='ltr'><em>credi,</em></span> <span class='ocrx_word' id='word_1_693' title='bbox 1289 2802 1398 2848; x_wconf 89' lang='lat' dir='ltr'><em>idque</em></span> <span class='ocrx_word' id='word_1_694' title='bbox 1428 2803 1474 2838; x_wconf 87' lang='lat' dir='ltr'><strong><em>iis</em></strong></span> <span class='ocrx_word' id='word_1_695' title='bbox 1505 2814 1528 2838; x_wconf 92' lang='lat' dir='ltr'><em>a</em></span> <span class='ocrx_word' id='word_1_696' title='bbox 1587 2813 1724 2839; x_wconf 91' lang='lat' dir='ltr'><em>omnem</em></span> <span class='ocrx_word' id='word_1_697' title='bbox 1755 2802 2020 2849; x_wconf 85' lang='lat' dir='ltr'><em>improbitatem</em></span> <span class='ocrx_word' id='word_1_698' title='bbox 2046 2808 2081 2839; x_wconf 91' lang='lat' dir='ltr'><strong><em>to</em></strong></span> <span class='ocrx_word' id='word_1_699' title='bbox 2097 2803 2237 2839; x_wconf 78' lang='lat' dir='ltr'><em>leudam</em></span> <span class='ocrx_word' id='word_1_700' title='bbox 2257 2804 2348 2839; x_wconf 83' lang='lat' dir='ltr'><em>sacis</em></span> <span class='ocrx_word' id='word_1_701' title='bbox 2370 2814 2455 2840; x_wconf 87' lang='lat' dir='ltr'><em>esse.</em></span> 
     </span>
     <span class='ocr_line' id='line_1_52' title="bbox 239 2846 2458 2895; baseline -0 -11"><span class='ocrx_word' id='word_1_702' title='bbox 239 2848 283 2884; x_wconf 88' lang='lat' dir='ltr'><strong><em>Si</em></strong></span> <span class='ocrx_word' id='word_1_703' title='bbox 311 2849 392 2895; x_wconf 88' lang='lat' dir='ltr'><em>quis</em></span> <span class='ocrx_word' id='word_1_704' title='bbox 419 2859 503 2885; x_wconf 88' lang='lat' dir='ltr'><em>vero</em></span> <span class='ocrx_word' id='word_1_705' title='bbox 534 2848 612 2884; x_wconf 86' lang='lat' dir='ltr'><em>sine</em></span> <span class='ocrx_word' id='word_1_706' title='bbox 642 2849 778 2894; x_wconf 85' lang='lat' dir='ltr'><em>scripto</em></span> <span class='ocrx_word' id='word_1_707' title='bbox 808 2850 992 2883; x_wconf 87' lang='lat' dir='ltr'><em>mutuatus</em></span> <span class='ocrx_word' id='word_1_708' title='bbox 1015 2847 1180 2894; x_wconf 83' lang='lat' dir='ltr'><em>piqnora</em></span> <span class='ocrx_word' id='word_1_709' title='bbox 1203 2846 1262 2883; x_wconf 88' lang='lat' dir='ltr'><strong><em>det</em></strong></span> <span class='ocrx_word' id='word_1_710' title='bbox 1283 2850 1348 2882; x_wconf 89' lang='lat' dir='ltr'><strong><em>aut</em></strong></span> <span class='ocrx_word' id='word_1_711' title='bbox 1371 2847 1561 2894; x_wconf 83' lang='lat' dir='ltr'><em>obsiqnata</em></span> <span class='ocrx_word' id='word_1_712' title='bbox 1584 2850 1649 2883; x_wconf 83' lang='lat' dir='ltr'><strong><em>aut</em></strong></span> <span class='ocrx_word' id='word_1_713' title='bbox 1670 2847 1776 2883; x_wconf 88' lang='lat' dir='ltr'><em>etiam</em></span> <span class='ocrx_word' id='word_1_714' title='bbox 1799 2848 1877 2883; x_wconf 87' lang='lat' dir='ltr'><em>sine</em></span> <span class='ocrx_word' id='word_1_715' title='bbox 1898 2847 2040 2894; x_wconf 78' lang='lat' dir='ltr'><em>siqillis,</em></span> <span class='ocrx_word' id='word_1_716' title='bbox 2063 2858 2205 2884; x_wconf 78' lang='lat' dir='ltr'><em>necesse</em></span> <span class='ocrx_word' id='word_1_717' title='bbox 2228 2847 2371 2884; x_wconf 85' lang='lat' dir='ltr'><em>habebit</em></span> <span class='ocrx_word' id='word_1_718' title='bbox 2393 2848 2458 2894; x_wconf 86' lang='lat' dir='ltr'><strong><em>qui</em></strong></span> 
     </span>
     <span class='ocr_line' id='line_1_53' title="bbox 239 2891 2456 2944; baseline 0 -16"><span class='ocrx_word' id='word_1_719' title='bbox 239 2897 422 2928; x_wconf 86' lang='lat' dir='ltr'><em>mutuatus</em></span> <span class='ocrx_word' id='word_1_720' title='bbox 452 2897 516 2936; x_wconf 90' lang='lat' dir='ltr'><em>est,</em></span> <span class='ocrx_word' id='word_1_721' title='bbox 545 2897 611 2928; x_wconf 88' lang='lat' dir='ltr'><strong><em>aut</em></strong></span> <span class='ocrx_word' id='word_1_722' title='bbox 632 2893 799 2939; x_wconf 82' lang='lat' dir='ltr'><em>piqnora</em></span> <span class='ocrx_word' id='word_1_723' title='bbox 829 2893 991 2938; x_wconf 86' lang='lat' dir='ltr'><em>recipere</em></span> <span class='ocrx_word' id='word_1_724' title='bbox 1021 2902 1224 2938; x_wconf 80' lang='lat' dir='ltr'><em>aqnoscens</em></span> <span class='ocrx_word' id='word_1_725' title='bbox 1253 2891 1377 2944; x_wconf 74' lang='lat' dir='ltr'><em>siqilla</em></span> <span class='ocrx_word' id='word_1_726' title='bbox 1406 2896 1470 2927; x_wconf 88' lang='lat' dir='ltr'><strong><em>aut</em></strong></span> <span class='ocrx_word' id='word_1_727' title='bbox 1501 2893 1608 2929; x_wconf 88' lang='lat' dir='ltr'><em>etiam</em></span> <span class='ocrx_word' id='word_1_728' title='bbox 1632 2892 1714 2939; x_wconf 84' lang='lat' dir='ltr'><em>ipsa</em></span> <span class='ocrx_word' id='word_1_729' title='bbox 1736 2903 1810 2928; x_wconf 90' lang='lat' dir='ltr'><strong><em>non</em></strong></span> <span class='ocrx_word' id='word_1_730' title='bbox 1835 2892 1945 2934; x_wconf 90' lang='lat' dir='ltr'><em>laesa,</em></span> <span class='ocrx_word' id='word_1_731' title='bbox 1980 2895 2017 2928; x_wconf 91' lang='lat' dir='ltr'><strong><em>et</em></strong></span> <span class='ocrx_word' id='word_1_732' title='bbox 2038 2891 2188 2939; x_wconf 81' lang='lat' dir='ltr'><em>explere</em></span> <span class='ocrx_word' id='word_1_733' title='bbox 2211 2897 2247 2928; x_wconf 89' lang='lat' dir='ltr'><strong><em>et</em></strong></span> <span class='ocrx_word' id='word_1_734' title='bbox 2265 2896 2398 2928; x_wconf 86' lang='lat' dir='ltr'><em>sortem</em></span> <span class='ocrx_word' id='word_1_735' title='bbox 2421 2896 2456 2928; x_wconf 84' lang='lat' dir='ltr'><strong><em>et</em></strong></span> 
     </span>
     <span class='ocr_line' id='line_1_54' title="bbox 234 2935 2457 2984; baseline -0 -11"><span class='ocrx_word' id='word_1_736' title='bbox 234 2939 436 2984; x_wconf 83' lang='lat' dir='ltr'><em>promissas</em></span> <span class='ocrx_word' id='word_1_737' title='bbox 458 2949 600 2979; x_wconf 83' lang='lat' dir='ltr'><em>usuras,</em></span> <span class='ocrx_word' id='word_1_738' title='bbox 625 2942 688 2972; x_wconf 90' lang='lat' dir='ltr'><strong><em>aut</em></strong></span> <span class='ocrx_word' id='word_1_739' title='bbox 707 2937 739 2973; x_wconf 89' lang='lat' dir='ltr'><strong><em>si</em></strong></span> <span class='ocrx_word' id='word_1_740' title='bbox 755 2937 947 2983; x_wconf 85' lang='lat' dir='ltr'><em>pecuniam</em></span> <span class='ocrx_word' id='word_1_741' title='bbox 970 2947 1043 2972; x_wconf 86' lang='lat' dir='ltr'><strong><em>non</em></strong></span> <span class='ocrx_word' id='word_1_742' title='bbox 1066 2935 1197 2973; x_wconf 88' lang='lat' dir='ltr'><em>habeat</em></span> <span class='ocrx_word' id='word_1_743' title='bbox 1219 2935 1370 2979; x_wconf 78' lang='lat' dir='ltr'><em>debitor,</em></span> <span class='ocrx_word' id='word_1_744' title='bbox 1394 2937 1444 2972; x_wconf 91' lang='lat' dir='ltr'><em>ad</em></span> <span class='ocrx_word' id='word_1_745' title='bbox 1463 2937 1595 2973; x_wconf 88' lang='lat' dir='ltr'><em>iustam</em></span> <span class='ocrx_word' id='word_1_746' title='bbox 1619 2937 1901 2973; x_wconf 88' lang='lat' dir='ltr'><em>aestimationem</em></span> <span class='ocrx_word' id='word_1_747' title='bbox 1924 2937 1989 2973; x_wconf 90' lang='lat' dir='ltr'><em>illa</em></span> <span class='ocrx_word' id='word_1_748' title='bbox 2011 2936 2214 2982; x_wconf 81' lang='lat' dir='ltr'><em>relinquere</em></span> <span class='ocrx_word' id='word_1_749' title='bbox 2231 2940 2267 2973; x_wconf 88' lang='lat' dir='ltr'><strong><em>et</em></strong></span> <span class='ocrx_word' id='word_1_750' title='bbox 2279 2937 2457 2983; x_wconf 89' lang='lat' dir='ltr'><em>reliquum</em></span> 
     </span>
     <span class='ocr_line' id='line_1_55' title="bbox 238 2981 2457 3063; baseline -0 -1"><span class='ocrx_word' id='word_1_751' title='bbox 238 2982 424 3063; x_wconf 53' lang='lat' dir='ltr'><em>iiipffiiz·</em></span> <span class='ocrx_word' id='word_1_752' title='bbox 442 2993 556 3063; x_wconf 58' lang='lat' dir='ltr'><strong><em>mg</em></strong></span> <span class='ocrx_word' id='word_1_753' title='bbox 573 2981 2457 3063; x_wconf 42' lang='lat' dir='ltr'><em>tim‘’iiiiiizm22²2?‘&#39;rissssiffssts“minnist-²2³,³2²5,ss“25232s0255”²“35„0⁸2332⁰2}ssss</em></span> 
     </span>
     <span class='ocr_line' id='line_1_56' title="bbox 240 3037 2458 3122; baseline 0 -16"><span class='ocrx_word' id='word_1_754' title='bbox 240 3077 377 3117; x_wconf 77' lang='lat' dir='ltr'><em>tempus</em></span> <span class='ocrx_word' id='word_1_755' title='bbox 407 3077 530 3108; x_wconf 87' lang='lat' dir='ltr'><em>mutuo</em></span> <span class='ocrx_word' id='word_1_756' title='bbox 555 3072 793 3119; x_wconf 84' lang='lat' dir='ltr'><em>praefinitum</em></span> <span class='ocrx_word' id='word_1_757' title='bbox 823 3072 872 3107; x_wconf 89' lang='lat' dir='ltr'><strong><em>sit</em></strong></span> <span class='ocrx_word' id='word_1_758' title='bbox 901 3038 997 3106; x_wconf 43' lang='lat' dir='ltr'><em>datiis</em></span> <span class='ocrx_word' id='word_1_759' title='bbox 1026 3037 1136 3107; x_wconf 49' lang='lat' dir='ltr'><em>s&#39;erqtel</em></span> <span class='ocrx_word' id='word_1_760' title='bbox 1151 3037 1466 3118; x_wconf 69' lang='lat' dir='ltr'><em>piqnoribuspsive</em></span> <span class='ocrx_word' id='word_1_761' title='bbox 1490 3070 1688 3118; x_wconf 83' lang='lat' dir='ltr'><em>obsiqnatis</em></span> <span class='ocrx_word' id='word_1_762' title='bbox 1711 3072 1785 3108; x_wconf 91' lang='lat' dir='ltr'><em>sive</em></span> <span class='ocrx_word' id='word_1_763' title='bbox 1806 3038 1880 3106; x_wconf 54' lang='lat' dir='ltr'><em>ilion</em></span> <span class='ocrx_word' id='word_1_764' title='bbox 1904 3051 2112 3117; x_wconf 72' lang='lat' dir='ltr'><em>obsiqnatis,</em></span> <span class='ocrx_word' id='word_1_765' title='bbox 2135 3071 2234 3122; x_wconf 73' lang='lat' dir='ltr'><em>intra</em></span> <span class='ocrx_word' id='word_1_766' title='bbox 2257 3070 2297 3107; x_wconf 89' lang='lat' dir='ltr'><strong><em>id</em></strong></span> <span class='ocrx_word' id='word_1_767' title='bbox 2320 3075 2458 3117; x_wconf 85' lang='lat' dir='ltr'><em>tempus</em></span> 
     </span>
     <span class='ocr_line' id='line_1_57' title="bbox 240 3115 2457 3163; baseline -0.001 -11"><span class='ocrx_word' id='word_1_768' title='bbox 240 3127 324 3152; x_wconf 86' lang='lat' dir='ltr'><em>vero</em></span> <span class='ocrx_word' id='word_1_769' title='bbox 356 3117 447 3151; x_wconf 86' lang='lat' dir='ltr'><em>satis</em></span> <span class='ocrx_word' id='word_1_770' title='bbox 477 3127 550 3152; x_wconf 91' lang='lat' dir='ltr'><strong><em>non</em></strong></span> <span class='ocrx_word' id='word_1_771' title='bbox 578 3117 721 3163; x_wconf 86' lang='lat' dir='ltr'><em>factum</em></span> <span class='ocrx_word' id='word_1_772' title='bbox 752 3116 811 3159; x_wconf 87' lang='lat' dir='ltr'><em>sit,</em></span> <span class='ocrx_word' id='word_1_773' title='bbox 842 3116 1068 3161; x_wconf 87' lang='lat' dir='ltr'><em>alterumque</em></span> <span class='ocrx_word' id='word_1_774' title='bbox 1097 3119 1234 3151; x_wconf 86' lang='lat' dir='ltr'><em>tantum</em></span> <span class='ocrx_word' id='word_1_775' title='bbox 1263 3115 1431 3152; x_wconf 88' lang='lat' dir='ltr'><em>elabatur</em></span> <span class='ocrx_word' id='word_1_776' title='bbox 1453 3121 1603 3163; x_wconf 87' lang='lat' dir='ltr'><em>tempus,</em></span> <span class='ocrx_word' id='word_1_777' title='bbox 1630 3116 1738 3152; x_wconf 89' lang='lat' dir='ltr'><em>liceat</em></span> <span class='ocrx_word' id='word_1_778' title='bbox 1759 3116 1861 3163; x_wconf 86' lang='lat' dir='ltr'><em>ipsis,</em></span> <span class='ocrx_word' id='word_1_779' title='bbox 1885 3120 2059 3152; x_wconf 87' lang='lat' dir='ltr'><em>accurata</em></span> <span class='ocrx_word' id='word_1_780' title='bbox 2083 3116 2331 3152; x_wconf 80' lang='lat' dir='ltr'><em>aestimatione</em></span> <span class='ocrx_word' id='word_1_781' title='bbox 2351 3116 2457 3160; x_wconf 69' lang='lat' dir='ltr'><em>facta</em></span> 
     </span>
     <span class='ocr_line' id='line_1_58' title="bbox 234 3159 2460 3207; baseline 0 -12"><span class='ocrx_word' id='word_1_782' title='bbox 234 3160 486 3206; x_wconf 82' lang='lat' dir='ltr'><em>praesentibus</em></span> <span class='ocrx_word' id='word_1_783' title='bbox 516 3165 553 3197; x_wconf 87' lang='lat' dir='ltr'><strong><em>et</em></strong></span> <span class='ocrx_word' id='word_1_784' title='bbox 589 3161 779 3197; x_wconf 87' lang='lat' dir='ltr'><em>tabulariis</em></span> <span class='ocrx_word' id='word_1_785' title='bbox 807 3165 844 3197; x_wconf 90' lang='lat' dir='ltr'><strong><em>et</em></strong></span> <span class='ocrx_word' id='word_1_786' title='bbox 871 3161 1002 3196; x_wconf 88' lang='lat' dir='ltr'><em>divinis</em></span> <span class='ocrx_word' id='word_1_787' title='bbox 1030 3160 1185 3206; x_wconf 83' lang='lat' dir='ltr'><em>eloquiis</em></span> <span class='ocrx_word' id='word_1_788' title='bbox 1212 3161 1416 3207; x_wconf 82' lang='lat' dir='ltr'><em>propositis</em></span> <span class='ocrx_word' id='word_1_789' title='bbox 1446 3164 1483 3197; x_wconf 90' lang='lat' dir='ltr'><strong><em>et</em></strong></span> <span class='ocrx_word' id='word_1_790' title='bbox 1512 3161 1801 3197; x_wconf 87' lang='lat' dir='ltr'><em>aestimatoribus</em></span> <span class='ocrx_word' id='word_1_791' title='bbox 1833 3160 2003 3197; x_wconf 87' lang='lat' dir='ltr'><em>adhibitis</em></span> <span class='ocrx_word' id='word_1_792' title='bbox 2033 3171 2076 3195; x_wconf 89' lang='lat' dir='ltr'><strong><em>ea</em></strong></span> <span class='ocrx_word' id='word_1_793' title='bbox 2107 3160 2297 3196; x_wconf 89' lang='lat' dir='ltr'><em>aestimare</em></span> <span class='ocrx_word' id='word_1_794' title='bbox 2324 3164 2361 3196; x_wconf 91' lang='lat' dir='ltr'><strong><em>et</em></strong></span> <span class='ocrx_word' id='word_1_795' title='bbox 2389 3159 2460 3195; x_wconf 90' lang='lat' dir='ltr'><em>sibi</em></span> 
     </span>
     <span class='ocr_line' id='line_1_59' title="bbox 240 3205 2197 3252; baseline 0.001 -13"><span class='ocrx_word' id='word_1_796' title='bbox 240 3206 431 3252; x_wconf 78' lang='lat' dir='ltr'><em>imputare,</em></span> <span class='ocrx_word' id='word_1_797' title='bbox 454 3206 529 3241; x_wconf 91' lang='lat' dir='ltr'><em>sive</em></span> <span class='ocrx_word' id='word_1_798' title='bbox 551 3205 705 3242; x_wconf 88' lang='lat' dir='ltr'><em>debitum</em></span> <span class='ocrx_word' id='word_1_799' title='bbox 728 3205 880 3252; x_wconf 79' lang='lat' dir='ltr'><em>explent</em></span> <span class='ocrx_word' id='word_1_800' title='bbox 901 3206 975 3242; x_wconf 81' lang='lat' dir='ltr'><em>sive</em></span> <span class='ocrx_word' id='word_1_801' title='bbox 997 3206 1105 3241; x_wconf 90' lang='lat' dir='ltr'><em>etiam</em></span> <span class='ocrx_word' id='word_1_802' title='bbox 1123 3209 1270 3252; x_wconf 87' lang='lat' dir='ltr'><em>partem</em></span> <span class='ocrx_word' id='word_1_803' title='bbox 1294 3205 1411 3242; x_wconf 89' lang='lat' dir='ltr'><em>debiti.</em></span> <span class='ocrx_word' id='word_1_804' title='bbox 2195 3222 2197 3225; x_wconf 46' lang='lat'><em>⁴</em></span> 
     </span>
    </p>
   </div>
   <div class='ocr_carea' id='block_1_12' title="bbox 240 3258 2458 3442">
    <p class='ocr_par' dir='ltr' id='par_1_13' title="bbox 240 3258 2458 3442">
     <span class='ocr_line' id='line_1_60' title="bbox 374 3258 2456 3308; baseline -0.001 -11"><span class='ocrx_word' id='word_1_805' title='bbox 374 3261 416 3297; x_wconf 83' lang='lat' dir='ltr'><strong><em>V.</em></strong></span> <span class='ocrx_word' id='word_1_806' title='bbox 464 3260 537 3296; x_wconf 89' lang='lat' dir='ltr'><strong><em>Sed</em></strong></span> <span class='ocrx_word' id='word_1_807' title='bbox 566 3261 635 3298; x_wconf 91' lang='lat' dir='ltr'><strong><em>hoc</em></strong></span> <span class='ocrx_word' id='word_1_808' title='bbox 666 3272 811 3308; x_wconf 88' lang='lat' dir='ltr'><em>quoque</em></span> <span class='ocrx_word' id='word_1_809' title='bbox 837 3264 877 3297; x_wconf 84' lang='lat' dir='ltr'><strong><em>ut</em></strong></span> <span class='ocrx_word' id='word_1_810' title='bbox 906 3265 1100 3296; x_wconf 89' lang='lat' dir='ltr'><em>sanaretur</em></span> <span class='ocrx_word' id='word_1_811' title='bbox 1127 3261 1321 3307; x_wconf 85' lang='lat' dir='ltr'><em>petierunt,</em></span> <span class='ocrx_word' id='word_1_812' title='bbox 1352 3272 1398 3297; x_wconf 90' lang='lat' dir='ltr'><strong><em>ne</em></strong></span> <span class='ocrx_word' id='word_1_813' title='bbox 1428 3261 1600 3308; x_wconf 89' lang='lat' dir='ltr'><em>quoniam</em></span> <span class='ocrx_word' id='word_1_814' title='bbox 1630 3261 1745 3297; x_wconf 87' lang='lat' dir='ltr'><em>victus</em></span> <span class='ocrx_word' id='word_1_815' title='bbox 1774 3260 1874 3307; x_wconf 82' lang='lat' dir='ltr'><em>ipsis</em></span> <span class='ocrx_word' id='word_1_816' title='bbox 1895 3261 1933 3296; x_wconf 92' lang='lat' dir='ltr'><strong><em>in</em></strong></span> <span class='ocrx_word' id='word_1_817' title='bbox 1964 3263 2088 3296; x_wconf 86' lang='lat' dir='ltr'><em>mutuo</em></span> <span class='ocrx_word' id='word_1_818' title='bbox 2111 3263 2148 3296; x_wconf 89' lang='lat' dir='ltr'><strong><em>et</em></strong></span> <span class='ocrx_word' id='word_1_819' title='bbox 2165 3258 2286 3295; x_wconf 89' lang='lat' dir='ltr'><em>dando</em></span> <span class='ocrx_word' id='word_1_820' title='bbox 2305 3262 2340 3295; x_wconf 93' lang='lat' dir='ltr'><strong><em>et</em></strong></span> <span class='ocrx_word' id='word_1_821' title='bbox 2361 3259 2456 3295; x_wconf 85' lang='lat' dir='ltr'><em>acci-</em></span> 
     </span>
     <span class='ocr_line' id='line_1_61' title="bbox 240 3304 2458 3353; baseline -0.001 -13"><span class='ocrx_word' id='word_1_822' title='bbox 240 3305 372 3350; x_wconf 86' lang='lat' dir='ltr'><em>piendo</em></span> <span class='ocrx_word' id='word_1_823' title='bbox 404 3307 577 3341; x_wconf 85' lang='lat' dir='ltr'><em>consistat</em></span> <span class='ocrx_word' id='word_1_824' title='bbox 606 3310 642 3342; x_wconf 89' lang='lat' dir='ltr'><strong><em>et</em></strong></span> <span class='ocrx_word' id='word_1_825' title='bbox 666 3317 741 3353; x_wconf 92' lang='lat' dir='ltr'><em>pro</em></span> <span class='ocrx_word' id='word_1_826' title='bbox 771 3306 854 3342; x_wconf 90' lang='lat' dir='ltr'><em>aliis</em></span> <span class='ocrx_word' id='word_1_827' title='bbox 884 3304 1135 3342; x_wconf 87' lang='lat' dir='ltr'><em>constituendo</em></span> <span class='ocrx_word' id='word_1_828' title='bbox 1165 3309 1199 3341; x_wconf 87' lang='lat' dir='ltr'><strong><em>et</em></strong></span> <span class='ocrx_word' id='word_1_829' title='bbox 1233 3316 1365 3342; x_wconf 87' lang='lat' dir='ltr'><em>usuras</em></span> <span class='ocrx_word' id='word_1_830' title='bbox 1386 3305 1587 3352; x_wconf 88' lang='lat' dir='ltr'><em>pendendo,</em></span> <span class='ocrx_word' id='word_1_831' title='bbox 1619 3306 1709 3352; x_wconf 87' lang='lat' dir='ltr'><em>ipsis</em></span> <span class='ocrx_word' id='word_1_832' title='bbox 1731 3305 1769 3341; x_wconf 88' lang='lat' dir='ltr'><strong><em>in</em></strong></span> <span class='ocrx_word' id='word_1_833' title='bbox 1791 3305 1924 3342; x_wconf 88' lang='lat' dir='ltr'><em>mutuis</em></span> <span class='ocrx_word' id='word_1_834' title='bbox 1947 3305 2077 3341; x_wconf 87' lang='lat' dir='ltr'><em>dandis</em></span> <span class='ocrx_word' id='word_1_835' title='bbox 2099 3306 2225 3340; x_wconf 89' lang='lat' dir='ltr'><em>nostra</em></span> <span class='ocrx_word' id='word_1_836' title='bbox 2249 3306 2458 3350; x_wconf 87' lang='lat' dir='ltr'><em>opponatur</em></span> 
     </span>
     <span class='ocr_line' id='line_1_62' title="bbox 242 3348 2456 3429; baseline 0 -46"><span class='ocrx_word' id='word_1_837' title='bbox 242 3351 460 3393; x_wconf 86' lang='lat' dir='ltr'><em>constitutio,</em></span> <span class='ocrx_word' id='word_1_838' title='bbox 517 3361 600 3386; x_wconf 89' lang='lat' dir='ltr'><strong><em>uam</em></strong></span> <span class='ocrx_word' id='word_1_839' title='bbox 630 3352 840 3397; x_wconf 86' lang='lat' dir='ltr'><em>scripsimus</em></span> <span class='ocrx_word' id='word_1_840' title='bbox 866 3351 1000 3387; x_wconf 88' lang='lat' dir='ltr'><em>nemini</em></span> <span class='ocrx_word' id='word_1_841' title='bbox 1029 3350 1127 3386; x_wconf 82' lang='lat' dir='ltr'><em>ultra</em></span> <span class='ocrx_word' id='word_1_842' title='bbox 1152 3351 1301 3396; x_wconf 86' lang='lat' dir='ltr'><em>duplum</em></span> <span class='ocrx_word' id='word_1_843' title='bbox 1320 3352 1486 3398; x_wconf 85' lang='lat' dir='ltr'><em>accipere</em></span> <span class='ocrx_word' id='word_1_844' title='bbox 1509 3351 1702 3397; x_wconf 86' lang='lat' dir='ltr'><em>quicquam</em></span> <span class='ocrx_word' id='word_1_845' title='bbox 1720 3351 1983 3396; x_wconf 86' lang='lat' dir='ltr'><em>permittentes,</em></span> <span class='ocrx_word' id='word_1_846' title='bbox 2006 3350 2039 3385; x_wconf 90' lang='lat' dir='ltr'><strong><em>si</em></strong></span> <span class='ocrx_word' id='word_1_847' title='bbox 2063 3353 2198 3386; x_wconf 84' lang='lat' dir='ltr'><em>tantam</em></span> <span class='ocrx_word' id='word_1_848' title='bbox 2219 3348 2456 3429; x_wconf 52' lang='lat' dir='ltr'><em>quantitatem</em></span> 
     </span>
     <span class='ocr_line' id='line_1_63' title="bbox 242 3393 2455 3442; baseline -0 -14"><span class='ocrx_word' id='word_1_849' title='bbox 242 3395 388 3431; x_wconf 86' lang='lat' dir='ltr'><em>solverit</em></span> <span class='ocrx_word' id='word_1_850' title='bbox 415 3404 475 3431; x_wconf 87' lang='lat' dir='ltr'><strong><em>cre</em></strong></span> <span class='ocrx_word' id='word_1_851' title='bbox 501 3396 572 3430; x_wconf 89' lang='lat' dir='ltr'><em>itor</em></span> <span class='ocrx_word' id='word_1_852' title='bbox 604 3400 776 3441; x_wconf 87' lang='lat' dir='ltr'><em>quantam</em></span> <span class='ocrx_word' id='word_1_853' title='bbox 807 3399 844 3432; x_wconf 91' lang='lat' dir='ltr'><strong><em>et</em></strong></span> <span class='ocrx_word' id='word_1_854' title='bbox 870 3406 950 3431; x_wconf 89' lang='lat' dir='ltr'><em>sors</em></span> <span class='ocrx_word' id='word_1_855' title='bbox 980 3398 1017 3432; x_wconf 89' lang='lat' dir='ltr'><strong><em>et</em></strong></span> <span class='ocrx_word' id='word_1_856' title='bbox 1038 3405 1172 3431; x_wconf 89' lang='lat' dir='ltr'><em>usurae</em></span> <span class='ocrx_word' id='word_1_857' title='bbox 1195 3396 1372 3441; x_wconf 77' lang='lat' dir='ltr'><em>efficiant.</em></span> <span class='ocrx_word' id='word_1_858' title='bbox 1420 3395 1497 3431; x_wconf 86' lang='lat' dir='ltr'><em>Nos</em></span> <span class='ocrx_word' id='word_1_859' title='bbox 1519 3396 1632 3442; x_wconf 78' lang='lat' dir='ltr'><em>iqitur</em></span> <span class='ocrx_word' id='word_1_860' title='bbox 1655 3396 1692 3431; x_wconf 86' lang='lat' dir='ltr'><strong><em>in</em></strong></span> <span class='ocrx_word' id='word_1_861' title='bbox 1709 3398 1898 3442; x_wconf 88' lang='lat' dir='ltr'><em>posterum</em></span> <span class='ocrx_word' id='word_1_862' title='bbox 1921 3405 1999 3430; x_wconf 88' lang='lat' dir='ltr'><strong><em>eam</em></strong></span> <span class='ocrx_word' id='word_1_863' title='bbox 2023 3394 2136 3441; x_wconf 80' lang='lat' dir='ltr'><em>leqem</em></span> <span class='ocrx_word' id='word_1_864' title='bbox 2161 3393 2217 3430; x_wconf 90' lang='lat' dir='ltr'><strong><em>vio</em></strong></span> <span class='ocrx_word' id='word_1_865' title='bbox 2233 3393 2293 3429; x_wconf 84' lang='lat' dir='ltr'><strong><em>ari</em></strong></span> <span class='ocrx_word' id='word_1_866' title='bbox 2313 3401 2455 3428; x_wconf 80' lang='lat' dir='ltr'><em>ommno</em></span> 
     </span>
    </p>
   </div>
   <div class='ocr_carea' id='block_1_13' title="bbox 244 3556 2452 3741">
    <p class='ocr_par' dir='ltr' id='par_1_14' title="bbox 244 3556 2452 3741">
     <span class='ocr_line' id='line_1_64' title="bbox 288 3556 2452 3611; baseline 0 -19"><span class='ocrx_word' id='word_1_867' title='bbox 288 3561 304 3611; x_wconf 70' lang='lat'><strong><em>‚¹</em></strong></span> <span class='ocrx_word' id='word_1_868' title='bbox 331 3559 407 3592; x_wconf 78' lang='grc' dir='ltr'><strong><em>τῶν</em></strong></span> <span class='ocrx_word' id='word_1_869' title='bbox 430 3559 651 3604; x_wconf 87' lang='grc' dir='ltr'><strong><em>γραμμάτων</em></strong></span> <span class='ocrx_word' id='word_1_870' title='bbox 663 3564 810 3605; x_wconf 85' lang='lat' dir='ltr'><em>sortasse</em></span> <span class='ocrx_word' id='word_1_871' title='bbox 834 3576 897 3597; x_wconf 86' lang='lat' dir='ltr'><strong><em>non</em></strong></span> <span class='ocrx_word' id='word_1_872' title='bbox 920 3575 1032 3597; x_wconf 86' lang='lat' dir='ltr'><em>sanum</em></span> <span class='ocrx_word' id='word_1_873' title='bbox 1059 3562 1072 3607; x_wconf 80' lang='grc' dir='ltr'><strong><em>ΙΙ</em></strong></span> <span class='ocrx_word' id='word_1_874' title='bbox 1102 3564 1123 3596; x_wconf 91' lang='grc'>4</span> <span class='ocrx_word' id='word_1_875' title='bbox 1148 3563 1312 3604; x_wconf 77' lang='grc' dir='ltr'><strong><em>ἕκαστον]</em></strong></span> <span class='ocrx_word' id='word_1_876' title='bbox 1383 3561 1476 3596; x_wconf 83' lang='grc' dir='ltr'><strong><em>σθαι</em></strong></span> <span class='ocrx_word' id='word_1_877' title='bbox 1508 3561 1556 3595; x_wconf 83' lang='grc' dir='ltr'><strong><em>εἰς</em></strong></span> <span class='ocrx_word' id='word_1_878' title='bbox 1583 3559 1626 3596; x_wconf 82' lang='grc' dir='ltr'><strong><em>τὸ</em></strong></span> <span class='ocrx_word' id='word_1_879' title='bbox 1657 3563 1755 3606; x_wconf 83' lang='grc' dir='ltr'><strong><em>χρέος</em></strong></span> <span class='ocrx_word' id='word_1_880' title='bbox 1778 3574 1872 3596; x_wconf 85' lang='lat' dir='ltr'><em>anon.</em></span> <span class='ocrx_word' id='word_1_881' title='bbox 1897 3561 1998 3595; x_wconf 87' lang='lat' dir='ltr'><em>Bodl.</em></span> <span class='ocrx_word' id='word_1_882' title='bbox 2032 3560 2045 3604; x_wconf 85' lang='grc' dir='ltr'><strong><em>ΙΙ</em></strong></span> <span class='ocrx_word' id='word_1_883' title='bbox 2081 3561 2119 3594; x_wconf 85' lang='grc'><strong><em>18</em></strong></span> <span class='ocrx_word' id='word_1_884' title='bbox 2147 3556 2333 3605; x_wconf 66' lang='grc' dir='ltr'><strong><em>ἐγγράφωθ</em></strong></span> <span class='ocrx_word' id='word_1_885' title='bbox 2356 3567 2452 3590; x_wconf 78' lang='lat' dir='ltr'><em>amm-</em></span> 
     </span>
     <span class='ocr_line' id='line_1_65' title="bbox 244 3599 2452 3652; baseline -0 -19"><span class='ocrx_word' id='word_1_886' title='bbox 244 3602 289 3634; x_wconf 77' lang='grc' dir='ltr'><strong><em>ἐπ</em></strong></span> <span class='ocrx_word' id='word_1_887' title='bbox 324 3603 539 3647; x_wconf 86' lang='grc' dir='ltr'><strong><em>ἀμφοτέρων</em></strong></span> <span class='ocrx_word' id='word_1_888' title='bbox 564 3619 657 3638; x_wconf 85' lang='lat' dir='ltr'><em>anon.</em></span> <span class='ocrx_word' id='word_1_889' title='bbox 683 3607 784 3640; x_wconf 86' lang='lat' dir='ltr'><em>Bodl.</em></span> <span class='ocrx_word' id='word_1_890' title='bbox 802 3607 815 3650; x_wconf 76' lang='lat' dir='ltr'>ss</span> <span class='ocrx_word' id='word_1_891' title='bbox 833 3610 852 3641; x_wconf 88' lang='lat'>8</span> <span class='ocrx_word' id='word_1_892' title='bbox 877 3605 1061 3650; x_wconf 74' lang='grc' dir='ltr'><strong><em>ἐλείμματι</em></strong></span> <span class='ocrx_word' id='word_1_893' title='bbox 1085 3608 1132 3641; x_wconf 91' lang='grc' dir='ltr'><em>Μ</em></span> <span class='ocrx_word' id='word_1_894' title='bbox 1143 3608 1155 3650; x_wconf 82' lang='grc' dir='ltr'><strong><em>ΙΙ</em></strong></span> <span class='ocrx_word' id='word_1_895' title='bbox 1174 3610 1214 3642; x_wconf 88' lang='lat'><strong><em>15</em></strong></span> <span class='ocrx_word' id='word_1_896' title='bbox 1239 3608 1315 3641; x_wconf 81' lang='grc' dir='ltr'><strong><em>ἐπι·</em></strong></span> <span class='ocrx_word' id='word_1_897' title='bbox 1385 3608 1486 3640; x_wconf 81' lang='lat' dir='ltr'><em>Bodl.</em></span> <span class='ocrx_word' id='word_1_898' title='bbox 1514 3607 1527 3650; x_wconf 83' lang='grc' dir='ltr'><strong><em>ΙΙ</em></strong></span> <span class='ocrx_word' id='word_1_899' title='bbox 1557 3607 1599 3641; x_wconf 87' lang='grc'><strong><em>20</em></strong></span> <span class='ocrx_word' id='word_1_900' title='bbox 1628 3618 1651 3640; x_wconf 93' lang='grc' dir='ltr'><strong><em>σ</em></strong></span> <span class='ocrx_word' id='word_1_901' title='bbox 1680 3605 1904 3652; x_wconf 78' lang='grc' dir='ltr'><strong><em>ραγισθέντα</em></strong></span> <span class='ocrx_word' id='word_1_902' title='bbox 1927 3618 1995 3639; x_wconf 86' lang='lat' dir='ltr'><strong><em>cum</em></strong></span> <span class='ocrx_word' id='word_1_903' title='bbox 2018 3605 2166 3649; x_wconf 74' lang='lat' dir='ltr'><em>Aqylaeo</em></span> <span class='ocrx_word' id='word_1_904' title='bbox 2188 3602 2272 3645; x_wconf 75' lang='lat' dir='ltr'><em>vuly.</em></span> <span class='ocrx_word' id='word_1_905' title='bbox 2299 3599 2312 3644; x_wconf 78' lang='grc' dir='ltr'><strong><em>ΙΙ</em></strong></span> <span class='ocrx_word' id='word_1_906' title='bbox 2342 3601 2383 3634; x_wconf 87' lang='grc'><strong><em>25</em></strong></span> <span class='ocrx_word' id='word_1_907' title='bbox 2409 3613 2452 3633; x_wconf 83' lang='lat' dir='ltr'><strong><em>an</em></strong></span> 
     </span>
     <span class='ocr_line' id='line_1_66' title="bbox 244 3644 2450 3696; baseline 0.001 -19"><span class='ocrx_word' id='word_1_908' title='bbox 244 3647 374 3688; x_wconf 82' lang='grc' dir='ltr'><strong><em>τρέψαι</em></strong></span> <span class='ocrx_word' id='word_1_909' title='bbox 398 3649 437 3680; x_wconf 86' lang='grc' dir='ltr'><strong><em>ἐν</em></strong></span> <span class='ocrx_word' id='word_1_910' title='bbox 462 3649 507 3682; x_wconf 91' lang='grc' dir='ltr'><strong>Μ</strong></span> <span class='ocrx_word' id='word_1_911' title='bbox 523 3649 536 3691; x_wconf 92' lang='grc' dir='ltr'><strong><em>ΙΙ</em></strong></span> <span class='ocrx_word' id='word_1_912' title='bbox 565 3645 683 3683; x_wconf 74' lang='grc' dir='ltr'><strong><em>αὐτοῖς</em></strong></span> <span class='ocrx_word' id='word_1_913' title='bbox 706 3652 904 3693; x_wconf 84' lang='lat' dir='ltr'><em>Zachariae]</em></span> <span class='ocrx_word' id='word_1_914' title='bbox 929 3654 1000 3685; x_wconf 90' lang='grc' dir='ltr'><strong><em>τοῖς</em></strong></span> <span class='ocrx_word' id='word_1_915' title='bbox 1024 3652 1068 3684; x_wconf 91' lang='grc' dir='ltr'><strong>Μ</strong></span> <span class='ocrx_word' id='word_1_916' title='bbox 1087 3652 1139 3692; x_wconf 80' lang='grc' dir='ltr'><strong><em>(ἐκ</em></strong></span> <span class='ocrx_word' id='word_1_917' title='bbox 1163 3650 1314 3696; x_wconf 82' lang='grc' dir='ltr'><strong><em>διαπρά-</em></strong></span> <span class='ocrx_word' id='word_1_918' title='bbox 1384 3648 1502 3685; x_wconf 78' lang='grc' dir='ltr'><strong><em>αὐτοῖς</em></strong></span> <span class='ocrx_word' id='word_1_919' title='bbox 1532 3651 1544 3694; x_wconf 88' lang='grc' dir='ltr'><strong><em>ΙΙ</em></strong></span> <span class='ocrx_word' id='word_1_920' title='bbox 1578 3653 1621 3686; x_wconf 83' lang='grc'><strong><em>29</em></strong></span> <span class='ocrx_word' id='word_1_921' title='bbox 1666 3650 1821 3692; x_wconf 79' lang='grc' dir='ltr'><strong><em>ιάταξιν]</em></strong></span> <span class='ocrx_word' id='word_1_922' title='bbox 1848 3651 1924 3684; x_wconf 80' lang='lat' dir='ltr'><strong><em>Cod.</em></strong></span> <span class='ocrx_word' id='word_1_923' title='bbox 1941 3652 1973 3692; x_wconf 87' lang='lat'><em>4,</em></span> <span class='ocrx_word' id='word_1_924' title='bbox 1990 3655 2097 3691; x_wconf 81' lang='lat'><strong>32‚2·1.</strong></span> <span class='ocrx_word' id='word_1_925' title='bbox 2148 3647 2198 3689; x_wconf 67' lang='lat' dir='ltr'><strong><em>Cf</em></strong></span> <span class='ocrx_word' id='word_1_926' title='bbox 2222 3656 2295 3679; x_wconf 82' lang='lat' dir='ltr'><em>nov.</em></span> <span class='ocrx_word' id='word_1_927' title='bbox 2324 3644 2450 3678; x_wconf 86' lang='lat' dir='ltr'><em>CXXI-</em></span> 
     </span>
     <span class='ocr_line' id='line_1_67' title="bbox 245 3692 1625 3741; baseline 0.007 -21"><span class='ocrx_word' id='word_1_928' title='bbox 245 3699 333 3722; x_wconf 88' lang='grc' dir='ltr'><strong><em>σεως</em></strong></span> <span class='ocrx_word' id='word_1_929' title='bbox 369 3697 468 3724; x_wconf 79' lang='lat' dir='ltr'><em>tuetur</em></span> <span class='ocrx_word' id='word_1_930' title='bbox 504 3695 591 3736; x_wconf 86' lang='lat' dir='ltr'><em>epit.)</em></span> <span class='ocrx_word' id='word_1_931' title='bbox 623 3696 635 3736; x_wconf 85' lang='grc' dir='ltr'><strong><em>ΙΙ</em></strong></span> <span class='ocrx_word' id='word_1_932' title='bbox 669 3692 792 3738; x_wconf 83' lang='grc' dir='ltr'><strong><em>λαβεῖν</em></strong></span> <span class='ocrx_word' id='word_1_933' title='bbox 827 3693 870 3729; x_wconf 79' lang='grc' dir='ltr'><strong><em>τὸ</em></strong></span> <span class='ocrx_word' id='word_1_934' title='bbox 909 3699 1046 3739; x_wconf 88' lang='grc' dir='ltr'><strong><em>τίμημα</em></strong></span> <span class='ocrx_word' id='word_1_935' title='bbox 1080 3698 1141 3728; x_wconf 85' lang='grc' dir='ltr'><strong><em>καὶ</em></strong></span> <span class='ocrx_word' id='word_1_936' title='bbox 1173 3694 1313 3741; x_wconf 82' lang='grc' dir='ltr'><strong><em>λογίσα-</em></strong></span> <span class='ocrx_word' id='word_1_937' title='bbox 1388 3696 1625 3730; x_wconf 85' lang='lat' dir='ltr'><em>CXXXVIII</em></span> 
     </span>
    </p>
   </div>
  </div>
 </body>
</html>
