2612 4016
111 153 136 184 C
143 150 409 184 ONSTITUTIO
438 150 732 182 PRAGMA'HGA

1194 284 1255 321 VI.

1183 134 1268 182 799

1928 139 2036 193 App.
2060 138 2126 181 VI.
2140 137 2218 180 v11
2246 140 2348 179 1-5

73 362 78 365 ’
108 352 237 399 (Imp.)
261 354 407 389 Flavius
433 353 652 389 lastinianus
676 354 935 389 Alamannicus
966 353 1143 389 Gothicus
1167 353 1366 389 Francicus
1391 353 1666 398 (Germanicus)
1689 353 1841 388 Anticus
1865 353 2082 399 <Alanicus>
2107 351 2348 389 Vvandalicus

311 397 508 434 Africanus
539 399 620 444 pius
643 398 733 434 felix
755 399 902 434 inclitus
924 398 1039 434 victor
1062 408 1105 434 ac
1129 399 1368 443 triumphator
1392 409 1532 443 semper
1556 399 1739 443 Augustus
1763 399 1878 434 Paulo
1903 409 1961 444 pp.
1985 398 2144 433 Africae.

243 465 467 502 Peruidimus
501 466 658 502 scribere
690 469 773 501 tuae
797 465 1042 510 magnitudini,
1075 469 1117 501 ut
1150 466 1324 502 neminem
1349 466 1394 502 de
1419 466 1556 502 colonIs
1582 466 1641 511 qui
1663 466 1885 512 temporibus
1904 466 2170 502 Vvandalorum
2195 465 2239 500 de
2263 474 2346 509 pos-

109 510 268 546 sessione
299 512 431 554 egressi
462 514 547 547 sunt
579 515 615 546 et
644 511 739 546 inter
769 511 900 546 liberos
934 512 1144 546 commorati
1169 513 1264 555 sunt,
1295 512 1424 547 iterum
1448 511 1583 547 attrahi
1603 515 1639 547 et
1661 511 1708 547 ad
1733 512 1922 547 colonatus
1946 511 2192 547 condicionem
2215 509 2345 545 iterum
2372 518 2391 549 5

108 555 252 600 reduci3
284 556 367 601 quia
393 557 556 592 volumus
581 565 643 592 eos
668 556 763 591 sicut
785 555 1007 601 temporibus
1031 556 1299 592 Vvandalorum
1322 561 1436 599 erant,
1463 557 1514 592 sic
1539 560 1575 592 et
1598 558 1702 593 modo
1727 557 1811 592 sint.
1848 557 2000 602 Insuper
2023 560 2143 591 autem
2167 555 2211 591 de
2227 557 2346 591 cetero

109 601 250 644 quicum
278 611 322 636 ue
356 611 457 636 suam
490 601 770 646 contempserint
801 605 934 636 terram
968 604 1003 636 et
1031 601 1077 636 ad
1110 602 1262 637 alienam
1294 612 1333 638 se
1366 603 1495 638 ducere
1522 601 1709 645 voluerint,
1742 612 1802 638 eos
1827 603 2016 638 restituere
2040 602 2215 637 iubemus.
2263 600 2347 635 Dat.

108 645 207 682 VIII.
242 646 254 680 i
283 673 291 682 .
317 646 362 681 Se
390 647 539 682 tembris
565 646 879 691 Constantinopoli
904 647 989 691 imp.
1016 647 1074 682 dn.
1101 647 1293 683 Iustiniani
1317 648 1422 693 (pp.)
1446 648 1539 693 Aug.
1573 649 1693 693 <anno
1718 647 1874 693 XXVI.)
1895 649 1978 693 post
2012 657 2110 684 cons.
2137 647 2192 682 Fl.
2220 645 2349 681 Basilii

109 700 204 727 anno
227 690 292 727 XI.
317 691 353 727 in
380 691 512 728 ictione
536 691 661 737 prima.

2181 694 2227 734 [a.
2255 692 2347 731 552]

1190 828 1269 864 VH.

110 897 130 931 1
268 894 324 931 Ut
351 895 497 930 omnia
521 895 655 930 firma
679 895 792 937 sint,
822 905 937 940 quae
962 895 1282 931 Amalasuinta
1307 897 1381 932 vel
1406 896 1683 931 Atalaricus
1708 896 1776 930 vel
1801 896 2073 931 Theodatus
2099 904 2348 931 concesse·

110 942 226 975 runt.
273 940 345 975 Pro
377 940 549 985 petitione
572 939 692 984 Vigilii
722 941 934 976 venerabilis
963 941 1174 984 antiquioris
1199 941 1335 977 Romae
1358 941 1564 987 <episcopi>
1598 941 1772 986 quaedam
1797 941 2021 986 disponenda
2044 950 2122 977 esse
2146 941 2349 976 censuimus

110 985 156 1021 ad
179 984 369 1020 utilitatem
390 986 546 1021 omnium
570 985 795 1030 pertinentia,
822 986 882 1030 qui
907 995 971 1030 per
995 986 1232 1022 occidentales
1257 991 1380 1030 partes
1403 987 1568 1022 habitare
1591 989 1803 1022 noscuntur.
1851 987 2018 1032 Inprimis
2034 987 2156 1031 itaque
2173 985 2348 1027 iubemus,

110 1034 151 1066 ut
181 1030 299 1066 omnia
333 1040 426 1075 quae
455 1031 661 1067 Atalaricus
697 1031 752 1066 vel
782 1031 1032 1066 Amalasuinta
1067 1032 1165 1076 regia
1200 1036 1314 1067 mater
1350 1032 1427 1068 eius
1459 1033 1515 1068 vel
1548 1032 1654 1067 etiam
1687 1032 1896 1067 Theodatus
1927 1032 2101 1068 Romanis
2134 1031 2187 1066 vel
2223 1034 2349 1066 senatu

110 1079 282 1121 poscente
316 1077 583 1121 concesserunt,
612 1076 865 1111 inviolabiliter
890 1080 1158 1113 conserventur.
1207 1077 1277 1112 Sed
1300 1080 1336 1112 et
1359 1088 1402 1113 ea
1426 1088 1518 1123 quae
1540 1087 1563 1112 a
1587 1076 1690 1112 nobis
1715 1077 1769 1112 vel
1793 1087 1816 1112 a
1839 1077 1920 1122 piae
1945 1077 2134 1113 memoriae
2159 1075 2348 1111 Theodora
2376 1083 2415 1115 15

110 1122 276 1165 Augusta
308 1121 488 1166 quondam
519 1121 669 1165 coniuge
697 1126 822 1157 nostra
855 1122 1000 1157 conlata
1031 1125 1126 1165 sunt,
1157 1122 1319 1158 volumus
1350 1123 1491 1159 illibata
1523 1122 1668 1164 servari,
1700 1122 1800 1158 nulla
1825 1123 2038 1168 cuicumque
2062 1121 2180 1157 danda
2204 1120 2348 1156 licentia

112 1168 238 1202 contra
268 1176 312 1202 ea
342 1167 479 1209 venire,
510 1176 602 1212 quae
634 1177 656 1202 a
686 1167 880 1212 praedictis
911 1167 1074 1212 personis
1108 1177 1173 1212 pro
1207 1168 1490 1214 quibuscumque
1521 1168 1629 1203 rebus
1663 1167 1717 1203 vel
1741 1167 1856 1203 titulis
1881 1168 1966 1204 data
1991 1168 2046 1203 vel
2067 1177 2241 1203 concessa
2266 1175 2347 1201 esse

111 1214 329 1257 noscuntur,
365 1216 516 1257 excepta
547 1212 711 1248 videlicet
742 1213 934 1248 donatione
965 1222 987 1247 a
1018 1212 1203 1248 Theodato
1236 1213 1273 1248 in
1295 1214 1493 1249 Maximum
1523 1223 1591 1259 pro
1618 1214 1727 1249 rebus
1760 1213 1885 1248 habita
1919 1213 2112 1256 Marciani,
2141 1223 2185 1248 ex
2219 1212 2348 1256 quibus

112 1257 291 1292 dimidiam
321 1257 522 1302 portionem
546 1257 689 1293 Liberio
721 1258 795 1293 viro
826 1258 1080 1302 gloriosissimo
1115 1258 1255 1294 dedisse
1278 1259 1512 1302 meminimus,
1547 1258 1685 1302 reliqua
1709 1258 1852 1294 dimidia
1875 1259 2033 1294 Maximo
2059 1259 2134 1294 viro
2158 1256 2348 1301 magnifico

111 1302 255 1347 relicta;
281 1312 370 1347 quas
394 1303 492 1348 apud
516 1306 705 1347 utrumque
729 1304 878 1338 firmiter
901 1312 1044 1339 manere
1068 1314 1265 1339 censemus.

111 1393 135 1428 2
230 1427 233 1429 ,
272 1392 328 1429 Ut
358 1402 439 1438 per
463 1393 725 1429 Totilanem
755 1393 914 1429 factae
946 1394 1223 1429 donationes
1255 1403 1406 1429 omnes
1438 1393 1605 1428 irritae
1637 1393 1744 1430 sint.
1793 1393 1832 1429 Si
1856 1393 1941 1438 quid
1965 1403 1988 1428 a
2011 1393 2176 1430 Totilane
2200 1395 2351 1438 tyranno

111 1438 248 1473 factum
279 1438 334 1473 vel
365 1437 536 1474 donatum
567 1448 648 1474 esse
680 1439 859 1474 invenitur
892 1439 1104 1484 cuicumque
1132 1439 1295 1475 Romano
1328 1449 1393 1475 seu
1425 1439 1636 1483 cuicumque
1668 1439 1750 1481 alio,
1785 1440 1919 1474 servari
1953 1438 2008 1474 vel
2032 1439 2068 1474 in
2093 1449 2160 1474 sua
2183 1438 2352 1473 firmitate

112 1492 256 1518 manere
286 1483 384 1519 nullo
417 1485 522 1520 modo
555 1484 794 1526 concedimus,
827 1485 890 1520 sed
922 1494 980 1519 res
1014 1485 1154 1520 ablatas
1187 1485 1233 1520 ab
1269 1484 1473 1520 huInsmodi
1497 1484 1784 1519 detentatoribus
1807 1484 1963 1530 antiquis
1988 1484 2140 1520 dominis
2163 1482 2352 1519 reformari

113 1529 362 1573 praecipimus.
417 1529 520 1574 Quod
551 1530 645 1565 enim
677 1540 742 1573 per
772 1530 872 1566 illum
903 1530 1103 1575 tyrannidis
1135 1530 1212 1566 eius
1244 1534 1405 1576 tempore
1435 1530 1572 1566 factum
1605 1539 1684 1566 esse
1715 1529 1904 1574 invenitur,
1937 1530 2006 1566 hoc
2036 1529 2193 1574 legitima
2225 1530 2351 1564 nostra

112 1577 239 1609 notare
262 1576 426 1619 tempora
449 1586 521 1611 non
546 1575 782 1611 concedimus.

112 1663 137 1699 3
272 1663 452 1700 Nemini
483 1668 650 1700 noceat
684 1665 728 1700 in
764 1665 1047 1710 captivitate
1086 1665 1355 1709 degentium
1391 1665 1584 1701 amissio
1622 1665 2052 1701 instrumentorum.

2116 1664 2220 1700 Licet
2258 1663 2351 1699 enim

113 1709 272 1752 generali
296 1709 373 1754 lege
396 1714 628 1755 prospectum
650 1714 715 1755 est,
745 1721 789 1746 ne
812 1711 1130 1746 instrumentorum
1155 1710 1300 1746 amissio
1325 1710 1488 1752 dominis,
1518 1721 1584 1755 pro
1609 1711 1739 1756 quibus
1763 1711 2000 1746 instrumenta
2024 1710 2231 1755 conscripta
2255 1712 2350 1751 sunt,

113 1754 364 1799 quodcumque
387 1756 648 1799 praeiudicium
671 1766 790 1791 rerum
814 1757 930 1801 possit
954 1756 1099 1798 inferre,
1130 1757 1252 1790 tamen
1284 1755 1488 1800 specialiter
1512 1756 1618 1790 etiam
1643 1765 1707 1801 per
1731 1755 1793 1790 illa
1814 1757 1894 1790 loca
1917 1755 1987 1790 hoc
2010 1765 2183 1790 renovare
2208 1753 2350 1789 censui-

113 1809 204 1840 mus,
237 1809 318 1834 cum
351 1802 506 1836 sciamus
537 1810 602 1846 per
634 1800 792 1836 diversas
825 1801 1048 1836 calamitates
1082 1803 1119 1836 et
1142 1800 1288 1835 hostiles
1313 1801 1541 1844 pervasiones
1566 1804 1639 1835 tam
1663 1801 1699 1835 in
1724 1801 1803 1845 ipsa
1827 1801 1971 1836 civitate
1995 1800 2158 1835 Romana
2183 1809 2290 1844 quam
2314 1799 2350 1833 in

112 1844 192 1878 aliis
216 1844 305 1880 locis
329 1844 533 1881 hominibus
557 1845 796 1881 instrumenta
816 1846 961 1890 perisse.
1010 1845 1065 1881 Ne
1090 1854 1195 1890 quam
1219 1845 1329 1889 igitur
1352 1854 1397 1880 ex
1421 1845 1490 1880 hoc
1515 1846 1730 1899 quicumque
1754 1846 1941 1891 patiantur
1965 1846 2180 1881 calumniam
2199 1847 2262 1880 aut
2285 1844 2349 1879 ali·
2377 1848 2419 1882 30

114 1888 213 1933 quod
231 1889 436 1925 sustineant
466 1890 733 1933 detrimentum,
766 1891 946 1926 sancimus
977 1894 1019 1926 ut
1049 1891 1368 1926 instrumentorum
1402 1890 1542 1934 quidem
1575 1891 1802 1926 amissionem
1834 1892 1889 1926 vel
1920 1891 2186 1935 corruptionem
2218 1891 2352 1924 nullum

112 1934 370 1979 praeiudicium
393 1945 459 1979 pro
485 1936 627 1971 domino
651 1936 706 1971 vel
730 1936 956 1980 possessione
979 1935 1078 1981 (vel)
1101 1946 1167 1980 pro
1192 1935 1326 1972 credito
1352 1936 1501 1971 dominis
1522 1946 1642 1972 rerum
1666 1936 1721 1971 vel
1738 1937 2007 1982 possessoribus
2024 1939 2088 1971 aut
2104 1934 2354 1978 creditoribus,

113 1989 180 2024 pro
210 1979 341 2023 quibus
369 1979 609 2016 instrumenta
635 1982 840 2025 conscripta
863 1981 1027 2021 fuissent,
1052 1981 1196 2015 inferre.
1246 1981 1474 2025 Pragmatica
1494 1981 1567 2016 dat.
1592 1981 1641 2016 id.
1668 1982 1760 2026 Aug.
1786 1981 1855 2017 GP.
1878 1981 1963 2026 imp.
1991 1981 2050 2016 dn.
2075 1981 2266 2016 Iustiniani
2290 1991 2351 2024 pp.

113 2025 205 2069 Aug.
231 2034 325 2060 anno
350 2024 516 2062 XXVIII.
541 2036 599 2070 pc.
625 2025 750 2060 Basilii
773 2035 827 2061 vc.
853 2035 947 2060 anno
971 2025 1070 2059 XIII.

113 2114 139 2150 4
276 2114 348 2150 Sed
378 2117 415 2149 et
447 2113 478 2149 si
508 2114 587 2158 quis
618 2124 675 2149 res
704 2114 863 2149 absentis
893 2113 950 2149 vel
982 2113 1088 2148 etiam
1113 2122 1156 2148 ca
1182 2112 1220 2155 ti,
1244 2112 1397 2148 forsitan
1420 2123 1556 2158 greges,
1581 2123 1646 2158 per
1669 2123 1770 2149 suam
1795 2116 1860 2149 aut
1883 2113 2074 2149 cuiuslibet
2097 2114 2348 2149 auctoritatem
2376 2118 2418 2151 35

2187 2026 2234 2068 [a.
2260 2027 2352 2066 554]

113 2159 243 2195 invasit
274 2160 328 2195 vel
364 2159 518 2204 petendo
550 2169 610 2194 eas
644 2159 770 2201 tenuit,
804 2169 946 2194 reverso
979 2168 1021 2193 eo
1050 2158 1106 2193 vel
1134 2158 1159 2192 li
1187 2160 1285 2193 erato
1319 2158 1396 2193 sine
1427 2158 1502 2193 ulla
1526 2159 1697 2194 dilatione
1720 2159 1884 2194 iubemus
1908 2159 2051 2194 restItui
2074 2158 2143 2203 ipsi
2167 2159 2221 2194 vel
2245 2159 2351 2194 etiam

114 2204 306 2241 heredibus
341 2207 428 2240 eius.
476 2205 526 2239 Et
552 2204 584 2240 si
615 2204 709 2240 forte
738 2204 798 2240 ille
829 2204 940 2240 fatale
963 2213 1093 2239 munus
1116 2203 1237 2246 subiit,
1268 2203 1374 2238 etiam
1398 2203 1591 2239 heredibus
1615 2204 1693 2239 eius
1716 2204 1942 2246 restituatur,
1976 2203 2060 2250 <ut>
2084 2204 2201 2248 legum
2224 2208 2350 2239 aucto-

114 2251 204 2286 ritas
228 2250 395 2295 suggerit.
443 2249 550 2285 Anno
575 2249 631 2286 die
654 2254 690 2285 et
715 2260 812 2286 cons.
837 2260 885 2285 ss.

114 2341 138 2376 ὃ
276 2340 374 2375 Νοιι
400 2343 666 2384 praesumat
697 2339 802 2384 quis
834 2339 1041 2375 alienum.

1090 2339 1182 2383 Quia
1212 2340 1331 2373 autem
1361 2338 1552 2374 verisimile
1581 2341 1752 2384 putamus
1784 2339 1943 2376 diversos
1970 2339 2169 2384 tyrannidis
2192 2341 2353 2383 tempore

114 2395 172 2421 res
197 2395 281 2421 suas
306 2395 371 2430 per
394 2387 529 2421 metum
552 2385 729 2421 alienasse
752 2385 955 2421 hominibus
979 2384 1035 2420 vel
1059 2385 1217 2421 officIum
1243 2383 1489 2430 quodcumque
1513 2385 1720 2429 gerentibus
1741 2384 1796 2420 vel
1815 2384 1922 2421 aliam
1945 2393 1968 2419 a
1986 2384 2107 2420 Totila
2126 2385 2350 2420 commissam
2376 2389 2419 2422 40

251 2477 337 2519 App.
357 2476 407 2510 VI
437 2484 526 2510 extat
556 2478 589 2511 in
614 2477 742 2510 Iuliani
771 2477 880 2510 codice
909 2474 1058 2511 Utinensi
1078 2477 1145 2518 fol.
1171 2477 1239 2518 92r,
1272 2476 1357 2509 unde
1390 2476 1494 2509 edidit
1517 2475 1648 2509 Haenel
1671 2475 1753 2509 Ber.
1776 2477 1808 2509 d.
1834 2476 1951 2510 Sae'ichs.
1982 2475 2057 2510 Ges.
2086 2476 2172 2510 1852
2194 2488 2230 2518 p.
2255 2478 2296 2510 75
2323 2483 2353 2508 et

116 2522 238 2555 Iulian.
260 2534 297 2564 p.
315 2522 391 2555 225.

252 2567 341 2610 App.
360 2566 434 2599 VII
453 2573 541 2600 extat
565 2567 597 2599 in
622 2566 752 2599 Iuliani
765 2566 921 2600 Parisino
938 2566 1006 2609 (P),
1026 2567 1272 2601 Mediolanensi
1288 2566 1495 2600 Trivulziano
1513 2566 1595 2608 (M),
1626 2566 1776 2600 Utinensi
1789 2566 1869 2609 (U),
1895 2577 1933 2600 ex
1957 2567 2071 2610 quibus
2092 2573 2166 2609 post
2190 2565 2353 2600 Miraeum

117 2619 146 2645 et
170 2612 336 2646 Pithoeum
363 2612 465 2645 edidit
489 2609 622 2645 Haenel
643 2611 766 2644 Iulian.
788 2624 824 2655 p.
846 2612 921 2646 185.

163 2760 184 2792 2
208 2757 358 2799 Flavius]
384 2757 460 2801 pius
485 2758 554 2790 cod.
574 2757 586 2800 ΙΙ
603 2757 755 2798 gutticus
774 2759 843 2791 cod.
864 2756 876 2802 ΙΙ
891 2757 1087 2791 bandalicus
1110 2758 1201 2791 affri-

118 2813 220 2836 canus
244 2804 313 2836 cod.
346 2803 358 2846 {l
389 2804 409 2836 3
441 2802 633 2835 triumfator
658 2804 728 2836 cod.
761 2802 773 2846 ΙΙ
804 2804 826 2837 4
858 2805 897 2837 ut
926 2805 988 2837 del.
1014 2802 1202 2838 Zachariae

118 2850 174 2889 (=
193 2844 300 2890 ὥστε)
325 2847 337 2891 ΙΙ
362 2847 580 2881 bandalorum
615 2849 685 2882 cod.
710 2848 768 2890 m²‚
792 2858 813 2881 v
838 2861 877 2882 ez·
901 2848 921 2881 b
946 2848 991 2882 m²
1013 2850 1108 2890 (idem
1133 2850 1167 2891 6)
1190 2848 1202 2892 ΙΙ

118 2894 338 2936 possessiones
358 2895 429 2927 cod.
446 2892 458 2936 ΙΙ
479 2894 498 2926 5
522 2893 635 2926 atrahi
658 2895 740 2935 cod.,
764 2894 891 2926 retrahi
915 2896 997 2928 coni.
1014 2894 1202 2928 Zachariae

116 2941 130 2982 ΙΙ
154 2937 344 2971 conditione
370 2939 440 2971 cod.
473 2937 486 2981 ΙΙ
514 2939 534 2971 6
566 2938 704 2970 redduci
729 2940 798 2971 cod.
823 2938 869 2971 m²
896 2938 908 2982 ΙΙ
940 2941 958 2973 7
991 2940 1203 2972 contemserit

120 2984 190 3016 cod.
215 2987 228 3025 ΙΙ
252 2984 272 3016 8
297 2982 377 3024 imp.
401 2982 542 3014 domnus
566 2982 773 3016 iustinianus
797 2985 866 3017 cod.
885 2983 897 3026 ΙΙ
923 2981 943 3016 ὃ
969 2984 1019 3018 οέΙ
1042 2984 1080 3017 fii
1103 2984 1203 3017 basili

119 3037 208 3060 anno
233 3026 303 3059 XII
335 3026 443 3059 indict
472 3029 524 3060 ter
545 3028 654 3069 prima
678 3029 762 3069 cod.,
786 3040 870 3061 corr.
897 3027 1084 3063 Zachariae
1115 3029 1127 3072 ΙΙ
1162 3031 1200 3063 11

120 3072 350 3105 amalacuncta
374 3072 415 3113 P,
440 3072 649 3116 amalacynta
673 3072 725 3114 M,
751 3072 943 3107 malaunota
972 3074 1007 3106 U
1020 3075 1032 3116 ΙΙ
1048 3074 1202 3107 attalari-

121 3127 179 3150 cus
203 3117 277 3150 PM
291 3117 304 3159 ΙΙ
321 3117 476 3150 teudatus
500 3117 540 3159 P,
566 3118 719 3151 teodatus
744 3119 792 3151 M
802 3118 814 3161 ss
834 3120 875 3152 12
903 3118 1101 3162 petitionem
1127 3120 1174 3152 Μ
1176 3120 1209 3152 U

118 3163 130 3206 11
156 3161 254 3203 vigili
280 3163 392 3195 PMU
411 3161 423 3205 ΙΙ
450 3162 599 3206 episcopi
623 3164 701 3196 add.
729 3164 878 3197 Miraeus
901 3164 913 3207 ΙΙ
940 3166 1047 3196 essent
1077 3165 1110 3196 U
1123 3164 1135 3207 ΙΙ
1163 3166 1204 3197 14

121 3206 316 3239 attalaricus
332 3207 370 3248 P,
387 3207 591 3240 athalaricus
605 3207 656 3248 M,
677 3208 864 3241 adalaricus
883 3209 918 3242 U
931 3208 943 3251 ΙΙ
959 3209 1205 3242 amalasuintha

121 3252 162 3291 P,
187 3251 433 3285 amalasiuntha
458 3252 503 3285 M
519 3251 532 3296 ΙΙ
557 3252 709 3285 teodatus
734 3254 773 3295 P,
801 3253 956 3286 teudatus
981 3255 1026 3287 M
1039 3253 1051 3296 ΙΙ
1074 3254 1204 3285 senatui

121 3296 273 3340 poscenti
296 3299 377 3330 coni.
396 3295 584 3331 Zachariae
599 3298 611 3339 ΙΙ
633 3299 673 3332 15
698 3308 851 3331 concessa
874 3301 954 3331 sunt
978 3299 1050 3331 PM
1058 3299 1097 3338 U,
1122 3310 1204 3331 corr.

122 3342 277 3374 Pithoeus
294 3342 307 3383 ss
325 3343 358 3373 et
383 3354 442 3373 om.
473 3341 509 3373 U
521 3340 534 3384 ΙΙ
549 3341 686 3374 teodora
707 3343 765 3384 ΡΙΙ
793 3345 832 3376 16
857 3343 1034 3384 coniugem
1058 3344 1204 3375 nostram

127 3386 162 3417 U
176 3384 188 3428 11
204 3385 339 3417 illiuata
355 3385 412 3426 ΡΙΙ
432 3394 562 3418 servare
580 3386 657 3418 PM
665 3386 676 3428 ΙΙ
695 3386 823 3419 nullam
848 3388 904 3429 ΗΠ
932 3387 1134 3428 quicumque
1153 3387 1187 3418 U
1196 3387 1204 3406 ¹

120 3432 132 3472 u
145 3429 222 3461 data
248 3430 286 3461 M
294 3429 329 3461 U
339 3428 351 3472 ΙΙ
372 3430 413 3462 17
440 3439 509 3461 eam
535 3429 570 3461 U
582 3429 594 3471 ΙΙ
610 3431 796 3471 praedictas
820 3441 978 3472 personas
1001 3432 1074 3464 PM
1078 3432 1113 3463 U
1125 3430 1137 3473 l!
1154 3430 1205 3462 vcl

118 3476 215 3517 prius
240 3486 297 3506 om.
325 3473 408 3506 MU
430 3472 442 3514 ΙΙ
477 3474 516 3506 18
543 3473 692 3516 excepta]
719 3484 757 3506 ex
780 3475 950 3516 prioribus
976 3476 1113 3517 excepta
1143 3475 1177 3507 U
1195 3475 1208 3518 11

122 3518 258 3551 teodato
285 3518 318 3550 P
336 3517 473 3549 teudato
499 3517 545 3549 M
563 3517 574 3560 ΙΙ
603 3517 691 3558 pro?
709 3518 720 3560 ΙΙ
747 3519 839 3551 abita
863 3520 938 3551 ΡΜ
952 3519 964 3561 ΙΙ
985 3522 1024 3553 19
1049 3519 1205 3551 memine-

123 3574 196 3595 mus
221 3564 263 3596 M
285 3562 296 3605 ΙΙ
322 3561 485 3603 reliquam
516 3561 550 3593 U
568 3563 580 3604 ΙΙ
607 3562 779 3594 dimidiam
801 3563 871 3595 PU
891 3563 903 3605 ΙΙ
930 3565 972 3595 20
997 3563 1115 3595 relicto
1147 3564 1179 3595 U
1196 3564 1207 3603 ΙΙ

124 3609 299 3649 utriusque
327 3607 357 3639 P
382 3606 394 3650 ΙΙ
426 3606 615 3638 censuimus
639 3607 671 3638 P
702 3607 861 3639 cessimus
892 3607 925 3639 U
949 3607 960 3649 ΙΙ
991 3609 1029 3640 21
1057 3617 1117 3648 pro
1142 3607 1176 3639 P
1196 3607 1206 3648 Η

125 3653 228 3684 factas
254 3652 331 3684 ΡΜ
333 3652 367 3684 U
378 3652 389 3692 ΙΙ
409 3660 521 3683 omnes
546 3664 604 3684 om.
626 3651 667 3683 M
682 3650 694 3693 ΙΙ
711 3651 833 3683 inritae
863 3651 898 3683 U
908 3651 920 3693 ΙΙ
939 3653 1017 3683 sunt
1042 3652 1084 3683 M
1098 3651 1110 3693 ΙΙ
1127 3651 1206 3683 toti-

126 3697 236 3731 lanem
261 3697 294 3730 P
315 3696 327 3741 ΙΙ
355 3697 397 3729 22
421 3695 510 3728 facto
535 3695 593 3740 ΡΙΙ
620 3696 791 3729 invenitur
816 3705 887 3729 esse
911 3697 957 3729 M
966 3695 979 3741 ss
998 3695 1117 3738 cuique
1141 3695 1207 3728 alio

1272 2758 1313 2799 P,
1338 2757 1399 2790 alii
1423 2758 1518 2791 Beck
1534 2757 1546 2800 11
1566 2759 1609 2792 23
1633 2757 1768 2790 nullum
1792 2758 1867 2791 PM
1881 2756 1893 2802 ss
1909 2757 2020 2790 ablata
2050 2758 2084 2790 U
2095 2757 2107 2801 ΙΙ
2125 2757 2354 2791 detentoribus

1277 2804 1311 2836 U
1324 2803 1336 2846 ΙΙ
1354 2803 1508 2836 dominus
1535 2802 1590 2847 Pu
1619 2803 1799 2836 reformare
1824 2804 1869 2836 M
1886 2806 1898 2844 ΙΙ
1925 2805 1968 2837 24
1993 2803 2064 2836 eius
2090 2804 2151 2837 del.
2178 2805 2318 2837 Skutsch
2342 2804 2354 2847 ΙΙ

1273 2850 1315 2882 26
1333 2848 1526 2890 degentium
1540 2849 1658 2889 Kroll]
1676 2848 1828 2890 gentium
1842 2848 1917 2881 ΡΜ
1921 2849 1954 2881 U
1965 2847 1977 2891 ΙΙ
1997 2849 2097 2889 enim]
2114 2848 2214 2881 etiam
2232 2861 2353 2892 anony-

1272 2907 1350 2934 muS,
1375 2895 1480 2927 malim
1500 2895 1566 2926 iam
1583 2893 1595 2936 ΙΙ
1615 2895 1654 2927 27
1674 2894 1828 2935 generale
1843 2893 1933 2935 leges
1948 2894 2134 2936 profectum
2151 2896 2200 2926 est
2219 2895 2257 2926 U.
2302 2895 2352 2935 Cf.

1276 2940 1355 2973 Cod.
1372 2941 1405 2972 4.
1418 2946 1463 2981 2¹,
1479 2947 1504 2972 5.
1523 2947 1564 2973 10.
1581 2946 1611 2972 Ἡ
1638 2938 1651 2981 ΙΙ
1675 2939 1838 2982 inscripta
1868 2940 1903 2972 U
1915 2939 1926 2982 ΙΙ
1945 2942 1986 2973 30
2011 2949 2219 2980 nequaquam
2234 2939 2352 2978 PMU,

1273 2997 1356 3019 corr.
1367 2985 1497 3017 Haenel
1512 2983 1524 3028 ΙΙ
1543 2984 1710 3017 faciantur
1722 2985 1889 3026 Ppatitur
1900 2985 1946 3016 M
1953 2985 2105 3026 paciatur
2119 2985 2154 3016 U
2167 2984 2178 3025 ΙΙ
2196 2986 2233 3017 31
2253 2983 2352 3014 susti-

1272 3032 1350 3062 neat
1359 3027 1491 3073 PMUn
1504 3030 1688 3062 sanccimus
1702 3029 1753 3071 ΠΗ
1766 3031 1805 3060 ut
1818 3041 1876 3061 om.
1886 3029 1938 3070 Uss
1951 3029 2065 3060 nullus
2079 3029 2185 3069 Ρ1132
2203 3027 2351 3059 dominio

1272 3075 1412 3107 Skutsch
1430 3076 1440 3116 Η
1452 3073 1505 3105 vel
1523 3075 1599 3106 add.
1612 3074 1716 3113 Beck,
1733 3083 1833 3115 prove
1845 3071 2030 3105 Zachariae
2043 3071 2054 3116 Η
2068 3074 2110 3105 33
2128 3072 2352 3104 instrumento

1274 3119 1307 3151 P
1320 3118 1332 3161 ss
1350 3118 1451 3150 fuisse
1462 3118 1538 3150 PM
1552 3118 1562 3157 11
1580 3119 1788 3159 pragmatum
1799 3117 1880 3156 PM,
1896 3120 2059 3158 pragmat.
2074 3117 2108 3149 U
2122 3121 2133 3159 ΙΙ
2151 3116 2229 3156 CR]
2247 3120 2350 3149 const.

1273 3163 1306 3195 P
1326 3164 1492 3195 constant.
1507 3162 1553 3193 M
1578 3171 1667 3193 cone.
1688 3162 1722 3193 U
1748 3160 1760 3204 ΙΙ
1789 3161 1857 3201 dn.]
1883 3162 1968 3193 dom.
1987 3171 2058 3193 nro.
2075 3162 2107 3193 P
2137 3161 2246 3193 domn.
2264 3172 2298 3196 n.
2315 3162 2358 3194 M

1273 3207 1408 3239 domino
1434 3207 1547 3238 nostro
1568 3207 1602 3238 U
1613 3206 1624 3249 ΙΙ
1644 3205 1827 3237 iustiniano
1844 3206 1918 3238 PM
1922 3206 1955 3237 U
1968 3206 1979 3247 ΙΙ
1998 3208 2065 3247 pp.]
2090 3205 2147 3247 pio
2171 3216 2226 3248 pp.
2246 3205 2323 3238 PM
2338 3205 2351 3248 ΙΙ

1274 3253 1317 3284 34
1340 3261 1391 3293 pc.
1418 3263 1475 3283 om.
1502 3251 1544 3282 M
1559 3250 1570 3292 ΙΙ
1587 3250 1685 3282 basili
1711 3250 1792 3288 PM,
1817 3249 1948 3282 bilisari
1979 3251 2011 3282 U
2026 3251 2038 3292 ss
2055 3251 2118 3283 uic.
2137 3251 2206 3283 PU
2221 3250 2232 3289 ΙΙ
2252 3250 2350 3282 XIII.

1274 3297 1333 3336 M]
1358 3295 1443 3327 XIV
1461 3295 1501 3333 P,
1524 3293 1596 3326 XII
1619 3295 1653 3326 U
1666 3294 1677 3337 ΙΙ
1696 3295 1736 3327 35
1754 3294 1906 3327 absentes
1932 3294 1988 3337 UH
2008 3295 2112 3337 capiti
2131 3294 2187 3339 UH
2207 3296 2250 3328 36
2268 3295 2352 3328 libe-

1274 3343 1363 3373 ratos
1395 3341 1431 3371 in
1462 3338 1565 3371 ullam
1598 3339 1791 3371 dilationem
1821 3340 1855 3371 U
1881 3344 1893 3382 {1
1922 3340 2076 3372 iuuemus
2103 3340 2133 3372 P
2158 3340 2170 3383 ΙΙ
2200 3342 2241 3373 37
2268 3342 2300 3372 et
2324 3348 2355 3373 et

1274 3385 1371 3417 etiam
1409 3383 1585 3416 heredibus
1623 3384 1694 3416 eius
1734 3384 1795 3416 del.
1830 3381 2017 3418 Zachariae
2046 3384 2181 3417 restitui
2211 3387 2353 3419 scribens

1274 3441 1342 3463 cum
1359 3429 1504 3465 Beckio;
1536 3430 1652 3461 rectius
1676 3427 1727 3460 vel
1753 3427 1851 3460 etiam
1875 3428 2051 3462 heredibus
2076 3430 2146 3462 eius
2163 3442 2192 3463 v.
2209 3431 2252 3463 36
2270 3431 2354 3463 dele-

1273 3474 1358 3507 veris
1382 3473 1550 3513 (Skutsch)
1572 3473 1584 3516 ΙΙ
1610 3474 1649 3505 ut
1674 3474 1750 3506 add.
1779 3471 1963 3507 Zachariae
1987 3478 1999 3517 ss
2024 3474 2107 3516 legis
2133 3475 2167 3507 P
2181 3475 2194 3518 u
2211 3476 2253 3508 38
2277 3475 2355 3508 sub-

1275 3517 1362 3559 gerit
1378 3517 1425 3549 M
1435 3516 1447 3559 ss
1463 3516 1568 3549 consl.
1593 3518 1627 3550 P
1646 3516 1774 3550 consul.
1795 3518 1839 3550 M
1858 3518 2008 3552 consoles
2031 3520 2065 3552 U
2077 3519 2089 3562 ΙΙ
2107 3520 2149 3552 39
2175 3519 2235 3560 qui
2251 3517 2359 3554 PMU

1274 3563 1285 3606 ΙΙ
1309 3561 1486 3594 uirisimile
1512 3562 1591 3594 MU
1613 3566 1626 3605 ῃ
1653 3572 1815 3604 ponamus
1842 3563 1874 3594 P
1897 3566 2049 3606 potamus
2074 3565 2119 3597 M
2130 3564 2142 3608 ΙΙ
2168 3564 2302 3597 diuerso
2328 3565 2360 3598 P

1274 3607 1285 3650 Η
1307 3606 1500 3648 tyrannides
1530 3606 1586 3649 ΠΙΙ
1606 3610 1648 3639 40
1673 3610 1888 3648 permetuunt
1913 3609 1985 3642 PM
2002 3608 2014 3653 ΙΙ
2030 3608 2083 3642 vel
2104 3622 2164 3643 om.
2186 3610 2233 3642 M
2243 3610 2255 3653 ΙΙ
2272 3620 2356 3652 quo—

1276 3661 1340 3693 que
1365 3658 1394 3683 et
1416 3650 1484 3683 alia
1508 3652 1599 3684 codd.
1629 3651 1641 3695 ΙΙ
1670 3663 1690 3684 a
1723 3652 1830 3684 tutela
1856 3653 1889 3686 P
1909 3655 1944 3686 at
1967 3653 2074 3687 tutela
2100 3655 2143 3688 Μ
2162 3654 2296 3688 adutela
2326 3655 2361 3690 U

1275 3698 1287 3740 ss
1311 3696 1528 3738 commissam]
1552 3698 1692 3730 comissa
1716 3697 1771 3730 uel
1801 3698 1837 3732 U
