2580 3984
114 158 295 192 HABERE
324 158 427 192 LOGI
456 157 752 192 SERVATOREM

115 262 200 295 σίαν
223 261 297 295 τοῖς
319 262 572 305 μοναστηρίοις
602 260 642 294 ἐν
664 257 714 294 οἷς
736 256 991 304 ἐνεβλήθησαν
1016 255 1201 300 δίδοσθαι,

116 306 177 341 ἴνα
207 305 256 350 μὴ
289 302 350 340 διὰ
381 303 514 348 ταύτης
546 305 608 348 τῆς
639 308 823 350 περινοίας
855 307 915 338 καὶ
946 302 988 338 τὸ
1022 305 1087 339 τοῦ
1112 304 1203 339 θεοῦ

115 355 225 397 κρίμα
240 350 535 398 καταφρονηθείη
550 353 611 384 καὶ
630 349 649 384 ὁ
668 349 836 396 ἡμέτερος
855 348 962 394 νόμος
986 349 1202 396 παραβαθῇ.

115 397 139 432 2
183 393 288 431 Ἀλλὰ
305 395 467 451 καὶἊτοὺς
482 394 752 443 ὑπουργοῦντας
775 398 852 430 ταῖς
874 393 1059 430 τοιαύταις
1082 394 1205 430 λύσεσι

1190 141 1273 190 687

1818 143 1926 192 Nov.
1956 141 2174 186 CXXXIV
2206 145 2269 185 11.
2304 142 2354 184 12

1270 257 1333 293 riis
1356 257 1394 293 in
1418 256 1547 302 quibus
1570 256 1670 292 missi
1693 258 1776 291 sunt
1800 255 1894 300 dari,
1926 258 1967 290 ut
1989 265 2062 291 non
2091 257 2238 300 propter
2261 253 2358 290 hunc

1274 304 1517 348 contemptum
1548 305 1585 338 et
1616 301 1673 338 dei
1695 301 1866 338 iudicium
1890 302 2140 337 contemnatur
2174 302 2211 336 et
2234 303 2360 336 nostra

1272 349 1331 384 lex
1354 348 1650 393 transgrediatur.

1273 395 1297 430 2
1344 394 1415 429 Sed
1446 397 1483 429 et
1513 394 1695 430 ministros
1725 392 1808 428 talis
1840 391 2028 427 solutionis
2058 392 2265 436 nuptiarum
2295 392 2360 426 aut

116 443 193 476 τῶν
215 442 343 488 γάμων
365 455 387 484 η
412 441 458 475 τὰ
478 454 630 476 τοιαυτα
663 438 826 485 ἀθέμιτα
855 439 1060 520 στῖιβόλαια
1083 451 1202 475 συντι-
1240 443 1259 475 5
1273 440 1333 485 qui
1349 439 1554 475 huiusmodi
1577 439 1716 475 incesta
1735 438 1974 474 instrumenta
1994 437 2260 482 composuerint
2279 447 2357 472 cor-

116 487 252 522 θέντας
281 488 360 521 ταῖς
382 486 430 520 εἰς
454 488 559 530 σῶμα
591 489 734 522 ποιναῖς
763 484 883 531 ύποβά
909 485 1042 520 λεσθαι
1065 482 1201 521 κελεύο-

116 534 140 568 3
184 545 252 576 μεν
272 535 332 566 καὶ
347 532 395 567 εἰς
412 531 555 578 ἐξορίαν
579 532 803 577 πέμπεσθαι.
861 533 906 566 Εἰ
931 530 970 566 δὲ
993 531 1030 566 οἱ
1050 531 1118 566 τὸν
1141 530 1202 578 γά-

114 590 185 622 μον
216 574 315 611 λύειν
348 577 638 623 ἐπιχειρήσαντες
669 576 884 623 βουληθῶσι
920 577 1032 612 πάλιν
1067 578 1204 611 ἑαυτοῖς

114 623 358 677 συζευχθῆναι
395 626 482 669 πρὶν
517 623 733 668 ἐμβληθῶσι
767 626 1039 678 μοναστηρίοις,
1076 621 1204 657 ἄδειαν

1271 485 1456 530 poralibus
1479 484 1604 530 poenis
1629 484 1744 520 subici
1766 483 1929 519 iubemus
1961 485 1996 518 et
2018 483 2055 518 in
2080 483 2224 518 exilium
2247 482 2357 518 desti-

1271 531 1296 567 3
1342 531 1431 566 nari.
1495 531 1531 565 Si
1554 540 1637 566 vero
1662 530 1699 565 hi
1723 529 1784 574 qui
1807 529 2067 564 matrimonium
2093 529 2230 564 solvere
2254 537 2357 573 prae-

1272 578 1501 621 sumpserunt
1515 575 1697 611 voluerint
1715 575 1843 610 iterum
1860 574 1928 609 sibi
1944 573 2112 618 coniungi
2133 574 2234 618 prius
2252 583 2358 619 quam

1270 621 1458 657 mittantur
1491 621 1529 656 in
1564 620 1792 663 monasterio,
1827 619 2008 655 licentiam
2042 620 2093 654 eis
2129 620 2255 654 damus
2287 619 2358 653 hoc

116 671 236 702 αυτοῖς
269 666 415 713 δίδομεν
449 682 557 703 τουτο
591 671 718 712 ποιεῖν,
754 671 814 702 καὶ
849 680 912 702 τας
947 670 1203 713 προειρημένας
1219 669 1258 702 10
1271 667 1389 703 facere
1419 669 1454 702 et
1484 666 1686 712 praedictas
1719 675 1854 710 poenas
1879 665 2106 700 concedimus
2138 665 2190 700 eis
2214 667 2252 700 et
2273 674 2357 709 pro·

115 714 244 748 ποινὰς
266 716 520 761 συγχωροῦμεν
544 711 664 749 αὐτοῖς
694 716 752 747 καὶ
782 713 845 748 τὰς
875 711 968 748 ἰδίας
999 716 1203 757 περιουσίας

115 760 209 801 ἔχειν
238 762 299 793 καὶ
328 755 444 793 οὕτως
475 760 564 804 πρὸς
588 756 758 802 ἀλλήλους
782 760 859 803 ζῆν,
893 756 941 793 ῶς
965 756 1012 793 ἂν
1036 759 1067 792 εἰ
1089 756 1203 803 μηδὲν

114 806 259 838 τοιοῦτο
295 802 549 850 ἡμαρτημένον
585 805 788 851 ἐτύγχανεν.
837 805 900 839 τοῦ
932 804 1012 839 ἑνὸς
1048 802 1088 838 δὲ
1119 807 1202 848 βου-

114 848 266 893 λομένου
295 850 363 884 τὸν
387 851 505 896 γάμον
528 847 842 894 ἀνακαλέσασθαι,
875 850 906 883 εἰ
927 849 977 894 μὴ
1002 852 1202 883 συναινέσει

114 895 157 928 τὸ
176 897 300 940 ἕτερον
316 907 523 940 προςωπον,
547 896 640 930 κατὰ
664 897 729 930 τοῦ
753 895 802 951 μὴ
819 893 1035 940 βουλομένου
1058 897 1203 941 κρατεῖν
1219 898 1258 928 15

114 940 140 976 4
185 940 248 974 τὰς
279 941 416 975 ποινάς.
494 942 614 975 Ταῦτα
645 939 684 975 δὲ
715 954 839 976 παντα
871 939 1126 987 φυλάττεσθαι
1149 954 1203 974 κε-

115 984 264 1028 λεύομεν
296 987 336 1021 ἔν
366 1001 406 1020 τε
434 987 479 1033 τῇ
500 984 662 1030 βασιλίδι
693 987 809 1034 ταύτῃ
841 985 946 1022 πόλει
978 989 1038 1020 καὶ
1062 987 1103 1020 ἐν
1125 989 1203 1020 ταῖς

115 1032 311 1084 ἐπαρχίαις,
338 1029 399 1065 διά
424 1045 463 1065 τε
479 1032 544 1066 τοῦ
562 1032 713 1076 κόμητος
736 1034 814 1067 τῶν
837 1031 1030 1078 πριβάτων
1057 1035 1116 1065 καὶ
1140 1032 1203 1074 τῆς

115 1090 192 1111 των
222 1076 438 1111 παλατίνων
471 1076 598 1120 σχολῆς
631 1081 691 1111 καὶ
726 1079 804 1111 τῶν
836 1079 875 1112 ἐν
913 1080 989 1112 ταῖς
1018 1079 1203 1123 ἐπαρχίαις

1270 713 1371 757 prias
1400 712 1534 748 habere
1565 711 1787 747 substantias
1823 713 1859 746 et
1886 710 1937 745 ita
1968 710 2015 745 ad
2046 710 2196 745 invicem
2227 709 2357 750 vivere,

1270 762 1453 802 tamquam
1477 757 1508 792 si
1530 757 1620 793 nihil
1641 756 1807 792 delictum
1827 756 1966 791 fuisset.
2014 755 2094 791 Uno
2114 765 2198 790 vero
2217 755 2358 790 volente

1250 803 1532 839 ·matrimonium
1563 812 1745 846 revocare,
1783 801 1814 837 si
1844 812 1917 836 non
1949 800 2150 836 consentiat
2181 800 2252 836 alia
2275 809 2357 845 per-

1272 859 1378 893 sona,
1403 851 1529 885 contra
1553 857 1634 884 eum
1657 848 1719 894 qui
1741 847 1896 883 noluerit
1918 849 2063 882 teneant
2085 855 2235 892 poenae.

1271 940 1297 976 4
1343 940 1443 975 Haec
1473 950 1557 975 vero
1588 939 1708 975 omnia
1737 938 1870 975 servari
1901 937 2064 972 iubemus
2099 938 2174 972 tam
2203 936 2240 972 in
2262 936 2359 981 regia

1271 986 1340 1021 hac
1366 985 1508 1020 civitate
1537 995 1643 1030 quam
1673 985 1711 1020 in
1735 982 1944 1030 provinciis,
1975 985 2050 1017 tam
2079 992 2101 1018 a
2126 983 2255 1018 comite
2282 983 2358 1027 pri-

1271 1035 1431 1066 vatarum
1456 1041 1561 1076 quam
1585 1041 1607 1066 a
1631 1031 1871 1075 palatinorum
1896 1028 2020 1064 schola
2039 1030 2076 1064 et
2094 1028 2358 1074 provinciarum

1272 1077 1450 1112 iudicibus
1481 1080 1518 1112 et
1549 1076 1677 1112 officiis
1702 1086 1842 1120 eorum,
1875 1074 2070 1110 scientibus
2102 1074 2196 1118 quod
2221 1073 2250 1108 si
2273 1083 2358 1117 neg-

114 1119 306 1167 ἀρχόντων
328 1123 482 1156 καὶτῶν
498 1123 639 1163 τάξεων
657 1119 790 1178 αὐτῶν,
816 1121 970 1157 εἰδότων
994 1119 1129 1166 αὐτῶν,
1155 1120 1202 1156 ὠς
1216 1122 1424 1157 201exerint
1448 1122 1652 1158 huiusmodi
1675 1122 1828 1157 alicuius
1852 1120 1970 1157 delicti
1995 1123 2029 1154 et
2045 1130 2117 1155 non
2135 1120 2254 1154 omnia
2270 1119 2359 1154 haec

114 1168 145 1201 εἰ
169 1167 422 1212 ῥᾳθυμήσουσι
446 1168 611 1201 τοιούτου
635 1167 734 1202 τινὸς
751 1171 1050 1213 αμαρτανομένου
1074 1172 1133 1202 καὶ
1151 1167 1200 1212 μὴ

114 1214 231 1247 ταῦτα
255 1211 380 1247 πάντα
404 1211 717 1258 παραφυλάξουσι,
742 1217 802 1248 καὶ
827 1214 968 1259 ἑξορίαν
990 1217 1050 1248 καὶ
1075 1212 1200 1257 δήμευ-

115 1269 175 1293 σιν
200 1256 479 1301 ύποστήσονται.
527 1260 645 1293 ταῦτα
662 1257 700 1293 δὲ
717 1256 809 1294 αὐτοὶ
828 1258 1124 1306 παραφυλάττειν
1146 1272 1200 1293 κε-

116 1302 264 1356 λεύομεν
287 1307 348 1337 καὶ
372 1303 454 1338 τοὺς
478 1304 570 1338 κατὰ
591 1302 710 1339 τόπον
727 1302 949 1340 ὁσιωτάτους
973 1304 1200 1346 ἐπισκόπους,

1273 1167 1521 1211 custodierint,
1557 1171 1593 1203 et
1625 1167 1769 1203 exilium
1803 1169 1840 1202 et
1869 1165 2168 1211 proscriptionem
2203 1164 2358 1200 sustine-

1271 1214 1370 1248 bunt.
1418 1213 1519 1249 Haec
1549 1223 1636 1249 vero
1666 1213 1829 1248 iubemus
1861 1221 2002 1247 servare
2032 1213 2068 1246 et
2091 1211 2252 1246 locorum
2275 1220 2358 1246 san-

1272 1259 1449 1295 ctissimos
1478 1258 1687 1304 episcopos,
1724 1261 1764 1294 ut
1796 1257 2018 1304 providentia
2052 1267 2174 1292 eorum
2204 1256 2360 1291 traditae

1270 1314 1447 1350 personae
1477 1304 1516 1340 in
1544 1304 1770 1340 monasteriis
1801 1304 1998 1345 mittantur,
2032 1306 2068 1338 et
2098 1302 2143 1337 de
2166 1302 2274 1337 rebus
2299 1311 2358 1337 ea-

115 1346 204 1383 ὡςτε
235 1353 389 1396 προνοίᾳ
422 1346 546 1383 αὐτῶν
562 1349 622 1383 *va
649 1348 924 1395 παραδιδόμενα
955 1348 1132 1396 πρόςωπα
1162 1351 1201 1384 ἐν
1215 1351 1256 1384 25
1270 1361 1349 1386 rum
1385 1349 1482 1395 quod
1513 1359 1537 1386 a
1570 1350 1674 1386 nobis
1709 1349 1893 1386 definitum
1928 1350 1984 1385 est
2022 1347 2248 1384 monasteriis
2283 1347 2359 1383 vin-

112 1398 365 1449 μοναστηρίοις
400 1393 651 1439 ἐμβάλλεσθαι
691 1399 751 1429 καὶ
787 1398 825 1430 ἐκ
860 1397 937 1431 τῶν
972 1393 1202 1443 πραγμάτων

114 1441 239 1497 αυτῶν
270 1439 316 1519 :cyfi
342 1437 432 1486 παρ’
459 1437 564 1485 ήμῶν
589 1438 825 1487 διορισθέντα
855 1444 927 1477 τοῖς
950 1445 1202 1487 μοναστηρίοις

114 1497 269 1531 παρεχεσ
304 1499 350 1519 αι.

1271 1396 1402 1432 dicent.

1103 1576 1259 1613 CAPUT
1283 1576 1365 1614 XII.

170 1645 226 1679 Εἴ
243 1656 296 1679 τις
321 1642 361 1679 δὲ
384 1645 643 1691 κατηγορηθεὶς
676 1646 737 1680 ἐπὶ
759 1642 1104 1700 μοιχείᾳὶπροὸοσίᾳ
1127 1647 1205 1679 τῶν

1342 1646 1381 1681 Si
1405 1645 1484 1690 quis
1509 1654 1592 1681 vero
1617 1646 1810 1681 accusatus
1837 1644 1874 1680 in
1898 1644 2075 1680 adulterio
2098 1653 2163 1689 per
2186 1643 2358 1690 proditio-

115 1688 300 1725 δικαστῶν
324 1688 347 1733 ἢ
372 1688 470 1733 ἄλλῳ
492 1688 696 1734 οἱῳδήποτε
718 1702 848 1746 τρρπῳ
863 1701 935 1744 fas
960 1687 1034 1725 ἀπὸ
1057 1693 1121 1724 τοῦ
1143 1691 1204 1725 νό-
1218 1694 1260 1726 30
1273 1701 1354 1726 nem
1377 1691 1534 1726 iudicum
1565 1695 1630 1726 aut
1653 1691 1723 1726 alio
1749 1689 1907 1735 quolibet
1935 1691 2042 1726 modo
2068 1700 2090 1725 a
2113 1690 2250 1735 legibus
2273 1700 2359 1735 poe-

113 1749 182 1780 μου
217 1735 346 1770 ποινὰς
379 1732 573 1783 ἀποφύγοι,
607 1738 667 1768 καὶ
687 1748 779 1779 μετα
812 1748 930 1770 ταυτα
961 1733 1127 1780 εὑρεθείη
1159 1737 1203 1779 τῆ

113 1785 256 1827 γυναικὶ
289 1784 371 1829 περὶ
402 1781 443 1823 ἧς
465 1780 700 1834 κατηγορήθη
733 1782 887 1836 αιζσχρῶς·
910 1772 1203 1834 συναναστρεφό-

1273 1746 1338 1771 nas
1362 1737 1535 1781 effugerit,
1559 1738 1596 1771 et
1619 1739 1701 1781 post
1723 1736 1814 1771 haec
1837 1735 2038 1772 inveniatur
2061 1735 2201 1771 mulieri
2222 1735 2266 1771 de
2290 1745 2362 1780 qua

1272 1785 1466 1817 accusatus
1496 1783 1552 1817 est
1582 1782 1738 1826 turpiter
1769 1783 1999 1817 conversatus
2030 1784 2094 1816 aut
2116 1781 2153 1816 in
2176 1781 2359 1816 matrimo-

113 1838 216 1870 μενος
239 1824 263 1870 ἢ
286 1827 334 1860 εἰς
357 1826 476 1872 γάμον
499 1824 704 1870 λαμβανων
729 1827 854 1869 αυτήν,
887 1829 947 1859 καὶ
971 1839 1079 1860 τουτο
1101 1830 1202 1873 γένη-

113 1884 175 1906 ται
206 1873 341 1915 ζῶντος
365 1872 429 1906 τοῦ
454 1867 587 1917 ἀνδρὸς
613 1869 636 1914 ἢ
659 1874 720 1905 καὶ
742 1870 834 1915 μετὰ
858 1870 926 1914 τὴν
952 1868 1063 1906 αὐτοῦ
1087 1871 1202 1906 τελευ-

114 1916 193 1961 τήν,
226 1915 310 1952 οὐδὲ
338 1917 405 1952 τὸν
434 1916 550 1964 γάμον
582 1916 771 1965 ἐρρῶσθαι
795 1915 993 1962 κελεύομεν,
1028 1913 1120 1951 ἀλλὰ
1144 1920 1204 1951 καὶ
1218 1919 1261 1952 35

1271 1828 1370 1862 nium
1399 1828 1565 1873 accipere
1596 1837 1690 1871 eam,
1721 1830 1757 1862 et
1789 1827 1858 1862 hoc
1882 1826 1946 1861 fiat
1976 1827 2114 1863 vivente
2137 1827 2265 1863 marito
2297 1829 2361 1861 aut

1270 1875 1354 1918 post
1377 1874 1454 1909 eius
1477 1875 1645 1916 mortem,
1677 1882 1793 1917 neque
1813 1872 2079 1909 matrimonium
2111 1872 2229 1909 valere
2259 1872 2360 1909 iube-

184 2022 210 2042 c.
235 2009 322 2042 XII.
347 2009 449 2041 XIII
469 2016 576 2041 extant
601 2009 636 2042 B
662 2010 754 2050 6‚19,
771 2016 799 2042 8.
814 2017 842 2041 9.

183 2066 210 2087 c.
220 2054 315 2131 EXIIt
335 2066 384 2131 egl
400 2054 433 2085 B
459 2052 756 2131 lgcggetVNobnocflm
780 2054 883 2086 XIV
898 2055 943 2086 tit.
959 2055 1054 2094 11‚1;
1091 2066 1244 2087 summam
1266 2061 1414 2098 praestat
1438 2054 1571 2088 Nomoc.
1596 2055 1690 2088 XIV
1712 2056 1759 2088 tit.
1786 2056 1841 2096 ib„
1876 2055 1952 2088 Atlz.
1978 2067 2129 2089 summam
2154 2056 2268 2098 repetit
2290 2055 2359 2089 No-

116 2111 193 2132 moc.
291 2112 301 2132 2
317 2122 325 2130 .
407 2110 444 2140 p.
582 2110 617 2130 oe
645 2122 653 2130 .

116 2201 236 2236 steriis
260 2200 297 2235 in
321 2210 415 2246 quae
438 2199 590 2233 coniecti
611 2202 694 2233 sunt
719 2198 820 2244 dari,
844 2208 889 2233 ne
903 2208 972 2243 per
987 2197 1081 2232 lianc
1104 2197 1276 2233 astutiam
1299 2201 1336 2232 et
1359 2197 1419 2232 dei
1439 2197 1613 2233 iudicium
1635 2202 1885 2234 contemnatur
1907 2203 1943 2234 et
1963 2199 2026 2234 lex
2043 2204 2170 2235 nostra
2194 2200 2358 2237 violetur.

116 2247 141 2282 2
188 2245 262 2281 Sed
291 2255 354 2280 eos
383 2254 525 2290 quoque
558 2244 623 2289 qui
645 2242 821 2279 eiusmodi
848 2242 1156 2277 matrimoniorum
1186 2242 1426 2278 solutionibus
1458 2253 1606 2289 operam
1630 2247 1827 2290 praestant
1858 2244 1914 2279 vel
1942 2245 2116 2280 eiusmodi
2146 2244 2274 2281 illicita
2306 2247 2358 2281 in-

117 2293 142 2328 3
188 2294 386 2326 strumenta
411 2292 642 2335 componunt,
673 2287 924 2334 corporalibus
945 2289 1074 2334 poenis
1096 2287 1211 2324 subici
1234 2292 1270 2323 et
1288 2288 1327 2322 in
1350 2288 1499 2323 exilium
1524 2289 1619 2324 mitti
1641 2289 1810 2324 iubemus.
1916 2288 1958 2324 Si
1981 2300 2065 2326 vero
2090 2291 2154 2336 qui
2175 2291 2359 2327 matrimo-

118 2337 217 2371 nium
241 2335 380 2371 solvere
403 2335 528 2371 conati
548 2338 644 2377 sunt,
666 2334 773 2381 prius
815 2344 898 2368 uam
923 2334 960 2368 in
983 2334 1204 2368 monasteria
1228 2333 1466 2376 coniciuntur,
1490 2344 1619 2369 rursus
1634 2335 1728 2369 inter
1749 2345 1788 2371 se
1804 2334 1978 2380 coniunqi
2000 2335 2120 2378 velint,
2142 2336 2360 2382 facultatem

117 2383 163 2417 iis
183 2381 311 2416 damus
335 2380 403 2415 lzoc
423 2379 605 2426 faciendi,
637 2385 673 2414 et
688 2389 785 2425 prae
811 2379 901 2414 ictas
927 2388 1067 2425 poenas
1097 2379 1142 2413 iis
1165 2379 1394 2420 remittimus,
1425 2382 1534 2424 utque
1559 2378 1654 2415 bona
1684 2390 1752 2414 sua
1776 2378 1933 2415 habeant
1955 2390 2000 2415 ac
2021 2381 2174 2427 perinde
2202 2381 2298 2417 inter
2320 2393 2360 2418 se

118 2427 241 2463 vivant
272 2431 454 2471 tamquam
485 2426 517 2459 si
540 2424 676 2460 nullum
707 2425 785 2460 eius
812 2426 956 2470 qeneris
978 2427 1171 2470 peccatum
1195 2424 1419 2459 commissum
1450 2428 1544 2459 esset
1572 2425 1808 2460 concedimus.
1856 2423 1992 2468 Quodsi
2015 2425 2109 2461 alter
2132 2428 2281 2473 nuptias
2304 2438 2359 2463 re-

117 2473 144 2508 4
189 2481 320 2507 vocare
344 2470 443 2513 velit,
467 2470 499 2505 si
523 2481 595 2505 non
619 2471 841 2505 consenserit
863 2469 981 2505 altera
999 2479 1183 2515 persona,
1207 2473 1335 2505 contra
1358 2480 1437 2505 eum
1461 2470 1525 2515 qui
1544 2470 1700 2505 noluerit
1716 2481 1860 2516 poenae
1880 2470 2034 2506 valeant.
2115 2471 2216 2507 Haec
2239 2477 2360 2508 autem

119 2518 241 2553 omnia
265 2516 439 2552 custodiri
463 2515 621 2551 iubemus
653 2518 724 2550 tam
756 2516 793 2550 in
818 2514 887 2550 hac
910 2515 1013 2561 reqia
1038 2515 1180 2550 civitate
1211 2525 1319 2560 quam
1352 2515 1389 2549 in
1425 2515 1612 2550 2rovinciis
1639 2526 1712 2561 per
1736 2516 1897 2551 comitem
1928 2526 2048 2551 rerum
2065 2517 2299 2563 privatarum
2325 2521 2360 2553 et

118 2562 278 2599 scholam
296 2561 548 2615 palatinorum
571 2564 605 2596 et
621 2560 812 2607 praesides
834 2560 1106 2606 provinciarum
1130 2569 1253 2594 eorum
1282 2570 1326 2595 ue
1350 2560 1399 2605 of
1421 2560 1496 2594 cia:
1531 2560 1593 2606 qui
1616 2560 1743 2603 sciant,
1766 2561 1799 2595 si
1822 2561 1912 2606 quid
1933 2561 2110 2597 eiusmodi
2132 2562 2358 2599 commissum

118 2608 348 2654 neqleoeermt
371 2617 486 2652 neque
510 2606 598 2641 haec
622 2606 742 2641 omnia
767 2605 1045 2646 observaverint,
1068 2615 1106 2639 se
1128 2607 1162 2639 et
1185 2605 1248 2640 eoei
1262 2615 1336 2639 ium
1360 2610 1395 2640 et
1413 2604 1696 2650 publicationem
1720 2606 1894 2641 bonorum
1917 2605 2102 2642 subituros
2120 2618 2206 2643 esse.
2255 2607 2359 2644 Haec

118 2654 201 2700 ipsa
232 2663 316 2688 vero
348 2652 454 2687 etiam
485 2651 731 2686 sanctissimos
762 2650 925 2686 locorum
956 2651 1147 2696 episcopos
1178 2649 1367 2686 observare
1398 2649 1569 2693 iubemus,
1602 2654 1643 2686 ut
1666 2661 1755 2686 cura
1778 2662 1902 2687 eorum
1924 2662 2109 2697 personae
2139 2651 2298 2689 traditae
2319 2654 2358 2689 in

118 2699 337 2734 monasteria
361 2697 587 2732 coniciantur
611 2700 720 2742 atque
742 2707 792 2731 ex
815 2695 919 2731 bonis
942 2706 1066 2730 eorum
1090 2705 1134 2729 ea
1158 2705 1251 2740 quae
1273 2706 1296 2730 a
1320 2694 1422 2729 nobis
1443 2699 1582 2730 statuta
1604 2699 1690 2731 sunt
1711 2696 1939 2731 monasteriis
1955 2701 2203 2742 praestentur.

254 2743 335 2777 XII.
384 2741 425 2777 Si
454 2742 535 2788 quis
566 2745 685 2777 autem
716 2741 887 2776 adulterii
918 2743 1109 2775 accusatus
1141 2739 1351 2786 proditione
1380 2740 1537 2774 iudicum
1572 2741 1629 2776 vel
1657 2741 1730 2776 alio
1762 2741 1836 2776 ullo
1870 2741 1976 2777 modo
2008 2742 2188 2788 leqitimas
2216 2754 2360 2790 poenas

118 2789 305 2836 effuqerit,
340 2791 448 2833 atque
477 2791 608 2840 postea
639 2786 882 2833 deprenensus
915 2786 963 2820 sit
993 2795 1071 2836 cum
1105 2785 1268 2827 muliere,
1298 2789 1456 2832 propter
1486 2795 1595 2831 quam
1630 2790 1820 2822 accusatus
1851 2792 1923 2830 est,
1961 2788 2116 2834 turpiter
2152 2789 2360 2825 conversari

118 2834 175 2870 vel
196 2843 275 2869 eam
305 2833 344 2868 in
376 2832 641 2868 matrimonium
674 2833 850 2878 accipere,
883 2831 992 2876 idque
1022 2840 1101 2865 vivo
1126 2830 1256 2866 marito
1289 2830 1344 2866 vel
1372 2830 1480 2865 etiam
1503 2834 1594 2877 post
1624 2835 1774 2867 mortem
1801 2831 1878 2867 eius
1898 2833 2044 2879 factum
2069 2833 2137 2876 sit,
2170 2844 2216 2869 ne
2239 2834 2359 2871 valere

167 2939 183 2970 1
199 2934 412 2979 ἐβλήθησαν
428 2935 478 2967 ΒΓ
493 2935 505 2977 11
528 2935 548 2967 2
561 2932 704 2975 ταύτης]
722 2932 765 2966 τὸ
780 2933 943 2966 Nomoc.m
958 2931 970 2977 11
982 2931 1046 2965 τοῦ
1065 2944 1123 2964 om.
1134 2931 1185 2964 Br
1195 2931 1207 2967 11

121 2984 141 3015 3
160 2978 424 3024 καταφρονηθῇ
450 2991 518 3012 cum
537 2979 719 3021 Scrimqero
737 2979 820 3020 vuly.
840 2977 852 3021 11
869 2979 985 3010 καὶ-
1001 2975 1205 3023 παραβαθῇ

121 3039 179 3059 om.
191 3025 352 3058 Nomoc.”¹
377 3023 389 3066 11
408 3027 427 3057 5
443 3022 508 3055 τοῦ
523 3022 639 3068 γάμου
655 3023 704 3055 Β8
728 3021 740 3064 11
766 3021 998 3055 συντιθέντες
1015 3023 1045 3055 L
1063 3021 1075 3065 11
1094 3023 1112 3056 8
1130 3022 1205 3056 ἐπι-

120 3063 913 3156 ariri?t0izzzz⁷³gs0sssz²1rsstvzaffl
929 3068 1204 3156 &5235er

120 3160 288 3194 τοιοῦτον
313 3159 390 3200 BL,
415 3170 474 3191 om.
494 3169 513 3194 ς
538 3159 550 3201 11
574 3153 827 3202 άμαρτημένον
851 3157 881 3190 L
905 3156 917 3200 11
942 3159 982 3190 17
1007 3155 1122 3203 ταύτῃ
1146 3170 1204 3191 om.

121 3206 169 3240 Bl
197 3206 209 3248 11
240 3206 279 3238 18
311 3203 389 3236 τῶν
418 3202 626 3248 πριβάτων]
665 3203 743 3235 τῶν
772 3199 971 3245 βασιλικῶν
1002 3202 1205 3246 πριβοίτων,

120 3264 146 3285 s.
161 3263 190 3284 v.
208 3249 286 3282 τῶν
302 3246 505 3291 βασιλικῶν
522 3247 740 3292 περιουσιῶν
760 3248 809 3287 L,
835 3248 894 3280 καὶ
918 3247 980 3289 τῆς
1003 3250 1206 3291 περιουσίας

123 3297 199 3330 add.
214 3293 265 3327 Bt
287 3293 299 3338 11
319 3295 358 3327 21
386 3293 428 3334 εἴ]
461 3291 525 3326 ἐὰν
549 3292 602 3326 ΒΓ
618 3293 630 3335 11
655 3294 697 3326 22
722 3291 846 3326 πάντα
871 3305 928 3325 om.
947 3292 982 3325 B
1010 3292 1022 3335 11
1046 3293 1089 3326 23
1114 3289 1206 3325 αὐτὰ

122 3354 180 3375 om.
199 3338 251 3372 ΒΓ
266 3350 286 3375 ς
313 3338 324 3381 11
355 3335 541 3380 κελεύομεν
564 3335 860 3383 παραφυλάττειν
884 3337 960 3370 LB
985 3336 997 3379 11
1027 3338 1069 3371 25
1095 3333 1205 3370 αὐτοῦ

122 3387 168 3420 M
171 3389 188 3407 ⁰
214 3384 226 3427 11
253 3381 532 3429 παραδεδομένα
556 3384 592 3416 Β
619 3384 631 3427 11
662 3385 704 3416 30
729 3379 869 3427 τρόπῳ]
905 3379 1093 3427 προσώπῳ
1117 3383 1169 3416 Βσ
1195 3381 1207 3428 11

121 3430 167 3465 τὰ
192 3430 238 3463 Μ
255 3429 268 3472 11
293 3425 367 3463 ἀπὸ
394 3429 458 3462 τοῦ
482 3425 608 3472 νόμου]
641 3438 661 3460 a
684 3427 813 3469 legibus
836 3438 856 3463 ς
875 3428 887 3470 11
921 3429 964 3461 34
987 3424 1009 3469 ἢ
1033 3429 1105 3469 καὶ]
1137 3426 1207 3462 εἴτε

122 3474 284 3516 Nomos-d,
317 3471 340 3516 ἢ
365 3474 416 3507 Βο
439 3473 451 3519 11
477 3471 599 3514 αὐτοῦ]
625 3470 719 3515 άιιὴν
743 3473 794 3506 La
811 3473 823 3516 11
846 3474 888 3506 35
914 3474 974 3505 καὶ
998 3485 1055 3506 οηι.
1077 3473 1110 3506 L

171 3568 188 3599 1
214 3564 318 3606 missi]
343 3563 372 3597 si
397 3564 414 3594 b
432 3564 444 3608 11
462 3565 481 3596 2
503 3564 739 3606 contemptum]
764 3573 827 3596 con
897 3574 954 3595 um
974 3563 1023 3597 1⁷¹
1039 3576 1106 3598 cum
1122 3571 1205 3606 spat.

124 3623 193 3644 vac.
209 3611 295 3644 6-7
312 3611 368 3644 litt.
386 3609 399 3654 11
417 3610 455 3642 de
479 3608 600 3642 iuditio
624 3608 674 3642 12¹
707 3609 744 3642 in
768 3608 823 3642 dei
841 3607 1005 3641 iudicium
1030 3608 1049 3639 b
1067 3608 1079 3652 11
1101 3611 1123 3643 4
1145 3609 1207 3642 tali

134 3654 197 3697 V¹‚
223 3668 281 3689 om.
305 3654 323 3686 b
335 3668 356 3688 v
375 3654 387 3699 11
404 3657 422 3689 5
445 3654 598 3688 *incerta
616 3654 680 3688 VT
689 3653 707 3684 b
732 3655 822 3687 certa
835 3655 867 3687 R
880 3666 901 3686 υ
919 3652 931 3693 11
946 3654 1207 3687 instrumentum

133 3699 183 3733 V¹
204 3699 217 3745 11
232 3702 479 3743 conposuerunt
496 3700 513 3730 b
531 3700 543 3744 11
562 3702 579 3734 7
593 3710 674 3733 uero
691 3699 742 3733 hii
754 3699 821 3733 ΕΤ
841 3698 923 3732 uobi
943 3699 981 3741 V,
1005 3699 1042 3732 hi
1058 3712 1116 3733 om.
1132 3702 1179 3733 bv
1195 3698 1207 3746 11

126 3745 407 3790 praesumpserint
429 3759 448 3779 v
466 3745 478 3790 11
497 3747 515 3780 8
539 3744 686 3778 uoluerit
713 3746 742 3779 R
761 3743 774 3790 11
796 3744 946 3787 contingi
972 3744 990 3775 b
1011 3743 1024 3790 11
1048 3746 1068 3780 9
1093 3744 1205 3779 mitta-

1275 2934 1330 2963 tur
1345 2944 1366 2963 v
1382 2932 1393 2974 11
1412 2934 1649 2965 monasterium
1668 2934 1824 2978 RTvulq.
1850 2935 1861 2977 11
1878 2934 1924 2967 eis
1939 2935 2110 2968 licentiam
2124 2949 2145 2969 υ
2162 2936 2174 2980 11
2195 2938 2235 2971 10
2250 2936 2358 2970 facere

1275 2978 1318 3017 et]
1344 2978 1376 3008 et
1396 2979 1482 3010 om.b
1500 2977 1512 3021 11
1533 2980 1570 3012 11
1599 2980 1631 3011 et
1656 2992 1713 3012 om.
1736 2979 1794 3023 Τ11
1811 2980 1933 3021 vivere]
1957 2985 2037 3014 uere
2059 2981 2118 3023 T1,
2145 2994 2203 3014 om.
2218 2981 2294 3025 1311}
2316 2983 2357 3015 12

1275 3022 1303 3054 si
1329 3034 1385 3054 om.
1403 3034 1423 3054 v
1441 3021 1452 3065 11
1469 3022 1531 3055 nih
1556 3023 1574 3053 b
1593 3023 1605 3067 11
1623 3023 1721 3056 fuisse
1747 3024 1765 3054 b
1783 3025 1795 3068 11
1814 3027 1892 3066 uno]
1917 3035 1986 3058 non
2011 3028 2029 3058 b
2042 3038 2061 3059 v
2079 3025 2092 3070 11
2107 3026 2255 3058 uoliente
2277 3027 2328 3059 Ta
2346 3026 2358 3071 11

1277 3068 1317 3101 13
1342 3067 1493 3100 reuocari
1512 3068 1543 3101 V
1566 3067 1578 3111 11
1605 3068 1683 3109 alia]
1716 3071 1748 3102 et
1771 3070 1838 3102 alia
1863 3069 1880 3100 b
1915 3070 2022 3103 altera
2046 3071 2078 3104 T
2102 3070 2114 3110 ΙΙ
2146 3073 2188 3104 14
2211 3070 2359 3104 uoluerit

1275 3111 1324 3144 R²
1353 3111 1524 3146 noluerint
1550 3113 1582 3146 T
1590 3112 1601 3133 ¹
1630 3113 1642 3156 11
1670 3116 1781 3147 teneat
1805 3115 1823 3144 b
1859 3114 1980 3147 sentiat
2002 3128 2023 3148 υ
2051 3114 2064 3158 11
2090 3125 2215 3157 poaene
2240 3115 2258 3145 b
2278 3115 2290 3160 11
2315 3117 2356 3150 16

1274 3167 1351 3189 vero
1376 3170 1433 3190 om.
1457 3158 1488 3190 V
1508 3157 1521 3201 11
1546 3158 1669 3200 regiam
1694 3159 1756 3191 hac
1781 3159 1951 3192 ciuitatem
1974 3172 1995 3192 υ
2018 3160 2030 3203 11
2059 3161 2099 3195 17
2124 3161 2277 3193 comitem
2303 3160 2321 3190 b
2343 3160 2356 3204 11

1277 3202 1316 3236 18
1337 3212 1357 3233 a
1376 3202 1614 3245 palatinorum]
1641 3216 1771 3235 *tt-u
1785 3204 1819 3237 R
1835 3204 1848 3248 11
1865 3206 1898 3237 et
1922 3217 1979 3238 om.
1992 3217 2014 3238 υ
2030 3204 2042 3249 11
2063 3206 2104 3239 19
2126 3207 2158 3238 et
2178 3205 2297 3238 officiis
2312 3223 2358 3230 —-

1274 3247 1483 3289 neglexerint
1506 3261 1567 3281 scr.
1591 3247 1642 3281 V³
1667 3250 1699 3282 in
1722 3257 1807 3293 spat.
1832 3263 1903 3283 vac.
1924 3251 1966 3294 12-
1989 3262 2035 3284 vs.
2054 3250 2066 3293 11
2083 3250 2113 3282 si
2138 3263 2195 3283 om.
2210 3251 2228 3281 b
2246 3250 2258 3294 11
2275 3260 2376 3293 neg-‚

1274 3292 1392 3324 lexerit
1408 3293 1440 3326 R
1457 3292 1470 3336 11
1488 3294 1529 3327 20
1548 3292 1690 3326 alicuius
1714 3295 1775 3328 del.
1798 3294 1858 3337 V³‚
1882 3295 2020 3328 alterius
2039 3308 2059 3328 υ
2077 3295 2089 3339 11
2108 3296 2146 3329 21
2168 3295 2357 3328 custodient

1274 3337 1323 3370 13¹
1340 3337 1352 3381 11
1370 3338 1662 3381 praescriptionem
1687 3339 1720 3372 T
1729 3341 1746 3372 b
1758 3351 1779 3372 v
1803 3341 2045 3384 proscriptione
2064 3340 2114 3373 R¹
2131 3340 2143 3384 11
2161 3342 2204 3375 22
2229 3341 2357 3383 seruari

1282 3383 1346 3416 VT
1356 3382 1368 3425 11
1387 3390 1461 3417 ante
1485 3385 1518 3416 et
1543 3384 1575 3416 in
1601 3383 1619 3413 b
1645 3384 1743 3418 litura
1768 3393 1814 3419 est
1829 3386 1918 3420 2-3
1936 3387 1994 3420 litt.
2013 3386 2085 3430 1123
2108 3386 2357 3429 prouidentiam

1275 3438 1328 3460 eos
1351 3441 1372 3460 v
1390 3427 1403 3471 11
1426 3430 1469 3463 24
1481 3441 1528 3472 sq.
1554 3430 1587 3461 et
1613 3448 1654 3452 —
1680 3430 1769 3471 quod
1791 3443 1854 3464 scr.
1876 3430 1928 3464 V⁸
1951 3432 1984 3464 in
2007 3439 2091 3475 spat.
2113 3444 2183 3465 vac.
2198 3434 2223 3476 ᾗ
2241 3445 2299 3473 vs„
2323 3433 2357 3465 et

1274 3492 1318 3496 —
1334 3473 1504 3506 vindicent
1528 3487 1585 3506 om.
1602 3487 1623 3506 υ
1640 3473 1652 3518 11
1670 3485 1783 3508 eorum
1804 3475 1878 3518 V(³)
1894 3476 1905 3519 11
1925 3477 1967 3510 25
1983 3477 2181 3510 nendicetur
2197 3477 2261 3519 ΤΞ,
2282 3476 2356 3510 vin-

1275 3518 1403 3551 dicetur
1426 3521 1511 3563 vuly.
1530 3518 1602 3562 1129
1627 3523 1796 3553 accusator
1819 3533 1840 3553 υ
1856 3521 1868 3564 11
1886 3521 1922 3554 in
1946 3521 2064 3554 alterio
2088 3521 2136 3555 R¹
2161 3522 2203 3555 ad
2226 3521 2356 3556 adulte-

1273 3563 1362 3596 rium
1379 3577 1411 3606 v,
1434 3563 1471 3596 in
1495 3577 1553 3597 om.
1570 3564 1587 3594 b
1605 3564 1617 3607 11
1634 3565 1874 3608 prodictionem
1901 3566 1918 3596 b
1937 3566 1949 3610 11
1967 3568 2009 3600 30
2030 3567 2134 3600 alium
2155 3570 2172 3601 b
2184 3580 2205 3600 υ
2223 3567 2236 3610 11
2252 3567 2356 3611 quod-

1274 3608 1356 3641 libet
1381 3609 1399 3639 b
1426 3607 1438 3653 11
1466 3610 1506 3643 31
1534 3609 1692 3652 efugierit
1717 3611 1734 3640 b
1755 3612 1767 3654 11
1793 3612 1873 3644 haec
1899 3625 1956 3645 om.
1979 3612 2033 3646 Va
2053 3613 2066 3656 11
2096 3613 2139 3646 32
2164 3614 2355 3647 accusatum

1275 3655 1322 3687 est
1343 3654 1360 3684 b
1385 3656 1559 3688 accusatur
1573 3667 1594 3687 v
1611 3654 1624 3698 11
1640 3657 1852 3690 matrimonio
1874 3657 1928 3691 Vv
1945 3657 1957 3701 11
1984 3659 2026 3692 33
2048 3659 2212 3701 acceperit
2233 3671 2255 3692 v
2272 3657 2286 3703 11
2300 3658 2354 3691 ui-

1274 3701 1406 3733 uentem
1429 3713 1449 3732 v
1466 3700 1478 3744 11
1504 3701 1548 3735 34
1571 3703 1645 3744 post
1666 3701 1750 3743 eius]
1773 3704 1931 3744 postenus
1957 3702 1975 3733 b
1991 3703 2004 3748 11
2029 3706 2149 3746 neque]
2172 3706 2204 3737 et
2220 3703 2353 3746 neque?

1276 3745 1293 3775 b
1304 3758 1356 3789 pr.
1375 3744 1387 3789 11
1404 3746 1617 3779 matrimonio
1641 3746 1660 3776 b
