2618 4010
160 143 441 176 ELECTIONEM
470 140 680 173 HABEANT

158 246 206 279 εἰς
228 241 355 289 ἀνδρὸς
380 239 559 287 φοιτήσειε
585 239 768 288 δευτέρου,
801 237 983 287 πρόδηλον
1015 238 1061 275 ὠς
1086 242 1138 284 τῷ
1166 242 1239 274 ἑπι-

156 290 333 337 γινομένῳ
359 285 462 321 δευτέ
484 301 513 330 ῳ
543 284 646 333 γάμῳ
672 285 714 319 τὸ
745 286 806 328 τῆς
838 283 1055 329 ἑκποιήσεως
1084 283 1239 332 ἀνατρα-

158 333 325 377 πὴσεται·
346 335 405 367 καὶ
421 301 505 367 οὐδὲ
524 330 611 365 αὐτὸ
631 332 721 366 πᾶσι
734 330 890 378 τρόποις,
912 329 993 365 ἀλλ’
1013 334 1052 366 ἐν
1067 329 1239 378 μετεώρῳ

157 382 215 413 καὶ
239 377 284 413 τὰ
307 379 368 421 τῆς
398 375 613 420 έκποιήσεως
645 379 704 410 καὶ
737 377 783 410 τὰ
805 378 867 419 τῆς
896 374 1101 423 ἀνατροπῆς
1130 380 1240 421 μενεῖ.

157 426 187 458 εἰ
209 426 276 468 μὲν
322 422 364 469 ὰρ
387 427 550 468 μείναιεν
571 421 757 469 περιόντες
775 421 811 455 οἱ
833 420 966 464 παῖδες,
992 421 1239 470 ἀνατραπήσε-

157 483 216 504 ται
241 482 285 503 κα
319 468 416 508 άπαξ
432 467 474 502 τὸ
517 466 699 511 ενόμενον,
725 468 788 501 τοῦ
808 466 918 511 νόμου
936 467 1002 511 τὴν
1024 466 1241 502 δεσποτείαν

156 516 216 557 τῆς
240 513 309 559 πρὸ
339 513 452 560 γάμου
498 513 620 560 “ωρεᾶς
650 513 698 546 εἰς
729 511 809 546 τοὺς
842 511 973 547 παῖδας
1001 512 1152 560 ἄγοντος
1180 515 1241 546 καὶ

156 558 261 594 οὐδὲν
279 561 475 605 ἐπιστρεφο
489 562 585 592 ιε’νου
605 560 666 601 τῆς
712 556 863 599 υναικός,
889 558 971 592 εἴτι
991 557 1158 605 πράξειεν
1179 560 1240 592 ἐπὶ

156 603 272 651 βλάβῃ
301 606 378 638 τῶν
402 608 471 639 παί
494 617 558 638 ων.
606 605 652 637 Εἰ
675 571 715 637 δε
790 602 1058 646 οτελευτήσαιεν
1082 600 1240 638 ἅπαντες

156 652 215 693 τῆς
273 646 394 696 ητρός,
430 653 554 693 μένειν
582 648 624 683 τὸ
658 617 789 683 συνάλῗ

155 694 236 730 ὁλόκ
259 708 356 742 ηρον,
387 692 476 728 ἀλλὰ
505 693 597 728 κατὰ
619 696 727 729 τοῦτο
759 692 803 737 δὴ
826 706 868 727 το
893 693 932 733 εξ
960 692 1131 728 απαιδίας
1154 692 1238 738 σύμ-

157 754 291 787 φωνον,
325 737 415 787 ὅπερ
437 737 533 785 ἡμεῖς
557 738 821 787 εἰςηγησάμεθα
845 741 986 785 πρῶτοι
1010 741 1069 771 καὶ
1093 752 1237 783 νενομο·

159 785 362 829 θετήκαμεν
385 784 532 833 ἔναγχος
555 784 622 820 τὸν
641 787 723 831 περὶ
743 782 872 818 τούτου
895 781 1100 830 γράψαντες
1116 781 1240 827 νόμον.

156 835 214 865 καὶ
239 828 330 865 κατά
362 844 447 864 τινα
469 833 537 876 μὲν
566 833 697 883 μκοῖραν
729 828 831 863 ἔσται
854 827 896 862 τὸ
929 827 1159 875 συνάλλαγμα
1183 832 1240 873 βέ-

791 661 888 702 αγμα
903 651 1068 705 ,βέβαιον
1098 647 1161 682 οὐκ
1192 650 1239 683 εἰς
1256 651 1294 683 10

2086 128 2193 169 Nov.
2226 127 2267 168 II
2298 130 2335 168 2.
2369 130 2391 167 3

1310 240 1410 282 dum,
1444 240 1569 274 deinde
1602 238 1647 273 ad
1680 238 1843 272 maritum
1879 238 1996 272 veniat
2027 237 2242 279 secundum,
2274 238 2393 282 palam

1309 296 1405 328 esse,
1447 284 1530 329 quia
1570 283 1901 328 supervenientibus
1936 282 2102 318 secundis
2138 282 2272 327 nuptiis
2309 284 2394 317 alie-

1309 331 1407 365 natio
1433 333 1624 372 vacuatur,
1658 332 1694 363 et
1725 339 1791 363 nec
1814 328 1883 363 hoc
1908 329 2071 363 omnibus
2095 328 2229 371 modis,
2265 328 2327 363 sed
2359 329 2394 362 in

1310 386 1482 420 suspenso
1515 379 1550 410 et
1580 374 1749 409 alienatio
1784 378 1820 408 et
1850 374 2036 409 evacuatio
2068 376 2198 409 manet.
2246 373 2338 408 Nam
2364 374 2395 408 si

1277 425 1295 456 5
1310 421 1504 456 manserint
1528 420 1738 465 superstites
1764 419 1842 461 filii,
1869 419 2106 454 evacuabitur
2130 418 2273 454 omnino
2298 419 2394 462 quod

1309 467 1445 501 factum
1469 470 1540 509 est,
1571 466 1646 509 lege
1671 465 1928 509 proprietatem
1951 465 2207 509 antenuptialis
2233 464 2394 500 donatio-

1310 512 1366 547 nis
1391 512 1436 547 ad
1460 512 1551 547 filios
1576 511 1728 546 ducente
1752 513 1788 545 et
1814 520 1885 544 non
1911 509 2123 554 respiciente
2148 510 2341 551 mulierem,
2366 510 2395 544 si

1310 557 1394 602 quid
1419 557 1528 602 egerit
1552 557 1588 591 in
1612 556 1806 591 laesionem
1831 555 2000 598 filiorum3
2037 555 2065 589 si
2090 565 2172 589 vcro
2199 555 2394 599 praemori-

1309 607 1416 638 antur
1440 613 1560 638 omnes
1584 602 1689 637 matri
1713 600 1795 642 filii,
1829 601 1897 636 erit
1931 602 2140 635 contractus
2174 600 2297 635 firmus
2322 613 2394 636 non

1309 649 1343 682 in
1383 652 1517 690 totum,
1554 648 1617 682 sed
1652 647 1849 683 secundum
1887 649 2031 689 pactum
2063 656 2135 680 non
2168 646 2396 680 existentium

1308 694 1478 734 filiorum,
1518 693 1612 738 quod
1648 703 1714 728 nos
1743 691 2006 726 introduximus
2039 690 2144 735 primi
2176 693 2212 725 et
2244 692 2395 725 sancivi-

1308 749 1384 774 mus
1416 750 1532 783 nuper
1564 738 1607 773 de
1637 737 1706 773 hoc
1732 736 1928 772 scribentes
1952 736 2077 780 legem.
2126 736 2176 770 Et
2200 737 2395 771 secundum

1311 784 1489 827 quandam
1514 783 1656 828 quidem
1680 785 1820 828 partem
1844 782 1912 816 erit
1936 784 2144 816 contractus
2169 781 2308 823 firmus,
2341 794 2396 816 se·

1310 829 1465 863 cundum
1497 829 1674 873 quandam
1698 838 1780 863 vero
1805 827 1966 862 infirmus
1997 827 2206 871 apparebit;
2239 827 2307 861 hoc
2342 831 2397 861 est

156 881 272 929 βαιον,
298 874 396 929 κατοὶΧ
412 889 495 910 τινα
517 874 557 910 δὲ
579 889 710 929 ακυρον
726 871 1049 919 ἆποφανθήσεται·
1074 877 1240 908 τουτέστι
1257 877 1295 909 15
1310 874 1506 909 secundum
1538 874 1608 909 hoo
1641 873 1800 918 quidem,
1839 872 1934 917 quod
1967 876 2088 907 manet
2123 872 2219 916 apud
2250 876 2397 907 matrem

156 935 247 956 κατα
269 924 337 965 μὲν
360 935 402 955 το
426 925 538 966 με’νον
562 934 661 968 παρα
690 921 734 967 τῇ
764 922 874 963 μητρὶ
906 917 1084 965 προφάσει
1113 920 1177 952 τοῦ
1202 920 1240 959 ἐξ

155 965 324 1001 ἀπαιδίας
343 966 539 1013 συμφώνου
557 963 735 1014 κρατήσει,
761 964 853 998 κατὰ
870 962 910 998 δὲ
932 963 974 998 τὸ
1000 964 1238 1011 παραπεμπό-

155 1026 265 1056 μενον
296 1013 357 1065 εἰςτ
375 1012 456 1046 τοὺς
485 1013 549 1046 τοῦ
582 1009 712 1045 παιδὸς
743 1007 928 1052 διαδόχους
958 1008 1090 1056 ἄκυρον
1112 1008 1238 1043 ἔσται·

158 1056 220 1110 ὡς,
245 1058 316 1104 εἴγε
340 1071 375 1112 η*
389 1055 505 1111 μήτηρ
533 1055 627 1110 μόνη
651 1056 704 1099 τῷ
730 1053 834 1090 παιδὶ
867 1052 1029 1097 διάδοχος
1059 1051 1236 1103 εὑρεθείη,

158 1117 198 1138 το
229 1105 303 1138 πᾶν
330 1103 438 1136 αυθις
461 1114 582 1149 κυριον
605 1112 718 1134 εσται.

158 1151 173 1184 l
220 1146 365 1190 Ἐπειδὴ
388 1145 428 1181 δὲ
452 1146 490 1180 αἱ
512 1144 603 1180 κατὰ
626 1147 704 1180 τῶν
723 1143 1085 1192 δευτερογαμούντων
1109 1148 1234 1181 ποιναὶ

137 1191 273 1227 ’κοιναὶ
296 1195 355 1226 καὶ
379 1189 508 1238 ἀνδρός
531 1192 600 1225 εἰσι
624 1193 683 1224 καὶ
708 1190 883 1238 γυναικός,
908 1194 967 1224 καὶ
988 1187 1007 1225 ὁ
1030 1193 1099 1235 μὲν
1117 1193 1176 1226 ἐπὶ
1195 1192 1240 1237 τῇ

158 1241 274 1284 προικὶ
300 1236 388 1284 πρὸς
412 1235 592 1284 δευτέρους
607 1235 734 1271 ἐλθών
754 1235 885 1283 γάμους
904 1235 1137 1277 κινδυνεύσει,
1162 1234 1183 1279 ἡ
1203 1235 1242 1271 δὲ

156 1286 215 1335 effeti
235 1284 283 1337 scs]
310 1281 382 1336 neq
410 1281 538 1329 γάμων
560 1280 640 1325 ἦτοι
664 1280 725 1316 διὰ
747 1281 829 1315 τοὺς
856 1278 989 1327 γάμους
1014 1280 1149 1337 δωρεᾷ,
1182 1285 1241 1315 καὶ

1309 919 1501 954 occasione
1542 919 1639 964 pacti
1669 919 1822 954 filiorum
1859 929 1932 953 non
1972 917 2217 959 existentium,
2255 918 2396 960 valebit,

1309 964 1504 1000 secundum
1529 965 1598 999 hoc
1622 975 1724 1007 vero,
1754 963 1851 1009 quod
1874 963 2131 998 transmittitur
2155 963 2200 997 ad
2225 963 2289 997 filii
2315 975 2397 998 suc-

1309 1020 1487 1050 cessores,
1519 1009 1681 1045 infirmus
1707 1010 1790 1045 erit:
1824 1013 1881 1051 ut,
1915 1009 1945 1044 si
1976 1012 2092 1043 mater
2116 1008 2193 1043 sola
2217 1008 2290 1044 filio
2316 1020 2396 1044 suc-

1307 1055 1436 1090 cedens
1462 1055 1671 1097 inveniatur,
1698 1055 1811 1090 omnis
1836 1065 1962 1090 rursus
1987 1054 2112 1089 firmus
2137 1054 2215 1089 erit.

1303 1148 1323 1181 l
1370 1145 1462 1189 Quia
1475 1155 1555 1180 vero
1577 1148 1703 1181 contra
1723 1145 1876 1184 binubos
1895 1155 2033 1189 poenae
2053 1156 2258 1181 communes
2277 1149 2313 1181 et
2333 1146 2398 1181 viri

1310 1194 1394 1226 sunt
1415 1195 1451 1226 et
1475 1191 1651 1231 mulieris,
1677 1194 1712 1225 et
1735 1190 1794 1225 ille
1817 1190 1958 1234 quidem
1983 1191 2019 1225 in
2045 1191 2128 1226 dote
2150 1191 2197 1226 ad
2221 1191 2397 1226 secundas

1309 1236 1454 1272 veniens
1480 1236 1625 1280 nuptias
1650 1236 1849 1280 periculum
1874 1235 2076 1277 sustinebit,
2103 1237 2193 1271 haec
2217 1241 2337 1272 autem
2362 1237 2398 1271 in

1310 1282 1546 1327 antenuptiali
1571 1293 1635 1317 seu
1663 1285 1810 1326 propter
1835 1281 1979 1326 nuptias
2005 1281 2214 1325 donatione,
2247 1286 2282 1317 et
2308 1283 2398 1317 haec

153 1343 172 1362 ο
205 1340 310 1372 νομος
340 1339 442 1362 ουτος
472 1325 532 1374 ἐφ’
568 1329 737 1380 ἑκατέρου
768 1328 909 1361 κείσθω
940 1340 1148 1374 προςωπου,
1179 1331 1238 1361 καὶ
1254 1332 1294 1364 25
1309 1327 1368 1363 lex
1401 1327 1438 1362 in
1473 1331 1626 1372 utraque
1657 1327 1775 1371 posita
1807 1326 1854 1361 Sit
1884 1337 2057 1371 persona,
2094 1327 2184 1361 haec
2216 1328 2323 1363 etiam
2356 1329 2399 1363 de

153 1375 268 1408 ταῦτα
292 1376 352 1407 καὶ
376 1376 458 1419 περὶ
482 1374 543 1416 τῆς
568 1371 732 1419 ἐπιλογης
750 1376 809 1406 καὶ
834 1375 916 1419 περὶ
941 1375 1001 1416 τῆς
1026 1371 1241 1417 ἐκποιήσεως

154 1422 212 1453 καὶ
237 1422 319 1466 περὶ
344 1420 407 1452 τοῦ
432 1417 574 1466 κέρδους
598 1415 921 1463 νενομοθετήσθω.

1309 1373 1485 1409 electione
1510 1377 1546 1408 et
1570 1372 1787 1408 alienatione
1811 1376 1846 1407 et
1871 1372 1914 1407 de
1938 1372 2038 1408 lucro
2064 1372 2241 1408 sanciens.

1147 1487 1305 1522 CAPUT
1330 1487 1394 1521 III.

201 1552 416 1591 ’Ῥπολοίπου
445 1559 570 1589 τοίνυν
593 1552 697 1589 ὄντος
727 1555 941 1600 σκέψασθαι
973 1553 1018 1589 τὰ
1049 1558 1132 1603 περὶ
1163 1556 1242 1590 τῶν

154 1599 294 1647 κλήρων
318 1601 396 1635 τῶν
425 1599 581 1641 παίδων,
614 1597 704 1647 ὑπὲρ
729 1599 769 1633 οὗ
793 1603 854 1633 καὶ
885 1599 927 1634 τὸ
960 1599 1080 1647 παρὸν
1108 1598 1239 1646 ἀμφισ-

1357 1555 1445 1590 Cum
1476 1555 1583 1598 igitur
1612 1555 1787 1599 reliquum
1819 1554 1867 1589 sit
1890 1554 2047 1599 cogitare
2071 1554 2114 1589 de
2139 1554 2398 1590 hereditatibus

1310 1600 1474 1643 filiorum,
1498 1611 1565 1653 pro
1587 1612 1656 1644 quo
1682 1600 1789 1635 etiam
1810 1610 1980 1644 praesens
2003 1602 2057 1635 est
2080 1600 2266 1643 dubitatio,
2293 1612 2398 1645 opor-

153 1644 448 1698 βητεῖται,’δεῖν
482 1643 657 1698 ιρἡῒημεν
691 1647 824 1692 γενικῷ
855 1645 955 1690 νόμῳ
989 1648 1034 1693 τῇ
1070 1659 1109 1680 τε
1150 1660 1239 1693 παρ·
1254 1650 1295 1681 30
1309 1651 1385 1681 tere
1410 1646 1626 1681 credidimus
1650 1645 1808 1690 generali
1826 1647 1902 1690 lege
1927 1648 1963 1680 et
1978 1648 2202 1690 praesentem
2221 1647 2398 1690 quaestio-

154 1692 240 1739 ούσῃ
266 1693 415 1747 εζητησει
448 1689 630 1734 διαιτησαι
662 1694 739 1725 ταῖς
771 1705 810 1725 τε
842 1691 965 1737 ἐφεξῆς
999 1692 1239 1736 κινηθησομέ-

1309 1703 1389 1726 nem
1429 1691 1664 1727 determinare
1700 1694 1737 1725 et
1772 1691 1809 1725 in
1845 1691 1967 1726 futuro
2009 1691 2192 1726 movendis
2234 1691 2400 1726 omnibus

1309 1737 1397 1772 dare
1421 1737 1650 1772 decisionem.
1699 1737 1750 1771 Et
1773 1736 1966 1779 sancimus,
1992 1736 2082 1771 alias
2107 1747 2166 1772 res
2190 1741 2274 1788 post
2298 1740 2398 1772 ante-

154 1748 232 1771 ναις
254 1748 410 1771 απασαις
427 1734 554 1770 δοῦναι
571 1733 698 1780 τομήν.
732 1740 806 1770 Καὶ
825 1737 1062 1781 θεσπίζομεν,
1086 1737 1131 1771 τὰ
1151 1736 1240 1771 ἄλλα

155 1779 227 1829 πρά
249 1795 349 1826 ματα
380 1781 426 1816 τὰ
453 1780 543 1826 μετὰ
573 1780 640 1824 τὴν
665 1780 736 1829 πρὸ
767 1779 882 1828 γάμου
914 1780 1056 1828 δωρεὰν
1080 1783 1127 1817 εἰς
1158 1782 1240 1817 τοὺς
1308 1782 1504 1828 nuptialem
1529 1783 1759 1818 donationem
1784 1782 1830 1816 ad
1854 1782 1945 1817 filios
1971 1782 2171 1824 venientes,
2204 1793 2233 1817 ει
2258 1782 2398 1826 quidem
2429 1787 2431 1789 '

154 1795 284 1862 παῖδας
307 1824 501 1874 ἀφιγμένα,
527 1828 559 1861 εἰ
581 1829 647 1871 μὲν
672 1824 691 1860 ὁ
716 1830 817 1869 παῖς,
842 1826 956 1874 ἄρρην
980 1824 1001 1870 ἢ
1026 1827 1157 1872 θήλεια
1181 1841 1238 1862 τυ·
1308 1828 1404 1863 filius
1428 1829 1612 1863 masculus
1637 1831 1702 1863 aut
1725 1828 1858 1863 femina
1883 1828 1977 1863 forte
2001 1829 2169 1871 testetur,
2203 1828 2399 1862 secundum

154 1872 227 1915 χόν,
247 1871 430 1914 διάθοιτο,
447 1871 540 1906 κατὰ
558 1871 624 1906 τὸν
640 1869 753 1913 νόμον
764 1876 894 1918 χωρεῖν
914 1875 974 1907 ἐπὶ
987 1872 1068 1907 τούς
1084 1887 1124 1920 γε
1139 1887 1236 1920 ’ραμ-
1253 1877 1293 1908 35
1308 1874 1422 1918 legem
1457 1874 1577 1909 venire
1613 1875 1660 1910 ad
1697 1873 1850 1917 scriptos
1886 1873 2052 1915 heredes,
2090 1873 2149 1908 hic
2181 1878 2295 1908 matre
2327 1884 2399 1908 11011

153 1921 276 1962 μένους
295 1915 542 1963 κληρονόμους,
567 1918 734 1951 ἐνταῦθα
759 1919 820 1961 τῆς
842 1918 974 1965 μητρὸς
996 1916 1037 1952 οὐ
1063 1933 1115 1952 κω
1138 1922 1238 1963 υομέ-
1308 1919 1490 1964 prohibita
1525 1919 1633 1954 scribi
1669 1930 1691 1953 a
1727 1919 1802 1954 filio
1839 1918 1986 1962 herede,
2032 1918 2095 1954 sed
2131 1918 2236 1953 etiam
2274 1921 2400 1954 contra

153 1975 215 2006 νης
237 1961 447 2011 γράφεσθαι
470 1962 571 2009 παρὰ
589 1963 652 1997 τοῦ
673 1961 801 1998 παιδὸς
819 1962 1050 2011 κληρονόμου,
1074 1961 1163 1999 ἀλλὰ
1179 1967 1239 1998 καὶ
1308 1967 1563 2000 testamentum
1596 1965 1628 1999 ei
1660 1965 1752 1999 datis
1786 1964 2080 2007 allegationibus,
2116 1963 2148 2000 Si
2178 1963 2273 1999 forte
2304 1964 2399 1999 filius

154 2010 232 2043 τῶν
255 2007 347 2043 κατὰ
377 2010 438 2051 τῆς
462 2006 639 2052 διαθήκης
671 2006 762 2055 αὐτῇ
793 2007 995 2053 διδομένων
1019 2007 1182 2052 δικαίων,
1208 2009 1244 2043 εἴ
1308 2020 1386 2045 eam
1418 2010 1699 2055 praetermiserit
1730 2012 1795 2044 ant
1825 2009 2118 2045 irrationabiliter
2148 2009 2398 2044 exheredatam

153 2068 193 2101 γε
216 2051 235 2088 ὁ
261 2056 344 2089 παῖς
368 2051 480 2096 αὐτὴν
504 2053 764 2100 παραλείψειεν
793 2051 816 2097 ἢ
840 2058 900 2088 καὶ
923 2051 988 2088 ἀλό
1014 2067 1062 2089 ως
1085 2051 1237 2099 ἀποκλη-
1307 2055 1443 2100 fecerit,
1468 2056 1670 2092 reservatis.
1708 2055 1746 2090 Si
1770 2065 1854 2091 vero
1878 2055 2049 2090 intestato
2075 2055 2279 2098 decesserit,
2304 2055 2399 2091 illius

155 2098 312 2144 ρονόμον
341 2099 550 2142 ποιήσηται,
583 2098 883 2145 φυλαττομένων·
920 2100 952 2134 εἰ
999 2102 1016 2133 ὲ
1047 2098 1241 2136 ἀδιάθετος
1255 2104 1298 2136 40

200 2170 242 2202 32
268 2167 491 2211 θεσπίζομεν
512 2192 520 2200 .
535 2192 543 2200 .
558 2192 565 2200 .
581 2194 589 2202 .
611 2167 682 2201 εἴτε
702 2171 761 2200 καὶ
779 2164 829 2211 μή
852 2170 903 2212 (p.
930 2171 980 2210 14,
1006 2170 1038 2210 6)
1065 2170 1183 2203 habent
1205 2171 1383 2204 Prochiron
1407 2173 1438 2210 6,
1463 2178 1495 2209 3;
1518 2171 1724 2214 Epanayoqe
1752 2172 1803 2209 19,
1828 2177 1871 2203 14.

152 2236 288 2281 festum
319 2239 374 2271 est
403 2235 658 2271 alienationem
688 2237 1023 2287 supervenientibus
1053 2237 1220 2272 secundis
1247 2239 1387 2284 nuptiis
1410 2239 1632 2283 infirmatum
1656 2238 1704 2272 iri
1709 2250 1724 2279 ;
1754 2248 1870 2283 neque
1894 2237 1934 2271 id
1963 2237 2062 2284 omni
2084 2237 2205 2279 modo,
2236 2237 2302 2273 sed
2326 2242 2398 2273 tam

155 2281 412 2317 alienationem
436 2292 545 2326 quam
569 2281 849 2325 infirmationem
872 2282 911 2316 in
934 2293 1111 2328 suspenso
1136 2293 1355 2318 mansuram.
1400 2282 1442 2318 Si
1466 2284 1559 2319 enim
1582 2283 1798 2329 superstites
1821 2286 1992 2318 maneant
2015 2282 2129 2323 liberi,
2154 2282 2399 2328 infirmabitur

156 2326 300 2361 omnino
331 2325 432 2372 quod
452 2326 596 2370 factum
620 2330 691 2366 est,
724 2337 803 2360 cum
828 2325 891 2361 lex
915 2326 1186 2372 proprietatem
1216 2327 1427 2363 donationis
1451 2332 1537 2363 ante
1559 2329 1709 2379 nuptias
1731 2328 1770 2363 in
1796 2328 1930 2363 liberos
1955 2328 2161 2373 transferat
2189 2339 2255 2364 nec
2286 2329 2397 2364 ullam

156 2371 326 2412 mulieris,
350 2381 434 2404 num
459 2369 550 2415 quid
571 2370 609 2403 in
633 2370 804 2404 damnum
829 2370 1023 2405 liberorum
1043 2372 1170 2416 eqerit,
1194 2372 1374 2407 rationem
1394 2372 1535 2407 habeat.
1572 2372 1639 2407 Sin
1659 2383 1744 2409 vero
1764 2383 1887 2408 omnes
1903 2377 1988 2408 ante
2010 2376 2160 2408 matrem
2178 2373 2397 2416 moriantur,

155 2419 257 2460 patet
286 2419 511 2450 contractum
542 2425 688 2449 manere
716 2415 863 2459 firmum
894 2426 968 2450 non
1000 2415 1038 2449 in
1064 2420 1195 2458 totum,
1229 2416 1294 2451 sed
1324 2417 1520 2451 secundum
1547 2420 1701 2463 pactum
1724 2416 1818 2452 illud
1843 2417 2028 2459 orbitatis,
2061 2417 2160 2463 quod
2191 2429 2259 2453 nos
2283 2420 2398 2465 primi

157 2459 429 2495 introduximus
462 2463 498 2495 et
529 2470 646 2505 nuper
677 2458 755 2511 leqe
789 2459 833 2494 de
863 2470 907 2495 ea
938 2471 979 2495 re
1007 2460 1146 2506 scripta
1176 2460 1403 2497 sancivimus.
1451 2463 1571 2507 Atque
1603 2473 1654 2497 ex
1684 2465 1793 2513 parte
1820 2462 1952 2507 firmus
1982 2462 2054 2497 crit
2085 2466 2312 2506 contractus,
2348 2476 2398 2500 ex

155 2508 262 2550 parte
286 2515 369 2540 vero
394 2504 522 2539 irritus
546 2503 751 2550 apparebit,
776 2504 846 2540 hoc
868 2508 923 2540 est
945 2509 1121 2551 quantum
1146 2505 1195 2540 ad
1217 2505 1266 2547 id,
1292 2506 1392 2551 quod
1414 2516 1464 2542 esc
1481 2510 1596 2553 pacto
1617 2506 1786 2542 orbitatis
1804 2507 1906 2553 apud
1925 2510 2076 2542 matrem
2096 2512 2228 2550 manet,
2253 2509 2396 2551 valebit,

156 2549 281 2595 quoad
303 2549 396 2584 illud
418 2560 514 2591 vero,
539 2549 640 2595 quod
662 2549 712 2584 ad
732 2560 959 2585 successores
979 2550 1050 2595 filii
1070 2551 1340 2593 transmittitur,
1365 2551 1495 2587 irritus
1517 2553 1605 2587 erit:
1636 2551 1731 2587 unde
1754 2552 1932 2597 siquidem
1956 2556 2072 2587 mater
2090 2552 2171 2588 sola
2191 2554 2396 2599 reperiatur

156 2597 176 2630 1
208 2594 288 2640 filio
307 2605 534 2637 successura,
560 2598 658 2630 totus
680 2605 825 2629 rursum
840 2595 970 2640 firmus
984 2596 1063 2631 erit.
1129 2594 1224 2639 Quia
1245 2607 1328 2632 vero
1346 2608 1493 2643 poenae
1517 2597 1692 2633 adversus
1710 2597 1870 2632 secundo
1889 2597 2063 2633 nubentes
2086 2609 2290 2634 communes
2312 2604 2397 2635 sunt

154 2644 190 2675 et
213 2640 291 2675 viro
316 2643 352 2675 et
374 2639 536 2681 mulieri,
567 2639 629 2675 ille
652 2639 815 2685 quidem,
840 2640 988 2685 quando
1013 2640 1064 2676 ad
1084 2640 1264 2676 secundas
1287 2642 1436 2688 nuptias
1459 2643 1577 2685 venit,
1602 2642 1646 2677 de
1670 2642 1772 2685 dote,
1798 2641 1888 2677 haec
1911 2653 1996 2678 vero
2021 2642 2066 2679 de
2090 2643 2288 2679 donatione
2312 2649 2398 2680 ante

156 2685 303 2731 nuptias
326 2684 382 2720 vel
398 2689 558 2731 propter
581 2685 730 2731 nuptias
751 2685 1029 2731 periclitabitur.
1084 2685 1135 2721 Et
1157 2685 1247 2722 baec
1272 2686 1334 2722 lex
1356 2687 1395 2722 in
1419 2691 1611 2734 utramque
1626 2698 1829 2735 personam
1848 2687 1988 2731 valeat,
2011 2688 2157 2735 sintque
2182 2688 2271 2725 liaeo
2295 2694 2331 2726 ct
2353 2690 2397 2726 de

156 2730 329 2766 electione
351 2734 387 2765 et
410 2729 454 2765 de
476 2730 698 2765 alienatione
721 2737 757 2766 et
779 2731 824 2766 de
847 2730 950 2767 lucro
974 2731 1127 2767 sancita.

289 2775 354 2811 111.
404 2775 489 2811 Cum
521 2775 636 2821 iqitur
665 2775 844 2821 reliquum
867 2777 934 2823 sit,
964 2781 1007 2812 ut
1035 2776 1080 2812 de
1109 2776 1372 2812 hereditatibus
1403 2776 1600 2813 liberorum
1623 2777 1824 2820 videamus,
1857 2789 1931 2824 qua
1955 2778 2000 2814 de
2023 2790 2064 2814 re
2087 2779 2195 2814 etiam
2218 2780 2257 2814 in
2286 2792 2395 2826 prae-

154 2820 248 2856 senti
271 2830 358 2855 casu
382 2824 436 2856 est
459 2821 726 2863 controversia,
756 2822 918 2867 qenerali
941 2821 1021 2868 leqe
1044 2826 1080 2858 et
1103 2821 1197 2857 lianc
1221 2823 1470 2867 quaestionem
1494 2820 1766 2858 diiudicaiidam
1790 2827 1826 2858 et
1849 2834 1943 2869 quae
1966 2824 2136 2870 deinceps
2160 2825 2396 2861 movebuntur

157 2876 281 2901 omnes
303 2865 522 2901 decidendas
545 2876 622 2902 esse
640 2867 860 2912 putavimus.
897 2867 1016 2913 Atque
1037 2867 1231 2908 sancimus,
1257 2870 1298 2902 ut
1321 2870 1462 2902 ceterae
1485 2878 1555 2910 res,
1581 2878 1675 2913 quae
1692 2872 1784 2914 post
1807 2868 2041 2904 donationem
2065 2874 2150 2905 ante
2174 2872 2323 2917 nuptias
2347 2872 2396 2906 acl

151 2911 250 2956 lilios
269 2915 534 2957 pervenerunt,
557 2911 734 2957 siquidem
754 2911 868 2957 filius,
893 2912 966 2948 sive
989 2912 1171 2947 masculus
1195 2913 1269 2947 sive
1290 2912 1433 2958 femina
1457 2917 1522 2955 est,
1549 2916 1702 2948 testatus
1724 2913 1782 2954 sit,
1807 2913 2003 2949 seeundum
2028 2914 2142 2960 leqem
2166 2915 2215 2950 ad
2237 2916 2396 2962 scriptos

155 2955 303 2991 heredes
326 2956 482 2998 veniant,
506 2967 624 3002 neque
647 2955 705 2991 liic
728 2960 844 2992 mater
867 2956 972 2992 lieres
987 2968 1011 2992 a
1031 2957 1112 3002 filio
1137 2957 1246 2992 scribi
1264 2954 1520 3003 prohibeatur,
1544 2957 1610 2993 sed
1632 2958 1716 2993 iura
1733 2969 1878 3004 quoque
1898 2963 2030 2994 contra
2055 2964 2305 2996 testamentum
2324 2962 2395 3007 ipsi

154 3001 263 3042 data,
295 3001 370 3037 sive
389 3001 490 3046 filius
513 3012 592 3036 eam
620 3001 854 3047 praeterierit
883 3002 957 3037 sive
979 3002 1058 3037 sine
1082 3013 1193 3037 causa
1216 3002 1512 3045 eoeberedaverit,
1542 3002 1646 3038 salva
1670 3008 1863 3045 maneant;
1891 3005 1949 3038 sin
1974 3010 2094 3040 autem
2118 3005 2312 3041 intestatus
2336 3007 2394 3042 de-

203 3073 216 3103 1
244 3067 421 3116 δευτέρου]
446 3067 648 3112 συνοικήσει
672 3072 748 3103 add.
763 3071 795 3103 A
813 3070 825 3114 ΙΙ
842 3071 1085 3116 ἑπιγενομένῳ
1110 3072 1239 3110 Proch.,

156 3116 264 3157 Epan.
284 3114 296 3157 ΙΙ
313 3117 332 3148 2
355 3112 651 3161 ἀνατραπήσεται
671 3112 822 3155 δίκαιον,
842 3118 902 3148 καὶ
918 3117 949 3148 A
968 3115 980 3159 Ι]
996 3118 1016 3149 4
1031 3113 1193 3159 διαμενεῖ
1209 3117 1239 3149 A

154 3162 254 3204 μένει
274 3161 395 3203 Epan.,
413 3161 531 3193 Procli.
550 3161 643 3193 codd.
664 3161 788 3203 aliquot
806 3160 818 3203 ΙΙ
835 3163 854 3194 8
879 3157 963 3193 οὐδὲ
980 3162 1025 3194 M
1040 3171 1108 3193 non
1130 3173 1149 3197 ς
1164 3161 1176 3205 ΙΙ
1194 3162 1239 3207 τῇ

153 3207 295 3251 γυναικὶ
315 3203 361 3237 ἄν
380 3217 418 3238 τι
430 3206 461 3238 A
478 3204 491 3249 ΙΙ
509 3206 529 3238 9
541 3204 600 3246 Εἰ]
615 3207 654 3247 ἢ.
664 3230 673 3240 .
683 3229 691 3238 .
703 3204 837 3249 μητρὸς
848 3218 909 3250 my.
922 3207 952 3238 A
978 3204 991 3250 ΙΙ
1007 3204 1237 3251 προτελευτῆ-

155 3261 291 3294 σειενΑ
307 3260 319 3303 Ι]
342 3263 381 3294 10
394 3261 455 3302 τῆς
465 3259 610 3306 μητρὸς]
624 3260 660 3294 οἱ
671 3256 796 3295 παῖδες
809 3262 920 3304 (sic)A
933 3262 1031 3294 matri
1043 3261 1105 3294 filii
1116 3274 1135 3298 ς
1153 3262 1165 3305 Ι]
1179 3276 1239 3306 με-

155 3308 248 3339 νεῖΛ
264 3305 276 3350 ΙΙ
299 3307 338 3339 12
348 3308 408 3338 καὶ
418 3303 729 3348 διετυπώσαμενΑ
738 3306 750 3351 ss
762 3309 800 3340 13
808 3304 1012 3350 vduovauit
1025 3307 1101 3341 C'od.
1111 3310 1142 3347 5,
1152 3307 1240 3352 9,11Η

160 3354 198 3385 15
222 3353 388 3385 τουτέστι
412 3364 470 3384 om.
493 3351 521 3384 A
550 3350 562 3395 ss
595 3354 633 3385 17
662 3350 842 3397 κρατήσει]
869 3353 1022 3395 βέβαιον
1045 3354 1076 3385 A
1092 3351 1104 3396 ΙΙ
1129 3355 1166 3386 18
1192 3353 1239 3386 εἰς

155 3394 235 3429 τούς
260 3393 447 3437 διαδόχους
465 3396 526 3438 τῆς
555 3394 685 3431 παιδὸς
696 3397 735 3449 A
751 3396 763 3441 ΙΙ
782 3397 886 3430 ἔσται
905 3410 964 3432 om.
978 3398 1009 3430 A
1022 3397 1036 3445 ss
1052 3399 1092 3431 19
1106 3394 1240 3444 εὑρεθῆ

154 3454 185 3486 A
204 3452 216 3495 ΙΙ
233 3454 272 3487 21
291 3448 511 3495 Ἐπειδὴ]
526 3450 672 3499 προικὸς
695 3455 725 3487 Θ
743 3467 803 3496 my.
818 3453 849 3487 A
876 3452 889 3496 ΙΙ
913 3454 966 3486 21.
988 3455 1031 3488 22
1056 3451 1096 3486 αἱ
1118 3462 1148 3488 et
1169 3467 1238 3488 κοι-

154 3499 225 3539 ναὶ,
251 3499 322 3531 item
344 3500 402 3531 καὶ
428 3505 502 3531 ante
527 3493 546 3530 ὁ
572 3510 630 3530 om.
649 3499 679 3531 A
704 3497 716 3543 ΙΙ
741 3500 783 3531 23
804 3496 936 3543 γάμους
959 3506 1033 3532 ante
1058 3496 1240 3545 δευτέρους

155 3544 227 3575 coll.
253 3544 280 3575 A
302 3541 314 3586 1}
332 3546 372 3577 24
398 3540 621 3588 προσγάμων
640 3544 687 3576 M
705 3541 923 3589 προγάμωᾼ
946 3545 1170 3586 antenuptiali
1193 3545 1239 3590 gu

153 3584 234 3620 τοὺς
254 3601 312 3621 om.
325 3589 357 3621 A
372 3587 385 3632 ΙΙ
405 3591 446 3622 25
468 3590 527 3621 καὶ
540 3587 657 3621 ταῦτα
677 3590 748 3629 καὶ]
773 3588 890 3622 ταῦτα
905 3589 936 3622 A
955 3589 966 3631 ΙΙ
984 3590 1025 3622 27
1044 3590 1237 3633 νενομοθε-

153 3632 232 3665 τῶν
244 3633 275 3665 Α
299 3633 449 3666 sanciens
469 3645 489 3670 ς
507 3633 519 3675 Ι]
536 3635 577 3667 28
590 3628 817 3675 <Ῥπολοίπου]
838 3658 847 3666 .
861 3658 869 3667 .
884 3658 892 3666 .
912 3631 1059 3668 παίδων
1076 3640 1091 3669 ῐ
1107 3648 1170 3680 my.
1182 3634 1237 3680 ΑΙΙ

154 3678 196 3710 29
221 3673 312 3723 ὑπὲρ
337 3669 432 3712 ὦνᾼ
449 3679 460 3720 ιι
481 3680 522 3712 32
544 3674 710 3719 ἁπάσαις]
733 3676 847 3712 δίκαις
866 3675 1062 3713 anamim
1090 3679 1102 3724 ss
1126 3683 1167 3715 33
1191 3679 1237 3714 τὰ

155 3724 253 3755 οηι.Α
268 3724 383 3757 ΡνοεΙι.
400 3723 413 3768 Ι]
433 3726 473 3757 37
487 3720 747 3768 κληρονόμονΑ
767 3724 778 3769 ΙΙ
796 3727 837 3759 38
851 3723 934 3769 εἴγε]
948 3723 1019 3757 εἴτε
1033 3725 1077 3757 Μ
1087 3725 1100 3768 ΙΙ
1119 3728 1161 3760 39
1177 3728 1238 3759 καὶ

1310 3085 1367 3104 om.
1390 3073 1420 3104 A
1438 3073 1482 3112 (ς)
1501 3072 1513 3114 1]
1530 3074 1571 3105 39
1592 3055 1887 3118 ἄποκληρονόμον
1906 3075 1948 3114 A,
1973 3076 2066 3107 codd.
2091 3075 2209 3107 Proclz.
2235 3077 2392 3115 nonnulli]

1308 3113 1380 3150 ἀπὸ
1397 3114 1630 3162 κληρονόμων
1645 3118 1687 3150 Μ
1702 3119 1826 3160 Ε])αη.,
1840 3118 1959 3151 Proch.
1976 3121 2068 3152 codd.
2082 3132 2177 3152 norm.
2197 3118 2209 3163 H
2227 3122 2268 3153 40
2294 3119 2393 3162 ποιή-

1309 3172 1411 3195 σεται
1429 3164 1459 3195 A
1473 3159 1655 3204 ποιήσειεν
1669 3163 1798 3206 Epan.;
1815 3164 1875 3207 leq.
1891 3162 2082 3206 ποιήσαιτο
2099 3164 2110 3207 {l
2130 3161 2182 3205 δὲ]
2197 3166 2256 3196 καὶ
2271 3166 2349 3199 add.
2362 3167 2392 3198 A

1353 3276 1373 3307 3
1406 3275 1469 3306 hoc
1494 3287 1552 3307 om.
1579 3275 1647 3307 ΒΤ
1669 3273 1682 3318 ΙΙ
1705 3276 1726 3308 4
1751 3276 1784 3307 et
1804 3277 1898 3319 prius
1923 3289 1981 3308 om.
2010 3275 2078 3308 TV
2092 3274 2105 3319 ss
2135 3277 2153 3308 7
2180 3275 2322 3309 ducente
2345 3278 2391 3318 R]

1309 3318 1491 3352 deducente
1516 3319 1554 3351 V
1571 3320 1657 3363 vuly.
1685 3318 1697 3364 ΙΙ
1727 3319 1755 3351 si
1780 3320 1873 3361 quid]
1904 3321 1966 3352 etsi
1990 3320 2123 3361 quidem
2149 3320 2187 3354 V
2191 3319 2205 3339 ²
2232 3321 2244 3363 ΙΙ
2275 3323 2294 3356 8
2324 3321 2392 3354 lae-

1307 3365 1399 3397 sione
1418 3364 1451 3398 T
1465 3364 1477 3406 ΙΙ
1492 3365 1512 3398 9
1526 3365 1625 3396 matri
1641 3365 1682 3405 T]
1696 3365 1812 3397 matris
1826 3365 1897 3398 RV
1905 3366 1947 3398 al.
1965 3365 1976 3408 ΙΙ
1996 3365 2071 3405 erit]
2093 3367 2126 3397 et
2139 3366 2204 3398 erit
2215 3365 2266 3399 R¹
2282 3366 2294 3410 ΙΙ
2314 3378 2395 3399 con-

1307 3411 1435 3441 tractus
1458 3409 1571 3441 firmus
1594 3409 1722 3450 (filius‘?
1748 3410 1810 3452 Va)
1835 3410 1900 3442 erit
1925 3410 1957 3443 V
1979 3410 1991 3453 {l
2014 3412 2053 3444 16
2077 3411 2282 3444 occasionem
2308 3412 2340 3445 V
2346 3411 2357 3430 ¹
2382 3410 2392 3447 Ι

1307 3454 1444 3487 malebit
1463 3455 1516 3487 Ra
1542 3454 1554 3497 ΙΙ
1590 3456 1626 3489 18
1661 3454 1802 3487 infirmis
1826 3454 1875 3488 V1
1898 3455 1910 3498 ΙΙ
1935 3457 1985 3495 ut]
2020 3454 2077 3488 uel
2100 3456 2134 3489 R
2163 3458 2202 3489 ut
2231 3456 2286 3489 uel
2312 3457 2360 3490 V³
2382 3458 2394 3500 ss

1306 3499 1386 3532 filiis
1400 3500 1431 3532 R
1450 3498 1461 3542 ΙΙ
1479 3501 1518 3532 21
1545 3500 1690 3532 innubos
1702 3498 1753 3533 R²
1775 3499 1921 3532 hinubos
1938 3500 1976 3533 V
1988 3499 2000 3543 ΙΙ
2016 3502 2060 3534 24
2083 3500 2297 3534 donationem
2311 3502 2348 3535 V
2355 3500 2366 3520 ¹
2381 3505 2392 3545 ΙΙ

1308 3546 1425 3577 ethaeo
1435 3544 1503 3577 RV
1507 3546 1518 3584 ]
1533 3544 1613 3577 haec
1626 3545 1827 3588 etiamvulqo
1847 3544 1859 3589 ΙΙ
1876 3547 1916 3578 25
1932 3545 2044 3586 etiam]
2060 3547 2093 3578 et
2104 3547 2199 3590 valeo
2215 3546 2289 3591 1126
2304 3547 2393 3580 etde

1307 3589 1507 3622 alienatione
1531 3590 1628 3633 vulqo
1643 3589 1656 3634 ΙΙ
1675 3591 1716 3624 28
1741 3590 1859 3631 igitur]
1884 3600 1962 3632 ergo
1981 3590 2018 3623 V
2030 3591 2042 3632 ΙΙ
2058 3593 2101 3625 30
2125 3590 2328 3626 credidimus
2341 3593 2373 3625 R
2381 3594 2392 3631 ]

1305 3634 1470 3668 credimus
1495 3634 1533 3667 V
1551 3635 1646 3679 vulyo
1661 3634 1674 3678 ss
1693 3637 1736 3669 34
1760 3637 1902 3667 testatur
1925 3635 1962 3668 V
1974 3634 1987 3680 ΙΙ
2004 3637 2046 3669 39
2071 3636 2248 3670 intestatus
2269 3638 2362 3681 vulyo
2380 3637 2391 3681 lj

1305 3680 1398 3712 illius
1410 3681 1550 3722 partem]
1564 3690 1737 3713 reseruans
1748 3679 1841 3712 illius
1852 3681 2022 3723 partemR
2032 3682 2086 3723 aL,
2097 3682 2158 3716 del.
2166 3682 2226 3723 122,
2235 3695 2293 3716 om.
2305 3681 2338 3716 V
2343 3684 2388 3715 al.

1305 3724 1482 3758 reseruatis
1507 3727 1635 3759 correxi
1656 3732 1686 3759 et
1710 3727 1898 3770 transposui
1913 3734 1991 3770 post
2012 3726 2138 3760 fecerit.
