2580 4022
1311 157 1395 203 728
1839 174 1899 204 DE
1926 174 2191 208 mmmmns
2219 176 2450 209 EXPOSITIS

236 166 344 209 Nov.
368 164 499 207 CLIII
527 177 588 217 pr.

1233 290 1391 327 CAPUT
1413 290 1441 325 I.

367 360 422 393 Εἴ
440 372 478 393 τι
507 361 631 393 τοίνυν
661 361 763 404 μέχρι
794 359 858 393 τοῦ
888 359 955 392 νῦν
986 357 1075 402 πρὸς
1098 356 1240 401 βλάβην
1263 359 1328 390 τοῦ
1352 355 1521 401 δημοσίου
1545 361 1676 405 γέγονε,
1700 360 1808 394 τοῦτο
1833 359 1963 406 ἄκυρον
1986 361 2078 396 εἶναι
2100 361 2299 406 κελεύομεν,
2320 364 2449 398 θεσπί-

234 408 353 447 ζοντες
381 406 446 437 τοῦ
477 403 604 438 λοιποῦ
634 404 788 437 ἕκαστον
819 403 925 436 θεῖον
948 402 1200 448 πραγματικὸν
1223 402 1350 444 τύπον,
1373 403 1444 437 εἴτε
1464 402 1552 445 πρὸς
1575 402 1643 438 τὸν
1667 402 1924 451 αὖγουστάλιον
1947 406 2018 440 εἴτε
2041 406 2132 450 πρὸς
2154 408 2223 442 τὸν
2248 407 2358 441 δοῦκα
2378 410 2449 442 εἴτε

233 449 324 493 πρὸς
347 447 430 482 τούς
450 447 596 482 λοιποὺς
619 449 697 482 τῶν
720 448 904 491 ἐπαρχιῶν
928 445 1103 492 ἄρχοντας
1125 449 1266 492 γένοιτο
1290 447 1468 494 προφάσει
1492 447 1687 491 δημοσίων,
1717 449 1820 483 καθὰ
1843 450 1990 495 εἴρηται,
2014 451 2161 486 πάντως
2183 454 2449 497 ἐμφανίζεσθαι

233 495 285 535 τῷ
311 492 527 537 δικαστηρίῳ
548 493 611 535 τῆς
634 493 696 534 σῆς
718 491 898 535 ὑπεροχῆς,
922 495 982 524 καὶ
1006 487 1120 525 οὕτως
1143 492 1190 525 εἰς
1210 491 1273 526 τὰς
1298 493 1468 537 ἐπαρχίας
1491 493 1702 537 πέμπεσθαι
1725 495 2020 539 προταττόμενον
2041 496 2133 538 μετὰ
2149 496 2446 543 προςταγμάτιον,

232 537 333 571 καθὰ
358 537 505 581 εἴρηται,
529 538 589 578 τῆς
611 537 672 579 σῆς
692 532 873 580 ὑπεροχῆς.
921 532 1009 571 ὥςτε
1034 533 1115 570 ὅσοι
1138 538 1205 580 μὲν
1227 535 1276 579 μὴ
1299 537 1389 581 πρὸς
1411 535 1553 581 βλάβην
1574 540 1735 583 γίνοιντο
1759 539 1822 572 τοῦ
1846 536 2016 583 δημοσίου
2040 540 2136 574 θεῖοι
2158 542 2278 584 τύποι,
2301 542 2448 575 τούτους
2496 546 2514 576 5

231 585 291 615 καὶ
323 580 494 623 δέχεσθαι
524 584 583 614 καὶ
615 581 835 625 προτάττειν
863 582 940 614 τῶν
973 580 1270 626 προςταγμάτων,
1302 585 1362 615 καὶ
1392 582 1606 625 πέμπεσθαι
1630 583 1729 628 παρὰ
1752 584 1815 626 τῆς
1836 585 1896 626 σῆς
1919 582 2090 630 ὑπεροχῆς
2112 586 2159 619 εἰς
2181 586 2245 620 τὰς
2268 588 2448 631 ἐπαρχίας,

232 623 285 671 ἐφ’
319 624 348 668 ᾧ
378 638 419 659 τε
445 629 575 671 πέρατι
603 623 896 670 παραδίδοσθαι·
927 620 1008 659 ὅσοι
1038 623 1077 659 δὲ
1108 626 1198 670 πρὸς
1224 624 1368 669 βλάβην
1398 627 1461 660 τοῦ
1493 624 1662 670 δημοσίου
1693 627 1785 662 κατὰ
1819 628 2056 674 συναρπαγὴν
2078 634 2253 674 γίνονται,
2278 628 2449 672 δέχεσθαι

230 673 297 714 μὲν
320 670 387 712 τὴν
407 670 476 713 σὴν
506 668 686 716 ὑπεροχὴν
717 670 798 704 τοὺς
829 669 1009 704 τοιούτους
1038 671 1161 704 θείους
1184 669 1326 712 τύπους,
1350 670 1399 715 μὴ
1422 672 1597 713 πράττειν
1620 669 1660 705 δέ
1681 671 1726 706 τὰ
1753 674 1792 706 ἐν
1816 671 1935 707 αὐτοῖς
1958 675 2142 719 ἐγκείμενοι
2165 678 2250 720 πρὶν
2273 673 2297 718 ἢ
2320 675 2449 720 πρότε-

231 728 296 759 ρον
319 715 366 748 εἰς
386 712 478 758 ἡμᾶς
501 712 696 760 άνενέγκοι,
720 716 780 748 ἵνα
802 715 838 748 εἴ
855 728 892 749 τι
915 714 963 748 αἱς
986 714 1078 749 εἰκὸς
1102 714 1191 759 πρὸς
1210 713 1354 759 βλάβην
1377 718 1440 750 τοῦ
1460 714 1629 760 δημοσίου
1645 720 1778 763 γέγονε,
1801 719 1908 751 τοῦτο
1926 719 2190 765 ἐπανορθωθῇ.
2233 717 2447 762 Οἱοςδὴποτε

231 763 355 793 τοίνυν
379 760 477 794 θεῖος
501 759 745 805 πραγματικὸς
764 759 873 794 τύπος
896 760 1076 804 προφάσει
1100 757 1283 803 δημοσίων
1305 760 1495 805 γενόμενος
1516 761 1565 804 μὴ
1590 761 1749 806 ἐμφανὴς
1771 764 1917 807 γένηται
1940 764 1992 806 τῷ
2008 763 2137 809 θρόνῳ
2160 765 2223 806 τῆς
2246 765 2306 807 σῆς
2324 760 2448 807 ὖπερο-
2475 769 2514 802 10

231 806 300 846 χῆς,
330 804 462 839 τοῦτον
486 805 526 838 ἐν
554 802 676 839 οὐδενὶ
705 804 826 850 χρόνῳ
850 807 995 850 κρατεῖν
1017 803 1241 849 βουλόμεθα.
1288 804 1333 840 D.
1356 807 1392 840 k.
1415 805 1495 841 Iun.
1522 805 1591 842 GP.
1617 808 1675 842 dn.
1699 806 1896 845 Iustiniano
1917 818 1978 853 pp.
2000 807 2092 852 Aug.
2116 807 2217 854 (IV.)
2241 812 2277 844 et
2299 808 2449 886 Paulguo

230 859 283 884 vc.
309 859 403 886 coss.
2289 856 2334 895 [a.
2359 855 2379 887 5
2404 855 2451 894 4.]

1280 964 1379 1007 Tffff

714 1038 893 1091 ΠΕΡΙ
935 1038 1084 1091 ΤΩΝ
1125 1038 1633 1092 ΧΑΜΕῩΡΕΤῼΝ
1673 1039 1973 1093 ΒΡΕΦῼΝ.

697 1114 736 1151 Ὁ
759 1114 867 1150 αύτὸς
889 1115 1053 1160 βασιλεὺς
1073 1113 1179 1160 Ἠλία
1202 1117 1255 1160 τῷ
1281 1115 1504 1159 ἐνδοξοτάτῳ
1528 1115 1674 1164 ἐπάρχῳ
1698 1119 1763 1152 τοῦ
1786 1117 1981 1164 Ἰλλυρικοῦ.
2476 1128 2515 1160 15

387 1183 674 1230 Προοίμιον.>
716 1182 896 1229 ’Ἐγκλημα
921 1184 985 1226 τῆς
1015 1180 1251 1229 ἀνθρωπίνης
1282 1182 1423 1229 γνώμης
1447 1180 1639 1229 ἀλλότριον
1660 1187 1722 1218 καὶ
1744 1181 1826 1218 οὐδὲ
1850 1188 1931 1230 περὶ
1951 1185 2106 1219 πάντων
2129 1186 2329 1233 βαρβάρων
2352 1183 2451 1226 ἀξιό-

230 1240 362 1265 πιστον
382 1228 547 1274 Ανδρέας
570 1225 590 1261 ὁ
615 1227 896 1272 θεοφιλέστατος
919 1229 1157 1275 πρεσβύτερος
1179 1232 1239 1262 καὶ
1263 1228 1527 1273 ἀποκρισιάριος
1549 1230 1611 1271 τῆς
1633 1230 1712 1263 τῶν
1737 1229 2027 1264 Θεσσαλονικέων
2051 1227 2254 1276 ἁγιωτάτης
2269 1230 2452 1274 ἐκκλησίας

230 1274 491 1321 προςήγγειλεν,
524 1270 572 1308 ὥς
605 1284 698 1307 τινες
721 1273 767 1307 τὰ
790 1271 969 1318 προϊόντα
993 1270 1102 1307 εὐθὺς
1125 1275 1163 1307 ἐκ
1183 1272 1317 1308 κοιλίας
1340 1273 1624 1318 ἇπορρίπτοντες
1646 1276 1760 1319 βρέφη
1784 1277 1844 1307 καὶ
1864 1276 1903 1308 ἐν
1926 1277 2003 1309 ταῖς
2026 1272 2141 1321 ἁγίαις
2165 1273 2257 1309 αὐτὰ
2281 1274 2450 1319 καταλιμ-

230 1317 408 1354 πάνοντες
436 1318 633 1361 ἐκκλησίαις
660 1317 752 1362 μετὰ
783 1317 825 1352 τὸ
859 1319 976 1351 ταῦτα
1007 1316 1107 1363 παρὰ
1139 1319 1216 1352 τῶν
1246 1315 1495 1361 εὐσεβούντων
1526 1315 1745 1363 ἀνθρώπων
1777 1316 1965 1372 ἀναγωγῆς
1991 1323 2051 1352 καὶ
2081 1321 2212 1365 τροφῆς
2242 1318 2450 1362 ἀξιωθῆναι

231 1363 410 1398 ἐκδικοῦσι
437 1367 497 1397 καὶ
523 1361 668 1397 δούλους
700 1362 1015 1408 προςαγγέλλουσι,
1047 1366 1107 1396 καὶ
1138 1363 1359 1406 ἐπιθυμοῦσι
1389 1364 1433 1409 τῇ
1466 1363 1578 1406 οἰκείᾳ
1610 1360 1772 1408 ὠμότητι
1799 1377 1907 1398 τουτο
1938 1364 2165 1409 προςθεῒναι,
2201 1361 2288 1399 sitm
2318 1361 2379 1398 οῗῗς
2409 1368 2449 1398 ἄν
2475 1372 2517 1403 20

231 1407 349 1443 αὐτοῖς
371 1412 444 1443 τοῖς
466 1410 528 1451 τῆς
552 1408 644 1450 ζωῆς
667 1412 864 1453 προοιμίοις
887 1406 1043 1451 θανάτῳ
1067 1405 1381 1454 παραδεδώκασιν,
1406 1405 1632 1450 αὐξήσαντας
1654 1410 1824 1454 στερῆσαι
1847 1409 1910 1452 τῆς
1933 1408 2147 1455 ἐλευθερίας.
2188 1408 2312 1452 ἐπειδὴ
2327 1412 2451 1443 τοίνυν

229 1453 272 1487 τὸ
304 1455 470 1488 τοιοῦτον
500 1450 671 1496 ἀτόπημα
700 1451 816 1487 πολλὰ
848 1452 941 1486 κατὰ
975 1449 1109 1487 ταύτὸν
1132 1456 1285 1497 περιέχει
1306 1451 1520 1499 ἐγκλήματα,
1545 1453 1659 1498 φόνον
1681 1466 1721 1487 τε
1744 1456 1804 1487 καὶ
1828 1457 2074 1499 συκοφαντίαν
2093 1457 2152 1487 καὶ
2175 1451 2245 1487 ὅσα
2268 1452 2315 1488 ἄν
2335 1465 2388 1488 τις
2411 1456 2451 1487 ἐν

229 1499 273 1545 τῇ
302 1497 452 1544 τοιαύτῃ
477 1497 603 1543 πράξει
624 1493 778 1531 εὐκόλως
802 1494 1115 1543 άπαριθμήσαιτο,
1137 1497 1209 1531 ἔδει
1232 1497 1314 1531 τοὺς
1334 1497 1379 1530 τὰ
1404 1498 1554 1531 τοιαῦτα
1574 1495 1883 1545 διαπραξαμένους
1904 1498 1972 1542 τὴν
1995 1503 2035 1533 ἑκ
2055 1500 2133 1532 τῶν
2156 1497 2281 1543 νόμων
2302 1499 2351 1542 μὴ
2374 1497 2449 1532 δια-

229 1541 374 1589 φεύγειν
398 1541 588 1586 ἐκδίκησιν,
613 1539 688 1576 ἀλλ’
715 1543 763 1576 εἰς
785 1540 828 1576 τό
855 1542 938 1576 τοὺς
953 1541 1079 1576 ἄλλους
1095 1544 1404 1588 σωφρονεστέρους
1418 1543 1592 1586 γενέσθαι
1610 1546 1684 1577 ταῖς
1704 1542 1869 1585 ἐσχάταις
1885 1541 2010 1578 αὐτοὺς
2024 1540 2284 1587 ὑποβληθῆναι
2298 1545 2449 1587 ποιναῖς,

228 1587 287 1622 οἶα
310 1589 349 1622 ἐκ
371 1589 433 1631 τῆς
457 1585 640 1622 ἀναιδείας
662 1587 723 1631 τῆς
747 1588 928 1633 έναγωγῆς
950 1585 1026 1621 ἴδια
1049 1586 1251 1634 ἐγκλήματα
1275 1585 1604 1634 προςαγγείλαντας.
1638 1585 1729 1633 ὅπερ
1744 1589 1808 1622 τοῦ
1824 1587 1951 1623 λοιποῦ
1967 1587 2200 1634 φυλαχθῆναι
2216 1588 2448 1633 θεσπίζομεν.
2475 1595 2517 1626 25

363 1678 450 1712 Νου.
471 1678 596 1712 CLIII
625 1678 750 1712 Graece
778 1685 898 1712 tantum
927 1684 1016 1711 extat
1045 1679 1078 1711 in
1102 1678 1184 1720 ML,
1210 1691 1236 1711 c.
1254 1679 1271 1712 1
1297 1689 1335 1710 ex
1358 1677 1407 1710 Β8
1431 1677 1472 1710 N
1488 1678 1520 1719 3,
1539 1683 1556 1709 3
1578 1691 1614 1721 p.
1633 1680 1696 1713 517
1722 1679 1824 1713 Zach.
1858 1680 1892 1713 in
1916 1679 1953 1712 B
1976 1680 2031 1721 33,
2049 1686 2077 1721 2,
2095 1686 2122 1712 4.
2146 1697 2190 1703 -—
2214 1680 2304 1723 Epit.
2330 1679 2452 1712 Theod-

233 1724 307 1764 153,
332 1723 451 1755 Athan.
472 1724 523 1763 18,
542 1728 577 1761 73
601 1723 787 1766 Anonymus
811 1723 1018 1756 Bodleianus
1042 1724 1084 1756 26
1109 1724 1199 1765 apud
1221 1722 1407 1755 Zachariae
1427 1718 1559 1755 Ἀνέκδ.
1577 1724 1706 1766 ρι222.

362 1864 392 1899 Ι.
437 1863 480 1900 Si
507 1863 596 1909 quid
625 1863 738 1909 iqitur
767 1863 950 1909 hucusque
982 1862 1031 1898 ad
1058 1862 1305 1899 detrimentum
1336 1864 1391 1899 rei
1448 1864 1585 1899 ublicae
1613 1864 1753 1909 factum
1789 1868 1859 1907 est,
1894 1863 1963 1900 hoc
1999 1866 2141 1900 irritum
2172 1876 2249 1901 esse
2278 1866 2451 1909 iubemus,

228 1910 440 1951 sancientes,
471 1914 512 1944 ut
540 1908 579 1943 in
602 1912 792 1954 posterum
824 1907 1004 1953 quaelibet
1023 1918 1131 1943 sacra
1147 1909 1383 1960 praqmatica
1405 1875 1531 1953 flav-ma
1555 1909 1640 1951 (sive
1665 1909 1714 1944 ad
1735 1909 1969 1955 Auqustalem
1992 1910 2066 1944 sive
2090 1910 2139 1944 ad
2161 1910 2285 1946 ducem
2307 1912 2382 1947 sive
2403 1912 2453 1947 ad

229 1959 366 1990 ceteros
390 1953 665 2000 provinciarum
689 1953 880 2000 praesides
908 1963 1029 1988 rerum
1046 1952 1278 1998 publicarum
1302 1954 1455 1995 nomine,
1479 1954 1589 1989 sicuti
1610 1953 1742 1988 dictum
1765 1957 1828 1995 est,
1850 1954 1943 1998 fiat),
1968 1955 2112 1990 omnino
2137 1955 2270 1990 iudicio
2293 1956 2450 1991 sublimi-

231 2000 316 2035 tatis
347 2003 430 2034 tuae
459 1998 671 2039 insinuetur,
702 2003 811 2043 atque
839 1998 889 2032 ita
911 1997 950 2031 in
966 1997 1180 2043 provincias
1203 1998 1366 2033 mittatur
1416 1998 1560 2041 raefixa
1583 1997 1715 2032 additis
1736 1998 1952 2043 praeceptis,
1976 1999 2029 2033 uti
2052 1998 2185 2034 dictum
2208 2003 2272 2044 est,
2294 2000 2450 2036 sublimi-

229 2044 314 2079 tatis
344 2046 437 2078 tuae.
485 2040 617 2087 Itaque
648 2052 891 2087 quaecumque
919 2052 1048 2076 sacrae
1073 2041 1218 2085 formae
1246 2052 1321 2076 non
1344 2009 1412 2076 adp
1416 2041 1664 2077 detrimentum
1688 2044 1743 2077 rei
1757 2042 1927 2087 publicae
1946 2043 2052 2086 fiunt,
2076 2053 2138 2078 eas
2160 2047 2196 2079 et
2216 2045 2394 2091 suscipias
2416 2050 2452 2082 et

226 2087 440 2133 praemittas
468 2096 600 2132 praece
629 2088 685 2127 tis,
717 2090 825 2131 atque
851 2086 1040 2120 mittantur
1069 2096 1092 2120 a
1114 2085 1332 2121 sublimitate
1356 2089 1418 2121 tua
1440 2085 1478 2120 in
1499 2086 1718 2131 provincias,
1749 2090 1790 2121 ut
1813 2086 1861 2121 ad
1883 2086 2048 2132 effectum
2072 2087 2320 2131 adducantur,·
2344 2100 2451 2134 quae-

227 2142 377 2178 cumque
407 2137 526 2166 autem
557 2097 624 2166 adv
635 2130 884 2166 detrimentum
914 2130 969 2166 rei
991 2129 1162 2176 publicae
1180 2141 1248 2176 per
1271 2129 1516 2176 obreptionem
1536 2131 1643 2174 fiunt,
1668 2130 1842 2166 eiusmodi
1865 2131 2006 2176 quidem
2029 2142 2156 2167 sacras
2175 2133 2318 2178 formas
2340 2134 2450 2169 susci-

220 2178 308 2224 piat
337 2175 537 2211 sublimitas
561 2179 633 2217 tua,
666 2186 781 2221 neque
806 2178 924 2210 tamen
947 2185 1041 2220 quae
1064 2175 1102 2210 in
1125 2175 1199 2210 illis
1221 2175 1450 2211 continentur
1471 2175 1602 2219 faciat,
1633 2176 1848 2221 priusquam
1872 2176 1921 2211 ad
1946 2186 2014 2211 nos
2035 2176 2223 2220 rettulerit,
2247 2181 2289 2213 ut
2310 2178 2343 2213 si
2365 2178 2454 2224 quid

226 2223 326 2267 forte
354 2220 404 2256 acl
432 2220 680 2256 detrimentum
706 2220 763 2255 rei
776 2218 948 2266 publicae
971 2220 1112 2264 factum
1135 2223 1200 2262 est,
1223 2219 1263 2255 id
1283 2219 1497 2256 emendetur.
1544 2218 1795 2266 Quaecumque
1818 2221 1931 2266 iqitur
1952 2231 2060 2256 sacra
2081 2222 2311 2267 praqmatica
2333 2224 2452 2263 forma

221 2266 453 2313 publicorum
475 2265 619 2301 nomine
639 2265 746 2311 facta
768 2263 848 2301 sedi
868 2263 1097 2301 sublimitatis
1121 2268 1205 2301 tuae
1227 2264 1412 2300 insinuata
1435 2275 1510 2300 non
1529 2265 1658 2310 fuerit,
1682 2275 1760 2301 eam
1780 2265 1880 2301 nullo
1906 2270 2064 2312 tempore
2085 2265 2204 2303 valere
2227 2267 2400 2303 volumus.

844 2476 946 2528 DE
984 2407 1415 2528 INFANTICZIUIC
1457 2476 1834 2529 EXPOSITIS.

778 2564 879 2602 Idem
903 2566 1087 2612 Auqustus
1111 2565 1215 2602 Eliae
1233 2566 1494 2612 qloriosissimo
1513 2567 1709 2613 praefecto
1734 2566 1886 2614 Illyrici.

361 2631 621 2679 Praefatio.
671 2631 812 2669 Crimen
838 2645 862 2669 a
892 2643 998 2669 sensu
1027 2632 1182 2668 humano
1214 2633 1380 2675 alienum,
1413 2637 1448 2670 et
1470 2634 1571 2680 quod
1590 2645 1635 2669 ne
1658 2633 1703 2670 de
1726 2633 1891 2669 barbaris
1914 2634 2056 2680 quidem
2080 2635 2164 2670 ullis
2186 2636 2325 2682 referri
2341 2637 2450 2681 fidem

227 2678 351 2720 babet,
374 2678 541 2713 Andreas
568 2677 635 2713 deo
667 2678 875 2713 carissimus
901 2677 1089 2724 presbyter
1117 2682 1153 2713 et
1182 2678 1444 2724 apocrisiarius
1473 2679 1720 2715 sanctissimae
1751 2678 2116 2715 Thessalonicensium
2146 2681 2315 2717 ecclesiae
2349 2683 2451 2717 nobis

227 2723 416 2764 nuntiavit,
441 2733 518 2757 esse
541 2723 605 2768 qui
627 2723 791 2767 infantes
813 2733 863 2758 ex
885 2726 986 2758 utero
1036 2722 1230 2758 rodeuntes
1251 2723 1372 2758 statim
1396 2723 1554 2759 abiciant
1575 2727 1611 2759 et
1633 2724 1671 2758 in
1686 2724 1822 2758 sanctis
1837 2723 1993 2758 ecclesiis
2008 2735 2068 2759 eos
2083 2725 2300 2770 relinquant,
2324 2726 2452 2762 deinde

227 2767 366 2803 eosdem
389 2772 586 2813 postquam
618 2779 640 2802 a
661 2767 736 2813 piis
758 2767 961 2803 hominibus
981 2779 1000 2803 e
1026 2767 1227 2803 ucationem
1250 2771 1285 2803 et
1307 2767 1477 2803 alimenta
1499 2768 1729 2814 impetrarint
1751 2767 1931 2803 vindicent
1957 2772 1993 2803 et
2014 2779 2137 2804 servos
2158 2779 2245 2804 suos
2267 2781 2343 2805 esse
2363 2782 2450 2816 pro-

227 2812 402 2853 nuntient,
434 2815 542 2857 atque
571 2811 720 2858 cupiant
751 2822 841 2848 suae
871 2811 1078 2847 crudelitati
1106 2811 1174 2847 hoc
1205 2811 1349 2853 addere,
1381 2816 1421 2847 ut
1452 2823 1544 2858 quos
1571 2813 1610 2847 in
1632 2813 1722 2858 ipsis
1745 2812 1838 2848 vitae
1855 2813 2069 2858 primordiis
2091 2814 2200 2848 morti
2224 2815 2449 2856 tradiderint,

226 2867 289 2892 eos
319 2856 465 2891 adultos
493 2858 639 2902 privent
668 2855 843 2892 libertate.
889 2856 1065 2899 Quoniam
1095 2857 1208 2902 iqitur
1235 2856 1410 2892 eiusmodi
1432 2856 1631 2903 indiqnitas
1652 2857 1765 2892 multa
1787 2857 1894 2891 simul
1915 2857 2161 2903 complectitur
2185 2858 2348 2900 crimina,
2372 2868 2450 2894 cae-

227 2901 305 2936 dem
336 2905 372 2936 et
401 2901 627 2944 calumniam,
646 2905 681 2937 et
712 2911 957 2947 quaecumque
987 2902 1069 2946 quis
1097 2903 1136 2937 in
1166 2900 1340 2937 eiusmodi
1371 2902 1535 2942 facinore
1560 2901 1674 2948 facile
1705 2902 1935 2943 recensuerit,
1971 2901 2160 2948 oportebat
2190 2913 2252 2938 eos
2274 2903 2338 2949 qui
2361 2902 2450 2939 ltaec

229 2946 316 2980 talia
348 2946 623 2987 committerent,
656 2945 847 2982 vindictam
878 2957 928 2982 ea:
958 2946 1097 2991 leqibus
1126 2949 1298 2982 statutam
1329 2956 1402 2981 non
1426 2946 1695 2998 effuqere,·sed
1717 2956 1788 2997 quo
1813 2946 1922 2982 ceteri
1944 2946 2203 2982 moderatiores
2251 2950 2361 3027 ονεέί,
2385 2958 2450 3000 ea:-

2248 3003 2308 3038 qui
2334 3003 2388 3028 em
2411 3003 2450 3027 in

228 2991 348 3025 tremis
374 2990 506 3036 poenis
534 2990 659 3031 subici,
691 2991 826 3037 quippe
857 2990 921 3036 qui
948 3002 1018 3037 per
1049 2990 1306 3038 impudentiam
1338 2992 1494 3026 actionis
1518 3002 1585 3027 sua
1607 3001 1678 3037 ipsi
1701 2990 1854 3026 crimina
1878 2990 2073 3036 deferrent.
2120 2990 2198 3035 Quo

225 3038 412 3079 posterum
437 3035 612 3070 custodiri
634 3035 803 3070 iubemus.

275 3180 291 3213 1
321 3180 421 3232 μέχρι
453 3179 517 3212 τοῦ
544 3179 610 3213 νῦν
633 3180 676 3220 L]
702 3192 760 3213 om.
787 3179 833 3212 M
859 3178 871 3223 ΙΙ
903 3181 922 3213 2
943 3178 1049 3232 θεῖον
1074 3193 1131 3213 om.
1158 3180 1209 3212 La
1237 3179 1250 3224 ΙΙ
1283 3181 1305 3234 ⁴}

228 3225 756 3311 Z‘Z‘Zi‘fiv‘iffssssivffioffLL11
774 3224 1030 3313 ''qtssass'fissf'ffss‘s‘
1049 3223 1203 3302 ἒεῗῖἕῐὶ
1213 3236 1303 3312 ἳῖἶὶξ

229 3312 287 3351 Μ]
312 3311 342 3344 εἰ
364 3310 413 3355 μὴ
431 3313 462 3345 L
479 3313 491 3356 ss
512 3315 550 3347 11
575 3316 697 3347 subscr.
723 3312 939 3357 ἐξεφωνήθη
962 3315 1047 3357 μηνὶ
1071 3313 1193 3356 ἰουνίῳ
1211 3311 1302 3348 ὑπα-

228 3358 308 3432 ἷῧίᾳ
332 3357 465 3434 ηῗὲίᾳιὲἰε
489 3360 612 3434 ἶνηίεςίε
639 3359 769 3437 Ίέιεὲάί..
784 3358 862 3412 ius}-
886 3369 949 3436 ppd
956 3361 1085 3436 nup-3181:
1100 3357 1303 3437 ἓαιυΙὶη.ἕὶ

231 3413 392 3478 ἰηιίηεῖἰιο.
407 3414 712 3490 αᾱζένιζὶὲλιῗ.ᾳαοῒί
724 3415 1005 3490 ῖὶῗολᾈέηεξλιίῖῗί
1026 3416 1096 3481 etsi?
1108 3416 1304 3491 innyffomptu

233 3495 279 3520 est
297 3491 418 3531 referre
443 3491 489 3522 ad
511 3503 580 3524 nov.
605 3499 780 3534 sequentem
800 3492 884 3525 CLI
894 3493 949 3534 (cf.
968 3493 1012 3525 ad
1029 3493 1105 3534 727,
1122 3493 1174 3535 11),
1200 3499 1301 3526 tamen

229 3533 284 3564 υἰει·
313 3534 420 3566 dubito
451 3536 527 3576 quin
559 3537 606 3568 ad
634 3537 717 3569 hanc
750 3549 820 3570 nov.
849 3537 954 3570 CLII
968 3539 1146 3579 pertineat,
1178 3538 1234 3571 ubi
1266 3538 1305 3570 de

231 3577 394 3609 consulatu
419 3579 451 3610 in
478 3579 533 3611 illo
557 3580 676 3612 scholio
700 3588 936 3614 commemorato
961 3594 1000 3614 ex
1023 3583 1096 3624 ipsa
1120 3582 1242 3615 codicis
1269 3582 1308 3615 M

230 3621 460 3662 subscriptione
485 3630 608 3656 constat
615 3637 627 3664 ,-
652 3625 776 3658 accedit
799 3626 886 3667 quod
903 3637 970 3658 cum
995 3626 1060 3659 llac
1074 3627 1305 3670 subscriptione

221 3673 360 3717 facilius
377 3677 550 3710 conciliari
566 3685 672 3719 potest
695 3681 761 3712 diei
782 3687 859 3712 nota
884 3681 915 3713 in
939 3681 1060 3714 scholio
1084 3688 1236 3725 corrupta
1259 3693 1305 3715 κα

1372 3192 1431 3223 καὶ
1456 3204 1499 3233 κη
1520 3192 1614 3233 (corr.
1639 3189 1718 3226 καλ.
1738 3191 1808 3224 iun.
1819 3191 1849 3231 Τ)
1872 3204 1967 3235 quam
1990 3204 2058 3225 cum
2083 3193 2135 3226 die
2160 3193 2193 3226 in
2217 3194 2449 3235 subscriptione

1373 3248 1445 3269 nov.
1473 3237 1558 3270 CLI
1576 3243 1683 3269 notato
1708 3235 1810 3269 XVII
1834 3236 1899 3269 kal.
1918 3261 1927 3269 .
1944 3238 2007 3281 ..ΙΙ
2028 3238 2069 3271 13
2093 3236 2204 3281 νεαρὰ
2227 3235 2308 3282 ρμβ
2331 3239 2450 3271 citatur

1374 3282 1464 3323 apud
1486 3282 1592 3314 Anon.
1618 3281 1720 3313 Bodl.
1745 3288 1775 3314 et
1797 3282 1872 3315 Ath.
1892 3281 1904 3324 ss
1931 3283 1973 3315 14
1996 3284 2084 3314 rubr.
2109 3284 2198 3326 Περὶ
2221 3282 2449 3326 χαμευρεταῖν

1375 3325 1494 3359 Tlteod.
1513 3325 1525 3369 ΙΙ
1545 3328 1586 3360 15
1601 3321 1706 3367 Ἠλίᾳ
1722 3326 1796 3359 Ath.
1814 3326 1871 3369 (cfi
1891 3327 1937 3359 ad
1951 3327 2046 3359 inscr-
2065 3339 2135 3359 nov.
2153 3327 2239 3360 CXI
2248 3340 2280 3370 p.
2300 3327 2375 3366 521,
2391 3328 2447 3366 12)]

1373 3370 1483 3411 Μηνᾶ
1508 3371 1580 3404 ML
1597 3370 1610 3413 ΙΙ
1632 3371 1670 3403 16
1685 3370 1860 3426 ’γνώσεως
1879 3371 1998 3404 ΤΙιεοά.
2017 3370 2029 3414 ΙΙ
2047 3369 2156 3404 *οὔτε
2171 3372 2243 3404 ML
2259 3371 2272 3415 ΙΙ
2290 3372 2372 3415 περὶ
2388 3371 2446 3410 Μ]

1372 3433 1471 3480 παρὰ
1497 3437 1527 3469 L
1545 3435 1558 3481 ss
1578 3439 1616 3471 17
1642 3414 1682 3468 οἱς
1718 3439 1739 3471 i.
1765 3449 1790 3470 e.
1814 3435 1916 3483 ἁγίας
1940 3438 1971 3470 L
1995 3437 2007 3481 ΙΙ
2035 3439 2074 3472 18
2104 3435 2345 3483 προσήνεγκεν
2368 3437 2418 3469 La
2436 3435 2448 3480 ΙΙ

1372 3476 1690 3527 *ἄπορρίπτονται
1714 3483 1758 3514 Μ
1778 3477 2044 3526 ἆπορίπτονται
2074 3483 2155 3524 (sim.
2181 3482 2282 3522 infra)
2306 3481 2337 3513 L
2361 3480 2373 3523 ΙΙ
2403 3482 2446 3514 20

1372 3521 1432 3558 οὓς
1456 3527 1514 3566 Μ]
1539 3519 1604 3560 οὖν
1627 3527 1670 3567 L,
1688 3525 1771 3559 τοὺς
1794 3527 1989 3560 Haloander
2005 3527 2017 3570 ΙΙ
2036 3528 2075 3561 21
2099 3520 2399 3570 παραδεδωκότας
2414 3525 2446 3559 L

1372 3570 1383 3610 ΙΙ
1400 3570 1441 3603 23
1466 3569 1512 3603 τὰ
1533 3571 1685 3604 τοιαῦτα
1712 3571 1752 3611 L]
1778 3567 1870 3604 αὐτὰ
1890 3571 1933 3604 Μ
1945 3571 1958 3615 [Ι
1977 3568 2163 3615 διαφυγεῖν
2186 3569 2218 3602 L
2235 3568 2247 3611 ΙΙ
2265 3570 2308 3602 24
2331 3568 2379 3602 εἰς
2400 3568 2444 3603 τὸ

1374 3614 1416 3655 L]
1441 3609 1536 3647 ὥστε
1559 3616 1603 3648 Μ
1626 3615 1639 3657 11
1663 3617 1705 3650 25
1729 3613 2036 3662 προσαγγέλοντας
2059 3615 2101 3656 L,
2125 3611 2447 3658 προςαγγέλλοντας

1376 3659 1567 3694 Haloander
1583 3659 1596 3704 u
1614 3659 1850 3704 θεσπίζωμεν
1873 3660 1921 3692 Μ
