2618 4010
164 143 223 173 DE
252 141 512 180 QUAESTORE

165 240 312 276 δυνατοὶ
345 239 384 276 δὲ
415 239 535 287 ἀρκεῖν
567 240 656 288 πρὸς
687 239 802 275 πόνον
825 243 927 284 εἰσίν,
959 243 990 276 εἰ
1019 244 1087 285 μὲν
1111 243 1244 277 οἰκέται

165 288 281 321 τινῶν
312 287 394 328 εἶεν,
431 285 641 331 μανθάνειν
671 290 785 321 τίνων
816 288 884 321 εἰσὶ
915 290 974 321 καὶ
1006 287 1152 323 τούτους
1183 290 1242 322 καὶ

164 331 316 367 ἄκοντας
347 335 419 367 τοῖς
448 335 672 376 κεκτημένοις
701 333 908 377 ἐκπέμπειν,
941 334 972 367 εἰ
996 331 1035 367 δὲ
1059 332 1243 381 ἐλεύθεροι

164 378 231 420 τὴν
256 376 365 432 τύχην
395 379 454 411 καὶ
484 379 523 411 ἔκ
547 390 662 411 τινων
693 374 930 432 ἑπαρχιῶνῒῆ
962 377 1105 414 πόλεων
1129 377 1244 424 ὁρμώ-

1239 126 1325 176 393

1949 132 2056 175 Nov.
2089 132 2248 175 LXXX
2281 136 2390 175 4-6

1314 242 1393 277 dem
1428 243 1521 278 servi
1556 242 1757 287 aliquorum
1793 243 1945 288 fuerint,
1992 254 2206 289 cognoscere
2242 254 2393 288 quorum

1312 290 1398 323 sunt
1432 291 1469 323 et
1503 289 1569 324 hos
1601 288 1706 323 etiam
1741 288 1871 324 invitos
1906 289 2176 335 possessoribus
2209 289 2392 324 transmit-

1312 338 1398 375 tere,
1432 334 1461 369 si
1485 344 1567 370 vero
1597 334 1699 369 liberi
1722 334 1869 369 fortuna
1901 337 1936 370 et
1960 346 2003 370 ex
2027 335 2206 380 aliquibus
2240 334 2391 370 civitati-

1315 379 1382 414 bus
1408 383 1471 414 aut
1494 379 1686 424 provinciis
1711 379 1791 423 orti,
1825 380 1891 415 hos
1916 382 2159 416 transmittere
2181 380 2227 415 ad
2251 380 2392 425 provin-

163 436 276 466 μενοι,
295 434 441 457 τούτους
457 423 654 467 ἐκπέμπειν
670 423 718 457 εἰς
734 423 796 457 τὰς
813 424 852 464 ἐξ
872 437 927 458 ων
948 425 1039 459 εἰσιν
1063 426 1244 470 ἐπαρχίας.
1282 427 1300 458 5
1317 425 1389 459 cias
1415 435 1458 460 ex
1483 425 1612 470 quibus
1635 425 1718 460 sint.

1165 536 1321 572 CAPUT
1347 537 1390 573 V.

211 602 255 635 Εἰ
280 600 319 635 δὲ
343 599 562 644 αὐτόχθονες
585 603 657 637 εἷεν
688 606 748 637 καὶ
773 603 917 647 σώμασι
940 607 1007 648 μὲν
1032 606 1245 651 ἐρρωμένοις

163 649 332 693 χρῶνται,
357 651 438 691 βίου
463 646 503 681 δὲ
524 645 643 682 αὐτοῖς
666 647 845 695 εὐπρεπὴς
868 647 930 683 οὐκ
954 652 1034 684 ἔστι
1054 649 1243 695 πρόφασις,

163 690 308 726 τούτους
337 691 386 736 μὴ
415 692 570 736 μάταιον
601 693 694 727 εἶναι
726 695 787 737 τῆς
815 695 876 740 γῆς
899 692 1012 737 ἄχθος
1036 697 1243 740 συγχωρεῖν,

163 734 251 770 ἀλλὰ
281 736 522 783 παραδιδόναι
548 739 690 773 θᾶττον
712 736 838 773 αὐτοὺς
861 742 935 773 τοῖς
963 753 1002 773 τε
1025 741 1102 772 τῶν
1126 740 1244 785 ἔργων

1361 603 1398 639 Si
1421 614 1503 639 vero
1527 603 1633 639 huius
1658 608 1776 639 terrae
1799 604 1933 639 fuerint
1956 604 1993 638 et
2018 604 2228 649 corporibus
2253 605 2393 649 quidem

1315 649 1440 683 validis
1465 653 1624 691 utantur,
1656 650 1748 684 vitae
1772 654 1892 684 autem
1918 648 1967 683 eis
1993 648 2125 685 decens
2155 660 2228 685 non
2253 654 2307 685 est
2331 661 2392 685 oc-

1315 694 1423 737 casio,
1457 694 1523 728 hos
1547 704 1618 728 non
1642 694 1776 729 frustra
1810 705 1889 737 esse
1915 698 2032 728 terrae
2062 705 2152 729 onus
2176 695 2393 739 permittere,

1315 739 1376 774 sed
1395 739 1537 773 tradere
1562 739 1667 773 citius
1692 749 1753 774 eos
1779 743 1813 774 et
1833 749 1981 783 operum
2005 739 2232 783 publicorum
2253 741 2393 775 artibus

163 784 240 815 τῶν
263 781 448 839 δημοῖσίων
478 788 653 826 τεχνίταις
685 785 733 818 εἰς
762 782 961 830 ὑπουργίαν
991 787 1062 819 τοῖς
1092 797 1132 818 τε
1157 797 1242 838 προ·
1259 786 1299 818 10
1314 784 1359 819 ad
1390 784 1622 818 ministerium
1655 788 1691 818 et
1722 784 1937 828 praepositis
1969 784 2241 829 panificantium
2269 786 2393 820 Statio-

164 829 321 862 εστῶσιν
341 830 631 874 αρτοποιητικιῦν
651 831 897 876 ἐργαστηρίων
917 833 976 862 καὶ
993 833 1065 862 τοῖς
1083 829 1164 863 τοὺς
1184 842 1242 871 κη-

164 885 250 907 πους
274 876 521 920 ἐργαζομένοις
541 878 599 908 καὶ
621 873 744 908 ἄλλαις
768 872 953 921 διαφόροις
977 877 1115 916 τέχναις
1138 870 1160 917 ἢ
1183 877 1243 907 καὶ

163 921 352 964 ἐργασίαις,
387 921 427 953 ἐν
452 920 504 953 αἶς
529 917 712 961 ἰσχύουσιν
739 918 814 963 ἅμα
836 921 904 963 μὲν
927 918 1076 965 κάμνειν
1107 915 1181 963 ἅμα
1204 917 1244 952 δὲ

163 962 438 1010 ἀποτρέψεσθαι
469 967 528 998 καὶ
560 964 625 998 τὸν
648 963 760 1011 ἀργὸν
785 962 896 998 οὕτως
928 967 987 1000 ἐπὶ
1013 964 1059 999 τὰ
1090 968 1243 1008 κρείττω

163 1011 184 1044 1
238 1009 479 1054 μεταβάλλειν
510 1014 604 1054 βίον.

165 1053 411 1102 προςεδρεύειν
431 1059 508 1090 ταῖς
529 1057 708 1102 ἐργασίαις
729 1054 782 1088 αἶς
800 1052 1074 1101 παρεδόθησαν,
1097 1066 1244 1089 τουτους

165 1098 381 1135 ἀπελαύνειν
405 1100 536 1143 ταύτης
559 1102 619 1143 τῆς
637 1098 822 1144 βασιλίδος
842 1099 989 1135 πόλεως.
1065 1098 1242 1144 ειδόμενοι

164 1144 230 1191 γὰρ
263 1144 387 1180 αὐτῶν
420 1147 537 1180 ταῦτα
572 1146 862 1190 νομοθετοῦμεν,
901 1144 1000 1180 ὅπως
1035 1159 1080 1179 αν
1110 1144 1159 1190 μὴ
1182 1146 1243 1188 τῆς

164 1189 287 1237 ἀργίας
309 1188 433 1225 αὐτοὺς
457 1192 504 1224 εἰς
523 1188 677 1225 ἀτόπους
700 1190 843 1238 πράξεις
868 1191 1103 1233 συνωθούσης
1127 1190 1164 1225 οἱ
1186 1190 1243 1224 νό-

1312 840 1398 863 num
1428 832 1464 863 et
1486 829 1610 863 hortos
1636 830 1867 873 operantibus
1900 829 2049 874 aliisque
2081 830 2226 866 diversis
2256 832 2394 866 artibus

1312 877 1375 908 aut
1400 874 1578 917 operibus,
1610 874 1646 908 in
1679 875 1808 919 quibus
1842 874 1961 909 valent
1993 875 2097 910 simul
2130 876 2270 920 quidem
2294 877 2393 912 labo-

1312 929 1392 953 rare
1428 918 1534 954 simul
1569 922 1687 954 autem
1724 920 1772 955 ali
1810 922 1846 955 et
1878 930 2019 964 segnem
2053 921 2105 956 ita
2138 921 2184 956 ad
2214 922 2394 957 meliorem

1312 966 1450 999 mutare
1474 964 1593 1000 vitam.

686 1011 716 1042 εῑ
749 1008 790 1043 δέ
817 1022 911 1043 τινες
946 1009 994 1054 μὴ
1029 1009 1243 1064 βουληᾷιῦσι
1259 1011 1329 1044 151
1379 1010 1416 1044 Si
1439 1020 1521 1044 vero
1553 1010 1661 1054 aliqui
1691 1010 1871 1045 noluerint
1903 1010 2092 1046 observare
2124 1012 2290 1064 operibus
2316 1012 2393 1057 qui-

1312 1056 1379 1090 bus
1416 1055 1541 1090 traditi
1577 1058 1681 1097 sunt,
1726 1055 1792 1090 hos
1830 1056 1962 1091 sectari
2000 1056 2070 1091 hac
2105 1067 2204 1101 regia
2240 1058 2392 1093 civitate.

1311 1100 1506 1135 Parcentes
1542 1102 1634 1135 enim
1665 1100 1716 1136 eis
1741 1101 1832 1135 haec
1857 1101 2048 1144 sancimus,
2082 1105 2123 1137 ut
2146 1113 2219 1138 non
2244 1103 2393 1147 segnitie

1312 1155 1373 1180 eos
1403 1145 1451 1180 ad
1480 1145 1624 1181 illicitos
1657 1150 1758 1181 actus
1779 1146 1982 1191 impellente
2013 1147 2108 1191 leges
2138 1158 2198 1183 eos
2220 1149 2395 1193 arripiant

1312 1191 1358 1225 ad
1377 1201 1513 1236 poenas
1537 1192 1668 1226 nostris
1688 1191 1869 1226 tradentes
1890 1191 2080 1228 iudicibus.
2117 1193 2252 1229 Laesos
2274 1198 2394 1229 autem

163 1249 224 1280 μοι
258 1234 403 1270 τούτους
432 1234 626 1280 ἁρπάζοιεν
658 1235 918 1280 προςππρινάς,
955 1240 1027 1270 τοῖς
1063 1235 1243 1282 ἡμετέροις
1257 1237 1298 1269 20
1312 1239 1375 1271 aut
1398 1237 1513 1271 laesas
1541 1247 1691 1281 corpore
1722 1239 1786 1271 aut
1811 1237 1941 1272 canitie
1965 1248 2088 1282 graves
2120 1238 2187 1274 hos
2218 1240 2294 1275 sine
2318 1250 2392 1274 mo-

164 1279 425 1327 παραδιδόντες
441 1281 596 1326 ἄρχουσι.
639 1281 722 1314 Τοὺς
741 1279 783 1314 δέ
799 1294 838 1327 γε
857 1280 1125 1326 βεβλαμμένους
1145 1278 1166 1324 ἢ
1184 1285 1241 1325 βε-

163 1325 370 1370 βλαμμένας
394 1326 436 1360 τὸ
454 1328 559 1370 σῶμα
579 1324 600 1369 ἢ
624 1327 669 1373 τῇ
693 1325 802 1369 πολιᾷ
826 1330 947 1372 βαρεῖς
970 1327 1118 1361 τούτους
1142 1324 1241 1361 ἀνεν·

164 1370 330 1414 οχλὴτους
354 1372 447 1406 εἶναι
472 1370 658 1416 κελεύομεν
691 1374 750 1406 ἐπὶ
774 1369 905 1416 ταύτης
929 1374 990 1416 τῆς
1014 1370 1154 1418 ἀγαθῆς
1178 1371 1241 1406 πό-

165 1416 252 1451 λεως
272 1416 370 1463 παρὰ
388 1419 466 1451 τῶν
483 1415 641 1462 εὐσεβεῖν
663 1415 896 1470 βουλομένων
919 1419 1240 1463 ἀποτρεφομένους.

1311 1282 1415 1316 lestia
1439 1293 1518 1317 esse
1535 1282 1699 1317 iubemus
1723 1282 1760 1316 in
1782 1282 1849 1317 hac
1876 1283 1970 1318 bona
1989 1283 2141 1326 civitate,
2168 1295 2190 1319 a
2211 1285 2268 1329 pie
2290 1295 2394 1329 agere

1310 1327 1513 1362 volentibus
1537 1328 1805 1363 adscribendos.

1311 1383 1447 1416 rogare,
1475 1383 1545 1417 qua
1569 1376 1743 1408 venerunt
1766 1374 1893 1417 gratia,
1919 1377 1955 1408 et
1974 1374 2152 1427 inquisitis
2178 1386 2268 1420 quae
2290 1376 2396 1420 digna

1311 1422 1394 1453 sunt
1419 1429 1527 1463 super
1551 1418 1602 1454 eis
1627 1429 1742 1464 agere,
1779 1420 1818 1453 ut
1841 1429 1913 1453 non
1938 1420 2031 1463 pigri
2054 1420 2113 1455 hic
2137 1422 2297 1464 sedeant,
2331 1421 2395 1457 sed

1855 1328 1904 1362 Et
1929 1329 2078 1364 aliorum
2101 1330 2259 1374 singulos
2283 1331 2395 1365 inter-

163 1465 222 1494 καὶ
246 1475 324 1496 των
348 1461 468 1496 ἄλλων
492 1464 645 1497 ἕκαστον
669 1461 858 1517 ἀνερωταν
878 1467 975 1497 τίνος
1000 1466 1243 1519 πμρεγένοντο
1257 1464 1298 1497 25
1312 1464 1552 1507 competentia
1587 1467 1734 1509 agentes
1770 1463 1815 1499 ad
1850 1466 2018 1510 proprias
2054 1469 2280 1501 revertantur
2310 1476 2394 1512 pro-

163 1506 276 1552 χάριν,
301 1512 360 1541 καὶ
386 1507 669 1552 πυνθανόμενον
692 1521 737 1542 τα
761 1508 881 1542 εἰκότα
906 1508 969 1544 ἐπ’
994 1512 1113 1542 αυτοῖς
1133 1507 1243 1555 πράτ-

162 1550 371 1606 τεινκῶςτε
402 1557 450 1597 μὴ
483 1550 609 1600 ἀργοὺς
640 1553 806 1587 ἐνταῦθα
837 1554 1049 1597 καθῆσθαι,
1080 1550 1169 1588 ἀλλὰ
1199 1553 1244 1588 τὰ

1311 1509 1457 1544 vineias.

163 1610 385 1652 προςηκοντα
419 1598 627 1645 πράξαντας
667 1599 714 1633 εἰς
755 1599 817 1632 τὰς
857 1600 987 1634 οἰκείας
1023 1599 1245 1635 ἐπανελθεῖν

162 1654 288 1689 χωρας.

1159 1713 1319 1749 CAPUT
1342 1712 1404 1748 VI.

1369 1779 1407 1814 Si
1442 1789 1525 1814 vero
1561 1779 1670 1823 aliqui
1706 1782 1769 1815 aut
1803 1780 1841 1815 in
1876 1780 1944 1815 hac
1979 1780 2218 1816 habitantium
2255 1781 2396 1817 civitate

1312 1827 1377 1860 aut
1409 1825 1516 1861 etiam
1549 1825 1683 1861 deforis
1715 1825 1930 1861 venientium
1963 1826 2108 1870 culpent
2140 1826 2279 1871 aliquos
2304 1831 2395 1862 tam-

1312 1881 1417 1916 quam
1442 1871 1487 1906 ab
1509 1870 1559 1905 eis
1582 1871 1802 1906 damnificati
1825 1882 1889 1916 per
1910 1873 2137 1906 occasionem
2160 1872 2252 1908 forte
2272 1882 2396 1908 eorum

162 1916 271 1958 τυχὸν
294 1918 372 1950 τῶν
396 1914 598 1962 λεγομένων
622 1915 860 1963 σπορτούλωυ
891 1931 913 1960 η
942 1920 1001 1951 καὶ
1024 1931 1102 1951 των
1126 1918 1242 1952 έντεῦ-
1312 1926 1403 1961 quae
1436 1916 1604 1951 dicuntur
1636 1917 1819 1961 sportulae
1856 1919 1919 1951 aut
1950 1916 2057 1951 etiam
2090 1927 2134 1952 ex
2167 1917 2237 1953 hoc
2266 1917 2395 1954 laesio-

163 1962 234 1995 θεν
255 1958 418 2001 ἀδικιῶν,
443 1963 502 1994 καὶ
528 1960 699 2006 φάσκοιεν
724 1953 851 1996 adhes-
874 1959 896 2006 ἢ
928 1964 1140 2008 παραβῆναι
1162 1962 1243 1997 τοὺς
1311 1973 1407 2004 num,
1440 1965 1475 1996 et
1500 1961 1621 1996 dicant
1645 1972 1706 1997 eos
1731 1966 1794 1997 aut
1818 1962 2056 2007 praevaricari
2080 1973 2145 2007 pro
2171 1963 2227 1998 his
2252 1966 2396 2000 nostras

162 2004 251 2054 ὑπὲρ
271 2005 412 2040 τούτων
429 2004 532 2050 ἡμῶν
550 2004 689 2050 νόμους,
712 2004 733 2050 ἢ
754 2011 813 2041 καὶ
837 2011 945 2053 χωρὶς
968 2007 1109 2055 ἀρχικῆς
1140 2020 1240 2054 προς·
1256 2008 1406 2050 35leges
1438 2011 1501 2041 aut
1534 2007 1640 2041 etiam
1673 2008 1749 2042 sine
1782 2008 1939 2043 iudiciali
1967 2010 2162 2053 praecepto
2187 2009 2397 2045 admonitio-

209 1780 254 1813 Εἰ
278 1777 320 1813 δέ
346 1791 439 1813 τινες
470 1778 491 1822 ἢ
521 1781 600 1813 τῶν
629 1782 689 1814 ἐπὶ
714 1779 843 1823 ταύτης
866 1778 1066 1815 οἰκούντων
1094 1782 1155 1824 τῆς
1178 1781 1242 1816 πό·
1257 1783 1298 1816 30

165 1824 250 1859 λεως
279 1821 301 1867 ἢ
328 1828 387 1858 καὶ
423 1825 501 1858 τῶν
531 1825 675 1865 ἔξωθεν
707 1829 1011 1873 παραγινομένων
1040 1824 1242 1873 μέμφοιντό

163 1883 259 1904 τισιν
296 1866 342 1903 ὡς
374 1867 465 1915 παρ’
501 1867 624 1904 αὐτῶν
654 1872 911 1927 ζηιιιιωθιέντεςἈ
935 1871 1027 1906 κατὰ
1057 1873 1243 1919 πρόφασιν

164 2119 339 2165 siquidem
362 2120 456 2155 servi
488 2121 561 2154 sint
585 2120 810 2166 aliquorum,
842 2121 1040 2166 comperiat
1069 2131 1224 2165 quorum
1248 2121 1339 2161 sint,
1372 2130 1505 2164 eosque
1529 2119 1636 2154 etiam
1667 2119 1798 2155 invitos
1830 2120 1983 2155 dominis
2011 2120 2183 2163 remittat,
2214 2122 2271 2156 sin
2296 2121 2398 2157 liberi

166 2164 375 2199 condicione
405 2164 479 2199 sint
502 2168 538 2199 et
557 2175 607 2200 ex
626 2164 838 2210 quibusdam
861 2165 1065 2212 provinciis
1090 2164 1278 2200 urbibusve
1299 2164 1480 2244 profecti,
1514 2175 1576 2200 eos
1600 2164 1650 2199 ad
1665 2165 1878 2211 provincias
1901 2177 1950 2201 ex
1970 2166 2100 2211 quibus
2119 2170 2205 2201 sunt
2227 2167 2396 2203 remittat.

302 2209 345 2244 V.
393 2207 530 2251 Quodsi
551 2209 742 2255 indiqenae
764 2210 838 2244 sint
861 2215 895 2245 et
914 2210 1130 2255 corporibus
1153 2210 1294 2254 quidem
1316 2220 1358 2243 ro
1385 2210 1474 2244 ustis
1494 2213 1646 2244 utantur
1665 2221 1730 2245 nee
1752 2221 1836 2245 vero
1857 2211 1970 2246 vietus
1990 2211 2189 2256 quaerendi
2210 2211 2397 2247 honestam

167 2265 313 2290 causam
339 2252 505 2295 babeant,
539 2265 583 2288 ne
605 2255 769 2300 patiatur
792 2265 853 2289 eos
876 2255 1030 2289 otiosum
1054 2265 1130 2289 esse
1156 2259 1274 2289 terrae
1298 2265 1400 2295 onus,
1433 2254 1497 2289 sed
1520 2255 1685 2289 celeriter
1709 2266 1858 2300 operum
1876 2255 2110 2302 publicorum
2135 2256 2336 2301 artificibus
2359 2258 2397 2293 in

167 2298 402 2333 ministerium
426 2309 488 2333 eos
512 2299 644 2340 tradat,
670 2303 704 2333 et
728 2299 791 2345 qui
806 2299 980 2345 pistrinis
996 2304 1180 2345 praesunt
1203 2303 1238 2333 et
1262 2299 1324 2344 qui
1348 2298 1474 2334 hortos
1499 2299 1623 2334 colunt
1646 2299 1800 2345 aliisque
1824 2300 1976 2335 diversis
2000 2301 2168 2344 artificiis
2188 2301 2244 2336 vel
2263 2303 2396 2347 operis,

167 2346 189 2380 1
235 2345 272 2378 in
294 2343 422 2389 quibus
440 2344 547 2378 simul
570 2347 605 2379 et
625 2343 794 2379 laborare
817 2348 852 2379 et
871 2344 922 2378 ali
941 2344 1064 2389 itaque
1088 2345 1196 2379 vitam
1216 2344 1365 2378 inertem
1390 2344 1427 2378 in
1444 2343 1570 2378 melius
1588 2350 1728 2379 mutare
1745 2345 1897 2390 possint.
1969 2344 2106 2387 Quodsi
2129 2346 2193 2392 qui
2215 2347 2398 2382 noluerint

160 2399 379 2436 permanere
402 2388 440 2422 in
464 2389 585 2434 operis
609 2389 737 2435 quibus
762 2389 886 2424 traditi
909 2393 1005 2430 sunt,
1038 2388 1104 2423 Itos
1125 2399 1173 2423 ea:
1197 2387 1266 2423 bac
1289 2388 1394 2434 reqia
1424 2388 1513 2424 urbe
1536 2389 1709 2434 eoepellat.
1759 2388 1957 2425 Parcentes
1980 2391 2073 2425 enim
2096 2391 2142 2426 iis
2165 2390 2254 2426 llaec
2276 2393 2396 2427 sanci-

168 2445 256 2475 mus,
289 2445 334 2469 ne
357 2445 419 2468 eos
449 2444 527 2468 cum
551 2434 684 2470 inertia
713 2434 762 2469 ad
784 2434 931 2469 illicitas
956 2434 1115 2469 actiones
1139 2433 1319 2479 impellat,
1352 2433 1449 2479 leqes
1473 2433 1523 2468 ad
1538 2443 1683 2479 poenas
1714 2435 1866 2480 rapiant
1888 2435 2095 2481 nostrisque
2123 2436 2397 2482 magistratibus

169 2479 325 2515 tradant.
372 2478 501 2514 Verum
518 2489 674 2525 corpore
697 2479 901 2514 debilitatos
925 2478 1173 2514 debilitatasve
1197 2477 1253 2514 vel
1276 2478 1408 2513 canitie
1430 2489 1562 2524 qraves
1584 2479 1662 2514 sine
1685 2480 1851 2514 molestia
1876 2490 1952 2515 esse
1975 2480 2137 2516 iubemus
2159 2481 2198 2516 in
2213 2480 2284 2517 hac
2300 2481 2396 2518 bona

167 2525 311 2560 civitate
343 2523 387 2559 ab
413 2524 457 2558 iis
487 2524 550 2570 qui
578 2524 639 2570 pie
670 2535 779 2570 aqere
808 2524 932 2560 volunt
963 2523 1122 2559 alendos.
1171 2523 1266 2558 Nam
1290 2527 1491 2558 ceterorum
1521 2535 1808 2570 unumquemque
1840 2525 2042 2572 interroqet
2071 2526 2174 2561 cuius
2196 2527 2251 2562 rei
2272 2528 2396 2573 qratia

168 2570 363 2610 advenerit,
388 2580 501 2615 eoque
525 2574 708 2615 comperto
732 2581 825 2615 quae
847 2569 943 2604 iusta
966 2573 1051 2604 sunt
1074 2568 1118 2604 de
1140 2568 1186 2603 iis
1210 2574 1309 2614 aqut,
1334 2579 1378 2604 ne
1399 2568 1532 2604 inertes
1556 2568 1613 2604 bie
1635 2569 1795 2612 sedeant,
1820 2569 1883 2605 sed
1906 2571 1951 2604 iis
1975 2570 2103 2616 quibus
2127 2582 2219 2618 opus
2239 2577 2294 2608 est
2309 2583 2396 2618 per-

168 2616 258 2651 actis
281 2615 320 2649 in
343 2625 429 2649 suas
446 2615 658 2660 provincias
681 2618 919 2651 revertantur.

301 2660 362 2696 VI.
417 2658 555 2702 Quodsi
586 2661 649 2706 qui
680 2660 738 2696 vel
766 2671 889 2695 eorum
921 2659 984 2706 qui
1014 2659 1053 2694 in
1084 2659 1153 2695 hae
1183 2658 1271 2695 urbe
1294 2658 1461 2695 habitant
1490 2659 1548 2694 vel
1578 2660 1643 2705 qui
1664 2670 1824 2706 pereqre
1856 2660 2054 2696 adveniunt
2085 2661 2299 2707 quibusdam
2332 2675 2396 2700 ex-

164 2706 340 2753 probrent
364 2716 403 2740 se
422 2705 552 2740 damno
577 2705 620 2740 ab
642 2705 687 2740 iis
711 2705 864 2751 affectos
887 2716 964 2740 esse
985 2705 1087 2750 forte
1109 2705 1252 2740 nomine
1272 2704 1521 2750 sportularum
1546 2715 1639 2750 quae
1664 2705 1835 2740 dicuntur
1866 2706 1922 2742 vel
1939 2706 2047 2741 etiam
2070 2706 2288 2743 iniuriarum
2312 2708 2397 2745 inde

167 2751 364 2792 illatarum,
389 2761 522 2796 eosque
546 2750 671 2786 dicant
692 2750 789 2796 leqes
813 2754 958 2786 nostras
981 2750 1024 2785 de
1049 2749 1104 2784 llis
1128 2750 1223 2785 latas
1247 2749 1410 2791 violasse,
1435 2749 1492 2785 vel
1513 2751 1620 2784 etiam
1644 2750 1720 2785 sine
1745 2750 1910 2785 iudiciali
1933 2751 2092 2787 iussione
2116 2752 2397 2789 admonitionem

210 2868 225 2899 1
242 2862 389 2898 δυνατοὶ
402 2861 442 2897 δὲ
454 2861 586 2907 ἀρκεῖν]
601 2866 660 2896 καὶ
674 2861 820 2896 δυνατοὶ
834 2861 992 2908 διαρκεῖν
1002 2865 1124 2907 Epan.,
1142 2862 1246 2896 δυνα-

167 2913 226 2943 τοί
239 2923 279 2943 τε
297 2908 416 2951 ἀρκεῖν
426 2910 614 2942 Zachariae
627 2910 638 2951 Η
653 2911 672 2943 2
690 2909 769 2950 εἰσὶ]
787 2910 826 2941 τὲ
842 2909 934 2942 εἰσὶν
947 2911 977 2942 L
996 2910 1007 2953 Η
1026 2912 1047 2943 4
1063 2909 1247 2956 ἐπαρχιῶν

167 2953 188 2997 ἢ
213 2953 366 2995 πόλεων]
400 2955 592 2987 civitatibus
616 2958 674 2986 aut
698 2953 880 2997 provinciis
904 2966 922 2990 ς
946 2957 1001 2997 (cf.
1022 2969 1056 2999 p.
1074 2956 1150 2996 392,
1168 2957 1209 2996 17)
1235 2953 1247 3043 u

170 3004 188 3035 8
214 3000 351 3034 τούτοις
377 3001 420 3032 [3⁰
440 3002 450 3041 Η
478 3002 517 3033 10
542 3002 730 3041 τεχνίταις]
758 2999 885 3032 artibus
910 3002 942 3041 (i.
967 3014 992 3033 e.
1017 3002 1167 3042 τέχναις)
1193 3012 1212 3035 ς

171 3048 208 3079 11
226 3043 517 3088 ἀρτοποιητικιῦν
527 3044 647 3086 ΜΒδΓ]
665 3041 911 3089 ἀρτοποιικῶν
926 3046 1008 3078 LB⁶
1018 3045 1127 3088 Epan.
1144 3046 1156 3087 Η
1174 3047 1246 3086 καὶ]

170 3087 190 3131 ἢ
216 3092 321 3133 Εραη.
342 3094 352 3126 Η
377 3091 416 3123 12
442 3092 512 3131 καὶ]
537 3084 558 3131 ἢ
581 3092 640 3122 καὶ
667 3092 776 3133 Epan.
795 3090 807 3132 Η
824 3087 946 3123 ἄλλαις
970 3092 1053 3123 LB⁰
1066 3092 1175 3133 Epan.
1191 3092 1245 3131 (ς)]

170 3133 286 3168 ἄλλοις
300 3135 389 3167 MB³
407 3134 418 3178 Η
435 3136 574 3175 τέχναις
589 3136 666 3168 ΜΒ
674 3136 782 3178 Epan.
798 3138 827 3176 ς]
849 3138 1025 3176 τεχνίταις
1039 3136 1125 3177 L(‘?)‚
1137 3137 1222 3179 vulq.
1237 3135 1247 3180 Η

171 3178 279 3222 ἢκαὶ]
303 3176 324 3221 ἢ
347 3193 403 3212 om.
419 3180 467 3212 Bx
482 3181 601 3223 Epan.,
624 3182 683 3212 καὶ
708 3194 765 3213 om.
781 3192 800 3216 ς
818 3180 829 3223 Η
858 3182 896 3213 13
913 3182 953 3212 ἐν
966 3179 1020 3213 αἷς
1032 3201 1075 3204 -
1091 3183 1130 3215 16
1145 3181 1246 3226 ἐργα-

170 3228 263 3258 σίαις
289 3227 336 3258 bis
359 3238 420 3257 scr.
448 3226 491 3257 ils
514 3225 525 3268 Η
558 3227 598 3259 14
622 3224 678 3266 τὰ]
703 3223 768 3258 τὸν
793 3226 902 3268 Epon.
925 3238 943 3261 ς
971 3225 983 3264 Η
1017 3228 1057 3260 15
1082 3225 1130 3271 μή
1155 3237 1247 3259 τινες

170 3272 281 3313 Epan.
309 3269 320 3314 Η
348 3271 386 3304 16
412 3270 576 3314 ἐργασίας
600 3271 628 3302 L
655 3271 666 3311 Η
695 3272 734 3304 18
747 3283 793 3313 sq.
821 3266 946 3303 αὐτοὺς
968 3270 1017 3313 μὴ
1041 3271 1102 3313 τῆς
1125 3267 1247 3316 ἀργίας

171 3317 220 3349 B⁸
230 3329 257 3349 v.
272 3317 290 3347 l.
304 3314 315 3359 Η
331 3317 369 3349 19
387 3312 416 3347 ὦ
424 3313 556 3357 θούσης
566 3316 614 3348 B⁸
631 3315 643 3358 Η
663 3317 704 3349 20
718 3311 914 3360 ἁρπάσοιεν
926 3317 1034 3358 Epan.
1053 3316 1064 3359 Η
1084 3318 1124 3350 22
1138 3315 1246 3358 πολιᾷ

171 3363 302 3407 βαρεῖς]
328 3358 429 3393 πόλει
453 3356 596 3406 ἀβαρεῖς
610 3360 675 3404 ΜΗ
704 3362 744 3394 23
770 3357 910 3405 ἀγαθῆς
926 3362 1000 3402 Me]
1026 3359 1166 3406 ἀγαθῆς
1188 3364 1246 3394 καὶ

171 3403 356 3449 βασιλίδος
366 3406 433 3438 LB
452 3403 718 3451 φιλανθρώπου
728 3406 836 3448 Epan.
846 3405 858 3450 Η
873 3407 914 3439 24
929 3402 1246 3452 ἀποτρεφομένους]

172 3451 401 3484 adscribendos
416 3452 446 3491 (i.
464 3464 488 3484 e.
504 3448 830 3496 ἀπογραφομένους)
845 3463 863 3487 ς
875 3450 886 3495 Η
906 3452 947 3484 25
962 3454 1032 3492 καὶ]
1050 3454 1156 3485 malim
1170 3453 1247 3486 ἐπεὶ

172 3496 236 3539 (vel
258 3499 317 3529 καὶ
340 3495 420 3542 γὰρ)
437 3495 449 3540 Η
477 3492 720 3543 ἀνερωτῶντα
736 3497 766 3529 L
791 3496 930 3540 ἐρωτᾶν
950 3497 991 3537 (υ.
1007 3498 1026 3529 l.
1045 3495 1144 3541 ὁρᾶν)
1165 3498 1214 3530 B⁸
1237 3496 1248 3542 Η

175 3543 216 3575 30
242 3539 301 3574 ἐπ’
329 3538 434 3584 αὐτῆς
459 3543 567 3584 Εροη.
585 3544 596 3585 Η
623 3542 664 3575 31
690 3543 749 3573 καὶ
774 3554 831 3575 om.
847 3543 897 3575 Bc
914 3542 925 3583 ΙΙ
944 3544 1248 3588 παραγενομένων

174 3586 281 3627 Epan.
300 3586 313 3630 Η
330 3589 371 3622 33
396 3584 632 3631 σπορτούλων
649 3587 810 3627 Μ(.ςοῘιοῖ.
826 3587 886 3628 BS)
901 3589 931 3628 ς]
957 3587 1165 3629 συνηθειῶν
1178 3588 1247 3621 LB

176 3630 309 3675 (Epan.)
326 3631 338 3676 Η
367 3628 389 3675 ἢ
411 3635 482 3674 καὶ]
508 3634 566 3665 καὶ
592 3645 649 3665 om.
665 3632 696 3665 L
713 3632 725 3675 Η
740 3628 879 3673 νόμους]
893 3633 971 3666 Cocl.
988 3634 1018 3674 3,
1033 3640 1059 3674 2,
1075 3640 1156 3676 4sqq.

246 3776 297 3806 111.

1363 2865 1377 2896 1
1405 2862 1491 2895 servi
1515 2862 1704 2904 aliquorum
1730 2863 1922 2904 Heimbaclz]
1956 2864 2093 2896 seruilia
2118 2876 2261 2907 quorum
2286 2866 2365 2900 libri
2385 2866 2397 2912 Η

1315 2907 1461 2940 fueritR
1481 2907 1620 2941 fuerunt
1632 2909 1662 2940 T
1676 2907 1688 2951 Η
1706 2910 1727 2941 4
1744 2909 1834 2940 horti
1854 2910 1881 2940 Γ
1897 2908 1908 2953 Η
1926 2911 1944 2942 5
1962 2912 2041 2942 sunt
2053 2911 2138 2954 vuly.
2158 2910 2170 2954 Η
2189 2912 2208 2944 6
2226 2912 2328 2943 fuerit
2340 2912 2396 2956 ΒΗ

1316 2956 1333 2986 7
1355 2953 1425 2985 uite
1445 2955 1478 2986 in
1495 2966 1562 2986 ras.
1575 2953 1625 2985 R2
1648 2954 1704 2985 ui*
1730 2954 1776 2986 V·
1797 2954 1808 2997 Η
1834 2955 1852 2988 8
1874 2965 1958 2986 onus
1977 2956 2076 2998 vul9.]
2102 2967 2184 2999 opus
2201 2957 2278 2989 libri
2292 2956 2304 2999 Η
2323 2959 2342 2991 9
2364 2960 2396 2990 et

1320 2999 1562 3041 Osenbriiqqen]
1588 3000 1626 3030 ut
1648 2999 1738 3039 libri,
1765 3012 1821 3031 om.
1837 3001 1922 3041 vulq.
1941 2999 1953 3043 Η
1971 3000 2099 3033 artibus
2113 3021 2154 3024 —
2170 3004 2208 3035 17
2224 3005 2396 3044 parcentes

1281 3054 1283 3067 ¹
1316 3043 1404 3076 enim
1428 3056 1490 3076 scr.
1506 3043 1555 3076 R²
1567 3044 1600 3076 in
1618 3057 1683 3076 ras.
1699 3045 1719 3077 4
1732 3057 1877 3077 versuum
1905 3044 1916 3088 Η
1946 3046 2129 3078 artificibus
2153 3048 2239 3090 vulq.
2259 3047 2270 3090 Η
2299 3049 2338 3080 10
2365 3049 2396 3080 et

1317 3103 1373 3122 om.
1391 3090 1423 3121 T
1443 3090 1454 3131 Η
1476 3088 1659 3120 stationum
1683 3102 1740 3122 om.
1754 3090 1786 3121 R,
1813 3088 1824 3132 Η
1852 3092 1888 3123 11
1916 3093 2007 3122 ortos
2026 3091 2058 3123 T
2078 3094 2150 3124 otos
2170 3093 2203 3124 R
2218 3092 2230 3135 Η
2260 3093 2300 3126 12
2325 3095 2394 3133 aut]

1316 3137 1354 3166 ut
1380 3135 1410 3166 R
1426 3133 1438 3177 Η
1465 3135 1505 3168 13
1526 3133 1585 3165 alii
1607 3132 1664 3177 Vll
1688 3137 1720 3166 et
1743 3144 1875 3175 segnem
1898 3134 1945 3167 Τ2
1957 3137 1990 3168 in
2003 3148 2069 3168 ras.
2096 3139 2128 3168 et
2152 3147 2185 3169 se
2208 3138 2368 3177 gerereR
2385 3137 2397 3182 Η

1318 3181 1357 3213 15
1384 3179 1553 3211 obseruari
1566 3179 1599 3211 R
1615 3178 1627 3222 Η
1646 3179 1801 3221 operibus
1826 3180 1958 3221 quidem
1984 3181 2105 3221 quibus
2125 3182 2210 3214 RT¹
2226 3181 2237 3225 Η
2259 3183 2300 3216 16
2322 3183 2393 3224 hos]

1316 3226 1378 3257 hoo
1391 3225 1462 3257 ΒΤ
1481 3224 1492 3267 Η
1517 3224 1636 3257 sectari
1651 3231 1847 3266 corruptum
1875 3226 1934 3269 leq.
1949 3226 2145 3267 segregare?
2171 3229 2212 3270 ej:
2223 3239 2257 3269 p.
2273 3228 2328 3268 37,
2344 3234 2359 3260 6
2384 3226 2396 3271 Η

1319 3272 1357 3304 17
1383 3271 1502 3310 *haoeJ
1527 3270 1612 3301 hanc
1636 3270 1712 3303 libri
1734 3270 1796 3302 hoc
1817 3271 1902 3314 vuly.
1923 3271 1934 3310 ΙΙ
1963 3272 2002 3305 18
2019 3274 2109 3304 actos
2130 3272 2183 3314 Vll
2203 3272 2395 3314 impellente

1316 3316 1413 3358 vuly]
1439 3314 1638 3358 inpellentes
1664 3314 1696 3347 T
1719 3314 1893 3356 implentes
1918 3315 2015 3359 RVH
2041 3317 2203 3358 erripiant
2225 3317 2272 3349 V¹
2306 3317 2394 3350 abri-

1315 3362 1411 3403 piant
1435 3361 1558 3404 Tvulq.
1576 3364 1587 3402 Η
1610 3361 1649 3393 19
1670 3370 1768 3402 penes
1790 3360 1839 3392 V¹
1856 3359 1868 3404 Η
1896 3362 1937 3394 20
1963 3365 2020 3393 aut
2038 3361 2154 3403 laesas]
2180 3363 2238 3394 aut
2262 3374 2319 3395 om.
2333 3363 2367 3396 R
2385 3362 2396 3406 Η

1317 3407 1378 3438 hoc
1402 3404 1492 3438 RT2
1516 3406 1527 3448 ΙΙ
1558 3407 1595 3438 21
1622 3416 1689 3437 esse
1714 3418 1771 3437 om.
1802 3405 1832 3437 V
1855 3406 1865 3447 Η
1894 3406 1952 3446 *a]
1986 3408 2044 3438 aut
2070 3408 2147 3440 libri
2172 3406 2184 3449 Η
2212 3407 2254 3440 22
2279 3408 2394 3440 asscri-

1316 3451 1470 3484 bentibus
1497 3450 1547 3483 T¹
1573 3450 1584 3494 Η
1612 3451 1652 3483 23
1679 3452 1756 3491 qua]
1783 3460 1866 3491 quae
1889 3451 1934 3483 V¹
1961 3452 2040 3492 quia
2054 3452 2105 3484 Τ1
2131 3451 2143 3494 Η
2169 3452 2326 3485 uenerint
2346 3453 2395 3486 T²

1315 3498 1400 3540 vuly.
1418 3497 1429 3538 Η
1450 3497 1492 3529 24
1516 3496 1594 3528 hinc
1617 3496 1670 3537 ῘῙΗ
1698 3497 1739 3529 25
1763 3497 1907 3536 agentes]
1933 3497 1974 3528 ad
1994 3499 2109 3538 gentes
2133 3496 2183 3529 V¹
2201 3496 2212 3540 Η
2229 3499 2393 3541 proprias]

1314 3541 1499 3584 prouintias
1527 3541 1573 3573 [3¹
1603 3540 1614 3583 Η
1644 3542 1686 3574 30
1716 3541 1829 3582 aliqua
1863 3541 1912 3573 V¹
1942 3540 1954 3584 Η
1985 3543 2044 3574 aut
2067 3541 2115 3582 iu]
2153 3546 2212 3574 aut
2236 3555 2293 3576 om.
2327 3545 2355 3575 V
2386 3547 2397 3586 Η

1316 3589 1355 3620 31
1375 3586 1481 3627 aliqui
1503 3585 1606 3619 R²V¹
1622 3586 1633 3627 Η
1661 3587 1702 3620 32
1722 3587 1781 3629 leq.
1797 3586 1935 3618 earum?
1954 3587 1966 3628 Η
1990 3588 2031 3620 33
2051 3587 2108 3628 qui
2130 3587 2180 3620 V²
2197 3587 2209 3631 Η
2227 3588 2394 3629 sportulae

1323 3632 1374 3665 V³
1386 3633 1483 3674 vul9.]
1509 3630 1658 3673 sportula
1673 3630 1763 3663 RV¹
1779 3632 1830 3673 ΤΗ
1851 3642 1889 3663 ex
1907 3632 1968 3663 hoc
1984 3633 2085 3676 vulq]
2113 3634 2146 3665 et
2162 3632 2224 3666 hoc
2241 3634 2316 3674 (del.
2331 3634 2392 3676 R2,

1315 3678 1377 3709 hoc
1402 3678 1462 3709 del.
1486 3677 1547 3715 17²)
1573 3677 1678 3709 RVT
1696 3676 1708 3720 Η
1732 3677 1774 3709 34
1799 3677 1999 3718 eos—394,
2013 3685 2045 3711 10
2071 3679 2111 3711 de
2137 3677 2183 3710 eis
2208 3678 2301 3720 refer!
2330 3692 2392 3712 scr.

1318 3722 1365 3755 &²
1377 3724 1409 3756 in
1423 3735 1488 3755 ras.
1504 3722 1522 3756 8
1537 3734 1680 3755 versuum
1698 3721 1710 3765 Η
1733 3722 1888 3764 praeuari
1909 3722 1961 3755 V¹

2081 3780 2124 3813 50
