2586 3990
149 126 208 159 ET
234 125 326 159 1)Εο
353 125 627 160 AMABILIBUS

1227 113 1305 162 601

1928 120 2037 165 Nov.
2070 120 2252 165 CXXIII
2283 125 2306 165 7
2310 126 2391 166 —9

1147 227 1305 265 CAPUT
1329 227 1410 265 VII.

194 287 324 328 Οὗδενὶ
348 290 389 328 δὲ
410 293 488 328 τῶν
508 288 702 338 ἀρχόντων
725 295 868 338 ἐξέσται
889 296 972 332 τοὺς
996 294 1236 344 θεοφιλεστά-

146 348 229 373 τους
257 336 474 374 ἐπισκόπους
497 334 717 385 ἀναγκάζειν
748 342 796 376 εἰς
818 340 1050 388 δικαστήριον
1079 353 1235 388 παραγε-

146 382 283 418 νέσθαι
312 379 404 429 ὑπὲρ
434 383 500 418 τοῦ
524 387 645 429 νεῖμαι
672 391 887 434 μαρτυρίαν,
912 384 993 422 ἀλλ’
1020 384 1040 421 ὁ
1067 384 1236 430 δικαστὴς

146 430 322 472 πεμπέτω
345 426 437 473 πρὸς
459 424 589 464 αὐτούς
620 442 722 465 τινας
753 433 792 467 ἐκ
821 434 899 467 τῶν
923 431 1130 478 προςιόπων
1157 433 1236 467 τῶν

145 468 446 518 ὑπηρετουμένων
479 471 591 517 αὐτῷ,
630 475 692 509 ἵνα
726 480 975 523 προκειμένων
1010 479 1088 512 τῶν
1119 473 1235 524 ἁγίων

145 513 365 572 εὐαγγελίων
399 516 494 553 κατὰ
525 520 568 554 τὸ
601 524 744 566 πρέπον
768 522 924 568 ἱερεῦσιν
955 522 1109 558 εἴπωσιν
1141 519 1236 567 ἅπερ

144 574 395 608 γινωσκουσιν.
1209 574 1212 579 ’

1356 295 1454 332 Nulli
1478 306 1560 332 vero
1585 296 1743 333 iudicum
1767 296 1890 333 licebit
1913 298 1979 335 deo
2004 299 2177 335 amabiles
2200 300 2392 345 episcopos

1305 350 1432 385 cogere
1457 342 1504 378 ad
1527 342 1698 378 iudicium
1721 343 1840 379 venire
1863 354 1929 388 pro
1950 344 2151 380 exhibendo
2174 345 2390 389 testimonio,

1304 387 1368 422 sed
1391 386 1499 422 iudex
1521 388 1641 423 mittat
1664 388 1710 423 ad
1735 397 1816 423 eum
1841 388 2012 432 quosdam
2037 400 2081 424 ex
2099 390 2262 433 personis
2285 389 2389 426 mini·

1304 432 1495 468 strantium
1533 433 1617 476 sibi,
1658 435 1700 468 ut
1729 433 1925 478 propositis
1964 435 2153 480 evangeliis
2193 436 2391 472 secundum

1272 480 1291 512 5
1305 477 1400 522 quod
1423 477 1526 514 decet
1549 478 1756 514 sacerdotes
1778 478 1900 514 dicant
1924 489 2017 525 quae
2039 483 2225 516 noverunt.

1122 632 1282 669 CAPUT
1305 633 1405 670 VIII.

209 680 307 720 Ἀλλ’
333 682 418 720 οὐδὲ
449 683 540 734 ὑπέρ
564 699 662 723 τινος
691 689 910 734 χρηματικῆς
934 685 957 731 ἢ
981 687 1236 734 ἐγκληματικῆς

145 729 260 765 αἰτίας
284 732 484 767 ἐπίσκοπον
508 733 598 778 πρὸς
618 733 778 788 ἄρχοντα
801 733 991 769 πολιτικὸν
1015 731 1036 775 ἢ
1056 745 1234 779 στρατιω-

1373 690 1443 726 Sed
1472 699 1590 734 neque
1620 699 1687 734 pro
1713 688 1870 734 qualibet
1899 688 2108 735 pecuniaria
2137 690 2192 727 vel
2217 691 2390 727 criminali

1305 744 1415 770 causa
1445 735 1654 780 episcopum
1685 734 1732 769 ad
1754 734 1907 769 iudicem
1940 734 2075 770 civilem
2108 739 2172 770 aut
2201 736 2389 771 militarem

143 776 248 810 τικὸν
271 774 410 811 ἄκοντα
434 776 456 821 ἢ
481 776 676 825 διάγεσθαι
700 793 722 823 η
748 778 1005 824 παρίστασθαι
1030 776 1112 820 δίχα
1127 781 1232 833 βασι·
1250 783 1288 814 10
1302 780 1450 816 invitum
1474 780 1674 825 producere
1697 779 1751 815 vel
1767 779 1938 814 exhibere
1962 780 2052 815 citra
2075 780 2293 826 imperialem
2316 781 2388 816 ius-

143 819 242 864 λικῆς
265 820 456 856 κελεύσεως
480 824 744 870 συγχωροῦμεν,
770 822 862 858 ἀλλὰ
886 823 955 858 τὸν
979 821 1138 868 ἄρχοντα
1167 837 1236 857 τον

143 867 252 901 τοῦτο
282 867 354 901 εἴτε
378 868 563 915 ἐγγράφως
594 869 665 903 εἴτε
691 866 863 916 ἀγράφως
887 869 1083 915 προςτάξαι
1106 867 1235 912 τολμή-

143 921 263 946 σαντα
285 913 377 955 μετὰ
408 913 477 956 τὴν
507 915 571 957 τῆς
604 915 719 958 ζώνης
748 911 940 961 ἀφαίρεσιν
959 911 995 947 κ’
1019 917 1162 960 χρυσίου
1182 913 1233 948 λι-

142 958 243 1001 τρῶν
267 957 401 1000 ποινὴν
424 957 644 1013 καταβαλεῖν
660 958 857 1003 Ικελεύομεν
880 960 925 1006 τῇ
951 957 1118 1002 ἐκκλησίᾳ
1148 950 1188 1002 ἧς
1212 954 1231 992 ὁ

1303 826 1439 860 sionem
1474 825 1731 870 permittimus,
1767 824 1830 860 sed
1860 825 2029 868 iudicem,
2063 826 2124 870 qui
2153 827 2226 861 tale
2256 826 2386 871 aliquid

1304 871 1378 905 sive
1409 881 1454 906 ex
1484 871 1618 915 scripto
1655 870 1728 906 sive
1759 880 1804 905 ex
1834 880 1906 904 non
1938 870 2072 915 scripto
2108 871 2390 917 praesumpserit

1301 915 1489 960 imperare,
1513 919 1596 962 post
1618 915 1749 960 cinguli
1774 915 2008 960 privationem
2025 916 2095 951 XX
2117 917 2290 952 librarum
2310 918 2389 952 auri

1301 971 1453 1005 poenam
1487 961 1690 1006 persolvere
1720 957 1882 996 iubemus
1914 961 2088 997 ecclesiae
2119 962 2221 997 cuius
2251 961 2388 1007 episco-

143 1002 337 1036 ἐπίσκοπος
370 1000 572 1047 ὃιαχθῆναι
603 1018 624 1047 η
656 1007 889 1058 παραστῆναι
921 1002 1148 1059 προςετᾴχέζη
1175 1002 1232 1058 ὃς·
1249 1007 1288 1041 15
1302 1017 1369 1050 pus
1394 1007 1545 1051 produci
1568 1008 1632 1041 aut
1654 1006 1815 1041 exhiberi
1837 1006 1957 1041 iussus
1980 1010 2052 1052 est3
2089 1009 2316 1043 executorem
2341 1007 2389 1043 si-

142 1046 355 1092 θησομένην
401 1051 462 1082 καὶ
485 1049 548 1082 τοῦ
574 1051 793 1094 έκβιβαστοῦ
819 1053 952 1094 ομοίως
974 1062 1066 1094 μετα
1086 1062 1155 1093 την
1170 1060 1233 1093 της

143 1091 258 1135 ζώνης
282 1089 477 1138 ἀφαίρεσιν
500 1097 560 1128 καὶ
582 1094 757 1139 βασάνοις
782 1092 1080 1140 ὑποβαλλομένου
1107 1097 1168 1129 καὶ
1193 1097 1233 1129 ἐν

105 1169 107 1171 .
142 1137 264 1183 ἐξορίᾳ
288 1140 531 1182 πεμπομένου.

1301 1051 1433 1086 militer
1462 1055 1546 1097 post
1579 1052 1711 1096 cinguli
1742 1051 1975 1096 privationem
2007 1055 2043 1088 et
2072 1053 2279 1089 verberibus
2302 1053 2387 1089 sub-

1303 1096 1456 1132 dendum
1481 1100 1516 1132 et
1538 1096 1578 1133 in
1602 1097 1745 1132 exilium
1769 1096 2040 1142 deportandum.

1136 1229 1294 1267 CAPUT
1316 1230 1382 1266 IX.

207 1280 495 1331 Ἀπαγορεύομεν
527 1282 568 1318 δὲ
593 1287 667 1319 τοῖς
691 1284 990 1331 θεοφιλεστάτοις
1021 1287 1231 1322 ἐπισκόποις

141 1327 204 1363 τὰς
237 1329 368 1363 οἰκείας
403 1328 693 1374 καταλιμπάνειν
728 1330 914 1375 ἐκκλησίας
946 1335 1007 1366 καὶ
1041 1330 1090 1366 εἰς
1122 1330 1231 1366 ἄλλας
1244 1334 1285 1367 20

142 1374 313 1420 ἐπαρχίας
347 1376 631 1421 παραγίνεσθαι.
680 1375 711 1409 εἰ
744 1374 784 1410 δὲ
813 1379 874 1410 καὶ
904 1373 1042 1423 ἀνάγκη
1078 1389 1132 1412 τις
1164 1378 1228 1412 τοῦ

140 1420 290 1462 ποιῆσαι
312 1420 422 1454 ’τοῦτο
446 1421 576 1466 συμβῇ,
607 1420 656 1465 μὴ
680 1419 798 1455 ἄλλως
827 1422 859 1455 εἰ
879 1422 929 1466 μὴ
953 1422 1045 1467 μετὰ
1068 1422 1228 1469 γραμμά-

140 1478 218 1499 των
237 1465 301 1499 τοῦ
317 1464 599 1510 μακαριωτάτου
623 1463 749 1500 αὐτῶν
770 1466 995 1513 πατριάρχου
1010 1464 1033 1511 ἢ
1049 1481 1228 1515 μητροπο-

140 1508 240 1544 λίτου
263 1507 285 1554 ἢ
307 1509 402 1563 ugera
422 1509 615 1555 βασιλικὴν
639 1509 774 1554 δηλαδὴ
799 1512 961 1547 κέλευσιν
991 1514 1100 1547 τοῦτο
1125 1513 1227 1556 ποιή-

1354 1286 1604 1322 Interdicimus
1628 1289 1749 1323 autem
1774 1287 1840 1324 deo
1863 1287 2076 1324 amabilibus
2100 1289 2279 1335 episcopis
2303 1299 2387 1335 pro-

1299 1331 1397 1412 grias
1420 1331 1621 1377 relinquere
1645 1333 1817 1368 ecclesias
1842 1336 1878 1369 et
1893 1334 1940 1370 ad
1957 1334 2047 1369 alias
2068 1335 2230 1379 regiones
2254 1335 2386 1370 venire.

1325 1377 1338 1411 i
1360 1387 1444 1412 vero
1468 1378 1664 1414 necessitas
1688 1377 1845 1414 faciendi
1868 1379 1937 1415 hoc
1962 1379 2162 1424 contigerit,
2186 1391 2259 1415 non
2283 1380 2388 1415 aliter

1299 1422 1367 1457 nisi
1400 1432 1480 1458 cum
1512 1423 1641 1459 litteris
1675 1423 1872 1459 beatissimi
1908 1434 2030 1459 eorum
2061 1424 2289 1469 patriarchae
2323 1428 2388 1460 aut

1298 1468 1545 1513 metropolitae
1577 1471 1641 1504 aut
1670 1479 1735 1513 per
1757 1469 1975 1514 imperialem
1999 1469 2165 1505 videlicet
2194 1470 2388 1506 iussionem

1298 1513 1367 1548 hoc
1390 1513 1539 1557 faciant,
1567 1514 1618 1549 ita
1642 1516 1762 1549 tamen
1785 1517 1826 1549 ut
1849 1525 1916 1550 nec
1939 1514 2009 1550 illis
2035 1515 2212 1560 episcopis
2236 1516 2296 1560 qui
2319 1516 2386 1550 sub

141 1567 278 1598 σουσιν,
302 1568 399 1609 ‹3va
415 1558 541 1599 μέντοι
561 1557 623 1591 ἵνα
644 1554 735 1612 μηδὲ
751 1559 897 1592 ἐκείνοις
916 1560 990 1592 τοῖς
1005 1559 1227 1602 ἐπισκόποις,
1243 1561 1284 1594 25
1299 1558 1504 1594 beatissimo
1530 1559 1802 1604 archiepiscopo
1830 1560 2189 1612 Constantinopoleos
2217 1565 2253 1596 et
2276 1560 2386 1606 patri-

140 1601 269 1635 οἴτινες
299 1600 372 1635 υπὸ
399 1600 468 1634 τὸν
497 1614 778 1647 μακαριωτάτον
808 1599 1092 1648 ἀρχιεπίσκοπον
1123 1606 1228 1638 Κων-

141 1643 476 1680 σταντινουπόλεως
491 1649 552 1680 καὶ
568 1646 795 1692 πατριάρχην
811 1649 912 1691 εἰσίν,
939 1649 1030 1692 ἐξείη
1053 1647 1136 1691 δίχα
1152 1651 1226 1684 ἐπι-

139 1690 275 1736 τροπῆς
300 1687 412 1724 αὐτοῠ
435 1689 458 1735 ἢ
481 1689 653 1737 ἡμετέρας
676 1690 868 1727 κελεύσεως
892 1694 940 1728 εἰς
963 1694 1032 1738 τὴν
1054 1693 1229 1739 βασιλίδα

139 1735 250 1771 πόλιν
275 1734 408 1770 ἐλθεῖν.
456 1734 544 1770 εἰδὲ
560 1741 618 1770 καὶ
635 1737 726 1771 κατὰ
749 1740 881 1772 τοῦτον
903 1739 972 1773 τὸν
989 1738 1128 1785 τρόπον
1152 1742 1226 1774 ἐπί-

1298 1604 1408 1639 archa
1445 1603 1582 1639 fuerint
1615 1604 1723 1640 liceat
1764 1605 1856 1640 citra
1895 1606 2163 1650 permissionem
2203 1605 2281 1641 eius
2323 1608 2388 1641 aut

1298 1651 1444 1684 nostrae
1463 1649 1634 1685 iussionis
1653 1650 1699 1685 ad
1719 1650 1851 1694 regiam
1871 1651 2051 1686 civitatem
2072 1653 2199 1686 venire.
2246 1650 2284 1686 Si
2303 1661 2385 1686 vero

1298 1695 1405 1730 etiam
1435 1695 1632 1731 secundum
1664 1696 1761 1731 hunc
1793 1695 1937 1731 modum
1968 1695 2160 1744 episcopus
2185 1695 2386 1732 cuiuscum-

203 1818 230 1838 ο.
251 1804 323 1838 VII
337 1806 457 1847 paucis
481 1807 609 1839 mutatis
634 1807 1078 1851 habetEpana909e11,12;
1105 1821 1144 1842 ex
1168 1809 1197 1842 S
1219 1809 1333 1852 repetit
1354 1808 1531 1853 Appendix
1544 1809 1786 1844 Nomocanonis
1799 1810 1831 1843 L
1849 1811 1895 1844 tit.
1915 1822 1988 1853 cap.
2007 1810 2082 1843 eccl.
2097 1811 2118 1843 4
2139 1822 2173 1853 p.
2187 1810 2253 1844 662
2272 1809 2385 1853 Ῡοεῖί.,

139 1862 178 1884 ex
202 1850 238 1883 B
262 1852 378 1892 repetit
399 1850 450 1883 B‘
465 1851 567 1892 E37,
581 1858 598 1885 3
619 1864 654 1895 p.
668 1852 734 1886 335
748 1852 852 1886 Zach.
876 1871 922 1878 —
945 1855 1021 1887 Ach.
1045 1865 1199 1887 summam
1223 1861 1370 1898 repetunt
1389 1855 1554 1898 paratitlo
1578 1855 1654 1888 Ath.
1670 1857 1690 1889 5
1707 1859 1761 1895 §1.

206 1907 233 1928 e.
255 1895 347 1929 VIII
363 1897 482 1938 paucis
505 1898 633 1930 mutatis
657 1898 753 1930 habet
770 1898 978 1943 Epanayoqe
1001 1901 1053 1941 11,
1068 1906 1116 1938 133
1143 1912 1182 1933 ex
1205 1899 1235 1932 S
1257 1901 1373 1942 repetit
1394 1900 1573 1944 Appendix
1596 1901 1838 1934 Nomocanonis
1862 1901 1893 1934 L
1920 1901 1966 1935 tit.
1992 1900 2012 1934 l.
2034 1912 2072 1942 c.‚
2107 1913 2144 1934 ex
2168 1900 2205 1933 B
2230 1900 2280 1933 B⁸
2306 1901 2325 1934 l.
2346 1914 2385 1944 c.,

139 1939 319 1974 Νοιηοιε.(11η
336 1941 440 1974 XIV
454 1943 501 1974 tit.
527 1942 560 1983 9,
579 1949 604 1976 1.
629 1960 672 1966 —
698 1942 913 1977 summarium
939 1951 1026 1978 extat
1050 1944 1183 1978 Nomoc.
1208 1944 1311 1978 XIV
1328 1946 1373 1979 tit.
1395 1947 1427 1987 9,
1449 1953 1462 1979 1
1482 1958 1518 1989 p.
1540 1947 1603 1979 541
1634 1946 1744 1988 Ρίτνη,
1778 1947 1852 1979 ΑίΙι.
1878 1958 2031 1979 summam
2055 1953 2204 1989 repetunt
2221 1947 2386 1989 paratitla

138 1985 215 2019 Atk.
231 1987 250 2019 5
266 1990 322 2025 §2-
340 2005 382 2009 —
407 1986 589 2019 Versionem
615 1987 749 2020 latinam
774 2001 842 2022 cum
858 1989 958 2031 Atelli.
978 2002 1116 2033 prorsus
1141 1997 1364 2034 congruentem
1389 1992 1515 2025 eaehibet
1534 1990 1714 2035 Greqorius
1734 1992 1878 2035 Maqnus
1902 1993 1936 2025 in
1961 1991 2101 2035 epistula
2125 2003 2156 2025 α.
2171 1992 2236 2025 603
2261 1993 2385 2035 scripta

139 2031 248 2074 Epist.
267 2032 320 2073 13,
334 2038 369 2064 45
394 2031 496 2074 (Opp.
510 2032 555 2064 II
570 2044 604 2074 p.
625 2033 710 2066 1252
728 2034 777 2065 ed.
793 2034 932 2076 Bened„
957 2036 1143 2068 accuratius
1167 2037 1255 2068 edita
1280 2048 1301 2068 a
1326 2036 1445 2070 Baudi
1467 2038 1503 2070 di
1522 2036 1633 2070 Vesme
1653 2036 1727 2070 Atti
1749 2037 1838 2070 della
1862 2037 1906 2070 R.
1921 2036 2119 2070 Accademia
2143 2037 2227 2070 delle
2251 2037 2385 2071 Scienze

140 2077 176 2110 di
197 2076 318 2109 Torino
340 2075 372 2110 V
391 2076 596 2116 [1869—70]
617 2089 652 2119 p.
669 2078 756 2119 250).

207 2134 233 2154 c.
247 2121 307 2154 IX
328 2133 384 2154 om.
401 2121 438 2161 S,
459 2123 577 2164 paucis
593 2124 722 2155 mutatis
739 2123 836 2155 habet
847 2122 1054 2167 Epanayoye
1066 2125 1098 2166 9,
1114 2129 1148 2162 43
1175 2137 1213 2157 ex
1226 2124 1263 2157 B
1279 2125 1394 2167 repetit
1406 2124 1560 2158 Nomoc.‘¹
1575 2122 1731 2160 XIVtit.
1748 2126 1779 2166 8,
1792 2133 1820 2168 2,
1842 2127 1985 2170 priorem
1997 2133 2123 2170 partem
2138 2126 2192 2166 (—
2209 2127 2284 2166 602,
2297 2134 2313 2160 2
2329 2126 2384 2159 ἐκ·

139 2163 301 2209 κλησίαν)
320 2167 368 2199 Β8
383 2168 419 2198 Ε
433 2168 487 2205 37,
501 2174 517 2200 4
532 2179 568 2210 p.
583 2167 648 2200 335
662 2167 764 2200 Zaclz.
787 2185 831 2191 —
856 2168 1072 2202 summarium
1089 2176 1176 2202 extat
1197 2169 1329 2202 Nomoc.
1344 2170 1495 2203 XIVtit.
1515 2171 1544 2209 8,
1560 2177 1589 2212 2,
1613 2182 1643 2202 υ.
1655 2178 1744 2204 29-
1755 2172 1832 2213 602,
1843 2179 1859 2205 2
1880 2179 2098 2215 arqumentum
2115 2167 2207 2205 Ῥοπ.
2225 2173 2278 2214 24,
2291 2180 2338 2205 42.

463 2231 2385 2243 ῂ-Ὴ--ῄ-ᾙἨ

274 2254 353 2291 VII.
402 2255 506 2290 Nulli
527 2267 610 2291 vero
634 2256 870 2301 maqistratui
892 2255 1011 2292 licebit
1033 2257 1101 2292 deo
1125 2257 1333 2293 carissimos
1356 2258 1548 2304 episcopos
1580 2269 1712 2305 coqere
1743 2260 1781 2295 in
1805 2259 1978 2296 iudicium
2009 2260 2131 2296 venire
2153 2260 2203 2296 ad
2226 2261 2383 2297 testimo-

138 2301 238 2336 nium
262 2300 470 2342 dicendum,
502 2300 567 2336 sed
596 2300 710 2336 iudese
741 2300 790 2335 ad
820 2311 882 2336 eos
912 2301 1034 2337 mittat
1065 2302 1211 2348 aliquos
1241 2313 1291 2338 ex
1306 2303 1481 2349 personis
1512 2303 1587 2350 ipsi
1613 2304 1920 2347 ministrantibus,
1952 2309 1994 2341 ut
2012 2305 2216 2352 propositis
2245 2307 2384 2342 sanctis

138 2346 346 2393 evanqeliis‚
371 2345 671 2391 quemadmodum
694 2345 901 2381 sacerdotes
924 2346 1036 2389 decet,
1060 2347 1186 2382 dicant
1209 2359 1303 2394 quae
1325 2348 1455 2384 sciant.

274 2390 373 2426 VIII.
422 2392 470 2426 At
497 2402 541 2426 ne
572 2395 727 2443 propter
757 2401 904 2426 causam
934 2391 1078 2437 quidem
1100 2393 1355 2439 pecuniariam
1387 2393 1442 2429 vel
1465 2393 1688 2430 criminalem
1720 2395 1832 2430 ullam
1856 2395 2066 2441 episcopum
2089 2395 2239 2431 invitum
2262 2396 2312 2432 ad
2334 2397 2382 2432 ci-

139 2436 241 2473 vilem
265 2436 323 2472 vel
343 2435 532 2471 militarem
558 2439 812 2481 maqzstratum
835 2440 900 2471 aut
917 2436 1081 2483 produci
1103 2442 1169 2473 aut
1191 2437 1271 2473 sisti
1293 2438 1371 2473 sine
1386 2439 1568 2485 imperiali
1591 2440 1751 2476 iussione
1770 2440 2025 2486 permittimus,
2049 2440 2115 2476 sed
2128 2441 2383 2487 maqistratum

139 2482 203 2527 qui
226 2481 295 2517 hoc
318 2482 391 2517 sive
413 2482 552 2527 scripto
577 2482 650 2517 sive
673 2481 750 2516 sine
772 2481 910 2527 scripto
929 2482 1147 2529 praecipere
1171 2493 1283 2518 ausus
1306 2483 1365 2525 sit,
1393 2483 1540 2530 cingulo
1558 2486 1747 2530 privatum
1771 2486 1902 2532 viqinti
1924 2485 2098 2521 librarum
2120 2487 2206 2522 auri
2219 2497 2383 2532 poenam

138 2526 277 2562 solvere
300 2526 460 2561 iubemus
483 2526 654 2561 ecclesiae
670 2526 935 2572 praestandam
959 2527 1063 2579 cuius
1083 2528 1276 2574 episcopus
1294 2528 1452 2574 produci
1476 2529 1533 2565 vel
1549 2530 1629 2566 sisti
1648 2531 1768 2566 iussus
1785 2534 1858 2566 est:
1879 2534 1919 2566 ut
1934 2530 2101 2566 similiter
2116 2531 2191 2567 litis
2206 2537 2383 2567 executor

138 2572 290 2650 cinqulci

338 2571 477 2607 rivatus
500 2576 534 2606 et
559 2571 746 2607 tormentis
767 2571 969 2607 subiciatur
992 2577 1025 2607 et
1049 2583 1086 2607 in
1110 2573 1261 2608 exilium
1285 2574 1459 2609 mittatur.

393 2615 564 2652 Vetamus
594 2620 713 2652 autem
745 2615 812 2652 deo
837 2616 1044 2652 carissimos
1074 2618 1267 2671 episcopos
1294 2619 1472 2665 proprias
1495 2619 1667 2655 ecclesias
1699 2619 1905 2666 relinquere
1938 2623 1973 2656 et
1994 2620 2032 2656 in
2056 2620 2150 2656 alias
2170 2622 2382 2668 provincias

138 2661 270 2698 venire.
318 2659 360 2696 Si
384 2671 478 2706 quae
500 2672 585 2697 vero
608 2662 802 2697 necessitas
832 2660 874 2696 id
893 2661 1058 2707 faciendi
1080 2662 1265 2706 inciderit,
1298 2674 1373 2700 non
1397 2664 1505 2700 aliter
1537 2665 1608 2700 nisi
1632 2675 1712 2700 cum
1737 2665 1866 2701 litteris
1890 2666 2086 2702 beatissimi
2109 2677 2234 2701 eorum
2258 2668 2381 2713 patri-

138 2706 273 2742 arcnae
296 2706 352 2742 vel
373 2707 647 2787 metropolitani
675 2712 739 2741 aut
754 2717 829 2753 per
850 2706 1071 2759 imperialem
1096 2708 1264 2743 nimirum
1287 2709 1482 2745 iussionem
1507 2709 1575 2746 boc
1596 2710 1750 2756 facient,
1787 2711 1840 2746 ita
1865 2714 1983 2747 tamen
2007 2715 2048 2747 ut
2071 2722 2117 2746 ne
2139 2711 2215 2747 illis
2237 2712 2382 2757 quidem

137 2751 318 2804 episcopis
348 2752 412 2804 qui
444 2762 486 2786 su

546 2752 749 2788 beatissimo
785 2750 1008 2798 archiepisco
1038 2763 1059 2788 o
1094 2751 1423 2801 Constantinopolis
1459 2757 1495 2790 et
1519 2755 1740 2802 patriarcha
1770 2759 1857 2792 sunt
1889 2757 2176 2810 sine-permissu
2208 2758 2286 2793 eius
2316 2762 2383 2793 aut

137 2800 266 2832 nostra
288 2807 448 2832 iussione
478 2796 516 2832 in
541 2797 679 2843 reqiam
703 2796 825 2832 urbem
857 2797 978 2833 venire
1016 2798 1119 2834 iceat.
1166 2797 1304 2842 Quodsi
1334 2800 1442 2835 etiam
1474 2799 1544 2836 hoo
1573 2800 1681 2836 modo
1706 2801 1900 2848 episcopus
1922 2812 2177 2848 cuiuscumque
2201 2802 2272 2838 loci
2289 2813 2381 2849 pro-

197 2889 213 2921 1
240 2885 373 2926 ἐξέστω
400 2887 532 2920 Nomoc.
548 2888 579 2920 L
594 2889 640 2921 tit.
666 2886 786 2927 ἔξεστι
811 2888 861 2920 Be
877 2887 889 2931 ΙΙ
909 2889 928 2921 2
953 2887 1225 2933 παραγίνεσθαι

137 2932 204 2965 SB
223 2930 236 2975 ΙΙ
258 2933 277 2966 3
302 2928 393 2975 ὑπὲρ
417 2932 493 2972 τοῦ]
519 2932 579 2965 ἐπὶ
603 2932 657 2965 τῶ
683 2934 713 2965 L
731 2932 743 2975 ΙΙ
761 2931 854 2965 εἶναι
878 2933 980 2966 Sul.
999 2932 1011 2976 ΙΙ
1037 2934 1059 2967 4
1084 2929 1223 2976 αὐτούς]

139 2986 214 3008 eum
238 2987 257 3011 ς
287 2974 299 3019 ΙΙ
330 2978 349 3009 5
374 2975 713 3020 ἐξυπηρετουμένων
737 2978 765 3010 S
794 2977 806 3020 ΙΙ
833 2974 952 3022 ἁγίων
984 2989 1039 3010 om.
1066 2989 1085 3014 ς
1113 2978 1126 3023 ΙΙ
1155 2980 1175 3013 6
1199 2977 1226 3012 (ἲ

138 3022 249 3064 Epan.
273 3020 285 3064 ΙΙ
313 3022 353 3054 10
376 3018 398 3062 ἢ
419 3017 627 3066 διάγεσθαι]
653 3019 675 3063 ἢ
700 3034 758 3055 om.
776 3034 795 3057 ς
820 3022 833 3065 ΙΙ
859 3024 901 3056 12
925 3022 1046 3063 τοῦτο]
1071 3023 1139 3057 tale
1161 3024 1224 3057 ali-

138 3065 220 3108 quid
241 3077 271 3107 ς,
295 3065 405 3099 τοῦτο
424 3074 501 3119 post
521 3063 543 3097 ά
569 3066 693 3111 ράφως
713 3067 784 3100 coll.
799 3067 910 3108 Epan.
929 3067 942 3110 ΙΙ
960 3069 1001 3101 13
1022 3064 1223 3114 ἀφαίρεσιν]

137 3113 197 3144 καὶ
220 3108 392 3153 βασάνοις
415 3113 537 3153 υποβα
561 3110 710 3154 λομένου
735 3113 812 3145 add.
826 3112 878 3144 La
896 3112 908 3154 ΙΙ
931 3109 961 3144 κ’
988 3110 1122 3158 λιτρῶν
1144 3127 1224 3160 χρυ-

137 3158 215 3188 σίου
230 3155 421 3196 Nomocflm,
442 3159 586 3200 χρυσίου
599 3169 656 3189 om.
670 3157 702 3189 L
721 3155 734 3200 ΙΙ
752 3158 794 3191 14
806 3155 1048 3200 καταβαλλεῖν
1061 3159 1092 3191 L
1115 3171 1223 3193 κατα-

137 3197 284 3244 βάλλειν
309 3202 418 3243 Epan.
447 3201 459 3244 ΙΙ
488 3199 688 3244 κελεύομεν]
723 3204 868 3245 χρυσίου
892 3203 924 3235 L
951 3202 963 3246 ΙΙ
999 3204 1038 3236 15
1063 3199 1224 3247 ἀχθῆναι

139 3245 248 3288 Εραη.
267 3244 280 3288 ΙΙ
297 3241 552 3288 δοθησομένην
564 3248 624 3278 καὶ
641 3259 698 3279 om.
710 3258 739 3286 ς,
762 3242 1068 3290 ὃοθησομένην-
1079 3250 1122 3283 18
1136 3261 1223 3288 πεμ-

138 3290 296 3375 ῗὲμῖἴῑῖἵ
313 3303 371 3368 ἴέἓ
379 3291 477 3377 ‘iffi'
482 3289 1224 3380 ’101ΞῖΞῖῗλῘξσῖἷεῗῗηῖαῗῆἶέῗοῖἶῖοἷῃὶᾞ

137 3380 247 3423 Epan.
263 3392 282 3416 ς
299 3379 311 3416 ΙΙ
328 3379 393 3412 τοῦ
409 3399 454 3405 -
470 3381 602 3427 συμβῇ]
627 3349 736 3414 Tagro
761 3381 879 3427 συμβῇ
902 3382 1052 3424 ποιῆσαι
1076 3384 1129 3417 ΒΓ
1141 3385 1152 3427 ΙΙ
1180 3386 1223 3418 22

137 3424 169 3458 εἰ
191 3423 253 3468 μὴ]
290 3422 311 3466 ἢ
333 3426 442 3468 Epan.
471 3424 484 3469 ΙΙ
515 3427 558 3459 24
583 3423 718 3468 δηλαδὴ
748 3439 805 3459 om.
826 3427 878 3459 B!
906 3426 919 3469 ΙΙ
945 3427 1149 3470 ποιήσωσιν
1174 3430 1226 3463 B!

137 3472 360 3504 ποιείτωσαν
377 3470 425 3502 B⁸
444 3471 550 3511 Epan.
570 3470 582 3514 ΙΙ
601 3472 643 3505 25
667 3472 832 3516 μέντοιγε
852 3471 963 3515 Epan.
980 3471 992 3516 ΙΙ
1012 3473 1054 3507 26
1078 3474 1220 3507 ἐπίσκο-

137 3524 211 3548 πον
226 3515 336 3558 Epan.
353 3514 366 3555 ΙΙ
386 3516 426 3548 27
448 3513 542 3558 ἐξήει
559 3517 590 3549 L
607 3515 619 3560 ΙΙ
639 3517 680 3549 28
704 3515 762 3556 εἰς]
788 3515 880 3549 κατὰ
893 3518 1003 3559 Epan.
1020 3517 1033 3561 ss
1051 3518 1094 3552 29
1114 3517 1221 3552 εἰσελ-

137 3558 223 3593 θεῖν
247 3559 297 3592 B⁸
319 3559 332 3604 ΙΙ
359 3556 411 3601 δὲ]
434 3560 504 3607 γὰρ
526 3561 636 3604 Epan.
660 3560 672 3605 ΙΙ
698 3563 758 3593 καὶ
783 3574 841 3594 om.
855 3562 1100 3597 LB⁸N0moc.‹²
1120 3564 1131 3608 ΙΙ
1154 3566 1222 3598 τὸν

137 3602 277 3649 τρόπον
299 3604 431 3639 τοῦτον
451 3607 560 3649 Epan.

197 3693 313 3728 lrubr.
338 3694 387 3727 De
404 3694 566 3737 episcopis
589 3695 625 3727 in
644 3694 806 3728 iudicium
829 3696 1014 3729 testimonii
1037 3707 1136 3731 causa
1160 3709 1220 3731 uo-

206 3746 260 3778 111.

1293 2889 1376 2922 catis
1405 2890 1477 2923 Tin
1490 2903 1592 2934 mar-9.
1608 2892 1660 2932 (ez
1672 2891 1750 2933 Iul.)
1769 2890 1782 2935 ΙΙ
1805 2892 1972 2925 Nonnulli
1997 2892 2047 2926 R¹
2070 2891 2082 2937 ΙΙ
2109 2892 2268 2925 iuditium
2295 2894 2345 2927 '1⁷¹
2369 2893 2382 2946 {J

1294 2936 1314 2968 2
1335 2934 1494 2967 aduenire
1516 2935 1550 2969 V
1568 2936 1580 2979 ΙΙ
1608 2937 1627 2969 3
1653 2938 1740 2977 eum]
1774 2947 1828 2970 eos
1851 2938 1936 2980 vuly.
1963 2937 1975 2981 ΙΙ
2005 2937 2175 2979 quosdam]
2201 2948 2284 2980 quos
2308 2939 2381 2972 dan

1292 2979 1404 3012 R¹T¹
1421 2979 1432 3024 ΙΙ
1452 2979 1721 3014 ministrantibus
1747 2982 1790 3014 al.
1808 2981 1820 3026 ΙΙ
1844 2984 1866 3016 4
1890 2982 2008 3024 positis
2037 2983 2066 3015 R
2083 2982 2095 3026 ΙΙ
2113 2983 2296 3024 euangeliis
2319 2994 2376 3016 su

1302 3024 1352 3058 V¹
1385 3025 1568 3066 euangeliis
1591 3026 1715 3058 sanctis
1737 3027 1920 3060 secundum
1952 3027 2013 3069 V2,
2049 3027 2172 3060 sanctis
2197 3029 2379 3070 evangeliis

1291 3070 1473 3102 secundum
1488 3071 1574 3113 vulq.
1592 3070 1604 3113 ΙΙ
1623 3073 1642 3104 5
1663 3071 1763 3112 quod]
1784 3083 1844 3113 pro
1865 3072 1953 3113 quod
1969 3072 2002 3105 R
2018 3071 2030 3116 ΙΙ
2050 3073 2167 3106 8rubr.
2188 3073 2237 3104 De
2253 3073 2378 3115 episco-

1291 3115 1343 3156 pis
1368 3115 1404 3146 in
1420 3114 1584 3147 iudicium
1601 3116 1669 3147 non
1687 3116 1846 3148 uocandis
1867 3117 1898 3149 T
1911 3119 1944 3150 in
1961 3130 2064 3159 marq.
2079 3117 2130 3157 (ex
2141 3117 2221 3158 Iul.)
2237 3116 2249 3161 ss
2269 3118 2378 3159 quali-

1292 3169 1433 3200 cumque
1456 3160 1592 3202 G'reqor.
1612 3160 1623 3202 ΙΙ
1639 3159 1695 3193 uel
1719 3160 1886 3193 criminali
1907 3171 2005 3193 causa
2025 3161 2178 3204 VGre9.]
2203 3172 2302 3195 causa
2322 3163 2378 3196 uel

1291 3203 1461 3237 criminali
1487 3204 1650 3248 RTvulq.
1670 3205 1682 3246 ΙΙ
1706 3207 1726 3239 9
1750 3205 1951 3248 episcopum]
1976 3206 2085 3248 ipsum
2110 3206 2159 3244 R;
2185 3206 2378 3250 episcopum

1287 3256 1363 3293 post
1374 3250 1522 3281 inuitum
1535 3250 1604 3292 (10)
1618 3250 1688 3283 coll.
1702 3250 1801 3294 G'req.
1815 3249 1827 3296 ΙΙ
1842 3253 1913 3292 aut]
1927 3251 1982 3283 uel
1999 3251 2031 3284 T
2043 3250 2055 3295 ΙΙ
2075 3252 2116 3284 10
2130 3251 2290 3284 inuitium
2302 3253 2352 3286 R¹
2364 3253 2377 3299 ΙΙ

1292 3293 1376 3326 citra
1393 3296 1461 3335 cea]
1490 3294 1552 3338 ltra
1568 3313 1611 3319 —
1628 3295 1671 3328 22
1688 3296 1875 3336 patriarche
1893 3298 1952 3328 aut
1975 3308 2037 3329 ser.
2058 3296 2107 3328 122
2125 3297 2158 3329 in
2175 3309 2242 3330 ras.
2257 3298 2278 3331 6
2291 3310 2339 3331 υυ.
2364 3301 2376 3342 l}

1294 3341 1330 3373 11
1354 3339 1564 3381 permisimus
1587 3339 1663 3381 R(·2)
1681 3339 1693 3382 ΙΙ
1717 3340 1818 3373 talem
1844 3341 1876 3374 Τ
1883 3341 1893 3361 ¹
1919 3340 1931 3385 ΙΙ
1958 3341 2000 3374 13
2024 3341 2186 3383 imperare
2209 3344 2284 3384 post
2304 3343 2375 3376 cin-

1289 3384 1363 3426 guli
1393 3384 1441 3416 T2
1459 3385 1492 3417 in
1509 3396 1575 3417 ras.
1595 3382 1607 3426 ΙΙ
1623 3384 1699 3417 auri
1722 3384 1885 3418 librarum
1906 3385 1964 3430 Vl}
1983 3388 2023 3420 15
2042 3386 2197 3429 producti
2220 3387 2252 3420 T
2259 3387 2270 3407 ¹
2286 3387 2297 3431 ΙΙ
2316 3390 2376 3422 aut

1291 3428 1440 3462 exhiberi
1463 3441 1521 3461 om.
1545 3428 1602 3472 Vl!
1621 3430 1660 3463 17
1685 3429 1792 3462 exiliis
1818 3430 1874 3473 ΤΙΙ
1899 3430 2125 3473 deputandum
2147 3430 2202 3476 Vn
2231 3433 2272 3466 19
2287 3435 2375 3467 rubr.

1289 3474 1339 3506 De
1363 3474 1592 3516 episcoporum
1616 3474 1824 3517 profectione
1850 3476 1923 3509 Tin
1936 3488 2038 3519 mary.
2056 3476 2108 3517 (ex
2121 3476 2199 3517 Iul.)
2223 3476 2236 3520 ΙΙ
2264 3479 2376 3511 autem

1290 3531 1349 3552 om.
1373 3519 1406 3551 V
1422 3518 1434 3562 ΙΙ
1462 3520 1502 3552 21
1529 3518 1592 3550 hoc
1613 3520 1794 3561 contigerit
1817 3521 1915 3563 vulo]
1941 3520 2143 3562 contingerit
2165 3522 2228 3554 hoc
2246 3523 2279 3555 T
2295 3533 2375 3555 con·-

1290 3563 1408 3604 tigerit
1434 3563 1508 3596 RV
1524 3563 1536 3606 ΙΙ
1562 3564 1604 3597 22
1627 3563 1814 3598 beatissimi
1837 3576 1953 3598 eorum
1977 3566 2083 3606 Beck]
2109 3565 2375 3600 beatissimorum

1291 3609 1368 3641 libri
1390 3607 1402 3652 ΙΙ
1426 3609 1468 3642 25
1492 3607 1718 3642 beatissimum
1743 3610 2028 3654 archiepiscopum
2051 3610 2098 3643 V¹
2128 3610 2140 3654 ΙΙ
2167 3612 2375 3654 patriarchas

1292 3653 1384 3686 RV¹
1398 3653 1430 3685 T
1444 3653 1455 3696 ΙΙ
1473 3654 1515 3686 26
1533 3653 1635 3686 fuerit
1652 3654 1685 3687 T
1697 3654 1710 3699 ΙΙ
1726 3656 1980 3698 promissionem
1997 3654 2046 3688 Τ1
2059 3654 2072 3699 ΙΙ
2092 3657 2135 3689 28
2157 3657 2256 3690 etiam
2269 3657 2373 3699 R2V]

1290 3698 1371 3730 haec
1394 3698 1440 3739 (et
1460 3698 1525 3740 Ra)
1549 3700 1582 3731 et
1602 3698 1694 3733 R¹T

2004 3739 2101 3792 ”76
