2618 4010
177 149 306 182 DOTIS
334 148 499 182 PRIMAE
528 149 586 179 ΕΤ
616 148 851 181 SECUNDAE

178 252 323 295 προῖκα,
355 252 414 283 καὶ
438 245 478 283 οὐ
504 245 644 282 δίκαιόν
669 249 762 289 ἐστι,
792 249 862 292 τὴν
890 251 957 294 μὲν
983 247 1090 305 αὑτῆς
1113 253 1252 295 προῖκα,

178 294 274 330 διότι
296 295 469 329 τοσοῦτον
493 291 624 340 εὑρέθη
645 293 858 330 καταλιπών
881 294 900 328 ὁ
927 293 1020 341 ἀνὴρ
1044 292 1132 330 ὅσον
1155 293 1254 341 άρκεῖ

177 338 271 386 μόνῃ
295 342 339 387 τῇ
365 338 510 384 δευτέρᾳ
534 343 664 384 προικί,
691 337 803 383 αὐτὴν
820 338 1005 383 ἀπολέσαι,
1030 341 1112 375 τοὺς
1132 339 1171 374 δὲ
1185 341 1253 383 τὴν

179 385 474 426 ἑξαναλωθεῖσαν
506 382 573 428 ἤδη
606 388 735 432 προῖκα
767 384 909 430 λαβεῖν·
951 383 1032 419 ἀλλ’
1067 386 1102 420 οἱ
1131 384 1254 420 παῖδες

177 431 241 465 τὰς
264 428 452 473 ὑποθήκας
484 429 716 475 προΐσχοντο,
748 428 874 476 ὅτιπερ
906 427 996 465 ὅλως
1028 432 1255 478 πραγμάτων

178 474 299 510 ὄντὶυν
314 477 366 518 τῷ
391 473 645 518 τελευτήσαντι
666 475 703 509 αἱ
719 477 781 518 τῆς
797 475 1052 520 τελευτησάσης
1068 475 1255 520 ὑποθῆκαι

178 518 418 566 πρεσβύτεραι
444 521 502 564 τῆς
527 519 689 567 δευτέρας
713 521 791 555 εἰσί.

1246 134 1331 182 455

2022 135 2128 180 Nov.
2161 135 2257 179 XCI
2278 150 2338 191 pr.
2374 139 2393 178 1

1322 259 1421 284 suam
1447 249 1586 294 quidem
1611 248 1744 290 dotem,
1769 248 1865 293 quod
1888 250 2027 283 tantum
2051 248 2214 283 inventus
2238 249 2292 282 est
2315 246 2396 282 reli-

1323 294 1441 339 quisse
1461 295 1513 330 vir
1537 297 1706 339 quantum
1726 293 1910 328 sufficeret
1930 294 1996 329 soli
2017 293 2192 329 secundae
2212 292 2296 331 doti.
2321 302 2398 327 eam

1322 340 1482 384 perdere,
1507 340 1586 375 illos
1607 341 1726 374 autem
1751 349 1942 383 expensam
1966 339 2037 374 iam
2055 339 2172 374 dotem
2194 339 2395 383 percipere;

1324 385 1386 420 sed
1418 385 1480 420 filii
1508 384 1729 430 hypothecas
1761 385 2024 429 proponebant,
2057 384 2222 429 quoniam
2255 383 2396 419 omnino

1291 434 1309 466 5
1324 431 1430 466 rebus
1455 430 1689 466 existentibus
1723 430 1884 464 morienti
1908 430 2128 475 hypothecae
2152 429 2308 465 seniores
2333 438 2396 473 po-

1324 476 1433 512 tiores
1458 486 1564 521 quam
1588 475 1764 512 secundae
1788 479 1917 510 essent.

1189 633 1344 669 CAPUT
1364 633 1391 669 I.

229 697 375 734 Τούτων
392 705 517 735 τοίνυν
534 699 876 747 ἆμφιςβητουμένων
893 704 1004 736 ἐκεῖνο
1020 703 1097 736 τῶν
1113 698 1252 744 ἀνωμο-

176 743 385 798 λογημένςον
416 760 455 780 τε
479 745 546 791 ἤδη
571 752 630 781 καὶ
654 748 1000 792 νενομοθετημένων
1031 744 1120 792 παρ’
1148 744 1254 790 ἡμῶν

1379 700 1443 735 His
1466 699 1574 744 igitur
1603 699 1641 734 in
1665 698 1922 734 dubitationem
1952 697 2174 733 venientibus
2206 697 2292 731 illud
2320 707 2397 732 cer-

1323 747 1398 779 tum
1430 747 1467 779 et
1497 746 1566 779 iam
1595 754 1617 778 a
1648 744 1751 779 nobis
1781 743 1958 779 sancitum
1986 747 2054 786 est,
2093 743 2174 786 quia
2205 742 2235 778 si
2267 742 2399 787 aliquid

177 793 287 831 ἐστίν,
313 803 360 825 ως
383 792 413 846 ρι’
436 795 502 845 μέν
527 806 562 847 τι
587 797 753 839 φαίνοιτο
778 795 815 826 ἐκ
836 806 921 846 ’των
945 791 1168 846 πραγμρὶτων
1192 792 1254 843 τῆς
1269 793 1309 824 10
1322 793 1495 841 appareat
1519 799 1635 823 rerum
1659 788 1788 833 prioris
1813 790 1875 823 aut
1899 788 2077 823 secundae
2101 788 2212 830 dotis,
2245 787 2312 822 hoc
2337 797 2398 822 ne-

177 839 351 881 προτέρας
382 852 402 880 η
431 850 491 880 της
524 836 686 881 δευτέρας
717 849 881 882 προικος,
918 839 1025 871 τοῦτο
1061 849 1198 882 αναγκη
1230 850 1251 878 η

176 881 257 914 τοὺς
282 880 413 916 παῖδας
437 884 497 925 τῆς
521 887 694 931 προτέρας
718 881 739 926 ἢ
764 883 831 926 τὴν
855 880 1024 927 δευτέραν
1049 884 1153 924 ἔχειν,
1179 879 1199 923 ἢ
1223 881 1253 914 εἰ

176 925 393 981 τελευτῄσειε
418 925 575 971 κάκείνη,
600 929 682 962 τοὺς
698 926 829 962 παῖδας
848 926 964 970 αὐτῆς,
989 929 1141 960 ἕκαστον
1165 925 1254 970 πρὸς

178 968 268 1015 ὁπερ
292 986 338 1006 αν
363 974 498 1007 οἰκείως
528 976 622 1016 ἔχειν
651 974 782 1007 ἑαυτὸν
806 970 1043 1012 ἀποδείξειεν·
1087 971 1254 1005 ἐνταῦθα

1324 844 1517 869 cessarium
1550 834 1641 868 filios
1666 834 1794 878 prioris
1819 836 1881 868 aut
1905 833 2083 868 secundae
2107 833 2250 874 habere,
2282 834 2345 866 aut
2368 832 2400 866 si

1322 879 1493 914 moriatur
1526 886 1561 914 et
1592 879 1663 922 illa,
1695 878 1789 913 filios
1822 879 1914 921 eius,
1949 878 2106 921 singulos
2131 877 2225 922 quod
2257 877 2400 922 proprie

1321 924 1522 959 habendum
1559 935 1662 959 suum
1698 924 1935 959 ostenderint:
1972 923 2029 958 hic
2061 923 2154 958 enim
2188 925 2224 957 et
2257 924 2294 956 in
2326 932 2399 957 rem

1323 980 1414 1014 quae
1434 970 1477 1005 de
1496 969 1716 1014 proprietate
1737 973 1792 1004 est
1809 969 1976 1014 compet-it
1992 979 2090 1013 pure,
2113 970 2149 1003 et
2166 977 2399 1012 unumquem-

176 1017 242 1062 γὰρ
263 1020 322 1050 καὶ
343 1016 364 1061 ἦ
389 1018 424 1053 in
443 1029 517 1053 rem
539 1016 560 1061 ἡ
578 1022 659 1063 περὶ
677 1016 885 1052 δεσποτείας
906 1016 1052 1062 ἁρμόζει
1071 1016 1253 1058 καθαρῶς,
1270 1018 1308 1050 15
1323 1025 1391 1059 que
1414 1015 1510 1059 quod
1533 1026 1636 1049 suum
1661 1018 1715 1050 est
1738 1015 1871 1050 habere
1897 1014 1995 1049 nullo
2019 1013 2201 1059 privilegio
2225 1013 2397 1056 indigens.

177 1066 236 1095 καὶ
259 1065 411 1097 ἕκαστον
432 1062 487 1097 δεῖ
508 1064 550 1098 τὸ
570 1065 698 1097 οἰκεῖον
719 1065 811 1104 ehem
830 1061 942 1107 μηδὲν
959 1066 1154 1110 προνομίου
1175 1059 1253 1095 δεό-

176 1120 295 1149 μενον.
344 1109 374 1142 εἰ
399 1107 439 1142 δὲ
461 1106 502 1142 οὐ
535 1113 700 1155 φαίνοιτο
730 1109 807 1143 τῶν
837 1109 1003 1152 ἑκατέρας
1026 1106 1254 1154 πραγμάτων

177 1150 299 1195 οὐδέν,
334 1151 354 1196 ἢ
388 1153 469 1187 τινὰ
500 1157 567 1198 μὲν
599 1157 764 1199 φαίνοιτο
796 1153 880 1187 τινὰ
913 1151 952 1186 δὲ
976 1151 1148 1194 ἐλλείποι,
1183 1152 1254 1185 εἴτε

178 1202 353 1243 περίεισιν
378 1198 416 1232 αἱ
443 1202 603 1245 γυναῖκες
634 1196 825 1253 (ῥεπουδίῳ
857 1198 967 1241 τυχὸν
989 1199 1054 1232 τοῖ’
1079 1200 1253 1244 προτέρου

1323 1060 1360 1094 Si
1390 1070 1473 1095 vero
1498 1060 1584 1095 nihil
1615 1064 1789 1104 appareat
1820 1060 2005 1104 utriusque
2029 1070 2161 1100 rerum,
2194 1061 2258 1093 aut
2280 1059 2400 1103 aliqua

1322 1105 1463 1150 quidem
1488 1107 1687 1150 appareant
1718 1105 1837 1149 aliqua
1859 1115 1942 1140 vero
1968 1104 2099 1146 desint,
2132 1104 2205 1139 sive
2229 1103 2399 1148 supersti-

1322 1155 1376 1185 tes
1401 1150 1473 1186 sint
1496 1151 1674 1193 mulieres,
1707 1150 1854 1195 repudio
1879 1150 2004 1185 forsan
2035 1150 2153 1194 priore
2177 1148 2399 1184 matrimonio

1323 1196 1497 1231 dissoluto
1523 1200 1559 1231 et
1584 1196 1797 1240 competenti
1822 1195 1959 1230 mulieri
1983 1195 2082 1238 dote,
2112 1196 2185 1230 sive
2210 1195 2401 1229 defunctae

176 1241 290 1289 γάμου
308 1242 542 1278 διαλυθέντος
557 1247 615 1278 καὶ
634 1255 833 1297 αρμρσασης
851 1258 894 1290 τῃ
911 1246 1052 1297 γυναικὶ
1072 1244 1134 1286 τῆς
1152 1256 1252 1296 προι-
1267 1243 1308 1275 20
1322 1245 1406 1276 sunt
1428 1241 1510 1276 filiis
1535 1241 1770 1276 existentibus
1793 1242 1919 1276 ambae
1950 1244 2013 1275 aut
2036 1241 2141 1275 etiam
2166 1250 2238 1275 una
2261 1240 2399 1282 harum,

177 1288 248 1330 κὸς)
272 1289 342 1322 εἴτε
369 1286 662 1333 τετελευτήκασιν
683 1292 728 1331 [η]
762 1290 821 1323 ἐπὶ
852 1292 979 1323 παισὶν
1012 1302 1123 1333 αμφω
1147 1302 1167 1331 η
1194 1290 1253 1321 καὶ

175 1337 241 1376 μιά
264 1333 416 1377 τούτων,
442 1336 500 1369 ἐπὶ
525 1338 597 1368 τοῖς
617 1333 816 1368 ἐλλείπουσι
836 1336 1055 1380 κυριωτέραν
1074 1333 1167 1368 εἶναι
1185 1333 1254 1376 τὴν

177 1382 357 1425 προτέραν
369 1383 428 1413 καὶ
445 1380 527 1414 τοὺς
540 1379 577 1420 ἐξ
591 1376 699 1423 αὐτῆς
715 1377 846 1414 παῖδας
862 1382 1110 1425 πρεσβυτέραν
1123 1381 1254 1425 προῖκα

177 1427 486 1479 προτεινομένους·
524 1422 659 1459 ταύτὸν
684 1422 725 1458 δέ
747 1426 846 1459 ἐστιν
869 1425 983 1459 εἰπεῖν
1006 1425 1255 1478 καὶςέγγόνους

1321 1287 1358 1321 in
1383 1287 1437 1321 his
1462 1297 1553 1331 quae
1577 1288 1705 1322 desunt
1729 1286 1947 1331 superiorem
1970 1296 2049 1321 esse
2072 1285 2226 1330 priorem
2250 1288 2286 1320 et
2308 1284 2400 1319 filios

1322 1342 1366 1367 ex
1390 1342 1433 1367 ea
1457 1332 1692 1376 antiquiorem
1718 1332 1836 1367 dotem
1860 1333 2116 1376 proponentes,
2150 1331 2241 1365 idem
2269 1333 2323 1365 est
2347 1329 2399 1364 di-

1323 1387 1404 1413 cere
1435 1382 1582 1422 nepotes
1618 1381 1653 1412 et
1683 1381 1898 1422 pronepotes
1935 1381 1970 1411 et
2000 1376 2167 1420 deinceps
2201 1375 2399 1411 successio-

1322 1434 1419 1465 nem,
1457 1423 1712 1467 cuiuscumque
1746 1427 1895 1457 naturae
1925 1421 2067 1456 fuerint.
2118 1421 2217 1455 Sicut
2247 1422 2339 1455 enim
2371 1419 2402 1455 si

175 1472 234 1502 καὶ
258 1466 475 1525 ἀπεγγονους
503 1474 561 1503 καὶ
593 1470 662 1523 τὴν
692 1470 816 1523 ἐφεξῆς
849 1466 1253 1523 ὃιαὸοχήν,ὀποιαςδή-
1268 1470 1309 1503 25
1323 1468 1392 1503 duo
1429 1469 1549 1504 debita
1583 1469 1727 1513 publica
1763 1467 1936 1510 fuissent,
1975 1467 2177 1502 necessario
2214 1466 2401 1510 antiquum

177 1527 265 1548 ποτε
289 1527 429 1561 φυσεως
451 1515 530 1549 εἶεν.
580 1527 695 1561 ωςπερ
719 1529 788 1561 γαρ
821 1516 852 1549 εἰ
876 1513 940 1549 δύο
965 1513 1119 1558 δημοσια
1144 1512 1252 1560 ὀφλή-

175 1572 271 1602 ματα
307 1563 369 1603 ἡν,
411 1558 547 1606 ἀνάγκη
583 1561 625 1595 τὸ
660 1562 905 1606 πρεσβύτερον
940 1558 1156 1606 κυριώτερον
1188 1561 1253 1594 τοῦ

174 1608 472 1651 μεταγενεστέρου
497 1604 735 1648 καθεστάναι,
760 1603 857 1639 οὕτω
883 1602 1079 1639 κάνταῦθα
1104 1606 1149 1640 τὰ
1167 1617 1254 1650 προ-

175 1647 287 1702 νόμια
321 1647 459 1705 ἀνάγκη
490 1652 535 1697 τῇ
571 1648 699 1697 πρώτῃ
735 1655 854 1697 προικὶ
888 1649 1049 1694 δοθῆναι
1084 1654 1253 1697 προτέρᾳ,

1322 1514 1511 1559 posteriori
1534 1517 1825 1559 praeponeretur,
1857 1513 1908 1548 ita
1932 1515 1967 1547 et
1990 1513 2047 1547 hic
2071 1511 2254 1557 privilegia
2277 1521 2400 1546 neces-

1322 1560 1456 1595 sarium
1488 1562 1543 1595 est
1567 1559 1676 1604 priori
1700 1559 1775 1593 doti
1799 1559 1885 1593 dare
1909 1558 2045 1602 priora,
2078 1561 2114 1592 et
2136 1557 2188 1591 ita
2212 1556 2402 1600 secundae,

1322 1609 1358 1639 et
1393 1604 1512 1640 dotem
1547 1615 1619 1639 non
1654 1614 1875 1649 praeponere
1911 1604 1985 1639 doti
2021 1612 2137 1647 neque
2165 1602 2402 1647 hypothecam

1322 1650 1552 1695 hypothecis,
1586 1649 1647 1684 sed
1673 1651 1767 1694 quod
1791 1649 1971 1694 antiquius
2000 1652 2055 1684 est
2085 1651 2121 1683 et
2143 1651 2302 1692 tempore
2326 1657 2400 1682 am-

175 1708 271 1728 ουτω
293 1709 332 1730 τε
349 1709 392 1741 τῃ
419 1694 576 1741 δευτέρᾳ,
602 1700 660 1730 καὶ
685 1699 815 1742 προῖκα
834 1697 885 1751 μη
908 1701 1116 1752 προκρίνειν
1133 1699 1253 1740 προικὶ
1268 1698 1309 1730 30
1321 1696 1414 1740 plius
1439 1706 1583 1731 manere
1607 1695 1788 1740 proprium
1812 1695 1922 1730 robur
1946 1694 2081 1729 habens
2103 1696 2138 1727 et
2157 1692 2399 1738 privilegium:

174 1738 263 1784 μηδὲ
292 1737 486 1785 ὑποθήκην
509 1740 698 1787 ὑποθήκῃ,
729 1738 817 1775 ἀλλὰ
849 1755 890 1776 το
924 1745 1171 1787 πρεσβυτερον
1194 1745 1254 1775 καὶ

174 1784 293 1833 χρόνῳ
325 1785 455 1820 πολιὸν
484 1790 606 1831 μένειν
635 1788 703 1830 τὴν
732 1788 868 1820 οἰκείαν
897 1789 981 1829 ἔχον
1005 1786 1117 1829 ἰσχύν.
1132 1800 1172 1821 τε
1195 1790 1254 1820 καὶ

176 1835 396 1876 προνομίαν·
422 1832 502 1866 τοὺς
519 1833 594 1887 γὰρ
617 1830 764 1878 χρόνους
787 1833 864 1866 τῶν
881 1830 1086 1876 ὑποθηκῶν
1107 1831 1258 1877 ἀμεῖψαι

176 1875 197 1919 ἢ
221 1873 360 1910 άνελεῖν
384 1875 467 1911 κατ’
490 1876 620 1911 ουδένα
643 1877 782 1923 τρόπον
805 1877 1017 1923 αἱρούμεθα.
1059 1881 1118 1911 καὶ
1138 1874 1255 1912 ταῦτά

1322 1746 1485 1786 tempora
1517 1751 1669 1786 namque
1703 1740 1984 1786 hypothecarum
2015 1742 2218 1784 permutare
2253 1742 2316 1772 aut
2346 1737 2399 1772 in-

1322 1787 1485 1822 terimere
1507 1786 1605 1822 nullo
1630 1786 1732 1821 modo
1756 1785 1921 1831 patimur.
1970 1785 2020 1820 Et
2042 1785 2133 1820 haec
2157 1784 2307 1820 dicimus
2331 1793 2400 1818 non

243 1982 268 2001 c.
294 1969 318 2002 I
336 1970 510 2002 summaria
535 1982 573 2002 ex
598 1970 718 2003 Theod.
744 1970 862 2003 habent
885 1970 1066 2002 Prochz'ron
1088 1971 1119 2011 9,
1134 1977 1178 2006 14;
1212 1969 1418 2012 Epanaqoqe
1444 1969 1496 2008 18,
1511 1974 1561 2005 30;
1596 1980 1634 2000 ex
1658 1967 1734 2000 Ach.
1757 1968 1919 2011 paratitlo
1943 1967 2019 2000 Ath.
2037 1967 2077 1999 15
2096 1970 2175 2005 §153
2211 1979 2242 1998 υ.
2269 1965 2401 1999 26-28

177 2022 392 2058 arqumentum
417 2027 455 2047 ex
479 2015 554 2047 Ath.
580 2017 694 2057 repetit
718 2016 798 2048 liber
821 2016 904 2061 περὶ
929 2011 1118 2060 διαφόρων
1142 2011 1444 2059 ἀναγνωσμάτων
1469 2013 1489 2056 ξ
1511 2015 1552 2046 14
1572 2025 1606 2055 p.
1625 2014 1686 2047 195
1714 2014 1840 2046 Heimb.

178 2102 348 2147 quoniam
372 2101 427 2136 vir
452 2105 588 2136 tantum
612 2101 800 2147 reliquisse
822 2102 1027 2137 inveniatur
1051 2106 1224 2148 quantum
1247 2101 1318 2136 soli
1339 2100 1519 2136 secundae
1543 2099 1620 2135 doti
1642 2111 1685 2135 su
1704 2101 1817 2145 ficiat,
1848 2111 1951 2135 suam
1975 2100 2094 2136 dotem
2118 2100 2293 2141 amittere,
2317 2099 2402 2134 illos

177 2152 295 2181 autem
320 2146 436 2181 dotem
460 2147 532 2181 iam
556 2150 802 2192 consumptam
826 2147 1010 2193 accipere:
1045 2151 1085 2182 at
1109 2147 1213 2182 liberi
1235 2146 1457 2192 hypothecas
1474 2145 1676 2192 praetende
1700 2150 1774 2188 ant,
1809 2145 1909 2191 quod
1939 2156 2018 2181 cum
2041 2146 2187 2181 omnino
2220 2144 2315 2180 bona
2337 2144 2400 2180 ha-

178 2191 276 2227 beret
299 2191 504 2236 defunctu&
529 2191 724 2237 defunctae
748 2191 914 2237 coniuqis
937 2191 1163 2237 hypothecae
1186 2191 1412 2236 antiquiores
1436 2194 1555 2226 essent
1578 2201 1685 2236 quam
1711 2191 1899 2226 secundae.

313 2236 341 2271 I.
391 2236 476 2272 Cum
501 2235 590 2271 haec
613 2236 725 2282 iqitur
749 2237 785 2271 in
809 2237 1092 2272 controversiam
1117 2240 1245 2272 vocata
1268 2236 1351 2277 sint,
1375 2234 1469 2270 illud
1491 2240 1526 2270 et
1549 2235 1783 2280 exploratum
1807 2236 1879 2270 tam
1903 2239 1938 2270 et
1961 2247 1984 2270 a
2008 2235 2111 2270 nobis
2133 2236 2310 2270 sancitum
2334 2240 2400 2278 est,

178 2282 212 2316 si
234 2281 321 2326 quid
344 2292 394 2316 ex
416 2281 522 2316 rebus
543 2281 680 2327 prioris
704 2281 761 2316 vel
781 2281 960 2316 secundae
984 2282 1079 2316 dotis
1102 2284 1294 2327 appareat,
1326 2280 1365 2314 id
1387 2290 1530 2315 necesse
1561 2290 1636 2315 esse
1667 2285 1733 2316 aut
1765 2281 1897 2316 liberos
1927 2281 2060 2316 uxoris
2084 2280 2230 2332 prioris
2262 2284 2326 2315 aut
2347 2291 2401 2315 se-

180 2326 332 2360 cundam
356 2325 498 2367 habere,
530 2330 595 2361 aut
625 2325 657 2360 si
687 2325 752 2360 illa
784 2336 927 2378 quoque
958 2326 1134 2371 defuncta
1158 2326 1222 2368 sit,
1257 2325 1389 2361 liberos
1412 2325 1499 2366 eius,
1532 2328 1860 2370 quantumcumque
1891 2325 1941 2360 ad
1968 2336 2007 2360 se
2040 2336 2192 2371 quisque
2214 2325 2401 2371 pertinere

175 2370 406 2417 probaverit:
441 2370 500 2406 hic
534 2371 626 2406 enim
661 2375 696 2406 et
730 2371 825 2406 actio
861 2382 899 2405 tn
934 2382 1009 2405 rem
1045 2382 1138 2416 quae
1173 2374 1226 2405 est
1260 2369 1304 2405 de
1335 2369 1493 2404 dominio
1527 2380 1621 2415 pure
1656 2371 1843 2415 competit,
1879 2374 1915 2405 et
1945 2380 2049 2405 suum
2085 2371 2236 2416 quisque
2270 2369 2402 2405 habere

180 2415 282 2451 debet
307 2415 500 2462 privileqio
532 2416 673 2451 minime
706 2415 880 2462 indiqenS.
929 2415 972 2451 Si
1000 2427 1085 2451 vero
1117 2415 1208 2450 nihil
1238 2426 1287 2451 ex
1316 2415 1423 2450 rebus
1453 2414 1640 2494 utriusque
1671 2419 1866 2461 appareat,
1902 2414 1958 2450 vel
1987 2415 2165 2460 quaedam
2195 2426 2217 2450 a
2239 2418 2402 2461 pareant

181 2461 357 2507 quaedam
387 2461 575 2506 deficiant,
607 2461 681 2496 sive
711 2461 895 2506 supersint
926 2460 1093 2496 mulieres
1123 2460 1287 2507 (repudio
1317 2460 1419 2504 forte
1448 2459 1568 2505 priori
1593 2470 1636 2494 us
1659 2460 1797 2505 nuptiis
1819 2459 1949 2495 solutis
1980 2463 2016 2494 et
2037 2459 2121 2495 dote
2143 2471 2202 2495 mu
2217 2461 2287 2495 ieri
2307 2471 2400 2495 com-

178 2510 333 2552 petente)
356 2507 431 2541 sive
453 2506 647 2551 defunctae
669 2507 743 2541 sint
764 2505 899 2541 relictis
922 2505 1043 2541 liberis
1073 2510 1227 2551 utraque
1250 2504 1306 2541 vel
1327 2505 1433 2539 etiam
1458 2504 1575 2539 altera
1598 2515 1742 2546 earum,
1773 2505 1811 2539 in
1834 2505 1880 2540 iis
1904 2515 1997 2550 quae
2020 2504 2063 2540 de
2092 2506 2191 2540 ciunt
2218 2505 2400 2551 potiorem

180 2562 256 2586 esse
277 2552 438 2597 priorem
462 2551 664 2596 liberosque
687 2562 735 2586 ex
759 2562 801 2585 ea
826 2555 933 2586 natos
957 2551 1197 2596 antiquiorem
1221 2550 1339 2585 dotem
1356 2549 1655 2595 praetendentes:
1686 2549 1779 2585 idem
1801 2554 1919 2585 autem
1944 2550 2044 2585 dicen
2073 2561 2130 2584 um
2154 2554 2207 2585 est
2226 2551 2333 2585 etiam
2357 2550 2401 2585 de

180 2596 370 2642 nepotibus
401 2600 437 2631 et
453 2596 720 2647 pronepotibus
751 2600 785 2631 et
807 2596 949 2641 reliqua
972 2595 1140 2641 deinceps
1162 2595 1398 2636 successione,
1429 2595 1683 2640 cuiuscumque
1715 2606 1827 2630 sescus
1850 2596 1932 2630 sint.
1979 2594 2284 2637 Quemadmodum
2306 2596 2400 2630 enim

179 2643 211 2677 si
235 2642 305 2676 duo
327 2641 474 2688 publica
497 2641 617 2677 debita
639 2646 769 2682 essent,
801 2651 942 2676 necesse
965 2646 1056 2676 esset
1089 2640 1272 2686 antiquius
1302 2640 1506 2685 posteriore
1530 2640 1661 2686 potius
1685 2639 1826 2683 haberi,
1856 2640 1908 2675 ita
1933 2639 1990 2675 hic
2016 2650 2161 2686 quoque
2183 2651 2325 2676 necesse
2347 2643 2402 2676 est

174 2686 371 2733 privileqia
387 2686 511 2733 priori
534 2687 612 2722 doti
633 2687 739 2732 prius
762 2686 856 2727 dari,
889 2690 998 2732 atque
1021 2686 1073 2721 ita
1097 2686 1235 2720 demum
1258 2684 1453 2726 secundae,
1486 2695 1600 2730 neque
1624 2685 1741 2720 dotem
1766 2685 1843 2721 doti
1863 2685 2054 2731 praeferri
2085 2696 2200 2730 neque
2224 2685 2400 2731 hypothe-

180 2743 258 2767 cam
282 2731 518 2778 hypothecae,
541 2731 605 2768 sed
624 2731 724 2777 quod
742 2731 928 2776 antiquius
947 2735 1001 2767 est
1022 2735 1056 2766 et
1078 2735 1236 2777 tempore
1259 2730 1446 2765 consenuit
1467 2740 1570 2764 suum
1593 2734 1627 2765 et
1647 2730 1760 2765 robur
1781 2735 1816 2766 et
1835 2730 2065 2777 privileqium
2088 2731 2262 2766 retinere:
2286 2741 2401 2776 neque

179 2778 272 2814 enim
299 2783 461 2823 tempora
486 2776 769 2823 hypothecarum
793 2781 933 2812 mutare
963 2780 1027 2811 aut
1051 2776 1176 2811 tollere
1199 2775 1273 2810 ullo
1298 2774 1403 2809 modo
1428 2774 1601 2810 volumus.
1650 2777 1766 2821 Atque
1791 2775 1879 2811 haec
1903 2776 2053 2810 dicineus
2084 2786 2156 2810 non
2188 2776 2401 2821 iqnorantes

227 2869 241 2900 1
269 2868 328 2899 καὶ
347 2861 387 2899 οὗ
406 2886 444 2890 —-
464 2868 594 2910 προῖκα
611 2879 668 2899 om.
683 2867 714 2899 L
740 2868 799 2898 καὶ
823 2864 886 2898 οὐκ
909 2864 1001 2899 εἶναι
1026 2862 1165 2898 δίκαιον
1188 2863 1256 2907 τὴν

179 2912 314 2945 οἰκεῖαν
333 2912 401 2954 μὲν
418 2911 466 2944 L²
479 2913 510 2943 in
525 2924 625 2953 marq.
640 2913 691 2952 (eac
704 2913 734 2953 ς)
752 2911 764 2954 Ι]
783 2913 802 2945 3
826 2907 919 2958 μόνῃ
935 2911 1005 2951 Μς]
1028 2909 1144 2951 μόνον
1157 2911 1226 2943 LB
1246 2909 1257 2953 Η

182 2960 201 2991 5
233 2959 403 3001 προίοντο
435 2956 482 2988 L¹
517 2958 712 3000 προέχοντα
743 2956 791 2988 L2
820 2957 832 2999 ΙΙ
862 2959 880 2989 6
910 2956 971 2997 τῆς
1002 2953 1258 2997 τελευτησάσης

182 3015 239 3035 om.
255 3013 274 3037 ς
296 3001 308 3045 l}
334 3004 350 3034 ‘a‘
377 3000 630 3045 πρεσβύτεραι]
656 3002 798 3033 seniores
821 3002 965 3043 potiores
990 3013 1008 3036 ς
1024 3001 1036 3044 ΙΙ
1064 3002 1082 3034 8
1108 3001 1256 3034 ἐκείνων

182 3048 231 3079 La
248 3046 260 3089 ΙΙ
278 3048 298 3079 9
324 3046 400 3078 ἐστὶ
424 3043 511 3090 παρ’
539 3043 642 3088 ἡμῶν
668 3047 715 3078 Β8
740 3046 751 3090 Ι]
784 3049 824 3079 10
848 3047 914 3089 μέν
937 3048 984 3086 τι]
1010 3048 1076 3089 μέν
1097 3057 1152 3078 τοι
1176 3046 1223 3078 L*
1248 3046 1259 3087 [1

184 3094 221 3124 11
250 3088 395 3134 προικός
419 3104 476 3123 om.
506 3091 584 3123 LB⁸
614 3090 626 3135 ΙΙ
654 3088 676 3133 ἢ
701 3104 759 3123 om.
780 3092 828 3124 BS
841 3104 869 3124 v.
885 3092 918 3132 l.,
943 3103 961 3126 ς
985 3091 997 3134 ss
1031 3093 1070 3124 12
1094 3088 1176 3124 τοὺς
1195 3092 1258 3132 τῆς

182 3138 355 3179 προτέρας
378 3132 508 3169 παῖδας
531 3136 562 3168 L
580 3135 592 3179 Ι]
617 3133 685 3177 τὴν
706 3133 887 3180 δευτέραν]
913 3136 1074 3168 secundae
1098 3136 1132 3174 (i.
1146 3149 1172 3169 e.
1196 3135 1258 3178 τῆς

183 3179 358 3225 δευτέρας)
374 3192 392 3216 ς
403 3178 414 3224 ΙΙ
437 3181 474 3213 13
491 3177 720 3222 *τελευτήσοι
734 3182 805 3214 ML
828 3179 1028 3223 τελευτήσει
1042 3181 1076 3213 Β
1089 3179 1100 3224 Η
1116 3182 1156 3214 14
1169 3176 1256 3214 ἄπο-

182 3224 330 3265 δείξειεν
346 3226 446 3265 MBS]
472 3222 681 3264 ἐπιδείξειεν
694 3226 778 3258 LBs
794 3226 805 3269 1]
825 3228 863 3260 15
887 3223 907 3268 ἡ
926 3226 962 3258 in
977 3226 1045 3258 rem
1060 3226 1115 3265 M]
1136 3222 1257 3271 ἀγωγὴ

182 3272 218 3304 ἰν
241 3271 311 3303 rem
335 3271 366 3303 L
397 3270 462 3304 ἐπὶ,
480 3267 513 3312 (ἦ
538 3271 597 3304 ἐπὶ
622 3271 671 3303 Βε
694 3272 742 3303 ed.
769 3272 973 3311 Leunclavii)
997 3270 1049 3312 τῷ
1074 3269 1258 3316 πράγματι

183 3313 305 3362 ἀγωγὴ
320 3316 354 3348 Β
370 3315 382 3359 ΙΙ
401 3312 433 3357 ἡ]
457 3311 480 3357 ἢ
502 3328 567 3348 cum
585 3317 777 3348 Haloandro
791 3317 875 3358 vulq.
890 3316 970 3357 (ΒΓ)
989 3316 1001 3358 ΙΙ
1022 3317 1061 3348 16
1076 3312 1131 3348 δεῖ
1143 3329 1201 3350 om.
1216 3328 1234 3352 ς
1246 3318 1257 3359 ΙΙ

181 3358 333 3405 μηδενὸς
348 3360 398 3394 ΒΓ
419 3360 432 3404 ΙΙ
463 3363 500 3393 17
525 3360 705 3404 ἑκατέρων
722 3360 772 3393 ΒΓ
792 3361 804 3405 ΙΙ
837 3363 877 3394 19
903 3357 1080 3405 ῥεπουδίω
1100 3362 1156 3402 M]
1182 3358 1257 3394 δια-

183 3409 291 3452 ζυγίῳ
306 3407 375 3439 LB
398 3405 410 3449 ΙΙ
436 3403 581 3450 πρώτου
596 3406 646 3439 ΒΓ
667 3408 678 3448 ΙΙ
705 3407 747 3439 20
773 3403 944 3439 λυθέντος
959 3406 1010 3439 ΒΓ
1033 3405 1045 3442 ΙΙ
1073 3408 1111 3440 21
1131 3405 1212 3447 εἴτε]
1237 3403 1258 3448 ἢ

184 3453 232 3485 B⁸
250 3448 301 3496 1Ιῆ
325 3464 382 3484 om.
403 3463 437 3491 ς,
462 3459 534 3484 ante
558 3450 666 3495 ἄμφω
688 3452 907 3484 collocandum
929 3459 1032 3485 censet
1052 3451 1254 3485 C'GEHez’m-

186 3499 264 3530 bach
291 3497 304 3541 ΙΙ
329 3498 371 3530 22
397 3497 456 3530 ἐπὶ
480 3498 552 3528 τοῖς
576 3494 776 3533 ἐλλείπουσι
800 3509 858 3529 om.
873 3497 920 3529 Bl
938 3496 950 3540 ΙΙ
974 3497 1016 3530 24
1040 3493 1079 3529 δὲ
1103 3509 1160 3529 om.
1175 3497 1222 3530 L¹
1246 3497 1256 3539 ΙΙ

184 3544 242 3574 καὶ
274 3555 331 3575 οηι.
357 3554 376 3578 ς
405 3542 416 3585 ΙΙ
446 3539 609 3587 ἐκγόνους
640 3543 699 3574 καὶ
729 3537 948 3586 οἷπεκγόνους
972 3541 1067 3574 LBf⁸
1098 3541 1109 3584 ΙΙ
1138 3543 1180 3576 28
1211 3541 1254 3575 τὸ

185 3585 382 3631 προνόμιον
406 3588 455 3620 La
472 3587 484 3626 ΙΙ
510 3589 552 3621 29
576 3587 733 3633 προτέρα
746 3587 845 3627 MBt]
870 3585 1029 3633 πρότερα
1043 3586 1145 3622 Lst·
1169 3586 1255 3630 πρό-

185 3643 289 3674 τερον
302 3633 348 3665 B³
363 3632 375 3674 ΙΙ
394 3633 434 3665 31
457 3629 637 3678 ὑποθήκῃ]
662 3632 856 3675 hypothecis
880 3644 898 3668 ς
914 3632 925 3676 ΙΙ
945 3633 987 3666 32
1012 3629 1139 3666 πολιὸν
1156 3633 1254 3673 MBl]

185 3673 294 3709 πλέον
317 3677 413 3710 LBr³
435 3676 447 3721 ss
476 3680 574 3721 μένει
599 3679 629 3710 L
653 3679 664 3719 ss
697 3678 738 3710 33
763 3674 992 3722 ἀμείψασθαι
1014 3678 1061 3710 B⁸
1086 3679 1098 3721 u
1128 3678 1171 3711 34
1194 3680 1254 3710 καὶ

185 3721 301 3754 ’ταῦτα
327 3742 365 3745 -
390 3723 495 3765 456,7
520 3720 806 3766 καταστήσωμεν
831 3736 889 3756 om.
905 3724 952 3756 Β8

1373 2866 1387 2897 1
1414 2863 1523 2896 dotem
1549 2874 1608 2896 om.
1621 2864 1710 2907 vulq.
1729 2863 1741 2907 Η
1759 2866 1867 2896 tamen
1887 2864 1937 2897 R¹
1952 2863 1964 2907 ΙΙ
1984 2865 2003 2897 2
2024 2864 2087 2906 vir]
2112 2864 2170 2897 ubi
2195 2865 2244 2897 R¹
2261 2865 2273 2909 ΙΙ
2291 2865 2399 2906 *doti]

1324 2909 1433 2941 dotem
1465 2909 1543 2942 libri
1570 2907 1582 2952 ΙΙ
1611 2911 1630 2942 3
1655 2909 1719 2941 iam
1746 2922 1802 2942 om.
1825 2910 1871 2941 R*
1901 2909 1913 2949 ΙΙ
1943 2907 1967 2942 4'
1988 2911 2166 2953 ypothecas
2191 2911 2232 2951 (et
2255 2912 2302 2943 sic
2325 2923 2400 2943 con-

1323 2955 1456 2996 stanter)
1475 2955 1551 2987 libri
1565 2954 1578 2996 ΙΙ
1596 2956 1615 2988 9
1636 2957 1668 2986 et
1687 2954 1764 2995 iam]
1790 2954 1889 2986 etiam
1909 2955 1997 2996 libri,
2019 2956 2103 2999 vulq.
2120 2954 2132 2999 ΙΙ
2155 2957 2192 2989 11
2211 2955 2301 2988 filius
2318 2956 2365 2989 Ιίι
2389 2955 2401 2999 ΙΙ

1324 3000 1450 3042 priores
1471 2998 1527 3041 Vss
1544 2999 1720 3031 secundam
1735 2999 1828 3032 Beck
1846 2999 1857 3043 ΙΙ
1878 3001 1917 3033 12
1931 3000 2116 3032 moriantur
2138 3001 2187 3033 Va
2205 2999 2217 3043 ΙΙ
2237 3001 2276 3034 13
2290 3002 2398 3040 suum]

1324 3046 1394 3077 siue
1417 3043 1468 3077 T¹
1486 3043 1497 3087 ΙΙ
1515 3043 1594 3076 huic
1616 3044 1693 3087 17³ss
1710 3044 1746 3076 in
1770 3055 1838 3076 rem
1863 3047 1959 3086 quae]
1984 3045 2019 3077 in
2045 3056 2079 3077 re
2100 3044 2148 3078 V¹
2165 3045 2178 3088 ΙΙ
2198 3047 2240 3079 14
2264 3047 2311 3078 est
2336 3046 2399 3078 del.

1324 3090 1374 3123 R2
1391 3090 1403 3132 ΙΙ
1426 3092 1543 3132 putare
1567 3089 1614 3121 R¹
1633 3088 1644 3132 11
1673 3091 1712 3122 16
1738 3092 1873 3131 apparet
1896 3091 1942 3130 (et
1967 3091 2042 3123 add.
2065 3089 2127 3132 V2)
2152 3089 2249 3134 RVn
2277 3093 2316 3124 17
2342 3100 2399 3132 ap-

1324 3137 1462 3177 pareant
1487 3133 1619 3175 quidem
1640 3133 1752 3175 aliqua
1787 3134 1833 3166 V2
1857 3136 1888 3167 in
1914 3147 2026 3178 mar-9„
2051 3147 2108 3167 om.
2141 3135 2188 3167 V¹
2218 3134 2230 3177 ΙΙ
2264 3137 2302 3168 18
2328 3146 2399 3167 mu-

1325 3180 1407 3212 lie*s
1430 3180 1476 3212 V¹
1495 3179 1506 3221 ΙΙ
1528 3181 1566 3212 19
1584 3182 1788 3220 competente
1810 3179 1858 3211 V³
1882 3181 2077 3222 (competere
2092 3180 2193 3222 vulq.)
2211 3179 2223 3222 ΙΙ
2240 3179 2315 3212 dote
2335 3180 2398 3220 ΤΞ]

1325 3226 1433 3258 dotem
1458 3224 1490 3256 R
1502 3224 1579 3257 VT¹
1593 3225 1678 3266 vulo.
1696 3224 1707 3265 ΙΙ
1728 3224 1807 3264 sive]
1831 3235 1926 3256 suum
1945 3225 1992 3256 ΕΙ
2010 3224 2022 3267 Ι]
2047 3225 2089 3258 20
2108 3223 2175 3255 sint
2192 3225 2237 3257 ΤΙ
2257 3224 2269 3267 ΙΙ
2285 3224 2399 3257 ambae

1326 3284 1383 3304 om.
1398 3271 1443 3303 R*
1463 3269 1475 3311 ΙΙ
1502 3279 1611 3300 earum
1637 3269 1705 3301 RT
1724 3268 1736 3312 ΙΙ
1764 3269 1803 3302 21
1832 3269 1961 3309 desunt]
1986 3271 2063 3301 sunt
2083 3268 2133 3302 V¹
2158 3268 2170 3312 ss
2200 3270 2242 3302 22
2267 3272 2315 3302 est
2339 3282 2398 3304 om.

1325 3316 1410 3349 RT¹
1428 3316 1439 3357 11
1459 3315 1499 3347 23
1526 3316 1558 3347 et
1582 3316 1779 3356 pronepotes
1804 3327 1862 3346 om.
1879 3314 1935 3355 12¹,
1960 3316 1993 3346 et
2017 3327 2074 3347 om.
2091 3314 2123 3347 T
2136 3313 2148 3357 ΙΙ
2166 3315 2208 3347 24
2227 3314 2329 3347 fuerit
2344 3314 2400 3358 ΕΙ]

1325 3361 1352 3393 si
1378 3373 1434 3393 om.
1455 3360 1486 3392 V
1503 3359 1515 3402 ΙΙ
1540 3360 1582 3392 26
1599 3359 1773 3401 posteriori
1789 3361 2048 3402 praeponeretur
2064 3360 2323 3402 (praeponentur
2337 3360 2398 3401 R')

1325 3407 1357 3439 R
1368 3407 1414 3446 V]
1436 3407 1692 3448 praeponeretur
1710 3405 1968 3447 (praeponentur
1984 3405 2046 3446 Τί)
2062 3404 2238 3446 posteriori
2253 3405 2374 3448 Tvulq.
2387 3403 2399 3448 ΙΙ

1326 3453 1366 3485 27
1392 3451 1515 3493 priora]
1540 3450 1651 3492 priora
1675 3450 1723 3482 V¹
1743 3449 1755 3493 1]
1779 3453 1811 3481 et
1836 3450 1895 3490 ita]
1921 3452 1952 3482 et
1975 3449 2092 3482 om.R¹
2111 3449 2123 3493 ΙΙ
2149 3450 2191 3483 28
2215 3459 2399 3492 proponere

1327 3496 1377 3529 Τ2
1402 3505 1523 3538 ponere
1544 3494 1620 3538 13¹1}
1648 3495 1875 3537 hypothecam]
1900 3495 2061 3537 ypotheca
2082 3494 2113 3527 V
2131 3494 2143 3538 Ι]
2171 3495 2213 3528 29
2238 3495 2399 3536 antiquus

1325 3541 1401 3584 13¹ss
1420 3544 1452 3573 et
1476 3553 1534 3573 om.
1548 3540 1596 3572 R¹
1621 3539 1633 3581 ΙΙ
1656 3540 1697 3573 30
1722 3539 1906 3583 proprium]
1930 3541 2078 3582 priorum
2101 3549 2233 3572 manere
2254 3540 2307 3581 V¹,
2332 3541 2397 3574 del.

1333 3587 1382 3620 V³
1405 3587 1417 3630 ll
1445 3587 1483 3619 31
1513 3588 1658 3627 tempore
1682 3585 1728 3618 V¹
1755 3585 1767 3628 ΙΙ
1796 3587 1947 3626 namque]
1973 3595 2079 3626 neque
2104 3585 2152 3618 R¹
2182 3583 2194 3628 ΙΙ
2222 3586 2266 3619 32
2291 3585 2399 3626 nullo]

1323 3631 1417 3664 nulla
1439 3630 1488 3664 V¹
1513 3629 1643 3662 nullum
1669 3630 1715 3663 R*
1741 3630 1837 3663 nullu
1863 3631 1932 3672 (sic)
1958 3630 2032 3673 1221}
2051 3630 2097 3662 Et
2119 3629 2225 3663 om.R
