2586 3990
174 147 425 179 EXEMPLUM
455 144 627 178 SAORAE
656 144 786 177 LEGIS

173 245 410 290 γαληνότητος
430 241 630 289 ὁρισθέντα
653 245 761 278 τοῦτο
780 246 848 288 μὲν
866 240 888 288 ἦ
906 242 950 287 σὴ
969 239 1124 290 ὑπεροχὴ
1149 244 1256 278 τοῦτο

174 290 213 325 δὲ
231 294 290 324 καὶ
310 290 444 325 πάντες
467 288 501 322 οἱ
520 287 622 322 ἄλλοι
647 286 814 323 δικασταὶ
833 291 991 334 μείζονές
1015 303 1053 323 τε
1074 291 1133 323 καὶ
1155 286 1256 322 ἐλάτ-

173 347 271 370 τονες
290 331 543 381 παραφυλάξαι
565 334 840 377 σπευσάτωσαν,
867 332 1018 368 ἰδίκτων
1032 336 1100 380 μὲν
1117 336 1157 367 ἐν
1173 330 1260 367 ταύ-

173 394 217 427 τῃ
241 381 285 427 τῇ
309 378 468 424 βασιλίδι
492 378 597 413 πόλει
621 379 713 414 κατὰ
737 379 780 413 τὸ
807 378 964 422 σύνηθες
988 379 1087 427 παρὰ
1111 379 1173 422 τῆς
1197 379 1258 421 σῆς

173 423 346 471 ὑπεροχῆς
381 424 670 469 προτιθεμένων,
709 422 940 470 προςτάξεων
976 424 1015 459 δὲ
1050 424 1140 470 πρὸς
1174 423 1257 458 τοὺς

172 471 250 504 τῶν
286 470 470 514 ἐπαρχιῶν
506 466 779 515 λαμπροτάτους
814 468 990 523 ἄρχοντας
1024 481 1256 510 καταπεμπο-

171 517 304 558 μένων,
329 511 417 548 ὥςτε
440 514 581 548 πάντας
608 516 749 561 γνῶναι
778 514 824 548 τὰ
850 516 941 559 ὑπὲρ
971 515 1034 558 τῆς
1057 516 1134 549 τῶν
1159 512 1256 548 δικα-

173 562 336 603 ζομένων
360 557 531 605 ὠφελείας
554 557 645 604 παρ’
673 558 778 604 ἡμῶν
802 559 1118 603 νομοθετηθέντα.

227 604 310 639 Dat.
330 605 376 639 id.
396 605 473 639 Oct.
494 605 562 639 GP.
583 605 667 649 imp.
687 607 743 640 (ln.
762 604 950 639 Iustiniani
971 615 1030 650 pp.
1047 605 1140 648 Aug.
1160 607 1255 639 anno

171 649 285 686 XVII.
310 652 392 694 post
417 660 513 685 cons.
540 650 664 685 Basilii
686 660 740 686 vc.
765 659 859 685 anno
883 649 930 683 II.

1249 129 1328 176 (331

1229 652 1272 690 [a.
1288 651 1367 691 543]

1945 131 2052 175 Nov.
2084 130 2263 175 CXXVI
2291 144 2353 186 pr.
2386 134 2406 174 1

1326 248 1398 278 tam
1431 246 1494 278 tua
1519 243 1691 280 celsitudo
1724 252 1829 287 quam
1854 253 1975 278 omnes
2007 242 2066 277 alii
2088 241 2224 277 iudices
2256 241 2409 277 maiores

1327 292 1364 324 et
1398 288 1551 324 minores
1594 288 1773 324 custodire
1808 288 1994 329 festinent,
2031 291 2072 323 ut
2106 287 2226 323 nullus
2265 287 2409 332 penitus

1329 334 1468 377 ignoret
1503 343 1593 379 quae
1624 344 1688 379 pro
1720 332 1873 368 utilitate
1907 334 2110 368 nostrorum
2147 332 2356 368 collatorum
2387 342 2410 367 a

1327 379 1431 414 nobis
1456 378 1632 424 disposita
1655 382 1755 420 sunt,
1787 378 1838 412 ita
1861 381 1981 412 tamen
2003 380 2045 413 ut
2066 377 2240 413 universis
2263 377 2407 412 interdi-

1295 426 1314 458 5
1330 423 1420 459 catis
1445 434 1509 468 per
1532 424 1680 468 propria
1703 424 1915 468 praecepta,
1949 425 2126 466 quatenus
2159 423 2235 458 sine
2258 423 2330 458 ullo
2354 422 2407 457 in-

1327 469 1421 504 iusto
1456 469 1639 513 dispendio
1671 469 1803 504 nostris
1836 468 2066 503 collatoribus
2098 467 2292 504 insinuatio
2321 467 2408 512 legis

1327 515 1525 559 praesentis
1548 514 1623 549 fiat.

1293 606 1313 638 9
1383 604 1468 639 Dat.
1482 614 1544 638 xv.
1564 603 1635 638 kal.
1659 603 1734 638 Ian.
1758 602 1826 637 GP.
1847 602 1930 646 imp.
1953 601 2012 636 dn.
2033 602 2222 637 Iustiniani
2241 612 2300 646 pp.
2314 602 2407 646 Aug.

1459 659 1554 685 anno
1571 648 1684 684 XVII.
1710 649 1793 692 post
1816 657 1914 682 cons.
1936 646 2049 682 Basili
2073 657 2126 683 vc.
2152 656 2245 683 anno
2269 646 2314 682 11.

1252 839 1336 880 Ριςς

577 905 753 959 ΙΣΟΝ
792 905 1019 958 ΘΕΙΟῩ
1049 903 1316 957 ΝΟΜΟΥ
1347 905 1526 958 ΠΕΡΙ
1565 904 2003 958 ΕΚΚΛΗΤΩΝ.

772 981 831 1029 <Ὁ
856 983 962 1018 αὐτὸς
985 981 1152 1027 βασιλεὺς
1179 981 1347 1027 Θεοδότῳ
1373 984 1519 1029 ἐπάρχῳ
1546 982 1811 1029 πραιτωρίων.)

305 1051 605 1097 (Προοίμιον.)
653 1049 842 1085 Θεοδόσιος
866 1054 925 1084 καὶ
951 1046 1252 1084 Οὐαλεντινιανὸς
1284 1049 1320 1083 οἱ
1340 1051 1401 1093 τῆς
1426 1051 1530 1084 θείας
1555 1049 1685 1094 λήξεως
1711 1049 1814 1094 νόμῳ
1840 1048 2082 1094 διετύπωσαν,
2114 1050 2268 1096 φανερὰς
2292 1048 2408 1094 ἐκκλή-

171 1109 248 1130 των
273 1094 466 1131 ὑποθέσεις
489 1096 556 1130 τὸν
580 1100 799 1140 κοιαίστωρα
823 1096 885 1129 τοῦ
910 1096 1014 1128 θειόυ
1040 1094 1217 1130 παλατίου
1250 1091 1326 1139 ἅμα
1350 1098 1403 1138 τῷ
1430 1096 1576 1141 ἐπάρχῳ
1600 1097 1678 1130 τῶν
1702 1093 1931 1130 ἀνατολικῶν
1955 1095 2063 1141 ἱερῶν
2085 1099 2323 1142 πραιτωρίων
2354 1097 2406 1139 τῷ

171 1141 263 1175 κατὰ
288 1142 415 1187 καιρὸν
444 1142 509 1176 τὸν
538 1141 680 1184 θρόνον
711 1142 773 1183 τῆς
805 1142 867 1183 σῆς
890 1138 1062 1184 ὑπεροχῆς
1094 1138 1256 1174 διέποντι
1288 1140 1381 1174 κατὰ
1405 1141 1447 1174 τὸ
1473 1142 1589 1184 σχῆμα
1612 1142 1694 1175 τῶν
1713 1140 1860 1187 σάκρων
1884 1140 2071 1183 ἐξετάζειν.
2120 1138 2271 1187 εὕρομεν
2301 1139 2341 1175 δὲ
2368 1143 2408 1175 ἐν

170 1189 248 1219 ταῖς
270 1186 453 1221 τοιαύταις
476 1186 659 1227 ἐξετάσεσι
683 1187 833 1231 πρᾶγμα
856 1186 1029 1231 γίνεσθαι
1062 1188 1122 1218 καὶ
1145 1186 1208 1228 τῆς
1233 1184 1414 1220 πολιτείας
1443 1190 1503 1219 καὶ
1527 1183 1637 1229 αὐτῆς
1660 1187 1722 1229 τῆς
1745 1185 1928 1230 βασιλείας
1951 1183 2111 1227 ἀνάξιον.
2159 1185 2196 1220 οἱ
2217 1186 2286 1232 γὰρ
2310 1184 2408 1220 δικα-

172 1229 316 1275 ζόμενοι
347 1235 406 1265 καὶ
429 1231 466 1266 οἱ
487 1231 638 1265 ἐντολεῖς
666 1234 725 1264 καὶ
750 1231 783 1264 οἱ
814 1230 957 1264 τούτων
982 1229 1172 1276 συνήγοροι
1204 1233 1263 1263 καὶ
1288 1229 1420 1265 πάντες
1452 1231 1485 1264 οἱ
1510 1233 1550 1265 ἐν
1573 1234 1650 1265 ταῖς
1673 1231 1857 1265 τοιαύταις
1891 1228 2114 1266 ὑποθέσεσιν
2148 1229 2409 1277 ὑπηρετοῦντες

171 1274 219 1310 [ἇς
242 1273 347 1320 ήμῶν
370 1274 492 1310 αὐτῶν
515 1277 738 1319 καθημένων
767 1279 826 1309 καὶ
850 1273 1091 1322 ἀκροωμένων
1121 1276 1230 1309 τοῦτο
1259 1277 1327 1319 μὲν
1357 1276 1490 1319 ἐσθῆτι
1519 1277 1627 1310 τοῦτο
1653 1275 1692 1310 δὲ
1716 1274 1924 1320 ὑποδήμασι
1958 1280 2017 1310 καὶ
2041 1278 2175 1323 ῥήμασι
2207 1277 2305 1323 παρὰ
2335 1279 2408 1310 τοῖς

170 1320 350 1367 ἡμετέροις
381 1320 551 1366 ἄρχουσιν
582 1323 785 1366 ἐκέχρηντο,
818 1320 867 1354 οἷς
890 1320 1021 1365 μόνους
1043 1320 1246 1364 κεχρῆσθαι
1278 1321 1441 1365 προςήκει
1472 1321 1554 1355 τοὺς
1578 1321 1668 1366 πρὸς
1691 1321 1758 1364 τὴν
1783 1321 1973 1365 βασιλείαν
1996 1321 2185 1356 εἰςιόντας·
2226 1319 2317 1356 ἀλλὰ
2348 1324 2409 1355 καὶ

171 1363 273 1400 αὐτοὶ
302 1365 339 1400 οἱ
367 1364 534 1420 δικασταὶ
565 1366 627 1400 οὐκ
656 1367 695 1407 ἐξ
726 1364 816 1400 ἰδίου
849 1366 1051 1411 προςιόπου,
1088 1362 1169 1399 ἀλλ’
1197 1364 1246 1400 ὠς
1274 1363 1380 1410 ἡμῶν
1413 1362 1536 1401 αὐτῶν
1567 1367 1766 1412 παρόντων
1797 1370 1857 1399 καὶ
1886 1364 2157 1401 διαλαλούντων
2187 1367 2251 1402 τὰς
2281 1368 2410 1401 οἰκείας

171 1415 369 1458 προέφερον
391 1422 539 1458 ψήφους.

298 1543 409 1592 ζὈπερ
441 1547 504 1580 τοῦ
539 1544 664 1580 λοιποῦ
699 1547 739 1580 ἐν
770 1544 974 1589 οἱῳδήποτε
1007 1543 1225 1590 δικαστηρίῳ
1256 1546 1428 1591 γίνεσθαι
1459 1545 1655 1590 κωλύομεν,
1691 1547 1928 1588 θεσπίζοντες
1960 1547 2027 1581 τὸν
2057 1549 2124 1591 μὲν
2157 1548 2249 1581 κατὰ
2282 1547 2409 1592 καιρὸν

170 1596 390 1636 κοιαίστωρα
414 1593 478 1626 τοῦ
497 1592 602 1625 θείου
625 1589 730 1634 ἡμῶν
754 1591 932 1625 παλατίου
957 1588 1034 1634 ἅμα
1056 1592 1100 1637 τῇ
1123 1592 1256 1625 σαυτοῦ
1283 1590 1438 1638 ὑπεροχῇ
1463 1590 1544 1634 ἤτοι
1564 1592 1617 1634 τῷ
1640 1591 1733 1625 κατὰ
1753 1592 1883 1638 καιρὸν
1905 1592 2051 1638 ἐπάρχῳ
2076 1593 2153 1626 τῶν
2175 1592 2283 1637 ἱερῶν
2304 1605 2409 1636 πραι-

170 1641 316 1683 τωρίων
347 1637 412 1671 τὰς
442 1635 610 1670 τοιαύτας
640 1635 834 1671 ὑποθέσεις
866 1636 1056 1679 ἐξετάζειν,
1088 1635 1137 1680 μὴ
1170 1636 1208 1677 ἐξ
1231 1634 1402 1681 ἡμετέρου
1434 1635 1473 1670 δὲ
1497 1634 1579 1670 ἄλλ)
1607 1637 1645 1677 ἐξ
1669 1635 1775 1670 ἰδίων
1799 1635 2002 1683 προςώπων
2025 1637 2089 1671 τὰς
2113 1635 2298 1671 διαλαλιάς
2322 1650 2409 1683 προ-

171 1685 292 1727 φέρειν
316 1685 375 1716 καὶ
399 1681 520 1725 νόμοις
544 1682 775 1727 ἐγνωσμένην
800 1679 943 1715 διδόναι
968 1682 1110 1726 ψῆφον·
1137 1683 1214 1715 τῶν
1238 1682 1436 1716 εἰωθότων
1461 1680 1596 1725 δηλαδὴ
1623 1686 1796 1726 σκρινίων
1813 1684 1853 1716 ἐν
1869 1685 1946 1716 ταῖς
1961 1680 2144 1716 τοιαύταις
2164 1681 2317 1716 διαίταις
2341 1682 2410 1725 τὴν

170 1725 268 1761 ἰδίαν
299 1724 535 1771 παρεχόντων
564 1723 774 1771 ὑπηρεσίαν,
805 1730 866 1760 καὶ
889 1724 1045 1760 εἰδότων
1068 1727 1145 1761 τῶν
1170 1723 1361 1770 ἀρχόντων
1381 1728 1458 1761 τῶν
1482 1727 1546 1761 τὰς
1569 1728 1736 1761 τοιαύτας
1761 1725 1860 1761 δίκας
1883 1726 2097 1772 κρινόντων,
2122 1725 2170 1761 ais
2194 1727 2230 1760 εἴ
2247 1740 2284 1761 τι
2308 1726 2409 1773 παρὰ

168 1773 286 1806 ταῦτα
315 1773 378 1806 τοῦ
397 1771 524 1806 λοιποῦ
550 1769 641 1805 καθ’
668 1768 884 1814 οἱονδήποτε
908 1771 1049 1817 τρόπον
1073 1771 1358 1816 πλημμεληθείη,
1383 1773 1436 1815 τῷ
1461 1773 1525 1815 τῆς
1548 1770 1807 1806 καθοσιώσεως
1832 1771 2024 1818 ἐγκλήματι
2047 1770 2312 1807 ὑποκείσονται.

237 1842 322 1874 Νου.
342 1841 501 1874 CXXVI
523 1840 647 1874 Graece
673 1848 791 1874 tantum
817 1848 905 1874 extat
929 1842 961 1874 in
987 1840 1078 1882 ML,
1111 1854 1137 1873 c.
1165 1843 1179 1874 1
1208 1842 1448 1885 (Θεσπίζομεν
1472 1840 1540 1874 τὸν
1562 1842 1630 1885 μὲν
1653 1839 1747 1874 κατὰ
1771 1839 1900 1885 καιρὸν
1994 1844 2014 1884 .)
2039 1843 2112 1876 -3
2140 1842 2174 1875 Β
2198 1844 2229 1883 9,
2255 1850 2288 1883 2,
2313 1849 2341 1876 9.
2364 1861 2410 1866 -

170 1887 259 1930 Epic.
287 1887 407 1919 Theod.
435 1887 510 1927 126,
541 1885 663 1919 Athan.
682 1888 714 1928 7,
731 1893 758 1920 6.
806 1886 928 1919 Iulian.
955 1893 1055 1921 const.
1083 1886 1219 1919 CXIII.

170 1967 264 2005 sunt,
297 1966 369 1998 tam
396 1966 456 1998 tua
480 1963 679 1998 sublimitas
703 1975 811 2009 quam
835 1965 947 2010 ceteri
970 1974 1091 1999 omnes
1114 1963 1251 1999 iudices
1275 1968 1310 2000 et
1333 1965 1487 2000 maiores
1510 1967 1545 1999 et
1568 1965 1726 1999 minores
1752 1965 1943 2000 observare
1964 1963 2149 2006 studeant,
2181 1965 2307 1999 edictis
2330 1966 2407 2010 qui-

171 2009 249 2043 ctem
271 2009 310 2042 in
334 2007 402 2042 liac
425 2009 528 2053 reqia
552 2009 696 2044 civitate
719 2019 817 2044 more
840 2009 949 2044 solito
975 2020 997 2043 a
1023 2013 1086 2043 tua
1109 2008 1327 2045 sublimitate
1344 2009 1563 2055 propositis,
1586 2010 1794 2055 praeceptis
1813 2013 1931 2044 autem
1950 2008 2000 2044 ad
2019 2009 2239 2045 clarissimos
2257 2011 2408 2056 provin-

171 2054 308 2089 ciarum
329 2053 517 2099 praesides
539 2053 667 2096 missis,
691 2056 732 2089 ut
756 2064 877 2090 omnes
901 2058 1126 2099 coqnoscant
1149 2065 1243 2099 quae
1267 2054 1317 2089 ad
1337 2055 1529 2090 utilitatem
1554 2054 1774 2100 litiqantium
1799 2065 1822 2089 a
1847 2053 1952 2089 nobis
1974 2054 2116 2090 sancita
2139 2058 2235 2090 sunt.

398 2252 597 2304 ΕΧΕΜ
598 2252 682 2302 PL
690 2252 791 2303 HM
825 2253 908 2303 SA
916 2253 1100 2304 CRAE
1129 2184 1360 2303 [ἓξὲξ
1375 2252 1478 2302 DE
1508 2253 1824 2303 APPELLA
1833 2253 1908 2303 TI
1910 2253 2036 2304 ΟΝ]
2035 2255 2084 2304 B
2089 2254 2179 2306 IJS.

814 2330 914 2366 Idem
937 2333 1123 2376 Auqustus
1149 2330 1330 2366 Theodoto
1353 2332 1544 2377 praefecto
1562 2333 1768 2377 praetorio.

310 2399 571 2444 Praefatio.
621 2397 839 2433 Theodosius
856 2402 890 2433 et
915 2398 1190 2433 Valentinianus
1209 2397 1351 2433 divinae
1371 2399 1563 2433 memoriae
1588 2398 1666 2443 leqe
1683 2399 1958 2440 constituerunt,
1984 2403 2024 2434 ut
2042 2400 2259 2445 manifestas
2277 2410 2408 2436 causas

173 2445 457 2492 appellationum
480 2446 652 2488 quaestor
674 2443 770 2477 sacri
786 2443 923 2489 palatii
945 2453 1018 2477 una
1043 2452 1123 2477 cum
1141 2442 1333 2488 praefecto
1357 2452 1463 2478 sacro
1481 2454 1553 2489 per
1580 2443 1757 2479 Orientem
1779 2445 1966 2489 praetorio
1991 2445 2056 2489 qui
2080 2455 2223 2489 quoque
2248 2448 2407 2491 tempore

172 2491 290 2525 sedem
315 2494 398 2524 tuae
421 2488 652 2523 sublimitatis
684 2488 819 2522 obtinet
851 2488 1045 2523 secundum
1067 2488 1227 2531 formam
1250 2497 1437 2522 sacrorum
1469 2488 1686 2522 iudiciorum
1716 2489 1908 2523 examinet.
1960 2488 2203 2534 Comperimus
2226 2494 2345 2524 autem
2369 2492 2406 2525 in

173 2533 349 2570 eiusmodi
373 2533 702 2568 examinationibus
724 2543 798 2567 rem
826 2533 909 2577 fieri
941 2536 976 2567 et
1006 2543 1046 2567 re
1063 2531 1213 2577 publica
1244 2536 1280 2567 et
1302 2533 1381 2578 ipso
1406 2533 1555 2578 imperio
1580 2532 1775 2578 inctiqnam.
1823 2533 2028 2578 Litiqantes
2051 2534 2143 2568 enim
2174 2537 2208 2569 et
2223 2545 2405 2580 procura—

175 2585 270 2615 tores
305 2583 339 2613 et
372 2589 495 2613 eorum
531 2577 700 2612 advocati
731 2581 766 2612 et
799 2588 921 2612 omnes
955 2578 993 2612 in
1026 2576 1202 2612 eiusmodi
1236 2578 1355 2612 causis
1386 2577 1630 2612 ministrantes
1671 2582 1852 2622 tamquam
1886 2578 1987 2612 nobis
2018 2579 2108 2624 ipsis
2138 2579 2341 2615 sedentibus
2371 2585 2407 2615 et

173 2623 400 2659 audientibus
425 2626 496 2657 tam
517 2622 644 2656 vestitu
665 2632 772 2666 quam
794 2622 924 2656 calceis
947 2625 983 2656 et
1003 2621 1118 2656 verbis
1138 2621 1238 2667 apud
1259 2632 1317 2656 ma
1345 2622 1496 2657 istratus
1515 2626 1662 2658 nostros
1681 2627 1843 2664 utuntur,
1876 2623 2006 2667 quibus
2024 2634 2085 2658 eos
2110 2624 2209 2659 solos
2232 2625 2286 2659 uti
2306 2624 2406 2660 decet

174 2670 238 2714 qui
261 2668 310 2702 ad
331 2669 585 2713 imperatorem
616 2666 891 2712 inqrecliuntur;
926 2667 1013 2711 quin
1038 2667 1144 2701 etiam
1175 2666 1249 2711 ipsi
1270 2633 1405 2701 tuffices
1429 2677 1502 2701 non
1525 2678 1575 2702 ex
1597 2678 1665 2702 sua
1686 2677 1866 2713 persona,
1897 2667 1962 2701 sect
1985 2671 2167 2713 tamquam
2191 2668 2294 2703 nobis
2316 2670 2406 2715 ipsis

170 2713 426 2759 praesentibus
449 2716 484 2747 et
507 2711 828 2756 interloquentibus
851 2722 938 2746 suas
960 2712 1157 2745 sententias
1177 2711 1429 2756 proferebant.

308 2757 334 2792 I.
384 2755 489 2799 Quod
510 2756 548 2790 in
565 2762 755 2801 posterum
779 2756 816 2790 in
841 2756 916 2790 ullo
942 2755 1074 2790 iudicio
1096 2756 1179 2798 sieri
1194 2754 1440 2801 prohibemus,
1470 2757 1671 2792 sancientes
1694 2760 1735 2791 ut
1755 2757 1853 2792 sacri
1877 2758 1993 2792 nostri
2014 2757 2146 2803 palatii
2177 2759 2240 2804 qui
2264 2769 2406 2804 quoque

175 2808 334 2849 tempore
365 2805 536 2847 quaestor
567 2805 620 2835 est
650 2811 723 2834 una
757 2811 836 2834 cum
868 2804 930 2835 tua
959 2801 1175 2835 subtimitate
1205 2800 1278 2835 sive
1334 2801 1371 2835 ui
1395 2811 1538 2846 quoque
1568 2806 1728 2847 tempore
1758 2802 1971 2848 praefectus
2001 2813 2108 2837 sacro
2137 2804 2327 2848 praetorio
2352 2807 2406 2839 est

173 2846 379 2882 huiusmodi
408 2856 538 2880 causas
568 2845 768 2887 examinet,
803 2856 873 2880 neu
904 2855 989 2880 vero
1021 2855 1070 2880 ecc
1102 2848 1228 2880 nostra
1262 2854 1300 2879 se
1355 2856 1404 2881 ex
1434 2847 1511 2881 suis
1539 2847 1709 2891 personis
1739 2847 2033 2882 interlocutiones
2061 2848 2264 2893 proferant
2297 2852 2406 2894 atque

172 2892 384 2927 sententiam
417 2890 554 2935 leqibus
584 2890 746 2935 aqnitam
776 2890 925 2935 ferant;
959 2893 998 2924 ut
1021 2889 1158 2924 scilicet
1187 2889 1295 2924 solita
1318 2891 1455 2925 scrinia
1485 2891 1523 2925 in
1548 2891 1722 2927 eiusmodi
1746 2891 2012 2937 coqnitionibus
2038 2893 2271 2928 ministerium
2300 2904 2404 2928 suum

171 2941 368 2982 praestent,
400 2937 589 2979 sciantque
612 2935 847 2979 maqistratus
870 2935 933 2979 qui
955 2934 999 2968 de
1021 2934 1151 2969 talibus
1175 2935 1292 2969 causis
1314 2935 1476 2969 iudicant
1497 2936 1533 2971 si
1550 2935 1640 2981 quid
1663 2935 1835 2972 adversus
1858 2947 1901 2972 ea
1927 2936 1966 2971 in
1979 2941 2169 2983 posterum
2200 2938 2274 2972 ullo
2298 2938 2403 2973 modo

173 2982 396 3017 commissum
419 2980 476 3020 sit,
499 2990 538 3013 se
561 2979 758 3014 maiestatis
782 2979 923 3014 crimini
947 2978 1127 3013 obnoxios
1146 2979 1245 3024 fore.

232 3072 251 3104 3
277 3067 429 3102 ἐδίκτων
446 3069 477 3102 L
495 3068 507 3113 Ι]
532 3066 681 3102 ἰδίκτων
696 3088 737 3092 —
755 3071 775 3102 6
796 3071 1133 3112 καταπεμπομένων
1149 3082 1207 3103 om.
1222 3082 1251 3109 ς,

174 3117 231 3149 ubi
252 3127 339 3157 seqq.
357 3126 479 3157 quoque
501 3115 660 3147 diversam
676 3115 820 3156 sormam
837 3116 973 3157 exempli
994 3116 1040 3147 ad
1056 3116 1165 3157 praefi
1181 3116 1255 3147 urbi

176 3162 248 3193 dati
259 3161 403 3202 produnt
421 3161 431 3200 1]
449 3160 468 3191 6
485 3156 757 3202 λαμπροτάτους
774 3171 833 3191 om.
847 3159 879 3191 L
896 3158 908 3202 ΙΙ
926 3161 946 3192 9
959 3161 1080 3192 subscr.
1094 3171 1150 3192 om.
1165 3160 1227 3192 Iul.
1241 3158 1253 3203 Ι]

175 3206 221 3237 id.
236 3206 299 3236 oct.
315 3204 372 3244 M]
393 3200 538 3236 καλανδ.
554 3199 786 3246 Ὀκτωβρίων
795 3204 870 3236 Ath.
893 3214 953 3235 xv.
966 3203 1032 3236 kal.
1047 3204 1117 3236 Ian.
1134 3215 1153 3239 ς
1167 3206 1253 3246 μηνὶ

176 3250 370 3292 ἰανουαρίῳ
398 3249 517 3280 Theod.
542 3250 552 3290 Ι]
583 3248 662 3290 imp.
686 3248 740 3279 dn.
767 3248 946 3279 Iustiniani
977 3259 1033 3290 pp.
1058 3258 1134 3289 aug.
1166 3259 1253 3280 anno

176 3294 297 3326 XVIII
315 3294 388 3337 (leq.
409 3292 523 3333 XVII)
542 3295 571 3332 ς]
597 3302 647 3335 cp.
670 3293 724 3324 dn.
747 3293 825 3325 iust.
842 3303 896 3335 pp.
915 3303 990 3333 aug.
1010 3293 1055 3325 M
1072 3291 1254 3335 βασιλείας

174 3337 427 3371 Ἰουστινιανοῦ
451 3336 493 3370 τὸ
518 3335 560 3372 ις’
577 3339 648 3379 (leq.
664 3337 721 3377 ιζ’)
738 3339 824 3377 Am„
846 3350 903 3370 om.
924 3338 1043 3370 Theod.
1072 3338 1084 3380 ΙΙ
1117 3340 1155 3371 10
1180 3340 1255 3379 post

177 3394 265 3415 cons.
286 3382 402 3414 Basilii
422 3392 470 3413 vo.
488 3392 575 3414 anno
592 3382 626 3413 11
646 3384 676 3421 ς]
707 3379 861 3423 ὑπατεία
878 3380 1066 3414 Βασιλείαν
1083 3381 1125 3414 τὸ
1142 3381 1175 3425 β’
1194 3383 1254 3415 ἐπὶ

177 3430 314 3471 Πέτρου
337 3424 496 3471 ὑπάρχου
513 3427 544 3459 Τ
542 3428 632 3460 heod.
664 3425 754 3469 μετὰ
775 3426 842 3471 τὴν
867 3423 1044 3459 ὑπατείαν
1067 3425 1254 3459 Βασιλείου

176 3475 252 3506 Aa.
279 3472 370 3504 basil.
385 3482 432 3503 vc.
450 3482 553 3503 conss.
571 3472 616 3504 M
631 3471 643 3514 Ι]
664 3473 703 3504 12
718 3475 804 3504 rubr.
831 3473 918 3504 Ἰσον
931 3490 972 3494 ——
988 3469 1168 3513 ἐκκλήτων
1183 3471 1254 3504 ML

178 3519 312 3557 Theoti]
340 3519 426 3561 Περὶ
451 3513 634 3558 ἐκκλήτων
648 3517 739 3554 Aeh.;
764 3512 785 3557 ἡ
810 3511 875 3556 ὅλη
900 3514 1010 3559 νεαρὰ
1029 3519 1084 3557 (sc.
1104 3518 1135 3550 in
1152 3516 1188 3549 Β
1206 3529 1254 3548 re-

177 3570 268 3605 cepta
285 3565 342 3604 est)
359 3575 384 3595 s.
400 3575 430 3594 υ.
445 3562 475 3594 L
495 3560 507 3604 ΙΙ
534 3562 573 3594 13
592 3563 686 3594 inscr.
705 3574 762 3594 om.
783 3562 870 3601 ML,
893 3562 1011 3593 addidi
1026 3573 1064 3593 ex
1079 3561 1154 3594 Atlz.
1171 3559 1183 3603 ΙΙ
1214 3562 1255 3594 14

176 3605 456 3640 Βαλεντινιανὸς
481 3608 531 3638 cit.
551 3606 669 3638 Tbeod.
698 3605 710 3647 Ι]
738 3605 854 3645 θείας]
887 3601 1052 3647 εύσεβοῦς
1076 3607 1126 3639 cit.
1144 3606 1219 3637 Ath.
1243 3605 1255 3648 ΙΙ

176 3651 291 3694 νόμῳ]
320 3653 397 3685 Coa.
414 3654 444 3692 7,
462 3658 554 3690 0232
575 3652 630 3693 (cf.
656 3663 724 3683 nov.
748 3651 884 3682 XXIII
905 3663 929 3682 c.
945 3652 977 3689 4)
1003 3650 1014 3692 ΙΙ
1044 3652 1083 3684 15
1108 3648 1254 3691 ἐπάρχῳ

177 3698 291 3739 (ΑτΙι.)]
313 3693 464 3743 ὑπάρχω
481 3697 550 3728 ML
564 3696 713 3736 (Theod.)
732 3696 744 3738 Ι]
761 3697 803 3727 20
826 3693 975 3737 *μόνοις
990 3695 1059 3727 ML
1077 3694 1090 3733 ΙΙ
1113 3695 1156 3728 24
1173 3704 1256 3726 σαυ-

1322 3070 1386 3102 τοῦ
1409 3070 1695 3111 C'GEHeimbach]
1721 3068 1830 3104 αὐτοῦ
1849 3072 1958 3104 MLB
1982 3071 1994 3115 ΙΙ
2018 3069 2160 3116 ἐπάρχῳ
2179 3073 2226 3112 Β]
2252 3069 2403 3117 ὑπάρχω

1322 3115 1394 3147 ML
1413 3114 1425 3157 ΙΙ
1451 3112 1568 3158 ἱερῶν]
1594 3115 1702 3162 ἱερῶν
1725 3115 1830 3159 ἡμῶν
1856 3117 1906 3148 Bc
1929 3116 1942 3160 ΙΙ
1968 3118 2009 3150 26
2035 3119 2076 3160 cf.
2102 3130 2173 3150 nov.
2197 3119 2272 3150 XX

1383 3251 1396 3281 1
1422 3251 1530 3281 tamen
1548 3250 1584 3281 D
1608 3252 1690 3281 tuno
1714 3250 1744 3281 V
1757 3249 1768 3292 ΙΙ
1785 3251 1805 3281 4
1826 3252 1904 3281 sunt
1929 3263 1986 3282 om.
2001 3251 2035 3282 D
2053 3250 2065 3292 Ι]
2083 3251 2125 3283 ῒιῖι
2150 3250 2205 3294 ΓΙ]
2221 3253 2270 3291 ut]
2296 3253 2329 3283 et
2346 3251 2403 3297 Fu

1322 3293 1509 3325 interdictis
1531 3294 1595 3326 VF'
1610 3293 1622 3336 Ι]
1651 3296 1670 3326 5
1694 3304 1752 3335 per
1777 3307 1834 3326 om.
1853 3295 1885 3327 F
1903 3294 1915 3338 Ι]
1944 3296 2090 3337 propria]
2115 3296 2189 3337 pria
2207 3297 2256 3329 Τι
2279 3307 2339 3339 pro
2364 3298 2402 3330 {a

1323 3340 1393 3378 (sic)
1420 3337 1471 3370 Τ2
1499 3338 1511 3380 Ι]
1543 3337 1612 3369 ullo
1637 3338 1775 3379 iniusto]
1813 3339 1900 3371 iusto
1924 3339 1995 3371 ullo
2019 3341 2056 3380 F,
2094 3340 2222 3373 iniusto
2251 3353 2308 3374 om.
2333 3342 2368 3374 D
2390 3342 2402 3387 Ι]

1324 3384 1343 3414 6
1368 3382 1499 3422 nostris]
1529 3382 1593 3414 nisi
1620 3383 1652 3414 T
1676 3383 1687 3425 ΙΙ
1716 3383 1951 3416 collacionibus
1976 3385 2010 3416 F
2029 3383 2041 3428 Ι]
2072 3387 2092 3419 9
2112 3387 2232 3419 subscr.
2252 3394 2402 3428 praestat

1323 3428 1392 3460 cod.
1411 3427 1532 3467 Paris,
1555 3429 1625 3460 item
1643 3427 1867 3461 Berolz'nensis
1883 3441 1914 3461 a.
1934 3429 2017 3461 1344
2032 3431 2180 3472 scriptus,
2200 3442 2237 3463 ex
2254 3443 2315 3473 quo
2332 3444 2400 3465 eam

1321 3471 1457 3513 protulit
1473 3471 1636 3505 Bienerus
1657 3471 1771 3505 Gesclz.
1793 3474 1823 3505 d.
1841 3472 1924 3505 Nov.
1943 3486 1978 3515 p.
1998 3474 2063 3506 524
2082 3476 2093 3516 Ι]
2117 3476 2400 3518 constantinopoli

1323 3516 1506 3556 imperante
1525 3515 1659 3548 domino
1679 3515 1863 3548 iustiniano
1883 3520 2042 3559 perpetuo
2058 3521 2198 3559 augusto
2215 3520 2324 3554 Paris.
2350 3531 2400 3563 op.

1322 3560 1402 3601 imp.
1428 3559 1505 3591 iust.
1531 3561 1644 3593 Berol.
1675 3560 1686 3602 Ι]
1717 3563 1758 3594 10
1783 3571 1859 3592 ann.
1879 3561 1999 3593 XVlIl
2024 3564 2149 3604 Berol.,
2173 3564 2272 3607 vulq„
2297 3575 2401 3598 annos

1323 3604 1447 3636 XXIII
1465 3604 1574 3638 Paris.
1599 3604 1610 3646 ΙΙ
1633 3604 1726 3637 basil.
1745 3606 1857 3639 Berol.
1882 3606 1894 3648 Ι]
1920 3605 1963 3638 116
1989 3606 2170 3640 clarissimo
2194 3609 2316 3650 Paris„
2341 3623 2400 3644 om.

1327 3649 1437 3681 Berol.
1454 3648 1467 3691 Ι]
1492 3658 1579 3680 anno
1602 3649 1656 3681 111
1680 3651 1779 3693 υιιῖφ,
1803 3651 1920 3684 rectius
1940 3652 2069 3694 imperii
2087 3664 2202 3686 annum
2224 3653 2326 3687 XVII
2350 3668 2399 3689 re-

1324 3694 1427 3726 stituit
1450 3693 1628 3727 Heimbach

2432 1097 2471 1128 15

2432 1323 2474 1354 20

2434 1637 2476 1670 25
