2618 4010
254 146 361 190 Nov.
393 146 452 189 IV
481 149 519 189 2.
551 146 575 188 3

254 259 313 291 καὶ
333 254 590 302 μανδατώρων
610 258 669 290 καὶ
693 254 971 302 ἀντιφωνητιῦν.
1013 252 1151 290 Ταύτὸν
1176 254 1218 289 δέ
1235 257 1335 291 ἐστιν

253 303 368 336 εἰπεῖν
399 298 467 336 κᾶν
498 303 534 335 εἴ
558 311 659 335 τινας
682 299 795 344 ἔχοιεν
817 296 974 336 ἅπαντες
997 293 1093 335 οὗτοι
1117 303 1244 346 σφίσιν
1272 299 1334 334 αὗ-

255 350 326 381 τοῖς
348 343 574 381 ὑπευθύνους
603 348 662 379 καὶ
692 348 771 380 ταῖς
798 342 1065 392 ὖποθηκαρίαις
1096 342 1252 391 ἀγωγαῖς
1280 346 1333 379 ἐν·

254 392 403 434 ἔχεσθαι
439 389 665 436 δυναμένους.
713 390 818 424 Κατὰ
845 393 970 435 μέντοι
999 391 1063 425 τοῦ
1093 388 1334 435 πρωτοτύπου

253 439 311 470 καὶ
334 437 412 470 τῶν
430 436 552 470 ὄντων
571 433 663 482 παρ’
685 433 787 489 εαὐτῳ
808 433 1043 483 πραγμάτων,
1065 435 1135 468 εἴτε
1154 438 1232 468 ταῖς
1252 448 1333 480 περ·
1369 438 1388 471 5
1406 435 1510 470 cariis
1548 445 1631 469 mox
1668 435 1740 470 sive
1775 436 1946 474 ambabus
1981 439 2034 474 uti
2070 439 2231 481 volueri-fi)

253 480 435 515 σοναλίαις
466 481 537 514 εἴτε
568 483 646 514 ταῖς
674 480 940 527 υποθηκαρίαις
972 477 1084 514 εὐθὺς
1118 479 1189 512 εἴτε
1223 478 1333 525 ἄμφο-

252 529 370 572 τέραις
401 523 609 571 χρησασθαι
642 524 856 569 βουληθείη,
892 526 1015 559 πᾶσαν
1051 522 1150 567 αὐτῷ
1187 522 1333 569 δίδομεν

251 569 393 613 ἄδειαν,
419 569 488 613 τὴν
520 570 732 615 ἔμπροσθεν
764 567 848 615 ἡμῖν
879 570 1068 616 εἰρημένην
1090 566 1178 603 ὁδόν
1209 582 1250 603 τε
1273 572 1332 603 καὶ

251 613 356 656 τάξιν
378 616 438 649 ἐπὶ
461 616 539 649 τῶν
562 613 683 650 ἄλλων
704 613 910 671 προςεόπων
930 628 969 648 τε
990 616 1049 647 καὶ
1074 613 1251 658 θεμάτων
1275 627 1332 648 νο-

1335 140 1389 191 26

2033 159 2092 194 DE
2121 157 2484 195 FIDEIUSSORIBUS

1409 267 1538 292 sorum.
1587 257 1683 292 Idem
1703 259 1758 293 est
1773 258 1892 295 dicere
1907 260 1962 296 vel
1979 260 2009 296 si
2033 271 2122 306 quos
2147 261 2339 297 habuerint
2363 270 2484 296 omnes

1406 301 1477 346 ipsi
1500 301 1642 354 sibimet
1665 301 1840 381 ohuzatos
1855 306 1892 340 et
1912 304 1972 350 qui
1995 305 2259 351 hypothecariis
2280 305 2482 341 actionibus

1405 349 1519 382 teneri
1543 350 1692 390 possmt.
1769 351 1873 383 ontra
1895 349 2108 396 principales
2132 354 2251 386 tamen
2268 353 2304 385 et
2324 349 2478 385 existen-

1405 394 1460 426 tes
1491 390 1587 435 apud
1616 400 1680 426 eos
1709 399 1768 427 res
1804 392 1891 434 (sive
1921 395 2169 439 personalibus
2201 395 2275 430 sive
2305 393 2480 446 hypothe3

2277 449 2414 475 omnem
2451 448 2482 472 ει

1405 480 1530 515 damus
1554 479 1750 522 licentiam,
1783 490 1874 525 quae
1898 481 2029 518 dudum
2052 494 2074 518 a
2097 485 2198 519 nobis
2222 483 2321 518 dicta
2345 487 2418 524 est,
2446 487 2482 517 et

1404 524 1497 559 viam
1522 526 1558 558 et
1579 524 1738 559 ordinem
1764 524 1801 559 in
1832 525 1910 561 aliis
1938 528 2098 571 personis
2122 529 2336 572 casibusque
2360 527 2477 563 sanci-

1403 571 1488 604 tam.
1525 568 1574 603 Et
1591 579 1663 603 non
1683 569 1796 604 solum
1821 570 1888 604 hoc
1912 571 1948 604 in
1973 572 2204 608 creditoribus
2228 573 2388 615 dicimus,
2413 572 2477 606 sed

1402 618 1440 649 et
1462 614 1493 649 si
1516 614 1595 658 quis
1619 614 1743 649 emerit
1766 614 1901 659 aliquid
1923 615 1968 650 ab
1992 615 2122 662 aquuo,
2147 617 2274 654 deinde
2297 616 2477 667 acceperit

250 659 531 704 μοθετὴσαντες.
581 663 651 693 Καὶ
683 674 722 694 ου
757 661 863 694 τοῦτο
894 657 1008 712 μόνον
1038 661 1098 694 ἐπὶ
1130 657 1333 693 δανειστῶν
1349 662 1388 694 10
1403 670 1483 694 eum
1519 669 1623 705 quem
1652 664 1782 694 vocant
1819 658 2120 704 confirmatorem,
2155 665 2191 696 et
2223 664 2408 697 moveatur
2444 671 2479 695 ln

252 707 382 751 φαμέν,
413 702 501 739 ἀλλὰ
526 708 583 739 καὶ
609 705 645 738 εἴ
663 717 716 740 τις
741 702 922 747 ὠνήσαιτο
945 718 981 738 τι
1005 702 1103 751 παρά
1123 715 1228 745 τινος,
1254 703 1332 738 εἶτα

251 750 317 784 τὸν
340 748 562 795 καλούμενον
581 749 683 794 λάβοι
706 748 925 794 βεβαιωτήν,
950 752 1009 782 καὶ
1031 747 1219 783 σαλεύοιτο
1242 746 1331 782 κατά

251 809 286 829 τι
311 794 355 829 τὰ
375 795 436 838 τῆς
459 793 639 841 πράσεως,
673 796 852 841 ἐναγωγῆς
876 793 966 828 κατὰ
990 795 1053 827 τοῦ
1078 793 1215 841 πράτου
1238 807 1332 840 γινο-

250 843 374 884 μένης,
410 839 459 884 μὴ
493 839 592 892 πρὸς
608 839 674 874 τὸν
706 837 914 893 βεβαιωτὴν
947 835 1106 893 εὐθυς-ὁ
1135 836 1334 886 ἀγοραστὴς

1402 704 1521 749 aliquo
1545 704 1757 739 venditionis
1778 703 1965 739 conventio
1989 708 2115 740 contra
2134 706 2351 742 venditorem
2373 707 2478 746 facta,

1402 760 1475 785 non
1507 749 1676 785 adversus
1714 749 1999 784 confirmatorem
2032 759 2115 785 mox
2149 755 2287 796 emptor
2320 750 2479 791 accedat,

1403 804 1517 840 neque
1551 799 1729 830 tenentem
1765 794 1897 839 aliquid
1922 804 2051 829 -rerum
2084 795 2297 838 venditoris,
2338 796 2401 831 sed
2436 795 2480 830 ad

1401 840 1618 876 venditorem
1642 840 1759 885 prius,
1785 843 1821 875 et
1844 839 1895 875 sic
1919 838 1965 874 ad
1991 838 2292 884 confirmatorem,
2315 845 2352 876 et
2374 842 2480 876 tertio

250 889 424 939 χωρείτω,
443 882 534 928 μηδὲ
555 898 620 918 τον
644 887 839 926 κατέχοντα
860 896 895 917 τι
919 896 997 918 των
1019 897 1083 918 του
1109 882 1333 932 πεπρακότος
1351 885 1483 921 151000
1520 889 1645 921 contra
1681 885 1947 920 detentatorem.
2003 883 2140 919 Eadem
2174 884 2279 920 etiam
2313 885 2372 921 bic
2407 885 2480 920 exi·

251 943 487 977 πραγματων,
518 927 600 963 ἀλλ’
631 931 690 963 ἐπὶ
721 930 787 962 τὸν
819 929 986 974 πρατῆρα
1015 928 1204 976 πρότερον,
1236 925 1332 964 οὕτω

251 989 290 1009 τε
322 978 381 1010 ἐπὶ
411 975 477 1008 τὸν
508 971 727 1018 βεβαιωτήν,
763 977 822 1006 καὶ
855 973 946 1007 κατὰ
977 978 1106 1020 τρίτην
1135 973 1239 1015 τάξιν
1272 976 1332 1010 ἐπὶ

251 1019 317 1054 τὸν
338 1022 545 1062 κατέχοντα.
589 1019 653 1062 Τῆς
668 1014 775 1061 αὐτῆς
795 1015 990 1053 κάνταῦθα
1010 1017 1217 1066 διαιρέσεως
1228 1018 1334 1062 οὔσης

250 1067 314 1099 ἐπί
329 1077 369 1099 τε
392 1065 470 1098 τῶν
488 1062 686 1108 παρόντων
707 1067 771 1097 ἐπί
790 1076 830 1098 τε
847 1064 927 1098 τῶν
938 1061 1123 1107 ἀπόντων,
1143 1061 1189 1109 ἣν
1201 1063 1331 1122 ἔμπρο-

1403 933 1520 966 stente
1555 929 1727 965 divisione
1762 940 1805 965 su
1832 940 1871 964 er
1906 929 2156 974 praesentibus
2192 934 2229 965 et
2262 930 2480 970 absentibus,

1402 985 1508 1021 quam
1539 974 1672 1012 dudum
1702 975 1739 1011 iu
1769 974 1794 1009 fi
1819 974 2038 1010 eiussoribus
2071 977 2106 1010 et
2142 974 2410 1010 mandatoribus
2446 980 2483 1010 et

1401 1021 1636 1074 sponsoribus
1668 1032 1709 1056 ac
1740 1019 1975 1057 creditoribus
2010 1023 2134 1061 [causa
2157 1019 2368 1062 debitorum]
2397 1030 2481 1055 san-

1402 1067 1565 1112 civimus;
1597 1066 1758 1103 similiter
1781 1067 1965 1102 obtinente
1989 1064 2096 1101 etiam
2124 1065 2161 1099 in
2186 1064 2265 1100 aliis
2290 1065 2482 1100 contracti-

251 1109 346 1144 σθεν
369 1111 432 1144 ἐπί
453 1123 493 1143 τε
516 1110 593 1142 τῶν
618 1109 804 1155 ἐγγυητῶν
827 1112 886 1142 καὶ
909 1106 1166 1155 μανδατώρων
1188 1113 1247 1143 καὶ
1272 1124 1330 1144 αν-
1345 1113 1388 1146 20
1402 1112 1486 1154 bus,
1521 1112 1559 1147 in
1596 1112 1724 1156 quibus
1760 1109 1988 1147 fideiussores
2019 1110 2130 1155 aliqui
2165 1112 2229 1144 aut
2257 1109 2482 1145 mandatores

249 1155 470 1208 τιφωνητιῦν
500 1155 563 1188 ἐπί
591 1167 631 1187 τε
660 1154 738 1188 τῶν
762 1151 1036 1197 δανεισαμένων
1067 1154 1331 1200 ἐνομοθετήσα-

248 1213 325 1243 μεν.
379 1201 519 1243 Ομοίως
541 1195 668 1233 τούτου
693 1200 909 1246 κρατοῦντος
940 1202 1000 1233 καὶ
1025 1202 1084 1234 ἐπὶ
1109 1201 1187 1235 τῶν
1211 1198 1332 1235 ἄλλων

249 1238 568 1291 συναλλαγμάτων,
599 1245 639 1278 ἐν
662 1243 712 1278 οἷς
742 1246 913 1291 ἐγγυηταί
937 1257 1032 1279 τινες
1054 1242 1076 1289 ἢ
1098 1243 1332 1294 μανδάτωρες

249 1288 270 1332 ἣ
290 1288 542 1344 ἀντιφωνηταὶ
561 1287 836 1337 προςληφθεῖεν,
857 1291 920 1325 ἐπί
935 1303 976 1324 τε
994 1288 1119 1325 αὐτῶν
1134 1292 1213 1325 τῶν
1234 1304 1331 1337 πρω-

1401 1160 1465 1191 aut
1487 1167 1676 1202 sponsores
1707 1157 1786 1192 acci
1812 1157 1946 1200 iuntur,
1979 1160 2015 1192 et
2037 1158 2075 1192 in
2104 1155 2194 1201 ipsis
2225 1154 2484 1200 principalibus

1401 1212 1446 1237 ex
1469 1206 1621 1247 utroque
1647 1206 1684 1237 et
1713 1202 1750 1237 in
1807 1202 1970 1238 eredibus
1995 1212 2117 1237 eorum
2142 1205 2178 1237 et
2201 1199 2482 1236 successoribus.

1401 1247 1558 1292 Antiqua
1599 1247 1772 1292 siquidem
1810 1247 1868 1283 lex
1903 1247 1992 1283 haec
2022 1247 2140 1282 valeat
2170 1257 2294 1281 rursus
2332 1249 2368 1280 et
2403 1254 2483 1280 cum

1401 1292 1603 1328 huiusmodi
1631 1293 1769 1327 iustitia
1793 1295 1902 1337 atque
1925 1292 2096 1328 divisione
2128 1295 2270 1327 nostros
2303 1290 2483 1327 subiectos

248 1347 422 1370 τοτυπων
445 1334 678 1388 ἑκατέρωθεν
702 1335 766 1369 ἐπί
786 1348 827 1369 τε
850 1336 928 1369 τῶν
950 1333 1185 1390 κληρονόμων
1209 1335 1333 1370 αὐτῶν
1347 1339 1387 1371 25
1401 1336 1531 1372 foveat.

248 1383 310 1414 καὶ
334 1377 527 1435 διαδόχων.
582 1381 611 1413 0
629 1381 697 1424 μὲν
720 1373 785 1413 οῦν
809 1378 959 1415 παλαιὸς
982 1378 1089 1426 νόμος
1109 1394 1226 1415 ταυτα
1250 1395 1332 1429 κρα-

248 1429 356 1459 τείτω
379 1437 420 1458 τε
444 1423 568 1466 αυθις,
600 1427 659 1458 καὶ
689 1423 780 1476 μετὰ
804 1424 935 1469 ταύτης
957 1426 1018 1468 τῆς
1042 1424 1270 1470 δικαιοσύνης
1293 1439 1333 1460 τε

248 1473 307 1503 καὶ
330 1470 392 1513 τῆς
412 1467 618 1516 διαιρέσεως
639 1481 719 1504 τους
740 1466 925 1515 ἡμετέρους
942 1468 1117 1513 ὑπηκόους
1141 1470 1331 1507 θαλπέτω.

1247 1560 1406 1597 CAPUT
1430 1560 1495 1596 111.

292 1619 356 1674 (1²)
407 1626 452 1661 Τὸ
477 1625 518 1661 δὲ
542 1627 666 1673 ἐφεξῆς
695 1630 773 1661 ταῖς
796 1625 1053 1682 ἀνθρωπίναις
1076 1628 1243 1672 βοηθοῦν
1268 1629 1330 1663 θε-

1447 1629 1550 1673 Quod
1582 1632 1701 1665 autem
1733 1629 1777 1664 de
1803 1633 1922 1664 cetero
1953 1629 2119 1665 humanis
2150 1630 2343 1666 auxiliatur
2374 1631 2483 1672 curis,

272 1677 422 1714 απείαις,
444 1673 475 1707 εἰ
498 1676 559 1706 καί
576 1683 651 1706 τισι
675 1673 753 1706 τῶν
774 1670 1018 1715 δανειζόντων
1039 1672 1080 1707 οὐ
1102 1673 1332 1715 καταθύμιον
1346 1674 1487 1710 301icet
1510 1674 1723 1718 quibusdam
1755 1674 1994 1710 creditoribus
2023 1685 2095 1710 non
2126 1674 2220 1710 forte
2252 1675 2300 1710 sit
2330 1680 2482 1720 gratum,
2502 1703 2505 1705 -

249 1729 334 1753 ισως
357 1720 468 1759 ἐστίν,
502 1714 583 1751 ἀλλ’
611 1711 675 1750 οῦν
698 1715 782 1761 ἡμῖν
806 1717 893 1764 πριῖς
924 1717 1212 1763 φιλανθρωπίαν
1233 1732 1331 1753 νενο-

246 1762 484 1808 μοθετήσθω.
533 1762 579 1796 Εἰ
607 1759 676 1809 γάρ
706 1773 760 1796 τις
795 1761 972 1798 δανείσειε
1001 1767 1157 1810 χρυσίον,
1191 1764 1237 1811 τῇ
1267 1765 1332 1798 τοῦ

248 1807 521 1852 δεδανεισμένου
552 1811 742 1863 περιουσίᾳ
771 1807 966 1850 πιστεύων,
998 1807 1017 1842 ὁ
1048 1806 1088 1842 δὲ
1117 1809 1165 1843 εἰς
1196 1812 1333 1843 ἔκτισιν

270 1857 392 1900 ρυσίου
411 1854 480 1897 μὲν
501 1850 565 1887 οὐκ
584 1857 762 1899 ευποροίη,
783 1857 993 1899 περιουσίαν
1006 1850 1046 1887 δὲ
1062 1850 1233 1897 ἀκίνητον
1247 1856 1332 1897 ἔχοι,

1402 1730 1424 1755 a
1447 1719 1551 1755 nobis
1574 1722 1693 1755 tamen
1715 1723 1866 1773 propter
1891 1719 2114 1755 clementiam
2139 1720 2309 1755 sancitur.
2347 1720 2386 1756 Si
2405 1722 2483 1766 quis

1402 1765 1495 1800 enim
1527 1767 1743 1800 mutuavent
1773 1775 1900 1800 aurum
1935 1764 2107 1801 debitoris
2142 1766 2366 1801 substantiae
2406 1777 2481 1802 cre-

1402 1810 1509 1853 dens,
1539 1813 1578 1845 at
1609 1809 1669 1845 ille
1693 1809 1738 1845 ad
1760 1809 2021 1846 restitutionem
2045 1810 2125 1845 auri
2156 1820 2228 1846 non
2253 1811 2300 1846 sit
2322 1810 2482 1853 idoneus,

1403 1855 1640 1890 substantiam
1670 1857 1790 1890 autem
1820 1855 2033 1890 immobilem
2064 1855 2213 1900 habeat,
2249 1866 2370 1891 verum
2405 1867 2483 1892 cre-

248 1914 267 1933 o
293 1897 480 1940 ὃανειστὴς
503 1896 543 1932 δὲ
566 1899 743 1933 ἐπικέοιτο
774 1901 833 1932 καὶ
865 1901 1010 1945 χρυσίον
1033 1896 1181 1933 πάντως
1210 1899 1329 1941 έπιζη-
1345 1903 1384 1935 35
1401 1900 1497 1935 ditor
1515 1900 1640 1935 ardeat
1663 1909 1792 1935 aurum
1811 1900 2011 1935 omnimodo
2031 1910 2218 1945 quaerens,
2239 1900 2289 1936 illi
2307 1911 2390 1937 vero
2408 1913 2482 1937 non

247 1948 345 1987 τοίη,
369 1944 423 1986 τῷ
447 1940 488 1977 δὲ
510 1940 571 1977 οὗκ
596 1943 649 1986 εἴη
673 1941 873 1990 πρόχειρον,
898 1941 985 1977 οὐδέ
1005 1955 1059 1978 τις
1082 1942 1210 1986 κινητὴ
1233 1956 1329 1991 περι-

248 1993 352 2022 ουσία
371 1985 534 2033 (δίδομεν
548 1986 615 2034 γὰρ
636 1989 690 2031 τῷ
710 1987 880 2036 δανειστῇ
894 1987 1101 2044 βουλομένῳ
1122 1991 1181 2022 καὶ
1202 1988 1331 2031 κινητὰ

248 2031 443 2081 πράγματα
467 2032 593 2077 λαβεῖν
616 2030 697 2067 ἀντὶ
722 2037 896 2080 χρυσίου),
928 2029 994 2067 ἀλλ
1035 2029 1120 2067 οὐδέ
1140 2044 1194 2067 τις
1219 2030 1328 2068 ὠνού-

248 2089 352 2122 μενος
369 2075 522 2122 ἀκίνητα
543 2074 652 2112 αὐτοῦ
676 2078 872 2131 πράγματα
890 2082 1030 2132 παρείη,
1054 2079 1117 2113 τοῦ
1139 2076 1328 2114 δανειστοῦ

1401 1945 1447 1981 sit
1471 1944 1588 1988 facile,
1613 1955 1728 1990 neque
1751 1945 1826 1980 ulla
1841 1945 1982 1980 mobilis
2001 1945 2206 1981 substantia
2228 1945 2368 1988 (damus
2390 1947 2482 1982 enim

1401 1990 1568 2026 creditori
1599 1989 1731 2026 volenti
1754 1990 1951 2026 immobiles
1983 2001 2041 2025 res
2073 1990 2151 2026 acci
2177 2000 2236 2026 ere
2267 2002 2332 2037 pro
2367 1995 2482 2032 auro),

1400 2036 1461 2071 sed
1486 2035 1517 2070 si
1540 2046 1605 2071 nec
1629 2034 1806 2080 quispiam
1836 2039 1975 2080 emptor
2004 2036 2148 2071 immobi
2164 2035 2236 2070 ‘um
2264 2035 2341 2072 eius
2364 2046 2481 2072 rerum

1399 2080 1510 2122 adsit,
1536 2081 1710 2116 creditore
1733 2080 1940 2125 frequenter
1966 2081 2071 2115 etiam
2091 2081 2294 2126 divulgante
2317 2082 2482 2126 quoniam

249 2120 417 2159 πολλάκις
439 2125 498 2157 καὶ
524 2122 781 2178 &evil-omres,
814 2134 861 2157 ως
883 2124 1071 2159 υπόκειται
1100 2122 1146 2158 τὰ
1178 2125 1242 2158 τοῦ
1267 2122 1385 2160 ‹la-40
1399 2126 1586 2161 subiacent
1621 2125 1791 2161 debitoris
1823 2136 1898 2167 res,
1936 2130 1971 2160 et
2003 2126 2048 2160 ob
2085 2126 2155 2161 hoc
2191 2127 2348 2162 terrente
2384 2126 2483 2163 adire

248 2171 460 2213 νεισαμένου
481 2180 688 2216 πραγματα,
709 2172 769 2202 καὶ
788 2168 900 2216 ταύτῃ
922 2169 1121 2215 φοβοῦντος
1132 2167 1214 2204 τοὺς
1226 2181 1327 2217 προς-

294 2261 438 2302 32-27,
467 2260 506 2294 18
532 2261 651 2294 habent
674 2259 855 2294 Procbiron
883 2261 934 2301 16,
956 2267 1000 2298 113
1026 2260 1234 2305 Epanayoqe
1258 2262 1312 2302 28,
1335 2269 1378 2295 12.

247 2347 435 2385 dicendum
461 2352 531 2391 est,
561 2349 594 2383 si
616 2359 708 2395 quos
730 2347 768 2384 bi
796 2359 918 2384 omnes
943 2348 1084 2384 sibimet
1113 2348 1293 2396 obliqatos
1318 2348 1477 2385 habeant
1501 2351 1635 2397 quique
1655 2349 1928 2402 bypatkecariis
1953 2350 2157 2386 actionibus
2183 2351 2299 2388 teneri
2321 2353 2478 2399 possint.

248 2393 295 2430 In
318 2393 512 2430 debitorem
538 2397 658 2429 tamen
676 2393 922 2440 principalem
946 2397 1055 2439 atque
1077 2405 1137 2429 res
1160 2405 1254 2440 quae
1276 2393 1316 2429 in
1332 2395 1411 2430 eius
1427 2405 1538 2430 manu
1557 2399 1654 2437 sunt,
1676 2406 1751 2431 sive
1771 2395 1977 2430 actionibus
1997 2395 2255 2442 personalibus
2275 2396 2351 2432 sive
2367 2395 2481 2444 hypo-

249 2439 419 2475 thecariis
452 2439 576 2474 statim
606 2439 681 2474 sive
713 2438 878 2490 utrisque
903 2439 957 2474 uti
987 2438 1090 2482 velit,
1126 2450 1264 2475 omnem
1295 2439 1329 2475 ei
1358 2439 1540 2476 licentiam
1559 2439 1713 2482 damus,
1739 2439 1935 2486 praedicta
1960 2451 1983 2475 a
2015 2436 2119 2475 nobis
2145 2441 2204 2476 via
2229 2444 2264 2477 et
2287 2439 2416 2478 ordine
2441 2443 2506 2481 in„

246 2484 398 2531 reliquis
421 2488 456 2519 et
511 2484 651 2519 ersonis
678 2487 715 2519 et
742 2483 887 2519 casibus
913 2484 1066 2519 sancita.
1114 2483 1242 2530 Neque
1271 2484 1387 2520 solum
1413 2484 1458 2521 de
1489 2484 1727 2520 creditoribus
1757 2484 1827 2520 boc
1854 2484 2022 2527 dicimus,
2056 2496 2178 2521 verum
2210 2486 2319 2521 etiam
2343 2486 2378 2522 si
2399 2488 2482 2533 quis

247 2541 270 2564 a
294 2540 367 2575 quo
391 2530 454 2575 qui
502 2529 629 2564 emerit
651 2533 690 2564 at
718 2540 761 2564 ue
784 2529 1075 2574 confirmatorem
1099 2540 1204 2581 quem
1227 2534 1358 2565 vocant
1379 2530 1576 2576 acceperit,
1601 2534 1638 2565 et
1657 2529 1835 2572 venditio,
1865 2531 2008 2565 actione
2030 2534 2158 2566 contra
2182 2530 2402 2567 venditorem
2425 2532 2480 2567 in-

246 2575 386 2616 stituta,
410 2573 642 2620 aliquatenus
665 2539 919 2620 labefactetur,
939 2584 1014 2609 non
1032 2578 1154 2609 statim
1175 2574 1467 2620 confirmatorem
1487 2578 1629 2621 emptor
1649 2575 1840 2610 conveniat
1856 2586 1972 2620 neque
1991 2586 2083 2617 eum,
2103 2575 2166 2620 qui
2189 2575 2280 2620 quid
2301 2586 2352 2611 ex
2373 2575 2481 2612 rebus

246 2618 444 2654 venditoris
472 2618 625 2661 detinet,
656 2618 721 2654 sed
744 2619 856 2665 prius
885 2618 1122 2661 venditorem,
1153 2618 1308 2665 indeque
1339 2619 1647 2665 confirmatorem,
1678 2623 1714 2654 et
1744 2619 1849 2654 tertio
1881 2619 1962 2654 loco
1994 2618 2222 2655 detentorem.
2270 2618 2480 2667 Eademque

247 2664 306 2700 hic
329 2675 474 2710 quoque
497 2663 680 2699 distinctio
704 2667 741 2699 et
766 2663 805 2698 in
828 2663 1085 2709 praesentibus
1107 2667 1144 2699 et
1165 2663 1204 2698 in
1227 2663 1434 2699 absentibus
1455 2663 1683 2706 adhibeatur,
1716 2675 1826 2710 quam
1853 2668 1962 2699 antea
1987 2668 2060 2699 tam
2089 2664 2128 2698 in
2147 2663 2423 2709 fideiussoribus
2444 2672 2479 2702 et

247 2708 522 2744 mandatoribus
552 2712 589 2744 et
615 2708 793 2755 pecuniae
813 2708 1029 2743 constitutae
1058 2708 1130 2744 reis
1153 2720 1263 2754 quam
1286 2709 1324 2744 in
1353 2707 1575 2745 debitoribus
1602 2709 1803 2744 sanximus.
1851 2707 1958 2752 Quod
1982 2708 2148 2744 similiter
2178 2709 2214 2743 in
2240 2709 2369 2745 ceteris
2391 2721 2478 2756 quo-

247 2765 317 2800 que
340 2752 587 2789 contractibus
610 2753 787 2795 obtineat,
817 2753 856 2787 in
880 2753 1011 2798 quibus
1037 2753 1270 2799 fideiussores
1299 2753 1415 2800 aliqui
1445 2757 1512 2790 aut
1537 2752 1770 2790 mandatores
1798 2758 1864 2789 aut
1921 2754 2070 2789 ecuniae
2094 2754 2312 2790 constitutae
2332 2755 2388 2790 rei
2415 2755 2478 2791 ad—

246 2798 382 2845 sumpti
402 2802 525 2841 erunt,
549 2803 586 2833 et
603 2803 675 2833 tam
699 2798 737 2833 in
758 2798 849 2844 ipsis
869 2797 1049 2844 utrimque
1071 2797 1291 2834 debitoribus
1307 2797 1582 2879 principalibus
1603 2809 1711 2845 quam
1737 2798 1776 2833 in
1797 2797 1881 2834 here
1907 2797 1986 2833 ibus
2006 2809 2128 2834 eorum
2149 2803 2185 2834 et
2201 2798 2477 2836 successoribus.

248 2842 380 2890 Itaque
400 2844 552 2889 antiqua
576 2842 639 2878 lex
662 2843 700 2878 in
720 2842 777 2878 his
800 2848 836 2878 et
856 2854 985 2878 rursus
1005 2843 1124 2879 valeat
1144 2847 1180 2879 et
1203 2854 1281 2878 cum
1333 2854 1376 2879 ac
1397 2843 1537 2879 iustitia
1559 2854 1603 2879 ac
1625 2842 1856 2879 distinctione
1875 2842 2038 2878 subditos
2058 2847 2207 2879 nostros
2226 2844 2364 2890 foveat.

382 2888 445 2924 111.
496 2888 671 2935 Deinceps
694 2899 778 2924 vero
799 2887 900 2934 quod
922 2887 1088 2923 humanis
1112 2889 1210 2924 curis
1229 2889 1410 2932 subvenit,
1434 2888 1518 2924 licet
1539 2887 1754 2935 quibusdam
1773 2887 2013 2924 creditoribus
2032 2893 2179 2934 qratum
2197 2889 2301 2933 forte
2323 2899 2398 2924 non
2416 2889 2476 2932 sit,

247 2938 288 2970 at
307 2945 331 2969 a
348 2932 453 2969 nobis
470 2933 665 2968 secundum
685 2933 942 2969 humanitatem
959 2934 1138 2968 sancitum
1162 2937 1248 2969 esto.
1290 2933 1332 2969 Si
1353 2933 1435 2980 quis
1453 2933 1547 2969 enim
1565 2932 1738 2970 debitoris
1753 2932 1995 2984 facultatibus
2015 2933 2173 2978 confisus
2191 2938 2350 2969 mutuam
2363 2945 2475 2986 pecu-

248 2979 346 3014 niam
367 2977 517 3020 dederit,
541 2978 602 3013 ille
626 2989 709 3014 vero
732 2977 781 3013 ad
801 2978 995 3024 pecuniam
1016 2977 1224 3014 solvendam
1244 2989 1319 3014 non
1339 2978 1470 3021 valeat,
1493 2978 1589 3014 bona
1610 2982 1730 3014 autem
1749 2977 1945 3013 immobilia
1965 2976 2106 3021 habeat,
2130 2983 2166 3014 et
2189 2977 2348 3014 creditor
2369 2983 2476 3015 instet

248 3029 358 3070 atque
378 3023 570 3070 pecuniam
596 3024 741 3058 omnino
762 3023 924 3069 flaqitet,
957 3027 996 3058 at
1019 3023 1074 3058 illi
1095 3023 1134 3058 in
1148 3027 1328 3070 promptu
1351 3035 1426 3059 non
1448 3023 1497 3059 sit
1519 3034 1635 3069 neque
1665 3022 1741 3059 ulla
1764 3033 1824 3059 res
1847 3022 1988 3058 mobilis
2019 3022 2261 3064 (concedimus
2283 3023 2376 3058 enim
2400 3033 2475 3059 cre—

248 3068 372 3111 ditori,
394 3068 427 3103 si
450 3067 545 3111 velit,
569 3068 677 3104 etiam
701 3079 758 3103 res
782 3067 930 3104 mobiles
951 3079 1022 3115 pro
1040 3068 1202 3114 pecunia
1225 3069 1415 3115 accipere),
1437 3078 1481 3103 ac
1499 3079 1544 3103 ne
1562 3079 1616 3104 em
1646 3072 1704 3104 tor
1727 3067 1868 3114 quidem
1893 3067 2126 3103 immobilium
2148 3068 2226 3103 eius
2245 3079 2364 3103 rerum
2380 3067 2475 3104 inve-

249 3115 383 3156 niatur,
407 3124 487 3149 cum
505 3113 639 3159 forsan
660 3113 715 3148 vel
733 3113 894 3159 divulqet
914 3113 1074 3148 creditor
1089 3113 1184 3148 bona
1204 3112 1378 3149 debitoris
1398 3114 1549 3160 piynori
1568 3113 1611 3149 ob
1628 3114 1730 3159 iqata
1753 3123 1829 3149 esse
1850 3113 1974 3159 itaque
1992 3113 2174 3148 deterreat
2193 3112 2243 3147 ad
2261 3113 2473 3160 emptionem

294 3229 314 3260 2
349 3222 417 3259 κᾶν
444 3227 485 3259 M
490 3228 548 3269 (ς)]
574 3228 632 3259 καὶ
658 3227 726 3259 LB
753 3228 878 3268 Procli,
904 3227 1013 3270 Epan.
1042 3227 1055 3270 11
1085 3229 1105 3261 6
1142 3238 1327 3271 προσωπι-
1446 3229 1458 3260 1
1487 3226 1644 3259 babuerit
1668 3227 1700 3260 R
1729 3226 1742 3269 11
1765 3227 1944 3259 *homines
1967 3226 2088 3265 (hoo-s
2118 3226 2182 3265 Vl)
2206 3226 2284 3259 libra·
2308 3225 2321 3269 11
2350 3227 2370 3260 2
2393 3225 2475 3268 ipsis

250 3274 324 3304 καῖς
349 3273 379 3305 L
413 3272 542 3314 Procli„
578 3272 688 3315 Epan.
720 3270 732 3315 11
761 3274 777 3304 7
817 3268 936 3304 αὐτοῖς
970 3272 998 3304 L
1025 3270 1038 3316 11
1067 3273 1088 3306 9
1124 3268 1329 3315 θεαμάτων

255 3317 295 3348 [2¹
331 3316 344 3359 11
381 3319 416 3350 17
443 3329 490 3360 sq.
527 3319 559 3351 in
585 3317 616 3350 L
649 3324 724 3359 post
754 3329 803 3350 υυ.
829 3318 888 3350 ἐπὶ
920 3314 988 3358 τὴν
1014 3318 1087 3355 (sic)
1119 3315 1328 3360 βεβαιωτὴν

253 3362 341 3393 initio
366 3363 389 3399 f.
415 3363 451 3394 9*
485 3374 593 3395 errore
622 3363 764 3404 repetitis
784 3374 833 3395 vv.
862 3359 933 3394 κᾶν
961 3357 1145 3395 σαλεύοιτο
1175 3358 1268 3395 κατά
1292 3374 1327 3394 τι

256 3424 296 3428 ⁷-
320 3405 543 3449 πεπρακότας
573 3402 799 3452 πραγμάτων
828 3408 940 3446 (12-
957 3408 1010 3447 16)
1041 3408 1149 3441 statim
1173 3408 1329 3440 subicitur

253 3451 315 3482 ἐπί
337 3462 375 3482 τε
398 3450 476 3482 τῶν
499 3447 673 3484 ἀπόντων
695 3453 737 3490 (υ.
755 3453 809 3492 19)
833 3452 948 3484 mediis
971 3452 1118 3493 omissis,·
1145 3464 1185 3486 m.
1199 3453 1219 3485 2
1244 3452 1329 3485 delet

251 3491 317 3526 κᾶν
345 3514 386 3518 -
412 3493 637 3540 πραγμάτων
669 3504 699 3529 et
731 3498 762 3530 in
795 3509 855 3539 my.
880 3497 1007 3538 supplet
1036 3498 1096 3529 καὶ
1127 3499 1233 3543 τρίτη
1265 3493 1326 3529 τά-

251 3537 304 3576 ξει
327 3537 418 3571 κατὰ
443 3542 505 3571 τοῦ
529 3542 752 3581 κατέχοντος·
781 3541 844 3583 τῆς
873 3535 1044 3583 αὖτῆςδέ
1074 3542 1134 3574 καὶ
1159 3540 1326 3574 ἐνταῦθα

250 3579 355 3623 οὔσης
378 3583 439 3625 τῆς
463 3581 668 3628 διαιρέσεως
688 3587 752 3619 ἐπί
772 3598 813 3619 τε
831 3582 1029 3630 παρόντων
1044 3585 1056 3629 11
1077 3587 1118 3619 26
1141 3581 1255 3627 ταύτη
1274 3585 1328 3630 [ΛΗ

252 3628 295 3660 29
321 3628 516 3671 θεραπείας
539 3629 569 3660 L
594 3630 606 3671 11
633 3632 669 3663 31
698 3629 1019 3673 νενομοθετείσθω
1040 3631 1081 3662 Μ
1087 3631 1137 3664 ⁰12
1161 3630 1174 3675 11
1198 3632 1240 3665 33
1264 3627 1327 3664 δα·

252 3673 463 3715 νεισιιμείὀυ
491 3673 617 3713 1)]-οι-Ιι.,
643 3675 751 3716 Εραη.
768 3675 780 3717 11
800 3678 841 3708 36
866 3673 908 3709 τὸ
929 3672 970 3708 δὲ
993 3676 1019 3708 L
1038 3675 1165 3716 Proca,
1191 3672 1329 3720 Epora-ss

254 3718 295 3750 37
321 3716 445 3760 κιιήτιὶ
477 3719 639 3756 mincius]
670 3716 818 3760 ἀκίνητα
845 3721 921 3754 libri
944 3722 989 3762 (ς)

1397 3272 1483 3315 vulo.
1502 3271 1550 3315 113
1575 3273 1698 3312 tamen]
1724 3274 1853 3304 tantum
1878 3271 1911 3304 R
1929 3271 1976 3313 115
2008 3271 2166 3304 ambobus
2199 3270 2251 3313 V}
2269 3271 2301 3303 ei
2323 3282 2382 3304 om.
2410 3271 2443 3303 V
2460 3270 2473 3313 11

1397 3319 1418 3350 6
1441 3316 1543 3358 dicta]
1568 3315 1672 3349 electa
1698 3317 1729 3350 R
1746 3315 1759 3360 11
1776 3319 1796 3351 9
1820 3315 1938 3349 deinde
1959 3317 2020 3348 hac
2045 3315 2208 3359 acceperit
2230 3314 2290 3357 Ru
2313 3316 2352 3348 to
2374 3318 2473 3347 noent

1395 3361 1458 3405 Ru
1479 3364 1518 3396 15
1544 3361 1599 3394 bic
1618 3362 1717 3394 etiam
1745 3362 1797 3404 Vn
1819 3363 1858 3395 lS
1882 3361 1933 3402 ac]
1958 3371 1978 3393 a
1998 3362 2044 3394 R¹
2060 3360 2073 3406 11
2091 3369 2189 3394 causa
2205 3359 2391 3392 debitorum
2409 3370 2459 3392 om

1396 3406 1462 3444 R¹;
1488 3416 1586 3440 causa
1610 3406 1795 3439 debitorum
1821 3407 1939 3439 horum
1972 3406 2003 3438 V
2020 3405 2033 3449 11
2056 3407 2095 3440 19
2121 3406 2179 3448 leq.
2200 3402 2354 3436 similiter
2374 3402 2472 3448 (hoc)

1395 3450 1592 3484 obtinente?
1607 3449 1620 3494 11
1639 3452 1679 3485 21
1687 3453 1720 3494 s.
1733 3452 1792 3496 leq.
1802 3450 2034 3494 accipianturfl
2046 3452 2088 3485 24
2100 3450 2231 3483 nostr-s
2241 3448 2271 3482 V
2275 3447 2285 3468 ¹
2298 3446 2312 3490 Ι
2325 3449 2367 3482 29
2380 3450 2468 3481 rubr.

1395 3495 1436 3528 de
1472 3495 1693 3528 solutionibus
1726 3498 1760 3529 et
1794 3494 1972 3529 uerborum
2008 3493 2248 3537 significatione
2281 3492 2349 3526 RT
2375 3505 2435 3535 my.
2459 3493 2471 3538 11

1396 3543 1435 3576 31
1462 3542 1515 3574 An
1533 3540 1704 3573 nancitor?
1729 3541 1937 3583 (Heimbach)
1952 3540 1966 3584 fl
1984 3541 2026 3573 32
2051 3539 2151 3579 enim]
2173 3538 2270 3571 etiam
2290 3537 2377 3569 enim
2398 3538 2444 3570 R¹
2459 3539 2472 3578 11

1395 3584 1601 3619 debitoribus
1619 3585 1666 3618 R*
1684 3585 1696 3630 11
1716 3587 1758 3619 36
1783 3585 1883 3626 enim]
1905 3587 2036 3629 punctis
2059 3584 2122 3626 del.
2147 3584 2180 3616 in
2205 3581 2237 3614 R
2252 3580 2265 3624 11
2283 3582 2326 3615 38
2349 3581 2404 3614 sed
2427 3582 2468 3622 si]

1394 3630 1424 3664 si
1454 3630 1487 3664 V
1504 3629 1561 3662 sed
1589 3630 1632 3663 T*
1663 3630 1676 3673 Ι
1703 3631 1746 3665 39
1781 3629 1960 3663 creditores
1986 3629 2034 3663 R‘⁸
2063 3628 2076 3671 Ι
2103 3625 2305 3668 deuulgante
2335 3626 2433 3676 RQV*
2457 3626 2470 3671 11

1395 3677 1439 3710 40
1462 3674 1655 3707 subiaceant
1686 3675 1750 3708 VT
1761 3674 1775 3718 Ι
1791 3673 1956 3707 debitores
1978 3674 2026 3708 R·
2041 3672 2055 3719 11
2072 3674 2232 3706 terrentes
2253 3671 2304 3706 1³⁶
