2618 4010
317 155 423 197 Nov.
444 153 539 196 0111
573 154 681 194 1—3

313 266 374 297 ἐπὶ
390 261 528 296 τούτοις
547 260 722 306 διαίρεσιν
738 260 829 305 ἡμᾶς
844 262 1074 306 ἐπικυρῶσαι.
1118 258 1203 295 οὐδὲ
1217 261 1287 307 γὰρ
1302 259 1389 296 ὑπο-

311 310 465 351 μένομεν
488 302 601 339 αὐτόν
620 318 660 339 τε
679 307 740 338 καὶ
759 305 828 339 τὸν
843 303 1026 351 πάρεδρον
1054 307 1109 339 ἔτι
1132 305 1202 348 τὴν
1228 305 1389 341 παλαιὰν

311 349 491 384 εὐτέλειαν
520 351 599 383 τῶν
621 347 801 393 σιτήσεων
824 348 980 396 ὁρῶντες
1005 352 1273 394 κομιζομένους,
1305 347 1389 385 οὐδὲ

310 396 378 438 τὴν
402 391 513 428 αὐτοῦ
537 393 643 435 τάξιν
666 394 852 430 παντελῶς
874 392 1090 439 ἀβοήθητον
1113 389 1236 439 azioma,
1256 399 1389 430 καίτοι·

309 453 349 486 γε
374 441 435 474 ἐπὶ
465 438 655 474 τοσαύταις
685 440 858 485 εἰςφοραῖς
887 436 1095 483 κάμνουσαν
1124 453 1165 474 τε
1187 442 1248 473 καὶ
1271 438 1387 474 κινδυ-

310 483 500 518 νεύουσαν·
538 480 626 518 ιῖίςτε
656 480 769 528 αὐτὴν
799 482 967 519 εὐνοϊκῶς
996 497 1037 518 τε
1067 481 1258 531 ὑπουργεῖν
1288 482 1387 527 αὐτῷ

309 533 370 562 καὶ
392 529 475 563 τοὺς
497 526 684 585 δημοσίους
706 530 930 575 εἰςπράττειν
954 528 1083 576 φόρους
1104 533 1164 564 καὶ
1185 526 1390 572 ἀπέχεσθαι

309 572 508 619 λημμάτων
532 572 679 609 αδίκων.

1381 147 1466 195 498

1815 163 1876 196 na
1903 164 2190 197 Pnocossum
2219 148 2526 197 Panaeti-mm

1457 260 1572 296 forma
1590 261 1698 296 etiam
1711 261 1749 297 in
1763 262 1819 300 his
1834 262 2040 300 divisionem
2058 274 2124 300 nos
2145 263 2401 299 confirmemus.
2445 262 2526 299 Non

1457 305 1550 341 enim
1580 306 1736 358 patimur
1764 310 1802 342 et
1829 307 1947 353 ipsum
1975 313 2011 344 et
2040 319 2256 346 assessorem
2287 308 2406 343 adhuc
2434 308 2526 344 anti-

1458 359 1564 401 quam
1585 350 1756 403 utilitatem
1779 361 1998 389 annonarum
2027 354 2257 399 respicientes
2281 353 2457 398 accipere,
2489 357 2525 388 et

1457 404 1546 447 eius·
1566 394 1724 447 osticium
1758 395 1835 431 sine
1869 397 2001 434 solacio
2035 399 2201 442 existere,
2237 409 2316 434 cum
2351 398 2388 433 in
2418 398 2526 433 tantis

1425 444 1444 475 5
1457 440 1677 475 illationibus
1693 440 1851 476 laborem
1866 441 2060 486 periculum
2085 454 2131 480 ue
2144 444 2332 480 sustineat:
2352 446 2526 488 quatenus

1459 488 1495 519 et
1518 483 1643 520 devote
1666 485 1842 521 ministret
1869 486 1902 521 ei
1932 489 1968 521 et
1989 488 2151 532 publicas
2181 489 2298 534 exigat
2325 488 2526 524 functiones

1457 531 1495 564 et
1518 529 1697 565 abstineat
1719 530 1988 576 acceptionibus
2009 531 2161 570 iniustis.

1303 653 1462 690 CAPUT
1483 653 1531 689 H.

359 705 654 752 Ἐπικοινωνὴσει
687 708 727 744 δὲ
749 707 830 743 οὐδ’
857 707 980 744 ὁτιοῦν
1010 713 1086 744 ταῖς
1109 708 1307 745 πολιτικαῖς
1331 711 1383 743 αἰ-

1509 708 1791 744 Communicabit
1820 712 1940 744 autem
1968 709 2005 744 in
2027 709 2125 746 nullo
2156 710 2315 749 civilibus
2347 715 2465 750 causis
2489 716 2526 750 et

309 757 402 788 τίαις
431 757 491 787 καὶ
520 758 599 788 ταῖς
628 756 705 789 τῶν
737 753 921 799 δημοσίων
952 754 1080 809 φόρων
1112 753 1334 799 εἰςπράξεσιν
1365 752 1385 789 ὁ
1400 758 1441 789 10
1453 754 1628 790 fiscalium
1643 754 1856 789 tributorum
1873 754 2118 790 exactionibus
2132 765 2198 799 per
2212 761 2372 803 tempora
2386 763 2525 805 specta·

309 799 400 832 κατὰ
427 799 556 845 καιρὸν
580 799 815 844 περίβλεπτος
837 801 915 834 τῶν
938 813 1068 834 τοπων
1092 797 1195 841 δούξ,
1219 797 1302 833 ἀλλ’
1326 796 1387 832 αὗ-

309 844 370 878 τὸς
394 845 518 878 πᾶσαν
542 842 730 888 ἰδιωτικήν
752 859 792 879 τε
815 848 873 878 καὶ
899 843 1076 888 δημοσίαν
1099 844 1192 879 κατὰ
1207 845 1250 878 τὸ
1271 845 1388 891 ῥηθὲν

310 890 432 922 αἰτίαν
455 887 646 935 διακρινεῖ,
671 893 730 924 καὶ
753 889 909 934 μάλιστα
931 888 1087 924 πάντων
1111 887 1303 934 προνοήσει
1326 891 1389 933 τῆς

1456 799 1536 835 bilis
1555 800 1717 835 locorum
1733 799 1815 839 dux.
1839 799 1901 835 sed
1920 799 1996 844 ipse
2015 810 2153 835 omnem
2170 800 2340 845 privatam
2359 807 2395 839 et
2410 805 2524 849 publi·

1456 854 1549 888 cam,
1582 845 1688 880 sicuti
1712 844 1846 879 dictum
1869 848 1939 887 est,
1971 854 2116 880 causam
2139 844 2333 890 discernet,
2365 851 2401 884 et
2449 859 2524 885 rae-

1456 890 1560 934 cipue
1590 890 1745 925 omnium
1773 889 1989 934 providebit,
2019 899 2065 925 ne
2095 890 2186 925 desit
2214 890 2387 927 fiscalium
2416 894 2425 902 '
2453 894 2524 930 atio

310 947 349 968 τε
365 931 577 969 ἆνελλιποῦς
594 936 669 969 τῶν
685 933 870 979 δημοσίων
886 932 1091 979 εἰςκομιδῆς,
1112 938 1173 968 καὶ
1187 936 1252 969 τοῦ
1269 935 1386 969 καθἀ-
1401 968 1403 970 ,
1454 938 1492 970 et
1506 940 1547 970 ut
1562 934 1660 979 puris
1677 938 1801 969 utatur
1815 935 1981 971 manibus
2000 954 2041 959 ——
2060 935 2154 980 quod
2171 935 2370 980 Stephanus
2386 947 2403 972 s
2430 941 2524 974 ecta-

309 982 386 1022 ραῖς
407 979 567 1022 χρῆσθαι
598 984 675 1034 ταῖς
697 984 835 1025 χερσίν·
874 981 982 1014 τοῦτο
1006 977 1098 1033 ὅπερ
1120 983 1180 1013 καὶ
1204 982 1388 1026 Στέφανος
1403 984 1443 1016 15
1455 980 1552 1021 bilis,
1586 979 1647 1024 qui
1677 989 1773 1014 nunc
1804 980 1939 1024 primus
1970 980 2046 1015 eius
2077 980 2194 1015 factus
2225 983 2297 1023 est,
2329 987 2365 1016 et
2419 983 2527 1019 udum

310 1025 329 1058 ὁ
350 1022 585 1103 περιῖλεπτος
603 1038 622 1058 ο
645 1026 712 1059 νῦν
732 1026 874 1071 πρῶτος
898 1022 957 1071 ἐπ]
980 1021 1090 1068 αὗτης
1107 1022 1298 1071 γενόμενος
1319 1022 1387 1068 ἤδη

309 1082 349 1102 τε
373 1083 420 1115 φυ
443 1067 531 1110 ἄξας
550 1067 788 1114 ηὐδοκίμησεν
819 1074 879 1104 καὶ
902 1071 1012 1104 αὖθις
1036 1066 1095 1104 ὅτι
1120 1071 1227 1104 τοῦτο
1259 1070 1388 1117 πράξει

310 1113 371 1148 διὰ
403 1116 481 1148 τῶν
511 1112 578 1158 ἤδη
610 1114 843 1160 φθασάντων
874 1115 1123 1159 πεπείσμεθα·
1158 1114 1317 1160 μάλιστα
1349 1113 1389 1149 δὲ

309 1159 463 1194 πάντων
484 1164 647 1205 φροντιεῖ
677 1162 738 1203 τῆς
760 1162 838 1194 τῶν
862 1159 1007 1195 πόλεων
1030 1157 1212 1203 εὐταξίας,
1241 1163 1302 1194 καὶ
1322 1161 1386 1195 τοῦ

1455 1035 1600 1060 servans
1625 1024 1844 1069 approbatus
1864 1029 1920 1060 est
1942 1029 1978 1060 et
1998 1035 2122 1060 rursus
2147 1025 2216 1061 hoc
2236 1035 2342 1069 agere
2363 1036 2444 1062 eum
2462 1038 2528 1072 per

1455 1079 1498 1105 ea
1529 1079 1620 1115 quae
1643 1074 1916 1114 praecesserunt
1945 1070 2153 1106 confidimus
2178 1083 2236 1114 -3
2268 1072 2418 1107 maxime
2442 1082 2526 1108 vero

1454 1116 1610 1150 omnium
1642 1115 1809 1159 cogitabit
1839 1126 1904 1160 pro
1937 1115 2119 1150 civitatum
2150 1115 2354 1160 disciplina,
2389 1116 2458 1162 (et)
2488 1119 2528 1152 ut

1455 1161 1553 1195 nulla
1577 1160 1624 1194 sit
1643 1160 1844 1196 civitatibus
1867 1161 2010 1205 publica
2030 1161 2147 1196 turba.
2194 1160 2287 1196 Nam
2306 1165 2342 1197 et
2362 1161 2430 1197 hoc
2451 1162 2527 1197 eius

307 1202 446 1258 μηδένα
480 1205 572 1239 εἶναι
607 1209 685 1239 ταῖς
715 1204 844 1240 πόλεσι
879 1203 1074 1261 δημοτικὸν
1105 1203 1281 1260 θιέρυβον.
1328 1208 1387 1239 καὶ
1401 1207 1443 1240 20
1455 1205 1771 1240 administrationis
1802 1205 1983 1258 preprium
2013 1209 2084 1250 est,
2116 1205 2177 1251 qui
2199 1206 2283 1241 dum
2312 1207 2529 1259 suscepisset

307 1262 377 1295 γαρ
394 1247 438 1293 δὴ
459 1253 518 1284 καὶ
533 1251 642 1284 τοῦτο
660 1249 771 1285 αὐτοῦ
794 1252 858 1294 τῆς
881 1262 987 1296 αρχης
1010 1248 1116 1292 ἴδιον,
1139 1248 1179 1286 σε
1203 1248 1246 1294 δὴ
1271 1263 1387 1296 παρα-

309 1293 435 1339 λαβών
470 1295 737 1337 στασιάζουσαν
774 1295 840 1339 τὴν
875 1295 999 1342 χώραν
1030 1296 1069 1329 ἔκ
1100 1309 1138 1330 τε
1167 1293 1388 1342 προφάσεων

309 1340 444 1384 ἑτέρων
473 1343 534 1374 καὶ
563 1340 721 1385 μάλιστα
751 1342 788 1374 ἐκ
818 1342 882 1374 τοῦ
908 1339 1083 1388 διαφόρου
1113 1343 1189 1375 τῶν
1212 1341 1387 1387 θρησκευ-

308 1382 438 1429 μάτων
472 1383 652 1430 εἰρηνικήν
685 1399 725 1420 τε
759 1383 924 1427 ἀπέδειξε
958 1389 1019 1420 καὶ
1053 1386 1169 1430 πάσης
1207 1383 1387 1429 ἀπήλλαξε

308 1431 472 1484 ταραχῇς.
519 1428 542 1464 δ’
566 1428 610 1474 δὴ
642 1434 702 1465 καὶ
726 1426 835 1465 αὖθις
866 1428 964 1474 αὐτῷ
989 1435 1106 1466 ποιεῖν
1137 1434 1386 1486 ἐπιτρέπομεν,
1400 1433 1442 1467 25
1456 1430 1541 1475 quid
1574 1430 1655 1473 fiat,
1691 1435 1728 1466 et
1761 1441 1782 1466 a

309 1478 368 1508 καὶ
399 1477 429 1509 εὶ
461 1488 549 1510 ποτε
572 1475 716 1510 τοιοῦτό
742 1490 778 1510 τι
800 1479 953 1522 γένοιτο,
982 1479 1043 1510 καὶ
1065 1477 1158 1511 κατὰ
1182 1490 1248 1519 την
1272 1474 1387 1510 δευτέ-

309 1533 378 1565 ραν
401 1521 595 1566 ἐπιφοιτᾶν
618 1519 869 1564 Παλαιστίνην
895 1525 953 1556 καὶ
977 1521 1164 1556 καθιστᾶν
1187 1522 1229 1555 τὸ
1256 1520 1386 1567 ταράτ-

309 1578 384 1607 τον,
415 1569 474 1599 καὶ
496 1566 545 1609 μὴ
571 1570 765 1613 συγχωρεῖν
787 1564 872 1611 μηδ’
898 1565 1023 1600 ὁτιοῦν
1047 1566 1277 1611 πράττεσθαι
1301 1563 1383 1600 κατ’

310 1611 449 1652 ἐκείνην
467 1608 643 1652 δύςκολον,
659 1615 719 1645 καὶ
733 1609 892 1656 μάλιστα
909 1610 953 1655 δὴ
970 1609 1054 1646 κατ’
1074 1614 1222 1655 ἐκείνην,
1245 1609 1386 1654 ἐπειδή-

1455 1250 1731 1285 tumultuantem
1766 1261 1981 1295 provinciam
2016 1261 2060 1286 ex
2094 1251 2342 1287 occasionibus
2377 1252 2456 1287 aliis
2492 1256 2528 1287 et

1455 1296 1607 1330 maxime
1631 1305 1675 1330 ex
1698 1295 1902 1331 diversitate
1925 1296 2151 1340 religionum,
2174 1296 2359 1341 pacificam
2383 1297 2526 1333 demon-

1456 1341 1581 1376 stravit
1605 1343 1641 1375 et
1660 1340 1755 1375 omni
1775 1341 1928 1376 tumultu
1946 1341 2142 1377 liberatam.
2192 1341 2295 1385 Quod
2318 1342 2424 1377 etiam
2448 1353 2526 1377 rur-

1456 1396 1517 1421 sus
1541 1396 1623 1421 eum
1645 1385 1765 1421 facere
1784 1386 2048 1466 praecepimus,
2080 1390 2115 1421 et
2138 1386 2170 1421 si
2191 1387 2334 1431 quando
2361 1387 2432 1422 tale
2462 1387 2526 1423 ali-

1841 1432 2031 1467 secundam
2063 1432 2183 1467 venire
2217 1431 2456 1467 Palaestinam
2491 1435 2528 1468 et

1455 1477 1581 1511 sedare
1604 1476 1698 1521 quod
1722 1476 1899 1520 turbatur,
1932 1481 1967 1511 et
1991 1476 2078 1512 nihil
2102 1476 2305 1521 permittere
2335 1477 2372 1512 in
2403 1487 2446 1512 ea
2516 1477 2525 1486 ’

1455 1521 1610 1563 difficile,
1643 1523 1680 1556 et
1701 1521 1852 1557 maxime
1874 1522 1912 1556 in
1935 1522 2014 1565 illa,
2046 1522 2211 1566 quoniam
2235 1522 2392 1557 videmus
2416 1523 2525 1568 pluri-

1453 1577 1530 1602 mos
1553 1567 1602 1602 ibi
1626 1576 1802 1611 emergere
1826 1567 1998 1603 tumultus
2022 1570 2058 1602 et
2077 1577 2149 1602 non
2172 1567 2272 1612 parvi
2293 1567 2420 1603 horum
2441 1578 2527 1604 con-

1453 1612 1584 1648 sistunt
1605 1611 1765 1647 effectus.

309 1668 376 1710 περ
398 1654 543 1710 ὁριῖιμεν
573 1655 724 1711 πολλοὺς
753 1659 864 1691 ἐκεῖσε
894 1660 1087 1702 φυομένους
1115 1657 1296 1709 ᾃορύβους
1326 1659 1387 1690 καὶ
1399 1659 1441 1692 30

309 1713 351 1734 ου
370 1714 480 1746 μικρα
504 1701 646 1735 τούτων
670 1701 942 1746 ιεποτελέσματα
965 1702 1196 1737 καθεστωτα.

1292 1791 1447 1827 CAPUT
1470 1790 1534 1827 111.

367 1848 414 1881 Εἰ
437 1845 477 1881 δὲ
500 1845 646 1890 δεηθείη
670 1850 730 1880 καὶ
754 1849 993 1893 στρατιωτῶν
1023 1849 1100 1882 τῶν
1123 1849 1386 1894 ἐγκαᾷημένων

308 1893 352 1939 τῇ
376 1889 494 1937 χώρᾳ,
526 1895 586 1925 καὶ
615 1890 760 1926 τούτους
793 1890 893 1936 αὐτῷ
916 1893 1117 1938 παρέξομεν
1141 1893 1179 1933 ἐξ
1203 1894 1311 1939 οὗπερ
1338 1891 1386 1927 ἂν

308 1935 406 1982 ἡμεῖς
429 1935 631 1992 συινίδωμεν
661 1935 915 1990 γενναιοτάτου
946 1939 1208 1982 στρατιωτικοῦ
1232 1937 1384 1972 καταλό-

1510 1847 1548 1883 Si
1570 1850 1690 1883 autem
1712 1858 1802 1892 opus
1831 1847 1940 1882 fuerit
1970 1850 2006 1882 et
2028 1847 2198 1883 militibus
2221 1847 2460 1883 residentibus
2490 1849 2527 1884 in

1452 1893 1652 1939 provincia,
1675 1893 1782 1928 etiam
1798 1893 1864 1927 hos
1884 1893 1915 1926 ei
1931 1893 2178 1936 praebebimus
2198 1903 2242 1928 ex
2261 1903 2406 1928 numero
2423 1903 2527 1938 quem

1453 1949 1518 1974 nos
1553 1938 1742 1973 statuimus
1777 1937 1969 1973 fortissimo
2003 1938 2161 1980 militari,
2197 1942 2233 1973 et
2267 1938 2313 1973 ad
2344 1938 2527 1974 civitatum

307 1995 382 2029 γου,
406 1994 497 2028 προς
515 1995 555 2016 τε
573 1995 643 2025 την
662 1995 740 2016 των
756 1982 900 2017 πόλεων
919 1980 1112 2027 εὐκοσμίαν
1135 1987 1194 2016 καὶ
1214 1981 1385 2023 εὐταξίαν
1397 1986 1440 2018 35
1453 1985 1619 2019 ornatum
1649 1986 1686 2018 et
1714 1983 1935 2027 disciplinam
1965 1983 2003 2017 in
2033 1984 2126 2027 agris
2149 1983 2384 2018 habitantium
2412 1986 2450 2019 et
2479 1984 2527 2019 ad

308 2029 386 2062 τῶν
414 2027 495 2061 τοὺς
524 2023 651 2073 ἀγροὺς
674 2026 882 2070 οἰκούντων,
914 2028 1003 2076 πρός
1025 2042 1065 2062 τε
1087 2028 1155 2071 τὴν
1178 2030 1255 2062 τῶν
1279 2027 1385 2072 δημο-
1453 2028 1626 2064 fiscalium
1642 2028 1878 2063 exactionem:
1903 2027 2021 2062 divina
2042 2028 2263 2074 pragmatica
2276 2028 2409 2071 forma,
2435 2039 2527 2073 quae

308 2077 401 2106 σίων
431 2071 622 2117 ι’ίςπραξιν.
670 2073 735 2105 τοῦ
760 2073 865 2106 θείου
896 2074 1144 2120 πραγματικοῦ
1176 2073 1290 2108 τύπου
1319 2074 1384 2107 τοῦ
1453 2083 1561 2118 super
1584 2073 1640 2108 his
1665 2073 1696 2108 ei
1721 2073 1805 2108 data
1827 2076 1882 2108 est
1901 2072 2050 2115 dudum,
2075 2078 2154 2108 rata
2176 2077 2213 2109 et
2234 2083 2330 2108 nunc
2351 2078 2526 2117 manente,

308 2119 369 2152 ἐπὶ
388 2116 528 2152 τούτοις
548 2113 647 2159 αὐτῷ
665 2115 854 2162 δεδομένου
875 2118 1003 2165 πρώην
1021 2122 1141 2163 κυρίου
1165 2121 1225 2151 καὶ
1241 2119 1309 2151 νῦν
1325 2121 1385 2162 μέ-
1455 2128 1546 2162 quae
1568 2129 1642 2153 non
1664 2118 1739 2153 vult
1769 2127 1884 2162 neque
1908 2118 2135 2161 spectabilem
2165 2119 2289 2154 ducem
2313 2128 2430 2164 neque
2451 2119 2525 2163 glo-

307 2173 446 2205 νοντος,
478 2159 516 2196 ὃς
545 2159 587 2195 οὐ
612 2161 781 2205 βούλεται
812 2161 896 2196 οὔτε
919 2163 988 2197 τὸν
1011 2162 1253 2207 περίβλεπτον
1276 2160 1385 2196 ὃοῦκα
1453 2163 1685 2199 riosissimum
1703 2163 1911 2206 magistrum
1931 2162 2079 2198 militum
2100 2164 2278 2199 licentiam
2302 2163 2434 2199 habere
2453 2167 2526 2199 tra-

308 2207 388 2242 οὖτε
416 2207 485 2242 ’τὸν
509 2205 750 2248 ἐνδοξότατον
772 2208 976 2255 στρατηγὸν
1006 2206 1133 2242 ἄδειαν
1162 2209 1254 2250 ἔχειν
1278 2205 1382 2252 ἆφέλ-
1395 2211 1439 2243 40
1452 2208 1536 2244 here
1559 2208 1789 2244 observantes
1813 2207 1847 2243 ei
1869 2206 2014 2250 milites,
2038 2219 2084 2244 ne
2105 2209 2179 2244 ulla
2202 2219 2246 2244 ex
2265 2207 2333 2244 hoc
2357 2208 2421 2243 fiat
2443 2208 2527 2244 civi·
2573 2231 2588 2243 .

307 2266 382 2288 κειν
411 2251 494 2286 τοὺς
517 2249 816 2299 προςεδρεύοντας
848 2251 949 2296 αὐτῷ
978 2252 1217 2300 στρατιώτας,
1250 2254 1310 2287 ἴνα
1337 2252 1386 2297 μή

307 2342 485 2377 butionem
509 2341 547 2375 in
571 2341 627 2376 liis
647 2341 789 2386 factam
812 2342 1075 2387 confirmemus.
1122 2341 1249 2387 Neque
1272 2343 1366 2377 enim
1388 2343 1603 2378 sustinemus
1627 2341 1747 2377 videre
1776 2345 1810 2378 et
1833 2342 1952 2395 ipsum
1974 2344 2010 2377 et
2032 2340 2277 2377 consiliarium
2304 2343 2382 2378 eius
2397 2343 2527 2389 pristi-

306 2398 390 2422 nam
412 2385 532 2421 adbuc
557 2387 763 2422 tenuitatem
787 2397 1014 2422 annonarum
1036 2388 1151 2434 ferre,
1177 2398 1292 2433 neque
1308 2387 1473 2433 officium
1490 2388 1567 2422 eius
1587 2388 1734 2433 penitus
1756 2387 1899 2423 auxilio
1920 2386 2076 2428 destitui,
2100 2387 2168 2421 etsi
2187 2387 2224 2421 in
2242 2391 2295 2423 tot
2315 2387 2529 2424 tributorum

306 2431 558 2511 εωιῖιοιίῖηἰῠιιε
581 2430 721 2512 ίὲιϋὲνεί
730 2435 778 2511 tet
798 2432 1041 2478 periclitetur:
1064 2432 1187 2478 itaque
1211 2432 1375 2478 officium
1397 2435 1567 2479 prompte
1597 2432 1631 2467 ei
1659 2433 1836 2468 ministret
1864 2436 1901 2468 et
1917 2431 2070 2478 publica
2095 2431 2229 2467 tributa
2258 2433 2386 2478 exiqat
2415 2438 2452 2468 et
2473 2434 2527 2468 in-

306 2488 363 2513 tus
391 2487 410 2512 s
447 2487 542 2511 τιστις
565 2487 588 2512 a
611 2487 631 2511 s
659 2487 751 2512 nea.

439 2521 486 2556 II.
533 2520 610 2556 Nec
629 2532 713 2557 vero
733 2521 844 2556 ullam
865 2522 1010 2557 omnino
1031 2522 1069 2557 in
1090 2522 1252 2558 civilibus
1276 2523 1396 2557 causis
1420 2529 1455 2557 et
1479 2521 1694 2557 tributorum
1714 2521 1944 2569 publicorum
1967 2521 2221 2557 exactionibus
2243 2524 2527 2559 communionem

307 2566 449 2603 babebit
472 2566 535 2612 qui
550 2577 627 2613 pro
654 2571 813 2613 tempore
835 2571 890 2602 est
911 2567 1118 2614 spectabilis
1142 2567 1304 2603 locorum
1328 2567 1418 2609 dux,
1442 2567 1507 2603 sed
1528 2567 1590 2602 ille
1612 2568 1690 2613 ipse
1705 2578 1814 2602 unam
1842 2577 1996 2612 uamque
2018 2569 2054 2602 et
2073 2566 2253 2613 privatam
2277 2573 2313 2603 et
2332 2567 2527 2615 publicam,

306 2612 360 2648 uti
383 2612 515 2647 dictum
539 2615 603 2654 est,
633 2622 779 2647 causam
803 2611 1031 2654 diiudicabit,
1055 2616 1091 2648 et
1114 2613 1272 2648 maxime
1295 2613 1451 2648 omnium
1468 2612 1677 2659 providebit
1706 2615 1747 2647 ut
1766 2613 1814 2646 tri
1838 2615 1900 2647 uta
1922 2612 1999 2647 sine
2023 2612 2286 2647 intermissione
2307 2612 2527 2659 inferantur,

306 2661 341 2693 et
364 2662 403 2692 ut
426 2657 505 2703 ipse
528 2656 638 2703 puris
669 2661 795 2692 utatur
818 2656 982 2692 manibus
1006 2677 1048 2682 —
1073 2669 1147 2704 qua
1171 2658 1314 2703 quidem
1337 2669 1379 2693 re
1403 2657 1591 2693 observata
1614 2655 1822 2703 Stephanus
1878 2668 1998 2703 uoque
2020 2657 2075 2691 vir
2097 2657 2314 2703 spectabilis,
2346 2658 2409 2704 qui
2432 2669 2528 2694 nunc

300 2703 446 2748 primus
468 2701 518 2737 ibi
540 2706 611 2744 est,
642 2706 678 2737 et
699 2702 772 2736 iam
790 2701 972 2749 probatus
1003 2706 1057 2738 est
1087 2707 1124 2738 et
1146 2701 1264 2738 denuo
1297 2714 1376 2738 eum
1400 2702 1440 2737 id
1458 2707 1624 2737 acturum
1647 2713 1722 2737 esse
1745 2713 1795 2737 ex
1817 2712 1858 2737 re
1882 2713 1925 2737 us
1946 2702 2017 2736 iam
2045 2702 2152 2747 prius
2207 2702 2294 2737 estis
2313 2713 2527 2749 persuasum

307 2747 556 2788 babemus—;
589 2746 746 2782 omnium
770 2758 854 2782 vero
878 2747 1037 2782 maxime
1051 2748 1257 2794 prospiciet
1280 2747 1495 2794 disciplinae
1515 2747 1715 2788 civitatum,
1739 2758 1825 2782 neve
1847 2746 1945 2782 ullus
1968 2748 2006 2781 in
2031 2746 2169 2782 civitati
2192 2758 2235 2781 us
2256 2748 2450 2793 popularis
2472 2752 2526 2783 tu-

307 2792 440 2828 multus
458 2792 539 2837 fiat.
589 2791 730 2827 Etenim
754 2791 794 2827 id
811 2802 956 2838 quoque
974 2792 1073 2828 illius
1095 2793 1165 2828 viri
1187 2793 1514 2828 administrationis
1533 2793 1725 2838 proprium
1746 2795 1817 2827 est:
1840 2792 1903 2837 qui
1921 2802 2000 2826 cum
2016 2791 2246 2838 provinciam
2270 2803 2349 2827 cum
2371 2792 2414 2828 ob
2434 2791 2528 2828 alias

308 2847 439 2872 causas
463 2842 535 2872 tum
558 2836 724 2883 inprimis
748 2836 791 2872 ob
816 2837 1058 2872 diversitatem
1080 2838 1296 2884 reliqionum
1318 2837 1552 2873 seditionibus
1574 2837 1797 2872 laborantem
1820 2836 2048 2883 suscepisset,
2076 2847 2154 2871 eam
2173 2840 2345 2883 pacatam
2368 2836 2527 2872 reddidit

308 2883 475 2928 omnique
499 2882 604 2917 turba
629 2881 802 2918 liberavit.
850 2881 957 2925 Quod
979 2882 1121 2928 quidem
1151 2887 1193 2918 ut
1221 2882 1338 2918 denuo
1360 2883 1479 2929 faciat
1509 2883 1543 2918 ei
1568 2882 1827 2929 praecipimus,
1859 2886 1895 2917 et
1916 2881 1949 2916 si
1972 2880 2118 2927 quando
2168 2880 2230 2916 uid
2252 2881 2426 2917 eiusmodi
2445 2882 2525 2927 fiat,

307 2928 414 2964 etiam
436 2926 630 2963 secundam
654 2926 900 2962 Palaestinam
925 2927 1029 2963 obeat
1051 2932 1087 2963 et
1110 2928 1235 2963 turbas
1258 2933 1454 2974 componat
1484 2938 1553 2963 neu
1576 2927 1768 2973 quicquam
1802 2927 1841 2961 in
1864 2926 1929 2962 illa
1952 2926 2127 2962 incommo
2153 2926 2167 2960 i
2190 2937 2213 2961 α
2247 2926 2253 2932 “
2269 2926 2451 2973 patiatur,
2483 2938 2528 2963 ac

302 2973 503 3052 'maliis
525 2972 859 3053 helizatiam
866 2972 2065 3064 attitulatist‘ffpitssssrifflttsattq‘totitem
2078 2937 2343 3062 sattius
2365 3027 2415 3052 ex
2437 3028 2510 3063 quo

307 3073 386 3099 cum
414 3073 457 3098 ue
480 3062 585 3098 nobis
602 3062 789 3108 placuerit
816 3062 1104 3107 fortissimorum
1135 3030 1286 3099 victutum
1316 3073 1478 3105 numer0,
1511 3072 1591 3098 cum
1614 3061 1664 3097 ad
1687 3044 1855 3098 or’natum
1881 3062 2066 3097 civitatum
2096 3071 2290 3108 eorumque
2320 3061 2384 3107 qui
2414 3069 2527 3113 apros

307 3109 388 3143 inco
404 3111 468 3142 unt
495 3107 742 3153 disciplinam,
777 3111 849 3142 tum
881 3107 930 3143 ad
960 3107 1176 3143 tributorum
1207 3107 1444 3144 exactionem.
1492 3109 1610 3153 Atque
1639 3118 1748 3142 sacra
1778 3107 2008 3153 praqmatica
2037 3105 2179 3141 sanctio
2210 3117 2304 3152 quae
2331 3105 2375 3142 de
2406 3105 2463 3142 lus
2493 3106 2528 3143 ei

307 3164 356 3188 nu
384 3163 425 3188 er
447 3152 535 3187 data
557 3156 612 3187 est
634 3153 741 3187 eliam
770 3162 866 3188 nunc
888 3157 972 3188 rata
996 3157 1159 3196 maneat,
1190 3163 1284 3206 quae
1306 3163 1380 3187 non
1404 3152 1480 3188 vult
1510 3157 1576 3188 aut
1597 3151 1827 3204 spectabilem
1857 3152 1980 3187 ducem
2012 3155 2077 3186 aut
2107 3151 2282 3186 illustrem
2313 3152 2542 3198 maqistrum-

306 3209 353 3233 mi
369 3198 457 3233 itum
482 3197 660 3232 licentiam
684 3197 815 3232 babere
838 3198 968 3233 milites
998 3198 1063 3244 qui
1091 3199 1128 3234 ei
1153 3198 1362 3234 ministrant
1385 3197 1639 3239 abstrahendi,
1672 3208 1717 3232 ne
1740 3197 1804 3242 qui
1826 3196 1910 3232 inde
1935 3196 2106 3231 tumultus
2136 3195 2341 3232 civitatibus
2365 3197 2526 3232 oriattws

1453 3290 1486 3319 et
1503 3299 1560 3320 om.
1583 3286 1637 3330 Vn
1657 3288 1676 3320 5
1693 3285 1885 3328 *quatenus
1902 3288 1946 3327 et]
1967 3287 1999 3318 et
2015 3286 2174 3328 quatinus
2195 3285 2264 3326 VT,
2288 3287 2321 3317 et
2336 3286 2397 3319 del.
2408 3282 2501 3317 Beck
2510 3280 2524 3326 ΙΙ

1453 3334 1473 3365 9
1492 3331 1717 3364 comunicauit
1739 3331 1793 3376 Vn
1812 3333 1933 3372 autem]
1955 3331 2043 3363 enim
2063 3339 2074 3364 t
2091 3329 2104 3374 ΙΙ
2122 3333 2162 3365 10
2178 3329 2320 3363 finalium
2340 3328 2380 3371 t.
2397 3328 2434 3362 11
2453 3326 2521 3368 pri-

1452 3376 1562 3409 batam
1583 3376 1639 3416 Vn
1659 3378 1699 3410 12
1723 3377 1822 3409 sicuti
1847 3378 1869 3417 t]
1893 3377 1979 3409 sicut
1999 3376 2055 3419 Vl}
2079 3377 2120 3410 13
2142 3377 2196 3417 ne]
2219 3384 2280 3408 nec
2303 3372 2340 3416 ιΙ
2359 3372 2400 3407 14
2422 3372 2521 3402 utan-

1452 3424 1508 3454 tur
1533 3429 1544 3455 t
1567 3421 1580 3465 ΙΙ
1604 3421 1736 3454 tefanus
1759 3422 1790 3455 V
1809 3421 1822 3465 ΙΙ
1854 3423 1894 3456 16
1916 3420 2056 3454 seruatis
2079 3428 2091 3454 t
2113 3421 2126 3464 ΙΙ
2154 3421 2194 3455 18
2218 3415 2378 3460 cogitauit
2398 3414 2462 3458 Vn
2489 3418 2521 3448 et

1454 3468 1571 3500 addidi
1594 3465 1607 3510 ss
1638 3468 1677 3501 19
1702 3466 1835 3510 publica
1858 3466 1966 3499 turba.
2004 3467 2102 3506 Nam]
2133 3462 2281 3508 publio-t
2302 3460 2466 3511 urbanum
2495 3460 2529 3493 V

1450 3511 1619 3552 publicata
1642 3511 1807 3544 urbanum
1830 3511 2045 3553 (urbanorum
2065 3511 2133 3553 pr.)
2156 3516 2170 3543 e
2189 3509 2202 3550 Ι
2221 3506 2304 3545 eius]
2326 3514 2397 3537 ems
2418 3507 2451 3536 et
2475 3512 2488 3538 t
2510 3506 2522 3548 ΙΙ

1453 3557 1494 3589 22
1511 3556 1787 3590 demonstrauerit
1809 3565 1820 3590 t
1835 3557 1848 3600 ΙΙ
1866 3558 1910 3590 24
1923 3555 2035 3599 praeci
2057 3554 2142 3587 imu-
2155 3550 2246 3586 Beck
2260 3548 2274 3592 fl
2290 3548 2356 3581 tale
2380 3562 2438 3582 om.
2461 3549 2495 3582 V
2509 3550 2522 3593 ss

1452 3602 1494 3634 26
1519 3601 1619 3643 quod]
1644 3601 1703 3643 qui
1727 3602 1767 3645 εΙΙ
1783 3602 1838 3644 agi
1863 3603 1885 3643 t]
1907 3613 1966 3634 om.
1988 3600 2023 3643 V
2061 3598 2104 3632 28
2126 3603 2288 3636 emm-gere
2304 3593 2409 3645 &⁰¹⁶1
2434 3603 2521 3627 mer-

1449 3656 1526 3687 gere
1547 3647 1581 3679 V
1605 3656 1710 3679 emere
1734 3655 1746 3679 t
1773 3646 1779 3689 Ι
1813 3647 1854 3680 33
1880 3646 1989 3687 quem]
2020 3651 2103 3685 quae
2123 3640 2186 3680 Vl!
2217 3639 2258 3672 34
2283 3642 2452 3690 ciuitatem
2478 3641 2521 3682 tu

1449 3691 1493 3768 {5
1517 3693 1690 3742 oronatum
1708 3691 1763 3724 -V0
1780 3647 1796 3734 il
1822 3691 1865 3724 36
1887 3686 2103 3733 pragmatica
2123 3684 2175 3717 V⁶
2197 3683 2210 3727 ΙΙ
2239 3684 2281 3716 37
2305 3694 2335 3716 ei
2360 3683 2436 3716 data
2459 3685 2520 3727 est]

1471 3745 1564 3768 amus
1587 3745 1618 3768 ει
1643 3742 1655 3768 t

352 3289 373 3320 4
397 3284 583 3320 παντελῶς
607 3299 664 3319 om.
680 3298 699 3322 ς
713 3285 726 3330 ΙΙ
748 3287 787 3320 13
809 3283 973 3331 διακρίνῃ
992 3288 1023 3320 L
1041 3287 1053 3330 ΙΙ
1074 3288 1113 3320 15
1134 3289 1194 3319 καὶ
1215 3294 1245 3320 et
1266 3288 1306 3321 16
1320 3283 1381 3319 ἐπ’

308 3345 365 3365 om.
381 3344 401 3368 ς
417 3332 430 3375 ΙΙ
448 3333 491 3366 24
506 3328 701 3373 ἀπήλλαξε]
727 3331 898 3364 liberatam
915 3334 949 3373 (i.
964 3346 989 3365 e.
1004 3328 1282 3377 ἀπηλλαγμένην
1291 3331 1320 3374 ⁴2)
1340 3344 1359 3367 ς
1373 3330 1386 3376 ΙΙ

308 3378 350 3410 25
370 3372 470 3419 αὗτῷ
494 3371 600 3409 αὖθις
626 3376 655 3408 L
683 3375 696 3419 ss
726 3377 767 3410 26
791 3389 827 3409 τι
850 3379 998 3422 γένηται
1025 3378 1059 3411 Β
1093 3374 1234 3423 γένοιτό
1258 3389 1294 3410 τι
1318 3377 1349 3409 L

307 3424 367 3454 καὶ
390 3420 482 3455 κατὰ
512 3420 580 3463 τὴν
605 3417 774 3465 δευτέραν
797 3422 899 3463 ΕΒς]
931 3421 1023 3456 κατὰ
1047 3421 1114 3464 τὴν
1146 3420 1315 3475 δευτέραν
1344 3422 1385 3454 τὲ

309 3467 444 3510 Mvulq.
463 3466 476 3510 ΙΙ
501 3467 543 3500 28
566 3462 654 3508 μηδ’
681 3463 806 3499 ὁτιοῦν
830 3467 932 3508 ΕΒς]
965 3469 1023 3500 καὶ
1046 3463 1135 3511 μηδ’
1162 3465 1288 3500 ὁτιουν
1311 3467 1357 3500 Μ
1373 3464 1386 3511 ΙΙ

309 3511 348 3544 31
375 3511 606 3552 καθεστῶτα]
630 3512 817 3544 consistunt
842 3523 861 3548 ς
877 3512 890 3557 ΙΙ
908 3514 951 3547 34
967 3510 1103 3545 συνίδω
1131 3524 1172 3546 εν
1190 3512 1236 3553 Β]
1271 3514 1383 3545 συνεί-

311 3551 417 3597 δομεν
434 3557 505 3589 ML
523 3556 536 3599 ΙΙ
553 3558 595 3590 38
617 3553 798 3599 δεδομένω
815 3557 866 3590 L⁰
881 3557 894 3602 ΙΙ
913 3559 955 3592 39
963 3570 1012 3601 sq.
1029 3526 1133 3590 *οὐδὲ
1150 3577 1191 3581 -
1207 3552 1291 3590 οὐδὲ
1310 3557 1387 3590 libri

371 3689 385 3720 1
413 3686 575 3721 diuisione
596 3690 629 3722 V
647 3691 791 3724 diuisum
810 3694 858 3725 est
883 3691 922 3737 ιΙΙ
940 3693 960 3726 2
985 3694 1018 3725 et
1037 3694 1243 3734 assessorem]
1268 3693 1301 3724 et
1324 3703 1380 3724 om.

320 3729 375 3772 Vfl
391 3729 536 3772 *adhud
558 3733 600 3765 ad
622 3734 708 3768 hano
728 3737 805 3770 libri
825 3737 839 3779 ΙΙ
864 3738 884 3770 3
908 3736 1114 3770 hutilitatem
1138 3745 1150 3770 ε
1173 3736 1186 3781 ΙΙ
1209 3739 1242 3769 et
1264 3737 1334 3769 eius
1357 3737 1381 3777 t]
