2580 4022
138 170 407 202 DIOECESEOS
435 168 617 203 VICARIO

138 271 247 314 μένας
270 270 340 303 νῦν
364 265 384 303 ὁ
409 269 470 311 τῆς
494 270 664 314 ἐπαρχίας
686 267 880 315 ἡγούμενος
895 271 966 310 ἔχει
983 266 1109 312 λαβὼν
1126 267 1215 313 πρὸς

139 314 208 357 τὴν
225 311 337 349 αὑτοῦ
354 311 572 359 ὑπηρεσίαν·
598 316 678 348 ἐπεί
690 327 730 360 γε
747 316 871 358 ἐκείνῳ
888 315 955 357 μὲν
972 312 1077 348 οὐδὲν
1093 315 1217 358 ἕτερον

139 356 162 401 ἢ
187 358 336 404 ἄρχοντι
355 357 472 403 μόνον
487 357 569 393 ὄντι
586 358 759 402 πολιτικῷ
779 357 928 404 περιττὴ
945 360 1022 393 τῶν
1038 357 1217 393 τοιούτων

140 403 162 447 ὴ
199 407 318 449 χρεία,
358 405 411 447 τῷ
450 402 489 437 δὲ
527 403 757 449 περιβλέπτῳ
797 407 952 448 βικαρίῳ
991 406 1217 449 περινοστεῖν

150 446 221 483 ἀνα
246 450 432 492 καζομένῳ
466 445 644 495 ἀναγκαῖα
674 448 719 482 τὰ
742 450 804 492 τῆς
828 449 1004 483 ἐντεῦθεν
1026 449 1218 493 ὑπηρεσίας

139 494 164 529 3
229 496 318 527 στίν.
366 491 628 528 ’Ῥπακούσεται
652 492 692 528 δὲ
716 491 818 536 αὐτῷ
842 495 941 527 πᾶσα
965 498 1136 539 στρατεία
1156 490 1215 528 ὑπ’

141 541 292 573 ἐκείνους
328 531 417 572 οὖσα
451 539 531 572 τοὺς
566 537 718 582 τόπους,
753 542 813 572 καὶ
849 536 1115 585 ὑπουργήσουσι
1146 541 1219 573 τοῖς

140 582 224 628 παρ’
251 580 360 617 αὐτοῦ
385 581 584 630 λεγομένοις
609 582 816 626 δομέστικοί
840 597 876 617 τε
893 586 951 616 καὶ
968 587 1218 629 προτίκτωρες,

141 627 385 682 σχολάριοίᾋτε
409 631 468 661 καὶ
490 629 730 673 στρατιῶται*
756 625 798 662 οὐ
818 626 982 671 δεόμενοι
998 628 1219 674 προςτάξεως

1162 153 1283 219 *771

2112 151 2187 195 Ed.
2205 151 2304 194 VIII
2335 154 2357 192 3

1283 266 1491 311 provinciae
1522 265 1627 301 iudex
1658 265 1766 301 habet
1796 264 2028 310 accipientem
2059 264 2105 299 ad
2133 273 2237 299 suum
2261 262 2361 297 mini-

1284 312 1440 347 sterium.
1489 311 1546 346 Illi
1571 311 1733 346 videlicet
1757 311 1802 345 ad
1827 310 1913 345 nibil
1937 309 2033 344 aliud
2057 309 2125 344 nisi
2149 309 2258 344 iudici
2281 313 2361 343 tan-

1284 356 1465 393 tummodo
1491 356 1683 392 constituto
1702 356 1795 392 civili
1811 354 2031 400 superfluum
2050 364 2172 390 eorum
2188 357 2243 389 est
2258 363 2361 398 opus,

1285 402 1360 437 viro
1385 402 1573 446 spectabili
1604 411 1687 437 vero
1718 400 1861 443 vicario,
1895 399 2184 436 circumlustrare
2207 398 2362 434 necessi-

1255 450 1395 482 5tatem
1420 446 1564 481 habenti
1590 446 1788 490 provincias
1813 446 2053 481 necessarium
2078 444 2279 480 huiusmodi
2298 443 2362 478 mi-

1286 493 1310 527 3
1356 491 1540 527 nisterium
1570 493 1636 527 est.
1688 491 1837 527 Obediet
1869 500 1950 526 vero
1985 489 2016 525 ei
2041 490 2155 524 omnis
2180 489 2302 524 militia
2326 488 2363 522 in

1287 536 1356 572 illis
1381 536 1576 572 constituta
1599 537 1700 580 locis,
1732 539 1767 571 et
1790 536 1958 571 obedient
1981 535 2047 578 his,
2081 543 2172 579 quae
2197 534 2363 569 dicuntur

1287 582 1331 617 ab
1357 591 1411 624 eo,
1443 580 1627 617 domestici
1658 584 1693 616 ct
1715 582 1938 625 protectores
1962 581 1999 614 et
2022 578 2190 614 scholarii
2215 582 2250 613 et
2273 578 2363 613 mili-

1287 628 1352 667 tes,
1377 636 1448 661 non
1474 628 1616 670 egentes
1640 626 1843 677 praeceptis
1867 625 2092 660 iudicialibus
2116 627 2179 659 aut
2197 623 2363 659 iussioni-

140 675 296 727 αρχίκῆς(
316 686 337 715 η
379 671 567 708 κελεύσεως
605 674 790 727 ἡμετέρας,
827 670 903 707 ἀλλ)
938 672 1040 717 αὐτῷ
1071 675 1123 716 τῷ
1157 674 1219 715 τῆς
1235 675 1274 707 10
1288 672 1354 706 bus
1389 672 1540 712 nostris,
1577 670 1639 706 sed
1671 671 1740 705 hoc
1769 680 1847 714 ipso
1882 684 1960 701 ιο·
1990 669 2244 704 iurisdictione.
2292 668 2364 702 Ad-

140 729 247 760 αρχης
283 719 542 764 υπουργοῦντες
573 717 710 761 δικαίῳ.
757 715 1022 765 υπουργήσουσι
1054 717 1093 753 δὲ
1124 715 1215 752 καθ’

140 762 202 798 οὓς
232 764 376 796 ἕκαστοι
409 762 569 810 διάγουσι
592 763 743 805 τόπους,
774 762 871 806 πλὴν
894 764 925 797 εἰ
947 763 995 806 μή
1022 775 1074 798 τις
1098 762 1219 796 δικαία

141 811 200 842 καὶ
239 807 486 853 ἀπαραίτητος
524 813 624 854 χρεία
660 811 822 852 μείζονος
857 809 1033 852 βοηθείας
1070 806 1218 852 δεομένη

141 850 417 905 πρόςιάνάγκην
446 851 559 888 αὐτὸν
590 854 810 896 καταστήσει
841 855 904 888 τοῦ
934 856 993 887 καὶ
1022 854 1060 895 ἐξ
1083 854 1219 898 ἑτέρων

1287 716 1540 751 ministrabunt
1563 725 1646 751 vero
1671 725 1714 750 ea
1735 725 1825 759 quae
1849 714 1978 758 singuli
1998 714 2162 748 habitant
2178 714 2272 755 loca,
2298 712 2365 748 nisi

1287 761 1462 806 quaedam
1484 761 1579 796 iusta
1602 764 1638 796 et
1658 760 1907 795 inrecusabilis
1924 759 2066 794 occasio
2082 758 2215 793 auxilio
2231 758 2365 793 maiore

1288 816 1396 849 egens
1429 814 1575 841 necesse
1606 815 1687 840 eum
1719 805 1933 846 constituat,
1967 808 2006 839 ut
2039 814 2082 838 ex
2113 803 2192 838 aliis
2217 803 2305 838 locis
2329 802 2366 836 in

1287 851 1377 887 alios
1401 851 1489 887 istos
1505 850 1710 886 transferre.

141 899 166 934 4
212 910 340 932 τοπων
371 899 418 933 εἰς
449 899 587 951 ἑτέρους
607 896 740 933 τόπους
762 901 988 944 μεταγαγεῖν.
1037 898 1219 942 Χρήσεται
1236 896 1314 932 154
1359 895 1489 932 Utetur
1519 905 1601 931 vero
1629 894 1818 940 praeconis
1843 903 1929 930 voce
1956 896 1991 928 et
2014 892 2239 937 lampadibus
2264 894 2367 935 quat-

142 941 191 997 δὲ,
212 942 363 998 κήρυκος
382 957 487 997 ᾳζωνῃ
519 946 577 998 καὶ
603 942 766 987 λαμπάσι
790 945 969 987 quattuor,
1009 941 1056 978 ὠς
1079 946 1139 977 καὶ
1160 941 1220 976 δα-

142 999 256 1030 πανης
279 1001 354 1032 παρ
390 991 496 1032 ημῶν
527 990 617 1033 υπὲρ
648 988 777 1023 τούτου
803 987 1031 1034 ὁρισθείσης,
1067 991 1127 1022 καὶ
1149 991 1222 1022 τοῖς

144 1031 262 1066 ἄλλοις
290 1031 477 1077 ἐπισήμοις
503 1029 572 1067 ὅσα
603 1032 786 1076 πολιτικῆς
817 1047 857 1068 τε
881 1037 940 1067 καὶ
965 1033 1222 1079 στρατιωτικῆς

142 1080 244 1131 ε’στιν
268 1075 387 1122 ἀρχῆς.
434 1075 527 1113 ὅθεν
547 1081 606 1112 καὶ
625 1079 670 1114 ad
686 1088 897 1122 responsum
914 1075 1013 1122 αὐτῷ
1031 1076 1222 1121 κελεύομεν

1290 945 1374 977 tuor
1399 944 1435 976 et
1459 950 1617 986 expensa
1641 951 1705 985 pro
1730 941 1799 975 hoc
1823 950 1845 974 a
1869 938 1973 974 nobis
1999 938 2145 973 definita
2161 940 2197 972 et
2212 937 2272 978 [in]
2289 936 2368 970 aliis

1289 986 1506 1031 insignibus,
1539 995 1630 1030 quae
1664 985 1775 1020 civilis
1808 984 2039 1028 militarisque
2064 986 2147 1018 sunt
2171 981 2366 1024 dignitatis.

1291 1031 1393 1067 Unde
1425 1031 1682 1075 adresponsum
1715 1031 1747 1065 ei
1770 1030 1935 1065 iubemus
1959 1029 2161 1064 ministrare
2181 1026 2227 1061 ad
2250 1026 2368 1061 imita-

1290 1077 1423 1112 tionem
1447 1076 1778 1120 gloriosissimorum
1802 1078 2006 1110 nostrorum
2029 1073 2279 1117 magistrorum
2302 1071 2369 1106 mi-

142 1126 333 1176 υπουργεῖν
352 1122 445 1179 κατὰ
462 1127 614 1166 μίμησιν
631 1124 709 1157 τῶν
725 1122 976 1164 ἐνδοξοτάτων
992 1121 1099 1167 ἡμῶν
1115 1135 1221 1168 στρα-
1236 1123 1278 1155 20
1290 1122 1411 1162 litum,
1448 1131 1512 1166 per
1542 1121 1637 1165 quod
1670 1125 1705 1156 et
1737 1120 1960 1165 disciplinam
1991 1119 2090 1154 dabit
2120 1117 2308 1158 militibus,
2339 1116 2369 1151 Si

141 1181 273 1214 τηγων,
302 1166 347 1202 δι’
373 1180 415 1202 ov
447 1171 508 1202 καὶ
540 1172 738 1214 σωφρονιεῖ
767 1169 1002 1214 στρατιώτας,
1035 1169 1136 1202 εἵπου
1160 1181 1220 1201 κα-

144 1213 238 1247 lam
273 1212 416 1257 καιρός,
451 1216 510 1247 καὶ
546 1214 684 1253 συνέξει
722 1214 809 1258 πρὸς
839 1214 900 1248 τὰς
931 1211 1126 1269 ἀναγκαίας
1157 1213 1221 1246 τοῦ

143 1257 354 1314 πράγματος
377 1256 579 1304 ὑπουργίας.
629 1256 715 1293 ὅσας
743 1258 784 1293 δὲ
807 1257 962 1302 σιτήσεις
986 1261 1223 1304 αφωρίσαμεν

145 1304 244 1346 αυτῷ
276 1317 316 1337 τε
347 1307 407 1337 καὶ
439 1302 608 1358 παρέδρερ
636 1307 696 1337 καὶ
719 1305 764 1351 τῇ
789 1301 850 1338 ὑπ’
878 1302 990 1338 αὐτὸν
1012 1300 1131 1346 τάξει,
1163 1305 1224 1336 καὶ

1292 1166 1434 1211 quando
1458 1166 1638 1201 vocaverit
1662 1170 1812 1210 tempus,
1837 1169 1872 1200 et
1896 1168 2087 1208 congregat
2102 1163 2146 1198 ad
2165 1162 2371 1198 necessaria

1291 1221 1410 1246 rerum
1433 1211 1641 1247 ministeria.
1668 1211 1826 1255 Quantas
1851 1220 1933 1245 vero
1953 1219 2116 1245 annonas
2133 1207 2370 1251 delegavimus

1292 1257 1325 1292 ei
1345 1259 1381 1292 et
1395 1257 1600 1292 consiliario
1616 1256 1692 1292 eius
1710 1259 1745 1291 et
1763 1256 1837 1290 eius
1854 1255 1986 1296 officio,
2003 1259 2038 1289 et
2055 1257 2206 1299 quantas
2226 1255 2370 1297 oportet

1292 1302 1336 1337 de
1360 1306 1478 1337 cetero
1504 1311 1594 1344 eum,
1616 1301 1676 1346 qui
1699 1301 1833 1346 primae
1851 1300 2012 1335 Galatiae
2028 1300 2133 1334 iudex
2151 1300 2215 1341 est,
2239 1297 2371 1331 habere

142 1346 232 1384 ὅσας
256 1346 310 1382 δεῖ
328 1350 392 1382 τοῦ
420 1348 552 1403 iomov⁷
567 1362 635 1383 τον
663 1350 724 1392 τῆς
748 1348 892 1394 πρώτης
916 1346 1224 1401 Γαλατίαςητῖγού-
1237 1349 1279 1381 25
1292 1357 1359 1392 pro
1391 1356 1430 1382 se
1461 1349 1495 1381 et
1527 1346 1729 1382 consiliario
1764 1347 1800 1381 et
1830 1345 2010 1381 obedienti
2041 1344 2074 1379 ei
2106 1343 2244 1384 officio,
2277 1342 2372 1386 quod

143 1406 254 1438 μενον
278 1395 371 1436 ἐχειν
395 1390 485 1439 ὑπὲρ
509 1395 619 1428 αυτοῦ
643 1406 684 1428 τε
706 1397 766 1428 καὶ
790 1392 967 1439 παρέδρου
993 1396 1052 1428 καὶ
1068 1404 1131 1436 της
1147 1405 1224 1427 πει-

145 1440 301 1482 θὀμένης
326 1435 426 1481 αὐτῷ
456 1436 609 1481 τάξεως,
637 1435 706 1473 ὅσα
737 1452 778 1473 τε
806 1437 919 1474 αὐτὸν
951 1437 1043 1484 ὑπὲρ
1065 1439 1142 1472 τῶν
1162 1438 1225 1481 τῆς

143 1482 248 1529 ἀρχῆς
283 1482 480 1527 συμβόλων
515 1483 679 1530 προςήκει
715 1487 884 1529 παρέχειν
918 1483 941 1527 ἢ
974 1486 1013 1518 ἐν
1042 1485 1096 1526 τῴ
1129 1483 1224 1527 θείῳ

144 1527 251 1573 ἡμῶν
275 1527 442 1572 παλατίῳ
467 1527 490 1572 ἢ
514 1531 554 1563 ἐν
574 1531 627 1583 τῷ
650 1534 863 1574 πραιτωρίῳ
879 1530 957 1563 τῶν
974 1526 1226 1568 ἐνδοξοτάτων

145 1573 327 1619 ἐπάρχων,
412 1573 421 1583 “
490 1575 506 1582 ”

143 1621 334 1665 γενήσεται
356 1617 457 1662 δῆλα.
501 1620 639 1663 ταύτην
659 1622 756 1663 ημεῖς
780 1634 849 1662 την
871 1632 985 1665 αρχην
1004 1622 1077 1653 τοῖς
1100 1619 1226 1653 τόποις

146 1667 293 1699 ἐκείνοις
332 1661 634 1708 ἀποδεδώκαμεν,
673 1661 763 1699 ὥςτε
798 1667 872 1699 τοῖς
908 1663 1152 1708 ἀδικουμένοις
1187 1665 1226 1696 ἐκ

147 1713 335 1755 προχείρου
366 1709 436 1751 τὴν
467 1709 648 1753 βοήθειαν
672 1709 774 1751 εἶναι,
797 1713 856 1743 καὶ
881 1709 1022 1744 πάντας
1044 1708 1127 1743 τοὺς
1146 1704 1223 1742 κατ’

147 1757 300 1789 ἐκείνους
323 1755 510 1788 οἰκοῦντας
532 1754 616 1788 τοὺς
638 1754 771 1788 τόπους
795 1751 1034 1806 ἀπηλλάχθαι
1057 1755 1124 1796 μὲν
1147 1753 1226 1787 τῶν

1291 1402 1373 1428 vero
1398 1392 1516 1437 ipsum
1540 1401 1606 1436 pro
1631 1391 1812 1435 dignitatis
1838 1390 2010 1426 codicillis
2033 1392 2175 1434 oportet
2195 1388 2371 1433 praebere

1293 1440 1357 1472 aut
1378 1437 1415 1472 in
1439 1436 1557 1473 divino
1582 1438 1705 1472 nostro
1729 1436 1862 1481 palatio
1887 1439 1950 1471 aut
1973 1436 2009 1470 in
2033 1433 2213 1480 praetorio
2238 1433 2370 1476 glorio-

1294 1482 1515 1518 sissimorum
1547 1483 1820 1526 praefectorum,
1852 1491 1916 1526 per
1940 1480 2138 1516 subiectam
2163 1478 2371 1522 descriptio-

1293 1537 1375 1563 nem
1400 1527 1562 1563 omnibus
1587 1526 1648 1562 fiet
1670 1527 1907 1562 manifestum.
1956 1526 2059 1560 Hanc
2083 1535 2149 1560 nos
2165 1523 2374 1565 dignitatem

367 1572 427 1607 δια
463 1586 526 1617 της
563 1577 853 1628 υποτεταγμένῃς
883 1571 1100 1629 ρπργραφῆς
1135 1575 1225 1608 πᾶσι
1239 1573 1384 1608 Soloeis
1407 1573 1477 1607 illis
1501 1572 1699 1614 reddimus,
1731 1575 1772 1607 ut
1801 1572 1906 1607 laesis
1930 1574 2134 1616 promptum
2158 1568 2373 1604 adiutorium

1295 1618 1358 1660 sit,
1392 1621 1427 1653 et.
1458 1627 1580 1653 omnes
1607 1618 1644 1653 in
1675 1617 1730 1653 his
1763 1617 1967 1652 habitantes
1992 1616 2080 1652 locis
2105 1615 2293 1649 liberemus
2317 1612 2373 1647 his

1295 1673 1388 1708 quae
1425 1663 1602 1698 hactenus
1642 1662 1953 1707 adprehenderunt
1991 1671 2053 1697 eos
2089 1658 2373 1699 difficultatibus,

1295 1708 1413 1752 quiete
1448 1718 1530 1743 vero
1562 1709 1599 1742 et
1629 1707 1889 1752 tranquillitate
1918 1706 2056 1751 perfrui
2088 1704 2274 1746 universa,
2310 1702 2373 1737 ad-

1294 1752 1590 1787 ministrationem
1624 1754 1887 1796 praeponentes
1918 1751 1965 1786 ad
1991 1750 2147 1785 omnium
2180 1749 2223 1784 de
2255 1749 2374 1784 cetero

147 1798 228 1844 ἅχρι
259 1800 327 1833 νῦν
357 1797 590 1841 κατεχόντων
620 1796 752 1833 αὐτοὺς
782 1797 972 1853 δυςχερων,
1009 1801 1155 1850 ησνχίας
1187 1795 1226 1830 δὲ
1240 1799 1280 1831 35
1293 1797 1517 1842 iniquitatem
1542 1800 1577 1832 et
1600 1797 1810 1832 iniustitiam
1833 1795 2009 1832 valentem
2034 1794 2210 1831 sufficere.

147 1847 207 1878 καὶ
244 1842 410 1887 εὐνομίας
441 1842 642 1878 ἀπολαύειν
673 1842 833 1887 ἀπάσης,
862 1843 974 1888 αρχὴν
1003 1846 1077 1877 τοῖς
1099 1852 1226 1876 τοποις

148 1887 426 1932 ἐπιστησάντων
455 1886 560 1933 ἡμῶν
590 1887 681 1934 πρὸς
711 1889 837 1923 πᾶσαν
867 1889 992 1934 ἐφεξῆς
1020 1884 1163 1921 ἀδικίαν
1187 1898 1227 1921 τε

148 1938 208 1969 καὶ
231 1937 464 1980 παρανομίαν
489 1931 692 1978 δυναμένην
716 1930 847 1980 ἀρκεῖν.

214 1977 496 2025 (Enii-oyes.)
543 1980 662 2013 Ταῦτα
685 1983 809 2031 τοίνΙυν
834 1977 933 2033 &ispax
947 1979 992 2025 τῇ
1016 1979 1061 2025 σῇ
1086 1976 1227 2018 ἐνδοξό-

1362 1976 1650 2022 (Epilogus.)
1695 1975 1794 2010 Haec
1824 1974 1932 2018 igitur
1963 1973 2153 2009 manifesta
2186 1975 2271 2009 tuae
2297 1974 2376 2018 glo-

147 2038 229 2067 τητι
252 2024 476 2076 καταστῆσαι
497 2022 716 2067 συνείδομεν,
741 2034 962 2077 ωςτειαυτην
977 2022 1228 2068 γινώσκουσαν
1239 2023 1283 2056 40
1296 2021 1371 2056 riae
1395 2022 1614 2057 consiltuere
1638 2020 1888 2064 praevidimus,
1913 2021 1953 2054 ut
1969 2029 2012 2053 ea
2028 2029 2260 2063 cognoscens,
2285 2029 2377 2063 quae

148 2070 194 2103 τὰ
219 2071 300 2113 περὶ
324 2080 455 2102 τουτου
475 2068 545 2102 νῦν
567 2065 654 2111 ἡμῖν
671 2080 913 2112 παρασταντα
929 2079 1028 2112 παρα
1059 2066 1228 2101 υλάττειν

150 2115 196 2149 εἰς
226 2112 294 2148 τὸν
324 2115 450 2147 ἔπειτα
480 2113 614 2157 χρόνον
644 2116 705 2146 καὶ
736 2111 801 2147 τὰς
823 2112 979 2155 σιτήσεις
1002 2113 1102 2154 αυτῷ
1127 2124 1228 2156 χορη-

148 2162 241 2207 γεῖν,
282 2157 386 2193 καθ-ἀ
424 2158 470 2205 τῇ
510 2156 732 2204 ὑποταγείσῃ
771 2154 854 2202 παρ’
891 2154 998 2201 ἡμῶν
1032 2153 1228 2203 ἀπογραφῇ

1298 2066 1342 2101 de
1360 2066 1428 2101 hoc
1452 2075 1548 2101 nunc
1571 2065 1676 2100 nobis
1700 2065 1927 2109 placuerunt,
1952 2064 2140 2099 observare
2156 2064 2192 2098 in
2208 2063 2377 2108 deinceps

1297 2113 1437 2155 tempus
1472 2114 1509 2145 et
1544 2119 1706 2145 annonas
1739 2109 1770 2144 ei
1801 2109 2021 2150 ministrare,
2058 2109 2253 2144 secundum
2282 2108 2377 2152 quod

1298 2165 1388 2200 quae
1412 2155 1575 2191 subiecta
1598 2158 1653 2190 est
1676 2164 1698 2189 a
1721 2154 1824 2189 nobis
1849 2153 2042 2197 descriptio
2066 2153 2262 2198 praebebit.

150 2272 285 2310 vicario
309 2270 517 2316 assiqnatas
539 2278 634 2304 nunc
656 2268 868 2314 provinciae
888 2277 1038 2314 praeses
1062 2267 1201 2314 accepit
1226 2267 1263 2302 in
1285 2277 1391 2314 suum
1415 2266 1650 2301 ministerium
1658 2278 1673 2306 ,·
1696 2265 1869 2310 quoniam
1892 2263 1958 2306 illi,
1983 2264 2046 2309 qui
2070 2264 2161 2299 niliil
2185 2264 2287 2299 atiud
2306 2266 2381 2300 nisi

151 2317 266 2354 civilis
298 2319 435 2352 tantum
466 2314 516 2350 sit
545 2315 802 2360 maqistratus,
836 2322 1127 2359 supervacaneus
1157 2315 1211 2348 est
1243 2311 1367 2347 talium
1399 2321 1502 2353 usus,
1533 2309 1722 2357 spectabili
1751 2320 1834 2345 vero
1865 2310 2001 2344 vicario
2034 2309 2222 2345 circumire
2251 2314 2377 2346 coacto

150 2364 176 2400 3
221 2360 427 2397 necessaria
451 2370 574 2394 earum
601 2369 715 2405 opera
738 2362 800 2394 est.
852 2357 1022 2393 oboediet
1045 2367 1129 2392 vero
1154 2357 1187 2393 ei
1211 2358 1400 2393 universus
1422 2356 1606 2392 exercitus
1621 2355 1658 2390 in
1674 2355 1747 2390 illis
1761 2354 1850 2390 locis
1867 2355 2092 2396 constitutus,
2117 2353 2284 2400 dictoque
2300 2356 2378 2390 eius

152 2407 338 2443 audientes
369 2407 474 2441 erunt
498 2404 683 2439 domestici
707 2407 742 2439 et
759 2406 998 2449 protectores,
1029 2401 1213 2438 scholares
1236 2406 1269 2437 et
1293 2402 1432 2443 milites,
1469 2412 1543 2435 non
1567 2400 1768 2446 indiqentes
1784 2399 1991 2445 praesidali
2011 2399 2183 2434 mandato
2209 2403 2378 2436 nostrove

152 2454 264 2493 iussu,
288 2450 353 2487 sed
375 2450 456 2501 ipso
481 2449 717 2495 maqistratus
740 2448 819 2483 iure
843 2448 1139 2493 obtemperantes.
1190 2446 1387 2483 Oboedient
1409 2449 1528 2481 autem
1550 2456 1622 2491 quo
1647 2445 1798 2490 quisque
1822 2443 1901 2479 loco
1926 2444 2035 2489 deqit,
2059 2444 2132 2478 nisi
2145 2454 2217 2489 qua
2233 2444 2327 2479 iusta
2343 2447 2378 2479 et

151 2498 178 2534 4
223 2495 439 2532 inevitabilis
467 2494 663 2530 necessitas
690 2492 841 2528 maioris
871 2492 1006 2528 auxilii
1034 2492 1200 2537 indiqens
1229 2496 1338 2537 σοφαί
1367 2502 1447 2527 eum
1478 2501 1528 2528 εει·
1558 2501 1630 2525 uim
1660 2489 1738 2525 loeo
1762 2489 1801 2523 in
1825 2489 1977 2524 alterum
2002 2488 2200 2524 traducere.
2253 2487 2378 2524 Utetur

152 2542 260 2578 etiam
291 2539 487 2587 praeconis
517 2549 602 2574 voce
633 2542 668 2574 et
699 2541 873 2583 quattuor
902 2537 1060 2582 facibus,
1093 2537 1263 2582 quoniam
1296 2538 1333 2571 in
1365 2535 1460 2571 lianc
1482 2546 1557 2570 rem
1581 2539 1745 2581 sumptus
1769 2545 1791 2569 a
1815 2533 1919 2568 nobis
1942 2534 2159 2569 constitutus
2178 2535 2243 2575 est,
2268 2537 2378 2578 atque

153 2587 281 2623 ceteris
314 2584 477 2620 omnibus
507 2583 720 2629 iizsiqnibus,
751 2593 986 2628 quaeeunque
1016 2582 1131 2616 civilis
1162 2586 1197 2617 et
1228 2581 1397 2617 militaris
1427 2581 1664 2626 nzaqistratus
1687 2582 1781 2614 sunt.
1836 2577 1935 2613 Unde
1959 2579 2064 2613 etiam
2091 2578 2139 2613 ad
2164 2588 2378 2624 responsum

153 2632 357 2667 ministrare
379 2630 413 2664 ei
428 2628 586 2665 iubemus
602 2627 651 2663 ad
665 2628 898 2674 imitationem
914 2627 1258 2672 gloriosissimorum
1275 2630 1482 2661 nostrorum
1499 2625 1756 2670 maqistrorum
1772 2623 1933 2665 militum,
1956 2634 2025 2668 per
2040 2623 2139 2668 quod
2153 2627 2187 2658 et
2201 2623 2378 2659 coercebit

153 2677 293 2717 milites,
318 2675 350 2710 si
374 2674 519 2720 quando
545 2678 683 2719 tempus
704 2672 956 2719 postulaverit,
980 2676 1015 2707 et
1037 2672 1086 2707 ad
1108 2671 1313 2707 necessaria
1336 2681 1457 2706 rerum
1472 2669 1671 2704 ministeria
1688 2668 1893 2704 continebit.
1929 2667 2094 2710 Quantas
2110 2678 2192 2704 vero
2211 2678 2378 2703 animnos

155 2721 460 2767 assiqnaverimus
491 2719 525 2754 ei
556 2723 591 2754 et
623 2718 800 2754 assessori
830 2721 866 2752 et
896 2716 1038 2752 cohorti
1068 2716 1101 2751 ei
1151 2717 1279 2758 arenti,
1311 2720 1346 2751 et
1369 2719 1527 2761 quantas
1550 2714 1677 2750 debeat
1693 2712 1851 2760 postliac
1869 2714 2014 2758 primae
2039 2711 2206 2747 Galatiae
2227 2722 2378 2758 praeses

153 2766 283 2802 babere
300 2775 375 2812 pro
399 2774 438 2799 se
460 2766 496 2799 et
518 2774 698 2799 assessore
721 2766 755 2798 et
778 2762 987 2797 oboediente
1009 2761 1042 2796 ei
1067 2772 1107 2796 co
1122 2765 1223 2803 torte,
1247 2761 1331 2796 item
1355 2764 1530 2806 quantum
1553 2759 1671 2804 ipsum
1693 2769 1763 2804 pro
1787 2758 2023 2803 maqistratus
2047 2757 2222 2793 codicillis
2246 2761 2312 2793 aut
2336 2758 2376 2792 in

153 2821 260 2847 sacro
291 2813 418 2845 nostro
442 2808 590 2855 palatio
615 2814 679 2843 aut
702 2808 739 2842 in
759 2807 1103 2853 qloriosissimorum
1121 2805 1398 2852 praefectorum
1449 2805 1609 2839 raetorio
1634 2803 1722 2838 dare
1745 2803 1947 2845 conveniat,
1965 2812 2036 2847 per
2059 2801 2253 2837 subiectam
2278 2802 2375 2837 noti-

155 2857 240 2891 tiam
265 2853 427 2891 omnibus
442 2854 511 2933 Zfiet
534 2853 776 2898 manifestum.
824 2851 934 2887 Hune
957 2862 1023 2886 nos
1046 2852 1297 2903 maqistratum
1321 2850 1393 2885 illis
1431 2850 1507 2884 ocis
1529 2848 1762 2890 reddidimus,
1792 2852 1833 2883 ut
1855 2848 1919 2893 qui
1942 2847 2078 2882 iniuria
2102 2846 2318 2891 afficiuntur
2340 2846 2379 2882 in

152 2904 324 2948 promptu
348 2899 527 2934 auxiium
551 2898 708 2934 habeant
731 2907 933 2942 omnesque,
959 2897 1023 2941 qui
1044 2896 1082 2930 in
1105 2895 1177 2931 illis
1200 2895 1289 2931 locis
1312 2894 1487 2935 habitant,
1513 2893 1642 2939 quibus
1666 2892 1839 2928 hactenus
1857 2897 2075 2938 premuntur
2099 2891 2269 2927 molestiis
2292 2891 2378 2927 libe-

154 2949 293 2985 rentur,
325 2947 359 2978 et
390 2944 507 2988 quiete
540 2947 648 2987 atque
679 2941 874 2987 disciplina
897 2942 1075 2985 fruantur
1107 2941 1215 2983 omni,
1247 2939 1418 2986 quoniam
1450 2939 1702 2984 nzaqistratum
1726 2937 1800 2973 illis
1824 2938 1912 2973 locis
1928 2936 2182 2983 praefecimus
2204 2935 2380 2974 adversus

154 2999 292 3026 omnem
316 2987 485 3023 iniuriam
509 2990 542 3022 et
565 2986 774 3022 seditionem
798 2986 982 3021 valentem.

292 3032 328 3067 E
367 3032 431 3067 ilo
473 3042 532 3066 us.
580 3031 683 3066 Haec
713 3031 826 3076 iqitur
856 3030 1052 3075 manifesta
1083 3033 1166 3065 tuae
1195 3030 1337 3076 qloriae
1366 3029 1493 3074 facere
1523 3028 1635 3063 visum
1659 3031 1723 3070 est,
1758 3031 1798 3062 ut
1820 3037 2042 3074 eoqnoscens
2065 3036 2158 3072 quae
2181 3025 2250 3061 leae
2273 3025 2317 3061 cle
2340 3036 2381 3061 re

156 3089 252 3114 nunc
276 3089 323 3112 no
349 3077 380 3112 is
402 3087 427 3122 p
444 3081 621 3155 αΙοιιεέιιηῐ
644 3076 804 3111 observet
825 3075 863 3110 in
884 3075 1051 3120 futurum
1076 3078 1215 3122 tempus
1239 3079 1273 3110 et
1297 3084 1462 3110 annonas
1485 3072 1519 3108 ei
1534 3073 1724 3119 praebeat,
1751 3071 2047 3118 quemadmodum
2062 3071 2222 3107 subiecta
2238 3081 2261 3106 a
2276 3070 2381 3107 nobis

157 3123 286 3159 notitia
310 3132 455 3167 compre
469 3132 522 3156 ien
552 3122 635 3156 itur.

206 3239 222 3270 1
249 3236 342 3279 ἐπαρ
367 3236 439 3277 (sic)
466 3235 511 3267 M
532 3235 544 3277 ΙΙ
572 3236 642 3276 ἔχει
671 3230 808 3276 λαβὼν]
833 3230 941 3275 ἔλαβε
966 3244 1034 3264 cum
1054 3232 1236 3274 Scrimqero

158 3282 245 3325 vulq.
275 3280 288 3323 ΙΙ
316 3282 335 3314 2
361 3276 471 3313 αὐτοῦ
491 3280 531 3312 Μ
553 3279 565 3316 ΙΙ
597 3280 617 3311 4
643 3279 880 3322 περινοστεῖν]
907 3276 1176 3309 circumlustrare
1193 3294 1236 3299 —

159 3325 347 3369 provincias
373 3336 392 3361 ς
426 3325 437 3367 ΙΙ
474 3326 512 3358 10
540 3320 615 3356 ἀλλ’
635 3343 677 3347 -
698 3320 837 3365 δικαίῳ]
862 3322 917 3354 sed
947 3322 1009 3354 hoc
1040 3322 1112 3363 ipso
1136 3320 1236 3353 iuris-

161 3371 305 3403 dictione
331 3381 349 3405 ς
367 3369 379 3412 Η
400 3371 440 3403 14
464 3367 615 3414 ἀνάγκης
641 3369 686 3401 Μ
695 3368 706 3411 ΙΙ
729 3369 769 3402 1ss
794 3369 954 3408 quartuor
978 3367 1019 3399 M
1035 3365 1047 3410 ΙΙ
1069 3368 1108 3399 19
1134 3362 1236 3408 ἄδρε-

161 3414 347 3457 σπόνσουμ
372 3414 418 3447 Μ
440 3413 452 3456 ΙΙ
480 3415 520 3447 21
547 3411 698 3453 καλέσει]
723 3412 889 3444 vocaverit
912 3413 946 3452 (i.
973 3424 999 3446 e.
1025 3408 1194 3452 καλέσειε)
1220 3421 1238 3446 ς
1271 3426 1273 3438 ι

159 3461 170 3501 ΙΙ
196 3462 238 3494 22
263 3458 478 3500 congregabit
502 3459 538 3499 (i.
563 3470 590 3491 e.
615 3456 769 3498 συνάξει)
795 3469 813 3493 ς
836 3456 848 3500 ΙΙ
875 3467 986 3489 rerum
1008 3455 1195 3488 ministeria
1220 3467 1239 3491 ς

1304 3241 1314 3284 ll
1340 3242 1400 3281 est]
1426 3241 1458 3273 et
1478 3240 1595 3273 VPz'se.
1614 3238 1627 3283 ss
1645 3241 1664 3274 5
1686 3238 1809 3272 habent
1830 3239 1945 3273 VPz‘st.
1964 3238 1977 3283 ΙΙ
2003 3241 2023 3273 6
2046 3238 2180 3272 obedire
2204 3245 2234 3272 et
2256 3238 2381 3271 consti-

1305 3286 1371 3318 tuti
1394 3285 1524 3326 VPist.‚
1547 3297 1629 3318 corr.
1656 3284 1748 3317 Beck
1779 3285 1791 3327 l}
1825 3287 1842 3318 7
1869 3284 2030 3317 obediunt
2050 3285 2082 3318 V
2109 3284 2121 3327 ΙΙ
2154 3285 2173 3317 8
2199 3283 2332 3317 scolarii
2353 3283 2384 3316 V

1305 3330 1424 3363 scolari
1450 3330 1530 3363 Pist.
1557 3328 1569 3372 ΙΙ
1598 3331 1637 3363 10
1663 3330 1811 3362 lacunam
1831 3337 1906 3372 post
1926 3330 1998 3372 ipso
2021 3330 2137 3362 statuit
2158 3329 2317 3371 Schoellll
2337 3329 2380 3362 12

1306 3374 1469 3408 auxilium
1490 3374 1629 3407 maiores
1654 3375 1727 3416 eget
1748 3373 1874 3414 VPtst„
1900 3387 1982 3407 corr.
2007 3373 2102 3406 Beck
2124 3372 2137 3416 11
2170 3375 2210 3407 16
2234 3375 2267 3406 et
2286 3375 2382 3417 prius

1307 3434 1364 3454 om.
1379 3420 1460 3453 Pist.
1484 3418 1496 3463 ΙΙ
1522 3419 1666 3451 diffinita
1688 3419 1719 3451 V
1729 3418 1740 3462 ΙΙ
1759 3418 1794 3450 in
1820 3420 1882 3451 del.
1896 3419 1990 3452 Beck
2007 3418 2019 3460 ΙΙ
2039 3420 2078 3453 17
2101 3417 2303 3451 militaribus
2317 3418 2381 3458 V⁰‚

1989 3465 2030 3497 18
2051 3463 2237 3495 ministrari
2257 3462 2380 3497 VHse.

159 3504 172 3549 ΙΙ
194 3506 238 3539 24
259 3503 451 3537 consiliario
475 3503 546 3536 eius
571 3514 590 3539 ς
617 3502 629 3546 ΙΙ
660 3503 702 3536 30
729 3497 903 3546 ὑπάρχων
928 3502 977 3542 ils,
1003 3503 1127 3534 correxi
1156 3500 1167 3544 ΙΙ
1197 3503 1237 3533 3κὶ

161 3545 316 3591 ἀπάσης,
350 3545 462 3593 ἀρχὴν
487 3561 525 3580 ez·
549 3560 567 3583 ς
592 3548 790 3588 ΖαεῘιαιιάε]
822 3544 897 3580 ἀπὸ
929 3545 1044 3588 πάσης
1068 3541 1175 3589 ἀρχῆς
1200 3545 1245 3578 Μ’

161 3596 172 3634 ΙΙ
196 3597 269 3627 τοῖς
288 3592 412 3626 τόποις
437 3601 466 3626 et
489 3590 594 3636 ἡμῶν
619 3605 678 3626 οηι.
705 3604 723 3628 ς
749 3592 759 3635 ΙΙ
788 3594 828 3624 37
854 3590 988 3634 πᾶσαν]
1014 3591 1163 3623 omnium
1187 3602 1205 3626 ς
1227 3589 1239 3635 ΙΙ

163 3640 207 3673 38
231 3641 462 3683 παρανομίαν
487 3651 525 3670 ex
549 3649 568 3673 ς
594 3638 780 3678 Blemmsen]
806 3638 1008 3680 προνομίαν
1032 3635 1075 3669 Μ

212 3707 227 3741 1
254 3705 419 3750 accipiens
445 3706 538 3738 Beck
563 3705 575 3748 ΙΙ
601 3706 619 3738 3
646 3691 855 3737 constituunt
876 3690 1013 3744 Vinii,
1037 3715 1119 3736 corr.
1145 3688 1240 3735 Beck
1273 3743 1275 3745 q

1307 3475 1390 3507 quae
1415 3477 1576 3507 suprascr.
1600 3463 1650 3497 V⁶
1666 3465 1678 3505 11
1697 3463 1877 3504 dignitates
1898 3464 1929 3496 V
1947 3467 1960 3507 ss

1306 3512 1318 3553 ss
1341 3509 1593 3542 immitationem
1616 3509 1648 3541 V
1664 3508 1677 3551 ΙΙ
1702 3510 1739 3541 21
1766 3509 1798 3540 et
1817 3521 1874 3540 om.
1887 3508 1947 3549 V¹‚
1973 3509 2050 3541 add.
2072 3507 2121 3541 V2
2139 3508 2150 3550 ΙῙ
2166 3507 2383 3550 congregabit

1272 3573 1275 3587 .
1309 3556 1402 3589 Beck
1417 3556 1429 3596 ΙΙ
1449 3555 1490 3587 22
1516 3563 1621 3586 annos
1643 3553 1677 3587 V
1695 3552 1708 3596 ΙΙ
1732 3553 1775 3586 24
1798 3552 1934 3593 gallatie
1957 3552 2013 3595 Vn
2029 3554 2091 3592 est]
2118 3555 2150 3585 et
2174 3553 2289 3586 VPist.
2308 3552 2381 3591 {130

1309 3602 1368 3642 leq.
1393 3598 1619 3632 reddidimus?
1643 3601 1656 3640 ΙΙ
1680 3597 1903 3630 aduictorium
1925 3597 1980 3640 Vn
2007 3599 2050 3631 33
2074 3597 2162 3630 ustis
2185 3598 2239 3638 (ue
2263 3610 2301 3631 ex
2325 3600 2382 3639 uo)

1317 3645 1377 3687 17¹,
1402 3654 1482 3677 uero
1498 3643 1548 3676 V²
1563 3643 1575 3687 ΙΙ
1594 3642 1879 3675 administratione
1901 3641 1957 3685 VH
1974 3643 2017 3676 42
2042 3642 2131 3684 quod
2154 3654 2214 3676 om.
2235 3643 2275 3684 V,
2298 3652 2382 3685 quae

1309 3703 1367 3724 om.
1394 3690 1474 3723 Pisi.
1495 3688 1565 3733 1143
1590 3687 1761 3732 praebebit
1785 3699 1842 3720 om.
1860 3687 1941 3720 Pist.

2046 3755 2118 3789 97*
