2586 3990
194 152 301 197 Nov.
318 152 435 196 CXX
464 153 502 194 8.
530 154 556 195 9

192 262 235 297 τὸ
260 260 413 306 ἀζήμιον
435 263 510 296 τοῖς
528 258 693 307 εὗαγέσιν
716 260 824 296 οἴκοις
845 261 886 296 ἐκ
908 262 988 297 τῶν
1003 263 1138 298 ἐκείνου
1162 275 1276 312 πραγ-

190 306 321 352 μάτων
344 308 555 351 περιποιεῖν,
585 305 636 350 μὴ
661 304 860 350 δυναμένου
887 305 980 351 μηδὲ
1003 308 1169 343 ἐνταῦθα
1193 311 1276 355 περὶ

371 350 380 360 t

193 353 459 396 έμπονηματων
482 364 519 385 τι
543 362 651 396 προτι
656 351 776 387 θ’έναι.

1263 149 1348 197 588
1357 194 1359 197 .

2036 151 2097 200 nn
2124 169 2428 204 ,inmun-mun

1345 266 1456 300 tatem
1479 264 1740 302 venerabilibus
1763 265 1928 318 domibus
1957 267 2002 305 de
2025 268 2183 305 eiusdem
2207 269 2314 306 rebus
2338 269 2429 313 fleri,
2481 255 2483 257 ¹

1343 309 1580 390 ιέἓὲιᾱέιςέειιις
1603 320 1718 355 neque
1741 310 1800 372 hic
1823 312 1868 348 de
1886 315 2140 359 emponematis
2165 314 2299 360 aliquid
2321 324 2426 360 prae-

1193 465 1355 503 CAPUT
1377 466 1441 502 IX.

241 532 321 565 Ταῖς
344 528 385 565 δὲ
402 526 624 578 ἁγιωτάταις
647 529 847 575 ἐκκλησίαις
860 528 1034 576 Ὀδησσοῦ
1052 535 1113 568 καὶ
1134 533 1277 579 Τόμεως

1414 533 1666 570 sanctissimas
1690 544 1774 571 vero
1799 534 1971 572 eeclesias
1995 537 2123 575 Odessi
2145 543 2181 575 et
2204 540 2358 576 Tomeos
2379 539 2429 575 ci·

190 576 268 611 τῶν
283 573 430 611 πόλεων
453 577 697 623 ἐπιτρέπομεν
720 578 879 612 ἐκποιεῖν
903 576 1102 631 πράγματα
1121 575 1277 636 ἀκίνητα
1313 581 1332 614 5
1346 579 1495 615 vitatum
1511 579 1752 624 praecipimus
1769 580 1927 616 alienare
1941 591 2000 618 res
2015 582 2212 621 immobiles
2230 596 2296 631 pro
2314 585 2429 630 capti-

528 621 538 632 >
787 619 797 633 ³

189 618 279 665 ὑπὲρ
309 622 371 664 τῆς
401 621 479 655 τῶν
501 618 744 664 αιχμαλώτων
776 635 1022 668 αναρρυσεως,
1054 622 1151 667 πλὴν
1175 638 1205 658 ει
1227 638 1277 670 μη

190 668 251 701 ἐπὶ
273 666 388 713 ταύτῃ
411 667 457 714 τῇ
482 665 615 711 αἱρέσει
639 667 779 711 κτήσεις
801 670 895 703 τινές
927 665 1052 703 αὐταῖς
1075 667 1276 713 ἐδόθησαν,

191 707 252 758 ἐφ’
279 703 311 754 ᾦ
333 710 426 745 κατὰ
446 709 586 756 μηδένα
605 709 745 757 τρόπον
768 710 903 748 ταύτας
928 715 1169 749 έκποιεῖσθαι.
1216 717 1276 749 καὶ

189 758 297 791 τοῦτο
321 753 361 790 δὲ
384 759 648 812 συγχωροῦμεν,
673 754 763 792 ὥςτε
783 758 852 802 τὴν
868 757 961 793 κατὰ
985 759 1054 802 τὴν
1077 761 1154 794 τῶν
1176 756 1276 806 Ἱερο-

1347 635 1470 661 vorum
1492 624 1744 670 redemptione,
1775 626 1846 661 nisi
1868 625 1935 662 sub
1958 626 2028 663 hac
2052 629 2262 667 condicione
2312 640 2428 666 osses-

1346 671 1464 705 siones
1481 670 1591 715 aliqui
1607 670 1657 705 eis
1675 670 1862 714 dederunt,
1883 674 1924 706 ut
1943 672 2041 708 nullo
2057 674 2161 710 modo
2179 677 2244 711 has
2296 677 2426 711 ienent.

1346 715 1396 751 Et
1411 715 1481 751 hoc
1496 719 1615 751 autem
1631 715 1870 759 concedimus,
1887 719 1927 751 ut
1939 716 2263 764 Hierosolymorum
2280 721 2427 756 sanctis-

1347 760 1436 796 sima
1457 760 1608 796 ecclesia
1627 761 1807 796 licentiam
1832 762 1966 797 habeat
1985 762 2109 799 domos
2131 769 2372 811 competentes
2397 766 2428 801 ei

189 800 395 847 σολυμιτῶν
430 815 642 857 αγιξιιτατην
678 801 868 846 ἐκκλησίαν
903 802 1032 838 ἄδειαν
1067 806 1161 848 ἔχειν
1195 805 1277 840 τοὺς
1293 807 1333 840 10
1347 808 1383 841 et
1405 806 1544 851 positas
1576 806 1614 841 in
1638 806 1759 841 eadem
1784 810 1911 842 sancta
1935 807 2078 843 civitate
2101 811 2267 852 vendere,
2297 821 2368 846 non
2391 811 2428 846 in

189 847 304 881 οἴκους
339 846 423 881 τοὺς
457 860 549 894 αυτῃ
581 847 821 893 προςήκοντας
855 852 915 883 καὶ
946 852 1126 895 κειμένους
1160 852 1200 885 ἐν
1231 851 1277 894 τῆ

191 888 282 939 αὐτῇ
315 889 401 940 ἁγίᾳ
430 890 534 926 πόλει
558 894 779 938 πιπράσκειν
808 894 858 939 μὴ
890 890 953 929 ἐπ’
980 894 1147 930 ἐλάττονι
1171 886 1276 941 τιμή.-

188 950 278 982 ματι
307 935 400 983 ἤπερ
430 939 467 971 ἐκ
498 938 576 972 τῶν
606 939 774 972 ἐνοικίων
803 937 929 974 αὐτῶν
956 941 1017 974 ἐπὶ
1049 940 1277 984 πεντήκοντα

190 982 375 1016 ἐνιαυτοὺς
399 983 612 1029 συνάγεται,
636 980 724 1018 ὦςτε
743 985 782 1017 ἐκ
798 985 860 1027 τῆς
877 983 1020 1024 τούτων
1042 988 1147 1031 τιμῆς
1164 985 1277 1029 ἄλλην

1346 851 1472 887 minori
1505 851 1619 896 pretio
1655 861 1761 895 quam
1791 851 1835 887 de
1858 852 2091 897 pensionibus
2116 854 2167 890 eis
2194 856 2231 890 in
2254 855 2427 900 quinqua-

1345 897 1445 940 ginta
1462 896 1566 932 annis
1584 896 1772 940 colligitur,
1794 899 1835 932 ut
1850 907 1895 933 ex
1911 907 2034 933 earum
2050 899 2166 943 pretio
2182 900 2272 936 alios
2290 901 2427 935 reditus

1345 942 1508 977 meliores
1542 944 1646 976 emat.
1696 941 1734 976 Si
1764 951 1846 977 vero
1878 942 2023 987 quidam
2060 945 2206 980 cuilibet
2237 945 2429 980 venerabili

1347 987 1466 1023 domui
1498 987 1571 1022 sive
1602 986 1639 1021 in
1670 987 1740 1022 hac
1770 987 1869 1031 regia
1900 987 2043 1023 civitate
2075 989 2148 1025 sive
2178 990 2215 1025 in
2238 989 2429 1035 provinciis

189 1026 367 1073 πρόςοδον
389 1026 562 1062 καλλίονα
584 1024 776 1064 ὠνεῖσθαι.
822 1030 869 1063 Εἰ
891 1027 932 1064 δέ
952 1041 1047 1065 τινες
1073 1029 1277 1075 οἱῳὸήποτε
1293 1035 1332 1067 15
1346 1033 1485 1078 positae
1510 1031 1646 1067 steriles
1676 1034 1921 1077 possessiones
1941 1033 2151 1070 donaverint
2176 1038 2240 1071 aut
2263 1035 2428 1071 vendide-

189 1070 311 1120 εὖαγεῖ
340 1073 426 1117 οἴκῳ
456 1073 528 1107 εἴτε
559 1074 600 1107 ἐν
631 1075 675 1121 τῇ
698 1072 862 1119 βασιλίδι
893 1074 1000 1110 πόλει
1031 1076 1103 1110 εἴτε
1134 1079 1277 1117 sumis

189 1119 375 1163 ἐπαρχίαις
394 1131 447 1152 κει
477 1121 548 1162 ένῳ
565 1115 724 1165 ἀπόρους
743 1117 881 1162 κτήσεις
901 1118 1142 1168 δωρήσωνται
1161 1119 1185 1166 ἢ
1201 1135 1276 1158 πω-

190 1162 350 1207 λήσωσιν
372 1159 396 1207 ἢ
420 1161 442 1196 ἆ
467 1162 518 1207 λῳ
542 1163 671 1209 τρόπῳ
695 1164 937 1211 παράσχωσιν
968 1165 993 1209 ἢ
1016 1166 1276 1213 καταλείψωσι,

188 1207 375 1252 κελεύομεν
398 1205 491 1253 ὑπὲρ
522 1210 601 1244 τῶν
623 1210 804 1244 τοιούτων
837 1212 1065 1259 πραγμάτων
1083 1211 1276 1268 ζμηδεμίαν

1345 1078 1419 1113 rint
1451 1079 1516 1112 aut
1551 1077 1620 1112 alio
1656 1077 1760 1113 modo
1796 1079 2039 1114 concesserint
2072 1082 2136 1116 aut
2165 1080 2427 1126 dereliquerint,

1344 1123 1508 1158 iubemus
1532 1133 1596 1167 pro
1613 1122 1746 1158 talibus
1763 1123 1870 1158 rebus
1890 1124 2024 1159 nullam
2039 1125 2232 1161 laesionem
2253 1125 2430 1162 sustinere

1346 1167 1582 1204 venerabilem
1607 1167 1750 1203 domum
1773 1168 1810 1203 in
1828 1179 1935 1213 quam
1958 1169 2162 1206 huiusmodi
2181 1171 2428 1216 possessiones

1345 1216 1599 1258 pervenerunt,
1633 1216 1697 1249 aut
1726 1213 1903 1249 fiscalium
1926 1215 2068 1252 nomine
2100 1218 2164 1251 aut
2192 1216 2340 1252 alterius
2366 1227 2428 1251 eu-

188 1251 333 1306 βλάβην
355 1251 552 1298 ὑπομένειν
574 1253 644 1289 τὸν
667 1253 776 1302 εὐαγῆ
801 1256 911 1299 οἷκον,
935 1257 983 1292 εἰς
1006 1254 1052 1292 ὃν
1074 1271 1096 1300 η
1124 1271 1275 1301 τοιαυτη
1290 1260 1331 1292 20
1345 1259 1489 1294 iuslibet
1521 1268 1652 1294 causae
1675 1259 1790 1302 gratia
1813 1261 2057 1304 praegravari,
2089 1262 2153 1297 sed
2177 1271 2280 1298 omne
2305 1261 2428 1297 huius-

188 1310 311 1342 κτησις
334 1298 545 1344 περιῆλθεν,
570 1298 594 1344 ἢ
617 1298 803 1345 δημοσίων
826 1299 984 1347 ὀνόματι
1006 1300 1030 1358 ᾗ
1055 1301 1162 1348 ἄλλης
1185 1303 1275 1338 οἱας-

189 1342 326 1387 δήποτε
350 1344 466 1379 αἰτίας
487 1345 593 1390 χάριν
615 1349 664 1390 βα
689 1346 863 1390 ύνεσθαι,
895 1343 977 1383 ἀλλ’
1004 1345 1107 1383 α’παν
1134 1348 1178 1384 τὸ
1202 1363 1277 1383 τοι-

188 1390 274 1424 οῦτο
297 1390 408 1436 βάρος
439 1391 487 1424 εἰς
510 1389 594 1425 τούς
617 1389 656 1425 δε
682 1390 822 1426 ωκότας
851 1395 912 1427 καὶ
939 1393 1021 1428 τοὺς
1048 1390 1173 1429 αὐτῶν
1196 1394 1275 1438 κλη-

188 1433 363 1514 ρονόμους
394 1436 601 1479 ἐπανιέναι,
638 1433 947 1493 ἀναγκαζομένους
981 1436 1180 1483 ἀναλαβεῖν
1214 1440 1276 1474 τὰς

1344 1304 1441 1340 modi
1472 1314 1562 1339 onus
1594 1304 1632 1339 in
1663 1304 1789 1339 dantes
1827 1308 1863 1339 et
1895 1315 2016 1340 eorum
2051 1306 2200 1343 heredes
2234 1317 2428 1349 recurrere,

1344 1349 1594 1385 necessitatem
1635 1349 1849 1385 habentibus
1885 1350 2044 1396 recipere
2083 1352 2187 1388 datas
2225 1352 2428 1388 huiusmodi

1345 1396 1590 1440 possessiones
1624 1398 1660 1429 et
1682 1395 1870 1430 restituere
1894 1395 1938 1431 de
1962 1407 2026 1441 pro
2054 1397 2108 1432 ria
2130 1398 2303 1433 facultate
2323 1408 2428 1434 vene-

1344 1441 1449 1477 rabili
1473 1440 1593 1476 domui
1617 1450 1721 1475 omne
1752 1440 1920 1476 damnum
1952 1452 2021 1487 quo
2075 1453 2120 1478 ex
2142 1443 2346 1479 huiusmodi
2369 1453 2427 1479 oc-

212 1478 382 1525 εδομένας
410 1480 581 1516 τοιαύτας
603 1481 742 1525 κτήσεις
773 1486 832 1517 καὶ
861 1484 1124 1519 αποκαθιστᾶν
1152 1486 1191 1519 ἐκ
1214 1486 1276 1528 τῆς
1289 1487 1331 1519 25
1345 1487 1489 1522 casione
1521 1486 1554 1521 ei
1586 1485 1783 1529 contigerit.
1832 1485 1869 1520 Si
1899 1496 1980 1522 vero
2012 1489 2050 1523 et
2080 1488 2164 1524 talis
2197 1488 2299 1524 dolus
2327 1488 2365 1524 in
2388 1498 2428 1524 re

189 1523 282 1560 ἰδίας
314 1530 519 1572 περιουσίας
553 1527 609 1570 τῷ
640 1523 762 1574 εὖαγεῖ
791 1527 879 1572 οἴκῳ
912 1530 1038 1564 πᾶσαν
1069 1531 1202 1575 ζημίαν
1238 1532 1276 1564 ἐκ

187 1571 355 1614 τοιαύτης
380 1571 496 1606 αἰτίας
521 1568 621 1616 αὐτῷ
640 1576 924 1617 συμβαίνουσαν.
972 1576 1003 1609 εἰ
1027 1573 1066 1609 δὲ
1081 1579 1140 1609 καὶ
1158 1576 1275 1610 τοιοῦ-

188 1627 247 1650 τος
270 1613 374 1650 δόλος
389 1617 430 1650 ἐν
446 1617 499 1660 τῷ
517 1615 703 1663 πράγματι
727 1618 1080 1666 παρακολουθήσειε,
1105 1617 1195 1655 dieve
1215 1624 1278 1654 καί

187 1674 272 1696 τινα
292 1660 461 1706 χρήματα
491 1659 583 1707 ὑπὲρ
606 1659 737 1698 τούτου
769 1665 822 1707 τῷ
847 1660 1076 1720 εὗαγεῖἳοῖκῳ
1102 1663 1274 1721 δοθῆναι,

187 1709 248 1740 καὶ
263 1719 380 1741 ταυτα
403 1705 593 1762 κελεύομεν
615 1708 663 1742 εἰς
683 1706 778 1743 ἴδιον
801 1707 922 1755 κέρδος
943 1711 1058 1745 αυτὸν
1080 1710 1149 1745 τὸν
1165 1712 1272 1758 ευαγῆ
1288 1713 1330 1746 30

187 1751 287 1787 οἶκον
311 1753 418 1796 ἔχειν,
440 1764 489 1786 τα
512 1765 636 1798 απορα
660 1750 701 1788 δὲ
723 1753 918 1801 πράγματα
939 1757 992 1790 τῶ
1015 1753 1191 1790 δεδωκότι
1214 1759 1276 1790 καὶ

187 1800 261 1832 τοῖς
283 1793 396 1832 αὐτοῦ
416 1796 648 1843 κληρονόμοις
671 1802 784 1834 παντὶ
807 1799 936 1845 τρόπῳ
962 1788 1273 1845 άποκαταστῆναι.

187 1844 210 1878 1
256 1841 354 1887 Πρὸς
377 1842 517 1877 τούτοις
547 1841 749 1889 κελεύομεν,
781 1841 870 1879 ὥςτε
901 1843 991 1889 μηδε
1021 1850 1081 1880 ίαν
1111 1843 1275 1894 ἀνάγκην

186 1890 265 1922 ταῖς
295 1884 519 1935 ἁγιωτάταις
554 1887 754 1933 ἐκκλησίαις
789 1887 811 1932 ἢ
844 1892 918 1924 τοῖς
953 1890 976 1924 ἄ
999 1890 1072 1926 λοις
1107 1888 1273 1939 εὖαγέσιν

1345 1532 1560 1567 subsecutus
1585 1534 1649 1574 est,
1674 1534 1716 1565 ut
1738 1531 1880 1576 aliquae
1903 1532 2078 1576 pecuniae
2101 1543 2167 1578 pro
2188 1533 2258 1570 hoc
2282 1543 2426 1570 venera-

1346 1576 1408 1612 bili
1439 1577 1560 1613 domui
1594 1576 1778 1619 darentur,
1815 1581 1852 1612 et
1881 1586 1942 1613 eas
1977 1577 2141 1614 iubemus
2175 1578 2213 1614 in
2243 1578 2427 1624 proprium

1343 1623 1484 1658 lucrum
1507 1622 1744 1658 venerabilem
1768 1621 1911 1656 domum
1935 1623 2079 1667 habere,
2102 1623 2242 1660 steriles
2266 1634 2348 1660 vero
2369 1633 2426 1660 res

1345 1667 1377 1703 ei
1402 1668 1463 1712 qui
1487 1668 1585 1704 dedit
1609 1670 1645 1702 et
1668 1666 1858 1703 heredibus
1883 1667 1959 1704 eius
1985 1669 2080 1705 omni
2099 1669 2204 1706 modo
2229 1669 2380 1706 restitui.

1343 1850 1366 1884 1
1411 1846 1471 1882 Ad
1493 1847 1584 1883 haec
1607 1848 1788 1893 iubemus,
1821 1852 1862 1884 ut
1884 1847 1983 1884 nulla
2015 1848 2211 1885 necessitas
2241 1849 2425 1886 sanctissi-

1340 1891 1407 1928 mis
1429 1893 1589 1929 ecclesiis
1613 1894 1669 1929 vel
1689 1894 1769 1929 aliis
1788 1894 2050 1930 venerabilibus
2069 1894 2159 1931 locis
2177 1898 2252 1931 tam
2274 1895 2311 1930 in
2330 1895 2427 1939 regia

254 1992 280 2012 c.
295 1980 356 2013 IX
360 1992 414 2023 pr.
435 1992 464 2013 v.
479 1979 592 2014 8—14
615 1989 767 2014 summam
791 1981 888 2015 habet
914 1983 996 2018 Gall.
1010 1984 1051 2017 87
1070 1995 1142 2026 cap.
1158 1984 1197 2017 16
1222 1984 1310 2025 (inde
1334 1995 1411 2026 app.
1437 1984 1571 2017 Nomoc.
1588 1997 1661 2028 cap.
1679 1986 1743 2026 14).
1769 2004 1813 2008 —
1835 1998 1867 2019 v.
1883 1986 2017 2019 15—32
2041 1988 2160 2020 excitat
2182 1987 2316 2021 Nomoc.
2331 1987 2390 2020 XI
2399 1987 2449 2023 V,

187 2032 225 2104 ‘h‘
300 2078 329 2112 2,
342 2078 374 2105 15
399 2072 444 2112 (ιε
461 2071 585 2113 Fabr.).

227 2050 234 2058 .
247 2025 281 2105 ἓ,
295 2033 308 2059 1
321 2038 356 2068 p.
370 2027 435 2060 497
452 2025 566 2067 Pitra,
590 2027 762 2070 exscripsit
776 2026 940 2061 Nomoan
961 2030 1019 2068 ib.;
1044 2029 1250 2062 summarium
1267 2035 1355 2062 extat
1371 2030 1405 2062 in
1424 2029 1575 2072 Epitome
1591 2029 1625 2072 8,
1639 2037 1656 2064 8
1675 2042 1713 2073 p.
1728 2031 1794 2064 330
1813 2030 1930 2072 Zach„
1956 2031 2121 2066 Theodori
2134 2044 2256 2066 summa
2272 2034 2426 2077 repetitur

270 2095 279 2112 9

187 2186 294 2220 tatem
321 2182 583 2219 venerabilibus
606 2182 772 2219 domibus
802 2193 852 2219 ex
875 2182 974 2219 illius
996 2182 1104 2219 rebus
1130 2183 1364 2230 praestandi,
1395 2187 1436 2220 ut
1466 2195 1512 2222 ne
1544 2188 1619 2222 tum
1650 2186 1793 2233 quidem
1825 2187 1870 2223 de
1892 2187 2200 2224 meliorationibus
2228 2189 2425 2236 quidquam

212 2239 255 2264 ro
284 2239 392 2264 onere
442 2229 541 2264 ossit.

179 2241 209 2277 p
253 2240 280 2276 p
319 2273 384 2309 IX.
411 2239 677 2310 pSanctissimis
699 2276 820 2310 autem
843 2273 1003 2309 ecclesiis
1029 2273 1155 2310 Odessi
1178 2278 1214 2311 et
1238 2274 1397 2311 Tomidis
1420 2275 1605 2312 civitatum
1622 2277 1869 2323 permittimus
1891 2288 1951 2314 res
1973 2278 2170 2315 immobiles
2193 2279 2355 2318 alienare
2377 2282 2427 2318 ad

185 2320 412 2367 captivorum
442 2318 741 2365 redemptionem,
773 2319 844 2354 nisi
867 2329 962 2365 quae
989 2319 1095 2365 forte
1116 2321 1365 2367 possessiones
1395 2332 1439 2356 ea
1463 2321 1675 2358 condicione
1698 2323 1744 2357 iis
1765 2322 1873 2360 datae
1895 2327 1999 2367 sunt,
2031 2335 2078 2359 ne
2100 2324 2175 2360 ullo
2202 2325 2310 2361 modo
2338 2326 2424 2364 alie·

185 2369 327 2401 nentur.
375 2363 457 2400 Hoc
480 2375 624 2416 quoque
646 2363 886 2406 concedimus,
918 2368 960 2400 ut
981 2365 1210 2401 sanctissima
1234 2365 1574 2412 Hierosolymitana
1596 2366 1747 2403 ecclesia
1768 2368 1985 2414 facultatem
2011 2368 2143 2405 babeat
2166 2369 2292 2406 domos
2315 2371 2366 2407 ad
2386 2383 2426 2408 se

178 2411 405 2457 pertinentes
427 2412 462 2445 et
483 2420 522 2444 in
545 2409 670 2445 eadem
692 2414 822 2445 sancta
846 2409 991 2445 civitate
1013 2411 1106 2446 sitas
1128 2410 1320 2454 vendendi,
1352 2422 1427 2447 non
1451 2412 1590 2448 minore
1613 2416 1731 2448 tamen
1753 2414 1873 2460 pretio
1898 2425 2006 2461 quam
2030 2419 2204 2460 quantum
2228 2427 2278 2452 ex
2301 2427 2425 2453 earum

181 2454 416 2502 pensionibus
433 2465 505 2502 per
528 2455 691 2501 quinqua
719 2456 796 2490 inta
819 2465 938 2490 annos
960 2455 1158 2502 colliqitur,
1189 2460 1231 2493 ut
1252 2467 1303 2492 ex
1324 2468 1450 2494 earum
1466 2458 1591 2504 pretio
1623 2457 1735 2493 alium
1758 2458 1913 2495 reditum
1936 2459 2119 2495 meliorem
2142 2464 2247 2496 emat.
2297 2460 2339 2497 Si
2362 2463 2426 2508 qui

184 2506 302 2536 autem
326 2500 538 2546 cuicumque
560 2465 756 2536 venerabili
786 2499 868 2535 loco
899 2501 973 2536 sive
1003 2501 1042 2536 in
1064 2501 1169 2548 reqia
1192 2502 1337 2538 civitate
1367 2503 1442 2538 sive
1471 2504 1510 2538 in
1530 2503 1730 2550 provinciis
1760 2505 1831 2540 sito
1863 2504 2004 2541 steriles
2027 2506 2280 2552 possessiones
2310 2506 2424 2543 dona·

184 2547 301 2582 verint
323 2545 380 2581 vel
402 2545 628 2581 vendiderint
651 2544 708 2581 vel
730 2545 803 2580 alio
827 2545 935 2581 modo
956 2547 1211 2592 praestiterint
1233 2547 1289 2583 vel
1310 2547 1534 2594 reliquerint,
1558 2547 1719 2584 iubemus
1736 2559 1811 2595 pro
1835 2549 2011 2586 eiusmodi
2034 2550 2141 2586 rebus
2163 2551 2302 2587 nullum
2325 2551 2423 2588 dam-

184 2602 269 2626 num
291 2591 413 2627 subire
436 2590 672 2626 venerabilem
697 2589 842 2626 domum
873 2590 923 2626 ad
971 2602 1054 2626 uam
1079 2592 1164 2627 talis
1178 2594 1366 2639 possessio
1383 2593 1571 2640 pervenit,
1604 2598 1669 2629 aut
1693 2596 1909 2630 tributorum
1937 2595 2165 2641 publicorum
2194 2596 2339 2633 nomine
2369 2598 2426 2634 vel

184 2637 228 2673 ob
252 2636 361 2672 aliam
385 2635 497 2671 ullam
521 2646 669 2671 causam
691 2636 861 2682 qravari,
892 2602 967 2672 set?
979 2637 1156 2673 eiusmodi
1180 2648 1272 2673 onus
1294 2649 1397 2674 omne
1429 2638 1479 2674 ad
1509 2649 1572 2674 eos
1603 2638 1667 2685 qui
1690 2638 1867 2675 dederunt
1896 2651 2093 2687 eorumque
2122 2640 2271 2677 heredes
2292 2642 2423 2687 redire,

184 2682 248 2728 qui
266 2684 448 2728 coquntur
469 2681 632 2727 recipere
656 2680 813 2717 traditas
835 2681 1013 2718 eiusmodi
1029 2683 1283 2728 possessiones
1306 2688 1340 2719 el
1359 2685 1551 2720 restituere
1573 2695 1623 2720 ex
1645 2695 1713 2720 sua
1727 2684 1930 2720 substantia
1954 2685 2150 2722 venerabili
2172 2686 2298 2723 domui
2319 2698 2424 2724 omne

184 2726 372 2770 damnum,
405 2726 505 2772 quod
526 2737 576 2763 ex
600 2726 668 2762 tali
695 2736 807 2762 causa
829 2727 863 2763 ei
886 2727 1049 2773 contiqit.
1096 2726 1236 2771 Quodsi
1259 2728 1367 2764 etiam
1390 2728 1567 2765 eiusmodi
1588 2728 1694 2765 dolus
1722 2740 1766 2765 ea
1797 2730 1835 2764 in
1866 2741 1908 2765 re
1931 2731 2189 2774 intercesserit,
2221 2736 2263 2767 ut
2276 2743 2354 2779 pro
2379 2743 2422 2769 eo

210 2772 359 2808 ecuniae
382 2771 561 2818 quaedam
585 2771 781 2808 venerabili
809 2771 933 2808 domui
961 2772 1071 2809 datae
1093 2774 1186 2816 sint,
1217 2773 1378 2810 iubemus
1409 2773 1477 2810 kas
1500 2785 1643 2821 quoque
1673 2775 1712 2809 in
1742 2776 1934 2822 proprium
1967 2775 2106 2811 lucrum
2133 2776 2251 2822 ipsam
2274 2788 2422 2814 venera·

207 2817 289 2853 ilem
313 2817 456 2852 domum
480 2816 623 2860 habere,
646 2827 705 2853 res
727 2827 813 2853 vero
836 2817 979 2854 steriles
1002 2818 1037 2853 ei
1059 2819 1124 2865 qui
1145 2818 1243 2854 dedit
1267 2820 1415 2865 eiusque
1439 2819 1631 2856 heredibus
1655 2820 1819 2856 omnibus
1842 2820 1959 2855 modis
1981 2821 2133 2856 restitui.

183 2865 207 2900 1
253 2861 450 2898 Praeterea
481 2862 642 2898 iubemus
672 2862 808 2898 nullam
831 2863 1079 2899 necessitatem
1111 2864 1347 2899 sanctissimis
1376 2864 1537 2901 ecclesiis
1567 2865 1623 2902 vel
1644 2865 1773 2901 ceteris
1793 2865 2055 2902 venerabilibus
2078 2865 2167 2902 locis
2196 2869 2233 2903 et
2255 2867 2295 2902 in
2317 2867 2422 2913 reqia

1338 2980 1493 3013 ras.2vv.
1513 2978 1525 3022 11
1549 2981 1569 3014 5
1587 2989 1647 3023 pro
1666 2979 1881 3023 redenptione
1902 2981 2114 3024 captiuorum
2130 2981 2165 3014 R
2192 2991 2252 3024 per
2271 2981 2422 3024 captiuo-

1338 3035 1413 3056 rum
1425 3024 1687 3068 redemptionem
1703 3026 1736 3058 T
1753 3036 1813 3068 pro
1827 3026 2036 3069 captiuorum
2054 3026 2224 3069 ereptione
2237 3027 2422 3071 (ereptione

1346 3069 1395 3102 V2
1410 3071 1441 3103 in
1454 3071 1536 3110 ras.)
1563 3069 1620 3115 Vn
1636 3072 1654 3104 7
1672 3070 1797 3112 aliquis
1814 3071 1861 3103 eis
1877 3070 2005 3104 dederit
2018 3070 2076 3116 ΤΙΙ
2100 3072 2120 3107 8
2142 3073 2188 3104 At
2208 3070 2266 3116 Vfl
2281 3072 2420 3106 sanctis-

1337 3114 1418 3147 sime
1442 3114 1577 3148 ecclesie
1598 3115 1649 3149 1⁷¹
1667 3114 1680 3160 ΙΙ
1704 3117 1724 3150 9
1747 3115 1919 3149 licentiam
1940 3116 2061 3150 habeat
2085 3129 2143 3150 om.
2161 3116 2250 3150 RT²
2268 3115 2281 3161 ΙΙ
2306 3117 2421 3152 domus

1336 3160 1415 3193 ΒΤ
1439 3159 1452 3204 ΙΙ
1481 3161 1668 3204 competens
1692 3161 1724 3194 R
1753 3160 1766 3205 ΙΙ
1797 3163 1837 3196 10
1864 3161 1989 3204 eadem]
2025 3161 2136 3195 eadem
2159 3161 2296 3204 regione
2321 3163 2375 3196 1⁷⁰
2405 3162 2419 3206 ΙΙ

1337 3206 1546 3239 sanctissima
1558 3206 1626 3239 ΒΤ
1639 3205 1651 3250 ΙΙ
1666 3205 1702 3238 in
1716 3218 1775 3240 om.
1785 3207 1818 3240 R
1830 3208 1917 3251 vulq.
1934 3205 1946 3252 ΙΙ
1968 3208 2007 3242 11
2023 3207 2070 3240 eis
2082 3207 2115 3240 R
2125 3207 2186 3248 V²1
2211 3207 2282 3239 eius
2296 3207 2419 3251 Tvulq.

1339 3262 1378 3280 οι
1402 3250 1452 3283 V¹
1471 3250 1483 3294 ΙΙ
1502 3252 1544 3285 12
1563 3250 1647 3284 alios
1667 3251 1711 3292 V]
1737 3263 1795 3285 om.
1814 3252 1972 3296 RTvulq.
1990 3251 2003 3296 ΙΙ
2019 3251 2173 3285 meliores
2191 3251 2341 3285 redditus
2357 3252 2391 3286 T
2406 3250 2421 3296 ΙΙ

1339 3296 1379 3330 13
1405 3298 1491 3329 emat
1510 3297 1611 3339 vulq]
1636 3298 1747 3329 emant
1769 3298 1848 3332 libri
1864 3296 1876 3341 ΙΙ
1901 3300 1988 3330 rubr.
2010 3298 2046 3330 Si
2062 3307 2113 3330 res
2129 3296 2254 3330 sterilis
2269 3299 2329 3330 aut
2341 3307 2418 3340 pos-

1336 3340 1438 3373 sessio
1459 3341 1557 3374 detur
1573 3340 1718 3374 ecclesiis
1742 3341 1839 3375 detur
1857 3341 1987 3376 eclesiis
2006 3343 2080 3385 (sic)
2091 3342 2124 3375 R
2137 3344 2170 3376 in
2183 3354 2285 3386 marq.
2333 3341 2416 3374 ciui-

237 2978 257 3011 2
273 2978 487 3022 περιποιεῖν]
503 2976 576 3009 fieri
591 2987 612 3014 ς
629 2976 642 3021 ΙΙ
657 2978 752 3022 περὶ]
801 2973 864 3018 ηδὲ
883 2979 966 3021 περὶ
986 2978 1022 3012 Β
1045 2977 1058 3022 ΙΙ
1085 2979 1106 3013 3
1123 2988 1270 3022 προστι-

183 3021 296 3055 θέναι
313 3024 375 3056 Cv.
385 3025 417 3063 l.,
430 3022 467 3055 B
478 3020 491 3066 ΙΙ
503 3023 524 3056 4
537 3017 578 3055 δὲ
589 3034 648 3056 om.
658 3023 690 3056 L
701 3021 713 3067 ΙΙ
726 2989 899 3064 Ὀδησσοῦ
913 3023 991 3064 (Iul.
1001 3024 1043 3067 cf
1054 3024 1098 3065 ς)]
1112 3019 1269 3057 όδύσσου

184 3063 352 3107 (ὀδυσσοῦ
365 3067 415 3110 Β)
428 3067 574 3101 MLBO
582 3068 704 3102 Theod.
717 3069 872 3108 (Μυσίας
883 3068 973 3111 ΑιΙι.)
990 3067 1004 3112 Η
1021 3070 1040 3103 7
1062 3070 1270 3114 προαιρέσει

185 3114 228 3146 Μ
242 3114 254 3153 ΙΙ
271 3114 291 3147 9
312 3110 382 3156 τὴν
395 3109 490 3146 κατὰ
505 3110 575 3156 τὴν
594 3113 652 3154 Μ]
675 3112 746 3155 τὴν
769 3111 862 3146 κατὰ
879 3113 911 3146 L
934 3112 1028 3147 κατὰ
1045 3112 1114 3156 τὴν
1131 3115 1178 3156 Β,
1201 3112 1270 3157 τὴν

188 3155 419 3202 C'(c)sortass'e
431 3159 548 3191 rectius
563 3156 576 3202 ΙΙ
596 3159 637 3192 13
649 3157 750 3202 εἴπερ
768 3159 796 3192 C
814 3153 907 3203 ὅπερ
920 3159 951 3192 L
967 3158 979 3203 ΙΙ
1001 3160 1041 3194 16
1055 3159 1095 3193 ἐν
1107 3159 1152 3206 τῇ
1191 3168 1269 3192 ασι-

185 3199 269 3244 λίδι]
293 3203 331 3236 in
345 3203 408 3236 hac
423 3202 517 3245 regia
536 3202 584 3247 5ss
605 3205 644 3237 17
663 3200 905 3247 δωρήσωνται
919 3204 1127 3246 Haloander]
1175 3200 1268 3249 ωρή-

184 3258 312 3281 σονται
335 3247 481 3282 MLBG
501 3248 514 3292 ΙΙ
542 3245 766 3290 πωλήσωσιν
790 3256 819 3282 et
845 3250 885 3283 18
909 3247 1158 3295 καταλείψωσι
1177 3250 1222 3292 L,
1244 3249 1274 3283 0

184 3306 212 3324 v.
223 3296 256 3335 1.,
270 3293 443 3334 Nomoc.''¹]
468 3290 703 3335 πωλήσουσιν
720 3301 749 3327 et
763 3291 1023 3339 καταλείψουσι
1036 3296 1124 3336 ΜΒ,
1142 3295 1239 3329 Cal.
1258 3292 1271 3339 ΙΙ

186 3340 228 3371 20
253 3334 274 3381 ἡ
297 3335 447 3381 τοιαύτη
471 3339 594 3381 κτῆσις
609 3335 820 3382 περιῆλθεν]
845 3339 1037 3372 huiusmodi
1075 3339 1270 3373 ossessiones

184 3386 407 3424 pervenerunt
425 3394 446 3420 ς’
461 3382 475 3428 Ι
492 3384 533 3418 21
554 3380 621 3425 ἤδη
642 3381 803 3427 δημοσίῳ
824 3384 877 3418 B‘
899 3388 912 3428 ΙΙ
937 3386 980 3419 22
1004 3381 1051 3418 dai
1083 3384 1091 3394 “
1114 3385 1191 3419 πᾶν
1207 3384 1274 3418 LO

186 3428 345 3461 Nc>moc.’'⁸
368 3428 382 3473 fl
410 3429 454 3463 24
477 3423 788 3475 ἀναγκαζομένους
811 3447 855 3453 -
880 3431 922 3463 25
946 3427 1088 3472 κτήσεις
1111 3443 1170 3464 om.
1196 3430 1231 3464 B
1257 3428 1270 3474 ΙΙ

187 3468 386 3516 ἀπολαβεῖν
403 3474 468 3508 C'v.
479 3477 499 3508 1.
517 3474 530 3517 u
556 3475 599 3508 26
623 3475 662 3507 έκ
687 3473 750 3516 τῆς
771 3472 940 3517 τοιαύτης
959 3475 1165 3509 LNomoc.”⁸
1188 3474 1202 3519 fl
1225 3474 1268 3509 28

186 3516 523 3561 *παρακολουθήσω
541 3519 619 3553 libri
633 3518 645 3563 ΙΙ
663 3520 723 3552 καὶ
741 3531 828 3555 ome
846 3519 857 3561 ΙΙ
874 3521 917 3554 29
932 3517 1076 3553 τούτων
1085 3518 1269 3564 Νοηιοσ.’”ΙΙ

188 3562 229 3594 30
253 3558 367 3596 αὐτὸν
389 3577 447 3596 om.
469 3564 498 3598 0
515 3563 527 3607 ΙΙ
555 3565 598 3598 32
618 3565 691 3597 τοῖς
714 3561 947 3608 κληρονόμοις
970 3560 1080 3598 αὐτοῦ
1110 3566 1139 3599 0

237 3651 250 3682 1
275 3649 393 3683 eisdem
419 3652 452 3685 T
464 3651 477 3695 ΙΙ
494 3654 515 3686 4
539 3653 656 3687 Odessi
673 3655 706 3687 et
720 3653 873 3695 Tomeos]
898 3663 1011 3687 omnes
1024 3664 1083 3688 seu
1099 3655 1184 3696 (eius
1205 3654 1268 3698 1⁷¹)

187 3702 361 3736 yconomus
384 3698 569 3733 (economos
583 3699 645 3739 T¹J
679 3698 834 3743 VTvulq.
862 3708 920 3732 seu
940 3709 1116 3742 yconomus
1134 3699 1185 3735 Β*
1208 3710 1267 3734 seu

189 3741 222 3770 et
245 3740 358 3771 toneos
381 3739 457 3784 13²1!
476 3741 652 3775 ciuitatum
674 3760 719 3768 —
744 3744 764 3777 8
782 3743 1058 3786 gerosolimorum
1080 3757 1142 3779 scr.
1160 3743 1212 3778 Β*
1232 3746 1265 3780 in

1336 3384 1424 3418 libus
1443 3385 1494 3418 T¹
1519 3396 1558 3418 ex
1577 3386 1710 3420 ciuibus
1729 3386 1808 3430 1⁷²1!
1830 3388 1870 3420 15
1880 3400 1928 3431 sq.
1953 3386 2130 3421 donauerit
2151 3389 2211 3420 aut
2231 3396 2294 3419 uon
2321 3385 2417 3418 ‘derit

1336 3437 1366 3464 et
1382 3432 1582 3464 concesserit
1603 3431 1660 3475 Tss
1680 3433 1722 3466 16
1738 3431 2151 3474 derelinquerintR¹VT¹
2178 3429 2417 3471 derelinquerit

1338 3474 1390 3508 T²
1408 3474 1421 3519 ΙΙ
1447 3477 1487 3510 18
1513 3486 1579 3518 qua
1602 3477 1671 3510 ΒΤ
1695 3475 1708 3520 ΙΙ
1739 3478 1780 3512 19
1800 3477 1938 3510 alterius
1962 3490 2020 3511 om.
2038 3477 2088 3511 12¹
2157 3477 2200 3511 20
2224 3484 2324 3507 eausa
2357 3475 2389 3508 V
2405 3475 2417 3519 ΙΙ

1337 3519 1390 3554 21·
1403 3521 1541 3554 heorum
1562 3522 1594 3555 T
1602 3521 1612 3542 ¹
1627 3520 1640 3566 ΙΙ
1658 3532 1791 3555 recurre
1815 3522 1865 3555 R*
1880 3521 1892 3565 ΙΙ
1912 3523 1954 3556 24
1979 3522 2069 3565 quod
2091 3534 2149 3555 om.
2171 3517 2277 3570 VR¹1J
2304 3520 2346 3554 25
2372 3521 2414 3561 ei]

1335 3564 1425 3607 quod
1440 3566 1470 3598 ei
1493 3567 1526 3599 V
1540 3576 1625 3608 quae
1644 3567 1675 3600 ei
1692 3566 1741 3600 Β*
1757 3566 1770 3611 ΙΙ
1796 3568 1978 3610 continget.
1999 3567 2053 3601 sin
2073 3565 2130 3608 V!
2146 3564 2183 3597 in
2198 3565 2246 3604 re]
2264 3574 2299 3596 m
2316 3567 2348 3597 te
2364 3566 2415 3598 T·

1334 3611 1408 3643 iure
1441 3611 1472 3643 V
1494 3610 1506 3655 ΙΙ
1537 3613 1580 3646 26
1605 3613 1654 3653 ιιι]
1679 3613 1739 3646 aut
1763 3611 1816 3646 T²
1845 3611 1858 3657 ΙΙ
1885 3612 2030 3654 aliquem
2056 3610 2105 3644 T·
2138 3607 2306 3651 quaelibet
2330 3610 2380 3643 Τ2

1334 3654 1494 3688 darentur
1509 3655 1696 3690 uenerabili
1711 3657 1824 3690 domui
1843 3658 1875 3691 Τ
1889 3656 1902 3702 fl
1918 3659 1959 3691 27
1976 3657 2024 3690 eis
2042 3655 2095 3688 T‘
2109 3653 2122 3697 [1
2146 3654 2188 3687 28
2205 3664 2258 3686 res
2277 3666 2335 3687 orn.
2352 3655 2385 3688 T

1335 3701 1377 3735 29
1395 3702 1427 3733 et
1443 3699 1734 3782 ῗηαίιέπεᾱίδιιῗγῆῑ
1753 3701 1766 3747 ΙΙ
1782 3702 1873 3736 omni
1888 3700 1984 3735 modo
2005 3699 2050 3741 V]
2069 3697 2205 3732 omnino
2218 3698 2287 3732 ΒΤ
2294 3700 2379 3744 vulq-

1335 3746 1379 3780 34
1402 3755 1440 3779 ve
1512 3745 1552 3780 ”s
1577 3759 1635 3780 om.
