2618 4010
412 41 439 51 n·-

124 113 181 148 ετ
210 110 575 152 snocnssxomnus
649 128 670 139 ·r
1203 102 1277 152 129
1934 107 2043 154 Nov.
2075 108 2218 154 XVIII
2251 113 2356 153 1-3

126 217 190 261 χὸν
212 213 234 261 ἢ
258 216 474 267 ἑξαούγκιον,
502 220 596 262 ἐχειν
619 221 679 252 καὶ
704 217 978 264 φιλοτιμεῖσθαι
1001 215 1091 253 καθ’
1120 215 1206 253 ὅσον
1275 220 1421 254 uncium
1445 218 1537 255 forte
1562 220 1626 254 aut
1649 219 1858 255 sexuncium
1881 221 2032 266 habere,
2057 224 2094 258 et
2114 222 2238 266 largiri
2262 221 2359 258 sicut

126 261 172 298 ἂν
194 262 393 308 βουληθείη
416 260 438 307 ἢ
460 267 535 298 τοῖς
565 266 695 299 παισὶν
719 262 836 298 αὐτοῖς
861 263 882 308 ἦ
904 275 980 299 τισι
1011 265 1088 300 τῶν
1119 264 1206 306 ἔξω·
1262 264 1427 300 rvoluerit
1449 264 1531 300 filiis
1560 263 1650 310 ipsis
1674 267 1737 299 aut
1762 265 1908 301 cuilibet
1932 269 2201 311 extraneorum,
2235 270 2272 303 et
2295 278 2360 303 na-

127 308 208 350 θεν,
239 311 299 346 καὶ
322 310 384 353 τῆς
406 307 545 355 φύσεως
571 306 749 356 πρότερον
773 310 1065 355 θεραπευθείσης
1086 308 1133 345 τὰ
1161 310 1206 343 εἰ·
1276 312 1360 345 tura
1394 310 1508 355 primo
1545 311 1672 345 curata
1709 314 1960 355 competenter,
1997 313 2049 348 sio
2086 313 2132 349 ad
2171 316 2361 349 extraneas

127 351 218 388 κάτα
246 350 361 388 οὕτως
385 355 445 389 ἐπὶ
467 353 531 388 τὰς
561 355 633 395 ἔξω
659 353 861 401 φιλοτιμίας
892 358 1030 401 χωρεῖν.
1078 355 1207 398 τούτου
1277 355 1461 400 largitates
1485 355 1665 391 accedere.
1713 355 1793 390 Hoc
1824 357 1997 392 servando
2023 359 2060 392 in
2082 358 2249 394 omnibus
2281 369 2363 404 per-

127 400 343 444 κρατοῢντος
371 394 432 445 ἐφ’
458 396 634 434 ἁπάντων
657 401 734 434 τῶν
759 400 974 446 προςώπων,
1005 398 1063 447 ἐφ’
1093 399 1146 435 ὡν
1171 400 1209 441 ἐξ
1246 405 1264 436 5
1279 402 1387 442 sonis,
1420 401 1459 436 in
1483 401 1612 446 quibus
1636 400 1682 436 ab
1706 399 1808 436 initio
1834 403 2001 447 antiquae
2026 407 2176 448 quartae
2201 404 2293 440 ratio
2319 404 2363 439 de

128 441 232 522 &9339
254 441 274 478 ὁ
298 444 375 524 τοῦλ
384 443 499 499 πάλαι
528 445 700 491 τετάρτου
730 447 791 489 τῆς
814 446 858 481 de
886 446 1085 483 inofficioso
1109 459 1208 484 νενο-
1277 446 1478 482 inofficioso
1502 447 1579 491 lege.
1603 445 1749 481 decreta
1773 449 1837 481 est.

128 501 174 529 μο
207 492 331 533 ἐτηται
376 500 464 536 ογος.

1137 559 1292 595 CAPUT
1317 560 1362 594 II.

173 623 386 674 Ἐξῃρήσθω
414 625 454 660 δὲ
480 624 564 671 ἡμῖν
588 624 607 661 ὁ
632 630 715 673 περὶ
743 628 821 661 τῶν
843 626 1050 672 βουλευτῶν
1079 627 1211 673 ἀρτίως
1324 628 1538 673 Excipiatur
1558 630 1678 662 autem
1701 636 1724 662 a
1747 627 1850 663 nobis
1876 627 1920 663 de
1940 628 2132 664 curialibus
2158 640 2273 675 nuper
2324 642 2360 666 o-

131 672 338 716 τεθειμένος
361 669 478 717 νόμος,
502 670 540 706 b'c
560 675 632 707 τοῖς
656 676 761 707 παισὶ
785 676 858 706 τοῖς
880 671 1087 716 βουλευταῖς
1109 672 1131 716 ἢ
1150 677 1210 707 καὶ
1280 673 1350 708 sita
1373 673 1440 715 lex,
1467 683 1558 718 quae
1585 673 1668 708 filiis
1694 673 1889 709 curialibus
1913 676 1978 708 aut
2001 674 2143 709 filiabus
2170 676 2295 711 curiali
2323 688 2364 711 us

131 719 208 751 ταῖς
231 715 438 761 βουλευταῖς
457 721 716 764 γεγαμημέναις
732 717 961 764 θυγατράσιν
978 716 1211 764 ἐνναούγκιον
1227 722 1266 753 10
1280 719 1498 754 nubentibus
1536 718 1766 754 noviuncium
1801 719 1944 754 omnino
1986 719 2064 754 dari
2099 720 2192 763 vult,
2227 721 2366 766 reliquo

131 759 278 796 πάντως
292 760 466 797 δίδοσθαι
479 762 657 808 βούλεται,
679 764 743 797 τοῦ
757 761 882 797 λοιποῦ
895 767 1095 809 τριουγκίου
1112 762 1211 807 παρὰ
1280 764 1434 799 triuncio
1460 774 1483 798 a
1514 765 1722 808 parentibus
1755 764 1949 800 secundum
1981 767 2194 809 potestatem
2222 765 2365 818 dispen-

131 807 209 841 τῶν
230 810 368 854 γονέων
392 807 473 842 κατ’
495 809 660 849 ἐξουσίαν
677 807 929 852 διοικουμένου.
964 807 1117 842 πάντων
1133 810 1211 842 τῶν
1281 810 1410 853 sand03
1448 810 1610 844 omnibus
1646 810 1726 845 aliis
1758 810 1802 845 de
1832 810 2035 845 inofficioso
2066 811 2195 855 positis
2228 811 2365 856 legibus

132 851 253 886 ἄλλων
280 855 358 887 τῶν
382 857 464 907 περὶ
496 856 556 898 τῆς
588 854 632 889 de
655 853 853 888 inofficioso
886 856 1062 897 κειμένων
1086 850 1211 896 νόμων
1281 857 1317 889 et
1340 855 1535 899 praecipue
1568 855 1700 890 nostris
1724 856 1761 890 in
1785 865 1851 891 sua
1875 856 2006 891 virtute
2037 856 2219 891 servandis
2254 860 2291 891 et
2323 856 2367 890 de

131 901 191 931 καὶ
215 895 373 942 μάλιστα
397 913 475 933 των
498 897 680 952 ἡμετέρων
703 900 763 932 ἐπὶ
787 899 849 941 τῆς
868 899 1013 932 Υἑαυτῶν
1038 897 1211 944 φυλαττο-
1282 899 1429 942 ingratis
1454 901 1534 935 filiis
1558 904 1594 935 et
1610 900 1654 935 de
1673 912 1744 936 non
1760 901 1906 943 talibus,
1930 903 2075 946 praeter
2094 901 2207 936 solam
2225 901 2366 946 quanti-

131 946 254 987 μένων
278 943 393 986 ἰσχύος
417 947 480 979 ἐπί
497 959 537 979 τε
565 959 644 979 των
672 941 880 991 ἀχαρίστων
911 942 1058 978 παίδων
1082 945 1144 979 ἐπί
1172 957 1212 978 τε
1230 947 1268 978 v15
1282 947 1404 987 tatem,
1429 955 1537 990 quam
1561 946 1606 980 ad
1630 957 1800 990 praesens
1826 947 2002 990 auximus,
2029 946 2226 982 secundum
2245 957 2366 982 omnes

132 990 210 1022 τῶν
233 988 282 1033 μὴ
305 987 495 1031 τοιούτων,
528 989 622 1034 πλὴν
646 987 737 1024 κατὰ
758 987 874 1043 μόνον
898 988 939 1022 τὸ
965 988 1090 1031 ποσόν,
1122 987 1211 1033 ὅπερ
1281 990 1483 1034 praedictas
1509 990 1746 1028 definitiones.

133 1033 225 1067 κατὰ
247 1033 289 1069 τὸ
313 1035 432 1081 παρὸν
455 1033 658 1080 ηὐξήσαμεν
681 1046 773 1068 κατα
805 1033 942 1068 πάντας
965 1033 1049 1069 τοὺς
1072 1047 1213 1082 προκει·

134 1082 259 1118 μένους
282 1075 394 1127 ὅρους.

1131 1148 1287 1183 CAPUT
1312 1148 1376 1183 ΙΠ.

181 1214 380 1261 Κωλύομεν
401 1214 441 1250 δὲ
454 1213 604 1257 κάκεῖνο,
625 1214 720 1263 βαρύ
739 1229 779 1250 τε
796 1213 838 1250 ὒν
857 1219 916 1250 καὶ
937 1219 1019 1260 ἔχον
1041 1219 1109 1260 μέν
1132 1230 1217 1250 τινα
1331 1215 1567 1252 Prohibemus
1592 1218 1709 1252 autem
1736 1220 1772 1252 et
1802 1220 1891 1253 illud
1922 1229 2029 1262 grave
2059 1220 2214 1255 existens
2237 1223 2275 1256 et
2304 1220 2368 1256 ha-

134 1259 289 1306 νόμιμον
311 1260 486 1310 ἀφορμήν,
511 1263 558 1302 εἷς
576 1260 699 1304 δεινὴν
716 1260 756 1295 δὲ
773 1264 955 1306 ἐμπῖπτον
976 1259 1153 1305 ἀπήνειαν
1177 1276 1216 1296 τε
1231 1264 1272 1295 20
1285 1261 1374 1296 bens
1399 1262 1541 1306 quidem
1565 1262 1722 1306 aliquam
1746 1264 1894 1307 legalem
1919 1265 2159 1308 occasionem,
2192 1265 2230 1300 in
2254 1265 2369 1301 diram

134 1310 193 1341 καὶ
216 1310 375 1354 πικρίαν.
421 1307 525 1351 ἴσμεν
547 1306 615 1354 γάρ
645 1319 746 1341 τινας
770 1305 964 1351 διαθήκας,
996 1305 1090 1341 καθ’
1118 1304 1158 1341 ἃς
1181 1307 1218 1341 οἱ
1285 1310 1404 1342 tamen
1431 1307 1593 1343 incidens
1625 1308 1870 1343 crudelitatem
1895 1312 1931 1343 et
1961 1311 2244 1346 amaritudinem.
2294 1311 2368 1348 No-

133 1350 368 1386 τελευτῶντες
391 1349 431 1386 οὐ
456 1354 640 1398 πατρικῶς
656 1350 739 1386 οὐδὲ
757 1350 804 1386 ὠς
828 1351 961 1397 ἄνδρας
985 1354 1101 1401 ἐχρῆν,
1126 1349 1213 1387 ἀλλά
1284 1352 1398 1387 vimus
1423 1354 1517 1387 enim
1540 1353 1661 1398 aliqua
1685 1358 1916 1397 testamenta,
1949 1355 2146 1390 secundum
2177 1367 2268 1401 quae
2292 1368 2368 1392 mo-

134 1394 276 1443 σφόδρα
297 1397 500 1442 μαλθακῶς
523 1401 582 1432 καὶ
607 1395 892 1443 ὑποκεκλιμένως
908 1399 1128 1442 ἐποιήσαντο
1152 1398 1214 1432 τὰς
1283 1398 1415 1433 rientes
1452 1409 1525 1434 non
1560 1401 1710 1444 paterne
1745 1410 1811 1435 nec
1848 1403 1889 1434 ut
1927 1399 2022 1435 viros
2060 1402 2269 1446 oportebat,
2308 1403 2371 1437 sed

134 1443 326 1477 ἐνστάσεις.
362 1446 439 1477 ταῖς
459 1445 527 1487 μὲν
541 1442 609 1491 γὰρ
629 1443 771 1490 γυναιξὶ
789 1441 910 1478 πάντα
926 1442 1121 1478 κατέλιπον
1137 1445 1214 1478 τῶν
1284 1443 1387 1478 nimis
1411 1444 1566 1479 molliter
1598 1446 1705 1489 atque
1735 1446 1882 1480 remisse
1912 1445 2076 1480 fecerunt
2106 1447 2368 1482 institutiones:

135 1489 276 1522 ἑαυτῶν
292 1487 518 1535 πραγμάτων
541 1488 607 1523 τὸν
631 1486 928 1534 οὐσούφρουκτον,
954 1493 1028 1524 τοῖς
1051 1488 1091 1523 δὲ
1110 1493 1215 1524 παισὶ
1231 1491 1269 1522 25
1284 1489 1456 1525 uxoribus
1487 1490 1518 1525 si
1543 1490 1684 1535 quidem
1714 1501 1853 1526 omnem
1884 1491 2106 1536 reliquerunt
2137 1502 2283 1528 suarum
2314 1503 2370 1528 re—

133 1532 200 1576 τὴν
215 1531 432 1568 δεσποτείαν
446 1533 602 1581 γυμνήν·
628 1530 726 1578 ὥςτε,
750 1535 861 1579 οἶμαι,
886 1533 1103 1580 σπούδασμα
1122 1535 1215 1568 εἶναι
1284 1545 1362 1569 rum
1386 1535 1661 1578 usumfructum,
1688 1536 1771 1570 filiis
1796 1540 1916 1571 autem
1940 1537 2198 1582 proprietatem
2222 1538 2369 1573 nudam.

133 1581 196 1621 τῆς
210 1577 377 1622 τοιαύτης
393 1577 570 1623 διαθήκης
589 1578 631 1613 τὸ
647 1578 715 1622 τὴν
737 1583 889 1627 γυναῖκα
912 1584 973 1614 καὶ
997 1579 1063 1624 τὴν
1088 1579 1214 1615 δεσπο-
1285 1579 1523 1623 Quamobrem
1555 1581 1713 1617 arbitror
1736 1582 1893 1617 studium
1918 1592 1995 1618 esse
2020 1582 2225 1618 huiusmodi
2258 1587 2369 1618 testa—

133 1627 234 1658 τείαν
258 1623 482 1672 προςλαβεῒν,
513 1627 591 1659 τῶν
615 1624 763 1659 παίδων
793 1626 879 1659 ἴσως
904 1625 996 1670 λιμῶ
1023 1627 1214 1674 φθειρομέ-
1283 1626 1412 1661 mentis
1443 1636 1590 1662 uxorem
1622 1627 1728 1662 etiam
1760 1628 2017 1672 proprietatem
2046 1628 2250 1673 acquirere,
2287 1628 2369 1663 filiis

134 1683 220 1705 νων.
268 1668 390 1705 πόθεν
412 1669 480 1717 γὰρ
504 1668 551 1704 ἂν
575 1672 614 1704 ἐν
637 1673 735 1714 με’σῳ
759 1673 820 1704 καὶ
845 1669 1038 1706 διοικοῖντο
1065 1675 1125 1705 καὶ
1148 1670 1216 1714 τὴν
1283 1670 1378 1706 forte
1409 1671 1504 1707 fame
1533 1673 1739 1717 peremptis.
1788 1672 1890 1708 Unde
1922 1674 2014 1708 enim
2046 1674 2083 1709 in
2112 1674 2229 1708 medio
2262 1674 2369 1709 etiam

134 1712 310 1762 ἐφήμερον
337 1718 452 1758 ἔχοιεν
477 1714 633 1757 δίαιταν,
667 1713 812 1750 οὐδενὸς
843 1715 964 1750 αὐτοῖς
986 1716 1214 1761 καταλελειμ-
1229 1719 1270 1750 30
1283 1716 1527 1761 gubernentur
1554 1721 1590 1752 et
1614 1718 1832 1753 cotidianum
1858 1719 2015 1754 habeant
2039 1719 2175 1760 cibum,
2207 1720 2295 1754 nihil
2320 1720 2371 1754 eis

133 1764 252 1806 μένου,
274 1764 475 1807 γυναικείας
493 1758 596 1807 ὀργῆς
611 1762 697 1796 ἴσως
713 1764 773 1795 καὶ
793 1758 920 1809 ἀλόγου
941 1760 1214 1807 παρεμπιπτού-
1285 1762 1474 1805 derelicto,
1508 1763 1632 1798 uxoris
1663 1765 1717 1798 ira
1739 1764 1864 1799 forsan
1887 1767 1924 1799 et
1951 1764 2191 1800 irrationabili
2214 1765 2370 1800 interce-

135 1818 212 1850 σης,
235 1803 311 1850 ἥτις
335 1803 458 1840 αὐτῶν
481 1810 540 1840 καὶ
564 1805 632 1850 τὴν
654 1803 746 1841 καθ’
774 1803 909 1855 ἡμέραν
932 1805 1139 1854 ἀφαιρεῖται
1165 1806 1214 1841 δι-
1285 1807 1400 1851 dente,
1426 1818 1517 1853 quae
1542 1808 1647 1843 etiam
1673 1809 1724 1844 eis
1746 1809 1961 1844 cotidianam
1984 1810 2280 1853 gubernationem
2305 1810 2368 1845 ab·

135 1856 288 1895 οι’κησιν;
315 1850 387 1886 Οὐκ
408 1851 550 1892 ἐξέσται
574 1856 699 1886 τοίνυν
722 1850 764 1886 τὸ
789 1851 918 1888 λοιπὸν
938 1851 1057 1887 οὐδενὶ
1082 1866 1214 1888 παντε-
1284 1853 1414 1906 ripiat?
1469 1853 1553 1889 Non
1588 1854 1711 1889 licebit
1744 1854 1853 1898 igitur
1889 1855 1932 1890 de
1969 1857 2088 1891 cetero
2123 1854 2189 1890 ulli
2225 1856 2369 1891 omnino

136 1897 204 1931 λῶς
227 1895 358 1932 παῖδας
381 1899 501 1940 ἔχοντι
521 1897 665 1932 τοιοῦτό
686 1911 723 1932 τι
747 1895 932 1944 πράττειν,
956 1897 1045 1933 ἀλλὰ
1068 1898 1215 1933 πάντως
1283 1898 1377 1933 fihos
1400 1898 1548 1934 habenti
1572 1900 1645 1934 tale
1669 1899 1804 1944 aliquid
1827 1910 1948 1944 agere,
1981 1901 2044 1936 sed
2067 1900 2181 1935 modis
2206 1901 2370 1937 omnibus

135 1943 255 1977 αὐτοῖς
277 1944 341 1977 τοῦ
364 1946 517 1987 νομίμου
541 1940 670 1977 τούτου
698 1945 840 1991 μέρους,
871 1940 961 1991 ὅπερ
988 1945 1055 1978 νῦν
1079 1942 1214 1991 ἅφωρί-
1229 1948 1269 1979 35
1285 1944 1335 1978 eis
1360 1943 1466 1979 huius
1489 1944 1666 1989 legitimae
1690 1945 1821 1990 partis,
1856 1956 1962 1991 quam
1986 1957 2082 1981 nunc
2113 1946 2369 1991 deputavimus,

135 2000 260 2033 σαμεν,
291 1990 351 2022 καὶ
377 1987 445 2031 τὴν
474 1990 599 2034 χρῆσιν
622 1992 683 2022 καὶ
709 1988 776 2030 τὴν
807 1990 1030 2036 ἐπικαρπίαν
1054 1991 1143 2035 πρὸς
1169 1990 1214 2036 τῇ
1284 1992 1321 2024 et
1351 1991 1614 2025 usumfructum
1645 1991 1795 2035 insuper
1825 1994 1860 2026 et
1890 1992 2149 2036 proprietatem
2179 1992 2370 2036 relinquat,

136 2031 329 2077 δεσποτεία
359 2032 681 2088 καταλιμπανέτω,
714 2034 745 2067 εἰ
774 2033 944 2078 βούλεται
975 2033 1122 2070 παίδων
1151 2033 1215 2069 οὐκ
1285 2035 1315 2070 si
1343 2035 1418 2070 vult
1447 2035 1601 2070 filiorum
1634 2047 1707 2071 non
1737 2040 1883 2081 repente
1911 2036 2007 2072 fame
2034 2037 2275 2081 morientium,
2309 2038 2371 2072 sed

135 2078 244 2113 εὐθὺς
274 2078 367 2123 λιμῷ
393 2077 660 2120 τελευτωντων,
695 2077 783 2113 ἀλλὰ
812 2083 872 2113 καὶ
902 2081 967 2123 ζῆν
1000 2078 1214 2123 δυναμένων
1283 2080 1398 2115 vivere
1422 2081 1616 2116 valentium
1639 2082 1760 2117 vocari
1785 2085 1901 2126 pater.
1951 2082 2001 2116 Et
2024 2082 2113 2118 haec
2140 2083 2258 2118 omnia
2282 2082 2369 2118 dici-

135 2123 329 2158 καλεῖσθαι
352 2121 482 2171 πατήρ.
532 2128 604 2158 Καὶ
628 2126 745 2158 ταῦτα
768 2123 890 2160 πάντα
919 2128 1039 2171 φαμὲν
1063 2124 1127 2160 οὐκ
1155 2129 1215 2161 ἐπὶ

136 2216 235 2262 quod
254 2215 431 2262 reliquum
451 2220 515 2256 est,
541 2215 674 2250 bessem
693 2215 830 2251 scilicet
853 2216 909 2251 vel
931 2217 1122 2257 semissem,
1147 2215 1280 2250 habere
1303 2220 1339 2251 et
1358 2217 1397 2250 in
1423 2221 1598 2262 quantum
1619 2216 1777 2251 voluerit
1799 2209 2019 2252 sivdliberis
2038 2217 2052 2251 i
2077 2218 2129 2253 sis
2147 2218 2221 2253 sive
2245 2221 2370 2255 extra-

135 2272 285 2297 neorum
315 2260 531 2307 quibuslibet
561 2260 711 2306 larqiri,
744 2264 779 2295 et
810 2264 965 2295 naturae
982 2261 1092 2306 prius
1115 2271 1210 2306 quae
1233 2260 1406 2295 debentur
1452 2261 1614 2296 raestitis
1645 2260 1729 2295 inde
1753 2261 1803 2295 ad
1825 2265 2023 2297 extraneas
2058 2274 2101 2297 ar
2127 2263 2258 2298 itiones
2278 2274 2369 2310 pro-

136 2306 271 2343 cedere.
319 2307 437 2351 Atque
467 2304 536 2340 hoe
559 2304 681 2340 valeat
702 2305 741 2339 in
765 2305 930 2340 omnibus
950 2306 1137 2351 personis,
1165 2305 1204 2339 in
1233 2305 1363 2350 quibus
1386 2316 1409 2340 a
1456 2306 1561 2341 initio
1590 2306 1764 2351 antiquae
1792 2310 1947 2351 quartae
1969 2307 2066 2342 ratio
2113 2319 2132 2342 e
2159 2308 2369 2354 inofficioso

137 2350 319 2398 querellae
342 2350 539 2385 constituta
562 2353 624 2384 est.

272 2395 318 2431 II.
367 2394 535 2441 Excepta
566 2405 652 2430 vero
675 2394 726 2430 sit
755 2394 860 2430 nobis
882 2394 945 2430 lex
974 2394 1019 2430 de
1049 2394 1246 2430 curialibus
1269 2406 1387 2442 nuper
1411 2394 1503 2437 lata,
1538 2405 1632 2441 quae
1658 2394 1750 2439 filiis
1773 2396 1972 2431 curialibus
2001 2396 2059 2432 vel
2085 2397 2194 2433 etiam
2222 2397 2372 2443 filiabus

139 2452 218 2477 cum
250 2439 447 2476 curialibus
477 2440 602 2486 nuptis
632 2438 846 2475 dodrantem
871 2439 1016 2474 omnino
1043 2439 1126 2475 dari
1153 2440 1240 2483 vult,
1272 2444 1314 2475 ut
1344 2440 1388 2475 de
1418 2440 1486 2475 reli
1512 2451 1560 2476 uo
1590 2440 1796 2486 quadrante
1826 2453 1849 2475 a
1874 2441 2094 2487 parentibus
2119 2453 2191 2488 pro
2215 2442 2369 2478 arbitrio

139 2487 196 2522 dis
223 2490 365 2522 onatur.
413 2485 465 2520 Ac
487 2485 651 2530 reliquae
674 2485 771 2531 leqes
796 2495 935 2527 omneS,
995 2496 1064 2520 uae
1086 2484 1131 2521 de
1153 2485 1357 2531 inofficiosi
1380 2485 1543 2531 querela
1567 2485 1665 2520 latae
1684 2489 1790 2528 sunt,
1822 2489 1859 2521 et
1885 2487 2045 2522 maxime
2069 2492 2218 2523 nostrae
2241 2488 2281 2522 in
2301 2499 2369 2523 suo

138 2543 182 2567 ro
207 2542 271 2566 ore
299 2533 567 2573 conserventur,
600 2534 671 2565 tam
701 2530 745 2566 de
778 2530 937 2576 inqratis
967 2496 1089 2566 liberis
1119 2541 1227 2577 quam
1260 2530 1303 2565 de
1332 2530 1379 2565 iis
1409 2531 1473 2577 qui
1507 2530 1597 2566 tales
1620 2541 1695 2565 non
1719 2534 1821 2566 sunt:
1856 2535 2014 2578 eaecepta
2044 2532 2125 2567 sola
2156 2532 2370 2578 quantitate,

140 2588 246 2623 quam
273 2577 311 2611 in
330 2575 518 2622 praesenti
539 2576 712 2611 auximus
734 2575 929 2611 secundum
953 2575 1181 2621 definitiones
1205 2587 1328 2611 omnes
1352 2576 1579 2623 propositas

271 2621 335 2658 111.
383 2619 622 2656 Prohibemus
645 2631 730 2656 vero
754 2621 862 2656 etiam
885 2620 995 2663 illud,
1031 2620 1131 2667 quod
1153 2625 1189 2656 et
1215 2632 1328 2667 qrave
1351 2625 1406 2657 est
1434 2625 1486 2664 et,
1514 2620 1597 2656 licet
1620 2621 1816 2667 leqitimam
1840 2622 2023 2668 quandam
2056 2634 2201 2657 eausam
2225 2622 2368 2665 habeat,

141 2672 258 2704 tamen
280 2667 318 2702 in
340 2666 469 2701 duram
492 2665 719 2712 iniquitatem
742 2669 779 2702 et
801 2665 1033 2701 acerbitatem
1056 2666 1191 2701 incidit.
1240 2666 1416 2702 Novimus
1429 2667 1523 2702 enim
1542 2670 1753 2702 testamenta
1774 2667 1964 2712 quaedam,
1987 2668 2026 2702 in
2051 2668 2181 2714 quibus
2203 2667 2369 2714 defuncti

139 2725 212 2748 non
230 2716 389 2759 paterno
409 2712 531 2747 animo
553 2721 668 2758 neque
687 2715 730 2746 ut
750 2710 997 2753 viros-decuit,
1021 2711 1086 2747 sed
1105 2711 1297 2747 admodum
1313 2711 1470 2747 molliter
1490 2715 1527 2748 et
1544 2711 1718 2748 imbecille
1734 2711 1904 2747 heredum
1923 2712 2171 2749 institutiones
2189 2713 2368 2760 fecerunt.

140 2758 306 2805 Namque
332 2756 513 2793 uxoribus
543 2757 620 2792 suis
649 2767 788 2792 omnem
818 2756 1044 2803 reliquerunt
1071 2768 1192 2792 rerum
1222 2768 1372 2792 suarum
1402 2768 1505 2792 usum
1528 2761 1689 2800 ructum,
1728 2757 1850 2793 liberis
1882 2769 1967 2794 vero
1998 2757 2134 2793 nudam
2157 2759 2370 2805 proprieta-

141 2808 226 2839 tem:
261 2807 303 2839 ut
332 2801 509 2838 eiusmodi
542 2803 744 2838 testamenti
774 2801 861 2844 boc,
895 2802 1038 2848 opinor,
1074 2802 1232 2838 studium
1264 2803 1330 2844 sit,
1364 2805 1402 2838 ut
1432 2803 1562 2838 mu'ier
1593 2802 1702 2838 etiam
1724 2803 1994 2850 proprietatem
2023 2804 2173 2850 insuper
2201 2804 2371 2851 accipiat,

140 2849 261 2885 liberis
281 2849 446 2895 fortasse
467 2847 570 2895 fame
585 2847 777 2894 perituris.
830 2846 928 2882 Unde
948 2848 1041 2883 enim
1064 2847 1207 2883 interim
1231 2851 1267 2883 et
1296 2859 1337 2883 re
1357 2848 1541 2893 familiari
1564 2851 1716 2883 utantur
1743 2851 1780 2883 et
1801 2848 1932 2884 victum
1956 2848 2179 2884 cotidianum
2202 2848 2368 2891 habeant,

140 2905 219 2930 cum
242 2894 334 2929 nihil
355 2894 402 2928 iis
424 2893 588 2928 relietum
611 2893 677 2935 sit,
701 2903 780 2928 cum
801 2892 892 2928 adeo
916 2893 1099 2928 muliebris
1120 2893 1223 2939 forte
1245 2893 1304 2928 ira
1327 2893 1464 2929 iniusta
1488 2893 1649 2936 accidat,
1674 2904 1769 2939 quae
1789 2893 1837 2929 iis
1862 2894 1970 2929 etiam
1995 2893 2217 2929 cotidianum
2240 2894 2371 2929 victum

141 2939 313 2986 auferat?
361 2937 491 2984 Itaque
513 2938 552 2972 in
578 2941 768 2985 posterum
791 2937 925 2973 nemini
956 2939 1121 2981 omnino,
1154 2939 1218 2984 qui
1249 2938 1380 2974 liberos
1402 2938 1526 2981 habet,
1558 2938 1629 2974 tale
1652 2938 1741 2984 quid
1760 2939 1890 2985 facere
1918 2938 2054 2980 licebit,
2087 2938 2151 2974 sed
2179 2939 2304 2991 utique
2327 2939 2372 2974 iis

141 2985 322 3037 leqitimae
337 2983 443 3019 huius
459 2983 595 3030 partis,
619 2994 728 3029 quam
745 2993 842 3018 nunc
859 2982 903 3018 de
931 2983 1093 3026 uiuimus,
1118 2988 1153 3019 et
1175 2995 1279 3020 usum
1303 2987 1340 3019 et
1359 2984 1522 3030 fructum
1546 2995 1621 3019 una
1640 2994 1720 3018 cum
1741 2984 1970 3030 proprietate
1992 2983 2187 3030 relinquat,
2211 2995 2241 3019 ει
2259 2988 2371 3031 pater

140 3030 212 3065 deci
234 3030 311 3066 vult
334 3028 526 3064 liberorum
551 3028 614 3074 qui
637 3039 712 3064 non
734 3027 857 3063 statim
902 3039 982 3063 ame
998 3032 1167 3075 pereant,
1190 3029 1255 3065 sed
1270 3029 1377 3065 etiam
1396 3029 1513 3065 vivere
1528 3029 1682 3076 possint.
1719 3030 1842 3074 Atque
1865 3028 1955 3064 haec
1979 3029 2100 3064 omnia
2124 3029 2276 3063 dicimus
2298 3039 2369 3063 non

187 3122 207 3154 2
230 3115 252 3162 ἢ
273 3121 366 3162 prius
388 3132 445 3153 om.
471 3132 489 3155 ς
515 3118 527 3162 11
559 3115 668 3152 αὐτοῦ
691 3120 774 3152 LB‘
793 3118 805 3163 11
827 3121 902 3151 τισὶ
926 3119 1015 3161 τῶν]
1039 3122 1112 3154 τοῖς
1139 3122 1185 3154 3³
1208 3120 1220 3166 11
1288 3132 1360 3154 τως
1380 3125 1440 3154 καὶ
1460 3122 1510 3154 13⁸
1533 3122 1544 3162 ΙΙ
1572 3123 1614 3154 36
1638 3118 1727 3165 πρὸς
1751 3118 1816 3162 τὴν
1838 3117 2052 3153 δεσποτείαν
2074 3120 2161 3161 L(c)
2187 3118 2200 3163 11
2226 3121 2267 3153 38
2293 3118 2369 3162 ζῆν]

142 3169 164 3200 4
183 3163 328 3205 ἔξωθεν
341 3164 390 3196 Β8
406 3163 419 3208 11
439 3166 457 3196 5
480 3161 538 3208 ἐφ’
560 3160 737 3198 ἁπάντων
754 3164 833 3198 τῶν
849 3162 1072 3210 προσώπων]
1096 3166 1133 3198 in
1150 3177 1219 3198 om-
1288 3167 1400 3210 μείζω
1425 3166 1473 3199 .Ζίι
1489 3166 1501 3210 11
1521 3167 1562 3199 39
1595 3162 1717 3198 πάντα
1742 3178 1799 3198 om.
1827 3165 1874 3198 Β8

143 3211 241 3244 nibus
270 3209 611 3242 descendentium
638 3210 787 3252 personis
819 3209 884 3242 Iul.
914 3210 962 3251 (at
985 3212 1050 3244 vid.
1076 3211 1219 3251 Athon„-

143 3259 185 3299 qf.
209 3255 386 3288 Heimbacb
407 3250 541 3287 Ἀνέκδ.
559 3254 585 3287 I
593 3267 628 3297 p.
643 3255 683 3288 X
687 3254 804 3297 CVM}
831 3255 851 3288 6
876 3251 1144 3300 ὃεινοφφικιοσο
1168 3257 1219 3297 M,
1776 3288 1779 3291 ,

142 3303 310 3346 μέμψεως
330 3300 378 3332 M
387 3311 412 3332 ε.
430 3312 470 3340 υ.,
495 3299 565 3331 LB
580 3297 593 3343 11
613 3301 632 3333 8
651 3296 844 3345 ἐξῃρήσθω
856 3318 901 3324 -
917 3302 956 3334 12
976 3298 1219 3345 διοικουμένου
1337 3303 1352 3335 1
1378 3301 1476 3341 sicut]
1500 3300 1528 3332 si
1552 3301 1601 3332 R¹
1617 3300 1629 3343 11
1649 3303 1669 3334 4
1692 3302 1773 3334 haec
1794 3302 1829 3335 V
1847 3301 1859 3346 11
1874 3303 2043 3335 seruantes
2066 3302 2118 3334 Ra
2136 3299 2149 3344 11
2165 3302 2184 3333 8
2212 3303 2300 3334 rubr.
2320 3301 2370 3334 De

144 3361 201 3380 om.
217 3347 252 3379 Β
269 3345 282 3389 11
306 3346 325 3377 8
348 3341 480 3390 ἀρτίως
506 3342 588 3376 τεθ.
611 3343 730 3387 νόμος]
757 3352 803 3378 est
825 3345 952 3378 novella
971 3343 1190 3380 XXXVIII
1208 3346 1220 3391 11
1288 3345 1367 3379 filiis
1391 3344 1573 3377 curialibus
1591 3345 1626 3378 R
1641 3358 1703 3389 my.
1722 3345 1735 3390 11
1750 3357 1770 3379 a
1790 3360 1847 3381 om.
1862 3348 1895 3380 R
1909 3346 1923 3391 11
1944 3349 1984 3380 10
2009 3345 2228 3379 noniuncium
2247 3347 2334 3391 vulq.

144 3395 164 3425 9
185 3394 258 3425 τοῖς
277 3387 482 3434 βουλευταῖς
501 3389 548 3421 M
555 3400 573 3424 ς
590 3389 654 3422 Iul.
676 3391 731 3433 (cf.
748 3390 896 3430 Theod.)]
918 3390 996 3423 τῶν
1014 3388 1219 3434 βουλευτῶν
1242 3422 1245 3424 ,
1293 3393 1334 3425 13
1369 3390 1507 3423 seruatis
1531 3390 1565 3422 R
1594 3389 1607 3432 11
1638 3393 1678 3425 14
1714 3392 1810 3424 *non
1843 3392 1978 3433 talibus]
2014 3390 2225 3424 naturalibus
2249 3391 2329 3425 libri

145 3438 180 3474 L,
193 3437 205 3480 11
225 3438 265 3470 10
290 3437 362 3469 τοῖς
387 3432 578 3478 βουλευτοῦ
601 3436 853 3480 γεγαμημένεις
872 3435 904 3467 L
922 3435 934 3476 11
950 3436 1015 3468 ἕνα
1035 3437 1136 3477 (ἕννα
1158 3436 1219 3478 L2)
1294 3438 1333 3470 19
1372 3438 1459 3468 rubr.
1492 3435 1529 3466 Si
1552 3434 1666 3468 liberis
1689 3437 1757 3469 suis
1783 3437 1906 3470 nudam
1929 3437 2166 3479 proprietatem
2192 3435 2370 3480 reliquerit

144 3477 330 3528 m‘iymovL
345 3481 357 3523 11
379 3483 419 3514 13
438 3476 706 3524 δεινοφφικῖοσο
721 3480 768 3521 Μ,
786 3481 954 3523 μέμψεως
966 3481 1036 3513 LB
1051 3481 1063 3524 11
1084 3483 1125 3515 14
1141 3477 1220 3524 ἢμε-
1290 3481 1324 3514 R
1336 3493 1398 3524 my.
1414 3479 1427 3524 11
1446 3481 1488 3513 20
1514 3479 1618 3512 diram
1642 3481 1778 3522 RTV2]
1805 3482 1920 3514 duram
1944 3483 2030 3525 vulq.
2053 3481 2138 3514 dura
2152 3481 2201 3514 V¹
2217 3480 2230 3525 11
2248 3483 2291 3515 24
2315 3482 2369 3515 fu-

144 3524 625 3614 sumsisti-21¹2*
642 3525 990 3611 ’2ἶῖῗῖῧῖἔέἆὶἒὲ
1003 3525 1221 3615 ῗῖίῗξῖἶῖ
1290 3525 1457 3611 stiffi
1467 3523 1753 3611 Ἰἕῖῗείἓὲηᾟὶἷῖ
1764 3527 2039 3614 &assistit
2050 3525 2367 3616 ‘3⁷¹¹n331gisseffi‘inj

147 3583 443 3662 οὖσούφρουκτΖν]
462 3614 530 3659 τὴν
542 3615 667 3660 χρῆσιν
680 3615 715 3647 Β
734 3612 811 3656 ἦτοι
830 3615 953 3648 πᾶσαν
964 3613 1031 3656 τὴν
1042 3615 1167 3661 χρῆσιν
1181 3617 1226 3649 Μ
1290 3616 1363 3647 iure
1376 3583 1502 3648 ΒΞἾΠ
1515 3615 1593 3647 uin
1610 3617 1732 3655 (uita‘?)
1755 3617 1805 3649 V¹
1823 3617 1836 3658 11
1852 3619 1894 3650 32
1912 3627 1996 3659 quae
2006 3617 2148 3660 V'vulq.]
2171 3616 2259 3658 quod
2270 3585 2344 3650 RIq7
2356 3616 2369 3661 11

149 3675 174 3694 ε.
191 3660 310 3705 υ.1126
333 3659 432 3704 οἶμαι
457 3675 514 3696 om.
545 3661 664 3704 [31132
690 3656 824 3693 aire-ov?
849 3660 895 3692 L¹
914 3659 983 3703 1133
1008 3661 1071 3692 τοῦ
1096 3658 1220 3695 λοιποῦ
1290 3661 1337 3692 eis
1355 3660 1453 3692 etiam
1470 3661 1554 3703 vulq.
1578 3660 1590 3704 11
1618 3662 1659 3694 33
1685 3661 1771 3692 nulli
1795 3662 1844 3694 V¹
1869 3660 1882 3706 11
1905 3663 1947 3696 34
1971 3661 2068 3694 htnti
2087 3661 2137 3696 V²
2160 3661 2174 3706 11
2199 3663 2241 3696 35
2266 3662 2367 3695 huius

149 3704 208 3747 L'n
227 3707 267 3739 35
292 3704 420 3740 τούτου
445 3720 502 3741 om.
527 3706 563 3740 B
578 3706 590 3751 11
608 3702 841 3752 ἀφωρίσαμεν
864 3702 885 3749 ἢ
909 3707 969 3737 καὶ
995 3706 1022 3738 L
1046 3701 1107 3751 ἀφ.
1131 3703 1219 3741 πάν-
1291 3718 1347 3739 om.
1370 3705 1404 3739 V
1418 3706 1430 3749 11
1450 3706 1491 3739 38
1515 3707 1608 3749 pater
1631 3706 1746 3740 uocari
1766 3707 1799 3741 V
