2618 4010
238 134 347 180 Nov.
376 133 560 177 Lxxm
589 136 628 176 7.
657 133 686 176 s
753 198 758 203 ρ
1304 127 1392 176 368
1960 143 2022 175 οε
2049 107 2460 202 ωωὼιειποεωι

239 257 303 286 σις,
325 243 376 290 μὴ
396 242 493 290 μόνα
517 242 557 279 δὲ
579 243 694 278 ταῦτα
718 240 807 291 πρὸς
827 242 936 277 wrm
958 239 1123 289 ἄρκείτω,
1144 239 1235 277 ἀλλὰ
1252 245 1313 277 καὶ
1380 242 1487 285 latio,
1509 251 1597 277 non
1620 243 1740 278 autem
1768 242 1847 279 sola
1874 243 1966 280 haec
1997 243 2043 280 ad
2065 243 2136 280 hoc
2161 242 2362 286 sufficiant,
2397 242 2462 280 sed

241 290 289 328 αἱ,
307 291 384 324 τῶν
412 287 535 324 ἄλλων
563 290 642 323 τῶν
664 285 972 336 ὑπογεγραφότων
1000 287 1087 321 ἴσως
1108 284 1131 331 ἢ
1153 290 1214 321 καὶ
1237 289 1314 323 τῶν
1383 291 1420 323 et
1442 287 1593 323 aliorum
1623 286 1923 324 subscribentium
1954 289 2048 326 forte
2079 292 2143 325 aut
2175 287 2462 324 contrahentium

240 333 524 380 συμβαλλόντων
555 336 693 391 γραφαὶ
728 332 1116 376 κατεξεταζέσθωσαν,
1154 328 1243 368 ὦςτε
1278 335 1315 367 ἐκ
1384 333 1586 378 scripturae
1609 331 1867 376 examinentur,
1899 336 1941 370 ut
1963 344 2008 370 ex
2038 334 2200 380 plurimis
2224 333 2460 379 comparatio-

240 378 387 415 πολλῶν
411 378 657 426 παραθεσεων
684 379 771 414 τῶνΙ
784 391 825 413 τε
847 380 911 413 τοῦ
925 376 1148 421 ,τελέσματος
1176 379 1254 412 τοῖν
1277 390 1317 412 τε
1385 378 1492 413 nibus
1525 380 1600 412 tam
1635 377 1882 422 completionis
1921 386 2027 424 quam
2060 379 2362 416 subscribentium
2399 381 2463 414 aut

239 424 352 471 (τῶν)
367 420 500 472 ὗπογεγ
524 423 674 471 αφότων
696 420 720 468 ἢ
742 426 802 458 καὶ
824 424 903 458 τῶν
921 420 1209 467 συμβαλλόντων.
1229 427 1318 467 μίαν
1355 427 1374 459 5
1387 423 1495 459 etiam
1521 421 1806 458 contrahentium
1833 431 1907 459 una
1935 424 2109 468 quaedam
2140 424 2329 469 colligatur
2357 423 2462 459 undi-

239 469 323 505 τινά
338 437 562 517 συνάγεσθαι
578 467 816 513 πανταχόθεν
832 471 892 503 καὶ
904 465 1167 503 ἀποτελεῖσθαι
1182 472 1316 504 πίστιν.
1411 478 1457 504 ue
1479 470 1516 504 et
1538 466 1718 503 efficiatur
1739 466 1840 503 fides.
2004 479 2022 506 ·,

238 516 266 552 8
310 515 357 549 Εἰ
373 512 413 549 δὲ
427 512 534 563 οὐδὲν
553 516 678 564 ἕτερον
696 511 860 563 εὑρεθείη
885 511 979 556 πλὴν
1001 514 1062 556 τῆς
1077 514 1319 561 παραθέσεως
1457 512 1521 549 Sin
1542 522 1625 548 vero
1650 512 1739 547 nihil
1762 512 1860 549 aliud
1880 512 2123 549 adinveniatur
2142 517 2284 559 praeter
2303 513 2463 550 collatio-

241 561 318 595 τῶν
341 559 584 606 συμβολαίων,
615 559 659 596 τὸ
682 562 750 605 μὲν
780 562 882 607 μέχρι
909 559 976 592 νῦν
998 557 1211 605 κεκρατηκὸς
1233 571 1318 607 προ·
1387 568 1469 595 nem
1490 558 1824 602 instrumentorum,
1857 557 1953 603 quod
1975 558 2148 595 hactenus
2176 559 2287 595 valuit
2308 559 2393 603 fiat,
2423 562 2464 594 ut

240 608 399 651 βαινέτω
414 605 473 663 κτὸ
503 605 577 660 τὸν,
597 606 864 660 προκομίζογτα
893 603 942 659 εἰς
969 601 1037 647 τὴν
1067 601 1162 662 παρ’,
1185 602 1320 661 ἄλληλα
1388 603 1451 656 qui
1473 603 1608 649 profert
1632 603 1678 639 ad
1697 603 1904 656 collationes
1927 603 2186 657 documentum,
2209 604 2302 640 iuret
2322 605 2463 640 sollem-

239 655 505 732 35‘21202‘320‘53’
506 649 734 744 ’ζὲᾚῖἕὲμὲ
734 661 1090 741 ’Ξαᾬίῗπζῖςέἶξξξῖ
1092 660 1180 729 ’ξ’ἷέν
1167 663 1320 730 ,aasz
1334 653 1375 685 ¹⁰
1387 648 2204 739 ffissffitss‘atuffiorzffissoffiffim5²2⁸?
2229 654 2352 741 {3¹23}
2374 659 2464 730 3350

241 743 305 776 τοῦ
331 741 538 790 πράγματος
559 746 696 784 πίστιν,
727 744 787 778 καὶ
810 736 915 775 αὐτὸς
946 737 965 774 ὁ
990 741 1106 774 ταῦτα
1129 740 1242 775 αἰτῶν
1264 754 1320 788 γε·
1388 740 1479 785 petit
1496 740 1573 775 fieri
1587 740 1691 783 iuret,
1713 739 1797 784 quia
1813 750 1885 775 non
1900 738 2007 774 aliam
2022 739 2185 775 idoneam
2203 705 2341 776 babens
2359 740 2464 775 fidem

241 787 375 822 νέσθαι
398 786 643 836 προςομνύτω,
672 784 719 822 αἱς
742 784 824 821 οὔτε
847 783 952 828 ἄλλης
975 781 1143 833 εὐπορῶν
1167 789 1321 821 πίστεως
1389 786 1436 821 ad
1467 785 1675 821 collationes
1706 786 2024 820 instrumentorum
2056 784 2151 820 venit
2181 795 2247 820 nec
2276 785 2465 831 quicquam

242 835 302 867 ἐπὶ
326 831 394 876 τὴν
410 829 500 881 παρ’
526 831 660 876 ἄλληλα
689 835 807 879 κρίσιν
837 831 915 865 τῶν
939 830 1172 875 συμβολαίων
1202 829 1320 874 ἐλήλυ-
1391 831 1489 867 circa
1512 841 1590 866 eam
1613 831 1684 875 egit
1707 834 1771 865 aut
1794 830 2018 866 machinatus
2042 832 2097 881 est
2117 829 2213 875 quod
2235 830 2328 866 forte
2350 830 2466 876 possit

243 878 314 912 θεν
335 876 418 913 οὔτε
440 892 476 913 τι
492 891 538 913 πε
562 881 575 911 i
599 874 712 921 αὐτὴν
731 877 888 924 ἔπραξεν
907 872 929 919 ἢ
949 875 1207 921 ἐμηχανήσατο,
1230 872 1320 923 ὅπερ
1335 880 1375 912 15
1388 877 1572 913 veritatem
1590 876 1819 911 abscondere.
1857 875 1912 910 De
1928 875 2056 921 quibus
2072 874 2194 910 licebit
2217 885 2297 911 sese
2311 875 2465 911 liberare

244 921 292 980 αἱς
326 891 625 980 εἴκος’δυνηῗθείη
660 922 744 977 τὴν-
762 919 1213 1000 ἀλήθειαῖλθυκατακρόφαι.
1267 914 1320 978 αἷγ
1390 922 1654 976 contrahentes²
1678 921 1710 957 si
1734 921 1979 957 consenserint
2001 920 2143 965 utrique
2171 919 2217 955 ad
2239 920 2309 956 hoc
2331 921 2464 974 venire,

242 969 384 1048 {iffi-{3⁹
394 967 759 1061 κὲῗῖἓέῖέᾕῗπζὲῗ
769 970 1083 1057 diffamati}
1107 972 1321 1059 trata,
1389 965 2266 1063 mittit&ffl‘ssffi‘z‘sstriississiffiffi532
2273 966 2465 1056 ¹3:¹33&

242 1059 433 1094 ποιεῖσθαι
461 1059 507 1094 τὰ
538 1057 740 1103 συμβόλαια
771 1060 831 1091 καὶ
860 1057 1137 1092 κατατίθεσθαι
1168 1062 1231 1101 [τε]
1261 1060 1320 1094 ἐπὶ
1388 1059 1548 1103 nequitia
1579 1062 1615 1093 et
1647 1057 1876 1103 corruptione
1908 1061 1945 1093 et
1966 1056 2186 1093 falsitatibus
2217 1059 2253 1092 et
2275 1066 2470 1100 quaecum-·

242 1102 405 1152 πράξεως
428 1100 702 1149 ὑπομνημάτων
722 1099 848 1138 αὐτοὺς
865 1103 947 1137 τοὺς
963 1101 1241 1148 συμβάλλοντας,
1260 1105 1320 1138 ἵνα
1334 1106 1376 1139 20
1389 1114 1459 1149 que
1490 1104 1560 1139 alia
1593 1103 1686 1139 mala
1716 1103 1932 1147 corrigentes
1955 1105 2179 1148 praesentem
2202 1101 2467 1146 promulgamus

241 1147 481 1196 ἀπαλλαγεῖεν
510 1147 766 1197 ἀγνωμοσύνης
797 1162 837 1183 τε
861 1150 920 1182 καὶ
943 1149 1092 1183 νοθείας
1122 1152 1182 1183 καὶ
1206 1162 1320 1196 παρα·
1388 1150 1512 1194 legem.
1560 1149 1626 1185 His
1661 1159 1752 1193 quae
1787 1148 1919 1184 dudum
1934 1193 1937 1196 ‚
1954 1159 1977 1183 a
2008 1147 2111 1183 nobis
2144 1147 2182 1182 in
2217 1146 2467 1183 collationibus

242 1195 423 1239 ποιήσεων
449 1197 514 1229 καὶ
544 1192 664 1230 ὁπόσα
694 1192 784 1228 ἄλλα
818 1193 910 1228 κακὰ
933 1195 1223 1242 ἐπανορθοῦντες
1254 1195 1321 1229 τὸν
1389 1195 1589 1231 litterarum
1619 1194 1796 1230 factarum
1824 1204 1890 1239 per
1913 1193 2128 1239 scripturam
2150 1192 2318 1238 propriae
2340 1201 2467 1227 manus

241 1239 409 1288 παρόντα
438 1241 594 1285 τίθεμεν
624 1238 747 1284 νόμον.
794 1240 872 1274 τῶν
903 1237 969 1283 ἤδη
1002 1237 1094 1287 παρ’
1127 1239 1233 1284 ἡμῶν
1260 1241 1320 1274 ἐπὶ
1390 1240 1529 1276 sancita
1551 1242 1637 1276 sunt
1659 1240 1698 1275 in
1714 1249 1780 1275 sua
1797 1239 1927 1275 virtute
1944 1238 2189 1283 manentibus3
2213 1237 2339 1290 procul
2358 1236 2467 1273 dubio

241 1289 319 1320 ταῖς
342 1286 571 1334 παραθέσεσι
593 1286 672 1320 τῶν
693 1283 917 1333 γραμμάτων
948 1287 1026 1319 ταῖς
1050 1285 1089 1325 ἐξ
1119 1283 1320 1333 ἰδιοχείρων
1390 1288 1427 1321 et
1457 1286 1496 1321 in
1525 1285 1582 1322 his
1614 1285 1674 1330 qui
1696 1285 1834 1321 litteras
1865 1285 2032 1321 nesciunt
2062 1293 2153 1329 quae
2184 1283 2267 1319 011111
2289 1282 2408 1318 valent
2429 1282 2467 1316 in

240 1333 446 1378 γινομέναις
476 1331 826 1376 νενομοθετημένων
849 1331 909 1365 ἐπὶ
934 1330 992 1373 τῆς
1017 1327 1109 1365 ἰδίας
1130 1328 1320 1376 μενόντων
1333 1333 1375 1367 25
1388 1331 1529 1367 iudiciis
1561 1341 1663 1366 suam
1694 1330 1909 1366 habentibus
1939 1330 2159 1371 firmitatem,
2190 1329 2358 1374 quoniam
2388 1327 2464 1372 qui-

242 1377 376 1419 ἰσχύος·
411 1374 549 1420 δηλαδὴ
582 1378 642 1410 καὶ
677 1376 755 1410 τῶν
789 1377 850 1410 ἐπὶ
884 1378 957 1410 τοῖς
990 1377 1069 1410 τῶν
1099 1376 1323 1425 γραμμάτων
1392 1377 1472 1412 (lem
1507 1387 1551 1412 ex
1581 1376 1740 1412 iudiciali
1773 1375 1889 1412 forma
1923 1377 2141 1421 acceperunt
2169 1373 2466 1410 examinationem

242 1419 527 1466 ἀνεπιστήμοσιν
555 1419 623 1465 ἤδη
651 1418 886 1469 κρατούντων
915 1422 956 1454 ἐν
984 1424 1058 1456 τοῖς
1087 1420 1325 1470 δικαστηρίοις
1393 1422 1483 1458 haec
1505 1422 1594 1458 talia
1617 1424 1886 1467 competentem.

242 1467 309 1510 τὴν
333 1467 473 1507 ἑαυτῶν
497 1466 657 1510 ἐχόντων
689 1467 803 1509 ἰσχύν,
825 1464 1019 1514 ἐπειδήπερ
1044 1468 1082 1500 ἐκ
1107 1464 1327 1502 ὃικαστικῶν

242 1512 371 1548 τύπων
393 1512 440 1547 τὰ
455 1514 609 1547 τοιαῦτα
631 1510 697 1547 τὸν
718 1509 941 1560 προςήκοντα
960 1510 1093 1556 ἔλαβεν
1116 1512 1324 1557 ἐξετασμόν.

1212 1603 1369 1640 CAPUT
1393 1603 1491 1641 vm.

288 1660 352 1693 Δεῖ
371 1654 418 1692 δὲΔ
434 1659 495 1692 ἐπὶ
518 1659 596 1692 τῶν
615 1657 810 1706 γράμματα
833 1657 896 1692 οὐκ
916 1659 1170 1703 ἐπισταμένων
1193 1663 1320 1704 ταβου-
1334 1662 1379 1696 30
1437 1660 1587 1705 Oportet
1609 1670 1692 1696 vero
1716 1659 1756 1695 in
1778 1660 1835 1696 his
1859 1660 1920 1705 qui
1942 1660 2080 1695 litteras
2105 1659 2270 1695 nesciunt
2299 1662 2336 1694 et
2358 1662 2469 1695 testes

242 1703 383 1750 λαρίους
405 1701 470 1738 δύο
492 1703 639 1739 πάντως
667 1706 727 1738 καὶ
749 1703 929 1751 μάρτυρας
954 1702 1322 1753 παραλαμβάνεσθαι,
1392 1708 1428 1741 et
1451 1706 1594 1741 omnino
1618 1705 1815 1742 tabularios
1838 1705 2018 1750 adhiberi,
2050 1706 2087 1740 in
2111 1705 2240 1750 quibus
2272 1705 2360 1740 locis
2386 1708 2470 1741 sunt

242 1751 283 1785 ἐν
305 1748 357 1784 οἷς
379 1749 448 1783 εἰσὶ
471 1748 702 1797 ταβουλάριοι
725 1747 867 1794 τόποις,
899 1747 1057 1794 μάλιστα
1081 1747 1122 1783 δὲ
1142 1749 1324 1799 μάρτυρας
1390 1751 1578 1794 tabularii,
1610 1751 1763 1786 maxime
1786 1753 1906 1787 autem
1928 1754 2037 1787 testes
2065 1761 2139 1786 non
2162 1751 2301 1794 ignotos
2325 1755 2467 1787 contra-

242 1793 306 1830 οὖκ
332 1789 538 1843 ἀγνώστους
568 1798 642 1829 τοῖς
672 1791 953 1839 συμβάλλουσιν·
989 1796 1049 1829 ἵνα
1080 1794 1117 1829 οἱ
1145 1797 1213 1839 μὲν
1239 1796 1322 1843 γρά-
1391 1797 1572 1840 hentibus,
1596 1800 1637 1832 ut
1655 1797 1799 1842 quidam
1823 1797 1983 1832 scribant
2006 1806 2070 1842 pro
2091 1796 2273 1832 illitterato
2297 1798 2361 1831 aut
2377 1806 2466 1842 pau-

242 1852 363 1887 φωσιν
381 1837 472 1896 ὑπὲρ
499 1841 564 1874 τοῦ
587 1837 820 1887 ἀγραμμάτου
851 1837 873 1883 ἢ
896 1837 1203 1895 όλιγογραμμάτου
1230 1841 1322 1875 καθ·
1393 1852 1454 1877 cas
1475 1842 1614 1877 litteras
1637 1842 1781 1886 scienti,
1813 1842 1874 1877 alii
1896 1852 1980 1878 vero
2010 1843 2226 1877 attestentur
2256 1841 2340 1887 quia
2362 1841 2468 1878 etiam

242 1886 408 1928 εστῶτος,
432 1898 466 1919 οι
490 1883 531 1919 δὲ
547 1886 791 1934 μαρτυρῶσιν,
817 1882 866 1919 ὥς
886 1887 946 1919 καὶ
970 1898 1168 1933 παροντων
1199 1884 1323 1921 αὐτῶν
1336 1889 1379 1923 35
1392 1888 1641 1941 praesentibus
1664 1887 1715 1923 eis
1739 1888 1829 1923 haec
1851 1890 1952 1932 gesta
1974 1890 2058 1922 sunt
2081 1891 2116 1922 et
2140 1887 2297 1923 scierunt
2317 1896 2408 1928 eum,
2433 1890 2469 1922 et

241 1932 358 1974 ταῦτα
387 1930 554 1979 ἐπράχθη
586 1933 645 1965 καὶ
669 1928 796 1965 εἰδεῖεν
821 1927 942 1973 αὐτόν,
966 1933 1035 1964 ’καὶ
1058 1927 1172 1966 οὕτως
1197 1929 1219 1975 ἡ
1244 1932 1323 1966 τῶν
1390 1937 1443 1968 lta
1465 1933 1591 1968 talium
1621 1933 1936 1969 instrumentorum
1967 1932 2187 1977 suscipiatur
2210 1931 2317 1968 fides:
2355 1931 2467 1967 mani-

241 1975 420 2013 τοιοότων
436 1975 671 2021 συμβολαίων
694 1974 892 2020 εἰςὸεχθείη
912 1979 1051 2011 πίστις·
1080 1973 1188 2020 δῆλον
1213 1973 1257 2011 ὂν
1276 1975 1324 2012 ὠς
1393 1978 1525 2014 festum
1554 1979 1710 2015 existens
1742 1978 1825 2024 quia
1854 1989 1927 2014 non
1957 1978 2073 2014 minus
2105 1977 2260 2024 quinque
2290 1980 2400 2014 testes
2431 1977 2468 2014 in

242 2067 312 2104 hoc
332 2067 535 2114 sufficiant,
566 2064 632 2101 sed
649 2065 758 2101 etiam
781 2065 1004 2117 reliquorum
1034 2066 1098 2111 qui
1121 2065 1414 2112 subscripserunt
1434 2066 1536 2112 forte
1567 2067 1624 2103 vel
1652 2068 1715 2113 qui
1743 2071 2011 2104 contraxerunt
2032 2068 2238 2114 scripturae
2260 2067 2467 2103 examinen-

243 2118 315 2157 tur,
346 2116 388 2148 ut
416 2123 467 2148 ex
497 2111 620 2147 multis
650 2110 986 2157 comparationibus
1020 2116 1093 2146 tam
1124 2110 1374 2158 completionis
1404 2122 1513 2157 quam
1535 2112 1824 2159 subscriptorum
1856 2113 1914 2149 vel
1943 2113 2050 2148 etiam
2075 2111 2362 2148 contrahentium
2393 2123 2468 2149 una

242 2159 268 2196 8
311 2157 471 2204 undique
489 2156 686 2203 colliqatur
716 2160 757 2191 at
782 2167 826 2191 ue
854 2155 1042 2201 efficiatur
1061 2155 1163 2201 fides.
1246 2155 1288 2191 Si
1311 2166 1396 2192 vero
1418 2155 1510 2192 nihil
1540 2157 1643 2192 aliud
1663 2158 1871 2204 reperiatur
1903 2158 1974 2194 nisi
1996 2158 2224 2206 comparatio
2253 2158 2468 2194 instrumen-

245 2209 374 2246 torum,
398 2201 490 2239 illud
511 2201 654 2248 quidem
678 2212 751 2247 quo
800 2211 915 2247 usque
937 2199 1057 2236 adhuc
1080 2200 1197 2237 valuit
1213 2201 1407 2248 procedat,
1428 2206 1470 2237 ut
1516 2202 1554 2237 ui
1578 2203 1853 2238 instrumentum
1879 2203 2053 2249 producit
2076 2202 2126 2238 ad
2148 2202 2356 2238 collationis
2379 2214 2468 2239 eoea-

242 2260 335 2292 men,
358 2248 556 2301 legitimum
578 2249 841 2282 sacramentum
862 2248 1045 2292 praestet:
1067 2250 1109 2282 ut
1127 2250 1247 2282 autem
1268 2257 1329 2282 res
1351 2212 1514 2293 aliquot?
1525 2247 1671 2283 omnino
1694 2248 1950 2284 incrementum
1973 2248 2133 2294 accipiat
2155 2247 2204 2284 ad
2222 2247 2395 2284 maiorem
2417 2249 2471 2284 rei

239 2294 360 2340 fidem,
389 2304 467 2340 ipse
495 2302 639 2339 quoque
663 2291 727 2338 qui
749 2295 791 2327 ut
811 2290 901 2327 haec
921 2290 1017 2336 fiant
1072 2291 1208 2327 ostulat
1235 2292 1387 2339 insuper
1414 2292 1520 2336 iuret,
1550 2303 1666 2340 neque
1687 2292 1764 2329 ulla
1786 2292 1855 2329 sibi
1877 2293 1972 2329 alius
1988 2292 2223 2341 probationis
2238 2293 2345 2340 copia
2365 2294 2471 2339 facta

241 2351 319 2377 sese
342 2338 391 2375 ad
411 2340 729 2374 instrumentorum
752 2347 907 2373 eoeamen
925 2347 975 2372 ex
997 2347 1040 2372 co
1055 2336 1193 2372 latione
1212 2337 1424 2383 faciendum
1446 2349 1488 2375 ve
1515 2339 1584 2374 isse
1606 2349 1723 2385 neque
1753 2339 1947 2385 quicquam
1976 2339 2074 2374 circa
2104 2349 2182 2375 eam
2205 2349 2244 2374 se
2267 2339 2383 2385 eqisse
2405 2343 2472 2375 aut

242 2384 485 2421 machinatum
508 2394 585 2419 esse
608 2382 707 2429 quod
727 2382 866 2418 scilicet
886 2382 1073 2418 veritatem
1097 2382 1281 2418 occultare
1302 2387 1441 2430 posset.
1512 2384 1559 2430 >is
1583 2389 1703 2420 autem
1733 2384 1786 2420 ita
1818 2384 1967 2420 liberari
1983 2383 2082 2420 ‘licet
2113 2383 2409 2420 contrahentibus
2439 2384 2471 2419 si

242 2431 352 2468 velint
374 2434 484 2476 atque
505 2429 544 2464 in
567 2439 609 2464 eo
633 2428 779 2474 utrique
799 2427 1032 2470 conveniant,
1056 2431 1099 2463 ut
1119 2428 1304 2464 insinuent
1325 2426 1563 2465 instrumenta
1585 2433 1622 2466 et
1644 2429 1827 2477 deponant
1848 2428 1914 2465 sub
1935 2434 2100 2465 actorum
2125 2429 2377 2474 testificatione
2399 2429 2473 2476 ipsi

242 2475 506 2518 contrahentes,
530 2484 603 2520 quo
628 2472 825 2509 liberentur
848 2477 885 2509 et
928 2471 1044 2509 raude
1065 2476 1100 2509 et
1123 2474 1357 2521 corruptione
1379 2477 1415 2509 et
1434 2474 1663 2520 falsitatibus
1690 2478 1727 2511 et
1748 2485 1993 2522 quaecumque
2022 2473 2098 2510 alia
2120 2474 2218 2510 mala
2247 2474 2472 2511 emendaturi

238 2526 467 2570 praesentem
487 2520 660 2567 ponimus
685 2518 808 2570 leqem.
863 2564 866 2567 ὴ
907 2522 1043 2554 aterum
1075 2529 1118 2554 ea
1148 2529 1244 2565 quae
1274 2519 1347 2555 iam
1381 2518 1426 2556 de
1454 2520 1789 2567 comparationibus
1818 2520 2022 2557 litterarum
2053 2531 2104 2556 ex
2133 2519 2390 2566 chiroqraphis
2418 2520 2471 2555 in-

242 2567 425 2604 stituenda
448 2577 472 2601 a
495 2565 599 2600 nobis
621 2569 765 2599 sancita
787 2567 892 2606 sunt,
927 2564 967 2599 in
985 2574 1054 2611 suo
1078 2563 1212 2600 robore
1231 2569 1403 2600 maneant
1410 2579 1423 2608 ,-
1458 2576 1502 2601 ac
1530 2576 1620 2601 sane
1641 2576 1686 2601 ea
1716 2576 1859 2612 quoque
1891 2576 1985 2611 quae
2007 2564 2052 2601 de
2067 2565 2242 2617 personis
2267 2564 2471 2602 litterarum

243 2612 420 2659 imperitis
451 2611 490 2647 in
516 2609 659 2645 iudiciis
686 2610 760 2644 iam
791 2608 969 2651 obtinent,
1004 2619 1108 2645 suam
1134 2609 1344 2655 firmitatem
1373 2609 1547 2655 habeant,
1579 2610 1871 2657 quandoquidem
1901 2621 1952 2647 ex
1974 2610 2205 2646 iudicialibus
2223 2611 2472 2647 sanctionibus

243 2658 333 2694 haec
357 2657 446 2693 talia
470 2655 734 2692 convenientem
758 2654 1064 2690 eaeaminationem
1087 2659 1316 2701 acceperunt.

366 2701 463 2739 vm.
495 2699 558 2736 -In
573 2700 620 2735 iis
635 2704 754 2736 autem
771 2699 834 2746 qui
850 2699 992 2735 litteras
1006 2700 1184 2743 nesciunt,
1205 2700 1350 2736 omnino
1371 2700 1543 2737 tabularii
1558 2700 1657 2744 [duo]
1674 2705 1709 2737 et
1734 2704 1840 2736 testes
1856 2699 2051 2736 adhibendi
2066 2706 2162 2743 sunt,
2181 2700 2312 2747 quibus
2327 2700 2366 2735 in
2383 2701 2472 2737 locis

243 2753 330 2785 sunt
346 2747 529 2789 tabularii,
552 2745 677 2792 utique
697 2756 782 2781 vero
803 2749 909 2781 testes
926 2755 1001 2780 non
1019 2745 1138 2792 iqnoti
1158 2745 1474 2782 contrahentibus.-
1498 2750 1540 2781 ut
1560 2746 1616 2781 illi
1633 2745 1776 2793 quidem
1791 2745 1950 2782 scribant
1959 2756 2035 2792 pro
2054 2756 2095 2793 eo
2111 2745 2174 2791 qui
2190 2745 2392 2781 litterarum
2407 2746 2471 2781 im-

238 2794 383 2842 peritus
403 2792 459 2831 vel
504 2801 609 2827 arum
625 2791 772 2838 peritus
794 2795 859 2832 est,
883 2789 922 2826 hi
938 2793 1057 2827 autem
1073 2795 1248 2827 testentur
1264 2795 1301 2826 et
1314 2791 1405 2838 ipsis
1418 2792 1673 2839 praesentibus
1689 2790 1778 2827 haec
1795 2794 1879 2827 acta
1894 2801 1972 2827 esse
1987 2795 2022 2826 et
2036 2801 2075 2826 se
2090 2791 2231 2826 novisse
2248 2791 2339 2834 eu‘m,
2363 2795 2473 2838 atque

245 2842 298 2875 ita
316 2839 452 2875 ciusmo
479 2838 492 2872 i
514 2837 835 2885 instrumentorum
853 2835 1069 2871 admittatur
1084 2835 1185 2881 fides.
1233 2835 1314 2880 Qua
1331 2837 1369 2882 in
1387 2848 1429 2872 re
1443 2837 1677 2882 manifestum
1695 2840 1750 2872 est
1769 2847 1841 2871 non
1859 2836 1978 2871 minus
1997 2846 2105 2882 quam
2124 2836 2284 2881 quinque
2303 2840 2411 2872 testes
2434 2838 2473 2872 in

291 2931 312 2964 2
336 2927 376 2962 αἱ
405 2927 484 2962 τῶν
509 2925 635 2962 ἄλλων
663 2926 703 2961 αἱ
720 2927 804 2961 τῶν
825 2928 856 2961 L
875 2927 888 2971 Ι]
914 2924 985 2962 ὑπο
1008 2926 1209 2974 ραψάντων
1233 2926 1285 2961 Bt
1315 2926 1329 2972 n
1395 2927 1592 2969 tabularius,
1624 2928 1653 2960 si
1668 2928 1713 2961 ‘in
1737 2927 1798 2968 illo
1827 2927 1901 2960 loeo
1925 2927 2086 2960 tabularii
2109 2930 2198 2969 sunt,
2230 2928 2288 2960 sed
2319 2932 2353 2960 et.
2376 2931 2474 2962 testea

249 2971 267 2983 ³
289 2976 362 3016 καὶ]
386 2975 446 3007 καὶ
466 2986 525 3008 om.
547 2985 567 3010 ς
596 2972 609 3018 n
635 2975 655 3008 3
680 2969 945 3016 συμβαλόντων
969 2939 1016 3006 lb
1036 2971 1049 3018 ΙΙ
1079 2973 1117 3005 ἐκ
1140 2972 1219 3006 τῶν
1242 2969 1327 3006 πολ·
1394 2973 1472 3015 Iul„
1503 2970 1736 3019 ταβουλάριος
1766 2974 1827 3006 καὶ
1850 2970 2026 3019 μάρτυρες
2048 2970 2362 3018 ὗπογραφέτωσαν
2384 2974 2473 3017 Aila,

245 2989 324 3055 λῶν
339 3020 450 3064 Epan.
474 3019 487 3058 ΙΙ
512 3022 532 3054 5
555 3015 848 3064 ὑπογραφόντων
869 3019 919 3052 B·
947 3014 1245 3064 ὑπογραψάντων
1261 3017 1326 3057 B&
1394 3015 1415 3051 ὁ
1430 3016 1664 3064 ταβουλάριος
1686 3019 1747 3051 καὶ
1767 3016 1794 3052 ε’
1812 3016 1986 3063 μάρτυρες
2004 3015 2319 3063 ὑπογραφέτωσαν
2333 3019 2365 3052 T
2362 3020 2472 3059 Ιιεοά.;

246 3066 325 3101 τῶν
350 3065 468 3099 addidi
494 3064 506 3107 ΙΙ
532 3060 567 3106 ἢ]
598 3063 685 3098 ἴσως
707 3061 729 3106 ἢ
754 3064 838 3098 LB⁸
866 3063 880 3107 ΙΙ
910 3065 931 3098 6
954 3062 1229 3108 συνειςάγεσθαι
1253 3063 1284 3096 L
1316 3061 1328 3106 ΙΙ
1395 3065 1437 3106 cf.
1451 3076 1554 3107 supro
1564 3076 1600 3107 p.
1611 3065 1690 3106 273,
1703 3065 1753 3106 30)
1777 3063 1791 3108 ΙΙ
1820 3065 1863 3098 32
1883 3061 2019 3104 τόποις]
2043 3061 2229 3107 κελεύομεν
2248 3065 2325 3097 add.
2338 3064 2449 3108 Epan.
2461 3064 2474 3109 ΙΙ

248 3114 268 3147 8
298 3111 367 3155 μὲν
396 3111 444 3144 Μ
455 3109 549 3152 (ΒῙ)]
586 3122 644 3143 om.
668 3109 752 3143 LB·
767 3110 878 3153 Epan.
900 3120 920 3146 ς
949 3108 962 3154 ΙΙ
995 3111 1015 3144 9
1046 3105 1258 3156 παράλληλα
1287 3107 1336 3141 Μ
1395 3110 1437 3143 33
1460 3106 1660 3155 γράφουσιν
1682 3109 1745 3153 Lu
1769 3109 1813 3144 36
1836 3105 1964 3143 εἴδοιεν
1987 3109 2039 3142 vel
2059 3105 2179 3155 ᾔδειεν
2202 3109 2252 3142 B·

247 3158 358 3202 Epan.
383 3156 442 3196 (id.
469 3156 523 3198 14)
550 3154 563 3199 ss
602 3156 641 3189 11
667 3151 710 3188 δέ
729 3156 826 3196 τινα]
861 3151 906 3196 δή
930 3166 1014 3188 τινα
1035 3154 1211 3198 Scrimqer,
1239 3154 1296 3187 vul
1319 3178 1326 3185 .
1394 3173 2464 3180 ——————————-—-—-————-—

248 3201 359 3246 (ΒῙ)ΙΙ
383 3199 475 3247 λάβῃ
501 3201 657 3244 BEpan.
682 3200 695 3244 ΙΙ
727 3201 768 3235 12
790 3198 964 3246 γίνεσθαι
986 3199 1096 3254 Epan.
1116 3199 1129 3243 ΙΙ
1155 3200 1195 3235 13
1219 3166 1328 3233 *οὐὲὲ
1442 3202 1457 3233 1
1484 3201 1564 3241 non]
1589 3210 1670 3232 num
1692 3200 1741 3233 Vl
1770 3200 1783 3243 ss
1810 3201 1830 3233 2
1853 3199 2009 3240 aliorum]
2034 3199 2075 3231 ad
2099 3199 2222 3232 liorum
2246 3199 2275 3231 V
2297 3199 2311 3243 fl
2339 3201 2363 3234 4
2385 3209 2472 3232 oom-

251 3250 327 3283 libri
342 3249 415 3288 1114
427 3247 558 3292 κρίσιν]
583 3248 711 3279 πίστιν
724 3246 773 3279 B⁸
787 3258 818 3278 v.
833 3246 852 3278 l.
869 3247 881 3288 ΙΙ
902 3247 943 3279 15
959 3243 1071 3278 *ουδὲ
1096 3245 1172 3278 libri
1186 3244 1200 3289 Ι]
1218 3245 1260 3279 18
1271 3243 1326 3286 τὸ]
1393 3244 1564 3287 pletionis]
1588 3244 2048 3288 comparationibuspletionis
2060 3244 2112 3278 R⁰
2135 3243 2149 3296 Ι]
2179 3247 2199 3279 5
2220 3244 2319 3278 etiam
2339 3255 2398 3277 om.
2410 3243 2470 3287 Β]

248 3294 313 3328 τοῦ
335 3294 445 3336 Epan.
470 3290 537 3334 (τῷ
563 3291 763 3333 Zachariae)
801 3290 807 3335 Ι
845 3292 885 3325 19
909 3288 1146 3324 καταθέσθαι
1169 3291 1280 3334 Epan.
1315 3291 1327 3331 ΙΙ
1396 3291 1416 3322 6
1441 3293 1474 3322 ct
1498 3303 1556 3323 om.
1579 3289 1635 3336 Vn
1660 3292 1679 3324 7
1702 3290 1938 3324 adinueniatur
1958 3290 2005 3331 V]
2029 3290 2225 3323 inuematur
2243 3287 2337 3331 RTn
2362 3289 2383 3321 9
2402 3287 2470 3320 ool-

249 3351 289 3373 τε
310 3338 431 3380 MLB,
456 3349 514 3370 om.
529 3336 638 3380 Epora.
663 3337 715 3376 (ea
737 3337 769 3378 ς)
815 3336 858 3370 20
883 3332 976 3369 αὐτὰ
998 3336 1089 3370 malit
1102 3335 1293 3370 Zachariae
1315 3333 1329 3380 ss
1394 3334 1536 3368 lationes
1548 3335 1612 3377 ΒΡ]
1637 3335 1826 3369 collationis
1848 3333 1899 3368 R¹²
1909 3336 2065 3380 VTvulq.
2091 3335 2105 3380 ΙΙ
2134 3337 2174 3370 10
2198 3336 2248 3375 ut]
2273 3333 2362 3365 iuret
2383 3332 2435 3365 V¹
2459 3331 2465 3374 1

251 3385 293 3418 23
306 3383 496 3418 ταῖν-29
510 3379 707 3425 ἐξετασμόν
732 3381 945 3425 οηι.Εραη.ΙΙ
969 3382 1011 3416 25
1035 3382 1244 3427 γενομέναις
1260 3380 1293 3414 L
1316 3381 1328 3424 ΙΙ
1395 3383 1505 3413 autem
1531 3382 1593 3414 del.
1615 3380 1667 3415 V³
1693 3382 1705 3424 ΙΙ
1732 3380 1869 3423 aliquod
1889 3381 1935 3421 V]
1959 3380 2088 3423 aliquid
2112 3379 2203 3422 RTn
2232 3386 2363 3410 oausam
2386 3377 2435 3428 133¹

251 3428 608 3471 νενομοθετημένων]
638 3427 715 3460 Cod.
728 3428 760 3467 4,
773 3433 817 3466 21,
830 3433 877 3460 20.
902 3427 986 3461 Νου.
1001 3427 1138 3467 XLIX,
1153 3427 1173 3460 2
1190 3425 1203 3471 ΙΙ
1226 3426 1268 3461 28
1289 3426 1328 3458 ἐκ
1398 3427 1435 3459 11
1451 3426 1531 3458 haec
1552 3426 1628 3467 VT]
1653 3427 1715 3459 boo
1727 3426 1762 3460 R
1773 3427 1859 3470 vuly.
1878 3425 1891 3469 ΙΙ
1911 3427 1951 3459 12
1964 3428 2055 3469 petat
2075 3424 2131 3469 Vn
2147 3424 2226 3466 quia
2241 3433 2262 3454 n
2279 3422 2351 3463 (sic)
2366 3421 2466 3455 aliam

253 3471 472 3507 δικαστικῶν
483 3469 682 3515 (δικαστῶν
694 3472 756 3513 L¹)
776 3471 916 3513 τύπων]
937 3483 976 3504 ex
992 3470 1147 3504 iudiciali
1162 3471 1267 3505 forma
1283 3469 1329 3543 ⁶).
1395 3470 1548 3503 idoneam
1565 3482 1634 3505 non
1649 3471 1774 3505 habens
1794 3471 1843 3505 V¹
1860 3471 1873 3515 ΙΙ
1893 3472 1934 3506 16
1955 3469 2233 3509 contrasenserint
2251 3466 2301 3499 Β*
2317 3466 2330 3510 ΙΙ
2350 3468 2392 3518 ¹⁷.
2408 3467 2470 3500 sub

255 3519 297 3551 29
310 3517 387 3560 τὸν]
401 3518 479 3552 τῶν
491 3518 539 3551 L¹
555 3518 568 3561 ΙΙ
586 3519 628 3552 30
642 3518 708 3550 Δεῖ
718 3514 759 3550 δὲ
772 3530 830 3550 om.
845 3517 955 3560 Epan.
974 3516 987 3561 ΙΙ
1001 3516 1092 3558 τῶν]
1115 3515 1195 3550 τῶν
1209 3515 1256 3550 τὰ
1267 3517 1302 3550 Β
1318 3542 1327 3555 ,
1394 3515 1507 3557 gestis]
1533 3517 1698 3559 suggestis
1716 3516 1774 3561 Vl}
1800 3516 2035 3559 19 nequitiae
2058 3513 2149 3548 RV¹
2163 3513 2177 3556 Ι
2201 3514 2234 3544 et
2254 3510 2469 3562 fsshltanbus]

256 3562 304 3595 L²
312 3576 364 3605 pr.
390 3563 396 3604 Ι
430 3561 635 3608 γράμματα]
682 3559 882 3609 ραμμάτων
908 3563 937 3595 L
967 3561 979 3606 ss
1004 3559 1080 3604 οὐκ]
1104 3561 1147 3606 pt*
1172 3562 1282 3606 Epan.
1315 3561 1329 3605 ΙΙ
1395 3564 1428 3594 et
1452 3574 1510 3594 om.
1532 3562 1585 3595 V⁶
1607 3563 1620 3605 ΙΙ
1649 3563 1690 3597 21
1714 3562 1779 3605 his]
1803 3562 1905 3596 huius
1929 3561 1978 3594 R²
1999 3560 2079 3604 {¹22
2104 3555 2304 3608 bysantia?
2330 3556 2342 3600 [Ι
2369 3558 2411 3591 30
2437 3562 2470 3590 et

256 3604 390 3686 Ξῗβουλ
413 3610 529 3694 animis
543 3575 743 3687 [ἐᾷ’ἑαηέ
753 3608 797 3650 (et
807 3609 854 3660 sie
867 3574 1329 3688 ίηίὶἶίἓῦἓβονλαρίέἴςδῑ-
1395 3608 1495 3639 testes
1520 3610 1552 3639 et
1576 3608 1712 3641 omnino
1737 3608 1770 3641 T
1778 3608 1877 3650 vu19.]
1910 3609 1942 3639 et
1965 3607 2063 3638 testes
2085 3612 2220 3635 ommno
2245 3602 2278 3634 R
2313 3604 2411 3635 testes
2436 3606 2469 3636 et

396 3664 436 3684 τυ
461 3662 499 3684 ας
535 3663 552 3684 e
605 3663 637 3686 es
709 3663 727 3686 e
765 3663 902 3686 ommno
1071 3664 1106 3686 os
1130 3664 1150 3689 ς
1286 3663 1327 3685 vo

257 3663 413 3736 πάντῖιρε]
454 3694 491 3728 ιὰ
505 3695 656 3731 πάντων
680 3711 742 3732 non
767 3706 850 3733 recte
871 3699 1076 3741 Haloander,
1093 3653 1179 3743 vulq'!
1205 3697 1326 3731 Delen-

257 3743 331 3776 dum
354 3738 428 3781 δύο,
452 3742 516 3774 nisi
536 3742 630 3775 malis
652 3744 712 3775 καὶ
735 3741 890 3785 πάντως,
915 3745 957 3788 ef.
982 3755 1002 3780 ς
1023 3735 1248 3787 (necessarius
1262 3743 1326 3775 erit

1394 3652 1531 3684 omnino
1550 3652 1584 3686 V
1602 3656 1634 3685 et
1653 3654 1751 3686 testes
1768 3651 1905 3685 omuino
1927 3652 1961 3684 et
1983 3649 2028 3683 al.
2044 3647 2058 3692 fl
2074 3647 2117 3682 32
2136 3646 2377 3680 tabulariarum
2390 3648 2442 3681 R⁰
2458 3649 2471 3691 ΙΙ

1395 3698 1437 3731 33
1461 3697 1619 3739 quiddam
1642 3697 1766 3741 31134
1789 3696 1912 3730 sciente
1933 3693 2049 3743 only-fl
2074 3692 2116 3726 35
2141 3692 2204 3726 hoo
2221 3692 2299 3737 R¹u
2322 3694 2363 3727 37
2390 3693 2470 3735 quia

1394 3743 1474 3784 non]
1499 3743 1559 3785 qui
1582 3745 1659 3776 ante
1679 3742 1729 3776 V¹
