2618 4010
181 175 240 206 ΕΤ
268 174 415 207 MUNIA
443 173 672 206 IMPLEANT

182 266 291 309 αὖθις
314 271 490 320 αἱρετικός
522 285 561 308 τε
591 273 644 316 εἴη
676 276 735 307 καὶ
759 270 971 319 ὀρθόδοξος,
1003 273 1094 308 κατὰ
1117 274 1185 317 μὲν
1208 273 1260 307 αἶ-

182 320 336 362 ρετικῶν
356 321 416 352 καὶ
439 316 581 364 σφόδρα
605 316 790 353 δύνασθαι
813 322 1007 365 μαρτυρεῖν
1034 316 1125 375 ’ὑπὲρ
1149 314 1256 366 ὀρθο-

183 363 313 406 δόξων,
344 362 436 398 κατὰ
466 361 506 398 δὲ
528 361 745 408 ὄρθοδόξων
776 362 839 398 οὐκ
870 367 941 399 ἔτν
980 362 1197 411 ὄρθοδοξων
1222 362 1262 398 δὲ

181 408 304 444 ὄντων
336 409 416 443 τῶν
450 406 698 452 δικαζομένων
731 407 910 454 μηδεμίαν
944 409 1038 444 εἶναι
1072 406 1260 444 παντελῶς

1247 158 1331 206 279

2011 161 2120 206 Nov.
2150 161 2267 205 XLV
2299 166 2318 204 1
2347 176 2412 218 ep,

1332 282 1415 308 vero
1451 282 1577 308 rursus
1612 272 1814 307 haereticus
1850 272 1896 308 sit
1932 274 1969 308 et
2003 273 2243 317 orthodoxus,
2283 277 2408 309 contra

1328 318 1529 354 haereticos
1589 317 1705 352 uidem
1742 317 1847 352 etiam
1882 317 1985 353 valde
2026 328 2131 363 posse
2164 318 2407 354 testimonium

1332 363 1411 398 dari
1433 373 1500 408 pro
1521 373 1562 400 or
1604 362 1731 401 odoxo.
1757 363 1926 398 adversus
1947 363 2183 399 orthodoxum
2202 367 2322 399 autem
2344 375 2407 400 ne-

1330 418 1529 454 quaquam3
1566 407 1773 444 orthodoxis
1798 418 1938 453 quoque
1962 408 2197 444 existentibus
2220 409 2406 453 litigatori-

182 451 344 500 πάροδον
361 451 480 488 αὐτοῖς
502 454 550 487 εἰς
572 458 790 502 μαρτυρίαν·
825 453 990 495 ἐδίδαξας
1013 458 1137 489 τοίνυν
1160 451 1258 499 ἡμᾶς,
1294 458 1313 490 5
1328 454 1397 489 bus
1427 453 1564 489 nullum
1580 463 1674 489 .esse
1698 453 1839 498 penitus
1863 463 2047 488 accessum
2078 453 2146 489 illis
2178 453 2224 489 ad
2244 454 2404 489 testimo-

182 496 231 534 ὥς
252 510 347 533 τινες
377 494 571 543 ὄρθόδοξοι
595 499 827 535 καθεστῶτες
857 500 1053 545 ἀρνοῦνται
1079 498 1258 545 βουλευτι-

181 545 240 586 κῆς
262 543 354 578 εἶναι
378 543 491 587 τύχης,
520 546 579 577 καὶ
602 542 738 591 ἀνάγκη
763 544 963 592 παρελθεῖν
986 545 1034 579 εἰς
1056 548 1259 590 μαρτυρίαν

180 587 263 623 τούς
292 590 345 622 ἐκ·
360 590 422 623 τοῦ
452 592 573 635 γένους
597 593 839 634 συνημμένους
868 587 988 624 αὐτοῖς
1015 586 1038 632 ἢ
1060 594 1120 624 καὶ
1144 588 1258 624 ἄλλως

180 644 259 668 πως
282 635 539 678 ἐπισταμένους
571 632 693 668 αὐτῶν
723 634 790 678 τὴν
812 635 939 678 τύχην·
972 638 1033 668 καὶ
1065 633 1258 682 ἐπειδήπερ

1327 499 1427 534 nium
1446 512 1576 531 nnn
1595 507 1639 533 ex
1654 507 1781 543 genere
1801 501 1864 532 aut
1882 498 1988 533 etiam
2008 499 2111 533 aliter
2130 499 2281 543 quodam
2300 500 2406 535 modo

1328 544 1524 579 scientibus
1544 553 1666 579 eorum
1683 543 1880 579 fortunam:
1907 547 1942 578 et
1958 544 2124 588 quoniam
2143 545 2201 578 lex
2219 545 2406 589 suspendit

1328 599 1437 634 super
1461 588 1668 625 orthodoxis
1691 588 1893 623 testimonia
1916 588 2187 630 haereticorum,
2214 593 2406 634 propterea

1326 634 1462 670 iudices
1494 634 1615 680 pigere
1647 634 1736 669 haec
1767 633 1970 668 admittere:
2009 644 2089 668 cum
2123 634 2245 678 utique
2276 644 2407 669 vanum

179 677 199 713 ὁ
232 676 350 732 νόμος,
374 679 427 724 εἵρ
451 692 482 713 ει
517 677 580 714 τὰς
615 678 676 714 ἐπ’
709 678 919 734 ρρθοδόξοις
952 684 1149 735 μαρτυρίας
1179 681 1258 733 τῶν
1274 683 1313 714 10
1327 683 1488 715 metuant
1510 680 1670 715 timorem
1693 678 1754 724 qui
1778 678 1980 714 huiusmodi
2008 679 2199 723 repudiant
2222 679 2407 732 suscipere

181 723 384 770 αἱρετικων,
444 723 479 758 ιὰ
515 726 623 759 τοῦτο
657 736 739 759 τους
773 723 939 759 δικαστας
973 728 1091 759 οκνεῖν
1124 736 1258 759 ταυτας

180 769 406 814 προςίεσθαι.
449 773 568 803 καίτοι
591 783 632 816 γε
653 767 810 815 μάταιον
833 768 1016 804 δεδοίκασι
1039 767 1116 803 δέος
1138 769 1174 803 οἱ
1195 769 1258 803 τὰς

179 812 350 848 τοιαύτας
368 811 651 860 παραιτούμενοι
672 813 845 858 δέχεσθαι
864 818 1070 860 μαρτυρίας.
1106 815 1257 859 πρῶτον

178 860 249 913 μὲν
268 858 337 906 γὰρ
360 856 452 914 ὑπὲρ
476 857 692 915 ὀριῖοδόξων
713 864 888 914 γίνονται,
913 861 1020 893 τοῦτο
1038 857 1079 893 δὲ
1098 859 1134 893 οἱ
1152 860 1256 903 νόμοι

179 916 354 949 πραττειν
384 916 465 939 τους
501 906 696 959 αιρετικοὺς
732 917 773 939 ου
807 904 1022 939 κωλύουσιν·
1062 907 1189 939 ἔπειτα
1225 905 1256 937 εἰ
1272 906 1311 938 15
1326 904 1373 939 ad
1396 906 1655 947 testimonium,

178 948 260 983 τοὺς
282 947 391 983 ὄντας
412 948 603 992 βουλευτας
626 950 704 984 εἶτα
727 950 815 997 πρὸς
837 952 904 993 τὴν
927 947 1038 992 τύχην
1063 945 1256 983 ἀνανεύον-

178 1005 242 1028 τας
266 992 358 1028 ἕλκει
378 1006 433 1028 τις
457 995 504 1029 εἰς
527 993 661 1039 βουλὴν
691 998 751 1029 καὶ
773 993 855 1029 τοὺς
879 993 1073 1040 αἱρετικοὺς
1098 995 1146 1028 εἰς
1167 1007 1255 1040 μαρ·

178 1043 306 1085 τυρίαν
330 1037 438 1081 καλεῖ,
463 1041 542 1075 πῶς
561 1039 603 1074 οὐ
623 1041 731 1074 τοῦτο
754 1037 843 1084 ὑπὲρ
866 1041 929 1083 τῆς
952 1037 1121 1087 ἡμετέρας
1144 1036 1255 1086 πράτ-

179 1097 232 1118 τει
256 1083 452 1126 πολιτείας;
491 1082 578 1119 dien
602 1084 694 1119 εἶναι
716 1083 784 1127 τὴν
805 1086 874 1129 μὲν
896 1083 1084 1127 πολιτείαν
1114 1084 1182 1128 τὴν
1206 1082 1255 1118 δι·

1326 725 1576 760 testimonium.
1625 724 1782 759 Primum
1813 724 1943 759 etenim
1978 734 2044 768 pro
2076 724 2283 759 orthodoxis
2315 725 2407 759 hunt

1327 770 1410 811 (hoc
1443 775 1561 805 autem
1592 770 1687 815 leges
1718 778 1824 813 agere
1853 769 2052 804 haereticos
2088 779 2159 804 non
2191 769 2405 813 prohibent),

1327 814 1455 850 deinde
1490 816 1521 851 si
1557 815 1747 850 existentes
1783 814 1934 849 curiales
1971 817 2097 849 contra
2131 814 2312 849 fortunam
2349 825 2405 850 re-

1325 860 1504 895 luctantes
1535 860 1646 895 trahit
1678 860 1862 904 quisquam
1893 858 1940 894 ad
1974 859 2108 895 curiam
2140 862 2176 894 et
2207 859 2406 894 haereticos

1689 905 1864 950 quomodo
1895 915 1967 940 non
1995 905 2065 940 hoc
2097 915 2163 949 pro
2187 908 2312 939 nostra
2334 906 2407 948 agit

1327 950 1536 994 republica?
1560 952 1602 985 ut
1618 950 1665 985 sit
1680 950 1884 995 respublica
1898 949 2111 994 litigantium
2128 949 2269 995 quidem
2285 950 2404 984 ortho-

1328 995 1432 1038 doxa,
1457 998 1492 1030 et
1509 996 1661 1030 maxime
1682 1005 1726 1029 ex
1746 1006 1815 1040 quo
1840 1005 1905 1030 nos
1931 995 1964 1030 ei
1989 995 2087 1030 dedit
2109 995 2197 1030 deus
2220 995 2405 1039 imperare,

1328 1039 1388 1084 qui
1413 1043 1531 1075 autem
1556 1050 1664 1084 super
1686 1040 1757 1075 hoc
1780 1043 1969 1080 testantur,
2002 1051 2067 1085 pro
2093 1039 2299 1075 orthodoxis
2323 1049 2405 1084 per-

1326 1084 1474 1119 hibeant
1494 1085 1745 1120 testimonium.
1795 1085 2024 1121 Conversatio
2050 1085 2142 1120 enim
2162 1089 2287 1120 nostra
2306 1087 2406 1120 recta

178 1130 380 1184 καζομένην
403 1127 686 1176 ὄρθοδοξοῦσαν,
709 1132 769 1163 καὶ
792 1127 950 1173 μάλιστα
974 1130 1013 1170 ἐξ
1035 1129 1146 1178 οὗπερ
1170 1127 1257 1183 ἡμᾶς
1269 1130 1312 1163 20
1326 1133 1382 1164 est
1406 1132 1442 1164 et
1464 1130 1534 1164 iam
1565 1130 1671 1174 plena
1703 1130 1903 1166 orthodoxa
1934 1131 2020 1175 fide,
2053 1131 2149 1166 omni
2172 1130 2244 1165 alia
2267 1131 2407 1166 haeresi

179 1185 286 1217 αυτης
305 1171 463 1208 δέδωκεν
482 1174 502 1209 ὁ
519 1173 606 1209 θεὸς
623 1172 839 1219 βασιλεύειν,
863 1173 945 1208 τούς
966 1172 1005 1208 δὲ
1020 1172 1110 1221 ὑπὲρ
1127 1187 1256 1209 τουτου

177 1221 446 1266 μαρτυροῦντας
467 1217 558 1265 ὑπὲρ
582 1217 799 1264 ὀρθοδόξων
830 1219 1018 1255 ποιεῖσθαι
1042 1224 1254 1267 μαρτυρίαν.

178 1263 221 1298 τὸ
241 1262 311 1309 γὰρ
334 1262 530 1308 πολίτευμα
552 1264 594 1298 τὸ
612 1261 783 1311 ἡμέτερον
805 1262 924 1311 ὀρθόν
946 1267 989 1299 τέ
1010 1267 1087 1299 ἐστι
1107 1269 1168 1299 καὶ
1188 1263 1255 1308 ἤδη

177 1307 311 1363 μεσιτὸν
333 1309 395 1351 τῆς
412 1305 613 1355 ὄρθοδόξου
637 1314 802 1352 πίστεως,
827 1309 943 1352 πάσης
964 1310 1133 1354 αἱρέσεως
1151 1309 1256 1354 ἄλλης

177 1354 322 1387 &inorme
343 1357 590 1399 μεμισημένης.

220 1394 508 1445 <Ἐπίλογος.>
563 1403 637 1433 Καὶ
670 1400 778 1434 τοῦτο
813 1404 938 1434 τοίνυν
972 1398 994 1443 ἦ
1024 1399 1069 1444 σὴ
1103 1397 1257 1445 ὑπεροχὴ

176 1442 490 1490 παραφυλαττέτω
535 1442 601 1479 τόν
631 1459 672 1479 τε
703 1442 874 1492 ἡμέτερον
908 1444 1136 1492 γινώσκουσα
1170 1447 1256 1480 νοῦν

175 1492 235 1522 καὶ
266 1489 309 1524 τὸ
339 1490 389 1568 τᾷ
410 1489 574 1534 πολιτείᾳ
603 1494 784 1546 συμφέρον
813 1489 1063 1535 μνηστεύουσα
1095 1494 1154 1525 καὶ
1179 1493 1255 1526 ἐπι-

175 1537 333 1579 σταμένη
390 1534 426 1569 ιὰ
457 1533 619 1579 πάντων,
652 1548 700 1570 ως
729 1538 846 1571 ἐκεῖνα
877 1534 962 1580 ἡμῖν
991 1540 1050 1570 καὶ
1080 1533 1255 1590 πράττειν

1324 1175 1452 1210 merito
1478 1175 1673 1210 constituta
1702 1176 1768 1210 sub
1792 1175 1886 1212 o'dio.

1371 1401 1643 1447 (Epilogus.)
1687 1402 1737 1436 Et
1759 1402 1830 1437 hoc
1852 1401 1961 1445 igitur
1983 1404 2048 1436 tua
2071 1402 2263 1437 eminentia
2286 1404 2405 1437 custo-

1327 1446 1402 1481 diat
1419 1450 1580 1482 nostram
1599 1457 1818 1492 cognoscens
1838 1450 1990 1482 mentem
2013 1449 2050 1481 et
2073 1447 2168 1491 quod
2188 1447 2407 1491 reipublicae

1326 1492 1470 1536 expedit
1494 1502 1775 1528 commemorans
1800 1494 1837 1527 et
1860 1492 1978 1527 sciens
2002 1501 2067 1536 per
2085 1492 2219 1533 omnia,
2245 1492 2328 1536 quia
2346 1493 2408 1527 illa

1325 1537 1429 1573 nobis
1466 1541 1502 1573 et
1535 1548 1641 1582 agere
1679 1542 1716 1573 et
1752 1537 1893 1573 sancire
1927 1537 2037 1572 studii
2073 1542 2129 1572 est
2164 1547 2407 1583 quaecumque

175 1581 235 1612 καὶ
265 1580 481 1624 νομοθετεῖν
512 1579 796 1616 διεσπούδασται
831 1579 952 1617 ὁπόσα
984 1581 1051 1626 τὴν
1081 1585 1257 1628 ημετέραν
1271 1583 1314 1616 30
1326 1587 1473 1618 nostrae
1495 1584 1636 1628 prosint
1658 1583 1889 1629 reipublicae.

176 1622 308 1670 ὠφελεῖ
329 1623 526 1660 πολιτείαν.

174 1670 401 1751 amssatfixv.
432 1671 470 1706 k.
496 1671 594 1717 Sept.
626 1670 697 1708 GP.
729 1675 812 1717 post
844 1683 942 1709 cons.
966 1671 1132 1708 Belisarii
1162 1683 1194 1708 v.
1220 1682 1250 1707 c.

1366 1673 1450 1708 Dat.
1465 1673 1537 1707 kal.
1553 1673 1650 1718 Sept.
1667 1673 1736 1709 ΟΡ.
1749 1674 1834 1719 imp.
1848 1673 2039 1709 Iustiniani
2053 1684 2115 1718 pp.
2129 1674 2221 1718 Aug.
2235 1683 2329 1709 anno
2342 1673 2405 1708 XI.

1213 1719 1259 1761 [a.
1275 1721 1352 1760 537]
1415 1729 1450 1763 p.
1467 1728 1497 1753 c.
1511 1719 1675 1754 Belisarii
1698 1730 1730 1754 v.
1745 1729 1776 1754 c.

177 1827 266 1863 ticus
288 1828 337 1863 sit
358 1831 395 1864 et
414 1828 655 1872 orthodoxus,
680 1835 810 1866 contra
833 1830 1037 1866 haereticos
1061 1829 1203 1876 quidem
1226 1831 1350 1876 utique
1373 1831 1613 1866 testimonium
1630 1829 1751 1867 dicere
1768 1831 1917 1878 possint
1927 1842 2004 1878 pro
2024 1830 2253 1873 orthodoxis,
2278 1835 2407 1866 contra

175 1871 406 1909 orthodoxos
429 1879 548 1910 autem
570 1885 645 1910 non
666 1875 749 1910 item
756 1887 771 1917 ;
807 1875 1027 1911 orthodoxis
1049 1885 1133 1911 vero
1158 1874 1387 1921 litiqantibus
1409 1875 1532 1911 nullus
1556 1876 1703 1911 omnino
1727 1876 1774 1911 iis
1797 1876 1917 1911 aditus
1939 1876 1989 1912 sit
2011 1876 2062 1911 ad
2085 1876 2324 1912 testimonium
2342 1889 2407 1911 —:

174 1918 247 1952 iam
269 1917 425 1954 docuisti
452 1930 519 1955 nos
550 1919 778 1956 orthodoxos
807 1921 983 1966 quosdam
1012 1931 1147 1967 neqare
1177 1931 1216 1956 se
1247 1920 1398 1956 curialis
1430 1931 1507 1957 esse
1536 1920 1778 1964 condicionis,
1814 1927 1924 1967 atque
1955 1932 2101 1957 necesse
2130 1932 2208 1957 esse
2237 1924 2279 1956 ut
2301 1924 2407 1958 testes

175 1962 454 1999 introducantur
485 1964 548 2010 qui
570 1976 620 2001 ex
642 1977 774 2011 qenere
802 1967 848 2001 iis
871 1965 1055 2001 coniuncti
1077 1969 1164 2001 sunt
1194 1965 1251 2001 vel
1273 1966 1381 2000 etiam
1413 1966 1486 2001 alio
1518 1977 1591 2012 quo
1623 1966 1731 2002 modo
1764 1970 1987 2013 compertam
2010 1966 2144 2002 habent
2173 1977 2298 2001 eorum
2322 1977 2405 2002 con-

175 2007 372 2050 dicionem,·
407 2012 443 2044 et
465 2010 637 2056 quoniam
669 2011 732 2046 lex
755 2010 1019 2046 baereticorum
1050 2011 1254 2046 testimonia
1285 2012 1330 2046 de
1355 2010 1576 2047 orthodoxis
1597 2011 1800 2057 prohibeat,
1827 2016 2033 2064 propterea
2066 2011 2202 2048 iudices
2226 2011 2406 2047 haesitare

173 2064 217 2088 ea
245 2053 441 2090 admittere.

174 2109 269 2150 mum
292 2099 434 2144 quidem
451 2111 527 2146 pro
552 2106 611 2136 ort

494 2053 609 2098 Quam
636 2067 720 2090 uam
751 2067 882 2092 vanum
912 2055 1045 2091 habent
1073 2060 1204 2091 metum
1234 2057 1297 2102 qui
1329 2056 1506 2091 eiusmodi
1537 2057 1741 2092 testimonia
1773 2067 1939 2103 accipere
1962 2061 2142 2092 recusant.

611 2066 769 2137 Zodooeis
789 2102 975 2146 seruntur,
1005 2101 1073 2136 hoc
1098 2106 1216 2136 autem
1241 2101 1340 2147 leqes
1364 2100 1565 2137 haereticos
1594 2102 1723 2147 facere
1746 2113 1821 2137 non
1844 2105 1986 2144 vetant;
2024 2101 2154 2137 deinde
2183 2101 2215 2137 si
2239 2112 2322 2147 quis
2343 2114 2406 2138 eos

2204 2056 2303 2108 Nam
2325 2058 2406 2103 pri-

174 2154 236 2189 qut
260 2144 416 2179 curiales
438 2149 525 2180 sunt
545 2149 654 2191 atque
677 2146 924 2182 condicionem
947 2157 1051 2180 suam
1074 2145 1286 2192 detrectant,
1310 2146 1350 2180 in
1372 2147 1512 2181 curiam
1527 2146 1660 2193 ‘trabat
1682 2151 1718 2181 et
1737 2146 1937 2182 haereticos
1959 2146 2010 2182 ad
2034 2147 2274 2182 testimonium
2293 2152 2404 2188 vocet,

174 2188 262 2234 quin
293 2188 363 2224 lzoc
387 2200 462 2235 pro
493 2194 620 2225 nostra
651 2191 731 2237 aqit
761 2191 974 2237 republica?
1009 2194 1051 2226 ut
1080 2190 1285 2236 respublica
1315 2190 1365 2225 sit
1396 2202 1491 2236 quae
1523 2190 1640 2236 litiqet
1670 2190 1899 2234 orthodoxa,
1929 2191 2039 2237 idque
2068 2192 2227 2227 maxime
2258 2203 2309 2228 ex
2331 2203 2404 2238 quo

174 2232 279 2268 nobis
308 2234 499 2279 imperium
527 2235 606 2270 eius
636 2235 724 2270 deus
753 2235 864 2277 dedit,
888 2246 1009 2280 porro
1046 2236 1109 2280 qui
1140 2245 1183 2270 eo
1215 2235 1359 2270 nomine
1393 2240 1499 2270 testes
1521 2239 1617 2277 sunt,
1641 2246 1718 2281 pro
1750 2235 1969 2271 orthodoxis
2000 2237 2240 2272 testimonium
2269 2236 2402 2272 dicant.

174 2276 336 2312 Nostrae
363 2278 457 2313 enim
487 2279 707 2325 reipublicae
735 2284 854 2315 status
885 2284 1005 2314 rectus
1035 2284 1090 2314 est
1117 2283 1152 2314 et
1175 2279 1247 2313 iam
1270 2279 1408 2325 plenus
1439 2279 1673 2315 orthodoxae
1701 2280 1789 2325 fidei
1821 2284 1857 2315 et
1887 2281 1951 2326 qui
1973 2281 2100 2316 merito
2131 2292 2270 2317 omnem
2292 2282 2403 2316 aliam

176 2322 343 2356 haeresin
366 2322 451 2357 odio
477 2323 615 2358 habeat.

312 2365 351 2401 E
348 2367 405 2418 pt]
412 2366 426 2401 l
433 2377 454 2402 ο

498 2379 557 2402 us.
612 2367 744 2414 Itaque
774 2367 843 2404 hoc
873 2379 1017 2414 quoque
1047 2371 1110 2403 tua
1138 2368 1340 2404 sublimitas
1371 2367 1563 2411 custodiat,

1624 2380 1693 2405 uae
1720 2369 1862 2416 quidem
1892 2373 1929 2405 et
1957 2377 2121 2405 nostrum
2157 2371 2299 2406 noverit
2326 2371 2403 2405 ani-

175 2421 270 2446 mum
293 2415 330 2446 et
351 2378 571 2457 retpubqlicae
592 2414 744 2448 salutem
766 2417 923 2448 sectetur
953 2419 989 2447 et
1004 2423 1078 2458 per
1101 2413 1221 2447 omnia
1255 2417 1376 2448 teneat
1397 2424 1466 2448 nos
1493 2417 1535 2448 ut
1562 2413 1590 2448 il
1604 2426 1628 2449 a
1658 2417 1695 2450 et
1718 2425 1907 2460 aqeremus
1937 2419 1973 2450 et
1999 2414 2222 2451 sanciremus
2253 2426 2402 2462 operam

176 2456 327 2497 dedisse,
353 2467 598 2504 quaecumque
620 2456 842 2504 reipublicae
864 2462 1013 2492 nostrae
1037 2457 1229 2492 utilitatem
1254 2457 1440 2503 afferrent.

222 2573 243 2605 2
256 2573 448 2616 μαρτυρεῖν
457 2571 521 2610 [ις]
541 2569 734 2618 μαρτύρων
745 2573 792 2606 Μ
802 2572 814 2616 11
832 2574 852 2606 3
865 2570 957 2605 κατὰ
970 2569 1009 2604 δὲ
1022 2572 1079 2612 Μ]
1099 2569 1139 2605 δὲ
1151 2585 1209 2606 om.
1218 2573 1251 2606 L

177 2617 234 2659 (cll
247 2617 294 2649 ad
305 2618 337 2657 ς)
366 2616 379 2659 11
413 2619 432 2649 5
459 2611 624 2653 ἐδίδαξας
634 2636 678 2641 -
692 2619 710 2650 7
724 2620 925 2662 μαρτυρίαν
937 2625 967 2650 et
979 2618 998 2651 8
1012 2618 1252 2659 συνημμένους

177 2657 295 2694 αὐτοῖς
310 2673 372 2694 non
393 2662 550 2694 habentur
564 2662 598 2693 in
617 2673 636 2698 ς
650 2660 664 2706 11
689 2664 709 2695 9
727 2658 860 2702 αὐτῶν]
886 2658 1003 2695 αύτοῖς
1018 2663 1068 2695 L⁰
1086 2662 1099 2704 H
1126 2665 1165 2696 10
1183 2661 1249 2707 εἴρ-

175 2717 230 2751 γει
243 2707 300 2746 Μ]
314 2705 421 2759 εἴργει
434 2706 466 2738 L
482 2704 495 2748 H
514 2707 552 2738 11
569 2705 701 2740 ταύτας
715 2707 772 2747 Μ]
791 2707 908 2739 ταῦτα
921 2708 973 2742 Le
990 2706 1002 2750 H
1022 2708 1062 2740 12
1075 2719 1115 2752 γε
1128 2708 1227 2740 om.L
1240 2706 1251 2751 H

176 2749 238 2783 τὰς
260 2761 429 2784 τοιαυτας
451 2769 496 2775 -
522 2751 563 2784 13
585 2754 792 2798 μαρτυρίας]
824 2752 1014 2784 huiusmodi
1036 2771 1081 2776 —-
1105 2752 1248 2784 testimo-

176 2796 303 2832 niums'
318 2795 330 2839 H
359 2798 398 2830 15
419 2795 460 2836 εἶ]
481 2795 589 2828 εἰςΜ
606 2796 618 2839 11
647 2799 687 2830 16
706 2796 783 2830 εἶτα
807 2810 865 2830 om.
880 2809 898 2833 ς
914 2798 925 2839 H
948 2799 986 2831 18
1003 2794 1113 2837 καλεῖ]
1139 2809 1246 2829 κωκυ

177 2841 239 2881 L0,
254 2853 311 2874 om.
326 2852 345 2876 ς
372 2840 384 2884 11
416 2843 456 2875 19
479 2838 547 2882 τὴν
570 2838 817 2895 δικαζομένην]
843 2842 1048 2882 litigantium
1074 2843 1107 2883 (i.
1126 2854 1151 2875 e.
1173 2842 1249 2875 τῶν

177 2882 435 2927 δικαζομένων)
461 2897 480 2922 ς
503 2885 515 2929 11
542 2888 585 2919 20
608 2882 812 2932 ὀρθοδοξον
835 2880 946 2919 οὖσαν
970 2888 1001 2920 L
1024 2886 1036 2929 H
1066 2888 1108 2920 23
1133 2882 1250 2930 ὀρθόν

176 2932 227 2971 τε]
253 2927 457 2975 ὄρθ’όδοξόν
475 2943 516 2964 τε
535 2931 722 2965 Zachariae
739 2931 752 2975 H
775 2933 818 2965 24
837 2929 972 2975 μεστὸν
987 2932 1058 2972 Μς]
1081 2931 1172 2974 μετὰ
1187 2933 1216 2965 L
1239 2932 1250 2975 H

178 2977 220 3009 26
246 2976 321 3018 epil.
342 2988 400 3008 om.
413 2976 446 3009 L
468 2977 480 3018 H
507 2977 548 3009 27
564 2976 651 3009 νοῦν
671 2979 701 3017 ς]
726 2974 837 3019 νόμον
850 2978 895 3010 Μ
906 2976 918 3019 11
936 2978 978 3011 28
990 2975 1246 3020 μνηστεύουσα]

177 3030 434 3052 commemorans
450 3021 484 3061 (i.
500 3034 525 3054 e.
538 3019 821 3064 μνημονεύουσα)
835 3033 855 3057 ς’
877 3021 890 3064 11
913 3022 955 3055 32
975 3032 1034 3053 xv.
1050 3023 1081 3053 k.
1096 3025 1175 3064 sept.
1190 3023 1234 3055 M
1239 3024 1248 3062 1

177 3064 244 3095 kal.
265 3065 355 3107 Sept.
377 3076 397 3100 ς
415 3065 710 3100 Iulian.‹¹>1>w›Ath.
739 3069 826 3109 μηνὶ
846 3069 1075 3110 σεπτεμβρίῳ
1097 3067 1214 3100 Theod.
1239 3067 1250 3111 H

179 3108 246 3140 GP.
261 3109 319 3148 Μ]
345 3110 546 3142 constantin.
560 3111 748 3153 imperator.
768 3112 843 3143 inst.
857 3121 912 3153 pp.
926 3122 1001 3152 aug.
1018 3121 1106 3143 anno
1120 3111 1172 3143 XI
1197 3123 1216 3148 ς
1239 3120 1249 3154 H

177 3154 252 3195 post
267 3163 355 3184 cons.
373 3153 528 3187 Belisarii
550 3165 580 3187 V.
599 3166 625 3187 c.
642 3166 731 3188 anno
750 3157 787 3188 ΙΙ
811 3157 944 3195 Βίεηεν,
971 3157 1059 3197 quod
1081 3157 1250 3197 confirmat

178 3199 254 3231 Aila.
278 3195 369 3240 μετὰ
392 3196 459 3239 τὴν
481 3195 659 3233 ὑπατείαν
678 3199 889 3244 Βελισαρίου
913 3198 955 3234 τὸ
975 3197 1152 3243 δεύτερον]
1176 3206 1249 3243 post

177 3242 328 3274 bilisario
352 3253 403 3275 uc.
430 3253 532 3276 conss.
559 3245 601 3277 M
631 3256 664 3287 p.
688 3256 715 3277 c.
741 3245 893 3278 Belisarii
918 3256 947 3277 v.
968 3256 995 3278 c.
1021 3256 1040 3281 ς
1068 3244 1158 3287 μετὰ
1181 3244 1249 3286 τὴν

176 3283 357 3320 ὑπατείαν
372 3286 580 3333 Βελισαρίου
595 3290 714 3322 Theod.
739 3302 770 3333 p.
790 3301 818 3323 o.
838 3290 985 3323 belisarii
1002 3290 1111 3324 Iul.(¹')
1137 3302 1246 3334 consp.

177 3331 329 3365 uilisario
352 3331 435 3366 Iul!
470 3333 621 3366 bilisario
644 3335 732 3368 Iul.¹⁶

1367 2576 1383 2608 1
1411 2583 1523 2606 sursus
1546 2573 1580 2606 R
1609 2572 1622 2617 H
1650 2575 1669 2608 3
1694 2575 1804 2607 autem
1823 2574 1870 2615 R]
1894 2586 1952 2607 om.
1974 2574 2010 2607 V
2031 2573 2044 2617 H
2072 2576 2094 2608 4
2118 2577 2261 2617 quoque]
2285 2579 2396 2609 autem

1318 2619 1372 2652 Ra
1387 2618 1400 2662 H
1426 2621 1446 2652 5
1466 2618 1508 2651 ad
1524 2619 1676 2660 TNeob.]
1701 2621 1740 2651 ut
1763 2619 1805 2652 ad
1819 2619 1864 2660 R,
1878 2631 1936 2652 om.
1954 2619 1990 2652 V
2004 2617 2017 2663 H
2041 2621 2061 2654 6
2074 2621 2194 2653 hiatum
2208 2633 2271 2653 non
2283 2628 2396 2655 notant

1321 2664 1399 2697 libri
1412 2663 1425 2708 H
1457 2674 1495 2696 ex
1518 2665 1648 2705 genere]
1674 2665 1804 2706 exigere
1829 2664 1863 2696 R
1888 2662 1901 2708 H
1930 2673 1951 2706 q
1974 2663 2048 2696 dam
2076 2664 2140 2708 RH
2164 2665 2270 2698 modis
2291 2665 2396 2711 RVH

1320 2710 1340 2742 8
1355 2708 1489 2741 testinia
1502 2707 1551 2741 R¹
1576 2708 1589 2751 H
1617 2710 1637 2742 9
1656 2708 1777 2751 *pigre
1794 2709 1874 2741 haec
1893 2709 1926 2741 R
1948 2709 2108 2751 pinguius
2122 2710 2204 2743 haec
2215 2711 2318 2744 Neob.
2344 2712 2393 2753 pi-

1318 2754 1428 2794 guisse
1452 2754 1532 2785 haec
1555 2754 1651 2797 vulq„
1676 2767 1734 2787 om.
1756 2755 1790 2787 V
1802 2756 1835 2788 in
1851 2755 1959 2797 spatio
1971 2767 2073 2788 vacuo
2085 2767 2135 2788 ca.
2150 2757 2169 2788 7
2185 2756 2243 2789 litt.
2268 2754 2280 2799 H
2306 2758 2393 2797 cum]

1320 2808 1393 2831 eum
1408 2799 1439 2831 R
1457 2798 1469 2841 H
1493 2800 1627 2838 vanum]
1652 2809 1758 2831 unum
1775 2799 1809 2831 R
1832 2809 1933 2831 unam
1954 2798 2008 2842 VH
2036 2801 2076 2833 10
2100 2800 2219 2833 timore
2239 2800 2297 2843 VH
2321 2802 2391 2842 qui]

1319 2843 1407 2885 quod
1427 2842 1483 2886 VH
1511 2845 1549 2876 11
1574 2844 1718 2885 primum
1743 2844 1865 2876 etenim
1887 2855 1948 2886 pro
1971 2843 2017 2887 or!
2038 2845 2114 2878 Vin
2125 2858 2194 2878 ras.
2219 2845 2231 2888 H
2261 2847 2302 2879 14
2325 2849 2393 2878 tra—

1318 2888 1371 2920 his
1391 2886 1452 2931 VH
1482 2888 1620 2929 quisque
1640 2889 1672 2921 R
1695 2887 1708 2932 H
1741 2891 1781 2923 15
1804 2888 2040 2930 testimonium]
2064 2892 2159 2922 vocat
2180 2892 2258 2923 add.
2271 2892 2356 2934 cuiq.
2382 2890 2394 2935 H

1319 2934 1399 2972 non]
1423 2933 1460 2964 in
1484 2933 1560 2965 RV
1578 2933 1589 2975 H
1619 2934 1659 2966 17
1685 2944 1723 2966 ex
1747 2936 1824 2975 quo]
1850 2935 1882 2966 et
1906 2934 1994 2975 quod
2015 2935 2050 2968 V
2066 2935 2199 2976 quodR
2225 2934 2238 2979 H
2265 2935 2393 2968 dederit

1318 2978 1352 3010 R
1371 2976 1383 3020 H
1408 2978 1448 3010 18
1466 2977 1541 3018 quis
1553 2977 1650 3021 RVH
1668 2978 1803 3011 testanti
1826 2979 1859 3011 V
1874 2979 2071 3012 testantibus
2093 2980 2127 3013 R
2145 2979 2157 3023 H
2171 2990 2233 3022 pro
2254 2993 2311 3014 om.
2327 2981 2358 3013 R
2380 2980 2393 3023 H

1320 3024 1362 3056 26
1386 3022 1534 3054 custodia
1558 3022 1602 3060 R,
1627 3034 1711 3055 corr.
1726 3023 1775 3056 R³
1802 3022 1814 3067 H
1845 3025 1887 3057 28
1913 3024 2080 3066 expedidit
2100 3025 2135 3058 V
2159 3024 2171 3067 H
2200 3026 2243 3058 30
2265 3026 2392 3068 possint

1319 3069 1415 3107 (corr.
1430 3066 1493 3106 12³)
1517 3066 1615 3109 RVH
1641 3069 1682 3101 32
1696 3070 1816 3102 subscr.
1841 3068 1907 3100 dat.
1932 3069 1976 3101 kl.
2001 3071 2081 3111 sept.
2105 3071 2305 3102 constantin.
2329 3070 2390 3102 im—

1319 3114 1460 3155 perator.
1477 3112 1554 3143 iust.
1572 3122 1626 3154 pp.
1646 3123 1720 3154 aug.
1739 3123 1826 3145 anno
1843 3112 1894 3145 XI
1919 3124 1950 3156 p.
1970 3124 1997 3146 c.
2023 3124 2110 3147 cons.
2135 3114 2300 3147 bilisiario
2324 3116 2389 3148 uio.

1319 3168 1407 3192 cons.
1429 3157 1467 3198 V,
1488 3169 1546 3189 om.
1563 3164 1633 3190 cett.
