2580 4022
1316 135 1399 182 698

235 253 305 296 εἴη,
335 252 401 286 τὸν
432 250 655 306 προςήκοντα
685 248 945 295 σωφρονισμὸν
969 245 1189 291 ὑπομενέτω.
1238 247 1269 280 εἰ
1293 245 1335 280 δέ
1355 258 1408 281 τις
1431 247 1502 291 πρὸ
1529 246 1720 287 ἐξετάσεως
1740 249 1808 283 τὸν
1832 250 2129 295 κατηγορηθέντα
2152 249 2413 295 χειροτονήσει,
2437 246 2460 284 δ’

234 311 273 331 τε
294 306 543 342 χειροτονησας
565 297 624 328 καὶ
649 291 669 328 ὁ
692 293 958 339 χειροτονηθεὶς
980 292 1043 335 τῆς
1067 290 1261 337 ἱερωσύνης
1285 291 1518 332 ἐξωθείσθω.

1228 380 1384 416 CAPUT
1407 380 1470 417 IV.

363 435 509 482 Ἐπειδὴ
542 437 582 473 δὲ
603 438 647 472 τὸ
679 440 753 472 τοῖς
775 436 927 472 κανόσιν
951 438 1136 483 εἰρημένον
1160 441 1242 481 περὶ
1266 438 1343 471 τῶν
1367 435 1535 471 συνόδων
1557 438 1634 472 τῶν
1658 436 1877 472 ὁσιωτάτων
1902 438 2112 474 ἐπισκόπων
2135 440 2213 473 τῶν
2237 435 2459 484 όφειλουσῶν

232 481 326 519 καθ’
352 484 508 526 ἑκάστην
539 486 715 530 ἐπαρχίαν
727 483 909 538 ιγίνεσθαι
932 486 1034 527 μέχρι
1055 483 1116 517 τοῦ
1142 483 1210 517 νῦν
1236 496 1253 513 ve
1270 496 1286 513 ε
1305 496 1321 513 σε
1339 496 1356 513 ε
1373 496 1389 513 ι
1414 482 1464 526 μὴ
1489 495 1588 526 παρα
1618 481 1779 525 υλαχθὲν
1802 484 1880 517 τῶν
1902 481 2200 529 ἀναγκαιοτάτων
2224 480 2324 517 ἐστ’ὶν
2348 484 2458 516 ἐπαν-

234 529 412 572 ορθῶσαι.
460 529 495 563 οἱ
523 531 591 573 μὲν
623 532 689 562 οὐν
720 541 817 575 αγιοι
847 524 1045 562 ἀπόστολοι
1075 530 1135 561 καὶ
1165 526 1202 561 οἱ
1231 529 1381 572 πατέρες
1411 524 1550 572 ὥρισαν
1582 496 1750 574 δεύτερον
1785 529 1883 562 ἔτους
1916 528 2065 563 ἑκάστου
2093 529 2265 575 γίνεσθαι
2289 525 2460 562 συνόδους

232 575 308 608 τῶν
331 573 549 608 ὁσιωτάτων
574 573 699 616 ἱερέων
722 572 803 616 ἤτοι
828 571 1042 607 ἐπισκόπων
1067 574 1105 606 ἐν
1130 569 1263 619 ἑκάστῃ
1288 573 1451 616 ἐπαρχίᾳ,
1477 576 1536 605 καὶ
1559 573 1606 606 τὰ
1631 569 1868 618 ἀναφυόμενα
1892 572 2144 616 ἐξετάζεσθαι,
2169 577 2228 606 καὶ
2249 574 2311 615 τῆς
2334 583 2458 616 προςη-

231 616 358 661 κούσης
382 616 578 659 ἀξιοῦσθαι
602 617 846 661 διορθώσεως,
870 620 1034 652 τουτέστι
1057 621 1147 662 μίαν
1169 619 1236 661 μὲν
1259 619 1303 663 τῇ
1326 618 1481 664 τετάρτῃ
1506 615 1682 662 ἑβδομάδι
1705 618 1767 660 τῆς
1791 615 1893 664 οἱγιάς
1914 621 2168 662 πεντηκοστῆς,
2192 618 2261 661 τὴν
2285 616 2325 651 δὲ
2348 616 2459 659 ἄλλην

232 664 324 698 κατὰ
355 664 424 697 τὸν
445 662 664 709 Ὀκτώβριον
694 664 805 708 μῆναῖ
853 660 951 707 ἡμεῖς
983 661 1022 696 δὲ
1051 660 1235 707 εὑρόντες,
1265 663 1313 696 ώς
1343 664 1381 695 ἐκ
1411 663 1474 704 τῆς
1497 663 1663 705 τοιαύτης
1686 659 1847 706 ἀμελείας
1871 661 1997 697 πολλοὶ
2021 661 2206 710 διαφόροις
2229 660 2460 718 ἁμαρτήμασι

232 708 539 754 περιεβλήθησαν,
570 707 758 751 κελεύομεν
790 709 882 743 πᾶσι
913 707 1061 752 τρόποις
1091 710 1181 751 μίαν
1203 705 1356 741 σύνοδον
1378 707 1551 753 γίνεσθαι
1575 704 1668 741 καθ’
1695 709 1848 741 ἕκαστον
1870 711 1948 742 ἔτος
1972 710 2011 742 ἑν
2032 709 2162 754 ἑκάστῃ
2184 709 2337 753 ἐπαρχίᾳ
2359 721 2380 749 η
2404 707 2458 750 τῷ

229 752 363 797 Ἰουνίῳ
395 751 418 797 ἢ
449 756 502 797 τῷ
526 756 765 798 Σεπτεμβρίῳ
797 756 901 797 μηνί,
931 756 991 786 καὶ
1019 755 1178 786 συνιέναι
1209 751 1308 798 παρὰ
1330 753 1398 794 μὲν
1420 755 1494 786 τοῖς
1516 752 1806 797 μακαριωτάτοις
1829 752 2065 798 πατριάρχαις
2088 755 2239 786 ἐκείνους
2261 751 2343 786 τοὺς
2366 748 2455 795 παρ’

232 796 356 832 αὐτῶν
382 801 451 843 μὲν
480 802 809 844 χειροτονουμένους
836 797 885 842 μὴ
917 801 1064 840 ἔχοντας
1088 795 1127 831 δὲ
1151 795 1291 831 δίκαιον
1315 796 1437 831 ἅλλους
1461 797 1678 831 ἐπισκόπους
1701 801 1930 844 χειροτονεῖν,
1964 798 2064 843 παρὰ
2089 796 2128 832 δὲ
2151 800 2223 832 τοῖς
2246 796 2460 831 ὁσιωτάτοις

229 843 511 890 μητροπολίταις
542 842 692 887 ἑκάστης
725 845 895 888 ἐπαρχίας
924 844 1005 876 τοὺς
1036 839 1096 877 ὑπ’
1125 839 1248 876 αὐτῶν
1278 846 1617 889 χειροτονουμένους,
1643 840 1696 886 ἐφ’
1720 842 1750 884 ᾧ
1783 842 1846 877 τὰς
1872 846 2081 887 κινουμένας
2106 843 2220 876 αἰτίας
2243 838 2265 884 ἢ
2288 841 2335 876 τὰ
2360 839 2459 886 παρά

230 902 345 922 τινων
365 886 697 935 προςαγγελλόμενα
722 886 744 931 ἢ
768 887 948 933 προφάσει
971 891 1127 922 πίστεως
1148 885 1171 930 ἢ
1194 889 1398 921 κανονικιῦν
1419 886 1604 930 ζητήσεων
1623 885 1645 930 ἢ
1670 885 1876 930 διοικήσεως
1898 888 2204 931 ἐκκλησιαστικῶν
2233 887 2460 933 πραγμάτων

231 932 255 976 ἢ
285 936 365 979 περὶ
398 934 611 969 ἐπισκόπων
641 932 665 976 ἢ
691 935 947 978 πρεσβυτέρων
977 929 1000 975 ἢ
1033 931 1218 966 διακόνων
1250 929 1273 975 ἢ
1304 931 1426 966 ἄλλων
1457 931 1635 977 κληρικῶν
1661 930 1684 975 ἢ
1715 936 1796 977 περὶ
1822 930 2032 978 ἡγουμένων
2062 930 2085 975 ἢ
2116 933 2298 977 μοναχῶν,
2330 927 2352 974 ἢ
2377 933 2460 976 περὶ

231 981 525 1024 κατεγνωσμένου
549 982 630 1023 βίου
655 975 678 1021 ἢ
702 981 762 1012 καὶ
786 976 909 1011 ἄλλων
931 978 1046 1012 τινῶν
1071 976 1253 1021 δεομένων
1277 977 1570 1022 ἐπανορθώσεως
1593 977 1780 1011 κινεῖσθαί
1801 990 1840 1011 τε
1863 981 1922 1011 καὶ
1947 977 2196 1022 προςηκόντως
2211 975 2458 1018 ἐξετάζεσθαι,

231 1026 291 1056 καὶ
314 1023 384 1066 τὴν
407 1021 462 1058 ἐπ’
491 1021 609 1058 αὐτοῖς
633 1022 840 1069 διόρθωσιν
864 1025 1029 1068 προϊέναι
1052 1026 1127 1056 τοῖς
1151 1023 1266 1056 θείοις
1289 1021 1419 1056 κανόσι
1438 1025 1498 1056 καὶ
1521 1025 1594 1057 τοῖς
1618 1020 1800 1066 ἡμετέροις
1823 1023 1946 1067 νόμοις
1969 1026 2248 1067 συμβαίνουσαν.

367 1169 429 1212 Μὴ
459 1167 576 1213 μόνον
605 1166 645 1202 δὲ
674 1169 713 1203 ἐν
740 1171 817 1202 ταῖς
841 1165 934 1202 καθ’
961 1169 1115 1202 ἕκαστον
1139 1169 1216 1202 ἔτος
1240 1169 1491 1212 γενησομέναις
1515 1165 1679 1202 συνόδοις
1702 1169 1819 1202 ταῦτα
1844 1168 2046 1211 ζητεῖσθαι,
2070 1164 2161 1200 ἀλλὰ
2185 1170 2245 1201 καὶ
2269 1163 2392 1200 ὁσάκις
2415 1163 2460 1199 ἄν

231 1225 325 1249 τινες
354 1214 637 1260 κατηγορηθεῖεν
667 1214 746 1248 τῶν
778 1213 903 1259 ἱερέων
933 1211 956 1257 ἢ
985 1212 1164 1258 κληρικῶν
1195 1209 1217 1256 ἢ
1247 1211 1457 1259 ἡγουμένων
1487 1210 1510 1255 ἢ
1533 1214 1704 1257 μοναχῶν
1729 1210 1750 1256 ἢ
1773 1217 1854 1258 περὶ
1876 1216 2032 1247 πίστεως
2055 1208 2076 1255 ἢ
2102 1214 2184 1257 περὶ
2208 1212 2353 1256 αἰσχροῦ
2377 1214 2459 1254 βίου

231 1256 253 1302 ἢ
277 1256 326 1293 οἷς
349 1260 450 1303 παρὰ
474 1258 557 1293 τοὺς
579 1259 701 1292 θείους
725 1259 881 1293 κανόνας
903 1271 940 1292 τι
965 1256 1281 1303 διαπραττόμενοι.
1328 1261 1388 1292 καὶ
1420 1259 1450 1291 εἰ
1479 1259 1546 1301 μὲν
1577 1259 1768 1293 ἐπίσκοπος
1792 1259 1844 1301 εἴη
1869 1254 1888 1291 ὁ
1914 1256 2225 1303 κατηγορούμενος,
2249 1256 2315 1291 τὸν
2330 1256 2459 1290 τούτου

230 1303 499 1349 μητροπολίτην
524 1303 705 1345 ἐξετάζειν
729 1304 774 1338 τὰ
794 1303 986 1350 λεγόμενα,
1012 1305 1042 1337 εἰ
1066 1301 1106 1337 δὲ
1127 1302 1391 1348 μητροπολίτης
1413 1303 1484 1346 εἴη,
1510 1303 1577 1337 τὸν
1599 1303 1878 1349 μακαριώτατον
1900 1299 2180 1347 ἄρχιεπίσκοπον
2205 1299 2264 1347 ὑφ’
2290 1298 2333 1336 ὃν
2354 1300 2457 1342 τελεῖ,

231 1350 274 1392 εἰν
292 1347 331 1383 δὲ
362 1347 602 1395 πρεσβύτερος
629 1345 654 1391 ἢ
687 1346 850 1383 διάκονος
880 1345 904 1391 ἢ
937 1347 1042 1383 ἄλλος
1071 1347 1234 1393 κληρικὸς
1264 1346 1287 1391 ἢ
1318 1346 1512 1394 ἡγούμενος
1544 1344 1566 1391 ἢ
1594 1347 1760 1391 μοναχός,
1785 1348 1852 1382 τὸν
1876 1346 2083 1381 ὁσιώτατον
2105 1349 2304 1382 ἐπίσκοπον
2327 1343 2385 1391 ὑφ’
2412 1344 2459 1379 ὃν

231 1393 332 1428 οὗτοι
364 1393 530 1428 τελοῦσιν
559 1392 740 1435 ἐξετάζειν
771 1394 817 1428 τὰ
845 1405 957 1438 προςα
980 1392 1192 1440 γελλόμενα,
1224 1397 1284 1427 καὶ
1312 1395 1372 1435 τῆς
1404 1391 1577 1437 ἀληθείας
1607 1390 1910 1437 ἀποδεικνυμένης
1940 1394 2091 1426 ἕκαστον
2115 1392 2203 1439 πρὸς
2227 1392 2270 1426 τὸ
2295 1393 2459 1434 πταῖσμα

233 1442 253 1475 1
300 1442 499 1473 κανονικοῖς
523 1440 714 1483 ἐπιτιμίοις
738 1436 945 1483 incedi-2⁶⁶
978 1453 1015 1472 αι
1039 1439 1091 1481 τῷ
1117 1442 1263 1484 κρίματι
1286 1439 1350 1472 τοῦ
1376 1438 1612 1480 ἐξετάζοντος.
1666 1439 1786 1472 Ταῦτα
1810 1436 1850 1472 δὲ
1873 1436 1996 1472 πάντα
2019 1440 2164 1483 κρατεῖν
2187 1437 2236 1481 μὴ
2259 1435 2374 1481 μόνον
2398 1437 2459 1469 ἐπὶ

232 1486 309 1518 τῶν
331 1484 424 1539 μετὰ
447 1485 565 1518 ταῦτα
588 1486 915 1528 χειροτονουμένων
939 1483 1152 1518 ἐπισκόπων
1175 1496 1215 1517 τε
1238 1486 1298 1517 καὶ
1322 1482 1500 1529 κληρικῶν
1523 1486 1582 1516 καὶ
1606 1481 1833 1530 ἡγουμένων,
1862 1481 1953 1517 ἀλλὰ
1977 1485 2037 1516 καὶ
2061 1484 2121 1517 ἐπὶ
2144 1483 2221 1516 τῶν
2244 1483 2312 1516 νῦν
2336 1480 2459 1515 ὄντων

231 1533 292 1563 καὶ
321 1529 393 1564 υπό
417 1542 533 1564 τινων
557 1526 604 1563 ὠς
627 1529 717 1564 εἰκὸς
740 1531 803 1563 ἐπί
825 1541 923 1564 τισιν
944 1529 1073 1563 αἰτίαις
1104 1525 1410 1574 ἄπηγορευμέναις
1440 1531 1513 1562 τοῖς
1537 1529 1651 1562 θείοις
1674 1530 1801 1563 κανόσι
1826 1531 1884 1561 καὶ
1908 1530 1980 1561 τοῖς
2004 1524 2184 1573 ἡμετέροις
2206 1525 2330 1571 νόμοις
2352 1538 2458 1568 κατη-

237 145 344 188 Nov.
375 142 615 188 CXXXVII
643 143 752 183 3—5
1786 153 1847 183 DE
1876 151 2126 183 CREATIONE
2154 149 2459 184 EPISGOPORUM

322 1622 348 1643 c.
366 1610 430 1643 JV.
454 1610 489 1642 V
503 1622 556 1652 pr.
583 1622 620 1642 ex
636 1609 672 1642 B
696 1611 809 1652 repetit
826 1609 1005 1644 NomocflW·
1017 1609 1175 1642 XIVtit.
1194 1610 1225 1650 8,
1240 1616 1255 1641 8
1281 1609 1352 1649 (ubi
1367 1610 1486 1643 citatur
1501 1607 1612 1651 νεαρὰ
1630 1606 1735 1653 ρκγ’);
1759 1610 1963 1642 summarium
1982 1609 2077 1641 habet
2093 1608 2224 1641 Nomoc.
2242 1607 2397 1640 XIVtit.
2415 1607 2459 1639 ib.

322 1667 349 1687 c.
365 1655 430 1687 IV.
455 1654 558 1687 Vom.
586 1654 635 1686 B!
649 1662 783 1697 praeter
801 1667 827 1687 c.
856 1655 893 1696 V,
922 1667 974 1698 pr.
998 1667 1028 1687 v.
1048 1655 1089 1687 19
1113 1649 1200 1686 Ἐοὶν
1231 1653 1424 1687 ἐπίσκοπος
1456 1653 1507 1694 εἴη
1524 1673 1569 1679 -
1586 1655 1627 1688 23
1661 1651 1899 1695 ἐξετάζοντος.
1947 1666 1973 1686 c.
1999 1653 2033 1686 V
2042 1665 2094 1696 pr.
2117 1654 2159 1694 (v.
2180 1654 2220 1687 19
2257 1648 2459 1693 Κελεὺομεν

230 1698 346 1787 ῗπξρῙ
357 1699 550 1777 §figiacum
572 1697 625 1740 εἴη
642 1717 684 1722 —-
702 1699 744 1732 23
769 1697 999 1740 ἐξετάζοντες
1022 1711 1060 1732 eae
1082 1699 1117 1731 Β
1140 1699 1256 1741 repetit
1278 1698 1455 1732 Nornoc.‘¹²’¹
1472 1699 1625 1732 XIVtit.
1643 1700 1675 1740 9,
1691 1706 1723 1741 1;
1748 1699 1951 1732 summarium
1976 1699 2071 1731 habet
2090 1698 2221 1731 Nomoc.
2240 1697 2342 1730 XIV
2354 1698 2399 1730 tit.
2415 1697 2459 1729 ib.

234 1855 343 1896 latur,
373 1854 430 1889 sin
462 1853 576 1888 laicus
603 1852 668 1895 sit,
699 1863 777 1888 eam
809 1863 903 1898 quae
934 1851 1033 1888 decet
1061 1852 1335 1898 castiqationem
1358 1852 1495 1888 subeat.
1544 1851 1587 1887 Si
1609 1852 1690 1897 quis
1714 1855 1831 1888 autem
1856 1862 1955 1887 reum
1979 1855 2064 1887 ante
2082 1862 2236 1887 examen
2258 1851 2460 1887 institutum

234 1899 466 1941 ordinaverit,
488 1901 523 1933 et
545 1898 610 1943 qui
632 1897 768 1933 creavit
791 1902 826 1932 et
849 1897 913 1943 qui
934 1900 1077 1932 creatus
1100 1902 1154 1932 est
1176 1908 1199 1932 a
1222 1897 1424 1932 sacerdotio
1443 1896 1661 1943 expellatur.

367 1944 430 1980 IV.
477 1942 655 1985 Quoniam
680 1953 764 1978 vero
796 1941 836 1977 id
861 1941 960 1987 quod
989 1942 1028 1976 in
1057 1941 1254 1977 canonibus
1277 1941 1410 1977 dicitur
1433 1942 1477 1977 de
1499 1941 1807 1977 sanctissimorum
1831 1942 2081 1987 episcoporum
2104 1940 2273 1988 synodis,
2304 1951 2398 1986 quae
2420 1940 2459 1975 in

232 1989 385 2035 sinqulis
411 1987 612 2034 provinciis
642 1986 770 2022 debent
796 1987 898 2032 fieri,
931 1985 1115 2032 hucusque
1136 2000 1152 2018 ι
1170 2000 1186 2017 ι
1204 2000 1220 2018 ι
1238 2000 1255 2018 ο
1272 2000 1289 2018 0
1316 1997 1391 2021 non
1423 1987 1648 2022 observatum
1679 1989 1719 2021 ut
1750 1987 1977 2030 corriqamus
2007 1996 2115 2031 quam
2137 1985 2294 2021 maxime
2317 1996 2459 2021 necesse

233 2038 296 2070 est.
343 2032 472 2068 Sancti
502 2032 617 2077 iqitur
647 2031 808 2078 apostoli
839 2034 875 2066 et
894 2034 1022 2076 patres
1051 2034 1275 2072 statuerunt,
1308 2034 1350 2067 ut
1370 2030 1424 2065 bis
1446 2030 1599 2076 sinqulis
1622 2030 1727 2065 annis
1750 2030 1882 2076 synodi
1904 2030 2211 2066 sanctissimorum
2233 2030 2459 2065 sacerdotum

231 2090 294 2114 seu
325 2078 578 2124 episcoporum
611 2076 647 2111 in
678 2076 831 2122 sinqulis
854 2075 1058 2122 provinciis
1086 2075 1236 2119 fierent,
1268 2079 1304 2110 et
1334 2086 1427 2121 quae
1456 2078 1680 2121 emerqerent
1710 2075 2008 2111 examinarentur
2040 2079 2076 2110 et
2098 2075 2321 2110 convenienti
2344 2085 2459 2110 emen-

233 2123 380 2158 datione
395 2122 620 2168 potirentur,
645 2120 715 2156 lwc
737 2124 792 2156 est
814 2131 888 2155 una
937 2119 1055 2156 uidem
1077 2123 1210 2166 quarta
1233 2120 1436 2166 septimana
1458 2126 1605 2156 sanctae
1623 2122 1861 2166 pentecostes,
1886 2119 2003 2155 altera
2026 2122 2144 2155 autem
2167 2130 2285 2155 mense
2303 2118 2458 2156 Octobri.

232 2168 310 2203 Nos
337 2178 420 2203 vero
445 2177 524 2202 cum
547 2177 597 2202 ex
620 2164 824 2201 huiusmodi
846 2176 915 2211 neq
930 2165 1073 2211 eqentia
1097 2165 1230 2200 multos
1253 2165 1365 2200 variis
1387 2165 1551 2211 peccatis
1578 2164 1773 2211 implicitos
1803 2174 1879 2200 esse
1911 2165 2166 2211 acceperimus,
2197 2164 2355 2200 iubemus
2388 2175 2460 2199 om-

232 2214 336 2248 nibus
367 2211 484 2248 modis
507 2221 615 2247 unam
637 2210 816 2257 synodum
839 2210 993 2256 sinqulis
1017 2210 1124 2245 annis
1155 2210 1192 2244 in
1223 2209 1376 2255 sinqulis
1402 2209 1605 2256 provinciis
1624 2209 1708 2254 fieri
1731 2213 1796 2244 aut
1818 2207 1928 2244 Iunio
1949 2213 2014 2244 aut
2037 2209 2238 2255 Septembri
2259 2219 2394 2251 mense,
2425 2211 2461 2244 et

233 2257 334 2303 apud
356 2257 579 2293 beatissimos
603 2255 746 2301 quidem
768 2254 1003 2302 patriarchas
1026 2265 1089 2290 eos
1113 2255 1314 2297 convenire,
1339 2255 1402 2298 qui
1424 2255 1468 2291 ab
1493 2255 1582 2301 ipsis
1606 2255 1722 2290 creati
1742 2258 1828 2289 sunt
1849 2265 1913 2289 nec
1937 2255 1993 2289 ius
2013 2253 2143 2289 habent
2164 2254 2256 2289 alios
2271 2254 2460 2300 episcopos

232 2302 390 2346 creandi,
413 2302 515 2348 apud
536 2301 781 2336 sanctissimos
804 2305 923 2335 autem
946 2302 1059 2334 metro
1090 2299 1245 2334 olitanos
1269 2299 1441 2345 cuiusque
1462 2299 1674 2346 provinciae
1698 2309 1759 2334 eos
1783 2298 1846 2344 qui
1870 2298 1915 2333 ab
1938 2298 2030 2344 ipsis
2053 2298 2168 2334 creati
2187 2303 2285 2340 sunt,
2309 2302 2352 2334 ut
2365 2308 2461 2344 quae

231 2351 418 2384 moventur
440 2356 573 2381 causae
597 2345 653 2382 vel
682 2356 726 2381 ea
757 2355 851 2391 quae
881 2355 905 2379 a
927 2344 1114 2380 nonnulis
1143 2344 1404 2380 denuntiantur
1427 2345 1484 2381 vel
1504 2344 1646 2380 nomine
1666 2343 1754 2389 fidei
1777 2343 1832 2379 vel
1854 2344 2111 2378 canonicarum
2135 2344 2382 2389 quaestionum
2406 2341 2464 2378 vel

232 2391 555 2427 administrationis
577 2401 698 2427 rerum
722 2390 1056 2432 ecclesiasticarum,
1081 2388 1139 2425 vel
1159 2389 1205 2424 de
1227 2390 1407 2436 episcopis
1431 2393 1497 2425 aut
1513 2388 1742 2436 presbyteris
1766 2391 1831 2424 aut
1853 2387 2018 2424 diaconis
2041 2393 2105 2423 aut
2124 2388 2208 2424 aliis
2230 2388 2370 2425 clericis
2394 2391 2462 2422 aut

231 2437 275 2472 de
299 2436 534 2484 praesulibus
563 2435 864 2471 monasteriorum
896 2439 961 2470 aut
990 2434 1195 2476 monachis,
1225 2434 1282 2469 vel
1313 2434 1357 2469 de
1388 2434 1462 2470 vita
1493 2432 1766 2470 condemnanda
1797 2432 1853 2469 vel
1886 2433 1993 2468 etiam
2013 2433 2096 2468 aliis
2120 2432 2331 2478 quibusdam
2354 2432 2461 2468 rebus

231 2493 326 2528 quae
355 2481 578 2517 correctione
609 2480 816 2525 indiqeant‚
847 2482 883 2515 et
914 2479 1099 2525 aqitentur
1128 2483 1165 2514 et
1194 2478 1361 2514 decenter
1391 2479 1665 2521 examinentur,
1698 2487 1892 2523 eorumque
1920 2477 2122 2513 emendatio
2139 2477 2321 2524 procedat
2343 2477 2459 2513 sacris

231 2527 431 2562 canonibus
453 2529 489 2562 et
511 2525 650 2572 leqibus
673 2525 808 2560 nostris
831 2524 1055 2560 conveniens.

364 2572 410 2607 V.
459 2570 584 2616 Neque
622 2580 706 2605 vero
740 2570 780 2604 in
816 2568 968 2615 synodis
1007 2572 1145 2605 tantum
1169 2579 1243 2615 per
1271 2569 1435 2615 sinqulos
1466 2579 1583 2604 annos
1613 2568 1841 2605 instituendis
1871 2568 1960 2603 llaec
1992 2570 2225 2614 quaerantur,
2256 2566 2321 2602 sed
2350 2566 2458 2602 etiam

231 2617 373 2662 quoties
404 2615 518 2661 aliqui
552 2625 601 2651 ex
624 2613 872 2650 sacerdotibus
895 2614 952 2649 vel
973 2614 1113 2650 clericis
1136 2613 1193 2650 vel
1207 2614 1441 2659 praesulibus
1464 2613 1767 2649 monasteriorum
1790 2612 1846 2649 vel
1867 2613 2054 2648 monacbis
2078 2614 2297 2647 accusantur
2318 2611 2391 2647 sive
2414 2611 2459 2645 de

228 2661 302 2706 fide
329 2662 403 2697 sive
435 2660 479 2696 de
509 2660 608 2706 turpi
631 2660 705 2695 vita
727 2659 802 2695 sive
826 2659 925 2705 quod
948 2663 1076 2694 contra
1099 2668 1227 2695 sacros
1249 2668 1407 2694 canones
1430 2658 1518 2704 quid
1539 2658 1772 2694 committant.
1822 2656 1870 2693 Et
1890 2658 1923 2692 si
1946 2657 2088 2703 quidem
2111 2657 2303 2708 episcopus
2326 2656 2373 2691 sit
2396 2656 2459 2702 qui

231 2710 444 2749 accusatur,
475 2709 588 2741 metro
618 2704 776 2740 olitanus
805 2706 883 2739 eius
913 2704 1096 2740 examinet
1119 2715 1163 2739 ea
1186 2713 1280 2749 quae
1303 2713 1372 2748 pro
1396 2705 1560 2746 eruntur,
1592 2703 1649 2738 sin
1673 2701 1972 2748 metropolitanus
1994 2702 2060 2743 sit,
2087 2701 2317 2738 beatissimus
2339 2700 2457 2736 arcai-

231 2751 422 2797 episcopus
451 2750 510 2785 cui
539 2760 582 2784 su
607 2749 719 2784 iectus
748 2752 820 2790 est,
851 2748 884 2783 si
913 2752 1031 2784 autem
1052 2749 1247 2795 presbyter
1278 2748 1333 2783 vel
1379 2748 1531 2783 iaconus
1553 2747 1610 2784 vel
1631 2746 1725 2783 alius
1749 2746 1902 2782 clericus
1924 2746 1981 2782 vel
2002 2746 2212 2781 monasterii
2231 2744 2382 2792 praesul
2404 2745 2460 2780 vet

231 2795 440 2838 monachus,
464 2794 712 2829 sanctissimus
735 2794 928 2839 episcopus
949 2794 1015 2829 sub
1040 2804 1111 2838 quo
1137 2792 1177 2829 lu'
1198 2795 1388 2828 censentur
1411 2792 1594 2829 examinet
1616 2802 1660 2827 ea
1680 2802 1773 2837 quae
1797 2790 2066 2832 denuntiantur,
2089 2794 2125 2825 et
2139 2790 2289 2825 veritate
2302 2788 2458 2835 probata

231 2843 255 2877 1
299 2840 546 2885 unusquisque
565 2849 638 2885 pro
662 2838 792 2874 delicto
816 2848 883 2873 suo
908 2838 1093 2873 canonicis
1102 2837 1234 2884 poenis
1249 2837 1449 2873 subiciatur
1464 2836 1599 2872 iudicio
1615 2836 1870 2872 examinantis.
1901 2835 2004 2871 Haec
2028 2838 2146 2870 autem
2171 2834 2291 2870 omnia
2314 2834 2459 2870 valeant

231 2895 305 2920 non
333 2885 449 2919 solum
480 2885 518 2919 in
547 2883 593 2918 iis
624 2884 689 2929 qui
716 2886 802 2929 post
832 2881 921 2918 haec
951 2886 1123 2918 creantur
1151 2893 1171 2918 e
1198 2881 1332 2927 iscopis
1355 2886 1390 2917 et
1413 2882 1553 2918 clericis
1577 2885 1612 2917 et
1628 2880 1862 2927 praesulibus
1882 2880 2181 2915 monasteriorum
2203 2878 2268 2914 sed
2289 2878 2397 2914 etiam
2419 2878 2458 2913 in

231 2929 278 2965 iis
309 2929 372 2975 qui
402 2939 499 2964 nunc
525 2931 611 2964 sunt
640 2931 677 2964 et
707 2927 752 2963 ab
783 2927 964 2972 aliquibus
991 2931 1033 2963 ut
1060 2927 1108 2973 fit
1135 2938 1156 2963 o
1212 2936 1342 2962 causas
1369 2927 1512 2973 aliquas
1534 2927 1651 2962 sacris
1673 2925 1871 2962 canonibus
1894 2928 1930 2961 et
1953 2925 2091 2970 leqibus
2113 2924 2246 2960 nostris
2268 2923 2459 2959 damnatas

280 3055 297 3088 1
312 3050 570 3097 σωφρονισμὸν
583 3048 806 3094 ὑπομενέτω]
822 3049 931 3093 ἤγουν
943 3049 1177 3095 ἐξωριζέσθω
1190 3051 1255 3083 Ls.
1265 3062 1294 3083 v.
1303 3048 1314 3094 ΙΙ

233 3095 463 3142 χειροτονήσῃ
488 3096 540 3129 ΒΓ
562 3095 575 3141 11
602 3098 621 3129 2
650 3093 912 3140 χειροτονήσας]
938 3093 1181 3142 κατηγορήσας
1203 3106 1313 3139 χειρο-

233 3140 387 3185 τονήσας
411 3143 469 3175 Ma
485 3141 497 3184 ΙΙ
516 3143 535 3175 3
560 3138 723 3181 κανόσιν]
749 3141 975 3184 Apostolorum
1002 3153 1074 3174 can.
1099 3142 1158 3178 37;
1187 3141 1316 3184 Synodi

233 3188 452 3221 Antiochenae
485 3198 555 3219 can.
581 3187 623 3219 20
656 3187 711 3228 (tf
736 3186 868 3219 Nomoc.
894 3184 991 3218 XIV
1011 3187 1055 3218 tit.
1073 3186 1104 3226 8,
1123 3186 1152 3226 S)
1180 3185 1193 3225 ΙΙ
1223 3186 1244 3218 4
1266 3182 1315 3227 μὴ

233 3228 521 3276 παραφυλαχθὲν
541 3231 643 3264 MCL
669 3230 814 3270 Nomoc.]
844 3230 921 3263 ἐστὶ
952 3228 1001 3273 μὴ
1026 3226 1314 3274 παραφυλαχθὲν

234 3276 286 3308 B⁰
309 3275 501 3320 παραχθέν
525 3276 596 3317 (om.
613 3274 676 3319 μὴ)
693 3275 864 3315 Νοιποε.’”,
883 3273 933 3318 μὴ
957 3272 1219 3319 παρεφυλάχθη
1243 3286 1310 3307 cum

236 3321 433 3353 Haloandro
467 3321 573 3364 vulq.;
607 3322 727 3354 hiatum
757 3321 904 3353 indicavi
932 3320 980 3352 ita
1001 3321 1079 3362 fere
1101 3319 1312 3362 supplendum

235 3359 322 3405 (ὑπὸ
347 3362 493 3399 πολλῶν
509 3362 767 3409 παρημέληται,
786 3363 853 3407 τὸ)
868 3361 916 3406 μὴ
933 3361 1222 3409 παραφυλαχθὲν
1238 3360 1312 3396 κτλ.

236 3410 289 3451 (cf.
314 3421 344 3441 υ.
371 3411 402 3450 8)
418 3409 431 3453 11
450 3407 795 3454 ἐπανορθώσασθαι
824 3409 853 3443 0
871 3408 884 3453 ΙΙ
911 3410 929 3442 5
954 3407 990 3442 οἱ
1009 3410 1089 3452 μὲν]
1115 3408 1243 3452 ῥητέον
1267 3403 1313 3440 ὠς

235 3450 271 3484 οἱ
291 3454 357 3495 μὲν
378 3453 557 3487 Nomoc.d¹¹2
573 3458 584 3495 u
603 3447 668 3487 οὖν
691 3466 749 3486 om.
772 3454 800 3487 G
814 3453 992 3487 Nemeam
1010 3457 1022 3496 ΙΙ
1039 3455 1198 3497 πατέρες]
1220 3447 1314 3497 ἅγιοι

236 3496 1314 3585 πτεῖτεεεεεεαεττεα-τττῖαῃεῖ

240 3592 310 3634 ange
345 3553 472 3618 πολὶλοί
506 3587 577 3619 coll.
609 3555 679 3641 Lol]
710 3589 730 3620 9
762 3584 1011 3630 διεβλήθησαν
1045 3587 1074 3621 C'
1097 3587 1109 3630 ΙΙ
1137 3586 1240 3627 πᾶσι]
1273 3586 1312 3618 ἐν

239 3637 331 3676 πασι
355 3629 386 3661 L
411 3627 789 3673 Nomoc.dm11‹rvv030v
814 3644 870 3664 om.
903 3632 972 3664 Cv.
987 3632 1006 3665 l.
1025 3625 1076 3674 1Ιῆ
1101 3631 1156 3673 τῷ
1178 3627 1311 3673 Ἰουνίᾳ)

239 3682 261 3713 η
289 3671 342 3712 τῷ
367 3673 605 3718 Σεπτεμβρίῳ
637 3677 735 3717 μηνὶ]
767 3674 859 3707 κατὰ
884 3673 952 3708 τὸν
973 3671 1192 3719 Ὀκτώβριον
1214 3675 1312 3718 μῆνα

1382 3051 1456 3084 Atta.
1481 3051 1564 3084 male
1590 3062 1629 3083 ex
1652 3061 1684 3081 υ.
1710 3051 1729 3083 8
1753 3050 1889 3092 repetita
1912 3048 1924 3091 ΙΙ
1954 3050 1990 3081 11
2015 3048 2083 3090 μὲν
2107 3060 2164 3081 om.
2191 3048 2220 3080 G
2242 3047 2254 3089 ΙΙ
2283 3049 2322 3081 12
2342 3058 2458 3091 κρινο-

1379 3096 1488 3137 μένας
1511 3095 1671 3129 Nomoc.m
1694 3094 1706 3137 11
1732 3092 1779 3127 τὰ
1809 3106 1867 3127 om.
1892 3092 2071 3126 Νουιοσέαῡη
2093 3092 2106 3135 ΙΙ
2131 3094 2172 3126 13
2200 3089 2458 3136 προσαγγελλο-

1379 3140 1489 3182 μένας
1512 3137 1692 3174 ΝοηαοοΆῑηι
1712 3145 1725 3182 ΙΙ
1754 3140 1795 3173 14
1825 3135 1847 3181 ἢ
1869 3139 1995 3181 πρεσβ.
2021 3132 2057 3179 (ἢ
2075 3138 2156 3180 περὶ
2181 3138 2306 3180 πρεσβ.
2337 3137 2404 3171 Cv.
2424 3137 2458 3172 l.)

1386 3185 1496 3225 C'LB]
1521 3186 1581 3217 καὶ
1605 3185 1731 3230 πρεσβ.
1759 3183 1805 3216 Μ
1822 3183 1834 3226 ΙΙ
1858 3181 2036 3224 κληρικῶν
2060 3179 2181 3214 ἄλλων
2205 3179 2384 3214 N0m00.dm
2402 3179 2414 3224 ss
2437 3178 2459 3222 ἢ

1381 3229 1563 3270 μοναχῶν]
1586 3225 1609 3271 ἢ
1633 3241 1691 3261 om.
1717 3229 1766 3260 13⁶
1783 3227 1795 3271 ΙΙ
1816 3230 1855 3262 15
1879 3228 1939 3260 καὶ
1961 3239 2019 3259 om.
2045 3227 2076 3258 L
2094 3226 2107 3269 ΙΙ
2122 3237 2162 3259 τε
2186 3238 2244 3260 om.
2267 3226 2331 3259 Cv.
2346 3225 2366 3258 l.
2385 3224 2397 3268 ΙΙ
2417 3228 2456 3259 17

1380 3275 1587 3318 γενομέναις
1610 3273 1661 3306 B⁶
1679 3271 1692 3316 ΙΙ
1717 3274 1757 3306 18
1782 3282 1834 3305 τις
1860 3273 1916 3305 C'L
1938 3273 1951 3314 ΙΙ
1976 3270 2240 3315 κατηγορηθείη
2269 3271 2338 3304 Gv.
2355 3271 2374 3303 l.
2399 3272 2412 3313 ss
2435 3266 2458 3311 ἢ

1381 3319 1562 3361 μοναχῶν]
1594 3315 1618 3359 ἢ
1647 3330 1704 3350 om.
1731 3318 1782 3350 ΒΟ
1810 3317 1822 3360 ΙΙ
1850 3311 1871 3359 ἢ
1897 3317 1979 3359 περὶ
2008 3318 2164 3348 πίστεως
2187 3328 2245 3348 om.
2270 3315 2428 3348 Nwwam
2445 3313 2459 3358 ΙΙ

1380 3365 1462 3407 περὶ
1494 3362 1640 3407 αἰσχροῦ
1665 3361 1753 3403 ΜΒ]
1783 3363 1866 3405 περὶ
1887 3374 1945 3395 om.
1975 3361 2031 3393 CL
2054 3360 2066 3403 11
2096 3362 2136 3394 19
2159 3371 2195 3393 τι
2219 3372 2277 3392 οηι.
2295 3359 2324 3392 C
2342 3359 2355 3401 ΙΙ
2380 3356 2455 3391 δια·

1381 3406 1630 3450 πραττόμενος
1650 3407 1718 3440 Ου.
1738 3407 1758 3439 l.
1777 3405 1789 3450 ΙΙ
1806 3408 1865 3439 καὶ
1883 3418 1940 3439 om.
1962 3406 1989 3438 0
2001 3408 2014 3448 ΙΙ
2032 3404 2062 3437 εἰ
2084 3405 2152 3447 μὲν
2172 3404 2258 3444 Mo]
2275 3402 2373 3445 εἴπερ
2386 3403 2456 3434 LB

1380 3452 1391 3495 ΙΙ
1406 3449 1536 3484 τούτου
1561 3465 1618 3485 om.
1632 3452 1795 3485 Neruae-⁷7²
1813 3453 1844 3491 9,
1860 3458 1871 3484 ι
1890 3450 1902 3493 ll
1919 3450 1960 3483 20
1986 3450 2183 3482 ἐπίσκοπον
2199 3445 2377 3482 Nemeam
2393 3448 2423 3487 9,
2443 3455 2455 3480 ι

1380 3496 1608 3574 Νπααεαππ
1644 3488 2456 3583 93⁶5..ss»²²3'‘⁹⁰⁶“tz2212'255205320ff55r‘1223

1380 3553 1678 3629 alizia-viana
1701 3551 1849 3628 Brn⁰‘{⁷3⁰
1869 3550 2066 3617 ,ῗὲἷῖυῆκᾶ
2085 3580 2133 3614 υ
2148 3579 2161 3623 u
2186 3547 2454 3621 ὑποὲαλλεπσεω

1379 3630 1540 3663 Νοηιοο]η
1559 3643 1611 3672 pr.
1628 3632 1659 3671 9,
1677 3637 1687 3663 1
1705 3630 1716 3672 ΙΙ
1737 3630 1779 3663 24
1802 3630 1882 3662 νυνὶ
1898 3629 1948 3660 B⁶
1964 3626 1976 3669 ΙΙ
1994 3628 2035 3659 25
2059 3621 2131 3658 ὑπό
2154 3625 2280 3663 τινων]
2302 3621 2372 3658 ὑπὸ
2396 3637 2454 3658 om.

1379 3674 1449 3708 LB
1465 3675 1476 3718 ss
1494 3675 1579 3715 τοῖς]
1602 3674 1680 3707 τῶν
1703 3676 1775 3706 τοῖς
1804 3674 1872 3706 Cv.
1891 3673 1911 3705 l.
1936 3672 2008 3703 τοῖς
2030 3680 2069 3702 τε
2096 3669 2125 3701 C
2135 3679 2166 3700 v.
2185 3668 2206 3700 l.

2486 759 2500 791 1

2486 983 2500 1015 1

2482 1309 2501 1342 2

2482 1531 2501 1563 M)

2509 758 2529 788 Ο

2507 983 2525 1015 5

2505 1310 2525 1342 0

2506 1532 2525 1563 0⁷!
