2586 3990
214 129 321 173 Nov.
352 127 507 173 CXVII
536 129 574 170 8.
605 129 631 170 9

211 238 302 272 κατὰ
318 238 399 272 τοὺς
413 240 493 282 περὶ
509 235 638 271 τούτου
651 236 781 281 νόμους
798 239 858 271 καὶ
874 237 943 280 τὴν
959 234 1072 279 ἄλλην
1087 238 1149 279 τῆς
1164 250 1285 283 γυναι-

210 283 270 317 κὸς
285 287 495 326 περιουσίαν
511 284 584 316 τοῖς
599 285 703 316 παισὶ
724 281 988 328 φυλάττεσθαι,
1009 284 1069 314 καὶ
1087 279 1202 316 οὕτως
1218 281 1286 316 τὸν

209 327 337 371 μοιχὸν
355 330 513 371 νομίμως
536 325 769 373 ἐλεγχόμενον
792 323 868 371 ἅμα
891 328 937 373 τῇ
958 330 1101 372 γυναικὶ
1123 330 1286 372 τιμωρεῖ-

209 372 311 406 σθαι.
358 375 418 405 καὶ
441 372 472 405 εἰ
501 372 569 415 μὲν
600 374 674 414 ἔχοι
697 369 717 406 ὁ
741 371 865 416 μοιχὸς
887 373 1057 418 γυναῖκα,
1090 370 1287 416 λαμβάνειν

210 413 325 459 αὐτὴν
352 415 421 460 τήν
443 429 483 450 τε
507 414 605 450 ἰδίαν
628 420 759 461 προῖκα
788 420 848 450 καὶ
877 415 945 459 τὴν
969 413 1029 450 διὰ
1053 416 1136 450 τοὺς
1155 414 1288 462 γάμους

209 459 359 506 δωρεάν,
391 458 478 495 α’)’ςτε
510 461 540 494 εἰ
568 459 699 495 παῖδας
728 463 851 503 ἔχοιεν,
891 459 1003 505 μόνης
1038 460 1107 504 τὴν
1137 463 1288 508 γυναῖκα

208 507 271 549 τῆς
287 507 454 561 κχρήσεως
485 503 683 541 ἀπολαύειν
713 507 775 548 τῆς
805 504 956 551 δωρεᾶς,
988 507 1050 549 τῆς
1081 504 1288 542 δεσποτείας

1279 122 1364 170 558

1354 236 1398 271 de
1417 235 1486 272 hoc
1506 236 1601 279 leges
1622 236 1795 280 aliamque
1813 237 1969 273 mulieris
1988 236 2224 273 substantiam
2239 235 2321 270 filiis
2341 245 2425 271 con·
2478 233 2481 236 ’

1755 139 1817 171 UT
1845 138 2006 170 LIGEAT
2035 136 2174 169 MATRI
2203 137 2260 167 ΕΤ
2288 135 2426 168 AVIAE

1355 281 1506 324 servari,
1542 283 1579 315 et
1612 280 1664 315 ita
1699 281 1899 317 adulterum
1933 283 2085 328 legitime
2121 281 2322 317 convictum
2355 290 2429 315 una

1356 337 1437 361 cum
1471 335 1583 360 uxore
1616 325 1746 369 puniri.
1794 326 1844 361 Et
1877 327 1908 362 si
1941 328 2082 372 quidem
2116 327 2248 362 habeat
2282 335 2428 361 uxorem

1355 371 1505 414 adulter,
1536 369 1699 414 accipere
1722 380 1800 405 eam
1823 374 1859 406 et
1881 371 1997 407 dotem
2018 373 2200 418 propriam
2223 375 2259 407 et
2282 372 2429 416 propter

1323 415 1499 461 5nuptias
1531 415 1779 458 donationem,
1814 418 1856 450 ut
1885 416 1916 451 si
1943 417 2035 453 filios
2066 417 2217 460 habent,
2254 417 2329 452 solo
2361 426 2430 451 usu

1355 461 1482 495 mulier
1500 459 1640 495 fruatur
1664 460 1863 495 donationis
1883 462 2099 506 proprietate
2118 462 2314 497 secundum
2334 461 2429 505 leges

1355 506 1437 540 filiis
1463 505 1655 549 servanda3
1691 505 1798 540 aliam
1828 515 1912 541 vero
1941 506 2059 541 mariti
2089 508 2323 543 substantiam
2353 506 2430 542 eius

207 563 300 584 κατα
331 563 414 585 τους
443 551 574 594 νόμους
604 555 677 585 τοῖς
700 554 806 586 παισὶ
837 550 1121 597 φυλαττομένης·
1157 550 1226 595 τὴν
1250 549 1290 585 δὲ
1356 550 1438 585 filiis
1462 560 1506 585 ex
1525 554 1649 585 nostra
1671 550 1836 594 largitate
1860 550 2043 586 donamus.
2091 551 2191 587 Filiis
2214 554 2334 587 autem
2358 562 2429 586 non

208 594 320 639 ἄλλην
350 597 414 630 τοῦ
448 594 579 641 ἀνδρὸς
608 600 819 642 περιουσίαν
849 599 922 630 τοῖς
949 593 1061 631 αὐτοῦ
1093 600 1221 632 παισὶν
1251 596 1289 637 ἐξ
1357 595 1589 631 existentibus
1609 595 1864 640 antenuptialis
1890 595 2030 639 quidem
2050 595 2249 632 donationis
2269 597 2429 642 proprie-

207 637 378 686 ἡμετέρας
398 640 601 687 φιλοτιμίας
617 639 847 687 δωρούμεθα.
895 639 1042 676 παίδων
1058 639 1099 675 δὲ
1111 641 1160 686 μὴ
1176 640 1286 677 ὑπόν-
1303 643 1343 676 10
1355 644 1466 676 tatem
1488 641 1628 676 mulieri
1653 645 1853 685 competere
1877 640 2064 682 sancimus,
2089 641 2195 676 aliam
2216 651 2298 677 vero
2315 642 2431 677 mariti

207 698 285 720 των
311 687 374 729 τῆς
396 688 463 731 μὲν
487 690 727 734 προγαμιαίας
750 685 883 733 δωρεᾶς
910 687 979 730 τὴν
1004 685 1220 722 δεσποτείαν
1243 687 1287 732 τῇ
1356 695 1494 722 omnem
1518 686 1753 721 substantiam
1784 686 1872 721 fisco
1903 685 2097 721 secundum
2127 686 2290 730 antiquas
2314 687 2428 732 appli-

206 734 349 777 γυναικὶ
373 729 556 777 διαφέρειν
579 732 815 776 θεσπίζομεν,
846 732 915 776 τὴν
940 731 980 766 δὲ
1003 730 1115 775 ἄλλην
1137 734 1201 766 τοῦ
1226 729 1287 766 άν-
1357 741 1479 768 camus
1501 732 1607 776 leges.

209 774 293 822 δρὸς
316 777 440 811 πᾶσαν
463 781 673 823 περιουσίαν
696 779 749 820 τῷ
771 781 888 823 φίσκῳ
909 777 1002 811 κατὰ
1018 778 1100 812 τοὺς
1116 777 1289 812 παλαιοὺς

208 822 499 867 προς-κυροῦσθαι
522 822 659 867 νόμους.

208 868 233 902 3
274 863 362 901 Ἐὰν
378 865 581 911 οἱῳδήποτε
603 866 731 913 τρόπῳ
755 866 777 911 ἦ
801 867 890 914 γυνὴ
913 868 958 914 τῇ
979 868 1053 914 ζωῇ
1077 869 1141 901 τοῦ
1158 864 1289 912 ἀνδρὸς
1304 867 1380 904 153
1427 866 1465 902 Si
1493 866 1655 912 quolibet
1688 865 1792 900 modo
1822 865 1948 900 mulier
1983 865 2075 900 vitae
2103 865 2169 901 viri
2203 864 2312 900 fuerit
2346 864 2432 900 insi·

208 910 463 991 {utpovisz'mffi
498 909 521 955 ἢ
554 911 673 947 ἄλλοις
703 914 811 947 τοῦτο
843 915 987 948 ποιοῦσι
1022 911 1204 947 συνειδυῖα
1237 913 1291 956 τῷ
1357 912 1469 992 diffie,
1505 916 1569 991 aug
1603 910 1683 946 aliis
1717 911 1786 946 hoc
1818 910 2035 947 facientibus
2071 909 2216 946 conscia
2251 910 2326 945 viro
2359 920 2432 945 non

207 970 256 991 αν
302 960 314 990 ἰ
372 957 380 967 ³
436 971 500 992 ανε
522 956 577 992 cbo
602 985 608 991 .
1355 957 1393 992 in
1421 957 1547 992 'caveri
1566 984 1574 991 .

207 1002 233 1038 4
275 970 539 1048 ’ρΕὰςηᾶἶδράῗτι
562 971 610 1047 (Zur)
632 1002 849 1047 βουλομένου
871 1003 936 1037 τοῦ
953 1000 1084 1048 ἀνδρὸς
1107 1003 1289 1044 ἐξωτικοῖς
1355 1002 1381 1038 4
1427 1002 1464 1037 Si
1482 1012 1562 1037 cum
1582 1001 1664 1037 viris
1683 1000 1825 1037 nolente
1848 1001 1974 1037 marito
1999 1001 2176 1036 extraneis
2200 1001 2351 1036 convivit
2371 1003 2434 1036 aut

208 1048 437 1095 συμποσιάζῃ
469 1046 493 1091 ἢ
524 1047 746 1090 συλλούηται.
1356 1058 1436 1083 cum
1461 1048 1512 1082 eis
1536 1047 1686 1081 lavatur.

207 1092 232 1129 5
282 1089 370 1126 Ἐὰν
398 1093 447 1138 μὴ
479 1092 697 1138 βουλομένου
727 1094 792 1128 τοῦ
825 1091 957 1138 ἀνδρὸς
991 1093 1066 1134 ἔξω
1097 1094 1162 1127 τοῦ
1192 1093 1288 1127 οἴκου
1302 1095 1343 1127 20
1356 1094 1379 1129 5
1427 1093 1464 1128 Si
1479 1093 1623 1128 nolente
1647 1092 1721 1126 viro
1741 1091 1829 1126 foris
1854 1091 1996 1127 domum
2019 1092 2200 1135 manserit,
2223 1091 2292 1127 nisi
2311 1091 2434 1127 forsan

206 1140 323 1184 μείνῃ,
355 1138 386 1171 εἰ
407 1137 556 1185 μήτοιγε
577 1139 687 1181 τυχὸν
719 1137 819 1183 παρὰ
845 1142 919 1173 τοῖς
943 1137 1044 1173 ἰδίοις
1066 1138 1242 1186 γονεῦσιν.
1356 1138 1452 1183 apud
1477 1138 1641 1182 proprios
1665 1141 1842 1181 parentes.

207 1183 233 1219 6
275 1180 362 1218 Ἐὰν
393 1183 552 1218 ἱππικοῖς
583 1181 606 1227 ἢ
637 1183 805 1228 θεάτροις
836 1181 858 1227 ἢ
886 1188 1062 1230 κυνηγίοις
1093 1197 1144 1218 πα
1170 1187 1288 1230 αγίνη-
1356 1185 1381 1220 6
1424 1183 1462 1218 Si
1478 1182 1698 1218 circensibus
1713 1186 1778 1217 aut
1793 1181 1940 1217 theatris
1957 1184 2021 1217 aut
2035 1181 2306 1227 amphitheatris
2324 1181 2433 1217 inter-

207 1240 272 1282 ται
300 1230 370 1307 {a}
391 1230 445 1284 τῷ
478 1229 670 1274 θεωρῆσαι
701 1226 916 1275 ἀγιόοῦντος
949 1228 972 1273 ἢ
1000 1232 1061 1263 καὶ
1089 1242 1145 1263 κω
1165 1228 1291 1264 ύοντος
1356 1229 1466 1264 fuerit
1487 1228 1534 1263 ad
1559 1227 1792 1273 spectandum
1815 1227 1999 1272 ignorante
2026 1230 2090 1262 aut
2112 1227 2323 1272 prohibente
2345 1227 2433 1263 viro.

207 1285 273 1307 του
300 1287 347 1308 αν
394 1285 440 1308 ⁰8.

207 1319 228 1354 7
279 1319 326 1352 Εἰ
354 1287 520 1365 ,ιῗεντοιγε
552 1320 671 1366 συμβῇ
698 1332 783 1353 τινα
815 1317 897 1362 δίχα
920 1320 1004 1363 μιᾶς
1025 1319 1102 1353 τῶν
1126 1332 1288 1365 προειρη-
1302 1321 1344 1354 25
1357 1320 1377 1354 ’2
1425 1318 1462 1353 Si
1486 1328 1570 1362 ergo
1595 1317 1780 1362 contigerit
1803 1317 1954 1362 aliquem
1983 1317 2074 1353 citra
2104 1327 2210 1353 unam
2233 1317 2432 1362 praedicta-

206 1366 330 1408 μένων
362 1365 491 1398 αἰτιῶν
526 1363 595 1407 τὴν
626 1365 754 1399 ἑαυτοῦ
784 1365 946 1411 γαμετὴν
977 1365 1041 1399 τοῦ
1072 1362 1164 1398 ἰδίου
1193 1365 1289 1399 οἴκου
1356 1374 1436 1399 rum
1459 1374 1647 1399 causarum
1673 1373 1772 1398 suam
1789 1373 1935 1398 uxorem
1959 1363 2062 1398 domo
2079 1363 2224 1408 propria
2247 1363 2433 1407 expellere,

208 1409 494 1453 ἐξωθήσασθαι,
524 1405 612 1444 dien
642 1411 780 1453 ἐκείνην
810 1410 859 1454 μὴ
885 1412 1035 1452 ὲχουσαν
1062 1412 1176 1455 γονεῖς
1198 1409 1289 1455 πρὸς
1357 1413 1399 1445 ut
1421 1409 1483 1444 illa
1513 1420 1585 1444 uon
1617 1409 1754 1444 habens
1785 1412 1950 1453 parentes
1979 1408 2076 1452 apud
2106 1418 2196 1453 quos
2223 1408 2338 1453 possit
2359 1418 2434 1444 ma-

207 1452 268 1488 οθς
296 1452 450 1490 δύναται
479 1458 600 1499 μεῖναι
630 1455 671 1496 ἐξ
700 1453 857 1501 ἀνάγκης
887 1455 962 1495 ἔξω
993 1455 1062 1498 τὴν
1091 1455 1202 1489 νύκτα
1237 1453 1288 1489 διῃ
1356 1464 1442 1490 nere
1481 1464 1525 1489 ex
1559 1454 1772 1489 necessitate
1808 1454 1895 1490 foris
1933 1453 2072 1489 habitet
2108 1455 2232 1496 nocte,
2271 1453 2434 1489 iubemus

209 1498 322 1546 ἄγειν,
353 1499 541 1544 κελεύομεν
561 1498 740 1544 μηδεμίαν
763 1501 855 1535 εἶναι
878 1502 931 1543 τῷ
957 1497 1063 1546 ἀνδρὶ
1083 1498 1207 1535 ἄδειαν
1232 1498 1291 1535 διὰ
1356 1500 1490 1536 nullam
1521 1509 1600 1536 esse
1631 1499 1757 1534 marito
1790 1499 1971 1535 licentiam
2000 1502 2148 1543 propter
2171 1499 2265 1534 hanc
2290 1509 2435 1534 causam

208 1543 347 1589 ταύτην
380 1545 450 1589 τὴν
481 1546 603 1580 αἰτίαν
639 1543 832 1591 ῥεπούδιον
869 1549 1025 1591 πέμπειν
1060 1547 1104 1593 τῇ
1136 1549 1288 1592 γυναικί,
1302 1547 1344 1580 30
1356 1545 1543 1590 repudium
1576 1545 1716 1581 mittere
1751 1545 1872 1588 uxori,
1914 1554 1956 1580 eo
1993 1544 2089 1590 quod
2122 1544 2201 1589 ipse
2238 1544 2345 1579 huius
2382 1544 2435 1579 rei

209 1588 375 1637 διότιπερ
398 1588 508 1625 αὐτὸς
530 1590 661 1625 τούτου
686 1591 798 1626 αἴτιος
818 1594 968 1638 γίνεται.
1357 1594 1484 1627 auctor
1506 1590 1655 1627 exsistit.

1201 1702 1358 1739 CAPUT
1381 1703 1445 1739 IX.

282 1769 350 1805 Τάς
373 1768 413 1805 δὲ
435 1771 567 1814 αἰτίας,
599 1768 691 1816 ὑπὲρ
713 1761 767 1805 οἷν
791 1767 946 1818 εὐλόγως
969 1769 1124 1806 δύναται
1146 1771 1202 1814 τῷ
1225 1768 1287 1806 οἷν-
1426 1771 1562 1807 Causas
1598 1771 1719 1806 autem
1759 1781 1824 1815 pro
1859 1769 1989 1814 quibus
2023 1769 2286 1805 rationabilitel=
2317 1773 2435 1814 potest

209 1814 267 1862 δρὶ
289 1816 389 1862 παρὰ
418 1817 479 1860 τῆς
506 1815 674 1863 γυναικὸς
702 1817 916 1860 πέμπεσθαι
941 1814 1133 1864 ῥεπούδιον
1165 1819 1225 1850 καὶ
1247 1816 1286 1857 ἐξ
1353 1816 1429 1852 viro
1453 1827 1475 1852 a
1497 1815 1644 1851 muliere
1667 1815 1758 1850 mitti
1780 1815 1966 1860 repudium
1996 1814 2065 1860 <et>
2095 1825 2142 1870 exv
2162 1815 2289 1859 quibus
2312 1817 2433 1860 potest

272 1906 294 1951 5
307 1909 328 1942 4
348 1914 564 1951 arqumentum
584 1914 676 1941 notat
699 1907 831 1942 Nomoc.
845 1907 945 1942 XIV
956 1909 1000 1942 tit.
1015 1909 1047 1950 9,
1062 1915 1091 1942 31
1115 1920 1149 1951 p.
1164 1909 1229 1942 570
1254 1907 1361 1949 Ρίίνα,
1398 1909 1570 1951 exscripsit
1594 1920 1631 1941 ex
1659 1907 1692 1940 B
1705 1907 1865 1941 Νουιοο.7η
1886 1908 1928 1940 ib.

207 2019 292 2055 dum
316 2019 414 2065 leqes
437 2017 505 2053 hac
527 2018 572 2054 de
594 2029 635 2054 re
658 2018 754 2054 latas
784 2024 817 2052 et
840 2017 982 2063 reliqua
1012 2018 1173 2053 mulieris
1204 2017 1300 2052 bona
1331 2017 1451 2053 liberis
1474 2018 1699 2058 conservari,
1733 2023 1842 2062 atque
1865 2017 1918 2051 ita
1941 2015 2144 2051 adulterum
2174 2015 2329 2061 leqitime
2353 2026 2434 2051 con-

208 2064 339 2101 victum
370 2073 444 2099 una
475 2073 555 2098 cum
577 2062 725 2098 muliere
741 2062 883 2109 puniri.
933 2061 980 2096 Et
1003 2063 1036 2097 si
1058 2062 1200 2108 quidem
1224 2062 1368 2097 adulter
1390 2073 1544 2098 uxorem
1568 2063 1715 2104 habeat,
1746 2073 1789 2097 ea
1814 2066 1887 2097 tam
1910 2061 2028 2096 dotem
2059 2071 2162 2095 suam
2191 2071 2299 2106 quam
2323 2060 2436 2096 dona-

208 2110 338 2145 tionem
355 2111 512 2155 propter
533 2109 681 2154 nuptias
703 2108 877 2154 accipiat.
909 2108 962 2143 ita
985 2111 1026 2143 ut
1047 2109 1082 2143 si
1103 2107 1236 2142 liberos
1259 2107 1425 2150 habeant,
1457 2108 1537 2143 solo
1561 2108 1689 2143 mulier
1713 2107 1908 2152 usufructu
1930 2105 2139 2141 donationis
2160 2106 2323 2151 fruatur,
2355 2116 2435 2141 eum

208 2154 404 2190 dominium
427 2153 622 2189 seeundum
653 2153 750 2199 lcqes
781 2153 903 2187 liberis
930 2157 1113 2194 servetur;
1150 2152 1327 2198 reliquam
1357 2163 1442 2188 vero
1473 2154 1599 2188 mariti
1627 2152 1863 2188 substantiam
1897 2151 2018 2186 liberis
2049 2151 2125 2186 eius
2147 2161 2197 2186 ex
2220 2150 2435 2186 liberalitate

208 2204 335 2236 nostra
358 2198 546 2234 donamus.
595 2197 661 2233 Sin
680 2201 799 2234 autem
819 2197 922 2234 liberi
945 2209 1018 2233 non
1034 2202 1188 2244 praesto
1205 2199 1288 2240 sint,
1312 2199 1495 2233 sancimus
1512 2203 1553 2234 ut
1571 2197 1828 2244 antenuptialis
1849 2197 1991 2243 quidem
2011 2195 2217 2231 donationis
2237 2195 2434 2232 dominium

207 2244 349 2281 mulieri
372 2246 563 2290 competat,
586 2243 729 2289 reliqua
752 2253 837 2279 vero
861 2243 983 2278 mariti
1006 2243 1207 2278 substantia
1232 2243 1347 2278 omnis
1367 2243 1458 2288 fisco
1482 2243 1677 2279 secundum
1697 2247 1832 2278 veteres
1857 2243 1952 2287 leqes
1975 2241 2179 2276 addicatur.

206 2291 232 2327 3
247 2289 319 2371 dSi
341 2289 593 2335 qualicumque
614 2287 720 2324 modo
745 2288 874 2324 mulier
895 2289 990 2324 vitae
1013 2288 1136 2324 mariti
1160 2288 1334 2323 insidiata
1355 2288 1417 2331 sit,
1448 2289 1506 2325 vel
1527 2289 1611 2324 aliis
1639 2288 1706 2324 hoe
1728 2287 1948 2333 facientibus
1971 2287 2116 2322 conseia
2146 2286 2186 2321 id
2206 2286 2338 2322 marito
2360 2297 2435 2322 non

207 2336 245 2371 in
272 2334 431 2371 icaverit.

207 2381 233 2417 4
278 2380 318 2416 Si
342 2390 422 2415 cum
444 2380 631 2415 eoetraneis
654 2379 742 2414 viris
763 2378 906 2414 nolente
928 2379 1059 2413 marito
1084 2379 1292 2414 convivetur
1320 2378 1375 2415 vel
1399 2389 1478 2414 cum
1501 2378 1547 2413 iis
1570 2378 1718 2415 lavetur.

206 2428 231 2462 5
276 2424 318 2461 Si
341 2425 485 2460 nolente
507 2424 638 2460 marito
662 2427 773 2460 extra
797 2423 942 2458 domum
965 2425 1148 2466 manserit,
1173 2423 1245 2458 nisi
1265 2424 1367 2469 forte
1391 2423 1494 2470 apud
1508 2427 1685 2470 parentes
1707 2432 1802 2458 suos.

207 2472 232 2508 6
277 2469 320 2506 Si
341 2470 381 2505 in
404 2469 622 2505 circensibus
644 2469 700 2505 vel
724 2468 873 2505 theatris
896 2469 952 2504 vel
973 2470 1011 2503 in
1035 2480 1150 2504 arena
1172 2468 1362 2515 spectandi
1386 2479 1498 2504 causa
1521 2469 1661 2504 intersit
1685 2469 1875 2515 iqnorante
1898 2467 1953 2502 vel
1971 2466 2186 2513 prohibente
2208 2467 2353 2502 marito.

208 2517 229 2552 ‘7
281 2515 326 2551 Si
346 2526 450 2562 quem
474 2525 558 2551 vero
583 2515 777 2560 contiqerit
794 2518 946 2560 praeter
970 2514 1130 2560 aliquam
1161 2524 1210 2549 ex
1230 2514 1430 2560 praedictis
1462 2515 1583 2550 causis
1613 2523 1768 2549 uxorem
1797 2522 1900 2547 suam
1925 2513 2086 2558 propria
2110 2511 2216 2547 domo
2241 2511 2434 2557 expellere,

208 2565 249 2597 ut
274 2561 339 2597 illa
368 2571 442 2596 non
472 2559 608 2595 habens
630 2564 807 2606 parentes
841 2559 943 2605 apud
976 2570 1068 2605 quos
1099 2570 1244 2594 manere
1271 2561 1393 2606 possit
1422 2570 1472 2596 ex
1503 2559 1712 2595 necessitate
1740 2557 1837 2604 foris
1871 2561 2008 2592 noctem
2042 2557 2240 2602 transiqat,
2276 2557 2437 2592 iubemus

208 2606 345 2642 nullam
369 2616 444 2641 esse
466 2605 545 2641 viro
563 2608 779 2651 potestatem
804 2609 965 2651 propter
988 2604 1083 2640 hanc
1105 2615 1251 2640 eausam
1274 2604 1465 2651 repudium
1488 2604 1653 2641 mittendi
1674 2603 1803 2646 uxori,
1828 2606 2029 2649 propterea
2053 2602 2154 2648 quod
2182 2602 2261 2648 ipse
2283 2603 2361 2638 eius
2382 2602 2436 2638 rei

209 2655 338 2688 auctor
360 2651 494 2687 extitit.

341 2695 405 2732 IX.
455 2695 593 2732 Causae
615 2705 711 2736 vero,
737 2696 895 2741 propter
917 2704 1009 2739 quas
1039 2694 1119 2730 iure
1147 2699 1269 2742 potest
1299 2695 1431 2731 marito
1457 2694 1501 2730 ab
1525 2704 1642 2731 uxore
1664 2693 1760 2729 mitti
1781 2692 1969 2739 repudium
1998 2695 2034 2727 et
2058 2702 2108 2727 ex
2137 2691 2267 2738 quibus
2296 2693 2378 2738 ipsa
2402 2697 2437 2728 et

278 2811 354 2852 1sq.
375 2805 664 2850 κατὰ-νόμους
684 2819 755 2849 om.‚
780 2814 854 2840 ante
877 2808 950 2839 τοῖς
972 2809 1078 2840 παισὶ
1095 2808 1172 2840 add.
1197 2805 1290 2840 κατὰ

1425 2809 1441 2842 1
1467 2807 1506 2840 de
1530 2807 1573 2840 ho
1594 2806 1654 2846 V¹‚
1679 2806 1719 2839 de
1744 2819 1801 2839 om.
1818 2806 1850 2839 T
1870 2805 1883 2849 11
1906 2804 1996 2846 filiis]
2026 2804 2110 2837 uiris
2134 2803 2212 2836 filiis
2237 2803 2292 2836 T‘*
2315 2803 2320 2846 1
2356 2813 2434 2837 oon·

209 2853 290 2889 τοὺς
313 2852 526 2898 ἔμπροσθεν
548 2849 765 2897 ὡρισμένους
786 2848 1018 2896 (ὡρισμένους
1041 2865 1098 2886 om.
1124 2853 1202 2896 Ep.)
1230 2851 1291 2886 νό-

1359 2862 1492 2885 seruare
1519 2853 1570 2886 T⁰
1590 2853 1602 2895 11
1629 2853 1648 2885 2
1672 2851 1873 2885 adulterium
1900 2850 1947 2884 Β*
1971 2850 1984 2893 fl
2009 2850 2226 2882 coniunctum
2248 2848 2298 2880 Βι
2352 2850 2373 2882 5
2397 2851 2435 2881 ut

209 2910 294 2944 μους
307 2899 365 2933 Pr.
379 2900 444 2943 Ep.
461 2897 474 2943 11
493 2899 512 2932 3
534 2899 705 2941 νομίμως]
730 2893 863 2940 ὁμοίως
888 2897 944 2930 Pr.
959 2910 988 2931 v.
1003 2897 1024 2932 I.
1042 2896 1055 2940 11
1072 2899 1094 2931 4
1106 2897 1177 2939 ἔχει
1191 2898 1256 2941 ΕΡ.
1279 2896 1292 2942 11

211 2948 231 2980 5
254 2957 295 2979 τε
317 2957 376 2978 om.
389 2944 449 2977 Pr.
462 2944 527 2987 Ep.
554 2943 567 2986 11
593 2945 652 2975 καὶ
677 2941 744 2984 τὴν
768 2941 839 2987 πρὸ
864 2939 981 2987 γάμου
1013 2940 1094 2984 ἦτοι
1125 2940 1186 2977 διὰ
1210 2941 1293 2976 τοὺς

210 2989 343 3036 γάμους
358 2989 423 3033 ΕΡ.
439 2989 452 3033 11
471 2990 491 3023 9
515 2987 554 3028 ἐξ
571 2985 744 3031 ἡμετέρας
767 2986 971 3032 φιλοτιμίας
994 3000 1054 3021 om.
1066 2988 1123 3021 Pr.
1142 2988 1155 3031 11
1174 2990 1213 3022 11
1230 2988 1292 3030 τῆς

209 3036 288 3080 μὲν]
302 3034 370 3078 τὴν
381 3035 449 3078 μὲν
460 3033 524 3076 τῆς
533 3034 590 3067 Pr.
601 3034 694 3066 codd.
707 3033 856 3076 plerique
892 3031 962 3075 τὴν
975 3045 1033 3065 om.
1043 3033 1102 3066 Pr.
1114 3031 1126 3078 11
1140 3035 1181 3068 13
1195 3045 1291 3077 περι-

211 3083 337 3115 ουσίαν
349 3081 475 3114 πᾶσαν
487 3079 552 3123 ΕΡ.
571 3079 584 3123 11
603 3079 642 3112 15
652 3073 751 3119 Ἐὰν]
763 3078 802 3111 έν
815 3078 847 3111 L
894 3077 957 3110 τοῦ
971 3074 1061 3110 ἰδίου
1075 3074 1206 3123 ἀνδρὸς
1213 3078 1264 3112 B!
1280 3077 1291 3115 ΙΙ

214 3129 253 3161 1Ί
278 3124 482 3171 φανερώσει
506 3124 580 3166 M‘,
598 3124 647 3156 B*
658 3136 688 3155 υ.
706 3124 724 3155 l.
753 3122 765 3177 11
797 3124 836 3157 18
862 3119 1027 3166 ανδράσι]
1064 3119 1240 3168 ἀνδράσιν
1269 3121 1291 3164 ἡ

218 3170 307 3218 γυνὴ
332 3171 455 3205 Nonam
479 3169 492 3213 Ι
519 3171 560 3204 19
584 3168 811 3214 συμποσιαζῃ
832 3163 855 3210 ἢ
876 3165 1084 3201 συλλούεται
1109 3168 1161 3201 B!
1171 3169 1294 3202 Nomen

214 3216 360 3250 convivit
379 3217 440 3248 aut
462 3214 594 3247 lavatur
618 3225 638 3250 e
652 3213 665 3256 11
684 3214 723 3247 21
743 3226 769 3257 μ
783 3215 791 3224 ’
853 3214 894 3246 Μ
896 3216 914 3234 ⁰
929 3212 942 3257 11
960 3212 991 3245 εἰ
1006 3211 1056 3257 μή
1077 3225 1113 3246 τι
1132 3225 1172 3259 γε
1190 3213 1258 3246 LB
1279 3210 1292 3257 11

213 3260 370 3303 τυχοῦσα
393 3260 451 3294 Pr.
472 3261 566 3293 codd.
581 3260 731 3302 plerique
751 3225 892 3300 Πεῖἕίοις
916 3271 973 3291 om.
989 3258 1040 3291 B!
1054 3258 1066 3302 11
1091 3260 1133 3293 22
1157 3255 1180 3301 ἢ
1204 3257 1293 3291 θεά-

214 3308 321 3351 τροις]
344 3302 368 3348 ἢ
392 3318 451 3340 om.
465 3304 511 3338 B¹
537 3305 549 3347 11
570 3302 864 3349 παραγενήσηται
889 3303 947 3337 Pr.
979 3301 1173 3350 παραβάλῃ
1195 3303 1259 3347 Ep.
1282 3300 1295 3347 11

215 3353 257 3386 23
280 3351 347 3392 τ’]
370 3349 412 3384 τὸ
436 3350 473 3383 Ε
493 3374 501 3383 .
530 3349 536 3393 Ι
570 3351 630 3383 καὶ
655 3362 713 3382 om.
727 3349 784 3381 Pr.
809 3349 874 3391 Ep.
898 3360 918 3385 ς
941 3347 954 3392 11
984 3350 1026 3382 25
1050 3348 1096 3382 Εἰ
1117 3349 1293 3393 μέντοιγε]

216 3395 281 3429 ἐὰν
304 3363 343 3429 δὲ
365 3396 423 3429 Pr.
443 3396 509 3438 Ep.
544 3394 550 3438 Ι
577 3395 671 3438 μιᾶς]
706 3392 806 3427 τινὸς
829 3394 893 3436 ΕΡ.
922 3393 934 3437 11
964 3395 1005 3427 26
1030 3390 1133 3435 ἰδίου]
1166 3393 1294 3427 οἰκείου

218 3442 265 3474 ΒΙ
313 3442 354 3475 27
368 3438 598 3480 ἐξωθεῖσθαι
614 3440 644 3472 L
668 3437 858 3481 ἐξωθῆσαι
870 3438 927 3472 Pr.
940 3452 969 3472 v.
981 3439 1014 3480 l.,
1028 3439 1093 3482 Ep.
1106 3438 1122 3483 11
1146 3439 1294 3472 ἐκείνων

219 3485 265 3518 L¹
310 3487 427 3528 ἐκείνη
450 3483 500 3528 μὴ
524 3483 654 3526 ἔχουσα
679 3486 733 3518 Pr.
744 3485 901 3527 plerique.
915 3484 981 3527 Ep.
998 3483 1011 3527 11
1036 3485 1079 3518 28
1102 3485 1225 3527 με’νειν
1236 3483 1293 3518 Pr.

218 3530 281 3573 Ep.
299 3531 312 3572 11
330 3530 367 3569 ἐξ
380 3526 535 3582 ἀνάγκης
553 3543 611 3563 οπι.
622 3529 687 3573 ΕΡ.
707 3528 720 3572 ΙΙ
736 3531 778 3563 30
792 3525 986 3573 ῥεπούδιον
999 3548 1039 3553 -
1052 3531 1206 3574 γυναικί]
1225 3540 1295 3571 χω-

219 3573 393 3617 ρισθῆναι
416 3586 478 3616 της
501 3572 664 3619 γυναικός
687 3574 746 3607 Pr.
761 3574 825 3618 Ep.
850 3574 862 3618 11
893 3575 933 3608 31
959 3575 1109 3619 γίνεται]
1142 3575 1294 3615 κατέστη

221 3619 284 3671 ΕΡ.
302 3618 315 3661 11
332 3621 374 3653 32
391 3618 457 3652 Τὰς
473 3616 512 3652 δὲ
528 3619 643 3653 αἰτίας
655 3638 698 3644 --
711 3615 916 3666 ρεπούδιον]
947 3618 1012 3652 Τὰς
1032 3618 1147 3653 αἰτίας
1171 3614 1222 3652 δι’
1242 3609 1296 3651 οἷν

221 3660 374 3707 ευλόγως
396 3661 547 3696 δύναται
577 3661 597 3705 ἡ
619 3663 708 3708 γυνὴ
739 3664 804 3697 τοῦ
829 3660 959 3708 ἀνδρὸς
983 3663 1214 3708 χωρισθῆναι
1237 3663 1294 3697 Pr.

224 3708 286 3751 Ep.
309 3707 324 3751 Ι
348 3709 390 3741 33
415 3707 525 3751 παρὰ]
550 3711 631 3755 περὶ
657 3709 702 3742 B‘

1363 2898 1465 2938 Beck]
1490 2899 1523 2930 et
1549 2898 1625 2931 libri
1650 2896 1662 2940 ΙΙ
1690 2897 1721 2930 si
1744 2909 1803 2929 om.
1827 2895 1878 2929 R²
1903 2895 1916 2940 11
1946 2895 2100 2928 habuerit
2125 2895 2158 2927 T
2188 2893 2333 2926 habeant
2357 2894 2401 2927 al.
2425 2893 2436 2937 11

1360 2943 1380 2975 6
1397 2943 1530 2976 fruatur
1545 2941 1665 2975 mulier
1679 2943 1712 2975 R
1728 2941 1740 2984 11
1761 2944 1778 2975 7
1795 2941 1841 2974 eis
1861 2941 1940 2974 VT¹
1956 2940 1969 2984 11
1996 2942 2016 2975 8
2035 2942 2086 2980 ex]
2112 2941 2203 2972 extra
2222 2938 2271 2972 R¹
2293 2938 2306 2982 11
2324 2940 2344 2972 9
2361 2939 2435 2981 qui—

1359 2987 1432 3020 dem
1457 2987 1651 3021 donationes
1683 2987 1735 3020 Va
1769 2987 1959 3019 donationis
1983 2985 2116 3027 quidem
2137 2985 2170 3017 R
2194 2984 2207 3028 11
2240 2986 2281 3017 10
2305 2994 2437 3017 omnem

1358 3033 1472 3065 mariti
1497 3034 1529 3067 T
1546 3033 1560 3077 11
1587 3034 1625 3067 11
1652 3031 1824 3074 antiquam
1847 3031 2051 3075 adplicamus
2073 3029 2180 3072 legem
2205 3030 2238 3063 T
2254 3028 2267 3072 11
2296 3031 2335 3063 15
2360 3029 2436 3063 uiro

1362 3078 1465 3111 R¹V¹
1483 3078 1497 3121 11
1523 3081 1563 3112 17
1588 3077 1799 3111 iuditiauerit
1823 3077 1902 3120 R¹fl
1927 3078 1966 3110 18
1990 3075 2110 3109 marito
2135 3077 2167 3108 et
2190 3074 2355 3107 extraneis
2375 3074 2436 3117 Vfl

1360 3123 1519 3165 convivit]
1544 3123 1648 3157 ooiuit
1671 3123 1787 3155 iuncta
1810 3123 1841 3155 T
1848 3122 1858 3142 ¹
1878 3121 1890 3165 11
1913 3124 1973 3154 aut
1993 3132 2066 3154 eum
2090 3121 2137 3153 eis
2161 3120 2293 3153 lauatur
2318 3121 2351 3153 in
2367 3131 2434 3153 ras.

1368 3168 1419 3201 V²
1452 3171 1511 3201 aut
1543 3171 1594 3209 (ut
1619 3169 1651 3202 T
1657 3167 1682 3210 ¹)
1712 3178 1786 3200 cum
1818 3167 1865 3200 eis
1896 3166 2030 3200 lauetux·
2053 3166 2087 3200 T
2117 3168 2175 3198 aut
2197 3164 2332 3198 lauatur
2360 3174 2435 3198 oum

1361 3214 1407 3245 eis
1418 3214 1452 3246 R
1469 3214 1481 3257 11
1498 3215 1536 3248 21
1557 3213 1656 3257 apud]
1681 3213 1723 3246 ad
1738 3213 1771 3246 T
1783 3213 1795 3256 11
1813 3214 1856 3246 22
1871 3214 1931 3246 aut
1949 3210 2168 3254 anphiteatris
2184 3211 2215 3243 T
2233 3212 2293 3243 aut
2309 3209 2434 3253 emphi-

1360 3259 1500 3292 theatris
1522 3259 1574 3300 R,
1599 3272 1657 3292 om.
1686 3258 1721 3292 V
1738 3257 1753 3301 11
1782 3257 1937 3290 interfuit
1963 3257 2036 3290 RV
2055 3256 2068 3299 ΙΙ
2098 3257 2140 3290 25
2165 3256 2195 3288 si
2219 3257 2307 3297 ergo]
2339 3254 2433 3296 signo

1370 3304 1419 3336 V²
1441 3305 1453 3348 11
1479 3304 1648 3347 contigere
1674 3304 1723 3337 T¹
1752 3302 1765 3346 11
1793 3303 1881 3335 circa
1907 3302 1955 3336 Τι
1984 3301 1997 3345 11
2025 3303 2067 3335 26
2092 3311 2228 3333 uxorem
2251 3310 2344 3333 suam
2366 3298 2401 3331 R
2422 3301 2435 3341 11

1362 3350 1403 3382 27
1424 3351 1482 3382 aut
1505 3350 1550 3383 R¹
1585 3352 1617 3382 et
1642 3348 1699 3392 Τ11
1715 3348 1815 3391 apud]
1840 3347 1881 3380 ad
1904 3346 2018 3390 R¹Vu
2035 3349 2142 3389 posset
2167 3346 2200 3379 T
2212 3344 2226 3389 11
2250 3346 2292 3378 29
2315 3343 2433 3376 marito

1361 3393 1487 3426 nullam
1509 3405 1575 3428 esse
1599 3394 1654 3438 Τ11
1673 3395 1712 3428 31
1737 3392 1848 3425 existit
1869 3393 1913 3434 V]
1938 3392 2059 3425 existat
2083 3391 2241 3434 RTvulq.
2260 3388 2332 3432 1132
2344 3389 2431 3421 rubr.

1361 3439 1410 3471 De
1430 3439 1578 3482 repudiis
1600 3439 1642 3472 ab
1665 3449 1767 3472 uxore
1791 3437 1961 3470 mittendis
1985 3437 2052 3470 ΒΤ
2071 3448 2133 3480 mq.
2156 3435 2208 3476 (ex
2229 3433 2306 3474 Iul.)
2333 3431 2345 3475 11
2371 3443 2432 3475 pro

1362 3494 1420 3516 om.
1434 3484 1482 3517 R¹
1510 3485 1524 3529 11
1552 3485 1594 3520 33
1616 3484 1791 3528 repudium
1815 3483 1904 3516 mitti
1931 3483 1969 3524 T,
2003 3480 2095 3514 mitti
2118 3492 2174 3514 om.
2195 3478 2228 3512 R
2256 3477 2268 3519 ΙΙ
2296 3478 2329 3510 et
2354 3479 2430 3510 add.

1363 3528 1455 3562 Beck
