2586 3990
151 164 208 195 ΕΤ
237 163 295 193 DE
326 160 493 194 DECIMA
523 160 668 192 PARTE
697 161 812 193 LITIS

149 263 234 305 θείη
259 261 487 307 πιπράσκειν,
511 258 610 295 οὕτω
633 264 758 304 μέντοι
783 258 870 295 ὥςτε
895 262 932 295 ἐκ
953 263 1016 296 τοῦ
1034 261 1231 306 τιμήματος

149 310 291 342 τούτων
311 311 411 352 μέχρι
434 308 495 348 τῆς
514 307 578 340 τοῦ
595 309 714 350 χρέους
738 307 939 350 ποσότητος
959 308 1000 341 τὸ
1021 308 1147 342 ἱκανὸν
1169 304 1228 340 αὐ-

149 353 215 387 τὸν
239 354 385 395 ποιῆσαι
415 353 467 393 τῷ
494 349 673 398 δανειστῇ.
722 354 753 385 εἰ
777 350 817 386 δὲ
838 353 946 386 τοῦτο
978 354 1026 396 μὴ
1059 352 1228 399 πράξειεν

150 397 169 431 ὁ
194 395 389 445 χρεώστης,
421 394 566 440 δίδομεν
591 394 718 430 ἄδειαν
749 399 801 440 τῷ
833 395 1000 445 δανειστῇ
1033 399 1084 441 τῷ
1111 399 1230 440 ἔχοντι

150 443 218 486 τὴν
246 439 439 485 ὑποθήκην
469 443 533 475 τοῦ
567 440 860 487 διαπεπραμένου
886 442 1093 489 πράγματος
1121 444 1229 477 τοῦτο

151 486 349 529 διεκδικεῖν,
384 489 503 532 μέχρις
539 483 624 520 ὅτου
661 488 703 521 τὸ
741 487 869 521 ἱκανὸν
905 486 1003 531 αὐτῷ
1039 486 1129 533 ὑπὲρ
1162 489 1227 522 τοῦ

149 537 267 578 χρέους
289 534 444 579 γένηται.
494 533 611 566 ταῦτα
636 531 675 566 δὲ
697 532 964 578 προςτάττομεν
995 532 1229 579 παραφυλάτ-

151 579 302 621 τεσθαι,
326 577 357 610 εἰ
380 577 428 620 μὴ
453 576 561 619 τυχὸν
585 578 763 623 πρότερον
787 577 809 620 ἢ
833 576 892 611 διὰ
916 576 1030 621 ἰδικῆς
1053 576 1229 622 ὀνομαστὶ

151 617 173 663 ἢ
197 621 257 656 διὰ
281 623 420 668 γενικῆς
445 620 633 676 ὑποθήκης
655 624 697 657 τὸ
726 620 813 656 αὐτὸ
840 625 989 668 πρᾶγμα
1021 625 1143 665 ἔτυχεν
1167 622 1227 656 (ἱλ-

1211 146 1293 194 525

2002 148 2109 191 Nov.
2132 147 2249 191 CXII
2282 150 2317 189 1.
2349 149 2373 188 2

1298 271 1377 295 men
1402 261 1442 295 ut
1463 270 1506 295 ex
1526 259 1641 306 pretio
1658 268 1781 293 earum
1805 268 1918 304 usque
1939 259 1984 294 ad
2008 258 2116 293 debiti
2142 257 2375 302 quantitatem

1298 306 1522 341 satisfaceret
1558 304 1735 340 creditori.
1791 303 1828 338 Si
1862 307 1980 339 autem
2016 304 2084 339 hoc
2126 303 2265 338 debitor
2303 313 2375 338 non

1297 351 1433 392 fecerit,
1459 351 1582 387 damus
1607 349 1772 385 creditori
1797 348 1994 390 licentiam,
2021 350 2078 393 qui
2103 359 2176 383 rem
2198 347 2374 382 venditam

1300 397 1522 441 suppositam
1547 396 1670 435 habet,
1703 394 1851 428 eandem
1875 404 1948 428 rem
1975 394 2171 434 vindicare,
2206 393 2319 428 donec
2344 393 2377 427 ei

1267 443 1385 478 {isatis
1418 452 1482 486 pro
1507 441 1626 476 debito
1650 440 1723 474 fiat.
1772 439 1871 473 Haec
1900 442 2018 474 autem
2049 439 2286 484 praecipimus
2312 438 2375 473 ob-

1299 488 1450 528 servari,
1486 486 1516 521 si
1547 497 1619 521 non
1650 485 1743 520 forte
1778 486 1860 518 ante
1893 488 1955 518 aut
1985 493 2050 528 per
2080 484 2277 528 generalem
2313 486 2377 518 aut

1298 542 1363 577 per
1379 531 1568 577 specialem
1590 529 1795 565 nominatim
1815 529 2050 573 hypothecam
2075 529 2197 563 eadem
2218 539 2274 563 res
2296 528 2376 563 aliis

1298 578 1407 612 fuerit
1446 576 1681 611 creditoribus
1717 575 1889 618 obligata3
1931 579 2016 608 tunc
2052 574 2143 608 enim
2180 574 2375 608 secundum

1298 625 1499 657 nostrarum
1523 621 1638 664 legum
1669 624 1827 655 tenorem
1859 623 2057 663 temporum
2090 619 2271 664 privilegia
2295 618 2375 652 uni-

150 667 221 702 λοις
244 665 446 701 δανεισταῖς
477 670 780 712 υποτεθειμένον·
820 667 905 702 τότε
935 682 1004 714 γαρ
1036 669 1128 702 κατὰ
1161 668 1228 711 τὴν
1246 672 1284 702 10
1300 669 1426 711 cuique
1452 666 1665 701 Creditorum
1697 665 1828 700 servari
1853 665 2084 700 decernimus.
2132 665 2189 698 EX
2213 675 2282 708 quo
2306 663 2377 697 iam

149 714 224 747 τῶν
241 709 425 758 ἡμετέρων
450 713 575 757 νόμων
600 712 755 757 δύναμιν
777 714 823 747 τὰ
849 713 1031 759 προνόμια
1054 715 1132 746 τῶν
1148 711 1229 759 χρό-
1299 714 1427 755 claret,
1461 711 1557 756 quod
1580 711 1762 756 generales
1786 710 2004 755 hypothecas
2035 710 2144 744 multo
2169 709 2280 753 magis
2304 708 2376 742 liti-

148 771 227 791 νων
251 758 306 792 ἑνὶ
330 756 471 801 ἑκάστῳ
501 760 579 793 τῶν
608 757 809 793 δανειστῶν
841 757 1074 804 φυλαχθῆναι
1099 758 1230 793 θεσπί-
1297 758 1386 801 giosi
1410 757 1582 793 vocabulo
1614 756 1776 790 nolumus
1810 755 2002 797 contineri,
2035 755 2096 789 sed
2121 765 2240 790 earum
2265 753 2375 805 actio-

150 805 265 847 ζομεν.
314 800 408 837 ὅθεν
425 806 534 849 σαφὲς
549 805 785 847 καθέστηκεν,
812 800 871 837 ὅτι
894 803 958 837 τὰς
976 803 1118 849 γενικὰς
1142 800 1229 837 ὑπο-
1299 813 1361 838 nes
1393 802 1586 838 secundum
1617 805 1775 836 veterum
1805 800 1921 843 legum
1954 801 2150 835 constituta
2181 799 2377 834 examinari

149 847 267 891 θήκας
291 847 415 892 πολλῷ
438 848 577 892 μᾶλλον
600 852 644 896 τῇ
668 850 732 882 τοῦ
755 849 925 892 litigiosov
950 851 1164 894 προςηγορίᾳ
1188 844 1229 881 οὗ
1298 852 1334 883 et
1359 848 1428 882 vim
1459 846 1698 892 praecipimus
1731 845 1902 881 obtinere.
1950 845 2000 879 Et
2030 846 2119 880 haec
2155 844 2296 889 quidem
2331 843 2377 895 de

149 893 362 938 βουλόμεθα
387 895 638 938 περιέχεσθαι,
671 891 761 927 ἀλλὰ
792 894 856 927 τὰς
879 891 1022 927 τούτων
1046 895 1231 939 ἑναγωγὰς
1247 895 1284 927 15
1299 893 1460 937 litigiosis
1484 896 1520 927 et
1543 891 1691 937 speciali
1715 901 1781 926 nec
1805 901 1876 926 non
1900 891 2057 935 generali
2081 890 2282 935 hypotheca
2307 887 2375 922 d1s-

150 940 241 972 κατοὶ
277 939 358 973 τοὺς
389 941 465 973 τῶν
497 939 665 974 παλαιῶν
697 939 823 983 νόμων
859 935 961 983 ὅρους
993 937 1230 979 ἐξετάζεσθαι
1299 939 1499 983 posuimus,
1531 942 1571 972 ut
1594 938 1663 972 iam
1693 937 1791 971 nulla
1823 936 1866 970 de
1892 937 1947 970 his
1977 936 2012 970 in
2036 935 2174 970 iudiciis
2200 934 2376 969 dubitatio

150 987 209 1017 καὶ
241 984 308 1027 τὴν
340 982 437 1018 ἰδίαν
473 983 628 1028 δύναμιν
663 986 755 1027 ἔχειν
791 983 1122 1028 παρακελευόμεθα.
1171 986 1230 1016 καὶ
1299 987 1496 1026 generetur,
1529 982 1591 1018 sed
1616 982 1811 1017 secundum
1835 981 2002 1027 (dictam)
2025 980 2287 1016 distinctionem
2310 979 2375 1013 hu·

151 1030 267 1063 ταῦτα
290 1032 357 1073 μὲν
377 1033 459 1074 περὶ
479 1031 557 1063 τῶν
573 1030 758 1073 litigiosam
782 1032 840 1062 καὶ
864 1031 927 1071 τῆς
950 1028 1072 1072 ἰδικῆς,
1097 1028 1139 1062 οὐ
1157 1028 1231 1073 μὴν
1299 1028 1450 1064 iusmodi
1475 1028 1667 1064 certamina
1689 1027 1932 1062 terminentur.

151 1072 242 1108 ἄλλα
267 1078 325 1108 καὶ
348 1076 487 1121 γενικῆς
511 1073 698 1117 ὑποθήκης
722 1072 1007 1118 διετυπώσαμεν,
1040 1071 1129 1108 ὥςτε
1160 1072 1230 1107 λοι-

151 1123 225 1154 πόν
240 1118 419 1164 μηδεμίαν
435 1123 516 1164 περὶ
536 1121 679 1154 τούτων
698 1122 738 1153 ἐν
756 1123 829 1153 τοῖς
845 1117 1085 1165 δικαστηρίοις
1105 1117 1229 1163 ἀμφις-
1243 1121 1286 1153 20

150 1164 305 1208 βήτησιν
326 1165 527 1206 τίκτεσθαι,
553 1164 639 1199 ἀλλὰ
658 1165 748 1199 κατὰ
767 1165 835 1207 τὴν
852 1165 1039 1208 εἰρημένην
1056 1162 1231 1209 διαίρεσιν

151 1211 232 1244 τοὺς
250 1210 432 1244 τοιούτους
455 1208 598 1256 ἀγῶνας
619 1213 747 1255 πέρατι
769 1208 1053 1254 παραδίδοσθαι.

1148 1321 1304 1358 CAPUT
1328 1320 1376 1356 II.

200 1393 225 1423 Β
268 1391 364 1435 Πρὸς
388 1389 427 1424 δὲ
449 1387 490 1424 τὸ
518 1387 728 1424 ἀποκλεῖσαι
752 1391 816 1423 τὰς
838 1389 916 1423 τῶν
938 1390 1029 1423 κατὰ
1054 1402 1233 1435 συκοφαν-
1358 1388 1415 1423 Ad
1438 1388 1677 1423 excludendas
1702 1390 1818 1422 autem
1844 1388 2060 1423 calumniose
2089 1387 2301 1422 moventium
2325 1386 2377 1420 in-

151 1439 235 1469 τιάν
266 1437 467 1469 κινούντων
496 1435 677 1480 ἑναγωγὰς
708 1438 767 1468 καὶ
790 1435 871 1469 τοὺς
901 1436 978 1468 τῶν
1002 1436 1233 1478 ἑκβιβαστιῦν
1301 1434 1478 1468 tentiones
1518 1437 1554 1468 et
1588 1436 1817 1468 executorum
1858 1433 2002 1468 fraudes
2041 1435 2077 1468 et
2112 1433 2210 1467 aliud
2247 1431 2380 1466 invenit

153 1479 276 1514 δόλους
308 1484 367 1514 καὶ
392 1480 503 1523 ἄλλην
527 1481 675 1525 ἐφεῦρεν
706 1478 727 1520 ἡ
753 1478 907 1526 ἡμετέρα
937 1481 1092 1525 πρόνοια
1121 1480 1232 1525 θερα-
1246 1482 1286 1514 25
1301 1479 1524 1524 providentia
1554 1482 1680 1514 nostra
1710 1478 1913 1513 remedium.
1963 1478 2149 1513 sancimus
2181 1477 2273 1512 enim
2305 1487 2378 1511 om-

153 1530 269 1560 πείαν.
317 1526 543 1568 θεσπίζομεν
578 1526 646 1571 γὰρ
682 1523 821 1559 πάντας
855 1525 936 1559 τοὺς
974 1524 1161 1567 δικαστάς,
1202 1525 1238 1558 εἴ
1301 1535 1365 1559 nes
1388 1524 1540 1566 iudices,
1573 1524 1766 1569 siquando
1799 1524 1937 1568 aliquos
1968 1524 2082 1558 teneri
2114 1523 2167 1558 vel
2200 1521 2379 1557 admoneri

152 1574 244 1606 ποτέ
271 1583 372 1605 τινας
401 1571 624 1613 συσχεθῆναι
655 1570 766 1616 ἤγουν
795 1570 1082 1614 ὑπομνησθῆναι
1106 1570 1231 1615 βουλη-
1301 1570 1487 1610 voluerint,
1513 1569 1606 1605 hanc
1632 1569 1873 1605 condicionem
1895 1570 1930 1604 in
1950 1569 2023 1604 suis
2047 1567 2379 1603 interlocutionibus

151 1617 266 1659 θεῖεν,
301 1614 439 1658 ταύτην
473 1618 542 1658 τὴν
578 1617 716 1659 αἵρεσιν
750 1620 827 1650 ταῖς
863 1617 1003 1650 ἑαυτῶν
1035 1614 1233 1650 διαλαλιαῖς
1302 1615 1459 1656 adicere,
1491 1617 1532 1649 ut
1555 1625 1627 1650 non
1651 1615 1754 1650 aliter
1779 1615 2066 1649 conventionales
2096 1613 2206 1648 libelli
2229 1612 2379 1657 pulsatis

152 1661 400 1705 προςτιθέναι,
425 1657 512 1695 ιδ’ςτε
527 1661 576 1704 μὴ
592 1660 708 1695 ἄλλως
727 1662 771 1695 τὰ
794 1662 871 1695 τῶν
888 1661 1083 1695 αἰτιάσεων
1106 1660 1233 1705 βιβλία
1302 1661 1531 1705 porrigantur
1562 1664 1624 1695 aut
1649 1660 1831 1705 sportulae
1862 1660 2113 1695 executoribus
2139 1659 2278 1698 dentur,
2311 1656 2381 1691 nisi

150 1710 223 1740 τοῖς
247 1708 473 1752 ἐναγομένοις
497 1704 732 1740 ἐπιδίδοσθαι
764 1705 786 1749 ἢ
811 1704 1018 1751 σπόρτουλα
1041 1710 1114 1740 τοῖς
1138 1709 1175 1740 ἐκ
1205 1721 1232 1740 ι-
1246 1709 1288 1741 30
1303 1706 1402 1751 prius
1432 1710 1467 1740 et
1498 1706 1534 1739 in
1566 1706 1684 1740 libello
1718 1707 1820 1740 actor
1850 1716 1915 1750 per
1939 1715 1977 1740 se
2006 1707 2069 1740 aut
2097 1714 2163 1749 per
2185 1702 2380 1739 tabularios

150 1754 302 1795 βασταῖς
323 1751 563 1796 παρέχεσθαι,
588 1753 619 1783 εἰ
633 1753 682 1795 μὴ
700 1753 879 1797 πρότερον
895 1756 954 1785 καὶ
971 1754 1010 1786 ἐν
1027 1753 1079 1795 τῷ
1098 1756 1165 1796 βιβ
1188 1755 1231 1795 ίῳ
1302 1751 1553 1795 subscripserit
1591 1756 1627 1785 et
1662 1751 1753 1785 actis
1787 1751 2102 1785 intervenientibus
2139 1749 2380 1783 fideiussorem

152 1794 171 1830 ὁ
190 1797 331 1842 ε’·νάγων
352 1795 375 1839 ἢ
400 1795 451 1830 δι’
475 1798 604 1830 ἑαυτοῦ
629 1795 651 1839 ἢ
677 1795 735 1830 διὰ
751 1795 988 1843 ταβουλαρίου
1011 1795 1233 1844 ὑπογράψειε
1301 1797 1466 1831 idoneum
1483 1796 1642 1841 periculo
1665 1796 1897 1841 competentis
1916 1795 2024 1830 officii
2042 1794 2268 1839 praestiterit,
2295 1804 2379 1828 con-

151 1845 211 1875 καὶ
250 1842 411 1887 πράξεως
450 1840 721 1886 ὑμομνημάτων
761 1846 1021 1886 συνισταμένης
1059 1843 1233 1889 ἐγγυητὴν
1300 1842 1458 1877 fitentem
1490 1842 1584 1886 quod
1615 1844 1650 1876 et
1680 1852 1792 1886 usque
1822 1841 1869 1876 ad
1892 1841 1997 1876 finem
2028 1841 2099 1875 litis
2132 1841 2317 1885 permanet
2347 1842 2382 1873 et

152 1886 368 1927 ἀξιόπιστον
399 1888 575 1931 παράσχοι
606 1886 763 1930 κινδύνῳ
797 1889 859 1931 τῆς
891 1885 1061 1932 ἁρμοδιάς
1088 1887 1232 1931 τάξεως,
1305 1898 1388 1922 suas
1412 1886 1628 1922 intentiones
1660 1890 1723 1921 aut
1747 1897 1811 1932 per
1836 1897 1874 1921 se
1905 1890 1969 1921 aut
1992 1896 2056 1931 per
2077 1886 2269 1929 legitimum
2296 1894 2380 1928 pro-

152 1932 398 1978 ὁμολογοῦντα
423 1930 552 1978 ὅτιπερ
569 1936 744 1978 καὶμέχρι
761 1936 912 1978 πέρατος
933 1935 995 1976 τῆς
1018 1931 1114 1977 δίκης
1131 1945 1233 1978 προς-
1249 1937 1290 1969 35
1305 1936 1505 1968 curatorem
1535 1936 1694 1974 exercet,
1731 1935 1768 1967 et
1799 1932 1828 1967 si
1861 1937 1988 1976 postea
2021 1931 2129 1966 fuerit
2162 1931 2381 1975 adprobatus

153 1976 286 2022 εδρεύει
317 1981 377 2011 καὶ
407 1979 471 2011 τὰς
496 1977 587 2011 ἰδίας
618 1979 803 2024 ἐναγωγὰς
832 1977 854 2021 ἢ
886 1977 937 2012 δι’
965 1979 1093 2012 ἑαυτοῦ
1125 1980 1150 2022 ἦ
1173 1977 1234 2012 διὰ
1301 1979 1433 2013 iniuste
1457 1977 1552 2012 litem
1576 1978 1745 2021 movisse,
1770 1981 1976 2022 sumptuum
2000 1981 2036 2012 et
2060 1986 2295 2021 expensarum
2318 1985 2380 2009 no-

153 2027 304 2067 νομίμου
325 2023 495 2056 έντολέως
517 2022 745 2069 ἐγγυμνάζει,
770 2027 830 2056 καὶ
856 2024 886 2056 εἰ
907 2025 996 2067 μετὰ
1024 2026 1141 2058 ταῦτα
1166 2023 1233 2057 δει-

154 2068 259 2110 χθείη
284 2067 416 2102 ἀδίκως
445 2069 513 2110 τὴν
537 2066 640 2110 δίκην
664 2070 826 2111 κινήσας,
858 2067 1013 2113 ὀνόματι
1039 2067 1233 2113 ἀναλωμά-

224 2160 266 2192 26
292 2159 516 2200 Θεσπίζομεν
541 2177 583 2182 -
607 2160 728 2198 526,10
751 2158 1004 2203 συγχωροῦμεν
1029 2171 1067 2192 ex
1091 2160 1125 2192 Β
1148 2161 1245 2192 habet
1266 2160 1316 2192 B⁸
1338 2160 1370 2192 A
1394 2161 1448 2201 26,
1466 2167 1482 2193 6
1503 2172 1538 2202 p.
1553 2160 1616 2193 227
1642 2160 1746 2192 Zach.

156 2282 205 2306 eac
229 2279 351 2304 earum
370 2269 492 2314 pretio
525 2279 638 2314 usque
671 2269 720 2303 ad
742 2268 854 2304 debiti
876 2268 1114 2314 quantitatem
1145 2267 1316 2303 creditori
1341 2269 1557 2313 satisfaciat.
1605 2267 1646 2303 Si
1669 2279 1753 2304 vero
1778 2268 1918 2304 debitor
1942 2269 2011 2304 hoe
2034 2280 2107 2303 non
2129 2269 2274 2314 fecerit,
2306 2281 2378 2305 cre-

158 2315 266 2350 ditori
292 2314 353 2359 qui
377 2313 614 2360 hypothecam
638 2315 675 2348 in
697 2325 738 2348 re
761 2313 904 2349 vendita
928 2312 1033 2347 habet
1057 2313 1237 2348 licentiam
1261 2313 1388 2348 damus
1411 2325 1488 2347 eam
1513 2313 1736 2355 vindicandi,
1769 2313 1884 2348 donec
1907 2314 1951 2348 de
1975 2314 2090 2349 debito
2122 2314 2193 2359 ipsi
2215 2315 2379 2359 satisfiat.

158 2361 260 2395 Haec
284 2364 401 2393 autem
425 2358 609 2393 observari
634 2358 814 2399 volumus,
847 2358 917 2392 nisi
938 2359 1039 2402 forte
1062 2357 1186 2393 eadem
1210 2368 1269 2392 res
1293 2362 1399 2393 antea
1425 2359 1480 2393 vel
1501 2359 1651 2404 speciali
1675 2359 1885 2393 nominatim
1917 2359 1973 2393 vel
1992 2359 2156 2404 yenerali
2179 2358 2382 2405 hypotheca

158 2406 241 2440 aliis
265 2403 501 2439 creditoribus
526 2403 686 2448 obliyata
708 2404 841 2448 fuerit:
877 2408 961 2437 tunc
984 2403 1077 2437 enim
1105 2403 1299 2437 secundum
1331 2402 1448 2448 leyum
1473 2408 1681 2437 nostrarum
1713 2404 1782 2437 vim
1808 2409 2006 2449 temporum
2023 2404 2220 2449 privileyia
2244 2406 2381 2439 unicui-

159 2462 227 2497 que
263 2448 434 2484 creditori
471 2451 608 2484 servari
643 2449 833 2483 sancimus.
886 2447 984 2483 Unde
1016 2447 1248 2492 manifestum
1283 2452 1337 2483 est
1366 2448 1554 2493 yeuerales
1585 2447 1808 2494 hypothecas
1843 2449 1955 2484 multo
1987 2451 2104 2483 minus
2135 2459 2201 2484 nos
2233 2449 2382 2495 litiyiosi

159 2494 403 2541 appellatione
427 2494 604 2528 contineri
628 2493 732 2535 velle,
764 2493 828 2528 sed
850 2504 974 2528 earum
1004 2493 1166 2527 actiones
1195 2497 1235 2527 ut
1262 2493 1455 2527 secundum
1487 2497 1643 2528 veterum
1673 2493 1790 2538 leyum
1823 2493 2048 2537 definitiones
2071 2495 2324 2529 examinentur
2347 2499 2383 2530 et

159 2542 227 2576 vim
258 2550 360 2574 suam
394 2538 548 2574 habeant
571 2540 796 2586 praecipere.
843 2540 960 2584 Atque
993 2537 1080 2572 haec
1112 2537 1253 2583 quidem
1285 2538 1329 2572 de
1360 2538 1528 2582 litiyiosis
1558 2542 1592 2573 et
1620 2539 1772 2583 speciali
1801 2550 1865 2573 nec
1889 2550 1961 2574 non
1992 2539 2158 2585 yenerali
2179 2539 2382 2585 hypotheca

160 2585 419 2625 constituimus,
444 2590 484 2618 ut
505 2584 542 2617 in
563 2589 749 2629 posterum
773 2584 816 2619 de
842 2584 897 2618 his
921 2583 1022 2618 nulla
1045 2583 1221 2617 dubitatio
1246 2582 1283 2617 in
1304 2583 1447 2618 iudiciis
1470 2583 1622 2625 oriatur,
1646 2584 1710 2619 sed
1723 2583 1917 2619 secundum
1936 2584 2165 2629 praedictam
2183 2585 2381 2620 distinctio-

159 2642 237 2666 nem
262 2629 435 2665 eiusmodi
459 2629 655 2664 certamina
680 2629 729 2664 ad
747 2630 855 2673 finem
873 2629 1136 2674 perducantur.

293 2675 337 2709 II.
386 2674 443 2709 Ad
465 2673 711 2709 excludendas
742 2679 859 2709 autem
891 2674 1050 2708 actiones
1080 2684 1203 2708 eorum
1234 2673 1297 2718 qui
1318 2684 1391 2719 per
1415 2673 1630 2708 calumniam
1663 2684 1724 2708 eas
1747 2678 1889 2709 movent
1912 2677 1947 2709 et
1970 2678 2204 2710 executorum
2227 2675 2383 2721 fraudes

159 2721 266 2757 etiam
299 2720 400 2754 aliud
429 2719 621 2754 remedium
647 2719 880 2765 providentia
912 2723 1038 2753 nostra
1070 2718 1214 2753 invenit.
1269 2718 1458 2753 Sancimus
1489 2718 1599 2760 enim,
1635 2724 1675 2753 ut
1709 2730 1830 2753 omnes
1859 2718 2010 2761 iudices,
2045 2719 2078 2753 si
2110 2722 2255 2765 quando
2290 2732 2382 2767 quos

160 2765 272 2801 teneri
302 2766 375 2800 sive
407 2764 593 2799 admoneri
622 2764 810 2806 voluerint,
843 2763 937 2799 hanc
968 2763 1212 2798 condicionem
1243 2763 1579 2798 interlocutionibus
1609 2764 1684 2798 suis
1715 2764 1893 2806 adiciant,
1925 2775 1969 2799 ne
2000 2764 2105 2799 aliter
2138 2765 2248 2801 libelli
2277 2777 2381 2802 accu-

158 2811 310 2846 sationis
332 2810 404 2844 reis
427 2809 557 2844 dentur
588 2815 653 2844 aut
674 2809 862 2855 sportulae
892 2808 1146 2844 executoribus
1174 2808 1430 2853 praebeantur,
1461 2808 1532 2842 nisi
1589 2809 1666 2843 rius
1689 2813 1791 2843 actor
1819 2813 1854 2844 et
1884 2809 1921 2842 in
1951 2809 2068 2844 libello
2096 2810 2152 2845 vel
2182 2822 2249 2845 sua
2273 2822 2381 2845 manu

159 2857 214 2891 vel
231 2867 302 2901 per
324 2855 539 2890 tabularium
563 2855 818 2900 subscripserit
841 2859 874 2889 et
898 2854 989 2888 actis
1013 2853 1326 2888 intervenientibus
1348 2852 1516 2888 idoneum
1567 2853 1786 2888 deiussorem
1802 2855 2031 2899 praestiterit
2049 2855 2216 2900 periculo
2241 2866 2381 2903 compe-

162 2903 266 2936 tentis
291 2901 426 2945 officii,
460 2900 521 2944 qui
541 2900 734 2945 promittat
764 2911 843 2934 eum
874 2910 986 2944 usque
1017 2898 1066 2932 ad
1091 2898 1199 2943 finem
1230 2898 1303 2932 litis
1329 2908 1608 2943 permansurum
1641 2903 1675 2933 et
1706 2899 1866 2934 actiones
1892 2910 1979 2934 suas
2010 2900 2066 2934 vel
2089 2911 2158 2945 per
2181 2911 2219 2935 Se
2241 2901 2295 2936 vel
2310 2913 2383 2947 per

161 2947 354 2992 leyitimum
371 2952 649 2990 procuratorem
671 2946 915 2980 exerciturum
938 2953 1023 2984 esse,
1048 2947 1083 2979 et
1104 2943 1137 2978 si
1156 2947 1285 2990 postea
1309 2943 1439 2978 iniuste
1463 2943 1556 2978 litem
1581 2944 1731 2978 movisse
1751 2943 1938 2990 probetur,
1960 2948 2167 2991 sumptuum
2191 2949 2224 2981 et
2247 2957 2380 2992 expen-

207 3059 226 3091 2
247 3057 388 3090 τούτων
404 3077 446 3081 ——
460 3057 658 3098 ποσότητος
682 3070 739 3090 om.
754 3058 785 3090 L
801 3056 813 3095 ΙΙ
833 3059 852 3091 3
869 3055 929 3100 μὴ]
954 3057 1021 3099 μὲν
1037 3057 1072 3089 Β
1089 3056 1100 3097 ΙΙ
1120 3058 1139 3089 5
1162 3052 1237 3088 δια-

162 3105 392 3145 πεπραμένου
417 3103 488 3142 Βς]
520 3100 832 3146 διαπεπραγμένου
860 3103 930 3134 ML
956 3102 967 3137 ΙΙ
991 3103 1010 3134 6
1036 3098 1145 3133 αὐτοῦ
1172 3102 1202 3134 L
1226 3100 1237 3145 ΙΙ

163 3152 180 3181 7
206 3150 335 3191 χρέους]
360 3145 489 3203 χρόνου
513 3149 563 3180 La
582 3147 593 3190 ΙΙ
618 3149 636 3180 8
663 3146 842 3203 ίδιακῆςῇ
859 3146 870 3190 ΙΙ
892 3149 932 3180 10
950 3144 1238 3198 ὑποτεθημένων

163 3194 202 3226 Μ
221 3200 232 3234 u
259 3195 299 3226 12
325 3192 558 3235 θεσπιζομεν]
583 3193 776 3235 νομιζομεν
800 3193 834 3225 Β
862 3195 872 3231 ΙΙ
900 3194 940 3226 14
962 3192 1113 3233 litigiosu
1137 3202 1237 3236 προς-

161 3241 306 3283 ηγορεία
331 3239 376 3270 Μ
392 3237 404 3280 ΙΙ
432 3236 472 3269 οὗ
499 3250 556 3269 om.
572 3239 605 3270 Β
623 3239 634 3280 ΙΙ
664 3240 701 3271 17
727 3239 786 3269 καὶ
809 3237 927 3269 ταῦτα
952 3256 990 3260 —
1019 3238 1061 3270 22
1086 3234 1238 3280 παραδί-

163 3281 300 3316 δοσθαι
325 3296 382 3339 σπι.
401 3283 433 3314 Β
451 3282 462 3326 ΙΙ
482 3284 523 3334 21}
551 3284 576 3322 ἕ
602 3284 633 3315 in
651 3295 711 3336 my.
731 3284 806 3314 add.
825 3282 885 3324 Lss
904 3284 946 3335 25
971 3281 1149 3325 πρόνοιαν
1165 3281 1239 3325 Lau

164 3330 205 3362 26
229 3329 451 3370 Θεσπιζομεν
472 3338 612 3361 παντας
627 3338 708 3360 τους
725 3324 892 3359 δικαστας
917 3339 977 3359 mc.
995 3329 1028 3359 Β
1051 3327 1063 3370 ΙΙ
1089 3329 1128 3360 27
1155 3340 1238 3360 τινα

163 3374 213 3406 3⁸
230 3374 241 3416 Η
261 3375 302 3429 ἳβ
328 3371 451 3438 αύτῷἷ
476 3372 560 3450 Bsssi
578 3370 871 3457 δ’θδῖἶωιίἶιῗολῆα
894 3372 932 3449 eLr
953 3371 1152 3460 {emmffeffi
1170 3373 1239 3449 ξι]

163 3420 374 3506 {buza-1293&
389 3419 437 3495 gs
470 3417 527 3505 {lier
551 3428 731 3494 tabularios
756 3474 774 3498 ς
798 3463 808 3504 [Ι
837 3428 1070 3506 *υΡπογράξμοι
1097 3463 1204 3495 MLB
1229 3463 1239 3505 ΙΙ

165 3509 209 3542 34
233 3505 404 3553 ἀρμοὸίου
416 3508 463 3540 Β1ς
482 3508 493 3551 ΙΙ
512 3509 551 3540 37
578 3505 786 3553 ἐκγυμνάζει
812 3508 894 3539 LB⁶
911 3507 923 3550 ss
948 3505 1076 3553 δειχθῇ
1100 3508 1150 3541 Bc

234 3645 249 3676 1
275 3642 421 3675 debitum
446 3642 547 3676 R¹T²
572 3642 584 3685 ΙΙ
609 3643 628 3674 3
654 3641 811 3674 creditori
834 3654 891 3674 om.
910 3641 957 3674 R¹
983 3640 995 3684 ΙΙ
1018 3644 1039 3675 4
1064 3642 1238 3675 uendicare

169 3687 352 3726 (uenditare
372 3689 437 3728 Va)
456 3690 494 3721 R
505 3688 567 3721 VT
585 3687 596 3731 ΙΙ
615 3687 661 3720 eis
687 3688 717 3720 R
734 3687 746 3730 ΙΙ
771 3689 789 3720 5
814 3686 911 3718 fatiat
935 3688 966 3719 R
983 3686 995 3729 ΙΙ
1020 3689 1037 3720 7
1064 3689 1238 3730 ypothecas

169 3732 301 3765 eandem
322 3733 370 3765 R¹
387 3733 399 3776 11
418 3735 437 3767 8
454 3734 562 3766 fuerat
583 3733 615 3765 R
633 3732 645 3777 ss
662 3734 681 3767 9
706 3734 902 3774 nostrarum]
928 3742 1092 3765 sacrarum
1109 3735 1238 3766 nostra-

1304 3066 1379 3088 rum
1398 3055 1432 3087 R
1445 3056 1529 3098 vuly.
1549 3054 1561 3099 ΙΙ
1579 3057 1620 3090 10
1645 3056 1850 3089 decreuimus
1871 3058 1899 3090 V
1913 3057 1925 3100 ΙΙ
1946 3059 1983 3090 11
2010 3059 2101 3090 *aret
2122 3059 2168 3090 Β1
2190 3059 2201 3100 ΙΙ
2220 3060 2260 3092 12
2284 3058 2382 3091 nolu-

1270 3104 1271 3133 i
1303 3111 1376 3132 mus
1394 3099 1560 3141 (uolumus
1574 3101 1635 3142 R1)
1652 3101 1814 3134 uocabulo
1828 3102 1861 3134 R
1879 3101 1891 3144 ΙΙ
1910 3103 1948 3135 13
1968 3105 2128 3143 veterum]
2153 3105 2290 3135 uentum
2308 3105 2341 3136 T
2346 3105 2355 3124 ¹
2371 3103 2382 3148 ΙΙ

1309 3148 1349 3180 14
1373 3146 1435 3177 hoc
1462 3146 1493 3178 T
1511 3145 1523 3188 ΙΙ
1550 3148 1590 3179 15
1615 3145 1778 3188 letigiosis
1798 3146 1854 3189 VH
1879 3157 1940 3179 nec
1964 3150 2044 3189 non]
2069 3159 2136 3180 non
2158 3148 2206 3180 V²
2229 3158 2290 3181 nec
2313 3159 2381 3181 non

1271 3220 1272 3233 ¹
1306 3194 1338 3222 et
1361 3191 1410 3222 V³
1433 3191 1445 3233 ΙΙ
1470 3190 1633 3231 generalis
1660 3191 1710 3224 T¹
1735 3191 1747 3234 ΙΙ
1778 3193 1818 3225 16
1843 3192 1964 3224 iuditio
1988 3193 2020 3225 R
2045 3193 2056 3235 ΙΙ
2082 3192 2259 3234 dubitatio]
2285 3193 2381 3226 dubi-

1305 3235 1388 3268 tatio
1414 3242 1430 3268 e
1455 3235 1504 3268 R¹
1534 3237 1546 3278 11
1576 3239 1614 3269 17
1640 3236 1762 3268 dictam
1787 3238 1862 3269 add.
1889 3238 1983 3270 Beck
2003 3237 2015 3280 ΙΙ
2046 3238 2246 3278 huiusmodi]
2281 3239 2382 3271 huius

1306 3292 1385 3313 uero
1399 3281 1431 3313 R
1447 3279 1459 3323 ΙΙ
1486 3282 1525 3314 18
1550 3281 1774 3313 terminantur
1800 3282 1853 3322 ΤΙΙ
1880 3282 1920 3314 23
1936 3285 2021 3314 rubr.
2043 3283 2092 3314 De
2113 3282 2381 3316 interlocutioni-

1306 3326 1366 3358 bus
1390 3326 1535 3358 iudicum
1568 3337 1627 3368 per
1658 3337 1738 3367 quas
1768 3326 1915 3358 accusati
1945 3327 1994 3359 rei
2018 3327 2192 3359 conueniri
2223 3329 2382 3361 iubentur

1306 3371 1435 3411 (iubent
1459 3371 1503 3412 R)
1528 3372 1560 3403 et
1584 3371 1623 3403 de
1646 3372 1858 3404 satisdatione
1883 3382 1995 3404 eorum
2021 3376 2053 3404 et
2076 3373 2116 3404 de
2139 3373 2265 3405 decima
2288 3376 2381 3415 parte

1306 3417 1376 3448 litis
1400 3417 1469 3449 ΚΤ
1489 3418 1521 3449 in
1546 3429 1648 3459 marq.
1671 3418 1722 3457 (ez
1737 3417 1814 3458 Iul.)
1833 3417 1844 3459 ΙΙ
1862 3417 2040 3450 eludendas
2069 3417 2116 3450 T¹
2137 3420 2148 3460 ΙΙ
2166 3419 2209 3452 24
2232 3418 2382 3451 fraudem

1271 3482 1273 3495 >
1307 3462 1338 3494 R
1355 3461 1366 3504 ΙΙ
1394 3463 1434 3494 25
1461 3461 1559 3502 enim]
1584 3464 1693 3493 autem
1715 3461 1769 3505 VH
1794 3462 1919 3494 iudices
1943 3473 2053 3495 omnes
2078 3463 2110 3495 R
2133 3462 2144 3505 ΙΙ
2171 3463 2213 3495 26
2238 3464 2382 3497 amoueri

1306 3507 1453 3538 uoluerit
1476 3506 1508 3538 R
1527 3506 1538 3549 ΙΙ
1556 3508 1595 3539 27
1621 3507 1718 3547 hanc]
1743 3507 1828 3539 hanc
1845 3517 1938 3539 suam
1959 3507 2015 3550 Vn
2030 3508 2066 3539 in
2092 3520 2149 3540 om.
2174 3508 2223 3540 V¹
2241 3508 2253 3551 ΙΙ
2277 3509 2380 3541 inter-

1307 3551 1536 3584 lucutionibus
1559 3551 1647 3584 RTa
1670 3551 1682 3595 ΙΙ
1709 3553 1750 3586 29
1776 3552 2024 3584 executionibus
2047 3553 2101 3595 Vss
2119 3554 2160 3586 30
2186 3555 2218 3584 et
2242 3567 2300 3586 om.
2323 3555 2356 3587 V
2371 3554 2383 3597 11

1306 3607 1363 3638 per
1387 3599 1430 3637 se]
1456 3606 1594 3638 persone
1615 3597 1678 3635 Va,
1703 3599 1761 3640 (ey.
1779 3601 1837 3629 aut
1859 3608 1917 3639 per
1936 3608 1968 3630 sc
1993 3600 2047 3641 (tf.
2066 3598 2166 3639 latr?
2185 3598 2196 3641 ΙΙ
2214 3600 2272 3642 leq.
2286 3599 2382 3631 tabu-

1306 3642 1426 3674 larium
1452 3643 1506 3684 (cf.
1523 3642 1625 3683 Iul.)‘.'
1641 3643 1652 3684 ΙΙ
1672 3643 1713 3675 32
1737 3643 1923 3684 periculum
1945 3643 1991 3674 R¹
2011 3643 2023 3684 ΙΙ
2040 3643 2267 3685 praestiterint
2293 3645 2346 3677 Ta
2370 3643 2382 3686 11

1307 3688 1348 3720 33
1361 3689 1531 3729 permanet
1544 3688 1587 3727 R]
1606 3688 1811 3730 permanebit
1828 3688 1860 3720 V
1871 3693 2060 3730 permaneat
2075 3689 2106 3721 T
2110 3690 2197 3733 vuly.
2210 3688 2222 3733 ΙΙ
2235 3691 2276 3723 35
2291 3699 2380 3722 exer-

1306 3735 1357 3764 cet
1380 3733 1421 3773 R]
1448 3731 1611 3764 exercebit
1632 3733 1665 3765 V
1682 3735 1830 3766 exerceat
1856 3734 1888 3766 T
1895 3734 1981 3776 vuly.
