2618 4010
233 88 339 131 NOV.
370 86 466 128 LIX
498 89 534 128 5.
567 87 592 126 6

232 195 299 231 σὺν
322 199 395 230 τοῖς
425 196 544 239 τρισὶν
568 190 781 228 ἀκολούθοις
800 195 861 227 καὶ
884 189 995 228 αὐτοῦ
1018 189 1166 227 πάντως
1188 204 1305 238 παρα-

230 243 418 288 γινομένου
439 237 497 273 διὰ
520 238 598 272 τῶν
622 234 718 272 ὀκτώ
744 235 951 283 ἀσκητριῶν
974 234 996 280 ἢ
1019 238 1223 271 κανονικῶν
1246 240 1306 271 καὶ

230 286 345 331 τριῶν
376 281 425 318 ὦς
454 282 592 328 εἴρηται
622 280 859 324 ἀκολούθων,
890 284 950 316 καὶ
982 278 1087 316 οὐδὲν
1119 279 1306 316 παντελῶς

1314 80 1399 128 322

1835 97 1896 128 DE
1922 96 2133 128 EXPENSIS
2161 94 2282 134 QUAE
2309 96 2446 128 mum·

1374 192 1553 228 acoluthis
1577 194 1612 228 et
1634 192 1714 238 ipso
1737 193 1880 230 omnino
1904 195 2066 231 veniente
2088 204 2153 239 per
2173 196 2254 230 octo
2272 193 2444 230 ascetrias

1374 237 1428 273 vel
1449 238 1641 273 canonicas
1666 239 1703 273 et
1718 241 1803 281 tres,
1827 238 1921 274 sicut
1941 240 2074 276 dictum
2095 241 2160 282 est,
2185 239 2385 279 acoluthos,
2408 242 2446 274 et

1373 282 1462 317 nihil
1482 282 1624 327 penitus
1648 282 1906 327 accipientibus
1934 294 2050 331 neque
2078 295 2143 330 per
2175 294 2358 320 cereorum
2381 283 2446 318 da->

230 331 477 373 κομιζομένων
500 325 582 362 οὐδὲ
600 325 660 362 διὰ
679 327 802 373 κηρῶν
822 325 955 362 δόσεως
977 324 1233 360 ἀπαιτούντων
1250 322 1307 371 (ἢ)
1374 326 1506 362 tionem
1530 326 1750 370 exigentibus
1781 329 1818 364 et
1839 327 1944 365 aliam
1965 340 2166 367 mensuram
2187 328 2444 365 adinvenienti-

230 377 289 407 καὶ
313 375 437 418 ἕτερον
467 375 598 418 μέτρον
630 370 910 419 ἑξευρισκόντων
940 369 1005 417 ὑφ’
1032 370 1142 416 ἑτέρῳ
1173 382 1305 417 πρόκα·
1343 371 1443 407 5bus
1467 372 1534 407 sub
1559 371 1629 407 alio
1653 371 1836 408 velamine.

230 416 398 462 λύμματι.

1220 526 1379 563 CAPUT
1403 526 1464 562 VI.

279 595 398 630 Ταῦτα
420 597 544 640 μέντοι
566 595 689 631 πάντα
714 593 914 642 διορίζομεν
943 594 1004 631 ἐπὶ
1034 595 1113 630 τῶν
1141 592 1191 639 μὴ
1214 593 1306 628 κατὰ

229 638 436 685 φιλοτιμίαν
460 641 732 684 ἐπιζητούντων
757 640 820 675 τὰς
845 638 907 674 δύο
923 638 1078 686 μεγάλας
1101 638 1222 674 κλίνας
1245 639 1306 673 τὰς

229 687 268 718 ἐν
300 686 352 719 τῶ
385 683 504 738 days}
538 684 695 730 κειμηλιο
724 684 858 728 υλακίῳ
894 687 1073 728 κειμένας,
1110 685 1228 730 φαμὲν
1262 681 1305 726 δὴ

1426 592 1526 629 Haec
1549 593 1670 638 itaque
1702 593 1820 629 omnia
1851 593 2037 631 definimus
2067 606 2173 641 super
2203 597 2259 633 his
2291 597 2351 642 qui
2374 607 2446 632 non

1374 647 1438 683 per
1461 638 1737 674 munificentiam
1767 643 1941 684 quaerunt
1972 641 2062 676 duos
2089 642 2241 678 maiores
2270 642 2383 678 lectos
2408 641 2445 676 in

1374 683 1567 719 venerabili
1584 693 1748 719 vasorum
1766 684 1982 720 custodiario
1998 685 2145 730 positos,
2162 687 2310 723 dicimus
2326 690 2446 723 autem

229 717 403 764 Στουδίου
434 743 497 765 του
523 732 583 774 τῆς
607 700 754 772 ένδόέου
784 728 922 774 μνήμης
946 733 1005 764 καὶ
1029 728 1218 775 Στεφάνου
1242 730 1304 763 τοῦ
1322 731 1362 763 10
1375 727 1491 764 Studii
1524 729 1697 773 gloriosae
1732 730 1925 765 memoriae
1959 732 1995 766 et
2030 730 2201 775 Stephani
2237 731 2446 776 magnificae

228 775 289 818 τῆς
311 774 604 822 μεγαλοπρεποῦς
626 775 774 820 μνήμης.
821 776 852 809 εἰ
881 775 949 821 γάρ
979 786 1034 809 τις
1065 777 1200 810 ἐκείνας
1223 778 1304 818 βου-

229 818 357 863 ληθείη
383 819 519 865 λαβεῖν,
552 818 600 855 ὠς
630 823 690 855 καὶ
713 818 931 866 ἀνθρώπων
960 818 1107 854 πολλῶν
1138 817 1306 863 δεομένας

228 867 287 899 καὶ
312 863 467 910 φυλακῆς
487 864 649 901 πλείονος
672 869 732 899 καὶ
756 863 861 908 ἄλλης
886 863 983 899 τινὸς
1007 863 1305 911 πολυπραγμοσύ-

228 922 289 952 νης
312 910 522 957 χρῃζούσας,
552 911 659 944 τοῦτο
682 908 723 944 οὐ
748 909 978 951 συνάπτομεν
998 913 1071 944 τοῖς
1093 909 1306 954 ἑμπροσθεν

1374 773 1575 810 memoriae.
1625 773 1663 809 Si
1687 774 1765 819 quis
1790 774 1882 810 enim
1909 775 1989 810 iHos
2013 775 2164 812 voluerit
2184 777 2359 822 accipere,
2389 780 2445 813 ut-

1374 821 1459 864 pote
1490 822 1526 854 et
1548 819 1709 863 plurimis
1732 819 1934 855 hominibus
1964 822 2107 864 egentes
2138 823 2174 857 et
2195 821 2358 858 custodia
2381 832 2445 866 po-

1375 864 1457 899 tiori
1482 867 1517 899 et
1540 864 1683 900 omnino
1716 864 1870 916 quadam
1902 865 2109 901 curiositate
2142 876 2233 911 opus
2262 866 2445 904 habentes.

1374 909 1442 944 hoc
1473 919 1545 944 non
1577 909 1824 953 coniungimus
1854 910 1909 946 his
1941 920 2033 955 quae
2054 910 2155 955 prius
2178 910 2346 955 diximus,
2384 911 2446 947 sed

228 956 440 1009 εἰρημένοις,
473 953 554 1008 81λῖ
590 954 658 1008 ὠς,
674 953 865 1008 φιλότιμον
896 952 1002 989 ἅνελό
1031 966 1108 989 ενος
1143 953 1304 1011 γνρμην,
1322 957 1360 989 15
1373 956 1555 999 tamquam
1578 954 1782 990 munificam
1806 954 1976 991 exhibens
2001 955 2230 998 voluntatem,
2259 958 2445 1000 quantum-

228 1011 366 1034 οποσον
398 1013 444 1033 αν
476 1001 567 1045 υπὲρ
597 1012 661 1034 του
690 1012 804 1034 πονου
836 1013 858 1043 η
886 1002 959 1034 τοῖς
1013 1003 1150 1035 εκανοῒς
1180 1013 1202 1043 η
1229 1003 1306 1033 ταῖς

227 1041 506 1088 εὐλαβεστάταις
529 1042 735 1090 άσκητρίαις
767 1042 787 1087 ἢ
818 1047 1021 1079 κανονικαῖς
1053 1043 1196 1079 διδόναι
1221 1055 1304 1088 συμ-

228 1088 422 1134 φωνήσειε,
453 1091 627 1124 τοσοῦτον
648 1092 706 1123 καὶ
731 1092 910 1134 παρέχειν,
943 1087 983 1123 οὐ
1007 1092 1132 1134 μέντοι
1156 1087 1304 1134 δυνάμε-

227 1148 293 1168 νον
316 1131 551 1180 ὑπερβαίνειν
574 1134 641 1177 τὴν
664 1135 742 1168 τῶν
766 1134 953 1171 duodecim
977 1134 1171 1171 solidorum
1196 1133 1304 1169 ποσό-

227 1192 319 1222 τητα
351 1181 412 1214 ἐπὶ
443 1180 522 1213 τῶν
552 1177 615 1213 δύο
639 1178 775 1214 κλινῶν
805 1180 869 1214 τοῦ
894 1177 1069 1214 Στουδίου
1094 1193 1134 1214 τε
1159 1183 1218 1213 καὶ
1242 1179 1305 1213 τοῦ
1320 1181 1362 1214 20

228 1221 430 1270 Στεφάνου,
454 1226 514 1258 ἐπὶ
537 1222 576 1258 δὲ
595 1226 660 1258 τοῦ
679 1224 930 1270 χρυσοπάστου
954 1226 1016 1259 τοῦ
1034 1228 1195 1269 κειμένου
1215 1222 1307 1258 κατὰ

226 1268 294 1312 τὴν
317 1266 525 1316 άγιωτάτην
555 1267 711 1316 μεγάλην
743 1268 944 1312 ἐκκλησίαν,
977 1268 999 1312 ἥ
1026 1283 1068 1315 γε
1099 1268 1175 1304 ἑνὸς
1195 1268 1305 1313 μόνου

228 1315 291 1348 τοῦ
312 1311 395 1348 ἀντ’
416 1311 526 1349 αὐτοῦ
553 1311 601 1349 ῶς
624 1312 715 1349 εἰκὸς
737 1314 1181 1358 κατασκευασθησομένου,
1206 1316 1305 1358 quat·

227 1363 310 1395 tuor
324 1359 518 1395 solidorum
528 1371 535 1378 ·
553 1359 631 1394 τῶν
645 1357 707 1401 [δὲ]
723 1357 930 1405 ἀσκητριῶν
946 1364 1004 1393 καὶ
1024 1360 1227 1394 κανονικῶν
1246 1361 1306 1393 καὶ

1375 1009 1526 1045 cumque
1543 1010 1609 1044 pro
1629 1000 1751 1035 labore
1774 1000 1919 1036 decanis
1944 1004 2007 1036 aut
2032 1001 2326 1037 reverentissimis
2346 1011 2445 1037 asce-

1374 1045 1450 1080 triis
1466 1044 1522 1080 vel
1535 1044 1714 1080 canonicis
1732 1045 1816 1080 dare
1828 1047 1956 1090 pactus
1971 1046 2047 1089 erit,
2063 1048 2204 1081 tantum
2219 1048 2255 1081 et
2266 1046 2446 1092 praebeat,

1374 1100 1447 1125 non
1471 1093 1590 1125 tamen
1612 1090 1732 1126 valens
1763 1091 2017 1127 transcendere
2046 1091 2232 1127 duodecim
2256 1090 2448 1127 solidorum

1376 1134 1610 1214 guantitatem
1633 1135 1671 1170 in
1695 1135 1835 1172 duobus
1864 1136 1966 1171 lectis
1991 1136 2106 1171 Studii
2129 1138 2166 1172 et
2190 1135 2378 1182 Stephani,
2411 1136 2448 1170 in

1400 1183 1546 1215 eaurato
1570 1182 1691 1216 autem
1714 1181 1832 1225 posito
1862 1180 1901 1215 in
1925 1181 2150 1217 sanctissima
2177 1182 2310 1217 maiore
2334 1181 2448 1216 eccle·

1376 1224 1446 1266 sia,
1479 1225 1534 1261 vel
1558 1235 1629 1260 uno
1653 1225 1730 1260 solo
1759 1235 1825 1271 pro
1854 1235 1896 1261 eo
1922 1225 2047 1262 forsan
2069 1226 2246 1270 faciendo,
2279 1228 2449 1271 quattuor

1375 1269 1586 1314 solidorum3
1611 1270 1772 1306 ascetriis
1795 1271 1913 1306 autem
1938 1274 1974 1306 et
1998 1271 2182 1307 canonicis
2213 1273 2250 1306 et
2272 1271 2448 1307 acoluthis

1376 1314 1534 1367 duplicia
1553 1315 1810 1359 accipientibus
1832 1325 1937 1359 quam
1957 1316 2056 1361 prius
2079 1316 2122 1351 de
2143 1317 2194 1352 eis
2217 1316 2447 1357 definivimus,

1376 1369 1507 1411 quippe
1527 1361 1563 1394 et
1581 1360 1659 1404 ipso
1679 1360 1851 1395 asceterio
1874 1363 1950 1402 (seu
1968 1361 2163 1404 canonicis)
2184 1361 2295 1406 gratis
2313 1361 2351 1396 in
2370 1360 2448 1396 aliis

228 1402 444 1438 ἀκολούθων
470 1402 688 1439 διπλασίονα
711 1406 959 1460 κομιζομένων
982 1403 1078 1458 ᾗπερ
1093 1404 1306 1460 ἔμπροσθεν
1319 1406 1361 1440 25
1375 1404 1477 1444 lectis
1515 1405 1749 1449 praecedente
1787 1405 1935 1440 eandem
1978 1406 2056 1441 acci
2082 1406 2176 1442 iente
2215 1406 2449 1452 quantitatem

229 1452 311 1495 περὶ
326 1446 447 1483 αὐτῶν
462 1447 655 1496 ὠρίσαμεν,
669 1447 805 1492 δηλαδὴ
818 1453 877 1483 καὶ
891 1462 1000 1484 αυτου
1013 1463 1076 1484 του
1090 1452 1306 1492 ασκητηρίου

227 1493 467 1540 <ἀσκητριῶν>
476 1493 556 1538 ἦτοι
573 1495 778 1529 κανονικῶν
793 1495 857 1528 τοῦ
873 1497 1003 1542 προῖκα
1020 1495 1080 1529 ἐπὶ
1097 1497 1174 1528 τῶν
1187 1492 1307 1529 ἄλλων

229 1538 364 1574 κλινῶν
387 1535 579 1585 ἡγουμένου
610 1537 677 1582 τὴν
709 1538 821 1582 αὐτὴν
845 1537 1092 1583 λαμβάνοντος
1119 1538 1306 1582 ποσότητα

230 1581 274 1627 ἢν
304 1586 364 1618 καὶ
395 1582 441 1618 τά
472 1581 582 1619 λοιπὰ
604 1583 817 1630 ἀσκητήρια·
850 1583 983 1637 ταύτοῦ
1012 1581 1139 1618 τούτου
1162 1587 1222 1618 καὶ
1246 1586 1306 1618 ἐπὶ

1376 1458 1482 1494 quam
1518 1450 1626 1485 etiam
1661 1449 1798 1495 reliqua
1832 1450 2024 1495 asceteria3
2086 1461 2129 1486 oc
2160 1452 2239 1496 ipso
2274 1454 2310 1487 et
2342 1461 2449 1496 super

1376 1494 1555 1530 acoluthis
1588 1495 1808 1531 observando
1842 1495 1936 1539 quod
1964 1495 2221 1540 praediximus,
2255 1497 2294 1531 ut
2324 1499 2361 1532 et
2390 1496 2449 1531 isti

1376 1539 1524 1584 duplum
1547 1541 1675 1575 horum
1707 1549 1797 1584 quae
1820 1540 1890 1575 iam
1918 1550 1939 1575 a
1963 1541 2066 1577 nobis
2090 1541 2253 1576 ordinata
2284 1544 2367 1576 sunt
2390 1551 2449 1576 ac-

1377 1583 1521 1628 cipiant.
1569 1585 1719 1629 Quando
1754 1588 1872 1620 tamen
1907 1596 1999 1621 unus
2038 1586 2167 1621 horum
2201 1585 2309 1621 trium
2343 1586 2451 1622 fuerit

228 1630 304 1663 τῶν
327 1626 545 1663 ἀκολούθων
568 1627 836 1674 φυλαττομένου
860 1642 961 1682 οπερυ
977 1627 1189 1675 φθάσαντες
1211 1629 1305 1664 εἴπο-
1319 1629 1490 1665 301ectus
1512 1629 1550 1664 in
1574 1640 1643 1673 quo
1668 1630 1776 1666 funus
1801 1630 1926 1674 agitur,
1957 1630 1995 1666 id
2018 1632 2158 1666 volente
2206 1631 2243 1666 ui
2265 1631 2335 1667 hoc
2359 1631 2449 1667 cele-

228 1687 306 1718 μεν,
331 1672 418 1708 ῶςτε
441 1676 501 1708 καὶ
524 1674 668 1708 τούτους
691 1671 884 1709 διπλάσιον
909 1687 987 1709 των
1008 1673 1074 1718 ἤδη
1094 1671 1185 1720 παρ’
1203 1671 1306 1718 ἡμῶν

231 1716 524 1766 διατεταγμένων
547 1719 773 1763 κομίζεσθαι.
787 1755 805 1761 υ
819 1715 908 1754 ὅταν
930 1722 1055 1763 μέντοι
1077 1723 1144 1763 μία
1162 1718 1305 1753 τούτων

228 1765 308 1798 τῶν
327 1765 442 1810 τριῶν
462 1764 515 1807 εἴη
535 1762 678 1806 κλινῶν,
703 1761 764 1810 ἐφ’
784 1762 822 1807 ἧς
842 1762 864 1807 ἡ
883 1762 1007 1807 κηδεία
1023 1768 1173 1811 γίνεται,
1198 1765 1305 1798 τοῦτο

229 1807 447 1862 βουλομένου
462 1809 526 1844 τοῦ
544 1806 680 1851 ταύτην
698 1807 960 1851 ἐπιτελοῦντος,
982 1807 1118 1863 δηλαδὴ
1131 1810 1208 1843 τῶν
1222 1809 1303 1842 θεο-

259 1852 457 1888 ιλεστατων
477 1851 630 1887 ἐκδίκων
649 1851 807 1900 ἀνάγκην
824 1853 984 1908 ἐχόντων
1001 1868 1045 1888 τα
1061 1865 1212 1898 σωματα
1227 1855 1305 1888 τῶν
1319 1856 1361 1889 35

230 1867 395 1933 {suavem
418 1900 588 1945 παρέχειν
611 1899 649 1940 ἐξ
674 1898 728 1933 ὡν
750 1896 866 1933 αὐτοῖς
889 1902 1133 1943 απενείμαμεν
1159 1896 1306 1932 ὀκτακο-

229 1947 322 1978 σίων
342 1945 359 1976 ἐ
380 1946 588 1990 γαστηρίων
610 1946 670 1978 καὶ
693 1942 755 1977 τὰς
778 1942 908 1986 κλίνας,
933 1941 973 1978 οὐ
993 1946 1119 1988 μέντοι
1141 1941 1310 1987 δαπάνην

229 1999 350 2025 ποιεισ
383 1990 423 2022 at
435 1999 538 2023 τινα·
561 1990 640 2023 τῶν
655 1987 953 2034 θεοφιλεστάτων
973 1987 1174 2033 οἰκονόμων
1198 1986 1306 2035 ἀναγ-

1373 1675 1474 1717 brat,
1509 1675 1640 1719 quippe
1672 1675 1738 1710 deo
1770 1675 1984 1711 amabilibus
2016 1675 2193 1712 defensori
2219 1687 2261 1711 us
2293 1676 2448 1711 necessi-

1374 1722 1484 1755 tatem
1514 1720 1730 1756 habentibus
1763 1731 1916 1765 corpora
1948 1721 2165 1757 decanorum
2194 1722 2364 1766 praebere
2395 1721 2450 1766 <e>

1376 1764 1504 1808 quibus
1530 1764 1580 1800 eis
1606 1765 1853 1810 deputavimus
1874 1765 2087 1811 octingentis
2108 1765 2251 1802 decanis
2272 1768 2309 1802 et
2324 1767 2448 1808 lectos,

1375 1820 1447 1845 non
1471 1813 1590 1846 tamen
1622 1820 1813 1856 expensam
1843 1810 1965 1848 facere
1987 1812 2163 1857 aliquam3
2197 1811 2263 1848 deo
2289 1811 2447 1847 amabili-

223 2080 376 2124 praesto
400 2077 450 2112 sit
471 2087 551 2112 cum
576 2080 658 2112 octo
683 2077 848 2113 ascetriis
872 2077 927 2113 vel
946 2077 1131 2113 canonicis
1155 2080 1191 2112 et
1215 2076 1328 2112 tribus
1347 2080 1388 2111 ut
1410 2076 1543 2112 dictum
1566 2080 1620 2113 est
1643 2077 1843 2112 acoluthis.-
1875 2088 1945 2113 neu
1968 2077 2161 2124 quicquam
2185 2079 2331 2115 omnino
2355 2080 2449 2116 acci-

224 2123 334 2170 piant
356 2133 443 2158 neve
463 2125 619 2168 propter
642 2121 747 2158 datos
769 2133 893 2158 cereos
915 2122 1069 2173 exiqant
1092 2125 1157 2157 aut
1180 2121 1291 2156 alium
1315 2120 1458 2156 modum
1474 2132 1547 2168 per
1571 2121 1681 2157 alium
1699 2125 1937 2168 praetextum
1960 2132 2054 2158 exeo
2082 2123 2180 2159 itent.

362 2167 423 2204 VI.
471 2166 575 2202 Haec
600 2171 717 2202 tamen
742 2167 869 2213 omnia>
883 2167 1072 2211 desinimus
1093 2166 1137 2202 de
1159 2166 1205 2201 iis
1229 2166 1291 2211 qui
1312 2176 1385 2201 non
1402 2177 1476 2212 per
1499 2166 1727 2202 ambitionem
1756 2166 1849 2202 duos
1871 2178 2024 2214 magnos
2048 2134 2158 2203 [Uectos
2176 2168 2367 2214 requirunt
2387 2170 2450 2215 qui

228 2213 267 2248 in
296 2222 403 2248 sacro
430 2211 616 2258 pretiosae
644 2211 905 2258 suppellectilis
937 2210 1107 2247 thesauro
1145 2211 1259 2257 positi
1295 2214 1399 2253 sunt,
1436 2210 1557 2246 Studii
1587 2211 1739 2246 dicimus
1769 2211 1952 2257 qloriosae
1983 2213 2176 2248 memoriae
2207 2217 2242 2249 et
2274 2212 2450 2260 Stephani

228 2257 442 2309 maqnifieae
465 2256 667 2292 memoriae.
714 2255 809 2292 Nam
832 2257 864 2291 si
870 2256 970 2336 fuis
991 2255 1076 2291 illos
1100 2255 1232 2291 habere
1256 2255 1350 2298 velit,
1374 2259 1500 2302 utpote
1519 2256 1583 2302 qui
1602 2255 1724 2291 multis
1747 2255 1951 2292 hominibus
1972 2268 2064 2304 opus
2079 2256 2210 2293 habent
2231 2261 2267 2293 et
2287 2258 2451 2294 custodia

228 2313 365 2338 maiore
388 2305 423 2337 et
446 2301 520 2337 alia
545 2311 616 2347 quo
644 2312 689 2336 ue
710 2301 867 2337 sollicita
895 2302 953 2337 ine
974 2300 1155 2347 indiqent,
1180 2300 1220 2336 id
1241 2311 1314 2336 non
1338 2301 1553 2336 conectimus
1581 2301 1626 2336 iis
1649 2312 1744 2347 quae
1766 2312 1808 2336 su
1836 2313 1879 2337 ra
1903 2301 2001 2338 dicta
2024 2306 2119 2345 sunt,
2150 2301 2216 2338 sed
2237 2313 2316 2338 cum
2338 2303 2450 2339 ambi-

230 2348 358 2383 tiosam
383 2345 556 2383 eaelzibeat
578 2357 621 2381 vo
638 2349 810 2389 untatem,
834 2349 1162 2393 quantumcumque
1185 2356 1261 2392 pro
1287 2345 1412 2382 labore
1435 2346 1492 2382 vel
1513 2346 1659 2383 decanis
1682 2346 1739 2382 vel
1760 2358 1800 2381 re
1815 2347 2041 2393 iqiosissimis
2066 2347 2230 2383 ascetriis
2253 2351 2318 2384 aut
2341 2359 2450 2384 cano·

227 2392 319 2428 nicis
342 2391 430 2428 dare
479 2391 654 2438 epiqerit,
686 2394 824 2427 tantum
842 2392 1040 2438 praebeat,
1072 2395 1114 2426 ut
1135 2390 1175 2426 id
1199 2395 1316 2426 tamen
1340 2391 1747 2435 duodecimsssolidorum
1777 2393 2015 2437 quantitatem
2039 2392 2215 2429 eoecedere
2237 2403 2312 2428 non
2328 2395 2452 2439 possit

227 2438 265 2472 in
289 2437 429 2473 duobus
467 2436 555 2473 ectis
578 2435 700 2472 Stadii
722 2439 759 2472 et
778 2435 972 2483 Stephani,
1003 2436 1043 2471 in
1066 2436 1243 2472 deaurato
1267 2446 1352 2471 vero
1385 2437 1451 2481 qui
1469 2436 1614 2482 positus
1646 2441 1701 2472 est
1730 2437 1768 2470 in
1790 2437 2018 2473 sanctissima
2041 2448 2174 2484 maqna
2197 2437 2364 2480 ecclesia,
2395 2439 2454 2475 vel

228 2486 323 2518 certe
352 2493 426 2518 uno
450 2481 529 2517 solo
561 2481 625 2528 qui
654 2481 792 2517 scilicet
820 2482 858 2516 in
889 2483 966 2517 eius
996 2480 1115 2516 locum
1147 2481 1369 2525 conficietur,
1403 2485 1578 2527 quattuor
1601 2480 1817 2517 solidorum:
1851 2486 1894 2517 ut
1921 2483 2099 2519 ascetriae
2128 2486 2164 2518 et
2190 2483 2388 2519 canonicae
2418 2488 2453 2520 et

228 2526 389 2563 acoluthi
412 2526 574 2574 duplicia
605 2537 714 2572 quam
738 2529 847 2563 antea
878 2526 923 2563 de
946 2526 992 2562 iis
1016 2525 1241 2573 definivimus
1277 2525 1470 2571 auferant,
1515 2537 1559 2562 ac
1590 2529 1663 2561 tum
1694 2526 1812 2573 ipsum
1847 2537 1992 2573 quoque
2022 2527 2233 2563 asceterium
2262 2529 2451 2574 <ascetria-

227 2572 324 2617 rum)
358 2571 415 2609 vel
447 2571 723 2614 canonicarum,
767 2571 868 2617 quod
900 2572 939 2606 in
973 2570 1125 2618 reliquis
1162 2570 1262 2606 lectis
1295 2571 1414 2622 qratis
1441 2571 1651 2616 praecedit,
1693 2571 1841 2606 eandem
1878 2572 2116 2616 quantitatem
2151 2573 2230 2607 acci
2255 2573 2310 2608 iat
2343 2584 2452 2619 quam

227 2622 347 2654 cetera
370 2616 570 2658 asceteria‚·
600 2616 765 2662 idemque
788 2617 896 2652 etiam
920 2616 958 2651 in
983 2615 1173 2658 acoluthis,
1197 2615 1305 2651 sicuti
1329 2615 1435 2651 modo
1460 2615 1632 2658 diximus,
1658 2615 1875 2659 observetur,
1911 2621 1953 2652 ut
1974 2617 2029 2652 illi
2053 2628 2196 2668 quoque
2219 2584 2368 2663 duplum
2391 2629 2450 2654 eo-

227 2673 307 2698 rum
330 2673 426 2708 quae
456 2663 528 2697 iam
551 2672 575 2697 a
598 2661 702 2697 nobis
731 2662 927 2697 constituta
954 2664 1040 2696 sunt
1070 2661 1253 2706 auferant.
1307 2659 1374 2696 Ubi
1395 2671 1479 2696 vero
1504 2671 1598 2696 unus
1620 2661 1669 2696 sit
1691 2671 1741 2696 ex
1763 2660 1820 2696 his
1844 2660 1958 2696 tribus
1981 2661 2093 2703 lectis,
2117 2662 2155 2696 in
2179 2673 2251 2713 quo
2274 2663 2452 2708 exequiae

224 2707 336 2752 siant,
373 2717 452 2742 cum
483 2706 522 2742 id
552 2705 709 2742 voluerit
744 2706 807 2752 qui
835 2717 898 2742 eas
930 2706 1176 2742 celebraturus
1205 2709 1278 2748 est,
1314 2709 1409 2741 certe
1443 2705 1510 2741 deo
1545 2705 1740 2741 carissimis
1774 2705 2027 2751 defensoribus
2061 2709 2253 2742 necessitas
2284 2707 2451 2754 iniunqa-

230 2756 289 2788 tur
319 2763 479 2799 corpora
511 2751 730 2788 decanorum
762 2762 812 2788 ex
844 2752 1060 2797 octinqentis
1093 2761 1187 2796 quae
1222 2750 1267 2786 iis
1296 2750 1551 2787 destinavimus
1583 2750 1744 2796 officinis
1778 2755 1814 2786 et
1844 2750 1956 2787 lectos
1990 2750 2184 2787 exhibendi
2191 2778 2202 2794 ,
2237 2762 2302 2797 nec
2334 2755 2452 2788 tamen

279 2844 299 2876 2
322 2839 597 2887 ἀσκητηρίωνΕ
613 2841 625 2884 11
650 2843 669 2875 3
690 2837 806 2882 οὐδὲν]
834 2837 960 2875 videl,
975 2842 987 2884 11
1013 2843 1034 2875 4
1054 2838 1075 2883 ἢ
1096 2843 1227 2876 addidit
1237 2842 1307 2876 Za·
1339 2851 1342 2875 1
1375 2841 1468 2874 tione
1486 2854 1503 2874 r
1517 2841 1530 2884 11
1549 2841 1713 2874 cireorum
1735 2840 1791 2883 VH
1808 2843 1830 2874 4
1849 2843 1883 2874 et
1900 2848 1932 2875 et
1951 2844 1971 2876 5
1987 2841 2054 2875 alio
2078 2854 2135 2875 om.
2150 2855 2167 2875 r
2183 2842 2196 2885 11
2222 2845 2240 2875 7
2266 2842 2451 2876 diffinimus

229 2889 362 2922 chariae
373 2886 386 2931 11
398 2888 418 2921 8
432 2885 554 2920 κλίνας
562 2887 626 2927 Le]
641 2884 774 2920 ταύτας
783 2887 829 2920 M
840 2883 974 2920 ταύτας
986 2884 1107 2920 κλίνας
1119 2887 1284 2930 Scrimqer

229 2936 249 2967 9
275 2929 319 2975 δὴ
331 2932 389 2973 Μ]
415 2928 455 2965 δὲ
479 2932 510 2965 L
534 2931 547 2975 11
572 2932 611 2965 13
638 2928 742 2973 ἄλλης
754 2931 810 2972 Μ]
836 2926 927 2965 ὅλως
952 2932 1004 2967 ις
1027 2931 1040 2976 11
1071 2933 1111 2967 16
1132 2928 1155 2973 ἢ
1177 2934 1261 2973 τοῖς]
1286 2944 1309 2974 η

230 2991 288 3012 om.
299 2989 319 3014 ς
334 2977 346 3020 11
367 2979 408 3011 19
422 2977 600 3010 duodecem
612 2976 794 3010 solidorum
803 2976 854 3019 M,
867 2973 1009 3010 δώδεκα
1021 2987 1101 3020 νομ.
1112 2977 1159 3010 Μ
1161 2990 1187 3011 s.
1198 2990 1239 3019 υ.,
1252 2977 1284 3010 L
1297 2976 1310 3020 11

230 3025 273 3057 20
296 3024 357 3057 καὶ
380 3022 456 3062 τοῦ]
481 3021 544 3055 τοῦ
569 3034 628 3056 om.
641 3022 674 3055 L
690 3021 702 3074 ss
721 3022 763 3055 22
781 3019 830 3064 *ἢ
872 3034 889 3055 s
909 3019 986 3055 ἑνὸς
1008 3018 1120 3065 μόνου
1144 3023 1199 3065 (cf.
1217 3033 1236 3058 ς
1256 3021 1308 3054 vel

230 3078 298 3101 uno
318 3066 414 3110 solo)]
439 3066 474 3100 εἴ
515 3079 531 3099 s
555 3064 632 3100 ἑνὸς
654 3078 767 3108 μονου
792 3067 839 3100 Μ
889 3068 960 3109 (καὶ
985 3067 1226 3110 εἰκονισμένου
1239 3067 1308 3100 Ζα-

231 3114 374 3154 chariae,
400 3114 433 3146 in
457 3079 513 3145 My
522 3119 632 3145 extare
655 3114 715 3144 καὶ
739 3113 925 3156 affirmans)
953 3110 966 3155 11
990 3113 1031 3145 23
1054 3113 1212 3153 quattuor
1230 3111 1309 3144 soli-

230 3158 348 3191 dorum
367 3157 426 3198 M]
448 3153 638 3200 τεσσάρων
660 3168 738 3200 νομ.
761 3157 806 3190 M
812 3170 837 3191 s.
852 3170 893 3198 v.,
910 3157 941 3190 L
964 3156 976 3200 11
1002 3159 1045 3190 24
1070 3153 1138 3189 *δὲ
1159 3157 1277 3191 seclusi
1299 3155 1309 3199 11

231 3199 460 3246 ἀσκητηρίων
471 3202 504 3235 L
519 3200 532 3246 11
559 3203 618 3234 καὶ
634 3202 839 3236 κανονικῶν
852 3203 957 3243 MLc]
983 3198 1005 3243 ἢ
1020 3201 1224 3239 κανονικῷν
1240 3213 1310 3235 cum

233 3248 430 3282 Haloandro
444 3247 529 3291 vnly.
559 3247 571 3290 11
601 3248 641 3280 27
662 3244 867 3291 ἀσκητριῶν
886 3248 1008 3281 inserui
1024 3259 1091 3280 cum
1111 3247 1309 3280 Haloandro

233 3293 288 3334 (cs.
303 3294 379 3335 320,
395 3293 467 3334 34):
493 3293 558 3326 nisi
580 3293 672 3325 malis
698 3293 803 3326 delere
822 3305 870 3325 vv.
885 3289 964 3334 ἦτοι
979 3290 1211 3336 κανονικῶνΙΙ
1237 3291 1309 3331 ἐπὶ]

233 3354 303 3391 ὑπὸ
317 3360 348 3392 L
364 3359 376 3402 ΙΙ
402 3360 445 3393 32
465 3348 562 3394 ‘cousi’
573 3360 643 3400 (sic)
660 3359 705 3392 M
713 3359 726 3402 11
753 3361 797 3392 34
809 3357 1061 3402 ἐπιμελοῦντος
1076 3359 1106 3391 L
1126 3358 1138 3402 11
1155 3360 1196 3392 37
1210 3358 1310 3404 ἐργα-

235 3412 300 3444 στη
326 3406 393 3437 ίων
406 3405 613 3445 Haloander]
634 3400 798 3436 δεκανῶν
812 3403 915 3447 libriss
932 3406 1004 3444 καὶ]
1026 3400 1085 3437 διὰ
1098 3404 1149 3437 vel
1161 3402 1209 3438 εἰς
1220 3403 1311 3438 malit

237 3446 307 3480 Zac
333 3450 422 3482 ariae
439 3449 452 3492 11
475 3450 517 3483 38
536 3446 749 3492 οἰκονόμων]
773 3445 927 3482 ἐκδίκων
951 3449 1002 3482 L⁰

286 3602 301 3633 1
328 3600 391 3643 ipsi
414 3616 431 3635 r
498 3604 681 3638 ascisterias
702 3605 734 3638 V
752 3604 933 3637 assisterias
956 3617 974 3637 r
1000 3603 1012 3647 11
1042 3605 1063 3638 2
1087 3604 1218 3637 acolitis
1249 3604 1283 3638 V
1299 3602 1312 3649 11

240 3646 259 3678 3
284 3645 460 3688 accipienti
484 3651 533 3688 us]
564 3651 596 3682 et
619 3649 860 3691 accipientibus
881 3649 915 3683 V
938 3647 950 3692 11
977 3659 1037 3691 pro
1061 3659 1229 3683 cereorum
1253 3648 1310 3682 ds-

1341 2914 1343 2927 !
1376 2899 1393 2919 r
1410 2886 1444 2919 V
1455 2885 1467 2928 11
1484 2887 1554 2927 qui]
1568 2886 1648 2927 quia
1667 2899 1685 2919 r
1700 2884 1756 2930 Vss
1780 2888 1800 2920 9
1813 2885 1919 2919 uabili
1931 2899 1954 2938 r·
1963 2885 1976 2930 11
2000 2886 2151 2928 dicimus]
2166 2887 2235 2921 oiiis
2247 2889 2281 2928 (i.
2293 2900 2318 2921 e.
2328 2899 2451 2928 omnes.

1372 2943 1435 2975 pro
1460 2931 1545 2972 dffis)
1569 2944 1586 2964 r
1607 2930 1620 2974 11
1652 2933 1691 2965 11
1719 2930 1865 2964 uoluerit
1888 2941 2035 2973 aoclpere
2059 2931 2135 2964 illos
2161 2946 2178 2965 r
2202 2932 2215 2976 11
2241 2934 2358 2975 utpute
2391 2934 2425 2966 V
2440 2933 2453 2977 11

1379 2976 1420 3010 12
1444 2975 1598 3018 plurimis
1622 2978 1651 3017 r]
1675 2975 1829 3018 pluribus
1849 2976 1973 3020 Vvulq.
1991 2975 2004 3020 11
2032 2976 2184 3009 omnibus
2208 2990 2225 3010 r
2248 2976 2260 3021 11
2289 2979 2327 3011 13
2352 2988 2451 3019 quae-

1376 3020 1452 3053 dam
1475 3034 1493 3054 r
1528 3030 1627 3062 quam
1655 3021 1690 3054 V
1712 3020 1725 3064 11
1751 3021 1976 3054 curiositatem
1995 3022 2059 3065 Vll
2088 3025 2180 3064 opus]
2206 3033 2248 3065 op
2272 3034 2355 3055 eras.
2378 3023 2412 3056 V
2439 3022 2452 3067 11

1379 3067 1422 3101 14
1440 3068 1536 3108 quae]
1558 3076 1655 3107 quem
1674 3078 1692 3099 r
1709 3064 1721 3110 11
1746 3066 1788 3100 16
1803 3066 1963 3099 asciteriis
1984 3066 2018 3100 V
2030 3067 2206 3100 ascisteriis
2222 3080 2239 3100 r
2255 3067 2268 3110 11
2294 3069 2334 3101 17
2353 3077 2450 3101 cano-

1377 3111 1445 3144 nici
1464 3125 1481 3144 r
1497 3111 1509 3154 11
1526 3110 1632 3144 *dare
1652 3112 1769 3153 pactus
1788 3111 1852 3144 erit
1872 3113 1926 3155 (qs.
1939 3111 2061 3145 Iulian.
2076 3115 2237 3153 quantum
2261 3112 2449 3155 pepigerit)]

1377 3156 1454 3189 dare
1466 3158 1649 3198 potuerunt
1665 3169 1683 3190 r
1705 3155 1903 3199 placuerunt
1916 3156 1992 3189 dare
2014 3157 2048 3190 V
2065 3157 2142 3189 dare
2153 3156 2316 3199 placuerit
2329 3157 2414 3198 υιιζο.
2438 3156 2450 3199 11

1380 3203 1421 3235 18
1445 3201 1672 3235 transcindere
1696 3214 1714 3235 r
1733 3200 1788 3245 Vfl
1806 3201 1937 3234 duocim
1958 3201 2015 3245 Vl}
2041 3204 2081 3236 19
2106 3201 2299 3244 qualitatem
2317 3202 2367 3234 V‘¹
2383 3201 2396 3243 11
2413 3200 2448 3232 in

1378 3245 1535 3279 deaurato
1552 3247 1598 3287 V]
1611 3245 1831 3279 indesiderato
1845 3260 1861 3279 r
1876 3249 1888 3290 11
1909 3247 1950 3279 20
1964 3248 2085 3287 autem]
2100 3249 2138 3279 ut
2151 3260 2168 3279 r
2184 3247 2196 3290 11
2214 3248 2252 3280 21
2268 3245 2338 3278 solo
2350 3245 2447 3288 vu19.]

1378 3290 1483 3323 solido
1496 3291 1557 3325 rV
1567 3291 1579 3334 11
1596 3291 1720 3325 forsam
1735 3302 1796 3333 pro
1810 3301 1847 3324 eo
1861 3304 1878 3324 r
1896 3290 1908 3334 11
1925 3292 1967 3324 22
1981 3292 2142 3325 asciteriis
2159 3288 2389 3324 Vasscisteriis
2401 3301 2418 3321 r
2435 3288 2448 3332 11

1378 3337 1489 3368 autem
1506 3337 1538 3369 et
1557 3337 1604 3377 V]
1629 3338 1687 3369 aut
1710 3349 1727 3369 r
1740 3337 1824 3380 vulq.
1842 3336 1855 3379 11
1881 3337 1923 3369 23
1937 3336 2085 3379 dupplici
2109 3349 2125 3369 r
2140 3336 2153 3380 11
2171 3335 2211 3368 dc
2233 3335 2291 3374 eis]
2315 3333 2354 3365 de
2378 3333 2448 3365 eius

1379 3380 1419 3413 de
1435 3381 1482 3413 eis
1498 3395 1515 3414 r
1539 3379 1687 3425 deis-Vn
1707 3380 1927 3414 diffiniuimus
1951 3394 1968 3414 r
1990 3381 2003 3425 11
2033 3382 2077 3415 24
2100 3379 2250 3414 asciterio
2270 3378 2304 3411 V
2319 3377 2446 3410 assiste—

1380 3425 1430 3457 rio
1454 3439 1472 3458 r
1498 3425 1510 3469 11
1542 3427 1583 3460 25
1609 3425 1796 3468 quantitate
1817 3426 1851 3459 V
1869 3428 1883 3466 11
1912 3427 1955 3459 26
1979 3426 2130 3458 asciteria
2150 3425 2182 3458 V
2199 3421 2379 3455 misteria
2399 3435 2416 3454 r
2435 3423 2439 3464 1

1379 3470 1459 3503 haec
1483 3483 1500 3503 r
1517 3469 1588 3514 1128
1612 3472 1679 3504 iam
1704 3483 1762 3504 om.
1786 3469 1840 3514 Vll
1859 3471 2025 3513 accipiant
2040 3470 2137 3513 vulq]
2160 3466 2328 3509 accipiunt
2352 3479 2368 3498 r
2385 3466 2440 3509 Vl

1379 3515 1422 3548 29
1437 3515 1569 3556 quando
1581 3517 1691 3548 tamen
1704 3525 1791 3548 unus
1811 3515 1857 3556 V]
1878 3517 2039 3557 quantum
2054 3526 2072 3547 r
2085 3514 2099 3556 11
2116 3513 2250 3545 fuerunt
2268 3524 2285 3543 r
2298 3510 2312 3554 11
2331 3512 2373 3543 30
2386 3520 2446 3543 uo-

1378 3558 1483 3592 lentes
1507 3574 1524 3593 r
1550 3561 1562 3603 11
1593 3561 1664 3602 qui]
1687 3570 1746 3603 per
1769 3560 1803 3593 V
1820 3558 1833 3604 11
1861 3559 2029 3593 celebrant
2050 3571 2069 3591 r
2095 3556 2109 3600 Ι
2135 3556 2178 3589 32
2201 3566 2219 3587 o
2242 3567 2299 3587 om.
2326 3556 2404 3588 libri
2435 3555 2447 3598 11

1378 3605 1421 3637 33
1447 3605 1493 3637 eis
1515 3605 1560 3646 V]
1585 3606 1621 3638 in
1645 3605 1692 3638 eis
1715 3617 1732 3637 r
1760 3603 1774 3648 11
1801 3602 1975 3646 ootigentis
1998 3598 2044 3645 νη
2071 3602 2105 3633 et
2127 3612 2186 3633 om.
2208 3600 2241 3632 V
2259 3598 2272 3643 11
2300 3599 2404 3651 lectus
2429 3612 2447 3632 r

1378 3648 1500 3682 lectum
1522 3649 1583 3695 Vll
1616 3651 1659 3684 34
1683 3658 1864 3691 expensam
1885 3649 1935 3682 V·
1963 3654 2118 3688 expensas
2142 3657 2159 3677 r
2179 3643 2192 3688 11
2222 3643 2400 3678 mabilibus
2420 3643 2453 3677 V
