2586 3990
164 165 225 194 An
253 163 549 196 ΙΜΙΤΑΤΙΟΝΕΜ
579 163 791 195 FRATRUM
1239 149 1323 196 635
1931 154 2038 198 Nov.
2061 147 2258 197 CXXVII
2287 154 2398 194 2-—4

163 266 427 308 πραττομένων
442 261 718 306 ὑπομνημάτων
742 260 790 298 aie
813 263 960 309 εἴρηται.
1009 264 1052 299 τὸ
1077 263 1147 310 γὰρ
1170 264 1248 298 τῶν
1316 264 1450 299 tionem
1472 264 1663 300 insinuavit
1686 264 1777 300 actis
1793 266 2112 307 monumentorum,
2137 263 2244 299 sicuti
2265 263 2400 299 dictum

162 305 308 356 ἀνδρῶν
331 306 493 351 ἐχόντων
518 307 683 347 ἐξουσίαν
707 310 771 342 τοῦ
793 310 1005 354 ἐμφανίζειν
1027 309 1088 344 τὰς
1111 308 1249 355 δωρεὰς
1319 312 1383 344 est.
1430 309 1519 345 Viris
1540 309 1632 345 enim
1651 309 1867 345 habentibus
1890 312 2104 361 potestatem
2131 309 2312 345 insinuare
2336 308 2399 344 do-

162 353 228 387 τὸν
248 351 338 398 ὑπὲρ
358 354 422 387 τοῦ
439 351 486 396 μὴ
505 353 780 398 ἐμφανισθῆναι
800 352 969 389 κίνδυνον
988 358 1065 390 ταῖς
1082 354 1247 401 γυναιξὶν
1316 355 1480 390 nationes
1521 365 1586 408 pro
1626 366 1698 390 non
1732 355 1921 390 insinuans
1962 355 2159 399 periculum
2193 354 2399 390 mulieribus

163 399 371 433 ἐπικεῖσθαι
394 395 536 432 ἄτοπον
560 395 645 442 ἡμῖν
669 399 761 433 εἶναι
787 397 889 433 δοκεῖ.
1316 399 1498 435 imminere
1521 403 1682 445 meptum
1706 400 1807 436 nobis
1832 409 1911 436 esse
1934 399 2082 435 videtur.

1152 511 1309 546 CAPUT
1338 510 1403 547 III.

227 575 372 620 Ἐπειδὴ
398 574 437 610 δὲ
466 580 526 610 καὶ
546 578 607 611 τὰς
631 580 799 623 γυναῖκας
830 577 893 612 τὰς
922 578 970 611 εἰς
994 576 1161 624 δεύτερον
1184 576 1247 625 γά-
1285 581 1304 613 5
1386 579 1477 623 Quia
1507 587 1590 614 vero
1623 581 1659 613 et
1681 579 1847 614 mulieres
1880 580 1926 615 ad
1950 580 2125 614 secundas
2151 580 2294 625 nuptias
2328 591 2401 616 non

162 636 232 666 μον
252 620 314 656 οὐκ
335 624 525 667 έρχομένας
549 623 797 668 προτιμήσεώς
819 635 917 656 τινος
941 620 1042 662 άξιάς
1063 623 1163 670 παρὰ
1184 623 1249 658 τὰς
1317 624 1496 660 venientes
1521 623 1788 668 praepositione
1812 624 1931 668 aliqua
1954 625 2077 668 dignas
2101 625 2197 660 ultra
2219 636 2281 661 eas
2309 636 2401 671 quae

164 666 486 713 δευτερογαμούσας
518 668 609 701 εῖναι
634 669 838 712 νομίζομεν,
871 668 1109 711 θεσπίζομεν,
1141 668 1177 702 εἴ
1196 679 1249 702 τις
1317 670 1475 704 secundo
1508 668 1648 703 nubunt
1679 678 1757 704 esse
1788 672 1975 713 putamus,
2007 670 2235 722 <sancimus,)
2270 671 2301 706 si
2330 681 2401 715 qua

163 711 440 757 ἀποβαλλομένη
472 710 540 746 τὸν
565 711 682 757 ἄνδρα
713 714 847 758 ἑτέρων
877 709 1075 754 ἀπόσχοιτο
1107 712 1247 757 γάμων,
1317 714 1449 750 amisso
1473 713 1547 749 viro
1573 713 1694 749 alteris
1718 714 1899 749 abstineat
1922 714 2069 759 nuptiis,
2102 715 2236 750 habere
2260 716 2401 760 quidem

164 759 257 799 ἔχειν
287 759 354 801 μὲν
379 755 493 800 αὐτὴν
524 757 592 800 τὴν
615 759 743 803 χρῆσιν
774 758 836 800 τῆς
865 758 935 802 πρὸ
960 757 1076 804 γάμου
1102 756 1247 803 δωρεᾶς,
1318 768 1394 793 eam
1426 759 1495 800 [ad]
1521 769 1625 794 usum
1649 759 1904 803 antenuptialis
1930 759 2152 802 donationis,
2184 760 2278 795 sicut
2301 760 2401 805 prius

163 801 264 836 καθὰ
290 806 349 836 καὶ
372 802 551 848 πρότερον
572 804 832 845 ἐθεσπίσαμεν,
869 804 961 845 ἔχειν
986 801 1025 836 δὲ
1049 801 1164 846 αὐτὴν
1188 807 1248 837 καὶ
1264 807 1303 839 10
1317 804 1541 844 sancivimus,
1575 803 1709 838 habere
1733 814 1815 839 vero
1841 814 1918 838 cam
1950 807 1986 839 et
2010 805 2239 849 proprietatis
2263 808 2401 840 tantum

163 846 373 882 δεσποτείας
403 849 580 882 τοσοῦτον
611 845 698 881 ὅσον
722 845 743 890 ἡ
771 847 860 892 πρὸς
892 847 973 882 τοὺς
996 846 1128 882 παῖδας
1159 846 1245 882 ἀνα·
1317 852 1488 893 quantum
1519 848 1673 884 filiorum
1697 849 1878 892 quantitas
1902 848 2000 891 facit,
2036 853 2077 883 ut
2099 850 2294 885 secundum
2317 861 2400 895 pro-

164 891 264 938 λογία
289 895 401 934 ποιεῖ,
425 891 494 926 Ιἵνα
518 892 609 927 κατὰ
634 892 701 927 τὸν
724 893 787 936 τῆς
812 890 1021 928 δεσποτείας
1040 892 1149 939 λόγον
1168 893 1248 927 ἑνὸς
1316 894 1477 938 prietatis
1508 894 1682 929 rationem
1712 895 1818 929 unius
1850 898 1885 929 et
1915 894 1994 939 ipsa
2025 894 2088 929 filii
2118 905 2306 939 personam
2337 896 2400 930 Ob-

163 941 222 971 καὶ
259 935 350 981 αὐτὴ
386 936 516 971 παιδὸς
551 938 746 984 πρόςωπον
782 940 875 980 ἔχειν
911 936 1007 984 δοκῇ.
1056 940 1173 972 ταῦτα
1209 936 1249 971 δὲ
1316 939 1430 974 tinere
1460 939 1631 974 videatur.
1679 938 1779 975 Haec
1803 949 1886 975 vero
1910 939 2028 975 valere
2058 950 2130 975 non
2165 940 2204 974 in
2226 940 2400 975 matribus

164 986 308 1029 κρατεῖν
340 980 403 1016 οὐκ
435 985 495 1017 ἐπὶ
517 986 685 1027 μητέρων
707 983 823 1026 μόνον
844 982 1041 1026 κελεύομεν,
1074 980 1163 1016 ἀλλὰ
1188 987 1248 1016 καὶ
1317 985 1401 1020 solis
1418 985 1593 1027 iubemus,
1618 984 1682 1020 sed
1698 985 1803 1020 etiam
1823 985 1860 1019 in
1877 985 2039 1030 patribus
2059 988 2095 1020 et
2111 985 2189 1020 aliis
2206 985 2399 1020 ascenden-

165 1030 224 1061 ἐπὶ
257 1031 425 1073 πατέρων
460 1031 520 1061 καὶ
553 1029 630 1062 τῶν
661 1027 783 1062 ἄλλων
816 1026 1001 1062 ἀνιόντων
1035 1028 1248 1072 βουλόμεθα
1264 1029 1412 1065 15tibus
1436 1029 1597 1065 volumus
1629 1030 1674 1064 ad
1699 1029 1874 1066 secundas
1900 1030 2042 1076 nuptias
2068 1041 2139 1066 non
2163 1031 2398 1067 venientibus.

163 1074 240 1107 τῶν
265 1074 311 1107 εἰς
336 1073 517 1119 δευτέρους
538 1072 671 1119 γάμους
695 1070 758 1106 ὀὐκ
784 1075 997 1118 ἐρχομένων.

1161 1185 1318 1221 CAPUT
1344 1186 1407 1222 IV.

218 1250 363 1295 Ἐπειδὴ
389 1250 428 1285 δὲ
449 1249 747 1298 ἆπηγορεύσαμεν
772 1250 901 1297 πρώην
926 1249 974 1286 δι’
994 1250 1165 1298 ἡμετέρου
1188 1250 1248 1287 νό-
1374 1253 1466 1297 Quia
1490 1263 1571 1288 vero
1593 1253 1836 1289 interdiximus
1862 1253 1996 1289 dudum
2020 1264 2084 1299 per
2105 1257 2265 1292 nostram
2289 1256 2403 1301 legem

163 1311 231 1342 μου
256 1301 330 1333 τοῖς
360 1310 400 1331 τε
427 1294 583 1342 ἀνδράσι
613 1300 673 1330 καὶ
697 1300 774 1331 ταῖς
796 1298 936 1344 γυναιξὶ
962 1296 1137 1343 ῥεπούδια
1160 1301 1249 1343 πέμ-
1320 1301 1356 1333 et
1380 1299 1463 1334 viris
1494 1300 1531 1334 et
1554 1299 1763 1334 mulieribus
1794 1300 1943 1344 repudia
1973 1300 2115 1336 mittere
2146 1305 2183 1336 et
2204 1302 2402 1346 transigere

164 1357 247 1378 πειν
271 1346 330 1376 καὶ
355 1340 512 1376 διαλύειν
534 1340 616 1376 τούς
638 1342 781 1388 γάμους,
814 1342 910 1386 πλὴν
934 1344 964 1376 εἰ
992 1343 1041 1387 μή
1073 1347 1125 1377 τίς
1149 1345 1249 1378 ἐστιν
1317 1344 1562 1388 matrimonia,
1594 1343 1662 1379 nisi
1693 1347 1812 1379 tamen
1843 1345 2015 1389 quaedam
2046 1346 2093 1381 sit
2125 1356 2235 1382 causa
2256 1349 2403 1383 nostrae

165 1390 264 1422 αἰτία
296 1389 349 1431 τῷ
385 1385 546 1432 ἡμετέρῳ
585 1386 688 1432 νόμῳ
724 1390 989 1434 γνωριζομένη,
1026 1392 1084 1422 καὶ
1120 1389 1247 1423 ποινὰς
1262 1391 1303 1424 20
1317 1389 1386 1433 legi
1411 1389 1569 1433 cognita,
1603 1392 1640 1424 et
1670 1399 1806 1433 poenas
1837 1390 1907 1425 hoc
1935 1390 2150 1427 facientibus
2179 1396 2217 1427 et
2247 1393 2332 1428 viris
2365 1396 2403 1429 et

163 1436 236 1468 τοῖς
265 1434 373 1468 τοῦτο
405 1432 565 1475 τολμῶσι
597 1436 714 1467 ποιεῖν
739 1432 891 1479 ἀνδράσι
922 1447 962 1468 τε
993 1437 1052 1467 καὶ
1083 1434 1248 1481 γυναιξὶν
1317 1434 1524 1469 mulieribus
1548 1434 1799 1479 imposuimus,
1833 1435 2066 1471 mutationem
2098 1437 2275 1482 quandam
2306 1438 2402 1474 circa

164 1477 398 1522 ἐπεθήκαμεν
429 1476 666 1524 παραλλαγήν
695 1491 780 1513 τινα
813 1482 894 1524 περὶ
925 1478 989 1513 τὰς
1019 1478 1148 1513 ποινάς
1181 1481 1246 1514 τοῦ
1316 1490 1452 1524 poenas
1484 1480 1549 1515 viri
1580 1483 1616 1515 et
1646 1480 1803 1516 mulieris
1834 1480 2007 1517 facientes
2040 1486 2076 1517 et
2106 1482 2153 1517 ad
2177 1483 2300 1518 melius
2332 1483 2403 1519 hoc

163 1538 202 1558 τε
222 1522 354 1569 ἀνδρὸς
373 1526 432 1557 καὶ
451 1525 513 1566 τῆς
531 1523 699 1569 γυναικὸς
720 1521 967 1568 ποιησάμενοι,
992 1525 1082 1570 πρὸς
1102 1525 1144 1559 τὸ
1166 1524 1246 1558 κάλ·
1316 1525 1612 1561 transformantes
1649 1525 1848 1569 sancimus,
1884 1527 2018 1562 nullam
2053 1537 2133 1563 esse
2168 1528 2400 1564 differentiam

164 1568 242 1603 λιον
263 1570 371 1603 τοῦτο
390 1569 670 1612 μεταπυιοῦντες
694 1569 929 1614 θεσπίζομεν,
953 1568 1131 1614 μηδεμίαν
1155 1571 1248 1604 εἶναι
1317 1574 1488 1615 quantum
1524 1571 1570 1606 ad
1602 1581 1737 1616 poenas
1772 1571 1865 1606 inter
1899 1572 2011 1607 virum
2047 1577 2083 1608 et
2116 1573 2299 1609 mulierem
2333 1574 2402 1609 hoc

163 1613 343 1660 διαφορὰν
373 1613 417 1648 τό
449 1627 489 1660 γε
522 1616 582 1647 ἐπὶ
612 1617 688 1648 ταῖς
716 1619 859 1649 ποιναῖς
887 1615 1022 1659 μεταξὺ
1053 1613 1186 1662 ἀνδρός
1210 1629 1249 1650 τε
1262 1618 1303 1650 25
1317 1620 1602 1661 praesumentes,
1637 1617 1701 1652 sed
1731 1616 1856 1652 iisdem
1886 1618 2010 1662 poenis
2046 1628 2136 1663 quae
2169 1622 2294 1654 contra
2326 1629 2402 1654 mu-

163 1663 223 1694 καὶ
241 1659 409 1706 γυναικὸς
431 1662 537 1693 τοῦτο
555 1658 789 1703 τολμώντων,
815 1657 905 1694 ἀλλὰ
928 1664 1004 1695 ταῖς
1026 1658 1150 1695 αὐταῖς
1170 1673 1248 1695 ποι-
1316 1662 1421 1697 lieres
1451 1671 1473 1697 a
1504 1661 1607 1697 nobis
1636 1661 1803 1697 definitae
1827 1664 1927 1704 sunt,
1961 1663 1992 1698 si
2015 1663 2093 1698 sine
2124 1674 2233 1699 causa
2256 1667 2403 1700 nostrae

163 1707 240 1739 ναῖς
264 1708 340 1738 ταῖς
359 1703 452 1739 κατὰ
476 1706 554 1738 τῶν
572 1706 757 1750 γυναικῶν
777 1703 867 1751 παρ’
886 1702 991 1750 ἡμῶν
1012 1704 1247 1751 ὁρισθείσαις,
1317 1708 1385 1752 legi
1407 1707 1547 1751 cognita
1567 1707 1792 1742 matrimonia
1816 1707 2031 1751 distrahunt,
2057 1708 2162 1744 etiam
2180 1709 2275 1744 viros
2297 1710 2402 1744 subdi

164 1748 315 1785 ἐπειδὰν
337 1752 444 1795 χωρὶς
468 1750 583 1783 αἰτίας
606 1751 660 1792 τῷ
680 1747 840 1795 ἡμετέρῳ
863 1752 964 1796 νόμῳ
985 1754 1249 1797 γνωριζομένης
1317 1753 1386 1787 hoc
1411 1754 1689 1797 praesumentes,
1723 1754 1759 1788 et
1783 1752 1916 1788 similes
1941 1763 2018 1788 esse
2042 1763 2176 1799 poenas
2206 1754 2243 1789 in
2268 1754 2342 1790 viro
2366 1757 2404 1790 et

163 1795 209 1830 τὰ
234 1797 438 1830 συνοικέσια
462 1793 617 1836 λύσωσι,
654 1795 735 1829 τοὺς
759 1794 891 1841 ἄνδρας
921 1795 1135 1842 ὑπάγεσθαι
1166 1797 1249 1832 τοὺς
1317 1798 1476 1833 muliere.
1524 1798 1566 1832 In
1591 1798 1722 1833 delicto
1754 1797 1846 1833 enim
1877 1798 2020 1843 aequali
2049 1799 2230 1844 proximas
2264 1799 2316 1836 eis
2338 1800 2402 1835 im-

162 1842 269 1875 τοῦτο
293 1839 519 1884 τολμῶντας,
544 1843 603 1873 καὶ
628 1838 754 1883 ὁμοίας
777 1841 868 1875 εἶναι
893 1842 957 1876 τὰς
973 1841 1102 1876 ποινὰς
1124 1844 1188 1877 ἐπί
1209 1855 1248 1875 τε
1263 1845 1305 1877 30
1318 1843 1452 1879 minere
1476 1853 1612 1888 poenas
1636 1843 1769 1879 iustum
1793 1843 1998 1888 putavimus
2022 1854 2112 1881 esse.

163 1884 291 1930 ἀνδρὸς
312 1888 371 1918 καὶ
387 1885 564 1931 γυναικός.
606 1887 666 1920 ἐπὶ
681 1885 750 1932 γὰρ
767 1883 1022 1933 ἁμαρτήματος
1036 1888 1115 1922 ἴσου
1132 1900 1248 1932 παρα-

164 1930 316 1973 πλησίας
332 1927 452 1964 αὐτοῖς
468 1931 677 1965 ἐπικεῖσθαι
701 1935 760 1965 καὶ
780 1931 844 1966 τὰς
861 1932 990 1967 ποινὰς
1011 1930 1151 1967 δίκαιον
1172 1935 1249 1967 ἐνο-

163 1980 319 2020 μίσαμεν
342 1975 443 2010 εἶναι.

234 2079 260 2100 c.
277 2067 341 2100 III
354 2067 387 2099 in
404 2078 477 2099 nov.
490 2066 607 2099 XXII
619 2079 645 2099 c.
660 2068 702 2100 20
720 2071 760 2106 §1
778 2069 929 2101 insertum
946 2075 1033 2101 extat
1051 2070 1083 2101 in
1100 2069 1136 2101 B
1154 2070 1207 2109 28,
1224 2075 1267 2110 12,
1280 2075 1293 2101 1
1312 2068 1375 2109 (Βε
1391 2068 1422 2100 A
1439 2069 1470 2109 6,
1484 2076 1496 2102 1
1510 2081 1544 2112 p.
1565 2070 1624 2103 191
1641 2069 1759 2110 Zaclz.)
1784 2070 1921 2111 indeque
1938 2069 2045 2104 eodem
2062 2069 2130 2102 loco
2147 2070 2180 2103 in
2197 2071 2272 2113 Lf.
2286 2073 2330 2104 40
2347 2072 2402 2115 (ej.

161 2126 196 2156 p.
214 2113 276 2146 160
294 2112 340 2144 ad
354 2124 382 2144 v.
396 2112 455 2152 33).
471 2129 515 2135 —-
541 2112 662 2144 Theod.
682 2124 833 2145 summam
855 2114 968 2155 repetit
985 2110 1056 2154 ΒΣ,
1081 2114 1220 2146 eiusdem
1242 2125 1381 2146 summae
1406 2114 1531 2146 initium
1548 2113 1728 2147 Prochiron
1746 2115 1777 2153 6,
1794 2121 1805 2146 1
1824 2114 1865 2146 in.
1887 2114 1976 2154 (inde
1993 2114 2198 2158 Epanayoye
2218 2117 2270 2157 19,
2285 2123 2316 2150 12
2335 2118 2402 2159 in.)-

234 2170 260 2190 ο.
276 2157 339 2190 IV
357 2163 573 2199 aryumentum
598 2163 688 2190 notat
711 2157 1114 2200 Nomoc.XIVtit.13‚4
1134 2170 1170 2200 p.
1186 2159 1251 2191 614
1266 2158 1377 2199 Pura,
1402 2159 1459 2191 ubi
1480 2159 1645 2202 leqendum
1670 2158 1709 2192 ἐκ
1731 2158 1794 2200 τῆς
1818 2155 1891 2202 ρκζ
1905 2159 1984 2200 (pro
2009 2157 2092 2203 ριζ)
2117 2161 2255 2205 νεαρᾶς.

166 2246 256 2281 actis
281 2244 468 2289 confectis,
500 2244 608 2279 sicuti
630 2244 763 2280 dictum
787 2247 851 2287 est,
882 2244 1131 2280 insinuaverit.
1180 2243 1274 2279 Nam
1299 2254 1379 2279 cum
1409 2244 1480 2280 viri
1503 2247 1724 2290 potestatem
1748 2244 1906 2281 habeant
1935 2244 2145 2281 insinuandi
2176 2246 2401 2291 donationes,

160 2290 365 2337 periculum
389 2300 437 2324 ex
460 2299 532 2323 non
557 2289 749 2325 insinuatis
772 2289 1027 2324 donationibus
1049 2288 1257 2325 mulieribus
1281 2288 1463 2325 imminere
1486 2289 1646 2335 ineptum
1670 2290 1773 2325 nobis
1796 2299 1874 2325 esse
1897 2290 2048 2326 videtur.

300 2334 364 2369 ΙΙΙ.
411 2332 590 2376 Quoniam
613 2337 732 2369 autem
756 2335 863 2370 etiam
886 2334 1053 2369 mulieres
1084 2334 1133 2369 ad
1154 2333 1332 2370 secundas
1355 2335 1503 2380 nuptias
1532 2345 1605 2370 non
1629 2334 1808 2370 venientes
1824 2335 2092 2381 praeroqativa
2123 2335 2249 2387 aliqua
2271 2337 2403 2384 diqnas

159 2392 255 2428 prae
278 2380 324 2414 iis
372 2390 441 2414 uae
463 2378 620 2414 secundo
645 2379 783 2414 nubunt
806 2389 883 2414 esse
906 2379 1167 2421 existimamus,
1189 2378 1381 2421 sancimus,
1407 2383 1448 2414 ut
1463 2379 1495 2413 si
1510 2390 1604 2425 quae
1620 2380 1697 2415 viro
1714 2380 1846 2415 amisso
1868 2379 2036 2415 secundis
2058 2381 2198 2427 nuptiis
2213 2382 2403 2424 abstineat,

167 2425 296 2461 habeat
320 2424 385 2460 ila
409 2423 551 2469 quidem
581 2424 846 2469 usumfructum
877 2423 1083 2459 donationis
1110 2427 1194 2460 ante
1224 2424 1389 2470 nuptias,
1426 2423 1723 2469 quemadmodum
1755 2424 1862 2459 etiam
1894 2428 2002 2460 antea
2032 2426 2239 2469 sanximus,
2273 2427 2403 2464 habeat

167 2475 284 2506 autem
305 2469 413 2505 etiam
430 2469 676 2516 proprietatis
696 2469 773 2504 iure
795 2472 931 2505 tantum
952 2473 1128 2520 quantum
1140 2469 1342 2515 proportio
1363 2479 1442 2503 oum
1464 2469 1586 2504 tiberis
1605 2469 1732 2514 efficit,
1757 2473 1797 2504 ut
1815 2469 2009 2504 secundum
2029 2470 2270 2516 proprietatis
2289 2473 2403 2508 ratio-

166 2527 245 2551 nem
269 2515 377 2549 unius
400 2518 434 2549 et
456 2513 538 2559 ipsa
558 2514 630 2558 filii
646 2524 845 2559 personam
868 2517 1044 2550 sustinere
1067 2513 1242 2549 videatur.
1289 2513 1393 2549 Haeo
1416 2517 1534 2549 autem
1566 2524 1641 2549 non
1664 2514 1781 2549 solum
1812 2514 1850 2548 in
1873 2514 2050 2550 matribus
2080 2515 2201 2551 valere
2231 2516 2401 2559 iubemus,

166 2560 230 2597 sed
253 2560 359 2595 etiam
383 2559 421 2593 in
441 2558 611 2604 patribus
634 2559 832 2604 ceterisque
856 2559 1128 2594 ascendentibus
1151 2558 1315 2594 volumus
1338 2558 1402 2604 qui
1425 2558 1475 2593 ad
1496 2558 1674 2594 secundas
1696 2559 1845 2605 nuptias
1867 2569 1942 2594 non
1965 2560 2119 2595 veniant.

300 2604 362 2640 IV.
410 2602 588 2646 Quoniam
612 2607 730 2639 autem
754 2614 871 2650 nuper
894 2604 971 2650 leffe
995 2607 1122 2639 nostra
1146 2607 1180 2639 et
1196 2603 1282 2639 viris
1298 2607 1333 2639 et
1348 2603 1556 2639 mulieribus
1572 2603 1829 2650 interdiximus
1852 2603 2042 2649 repudium
2063 2604 2203 2641 mittere
2222 2609 2258 2641 et
2277 2607 2402 2643 matri-

166 2650 286 2685 monia
318 2649 466 2690 solvere,
498 2648 568 2683 nisi
600 2659 693 2694 quae
724 2659 836 2684 causa
864 2649 910 2684 sit
934 2649 1009 2695 teyi
1030 2652 1177 2684 nostrae
1200 2649 1362 2694 counita,
1394 2652 1429 2683 et
1445 2659 1590 2694 poenas
1620 2649 1666 2684 iis
1695 2650 1757 2695 qui
1788 2648 1826 2683 id
1847 2649 1975 2693 facere
2000 2649 2160 2685 audeant
2190 2654 2227 2686 et
2249 2651 2337 2687 viris
2368 2655 2404 2688 et

167 2694 374 2730 mulieribus
408 2693 644 2739 imposuimus
679 2693 882 2729 discrimine
917 2693 1075 2740 quodam
1111 2694 1205 2729 inter
1232 2704 1376 2739 poenas
1410 2693 1481 2728 viri
1512 2697 1547 2728 et
1582 2693 1743 2729 mulieris
1772 2694 1891 2739 facto,
1926 2694 1965 2728 in
1995 2694 2122 2729 metius
2154 2695 2195 2730 id
2224 2700 2403 2733 mutantes

166 2739 359 2781 sancimus,
390 2742 431 2773 ut
459 2737 561 2773 nulla
591 2739 640 2773 sit
663 2737 870 2784 differentia
900 2742 1074 2784 quantum
1104 2738 1154 2774 ad
1179 2749 1319 2784 poenas
1341 2739 1434 2773 inter
1458 2738 1574 2774 virum
1598 2743 1633 2774 et
1655 2738 1838 2774 mulierem
1871 2739 1936 2785 qui
1957 2738 2027 2774 hoc
2049 2739 2227 2782 audeant,
2255 2741 2321 2776 sed
2342 2742 2403 2777 iis-

167 2785 245 2821 dem
266 2783 395 2831 poenis
419 2794 512 2828 quae
534 2783 573 2817 in
596 2783 762 2818 mutieres
787 2795 810 2819 a
833 2784 937 2819 nobis
959 2787 1118 2830 statutae
1139 2786 1235 2826 sunt,
1267 2783 1328 2819 ubi
1350 2784 1428 2818 sine
1451 2793 1563 2818 causa
1587 2783 1659 2829 Zeqi
1681 2787 1830 2819 nostrae
1861 2784 2008 2829 coqnz'ta
2033 2784 2265 2821 matrimonia
2287 2786 2402 2823 solve-

166 2831 251 2871 rint,
275 2829 344 2865 viri
366 2828 592 2863 subiciantur
615 2829 678 2873 qui
702 2828 770 2864 noc
794 2829 970 2870 audeant,
994 2829 1198 2874 similesque
1220 2828 1293 2863 sint
1307 2839 1453 2874 poenae
1478 2832 1551 2863 tam
1573 2829 1611 2863 in
1628 2830 1706 2864 viro
1732 2839 1839 2875 quam
1863 2829 1901 2864 in
1926 2828 2085 2866 muliere.
2133 2828 2180 2865 In
2198 2831 2289 2877 pari
2310 2831 2403 2867 enim

167 2875 297 2911 delicto
323 2874 494 2919 aequales
518 2873 624 2909 etiam
645 2884 787 2919 poenas
810 2874 855 2909 iis
878 2874 1061 2909 imminere
1084 2875 1217 2908 iustum
1233 2873 1444 2920 putavimus
1468 2883 1555 2909 esse.

1320 2965 1338 2996 7
1362 2963 1554 2995 *sancimus
1575 2963 1693 2996 addidi
1709 2962 1720 3006 ΙΙ
1740 2964 1758 2997 8
1775 2962 1889 2996 alteris
1913 2963 2011 3004 VTa]
2036 2962 2174 2997 alterius
2190 2963 2276 2998 RTb
2288 2966 2375 3010 vulq-

1321 3010 1340 3041 9
1357 3008 1399 3040 ad
1411 3026 1452 3031 —
1467 3007 1656 3040 donationis
1676 3015 1706 3041 et
1728 3010 1767 3043 10
1777 3021 1824 3051 sq.
1838 3009 1971 3041 tantum
1983 3028 2027 3032 —
2040 3008 2166 3053 quanti}
2191 3010 2241 3043 V2
2255 3011 2288 3043 in
2300 3023 2367 3044 ras.

1320 3053 1361 3085 ad
1379 3053 1441 3085 del.
1455 3054 1556 3096 vuly.;
1576 3054 1635 3095 leq.
1651 3052 1706 3085 et?
1724 3053 1736 3096 ΙΙ
1754 3064 1851 3086 usum
1870 3054 1902 3086 T
1909 3053 1919 3073 ¹
1931 3054 2029 3097 vulo]
2047 3064 2208 3086 summam
2221 3055 2403 3088 RVusum

1319 3108 1480 3130 summam
1494 3097 1545 3130 T²
1563 3097 1575 3140 H
1595 3100 1634 3132 10
1651 3099 1836 3130 sancximus
1850 3099 1881 3131 R
1900 3098 1911 3141 ΙΙ
1928 3100 2038 3130 tamen
2053 3099 2161 3131 R²T²
2180 3099 2191 3141 ΙΙ
2212 3101 2249 3132 11
2270 3101 2402 3141 quanti-

235 2965 255 2996 2
278 2964 343 2996 τοῦ
369 2976 427 2995 om.
450 2964 481 2996 L
507 2963 518 3006 ΙΙ
544 2965 562 2996 3
589 2962 655 2996 τὸν
679 2964 745 3004 μὲν
771 2959 860 3008 ὑπὲρ
885 2964 920 2996 Β
945 2963 957 3007 ΙΙ
983 2966 1002 2997 5
1027 2964 1087 2996 καὶ
1111 2975 1168 2997 om.
1191 2963 1254 3003 (vel

168 3011 258 3052 infra
271 3021 315 3041 vs.
330 3009 473 3041 additum
490 3021 609 3041 rasura
624 3009 698 3049 del.)
712 3008 742 3040 L
756 3009 809 3051 (cf
826 3010 872 3041 ad
887 3010 918 3049 ς)
937 3008 949 3052 ΙΙ
966 3010 985 3042 8
999 3003 1251 3051 ἆποβαλομένη

168 3066 236 3086 cum
246 3053 429 3095 Scrimyero
441 3054 529 3095 vuly.
547 3051 558 3096 ΙΙ
578 3051 723 3096 ἑτέρων]
743 3050 911 3097 δεύτερον
923 3053 968 3086 L¹
993 3050 1170 3097 δευτέρων
1181 3052 1230 3086 L2
1241 3052 1252 3097 Η

168 3098 284 3143 γάμον
305 3098 337 3130 L
355 3097 366 3140 ΙΙ
388 3099 426 3130 10
452 3096 713 3140 ἐθεσπίσαμεν]
740 3100 781 3141 cf.
800 3110 870 3131 nov.
886 3099 1052 3131 XCVIII
1072 3099 1083 3141 [Ι
1111 3100 1147 3132 11
1169 3107 1251 3131 τοσ-

168 3143 276 3175 οῦτον
292 3161 333 3165 -
355 3144 394 3175 12
419 3139 628 3175 δεσποτείας
652 3156 710 3175 om.
727 3144 772 3175 M
782 3143 793 3184 ΙΙ
815 3145 855 3176 13
882 3139 973 3185 αὐτὴ
988 3144 1182 3176 Haloander
1194 3144 1250 3185 (ς)]
1319 3142 1398 3175 tatis
1421 3143 1454 3175 R
1473 3141 1484 3186 ΙΙ
1508 3143 1587 3175 fecit
1611 3142 1689 3186 R111
1718 3145 1756 3176 12
1782 3143 1911 3175 ratione
1936 3143 1992 3185 Vll
2016 3143 2117 3175 unius
2140 3144 2212 3185 ipsa
2236 3146 2268 3176 et
2290 3155 2402 3186 perso-

169 3183 261 3229 αὐτῆ
275 3187 395 3220 MLBl
413 3187 424 3226 ΙΙ
443 3184 540 3220 δοκεῖ
550 3187 639 3220 ML2
651 3186 662 3232 ΙΙ
679 3190 719 3221 14
733 3186 862 3230 μόνων
875 3201 912 3222 eae
926 3189 1128 3230 §Scrimyem
1140 3189 1227 3231 vuly.
1241 3188 1253 3232 ΙΙ
1319 3198 1395 3219 nam
1416 3187 1479 3219 filii
1506 3188 1538 3220 T
1552 3186 1564 3231 ΙΙ
1584 3189 1624 3222 13
1647 3188 1825 3220 uideantur
1843 3187 1890 3220 R¹
1907 3186 1919 3231 ΙΙ
1937 3187 2050 3220 ualere
2062 3195 2137 3230 post
2153 3188 2233 3222 solis
2250 3190 2323 3224 coll.
2336 3191 2370 3223 R
2392 3191 2403 3231 ΙΙ

175 3235 210 3265 17
233 3231 357 3275 νόμου]
383 3245 455 3265 nov.
476 3232 621 3265 CXVII
636 3245 661 3264 c.
679 3234 729 3266 12.
748 3235 787 3267 13
803 3232 816 3276 ΙΙ
837 3235 875 3266 21
902 3231 1075 3276 τολμῶσι]
1101 3233 1252 3265 facienti·
1321 3235 1363 3266 14
1388 3232 1540 3265 iubemus
1563 3234 1596 3266 in
1621 3245 1686 3265 ras.
1710 3233 1741 3266 V
1765 3232 1776 3275 ΙΙ
1805 3232 1892 3273 aliis]
1928 3233 1963 3264 in
1989 3232 2066 3265 aliis
2095 3232 2128 3265 V
2148 3233 2160 3276 ss
2194 3235 2232 3267 17
2248 3236 2336 3268 rubr.
2358 3235 2403 3268 Ut

168 3278 230 3309 bus
255 3289 274 3312 ς
293 3278 304 3319 ΙΙ
329 3278 369 3310 23
395 3276 485 3321 πρὸς
508 3276 550 3310 τὸ
577 3275 734 3318 κάλλιον]
761 3282 792 3310 ct
816 3278 857 3310 ad
880 3278 999 3311 melius
1024 3290 1043 3314 ς
1067 3279 1079 3321 {l
1106 3280 1147 3312 29
1171 3277 1252 3311 τοὺς
1320 3278 1433 3309 eadem
1456 3287 1542 3319 pena
1565 3277 1619 3309 uir
1636 3279 1668 3309 et
1684 3277 1806 3310 mulier
1827 3277 1997 3310 dinei-tens
2013 3279 2165 3310 teneatur
2184 3279 2259 3312 Tin
2273 3291 2375 3323 marq.

169 3319 310 3365 ἄνδρας]
337 3322 436 3354 etiam
461 3323 548 3354 viros
574 3323 682 3365 §1132
707 3324 766 3355 καὶ
791 3336 848 3356 om.
865 3335 883 3359 ς
1320 3325 1448 3355 nostras
1472 3322 1560 3363 leges
1589 3322 1653 3355 ΕΤ
1665 3321 1677 3365 ΙΙ
1706 3324 1744 3356 18
1770 3325 1803 3355 et
1823 3323 1915 3363 viris]
1941 3324 1974 3355 et
1994 3335 2051 3355 om.
2075 3323 2107 3355 V
2118 3323 2129 3364 ΙΙ
2157 3324 2196 3358 19
2218 3324 2264 3356 tffi
2280 3324 2350 3357 RT
2359 3324 2370 3344 ¹

1320 3369 1450 3400 nostrae
1476 3367 1581 3400 om.R
1597 3366 1608 3410 ΙΙ
1635 3368 1677 3401 20
1702 3369 1851 3409 cognitas
1872 3368 1924 3400 Va
1941 3367 1953 3410 ss
1978 3369 2010 3400 et
2032 3367 2069 3400 in
2093 3367 2177 3400 uiris
2202 3369 2252 3410 R,
2285 3371 2318 3401 et
2341 3382 2401 3404 om.

1328 3414 1359 3446 V
1378 3413 1389 3455 ΙΙ
1417 3414 1455 3446 21
1484 3411 1692 3452 mulieribus]
1718 3414 1857 3455 repudia
1881 3412 2012 3445 mittere
2037 3413 2114 3445 add.
2132 3413 2185 3445 Ta
2209 3413 2221 3456 ss
2252 3414 2294 3446 22
2318 3424 2404 3455 pena

239 3457 255 3489 1
281 3455 374 3495 actis]
400 3455 461 3488 hoe
479 3458 526 3487 est
542 3456 624 3488 actis
648 3455 717 3489 ΕΤ
732 3454 744 3499 ΙΙ
759 3455 845 3488 sieut
871 3456 927 3498 ΤΗ
946 3458 965 3489 4
991 3456 1146 3497 inEptum
1165 3457 1218 3490 Va
1242 3457 1253 3500 Η
1321 3458 1368 3490 R¹
1387 3458 1399 3500 ss
1416 3457 1500 3490 uiris
1524 3458 1556 3490 R
1573 3457 1585 3500 ΙΙ
1603 3457 1736 3490 mulieri
1759 3456 1812 3502 Vss
1833 3459 1876 3491 24
1899 3457 1952 3498 ad]
1977 3467 2044 3490 esse
2068 3457 2109 3489 ad
2131 3457 2186 3501 VH
2213 3468 2335 3500 poenas
2356 3459 2403 3500 V]

170 3510 237 3532 esse
253 3500 349 3532 nobis
367 3500 598 3543 RT115rubr.
624 3501 674 3534 De
694 3500 748 3534 his
773 3501 831 3542 qui
850 3501 1007 3534 secundas
1031 3502 1165 3544 nuptias
1186 3512 1253 3534 non
1320 3513 1438 3544 penam
1463 3503 1622 3545 RTvuly.
1655 3501 1667 3546 ΙΙ
1695 3503 1775 3535 haee
1799 3503 1832 3535 R
1857 3502 1870 3545 n
1901 3503 1944 3536 25
1970 3502 2097 3535 hisdem
2122 3502 2250 3536 R²VT
2280 3503 2404 3536 ibidem

125 3583 127 3585 ¹
170 3546 373 3578 contrahunt
397 3546 468 3578 sine
492 3556 591 3579 eausa
616 3546 649 3579 T
662 3547 695 3579 in
712 3559 814 3588 mary.
832 3547 882 3588 (ex
898 3547 976 3588 Iul.)
995 3547 1007 3590 fl
1024 3547 1091 3584 Qui
1115 3547 1224 3580 R¹T²
1241 3546 1253 3590 Η
1320 3548 1369 3580 111
1394 3547 1406 3591 ΙΙ
1433 3548 1475 3581 26
1499 3557 1519 3579 a
1542 3547 1638 3580 nobis
1663 3547 1827 3588 definitae]
1853 3547 2011 3589 disposite
2035 3557 2054 3579 a
2077 3547 2174 3580 nobis
2200 3549 2231 3580 T
2254 3547 2266 3592 ΙΙ
2291 3548 2320 3581 si
2345 3561 2403 3582 om.

172 3591 204 3622 et
222 3590 361 3634 Tvuly]
382 3603 439 3623 om.
452 3591 549 3634 RVH
567 3590 732 3631 mulieres]
753 3591 843 3624 ultra
860 3602 913 3624 eas
931 3593 1008 3625 add.
1022 3592 1052 3624 T
1055 3595 1072 3612 a
1091 3591 1103 3635 ΙΙ
1120 3593 1139 3625 6
1158 3602 1251 3634 prae-
1285 3609 1289 3761 1
1321 3592 1412 3625 R¹T
1419 3593 1440 3633 ¹,
1465 3592 1494 3624 si
1509 3592 1579 3624 sine
1596 3594 1628 3625 in
1645 3601 1729 3635 spat.
1747 3605 1818 3626 vac.
1833 3605 1896 3626 scr.
1919 3592 1969 3625 V²
1986 3592 1998 3635 11
2016 3593 2057 3625 27
2079 3592 2266 3626 distrahant
2286 3594 2371 3637 vulq.
2392 3592 2405 3637 ΙΙ

169 3634 333 3675 positione
353 3636 546 3677 Heimbaclz]
581 3635 806 3679 propositione
831 3637 936 3670 RVT
967 3636 1119 3678 portione
1141 3636 1190 3669 R³
1204 3638 1233 3669 T
1239 3636 1253 3656 ³
1322 3638 1363 3671 28
1386 3638 1448 3670 hoe
1475 3651 1531 3671 om.
1555 3638 1588 3669 R
1618 3638 1630 3679 ΙΙ
1659 3637 1898 3680 praesumentis
1925 3638 1957 3670 V
1979 3637 1991 3680 11
2024 3638 2066 3671 29
2091 3637 2263 3671 mulierem
2287 3638 2337 3671 R²
2368 3638 2404 3670 in

170 3690 196 3711 s.
209 3691 252 3719 v.,
269 3681 353 3723 vulq.
371 3679 383 3722 ΙΙ
402 3680 504 3722 digna
522 3681 569 3713 R²
586 3682 599 3724 ΙΙ
616 3692 668 3714 eas
686 3684 780 3722 quae]
799 3691 865 3714 esse
881 3682 922 3713 ad
939 3682 1100 3714 secundas
1117 3682 1252 3723 nuptias
1321 3682 1459 3715 muliere
1482 3683 1514 3715 T
1533 3682 1544 3724 ΙΙ
1562 3682 1683 3714 delicto
1705 3683 1754 3716 ῘῘ2
1771 3684 1803 3715 in
1819 3689 1905 3725 spat.
1921 3695 1992 3715 vac.
2010 3683 2022 3725 {l
2041 3682 2072 3714 ei
2095 3682 2129 3715 R
2147 3684 2160 3726 ll
2184 3683 2226 3716 30
2247 3685 2404 3726 putamus

170 3730 213 3747 ’-
231 3724 332 3766 digna
348 3725 437 3758 ultra
454 3737 507 3759 eas
525 3737 608 3769 quae
633 3740 671 3760 ez
696 3729 715 3760 5
728 3740 775 3770 sq.
796 3739 902 3760 errore
920 3728 1056 3769 repetita
1076 3728 1153 3760 add.
1177 3727 1218 3760 V¹
1242 3726 1253 3770 ΙΙ
1323 3727 1449 3771 Tvuly.

2065 3781 2134 3815 80*
