2580 4022
175 158 233 188 DE
261 155 602 189 Anmcmomssus
1933 141 2039 184 Nov.
2063 139 2277 184 CLXVIII
2306 152 2365 195 pr.
2392 142 2410 180 1

1247 139 1332 187 755

172 256 350 303 γειτόνων
382 254 404 299 ἦ
437 251 528 298 αὐτὴ
564 252 661 296 τάξις
695 254 788 301 λέγοι
817 255 964 299 μαθεῖν,
998 251 1044 289 ῶς
1076 251 1191 289 οὐδεὶς
1218 253 1294 288 τῶν
1326 250 1556 302 πραγμάτων
1579 253 1723 289 τούτων
1747 251 2001 296 ἐπιλέληπται·
2027 253 2087 287 ἐπὶ
2112 250 2151 286 δὲ
2175 252 2252 286 τῶν
2275 252 2315 285 ἐν
2339 253 2418 285 ταῖς

174 303 360 346 ἐπαρχίαις
382 302 559 345 κειμένων
583 298 655 335 ὑπὸ
680 303 752 334 τοῖς
775 302 852 335 τῶν
875 301 1005 335 τόπων
1028 298 1178 335 έκδίκοις
1202 297 1448 343 ὑπομνήματα
1473 296 1522 342 [ἅ]
1540 297 1801 343 παραπλησίως
1817 297 1928 333 ταύτὸ
1946 299 2054 333 τοῦτο
2071 298 2281 343 πράττοντα
2296 294 2417 340 δεήσει

174 345 432 390 συνίστασθαι,
456 348 653 391 μαρτυρίας
674 347 742 390 μὲν
766 347 894 388 ἔχοντα
918 346 996 380 τῶν
1017 344 1207 392 γειτόνων.
1256 345 1456 388 τηνικαῦτα
1481 343 1519 378 δὲ
1543 343 1671 379 ἄδειαν
1695 347 1897 388 παρέχομεν
1919 346 1992 378 τοῖς
2016 342 2080 378 τοὶς
2104 342 2244 388 ψήφους
2265 338 2416 389 ᾖτηκόσι

173 390 219 425 τὰ
253 391 451 446 πράγματα
476 393 678 432 κατασχεῖν.
727 393 785 424 καὶ
817 394 890 424 τοῖς
918 389 1084 435 μέλλουσι
1115 388 1156 424 δὲ
1190 391 1228 423 ἐκ
1253 388 1566 436 συναλλαγμάτων
1590 391 1705 424 τινῶν
1729 390 1804 434 πρᾶ
1828 401 1879 431 μα
1904 386 2100 433 λαμβάνειν
2121 391 2181 421 καὶ
2205 388 2321 432 νομὴν
2343 399 2414 421 τοι·

174 436 287 479 αύτην
310 450 331 479 η
358 433 574 470 δεσποτείαν
598 434 671 469 ὑπὸ
697 435 765 478 τὴν
787 436 928 470 ἑαυτῶν
951 436 1142 470 ποιεῖσθαι
1164 435 1322 478 κατοχὴν
1346 432 1542 480 ἀναγκαίας
1566 434 1630 470 τὰς
1653 435 1731 469 τῶν
1755 401 1909 468 έκδίκων
1931 434 2054 479 (τῶν)
2075 435 2115 467 ἐν
2137 435 2214 467 ταῖς
2229 435 2415 478 ἐπαρχίαις

171 484 368 526 μαρτυρίας
398 481 604 524 νομίζομεν,
637 476 725 515 ῶςτε
758 478 1033 525 ὑπομνημάτων
1058 483 1333 524 συνισταμένων
1357 477 1416 514 ὑπ’
1443 477 1562 515 αὐτοῖς
1587 478 1792 523 δηλοῦσθαι
1815 478 1884 522 τὴν
1908 477 2125 523 παράδοσιν,
2149 478 2220 512 εἴτε
2245 474 2414 513 ἐπιστάλ·

172 538 271 570 ματα
293 524 394 567 τύχοι
413 527 599 571 γραφέντα
624 529 858 570 φροντισταῖς
881 526 952 560 εἴτε
975 524 1262 570 ἐπισταλμάτων
1285 528 1393 570 χωρὶς
1416 522 1439 569 ἡ
1462 523 1662 570 παράδοσις
1680 523 1802 569 μέλλοι
1825 523 2010 570 γίνεσθαι,
2035 523 2230 569 προςόντος
2245 522 2415 557 ἐνταῦθα

172 571 236 604 τοῦ
259 574 319 603 καὶ
342 568 424 604 τοὺς
448 569 625 616 γεωργοὺς
648 559 728 613 ἦτοι
753 573 972 617 φροντιστὰς
996 572 1125 617 χρῆναι
1147 569 1400 616 συνομολογεῖν
1425 572 1486 605 ἐπὶ
1510 571 1588 605 τῶν
1611 567 1895 614 ὑπομνημάτων,
1922 567 1970 603 ὠς
1993 568 2060 603 τὸν
2083 568 2264 614 νεώτερον
2287 565 2415 601 εἰδεῖεν

173 617 284 659 νομέα
315 617 375 648 καὶ
405 613 589 658 δεσπότην
620 620 679 649 καὶ
711 617 755 663 τῇ
781 617 846 650 τοῦ
870 614 1098 661 παραδόντος
1122 613 1413 658 άκολουθήσαιεν
1435 615 1562 662 γνώμῃ
1586 615 1694 650 τοῦτο
1719 614 1839 649 αὐτοῖς
1864 615 2135 659 ἐπιτρέψαντος.
2183 613 2280 647 ἔνθα
2310 611 2349 646 δὲ
2369 612 2415 646 ἄν

172 659 309 694 ἔκδικος
337 659 387 704 μὴ
416 662 525 706 παρῇ,
556 661 624 695 τὸν
657 659 914 706 λαμπρότατον
938 662 999 703 τῆς
1023 662 1192 706 ἐπαρχίας
1216 659 1373 704 ἄρχοντα
1396 661 1442 694 τὰ
1463 662 1615 694 τοιαῦτα
1635 660 1812 694 συνιστᾶν
1835 657 2078 703 ὑπομνήματα
2102 657 2368 703 προςτάττομεν
2392 652 2413 699 ἢ

171 705 240 738 τὸν
270 702 476 739 ὁσιώτατον
508 706 570 748 τῆς
601 703 740 740 πόλεως
771 705 876 751 ἱερέα,
908 704 966 752 ὑφ’
1001 703 1046 749 ἣν
1071 703 1092 749 ἦ
1116 706 1238 748 κτῆσις
1262 708 1373 748 ἐστίν,
1397 703 1488 749 ὑπὲρ
1511 696 1550 749 ἧς
1571 705 1617 739 τὰ
1640 705 1793 739 τοιαῦτα
1815 703 2027 749 πράττεται,
2053 704 2084 736 εἰ
2108 702 2230 746 πολλῷ
2256 702 2368 745 τυχὸν
2393 699 2413 735 ὁ

173 751 235 793 τῆς
256 751 427 795 ἐπαρχίας
450 750 643 796 ἡγούμενος
666 748 901 786 ἀπολείποιτο
926 752 1003 785 τῶν
1026 749 1165 793 τόπων,
1190 752 1230 784 ἐν
1253 749 1303 784 οἷς
1326 748 1348 794 ἡ
1374 749 1571 795 παράδοσις
1593 753 1742 797 γίνεται.
1788 753 1828 783 ἂν
1853 747 1892 782 δὲ
1915 749 1959 795 τῇ
1983 746 2146 792 βασιλίδι
2169 748 2284 794 ταύτῃ
2309 745 2415 781 πόλει

173 798 232 828 καὶ
266 794 350 829 τούς
385 794 621 840 καλουμένους
655 795 894 840 ἑκβιβασμοὺς
932 799 992 830 καὶ
1027 795 1074 830 τὰ
1110 794 1201 840 ὑπὲρ
1234 796 1310 830 τῶν
1339 794 1582 840 παραδόσεων
1613 792 1858 839 συνιστάμενα
1887 793 2106 838 έκμαρτύρια
2139 792 2254 837 ῥοπὴν
2286 791 2416 835 ἱκανὴν

174 837 318 874 διδόναι
341 843 413 875 τοῖς
437 839 697 886 παρειληφόσιν
721 840 918 887 ἡγούμεθα.

307 884 598 940 <Ἐπίλογος >
650 886 924 933 Προςτάττομεν
955 889 1080 920 τοίνυν
1104 886 1150 932 τῇ
1174 886 1219 930 σῇ
1243 884 1535 930 μεγαλοπρεπείᾳ
1557 888 1616 918 καὶ
1640 884 1685 931 τῇ
1709 883 1913 930 πειθομένῃ
1938 894 1995 917 σοι
2019 882 2117 923 τάξει
2140 885 2201 915 καὶ
2225 882 2318 916 πᾶσι
2341 883 2415 915 τοῖς

173 930 263 964 κατὰ
285 943 354 974 την
376 932 599 976 ι’θύνομένην
616 929 687 967 ὑπὸ
703 932 766 966 σοῦ
781 932 904 976 χώραν
920 929 1169 974 διαιτωμένοις
1186 928 1339 966 πάντων
1357 931 1481 976 ἐφεξῆς
1497 928 1790 974 έπιμελήσασθαι
1807 929 1885 963 τῶν
1901 929 2254 975 παρεγγυησαμένων
2269 923 2414 971 ὁμοίως.

1248 1111 1348 1156 ῬΞῙῙ

311 1293 525 1303 ..........
551 1268 847 1324 ,,ῌροςτάττομεν
868 1266 990 1312 κήνσῳ
1015 1267 1126 1315 ἤγουν
1151 1265 1344 1314 ἀπογραφῇ
1359 1270 1487 1321 *χωρία
1512 1267 1692 1324 φέρεσθαι
1715 1265 1842 1322 μᾴνον,
1867 1266 1908 1300 οὐ
1931 1264 2004 1311 μὴν
2028 1267 2140 1320 αἰκίας
2164 1262 2186 1309 ἢ
2211 1263 2303 1300 ἄλλα
2327 1263 2415 1318 πρά-ἶ

174 1326 304 1357 γματα.
344 1310 366 1356 ἦ
391 1312 430 1347 δὲ
454 1315 609 1360 ἐπιφορά
633 1314 845 1359 ομοκήνσοις
867 1319 1017 1360 γίνεται.
1058 1310 1207 1360 φυλάξει
1238 1311 1278 1346 δὲ
1312 1325 1421 1346 τουτο
1445 1325 1465 1345 ο
1488 1325 1551 1346 του
1578 1312 1709 1346 ὲθνους
1733 1323 1928 1358 ηγουμενος
1952 1315 2012 1345 καὶ
2035 1326 2056 1355 η
2082 1313 2286 1356 πειθομένη
2311 1308 2414 1352 αὗτῳ

310 1404 394 1437 Νου.
416 1405 615 1438 CLXVIII
644 1407 725 1439 inter
758 1407 863 1439 edicta
888 1409 1001 1449 praef.
1029 1413 1135 1448 praet.
1162 1406 1182 1438 2
1214 1404 1386 1438 secundum
1412 1403 1546 1437 indicem
1571 1403 1614 1436 M
1637 1410 1666 1436 et
1697 1403 1796 1436 schol.
1823 1404 1869 1436 ad
1890 1415 1961 1436 nov.
1985 1403 2147 1436 CLXIII
2161 1404 2264 1446 periit
2283 1409 2417 1445 praeter

175 1461 243 1482 eam
264 1456 404 1492 partem,
429 1463 511 1493 quae
526 1452 600 1494 fuit
624 1453 655 1484 in
675 1451 709 1483 B
728 1452 781 1492 56,
796 1458 886 1492 20‚2‚
911 1452 996 1484 unde
1021 1452 1103 1484 libro
1128 1463 1211 1484 nunc
1236 1450 1404 1492 deperdito
1429 1461 1505 1482 usus
1529 1449 1631 1482 edidit
1652 1449 1803 1482 Cut‘acz'us
1828 1461 1935 1492 expos.
1956 1449 2029 1482 138.
2083 1447 2179 1487 Quod
2200 1448 2295 1491 vulqo
2312 1459 2415 1490 prae-

175 1495 299 1528 mittunt
313 1496 534 1538 fraqmentum
558 1498 641 1540 περὶ
666 1494 850 1539 ἐπιβολῶν
874 1498 907 1529 in
932 1497 1039 1530 ultimo
1065 1497 1185 1530 codicis
1211 1496 1325 1539 lfolio
1346 1501 1458 1527 extans
1483 1495 1537 1535 (ch
1564 1495 1610 1527 ad
1632 1506 1662 1526 υ.
1685 1495 1739 1534 19)
1764 1506 1826 1527 non
1852 1495 1913 1527 huc
1931 1495 2095 1537 pertinere
2121 1494 2204 1527 dixit
2219 1493 2414 1526 Zachariae

176 1540 288 1573 anecd.
306 1553 341 1583 p.
357 1542 440 1580 2473
466 1552 545 1575 sane
569 1554 620 1575 res
644 1543 778 1575 incerta.
803 1560 848 1566 —
871 1542 962 1586 Epit.
987 1542 1094 1575 Anon.
1120 1541 1222 1575 Bodl.
1247 1541 1314 1583 (cui
1336 1547 1382 1573 est
1405 1540 1452 1573 ed.
1472 1541 1527 1582 24)
1548 1551 1585 1582 p.
1605 1540 1672 1573 274
1696 1539 1799 1572 Zach-

174 1683 298 1721 eadem
322 1683 455 1720 cohors
478 1685 577 1721 dicat
597 1695 637 1721 se
660 1686 871 1730 coqnovisse
894 1686 1067 1722 neminem
1091 1696 1217 1721 earum
1239 1696 1361 1721 rerum
1382 1684 1647 1732 possessionem
1665 1683 1861 1719 obtinuisse
1869 1695 1884 1725 ;
1904 1684 1941 1718 in
1964 1682 2016 1719 eis
2038 1693 2135 1724 vero,
2160 1693 2254 1729 quae
2276 1682 2314 1718 in
2330 1693 2418 1729 pro-

174 1729 302 1765 vinciis
323 1731 417 1766 sitae
434 1733 529 1773 sunt,
553 1734 617 1765 sub
641 1731 896 1776 defensoribus
920 1731 1079 1766 locorum
1104 1734 1188 1766 acta
1209 1730 1383 1766 debebunt
1407 1730 1547 1775 confici,
1572 1739 1666 1775 quae
1689 1728 1853 1764 similiter
1876 1728 1968 1764 idem
1992 1727 2085 1763 illud
2099 1728 2294 1770 continent,
2319 1729 2418 1763 testi-

174 1775 298 1809 monia
329 1774 472 1820 quidem
501 1775 699 1811 vicinorum
729 1775 908 1811 habentia.
958 1775 1056 1811 Tunc
1088 1786 1172 1811 vero
1202 1775 1384 1811 licentiam
1413 1775 1487 1810 illis
1517 1773 1756 1815 concedimus,
1787 1773 1851 1818 qui
1882 1772 2028 1808 decreta
2089 1773 2256 1815 etierunt,
2287 1777 2328 1808 ut
2359 1784 2419 1808 res

174 1819 369 1855 detineant.
416 1820 535 1865 Atque
558 1821 664 1855 etiam
688 1820 744 1862 iis,
771 1821 836 1866 qui
856 1831 906 1856 ex
926 1820 1174 1856 contractibus
1195 1831 1254 1855 res
1278 1820 1467 1866 accepturi
1488 1823 1524 1854 et
1543 1819 1648 1854 talem
1665 1818 1934 1864 possessionem
1959 1818 2014 1853 vel
2062 1818 2233 1853 ominium
2251 1818 2310 1852 sui
2327 1818 2420 1853 iuris

173 1864 316 1910 facturi
345 1869 441 1906 sunt,
475 1865 681 1901 necessaria
712 1876 788 1901 esse
819 1865 1052 1911 defensorum
1070 1865 1356 1912 provincialium
1378 1864 1582 1901 testimonia
1601 1869 1786 1910 putamus,
1813 1866 1854 1897 ut
1878 1862 1971 1898 actis
1993 1862 2059 1898 sub
2083 1863 2135 1898 eis
2159 1863 2337 1908 confectis
2360 1862 2421 1898 de·

175 1909 335 1945 claretur
369 1910 531 1951 traditio,
560 1910 634 1947 sive
665 1910 799 1946 adsunt
829 1911 1006 1957 epistolae
1036 1911 1266 1946 curatoribus
1289 1910 1449 1956 scriptae
1472 1910 1547 1946 sive
1569 1909 1646 1944 sine
1670 1908 1801 1944 litteris
1826 1908 1974 1944 traditio
1999 1910 2054 1944 est
2074 1907 2251 1953 facienda
2272 1907 2337 1943 illo
2362 1908 2422 1944 hic

175 1954 317 1996 addito,
349 1958 389 1990 ut
420 1955 527 1990 etiam
559 1956 745 2001 ayricolae
777 1959 1008 1992 curatoresve
1038 1955 1139 2001 apud
1169 1959 1251 1992 acta
1283 1956 1538 2001 confiteantur,
1566 1965 1606 1990 se
1635 1954 1730 1989 scire
1760 1964 1892 1989 novum
1924 1953 2025 1988 illum
2057 1959 2093 1988 et
2108 1963 2356 1999 possessorem
2386 1955 2422 1989 et

176 1999 360 2034 dominum
391 2010 469 2035 esse
499 2001 767 2046 sententiaeque
793 2000 968 2036 tradentis
991 2002 1237 2046 obtemperare
1261 2001 1324 2045 qui
1347 2000 1387 2035 id
1408 2000 1500 2045 ipsis
1523 1998 1758 2034 mandaverit.
1812 1997 1880 2033 Ubi
1900 2008 1985 2033 vero
2009 1997 2183 2043 defensor
2202 2008 2277 2033 non
2304 1998 2419 2040 adest,

177 2043 414 2078 clarissimum
435 2046 646 2090 provinciae
663 2045 871 2090 praesidem
895 2045 1070 2081 eiusmodi
1094 2047 1176 2080 acta
1199 2044 1376 2088 conficere
1401 2044 1560 2080 iubemus
1584 2048 1648 2078 aut
1670 2042 1934 2078 sanctissimum
1958 2042 2036 2078 eius
2058 2042 2159 2078 urbis
2181 2043 2419 2085 sacerdotem,

176 2088 242 2123 sub
275 2099 347 2133 qua
373 2090 556 2134 possessio
588 2092 658 2130 est,
691 2089 734 2124 de
767 2100 840 2135 qua
865 2090 953 2125 talia
974 2090 1086 2134 fiunt,
1110 2089 1142 2124 si
1164 2089 1266 2134 forte
1283 2099 1429 2132 praeses
1447 2088 1663 2134 provinciae
1688 2087 1795 2132 tonqe
1818 2087 1913 2122 absit
1935 2086 1980 2122 ab
2003 2086 2079 2121 illis
2103 2086 2203 2129 locis,
2228 2087 2266 2122 in
2290 2088 2421 2133 quibus

180 2132 328 2168 traditio
348 2134 403 2178 fit.
453 2132 500 2168 In
523 2133 592 2169 lzac
615 2138 734 2169 autem
757 2134 861 2179 reqia
885 2134 973 2170 urbe
995 2137 1030 2170 et
1052 2134 1285 2169 executiones
1309 2144 1403 2179 quae
1426 2135 1602 2168 vocantur
1625 2135 1660 2168 et
1683 2132 1930 2167 attestationes
1949 2132 1992 2167 de
2010 2131 2206 2167 traditione
2228 2132 2420 2178 confectae

178 2178 437 2224 accipientibus
460 2178 627 2214 idoneam
651 2180 903 2214 auctoritatem
927 2179 1017 2215 dare
1037 2182 1218 2225 putamus.

315 2222 425 2269 Epil
433 2234 454 2259 0
462 2234 488 2270 q
499 2234 558 2259 us.
605 2223 774 2259 Iubemus
804 2224 918 2269 iqitur
950 2227 1049 2259 tuam
1079 2223 1383 2270 maqnificentiam
1415 2225 1452 2258 et
1482 2220 1728 2258 oboedientem
1756 2220 1820 2257 tibi
1851 2219 2033 2257 cohortem
2062 2224 2099 2257 et
2121 2232 2261 2264 omnes,
2293 2222 2358 2269 qui
2380 2223 2419 2258 in

172 2267 368 2314 provincia
398 2279 421 2303 a
454 2274 487 2305 te
518 2268 771 2304 administrata
800 2273 1080 2312 commorantur,
1113 2269 1270 2304 omnium
1301 2267 1471 2313 deinceps
1502 2267 1566 2313 qui
1593 2276 1715 2302 rerum
1749 2265 1962 2303 traditiones
1992 2266 2152 2312 fecerint
2179 2266 2291 2304 simili
2310 2267 2419 2304 modo

179 2323 304 2348 curam
329 2324 467 2360 qerere.
1561 2330 1563 2333 >

1196 2445 1408 2484 CLXVJJJ.

935 2515 1037 2566 DE
1082 2514 1663 2567 ADIEC'TIONIBUS.

317 2631 326 2641 .
339 2632 348 2641 .
363 2632 371 2641 .
386 2628 393 2636 ·
408 2606 681 2654 „Praecipimus
704 2606 829 2652 iqitur,
852 2608 893 2641 ut
915 2605 953 2641 in
976 2615 1120 2642 censum
1143 2616 1206 2641 seu
1222 2605 1497 2653 descriptionem
1513 2603 1668 2651 praedia
1684 2602 1799 2639 solum
1814 2603 2037 2650 referantur,
2060 2614 2134 2640 non
2154 2605 2272 2640 autem
2290 2604 2420 2642 domus

181 2652 239 2690 vel
261 2652 357 2688 aliae
378 2663 448 2689 res.
486 2652 651 2689 Adiectio
677 2663 760 2689 vero
780 2651 826 2696 fit
841 2651 1005 2696 praediis
1029 2650 1312 2688 contributariis.
1353 2650 1520 2687 Servabit
1543 2653 1662 2686 autem
1686 2648 1756 2684 hoc
1777 2653 1898 2686 rector
1919 2649 2039 2696 qentis
2058 2654 2094 2685 et
2117 2649 2281 2696 officium
2305 2652 2339 2687 ei
2355 2651 2418 2687 ob-

229 2800 246 2833 1
272 2796 436 2844 γετόνων
453 2798 465 2831 l
481 2796 493 2840 11
510 2794 604 2842 λέγοι
629 2809 724 2830 anon.
742 2797 856 2836 Booti]
881 2794 972 2842 λέγει
988 2796 1036 2838 Β,
1060 2793 1118 2836 λές
1135 2795 1148 2828 I
1170 2795 1266 2838 (unde

173 2843 269 2888 falso
282 2841 432 2900 λέγουσα
446 2842 549 2886 vuly.)
560 2842 579 2919 11
592 2840 737 2898 τούτων
752 2843 779 2883 l]
795 2837 917 2875 αὐτῶν
931 2853 1026 2875 αηοη.
1038 2841 1151 2882 Bodt„
1168 2841 1265 2874 om.B

181 2885 436 2932 11ἐπιλεληπται
451 2889 482 2928 l]
497 2888 556 2921 ἐπι
579 2884 741 2920 ελειπται
751 2887 797 2928 B,
811 2884 1024 2928 ἐπείληπται
1038 2898 1132 2919 anon.
1143 2886 1242 2919 Bodl.
1254 2885 1266 2928 11

1335 2808 1430 2829 αηοη.
1465 2795 1567 2828 Bodl.
1599 2794 1612 2837 11
1648 2796 1690 2829 19
1726 2807 1794 2829 cum
1829 2795 2043 2830 Heimbachz'o
2075 2797 2174 2841 vulqo
2203 2798 2419 2840 praemittunt

1324 2843 1549 2885 fraqmentum
1579 2847 1692 2873 extans
1716 2841 1749 2873 in
1774 2841 1786 2873 l
1800 2841 1832 2884 f
1853 2842 1961 2875 1015.-
1994 2843 2077 2886 περὶ
2102 2840 2296 2886 ἐπιβολῶν.
2349 2843 2417 2876 Τὰς

1333 2886 1411 2919 τῶν
1441 2882 1652 2929 ὁμοδούλων
1675 2882 1857 2930 ἐπιφορὰς,
1874 2882 1894 2918 ὁ
1919 2884 2029 2930 νόμος
2050 2884 2125 2920 οἶδε
2148 2889 2208 2920 καὶ
2231 2887 2309 2921 τῶν
2332 2883 2414 2931 ὁμο·

183 2934 204 2967 2
221 2930 246 2965 δι’
259 2934 318 2972 lB,
333 2934 452 2966 seclusi
465 2934 477 2974 11
496 2930 709 2976 πράττοντα
727 2933 757 2972 l]
775 2928 1048 2974 πράττονταιΒ
1072 2927 1266 2973 (δηλοῦντα

184 2978 408 3019 anon.Bodt.)
427 2976 440 3020 11
457 2978 476 3010 3
491 2978 693 3020 μαρτυρίαν
702 2977 750 3018 Β,
766 2978 824 3009 καὶ
840 2977 1036 3020 μαρτυρίας
1056 2988 1150 3008 αηοη.
1162 2976 1264 3009 Bodl.

182 3021 195 3066 11
207 3020 438 3066 παρεχόμενα
464 3034 558 3054 anon.
576 3021 680 3054 Bodl.
699 3021 711 3064 11
728 3023 801 3054 τοῖς
826 3033 884 3053 om.
901 3021 933 3053 Β
951 3020 963 3064 11
982 3023 1001 3054 5
1026 3020 1103 3054 τῶν
1127 3021 1245 3054 addidi
1255 3019 1267 3064 11

185 3068 206 3099 6
220 3065 450 3109 έπιτάλματα
469 3079 564 3099 anon.
590 3066 694 3099 Bodl.
710 3079 740 3098 v.
761 3067 779 3098 Ι.
797 3065 809 3109 11
830 3067 847 3098 7
873 3066 1059 3110 γραφέντα
1082 3065 1131 3106 Β]
1154 3064 1265 3109 γράμ-

183 3113 312 3155 ματαί
337 3117 349 3155 11
373 3108 491 3153 μέλλει
508 3111 563 3143 ΖΒ
586 3109 599 3153 11
630 3112 649 3144 8
674 3106 851 3155 νεώτερον
874 3111 908 3143 Β
934 3123 1028 3143 αηοη.
1054 3110 1168 3150 Roda]
1193 3110 1266 3142 ἕτε-

207 3168 250 3189 ον
268 3157 279 3189 l
295 3156 306 3199 11
324 3153 461 3196 εἰδεῖεν]
487 3152 563 3197 εἴδη
588 3155 628 3188 ἐν
645 3157 715 3188 cod.
736 3168 843 3196 anon„
869 3151 998 3188 εἶδοῖεν
1016 3154 1071 3187 tB
1098 3154 1110 3198 11
1141 3156 1161 3188 9
1187 3150 1266 3188 άκο-

185 3170 408 3242 Ξουθήσαιεν
432 3201 468 3233 Β
494 3213 588 3233 anon.
615 3201 731 3241 Bodt]
759 3195 1019 3242 ἀκολουθήσειε
1037 3199 1050 3231 l
1067 3199 1078 3240 11
1104 3195 1204 3241 αὐτῷ
1236 3199 1266 3232 Β

185 3247 196 3290 11
223 3247 264 3280 12
289 3241 532 3280 ἀπολίποιτοί
555 3245 567 3288 11
592 3246 633 3278 ἔν
655 3246 722 3278 ‘tel
751 3248 762 3288 11
788 3247 829 3279 13
854 3244 916 3287 τῆς
939 3241 1176 3288 παραδόσεως
1202 3244 1236 3276 Β
1255 3242 1267 3287 11

190 3292 230 3325 16
254 3293 375 3324 subscr.
401 3291 504 3329 decen
530 3290 660 3323 Bassus
681 3303 734 3334 pr.
748 3302 802 3333 pr.
828 3297 1087 3323 commemoratur
1111 3291 1144 3323 in
1169 3290 1265 3322 inscr-

187 3348 258 3369 που.
282 3335 466 3369 CXXVII
493 3336 537 3377 (k.
568 3335 658 3378 Sept.
691 3348 721 3368 a.
749 3336 826 3377 548)
859 3342 888 3368 et
921 3336 969 3368 ed.
992 3334 1086 3367 VIII
1111 3333 1210 3376 (XV.
1235 3334 1266 3366 lc.

193 3382 263 3415 Oct.
290 3393 322 3413 a.
343 3381 434 3421 548).
482 3380 576 3413 Petri
606 3381 673 3414 eius
697 3381 873 3413 decessoris
898 3380 1010 3413 ultima
1033 3380 1147 3413 mentio
1162 3379 1212 3420 fit
1235 3379 1265 3411 k.

191 3426 274 3458 Mai.
301 3438 332 3458 a.
353 3427 419 3459 546
444 3427 530 3468 (nov.
553 3425 747 3466 CXXIII),
778 3425 911 3457 Addam·
940 3425 1132 3457 successoris
1158 3425 1267 3467 prima

189 3471 311 3504 XVII.
337 3471 367 3503 k.
391 3470 455 3503 lut.
489 3482 520 3503 a.
547 3471 609 3503 551
647 3471 731 3511 (nov.
752 3470 935 3510 CXXIX).
965 3468 977 3511 n
1009 3470 1049 3503 18
1079 3470 1161 3512 περὶ
1191 3469 1266 3501 επι-

189 3514 312 3558 βολῶν
329 3516 395 3572 ind.
410 3515 441 3548 L
457 3511 603 3568 J'Stu‘cov
627 3516 708 3570 περὶ
718 3512 910 3592 τέπιδὸολῶν
927 3514 1090 3570 ζωτικοῦ
1103 3511 1267 3568 ῥπάρχου

189 3572 432 3647 ἷξῗῖιέἔὲἷὶαἱέι
447 3561 528 3649 ζ’ζξῖ)
538 3556 1268 3649 11τᾷἙὲεἶμῖύῖιῖἐῗιῖιὲἷὲἔᾶᾧῗῖεἶῖεἶζῗ

191 3647 403 3693 ὁμοδούλων
420 3646 571 3695 Ἰωάννῃ
595 3651 648 3692 τῶ
674 3647 919 3694 λαμπροτάτῳ
945 3646 1093 3693 ἄρχοντι
1117 3645 1268 3692 Κύπρου

192 3696 261 3735 ind.
296 3696 434 3738 Theod,
469 3691 608 3729 ἴδικτον
640 3694 804 3729 Ζωτικοῦ
837 3695 919 3737 περὶ
950 3694 1028 3727 τῶν
1059 3690 1268 3737 ὁμοδούλων

1334 2929 1481 2972 κήνσων
1505 2931 1671 2970 (-κίνσων
1689 2931 1727 2972 l)·
1752 2932 1813 2963 καὶ
1835 2932 1888 2963 τίς
1912 2930 2013 2965 ἐστιν
2035 2928 2056 2973 ἡ
2074 2931 2206 2966 τούτου
2222 2930 2417 2974 (τούτωνῖ)

1334 2973 1434 3019 ἀρχή,
1466 2973 1638 3009 πολλάκις
1668 2974 1707 3008 έν
1741 2977 1814 3008 τοῖς
1846 2972 2084 3020 δικαστηρίοις
2117 2974 2329 3020 δεδήλωται,
2357 2980 2416 3010 καὶ

1334 3022 1418 3064 περὶ
1448 3019 1676 3065 πραγμάτων
1707 3015 1733 3052 δι’
1762 3022 1902 3065 γίνεται
1933 3021 1974 3053 ἐν
1997 3023 2070 3055 τοῖς
2087 3024 2217 3055 κοινοῖς
2240 3020 2305 3055 τὰς
2325 3018 2416 3056 ἀπο-

1334 3063 1475 3110 γραφὰς
1504 3063 1675 3106 ἐχόντων,
1704 3061 1744 3097 οὗ
1776 3064 1891 3107 μόνον
1916 3065 1995 3099 τῶν
2025 3062 2099 3099 ἀπο
2123 3068 2360 3111 εγραμμένων
2393 3062 2415 3110 ἢ

1336 3105 1619 3164 ἀναγεγράφθαι
1666 3106 1879 3152 δυναμένων
1889 3111 1942 3150 (⁶2).
2002 3111 2080 3144 ἐπει
2105 3109 2127 3153 ὴ
2170 3114 2295 3145 τοίνυν
2323 3113 2418 3146 τινὲς

1335 3166 1427 3188 κατα
1451 3151 1642 3200 διαφόρους
1665 3151 1814 3198 χρόνους
1829 3156 2042 3198 παρέβησαν
2056 3156 2165 3189 τοῦτο
2181 3153 2417 3202 ἆλλοιοτέροις

1336 3198 1481 3241 τρόποις
1511 3201 1572 3232 καὶ
1596 3197 1679 3232 τοὺς
1702 3195 1882 3232 ὑποτελεῖς
1906 3198 2087 3244 έβάρυναν
2110 3197 2232 3245 (ἐβάρῧ
2251 3203 2286 3245 l),
2319 3198 2417 3244 ἡμεῖς

1337 3242 1377 3276 οὐ
1407 3241 1747 3288 παρωλισθήσαμεν
1775 3240 1860 3276 οὐδὲ
1884 3242 1925 3277 τὸ
1950 3241 2078 3278 δοκοῦν
2099 3247 2153 3287 τῷ
2178 3245 2283 3289 νόμῳ
2308 3258 2415 3291 παρε-

1338 3286 1508 3332 λύσαμεν.
1534 3289 1641 3322 Anon.
1658 3289 1762 3322 Bodt.
1786 3291 1833 3322 sic
1857 3290 1991 3343 incipit:
2015 3290 2132 3324 τινῶν
2154 3291 2221 3334 μὲν
2245 3288 2320 3325 ἀπὸ
2337 3292 2415 3325 τῶν

1337 3329 1552 3386 ὁμοκήνσων
1583 3328 1604 3375 ἡ
1633 3330 1775 3375 ζήτησις
1801 3333 1862 3367 ἐπὶ
1891 3346 1937 3367 τα
1967 3330 2149 3378 ὁμόδουλοι
2180 3338 2328 3381 φέρεται
2356 3338 2415 3369 καὶ

1336 3374 1451 3412 ου’τως
1472 3376 1646 3423 ἐπάγεται
1669 3380 1743 3411 τοῖς
1756 3378 1872 3412 ταῦτα
1887 3381 2122 3423 κεκτημένοις,
2146 3379 2229 3414 τινὰ
2247 3379 2288 3414 δὲ
2301 3378 2416 3427 ἀρχὴν

1336 3423 1435 3468 παρὰ
1461 3425 1557 3468 (περὶ
1574 3424 1656 3465 cod.)
1679 3423 1757 3457 τῶν
1773 3417 1981 3466 ὁμοδούλων
1997 3421 2174 3479 λαμβάνει
2191 3428 2251 3458 καὶ
2268 3428 2416 3471 φέρεται

1336 3469 1396 3501 ἐπὶ
1427 3467 1473 3502 τὰ
1505 3464 1704 3511 ὁμόκηνσα,
1737 3463 1838 3501 ὅπως
1871 3465 1919 3502 ἂν
1943 3468 1990 3502 εἰς
2012 3481 2080 3503 τον
2103 3469 2181 3502 τῶν
2205 3467 2416 3511 ὁμοδούλων

1336 3511 1513 3560 περιέλθῃ
1544 3511 1696 3556 τρόπον.
1712 3526 1728 3543 α
1742 3526 1758 3543 ⁴*
1775 3527 1791 3543 α
1827 3512 1945 3547 οἰκίαν
1968 3509 1992 3547 δ’
2011 3516 2071 3547 καὶ
2095 3506 2142 3557 ἦν
2167 3512 2233 3548 δοδ
2256 3514 2416 3560 (νόμοςῗ)

1336 3554 1398 3591 οὐκ
1432 3554 1682 3603 ἂπογράφεται
1717 3555 1800 3591 ούδὲ
1834 3557 2024 3601 πολιτικὴν
2059 3562 2204 3601 σίτησιν
2237 3556 2261 3603 ἢ
2298 3562 2416 3604 κῆποκ

1336 3599 1400 3636 οὐκ
1435 3600 1754 3649 ἀπογεγραμμένον
1785 3598 1869 3636 οὐδὲ
1898 3601 1982 3637 ἄλλο
2013 3602 2201 3639 παντελῶς
2234 3602 2352 3648 οὐδέν,
2384 3603 2415 3649 ᾧ

1334 3646 1383 3692 μή
1413 3659 1449 3681 τι
1478 3646 1600 3694 γεϊκὸν
1630 3646 1728 3682 τέλος
1758 3646 1780 3691 ἢ
1800 3648 1955 3694 ψυχικὸν
1977 3651 2273 3695 προσγέγραπται
2302 3651 2316 3695 11
2342 3650 2416 3696 μὴν

1337 3694 1536 3734 Zachariae]
1557 3694 1625 3737 μὲν
1650 3694 1685 3727 Β

2144 3751 2217 3787 95*

2442 661 2480 692 10

2443 885 2480 917 15

2440 1311 2482 1344 20
