2618 4010
181 131 430 168 surmate
458 130 596 166 FIAN'I*

182 235 259 270 τῶν
287 229 538 275 δνδοξοτάτων
560 229 633 269 ὑπ’
657 245 746 276 χων,
777 233 817 267 ἔκ
841 245 882 267 τε
903 233 965 277 τῆς
989 232 1165 268 ἐντεῦθεν
1191 229 1266 266 ἀδι-

180 284 257 318 κίας
286 281 365 316 ταῖς
394 291 435 317 τε
465 278 611 320 ἔξωθεν
662 281 783 323 ημίαις
817 281 906 320 ταῖςἸ
924 291 964 313 τε
994 280 1267 324 νενομισμέναις

178 327 200 362 1
245 321 433 370 εὗσεβέσιν
462 326 633 372 ἐπαρκεῖν
667 325 861 371 εἰςφοραῒς;
959 323 1106 359 Ἑννοια
1139 327 1267 359 τοίνυν

179 368 264 415 ἡμῖν
290 373 438 426 ιγε’γονε,
469 373 509 405 τί
539 382 630 405 ποτε
660 367 707 405 ἄν
737 369 939 418 πράξαντες
962 367 1073 412 ἅπαν,
1108 365 1197 404 ὅσον
1227 370 1267 403 ἐν

179 419 258 452 ταῖς
279 418 466 463 ημετέραις
486 417 673 463 ἐπαρχίαις
696 417 799 450 ἐστὶν
823 414 1028 460 ἐπιβλαβές,
1052 412 1180 463 πράξει
1200 416 1266 459 μιᾷ

179 462 281 510 κοινῇ
317 459 407 508 πρὸς
443 459 490 495 τὰ
521 465 674 508 κρείττω
714 458 1017 506 μεταστήσαιμεν.
1082 462 1191 496 τοῦτο
1226 458 1267 494 δὲ

179 504 327 542 πάντως
350 504 629 551 ἀποβησόμενον
652 505 871 552 εὑρίσκομεν,
898 507 930 541 εἰ
952 505 1034 542 τοὺς
1057 503 1267 554 ἡγουμένους

179 553 259 588 τῶν
282 552 423 594 ἐθνῶν,
453 549 535 587 ὅσοι
558 550 621 586 τὰς
645 551 829 587 πολιτικὰς
851 549 958 599 ἀρχὰς
979 553 1059 587 τῶν
1082 552 1268 598 ἐπαρχιῶν

179 599 310 641 ἔχουσι,
333 597 515 651 καθαραῖς
535 594 876 644 παρασκευάσαιμεν
892 598 1054 653 χρῆσθαξ
1068 599 1147 632 ταῖς
1168 599 1267 644 χερσὶ

1279 113 1336 164 65
2092 117 2205 165 Nov.
2236 117 2335 165 VIII
2363 133 2424 175 pr.

1336 230 1474 267 damnis
1510 231 1734 267 extrinsecus
1757 229 1864 267 illatis
1889 234 1924 267 et
1954 227 2189 268 sollemnibus
2221 230 2292 277 piis
2316 231 2425 267 colla-

1336 277 1494 313 tionibus
1519 277 1712 313 sufficere?

1335 324 1355 358 1
1394 322 1581 368 Cogitatio
1614 322 1725 367 igitur
1759 322 1862 358 nobis
1906 321 2006 358 facta
2041 326 2112 364 est,
2157 322 2243 368 quid
2279 324 2424 368 agentes

1336 368 1455 403 omnia
1485 378 1731 413 quaecumque
1762 368 1798 402 in
1822 368 1953 403 nostris
1973 368 2178 420 ‘provinciis
2214 372 2316 411 sunt,
2353 379 2426 404 uno

1303 418 1422 450 sactu
1455 413 1634 450 communi
1669 413 1717 448 ad
1752 413 1901 449 meliora
1935 424 2177 457 migraremus.
2224 413 2304 449 Hoc
2334 414 2426 450 enim

1336 459 1480 495 omnino
1505 462 1714 495 eventurum
1747 458 1943 502 credimus,
1976 459 2007 494 si
2040 459 2223 504 praesides
2254 459 2426 504 gentium,

1335 505 1548 550 quicumque
1575 504 1694 541 civiles
1723 504 2050 540 administrationes
2075 505 2338 549 provinciarum
2362 505 2424 540 ha-

1334 551 1440 593 bent,
1471 550 1572 596 puris
1602 559 1877 604 procuraremus
1902 549 1955 585 uti
1979 550 2142 586 manibus
2168 554 2204 585 et
2228 551 2325 586 omni
2345 551 2426 586 abs-

1336 596 1450 632 tinere
1478 599 1690 641 acceptione
1713 606 1779 641 pro
1802 595 1895 640 illis,
1929 595 2014 631 solis
2041 599 2228 631 contentos
2253 596 2303 631 eis
2336 606 2427 642 quae

178 646 239 678 καὶ
262 654 399 679 παντος
421 642 627 686 ἀπέχεσθαι
652 641 848 688 λήμματος,
877 654 1002 695 μονοις
1032 645 1268 690 αρκουμένους
1282 645 1322 678 10
1336 652 1358 677 a
1377 642 1465 678 fisco
1483 642 1624 678 dantur.
1667 641 1772 686 Quod
1793 651 1868 677 non
1892 641 1997 676 aliter
2019 641 2082 676 fiet
2105 641 2174 676 nisi
2198 645 2234 676 et
2256 641 2327 686 ipsi
2351 642 2427 678 cin-

178 691 251 723 τοῖς
285 687 385 736 παρὰ
419 689 486 723 τοῦ
522 687 693 733 δημοσίου
729 686 939 733 διδομένοις.
979 684 1092 735 ‘On-so
1127 686 1191 722 οὐκ
1221 684 1268 722 ἂν

178 732 294 769 ἄλλως
323 737 483 781 γένοιτο,
517 735 549 769 εἰ
579 732 629 778 μὴ
652 737 712 768 καὶ
736 732 837 768 αὐτοὶ
868 732 931 767 τὰς
952 730 1061 780 ἀρχὰς
1090 728 1269 777 ἀμίσθους

157 783 165 791 '
179 778 511 827 παραλαμβάνοιεν,
543 778 624 814 οὐδ’
650 776 774 814 ὁτιοῦν
797 775 959 813 διδόντες
982 776 1066 812 οὐδὲ
1089 776 1268 825 προφάσει

178 827 256 860 τῶν
273 825 506 882 καλουμένων
529 825 744 879 suffragium,
765 823 847 859 οὔτε
870 826 944 858 τοῖς
963 823 1026 858 τὰς
1043 821 1150 867 ἀρχὰς
1173 825 1267 866 ἔχου-

1335 687 1422 732 gula
1451 687 1528 723 sine
1558 687 1721 723 mercede
1751 686 1972 732 percipiant,
2004 686 2095 721 nihil
2125 687 2269 722 omnino
2302 687 2427 723 dantes

1336 743 1403 768 nec
1429 733 1621 769 occasione
1654 733 1923 778 suffragiorum,
1957 742 2074 777 neque
2105 732 2160 767 his
2194 733 2255 777 qui
2287 732 2428 778 cingula

1338 779 1473 814 habent
1501 789 1568 814 nec
1600 779 1669 814 alio
1695 779 1852 814 omnium
1875 778 1950 814 ulli.
2000 777 2310 813 consideravimus
2336 778 2428 813 enim

1339 823 1432 868 quia,
1458 824 1543 860 licet
1559 827 1729 870 quaestus
1753 835 1825 860 non
1849 824 2011 860 modicus
2029 823 2252 859 imminuitur
2270 822 2428 868 imperio,

178 882 238 905 σιν
273 870 356 906 οὔτε
389 874 501 917 ετέρῳ
538 872 616 905 τῶν
651 883 805 906 παντων
840 866 970 903 οὐδενί.
1018 866 1269 914 έσκοπήσαμεν
1283 873 1323 904 15
1338 871 1496 904 attamen
1517 871 1650 906 nostris
1669 869 1842 906 subiectis
1858 869 2120 905 incrementum
2136 869 2329 904 maximum
2348 879 2428 913 per-

176 915 246 963 γοὶρ
281 914 428 975 ὅτιπερ,
459 918 491 950 εἰ
521 919 581 951 καὶ
614 914 723 964 πόρος
753 913 794 950 οὐ
825 913 951 968 μικρὸς
980 913 1194 948 ἐλαττοῦται
1222 915 1267 961 τῇ

178 960 358 1006 βασιλεία,
384 959 466 997 αλλ’
493 955 558 996 οὖν
581 963 660 996 τῶν
682 957 866 1007 ἡμετέρων
888 958 1079 995 υποτελῶν
1103 957 1269 994 ἐπίδοσιν

177 1004 336 1055 μεγάλην
370 1006 649 1053 λαμβανόντων,
681 1006 781 1052 εἴπερ
809 1003 952 1050 ἀζήμιοι
982 1004 1083 1052 παρὰ
1105 1006 1185 1039 τῶν
1208 1001 1268 1051 ἀρ·

176 1052 320 1095 χόντων
350 1051 611 1107 φυλάττοιντοε,
642 1047 665 1095 ἦ
686 1064 738 1107 ,τε
760 1049 929 1106 βασιλεία
955 1049 998 1085 τό
1026 1063 1066 1085 τε
1091 1048 1268 1095 δημόσιον

1340 915 1565 959 cipientibus‚
1592 916 1622 951 si
1645 916 1830 951 indemnes
1854 925 1877 950 a
1899 915 2078 950 iudicibus
2104 917 2370 958 conserventur,
2396 918 2431 948 et

1338 959 1527 1004 imperium
1549 964 1586 996 et
1609 961 1719 997 fiscus
1737 961 1937 999 abundabit
1956 963 2063 996 utens
2079 960 2253 997 subiectis
2270 960 2428 1005 locuple-

1337 1005 1455 1047 tibus,
1489 1008 1525 1041 et
1548 1017 1620 1042 uno
1652 1007 1722 1042 hoc
1745 1006 1950 1042 introducto
1976 1006 2100 1042 ordine
2130 1006 2287 1051 plurima
2311 1016 2430 1041 rerum

1337 1053 1373 1085 et
1396 1051 1622 1086 innumerata
1648 1053 1714 1087 erit
1737 1052 1895 1088 ubertas.
1943 1053 2002 1087 An
2035 1054 2133 1088 certe
2167 1062 2239 1088 non
2265 1051 2430 1087 omnibus

178 1096 374 1143 εὐθηνήσει
397 1101 562 1155 χρωμένη
581 1108 751 1140 υπηκσοις
769 1096 945 1143 ευπόροις,
967 1097 1050 1140 μιᾶς
1072 1109 1112 1130 τε
1135 1095 1269 1138 ταύτης
1280 1098 1322 1131 20
1335 1096 1565 1131 manifestum
1589 1101 1660 1141 est,
1694 1098 1861 1142 quoniam
1886 1098 1947 1143 qui
1976 1108 2104 1133 aurum
2136 1097 2201 1133 dat
2231 1100 2267 1133 et
2290 1094 2343 1132 ita
2366 1097 2430 1132 ad-

177 1145 400 1191 εἰςαγομένης
434 1143 569 1184 ταξεως
603 1140 718 1197 nomn}
753 1145 812 1176 καὶ
848 1139 1035 1186 ἀμύθητος
1067 1142 1172 1176 ἔσται
1203 1141 1267 1176 τοῦ

178 1188 385 1236 πράγματος
410 1187 587 1235 ἀφθονία.
635 1185 657 1231 ἢ
680 1201 721 1222 ου
750 1188 863 1223 πᾶσίν
888 1189 966 1222 ἐστι
998 1184 1170 1241 φανερόν,
1194 1183 1266 1221 ὅτι·

178 1247 247 1282 περ
269 1232 290 1270 ὁ
305 1238 458 1290 ,χρυσίον
481 1231 602 1269 διδοὺς
624 1236 684 1268 καὶ
711 1229 810 1268 οὕτω
833 1233 902 1277 τὴν
927 1231 1039 1281 ἀρχην
1063 1230 1268 1277 ὠνούμενος

177 1277 242 1314 οὐκ
273 1279 361 1314 αυτὸ
386 1277 519 1314 δίδωσι
552 1276 679 1324 μόνον,
713 1275 800 1314 ὅσον
824 1277 1004 1325 προφάσει
1035 1280 1114 1314 τῶν
1144 1277 1266 1312 καλου-

1336 1141 1633 1178 ministrationem
1662 1143 1765 1185 emit,
1798 1154 1871 1185 non
1905 1144 1967 1178 dat
1996 1144 2066 1179 hoc
2096 1143 2228 1187 solum,
2257 1147 2431 1189 quantum

1337 1187 1529 1223 occasione
1553 1188 1782 1223 adinventum
1806 1193 1862 1224 est
1886 1188 2156 1234 suffragiorum,
2187 1189 2250 1225 sed
2274 1191 2310 1224 et
2333 1188 2432 1224 aliud

1337 1233 1561 1268 extrinsecus
1598 1233 1698 1269 addit
1734 1234 1888 1279 amplius
1924 1235 2114 1271 occasione
2155 1234 2332 1270 commodi
2366 1234 2429 1270 ad—

1336 1278 1636 1314 ministrationem
1673 1283 1737 1314 aut
1770 1280 1940 1315 dantibus
1972 1284 2036 1316 aut
2072 1280 2359 1326 spondentibus?
2395 1284 2432 1315 et

174 1327 298 1369 μένων
321 1323 507 1369 ἐπενοήθη
532 1324 746 1369 suffragium,
778 1322 868 1359 ἀλλὰ
891 1327 951 1358 καὶ
975 1326 1099 1380 ἕτερον
1122 1323 1268 1365 ἔξωθεν
1280 1327 1321 1359 25
1336 1324 1408 1359 iam
1432 1335 1505 1360 uno
1531 1325 1709 1370 principio
1734 1325 1859 1360 illicito
1884 1325 1968 1360 dato
2001 1326 2177 1378 plurimas
2201 1336 2350 1362 necesse
2375 1327 2432 1361 est

175 1369 437 1417 προςεπιθήσει
468 1369 594 1406 πλεῖον
625 1369 804 1417 προφάσει
835 1371 898 1413 τῆς
927 1370 1007 1404 τῶν
1036 1368 1158 1405 αλλων
1191 1370 1268 1405 τῶν

175 1415 242 1459 τὴν
272 1414 385 1462 ἀρχὴν
415 1413 438 1460 ἢ
468 1414 651 1451 διδόντων
679 1414 702 1459 ἢ
731 1412 1014 1460 μνηστευόντων
1050 1416 1266 1463 θεραπείας-ς

175 1463 235 1496 καὶ
264 1463 346 1506 μιᾶς
377 1458 482 1508 ἀρχῆς
510 1458 648 1497 ἀτόπου
673 1459 846 1505 δοθείσης
877 1460 1009 1497 πολλὰς
1032 1457 1168 1509 ἀνάγκη
1199 1464 1266 1503 χεῖ-

175 1518 238 1587 Ξας
261 1510 491 1560 περινοστεῖν
514 1507 581 1543 τὸν
598 1508 661 1551 τῆς
684 1506 818 1542 δόσεως
839 1503 1049 1555 ἀρχόμενον,
1074 1510 1134 1541 καὶ
1158 1507 1267 1541 τοῦτο

1336 1380 1463 1405 manus
1504 1370 1691 1406 circumire
1730 1381 1811 1406 eum
1849 1371 1910 1416 qui
1943 1372 2121 1407 datlonem
2150 1371 2258 1415 facit,
2295 1375 2331 1407 et
2362 1372 2431 1408 hoc

1336 1426 1464 1451 aurum
1487 1426 1560 1452 non
1585 1417 1629 1452 de
1653 1427 1718 1452 suo
1743 1416 1836 1452 forte
1860 1417 2046 1462 praebere,
2071 1417 2133 1453 sed
2157 1419 2370 1462 mutuatum,
2395 1420 2433 1452 et

1337 1463 1377 1496 ut
1400 1465 1566 1515 mutuare
1590 1462 1717 1508 possit,
1744 1462 2023 1507 damnificatum,
2050 1466 2086 1498 et
2105 1464 2316 1517 computare
2334 1463 2431 1508 apud

1337 1518 1393 1550 se,
1428 1517 1512 1553 quia
1543 1509 1708 1544 convenit
1740 1518 1821 1543 eum
1851 1511 1993 1543 tantum
2024 1519 2068 1544 ex
2099 1508 2285 1554 provmcia
2316 1509 2430 1554 perci-

197 1553 215 1586 ἑ
236 1565 280 1587 το
302 1557 449 1600 χρυσίον
472 1550 535 1588 οὐκ
559 1553 708 1588 οἴκοθεν
730 1554 818 1587 ἴσως
842 1556 1026 1601 παρέχειν,
1050 1549 1140 1587 ἀλλὰ
1164 1549 1265 1586 ὃεδα-
1280 1556 1322 1588 30
1335 1563 1438 1598 pere,
1474 1555 1648 1598 quantum
1679 1553 1808 1589 liberet
1839 1554 1982 1598 quidem
2014 1554 2047 1589 ei
2078 1554 2217 1599 debita,
2255 1554 2364 1590 sortis
2397 1559 2432 1589 et

175 1600 375 1642 νεισμένον,
407 1601 466 1632 καὶ
495 1599 556 1633 ἴνα
580 1596 827 1634 δανείσασθαι
852 1597 1047 1643 δυνηθείη,
1079 1597 1265 1642 ζημιούμε-

173 1656 250 1685 νον,
263 1646 334 1697 νκαὶ
358 1642 637 1691 συλλογίζεσθαι
653 1642 739 1679 κατ’
763 1641 888 1686 αὐτόν,
911 1642 969 1679 ὅτι
987 1643 1164 1698 ,προςῆκόν
1189 1646 1266 1678 ἐστι

1336 1609 1478 1642 usuras,
1504 1601 1542 1634 et
1558 1599 1689 1635 damna
1709 1610 1774 1644 pro
1797 1599 1876 1645 ipso
1894 1603 2036 1636 mutuo:
2065 1600 2289 1646 computabit
2311 1603 2431 1636 autem

1336 1647 1374 1680 et
1402 1644 1439 1679 in
1469 1645 1586 1680 medio
1619 1655 1797 1691 expensas
1828 1645 2001 1691 largiores
2026 1646 2098 1681 iam
2122 1650 2158 1681 et
2189 1645 2344 1681 iudicem
2376 1646 2432 1681 vel

174 1700 348 1723 τοσουτον
380 1690 419 1724 ἐκ
454 1691 516 1734 τῆς
547 1691 718 1736 ἐπαρχίας
754 1688 890 1734 λαβεῖν,
926 1687 1066 1725 ὁποσον
1103 1686 1266 1724 διαλύσει
1337 1690 1398 1735 qui
1429 1690 1526 1726 circa
1556 1691 1675 1736 ipsum
1699 1693 1783 1727 sunt
1807 1690 1996 1736 decentes,
2028 1695 2065 1727 et
2090 1691 2267 1737 quendam
2292 1691 2433 1727 sibimet

173 1736 242 1778 μὲν
265 1733 364 1788 αὐτῷ
390 1734 436 1770 τὰ
459 1733 669 1781 ὀφλήματα,
700 1733 877 1782 κεφάλαιά
901 1749 941 1770 τε
964 1739 1025 1770 καὶ
1049 1734 1173 1777 τόκον,
1205 1737 1265 1769 καὶ
1337 1735 1444 1771 etiam
1474 1736 1670 1772 recondere
1703 1740 1891 1782 quaestum
1915 1737 1953 1773 in
1986 1739 2149 1783 tempore
2180 1737 2364 1783 sequenti,
2394 1737 2432 1774 in

175 1780 237 1815 τὰς
258 1781 350 1828 νπὲρ
384 1778 494 1826 αὐτοῦ
522 1782 587 1815 τοῦ
621 1779 869 1816 δανείσασθαι
901 1783 1045 1826 ζημίας,
1080 1777 1192 1816 δώσει
1226 1778 1266 1814 δὲ
1279 1784 1320 1816 35
1336 1792 1406 1826 quo
1430 1781 1525 1818 forte
1554 1793 1627 1818 non
1650 1782 1928 1818 administrabit.
1980 1783 2210 1828 Quapropter
2234 1783 2311 1819 eius
2336 1783 2432 1828 quod

174 1828 233 1860 καὶ
257 1824 324 1869 τὴν
347 1827 388 1861 ἐν
409 1829 509 1871 μέσῳ
534 1824 703 1871 δαπάνην
734 1825 999 1874 δαψιλεστέραν
1030 1839 1071 1861 τε
1106 1824 1174 1870 ἤδη
1205 1829 1265 1860 καὶ
1335 1827 1381 1862 ab
1407 1837 1448 1863 eo
1478 1827 1600 1863 datum
1631 1830 1688 1863 est
1714 1828 1880 1873 triplum,
1912 1830 2022 1873 magis
2054 1831 2193 1872 autem,
2225 1829 2256 1864 si
2288 1831 2432 1873 oportet

172 1871 322 1918 ἄρχοντι
352 1874 413 1906 καὶ
443 1875 517 1907 τοῖς
551 1869 647 1926 ἀμφ’
683 1868 795 1907 αὐτὸν
830 1876 1052 1920 πρέπουσαν,
1088 1876 1151 1907 καί
1181 1885 1266 1907 τινα
1335 1873 1453 1908 verius
1479 1873 1568 1915 dici,
1602 1874 1793 1919 decuplum
1818 1874 1903 1918 erit,
1937 1875 2032 1919 quod
2057 1885 2079 1910 a
2102 1875 2234 1910 nostris
2261 1874 2431 1910 subiectis

173 1917 291 1960 ἑαυτῷ
315 1920 376 1950 καὶ
395 1918 717 1966 προςαποθησεται
739 1915 856 1964 πόρον
879 1917 971 1953 κατὰ
995 1917 1062 1952 τὸν
1086 1918 1163 1961 ἑξῆς
1185 1915 1263 1965 χρό-
1334 1919 1496 1963 exigitur.
1546 1919 1595 1954 Et
1627 1930 1670 1955 ex
1703 1920 1771 1955 hoc
1796 1919 1903 1956 etiam
1934 1920 2043 1956 fiscus
2067 1920 2305 1956 imminuitur:
2348 1931 2430 1956 nam

174 1975 251 2003 νον,
283 1958 380 1997 καθ’
404 1960 448 1997 ὃν
471 1963 559 1998 ἴσως
582 1961 647 1998 οὐκ
671 1963 788 2012 ἄρξει·
826 1959 916 1998 ῶςτε
946 1965 1010 1998 τοῦ
1036 1977 1088 1999 πα
1118 1961 1125 1974 ’
1157 1961 1268 1998 αὐτοῦ

173 2005 363 2052 διδομένου
386 2007 614 2056 τριπλάσιον,
637 2009 774 2054 μᾶλλον
795 2007 846 2052 δέ,
870 2010 902 2044 εἰ
925 2008 982 2044 δεῖ
995 2006 1085 2053 τάλη
1121 2011 1268 2056 ἐστερον
1279 2012 1323 2046 40

174 2054 299 2095 εἰπεῖν,
324 2051 569 2089 δεκαπλάσιον
587 2053 630 2090 τὸ
650 2054 750 2103 παρὰ
773 2057 851 2090 τῶν
875 2053 1060 2102 ἡμετέρων
1080 2051 1269 2090 ὑποτελῶν

173 2099 477 2145 εἰςπραττόμενον
502 2101 615 2134 ἔσται.
660 2098 858 2135 Ἐντεῦθεν
880 2114 920 2135 τε
941 2104 1001 2135 καὶ
1025 2099 1067 2135 τὸ
1093 2098 1268 2145 δημόσιον

172 2191 308 2227 subditi
348 2191 468 2227 nostri
501 2196 537 2227 et
571 2191 714 2226 damnis
754 2192 985 2227 extrinsecus
1019 2192 1133 2227 illatis
1167 2198 1204 2228 et
1241 2193 1475 2228 sollemnibus
1513 2193 1592 2239 piis
1632 2193 1961 2229 contributionibus
1998 2194 2172 2240 sufficere
2210 2195 2427 2231 valuerunt?

175 2240 191 2273 1
241 2235 361 2272 Subiit
382 2236 499 2283 iqitur
525 2247 594 2272 nos
617 2237 814 2283 coqitatio‚
851 2247 924 2283 quo
941 2242 1059 2284 pacto
1084 2238 1338 2284 quodcumque
1360 2238 1399 2272 in
1424 2238 1632 2284 provinciis
1650 2238 1788 2273 nostris
1811 2238 2027 2274 damnosum
2051 2243 2122 2282 est,
2154 2239 2195 2274 id
2226 2251 2331 2276 omne
2352 2251 2426 2276 uno

173 2287 258 2319 actu
274 2282 439 2334 ymerali
457 2282 507 2317 ad
529 2281 683 2318 meliora
707 2282 1001 2328 transferremus.
1039 2282 1122 2317 Hoc
1143 2294 1227 2318 vero
1253 2283 1399 2318 omnino
1424 2287 1634 2318 eventurum
1657 2283 1869 2326 invenimus,
1893 2284 1927 2319 si
1946 2285 2154 2336 efficiamus
2176 2289 2218 2321 ut
2233 2285 2428 2333 praesides

172 2327 459 2375 provinciarum,
483 2327 701 2373 quicumque
722 2327 844 2362 ciuiles
859 2327 1098 2373 maqistratus
1120 2327 1159 2361 in
1181 2328 1383 2374 provinciis
1398 2331 1545 2373 qerunt,
1562 2328 1675 2375 puris
1693 2332 1846 2363 utantur
1869 2329 2046 2372 manibus,
2071 2333 2109 2365 et
2131 2330 2176 2365 ab
2201 2331 2299 2366 omni
2323 2331 2426 2367 lucro

175 2373 393 2414 abstineant,
416 2372 489 2406 illis
508 2371 638 2414 solum,
657 2383 751 2417 quae
766 2383 817 2407 ex
831 2371 923 2416 fisco
942 2371 1089 2413 dantur,
1108 2372 1279 2407 contenti.
1316 2371 1423 2414 Quod
1442 2372 1551 2407 aliter
1566 2383 1641 2407 non
1654 2373 1731 2418 fiet,
1756 2374 1828 2408 nisi
1843 2378 1881 2409 et
1896 2375 1968 2420 ipsi
1983 2375 2223 2426 maqistratus
2242 2378 2427 2422 qratuicos

175 2418 370 2464 accipiant,
394 2415 488 2451 nihil
507 2427 664 2463 prorsus
684 2427 730 2451 ne
751 2416 1016 2462 suffraqiorum
1033 2416 1177 2462 quidem
1195 2427 1290 2462 quae
1308 2420 1487 2452 vocantur
1505 2418 1650 2452 nomine
1668 2429 1784 2464 neque
1803 2418 1849 2453 iis
1867 2419 1932 2465 qui
1950 2423 2188 2465 maqzstratus
2211 2426 2346 2467 qerunt
2365 2433 2425 2457 ne-

175 2474 247 2509 que
269 2462 437 2507 cuiquam
455 2461 601 2496 omnino
626 2461 690 2496 alii
713 2460 852 2497 dantes.
893 2459 1207 2497 Consideravimus
1229 2461 1336 2504 enim,
1360 2461 1445 2497 licet
1466 2462 1606 2503 reditus
1630 2474 1704 2498 non
1728 2463 1886 2509 exiquus
1904 2464 2063 2510 imperio¹
2082 2466 2280 2508 minuatur,
2307 2470 2425 2503 tamen

176 2519 256 2543 cum
271 2507 407 2543 subditi
430 2507 548 2542 nostri
571 2517 742 2552 maqnum
765 2506 1023 2542 incrementum
1039 2507 1225 2553 accepturi
1247 2507 1332 2549 sint,
1356 2507 1389 2542 si
1412 2506 1596 2543 indemnes
1613 2519 1636 2542 a
1653 2508 1929 2554 maqistratibus
1951 2514 2152 2553 serventur,
2177 2515 2214 2546 et
2235 2511 2425 2558 imperium

175 2557 211 2589 et
230 2553 360 2599 fiscum
377 2562 563 2599 prospera
577 2552 744 2632 fortuna
770 2562 920 2587 usurum
940 2556 1102 2599 propter
1125 2551 1275 2588 divitum
1299 2552 1527 2588 subditorum
1544 2553 1705 2599 copiam,
1737 2557 1848 2599 atque
1871 2565 1945 2590 uno
1973 2554 2042 2590 hoc
2066 2555 2195 2591 ordine
2213 2556 2423 2593 introducto

174 2598 323 2635 multam
343 2603 380 2634 et
400 2596 575 2633 incredibi
590 2608 644 2633 em
662 2608 784 2632 rerum
808 2597 1009 2633 ubertatem
1032 2608 1109 2633 esse
1119 2597 1299 2643 futuram.
1336 2598 1394 2633 An
1412 2609 1487 2633 non
1503 2599 1737 2645 manifestum
1757 2603 1812 2635 est
1837 2600 2002 2635 omnibus
2023 2612 2121 2643 eum,
2145 2601 2210 2647 qui
2226 2602 2423 2648 pecuniam

175 2644 241 2680 dat
262 2647 299 2679 et
314 2643 366 2679 ita
390 2653 449 2678 ma
476 2643 645 2678 istratum
660 2642 757 2685 emit,
781 2653 856 2678 non
879 2642 996 2678 solum
1020 2642 1070 2686 id,
1091 2642 1192 2689 quod
1206 2642 1352 2678 nomine
1364 2643 1629 2690 suffraqiorum
1644 2656 1738 2691 quae
1762 2650 1941 2681 vocantur
1965 2646 2212 2693 excoqitatum
2231 2650 2297 2690 est,
2321 2647 2422 2691 dare,

174 2689 240 2726 sed
269 2689 378 2725 etiam
412 2699 435 2723 a
449 2699 488 2723 ια
512 2688 631 2736 plura
659 2688 887 2724 extrinsecus
918 2687 1144 2724 adiecturum
1173 2699 1251 2723 esse
1282 2689 1411 2724 ceteris
1439 2689 1504 2736 qui
1534 2690 1788 2742 maqistratum
1819 2690 1875 2726 vel
1905 2690 1997 2727 dant
2023 2692 2080 2727 vel
2106 2692 2290 2740 spondent
2322 2692 2422 2729 blan-

175 2734 298 2770 diendi
320 2734 468 2781 qratia?
513 2734 633 2780 Atque
656 2744 730 2769 uno
749 2733 938 2780 principio
964 2744 1141 2780 perverso
1166 2733 1324 2769 admisso
1349 2745 1492 2770 necesse
1514 2738 1570 2770 est
1591 2746 1624 2770 ts
1647 2735 1710 2782 qui
1733 2735 1866 2783 larqiri
1889 2737 2053 2784 coeperit
2073 2737 2271 2773 multorum
2294 2749 2423 2774 manus

175 2780 388 2822 circumeat,
419 2790 570 2826 eamque
593 2779 792 2826 pecuniam
815 2790 890 2815 non
914 2779 958 2815 de
981 2790 1048 2815 suo
1070 2780 1192 2826 forte,
1226 2779 1291 2815 sed
1312 2783 1437 2814 mutuo
1463 2785 1649 2827 acceptam
1671 2781 1867 2828 praebeat,
1891 2786 1928 2820 et
1950 2793 2023 2828 quo
2047 2787 2207 2818 mutuam
2225 2784 2421 2832 pecuniam

174 2825 342 2873 accipere
357 2825 500 2872 possit,
532 2825 664 2861 damno
689 2825 893 2870 afficiatur,
926 2835 972 2860 ac
994 2835 1115 2860 secum
1146 2828 1291 2871 reputet
1316 2829 1455 2860 tantum
1478 2825 1547 2861 sibi
1568 2837 1618 2862 ex
1643 2827 1842 2873 provincia
1866 2828 2063 2875 percipere
2087 2828 2213 2871 licere,
2247 2834 2421 2876 quantum

176 2877 248 2907 tam
272 2870 393 2907 debita
415 2881 505 2913 sua,
536 2875 573 2906 et
600 2875 736 2906 sortem
759 2874 796 2906 et
824 2870 980 2916 faenus,
1013 2870 1219 2916 damnaque
1242 2881 1293 2906 ex
1315 2870 1396 2917 ipso
1420 2875 1546 2906 mutuo
1574 2875 1657 2907 orta
1681 2877 1999 2920 compensaturum
2029 2874 2079 2909 sit
2107 2885 2217 2921 quam
2240 2879 2421 2923 sumptum

175 2920 336 2963 tempore
364 2915 599 2952 interiacente
629 2916 772 2962 factum
800 2915 1014 2962 ampliorem
1037 2916 1110 2951 iam
1134 2920 1172 2951 et
1193 2926 1252 2950 ma
1278 2915 1426 2951 istratui
1447 2916 1582 2962 iisque,
1615 2917 1679 2964 qui
1708 2917 1807 2953 circa
1833 2928 1872 2954 se
1894 2918 1986 2962 sint,
2017 2919 2282 2955 convenientem
2306 2931 2420 2968 prae·

173 2963 361 3004 sciturum,
399 2971 444 2996 ac
468 2966 667 3009 praeterea
697 2961 770 3008 ipsi
800 2960 981 3008 quendam
1012 2961 1095 2996 insu
1123 2972 1163 2997 er
1190 2927 1346 2998 reditum
1377 2961 1416 2996 in
1445 2961 1616 3013 futurum
1648 2966 1808 3009 tempus,
1841 2975 1913 3011 quo
1944 2964 2048 3010 forte
2077 2965 2315 3011 maqistratus
2345 2977 2419 3001 non

174 3007 263 3049 erit,
292 3009 579 3042 reservatur-um:
612 3007 665 3043 ita
688 3010 730 3042 ut
750 3006 808 3048 id,
839 3005 941 3052 quod
962 3017 986 3041 a
1013 2973 1168 3042 subditis
1192 3006 1329 3042 nostris
1351 3006 1527 3053 exiqztur,
1553 3007 1683 3053 triplo,
1716 3009 1824 3045 immo
1844 3009 1878 3044 si
1900 3010 2020 3045 verius
2043 3010 2233 3046 dicendum
2257 3015 2329 3054 est,
2360 3011 2419 3047 de-

174 3052 284 3099 cuplo
308 3051 400 3099 plus
427 3051 597 3097 futurum
628 3052 697 3094 sit,
729 3062 838 3097 quam
862 3051 963 3097 quod
985 3051 1029 3087 ab
1053 3051 1135 3098 ipso
1160 3051 1283 3087 datum
1308 3056 1370 3087 est.
1418 3053 1537 3097 Atque
1559 3052 1644 3088 inde
1671 3054 1786 3098 fiscus
1809 3065 1954 3101 quoque
1983 3055 2186 3097 minuetur;
2216 3066 2301 3091 nam
2325 3067 2421 3102 quae

224 3147 237 3178 1
264 3140 415 3190 ὑπάρχω
435 3144 484 3177 L¹
507 3143 520 3188 ΙΙ
543 3145 565 3177 4
592 3141 679 3177 ὅσον
703 3144 754 3185 ἐν]
787 3141 807 3176 ὃ
830 3145 890 3177 ἐπὶ
916 3145 947 3176 L
975 3142 987 3187 Η
1017 3146 1036 3177 5
1070 3141 1263 3186 ἐπιβλαβές

175 3203 234 3223 om.
260 3201 279 3225 ς
303 3188 315 3234 ΙΙ
338 3192 359 3223 9
385 3186 654 3235 παρασκευάσαι
676 3189 745 3233 μὲν
766 3190 811 3222 Μ
829 3188 841 3233 ΙΙ
869 3190 909 3222 10
934 3186 1125 3232 λήμματος]
1148 3199 1261 3232 accep-

174 3235 266 3268 tione
288 3245 350 3277 pro
372 3234 443 3266 illis
466 3245 486 3270 ς
508 3234 521 3277 ΙΙ
550 3236 588 3268 11
614 3231 677 3267 οὐκ
699 3230 757 3275 ἂν]
778 3229 857 3267 οὐκ)
885 3234 985 3267 ἐστὶν
1011 3235 1092 3277 (per
1115 3247 1261 3278 compen-

175 3282 275 3322 dium)
299 3280 329 3313 L
350 3279 364 3324 11
393 3281 431 3312 12
456 3278 632 3325 γενέσθαι
654 3278 702 3312 Lb
726 3279 738 3324 ΙΙ
768 3282 808 3314 14
832 3279 1017 3320 sufragium
1042 3279 1090 3313 M
1106 3289 1261 3326 σουφρα-

173 3328 266 3372 γίων
278 3325 322 3368 L,
338 3327 426 3358 etsie
439 3326 529 3368 infra
544 3323 557 3368 ΙΙ
579 3327 630 3358 14.
648 3327 687 3358 15
709 3321 820 3357 *οὐδὲ
833 3343 875 3349 —-
888 3321 972 3358 οὐδὲ
996 3325 1074 3358 libri
1090 3324 1102 3368 [Ι
1120 3327 1160 3358 15
1185 3326 1259 3358 ἕτε·

174 3383 239 3417 ρον
262 3371 294 3405 L
318 3369 332 3415 ΙΙ
358 3372 398 3405 16
423 3369 455 3403 εἰ
477 3383 504 3403 s.
528 3382 558 3403 v.
585 3368 617 3401 L
637 3368 649 3413 ΙΙ
673 3367 803 3416 μικρὸν
829 3370 993 3414 Scrimyer
1007 3369 1019 3411 ΙΙ
1039 3371 1082 3403 20
1106 3367 1260 3416 εὔπορον

178 3417 222 3449 [A
241 3415 254 3461 ΙΙ
270 3418 310 3450 21
337 3415 401 3449 τοῦ
425 3411 645 3466 πράγματος]
676 3426 787 3448 rerum
812 3426 832 3451 ς
846 3413 859 3459 ΙΙ
878 3416 920 3448 22
944 3411 1151 3468 ἀφθονίαςῖ
1175 3416 1227 3449 L⁴²
1248 3413 1262 3460 ΙΙ

1331 3154 1547 3186 procuremus
1572 3143 1610 3178 V
1628 3145 1713 3188 vulq.
1744 3144 1756 3190 ΙΙ
1784 3147 1804 3179 9
1829 3156 1890 3188 pro
1915 3147 1976 3180 del.
2001 3146 2052 3180 132
2075 3146 2087 3191 ΙΙ
2112 3147 2170 3188 eis]
2196 3157 2250 3179 eos
2268 3147 2316 3180 R¹
2341 3147 2418 3180 illos

1332 3190 1452 3232 (suppl.
1478 3202 1516 3222 m.
1542 3191 1561 3223 2
1586 3190 1619 3223 in
1643 3197 1728 3233 spat.
1752 3192 1837 3233 vac.)
1859 3190 1922 3236 Vll
1949 3193 1989 3226 10
2012 3202 2081 3224 non
2107 3205 2166 3226 om.
2186 3192 2235 3224 R·
2260 3191 2273 3237 ΙΙ
2301 3193 2340 3226 12
2362 3203 2416 3233 oc-v

1332 3235 1496 3267 casionem
1526 3234 1565 3268 V
1571 3238 1589 3256 ⁰
1615 3233 1628 3278 ΙΙ
1660 3237 1700 3269 13
1734 3234 1801 3268 alio
1832 3237 1914 3277 ΒΤ]
1947 3237 2008 3270 alii
2038 3237 2075 3270 V
2097 3238 2182 3280 vulq.
2208 3236 2223 3280 ἸΙ
2254 3237 2415 3280 omnium]

1331 3280 1503 3312 hominum
1529 3279 1566 3313 V
1568 3279 1583 3299 2
1607 3282 1640 3313 in
1665 3293 1731 3314 ras.
1750 3282 1770 3314 2
1792 3281 1851 3315 litt.
1868 3282 1881 3326 ΙΙ
1899 3281 1952 3314 illi
1975 3282 2026 3315 R¹
2041 3282 2053 3325 ΙΙ
2076 3283 2115 3316 19
2136 3282 2312 3315 innumera
2334 3282 2421 3318 R²T

1330 3326 1416 3370 ναῖς.
1435 3324 1600 3368 “libertas
1619 3325 1667 3358 R¹
1687 3324 1699 3370 ΙΙ
1715 3336 1758 3358 an
1782 3329 1870 3359 certe
1894 3328 1928 3360 in
1951 3340 2017 3361 ras.
2044 3327 2082 3360 V
2084 3327 2098 3348 ³
2115 3326 2127 3371 ss
2143 3326 2310 3360 ominibus
2330 3328 2380 3362 13¹
2403 3328 2416 3374 ΙΙ

1331 3372 1370 3404 21
1396 3372 1558 3412 quantum
1578 3371 1760 3412 occasione]
1787 3382 1855 3405 non
1875 3371 1969 3405 datiit
1985 3371 2184 3405 hoccasione'
2198 3371 2272 3425 3¹11
2291 3375 2333 3407 23
2359 3385 2414 3407 oc-

1330 3416 1494 3448 casionem
1515 3416 1684 3449 communi
1706 3417 1739 3450 R
1757 3415 1770 3462 ΙΙ
1785 3417 2050 3451 {ministratione
2075 3417 2108 3450 V
2124 3416 2137 3462 ss
2154 3419 2196 3451 24
2220 3420 2321 3451 etiam
2344 3430 2414 3453 uno

173 3458 207 3504 ἢ]
233 3472 276 3495 an
300 3463 388 3495 certe
410 3474 428 3497 ς
444 3462 455 3501 ΙΙ
476 3463 518 3495 26
542 3471 619 3493 των
642 3456 763 3496 ἄλλων
785 3473 843 3493 om.
867 3471 886 3496 ς
904 3460 916 3503 ΙΙ
933 3462 973 3495 3Ί
1000 3458 1162 3505 αφαυτὸν
1186 3461 1260 3504 ΜΗ

176 3510 218 3540 3⁶3
242 3503 581 3553 προσαποθήσεται]
607 3502 979 3551 προσαποδοθήσεται
1004 3506 1052 3539 Μ
1075 3516 1258 3551 προσαπο-

175 3549 407 3595 δοθήσεσθαι
431 3553 463 3585 L
488 3547 848 3597 προσαποθήσεσθαι
872 3562 893 3587 ς
919 3551 1114 3584 Haloander
1132 3551 1144 3594 ss
1168 3550 1256 3593 ἑξῆς]

174 3596 358 3643 ἐξαρχῆςὶι
373 3598 386 3642 fl
405 3599 446 3632 39
456 3593 546 3643 παρ’
564 3592 728 3629 αὐτῶνΕ
746 3596 759 3640 l}
775 3598 817 3629 40
825 3593 882 3629 δεῖ
890 3593 958 3639 τὴν
968 3591 1258 3643 ἀληθεστέρανῖι

225 3690 238 3722 l
277 3687 524 3722 conlationibus
553 3687 749 3729 (lationibus
771 3685 820 3720 V²
843 3689 875 3721 in
900 3689 981 3729 ras.)
1006 3687 1044 3721 V
1063 3687 1076 3732 ΙΙ
1106 3690 1126 3722 3
1162 3689 1255 3730 quid]

176 3733 264 3775 quod
288 3733 360 3768 RV
359 3734 390 3767 T
412 3735 424 3778 n
455 3736 473 3767 5
499 3735 588 3775 actu]
616 3743 693 3766 casu
718 3732 756 3767 V
762 3732 773 3754 ¹
799 3733 813 3779 ΙΙ
843 3735 863 3768 8
894 3743 1146 3776 procuraremus
1171 3732 1254 3775 ΕΤ]

252 3787 301 3818 ΠΙ,

1330 3462 1390 3501 R1]
1424 3461 1523 3493 etiam
1553 3461 1590 3494 in
1621 3471 1690 3494 uno
1711 3462 1762 3495 122
1792 3464 1825 3495 et
1848 3463 1895 3495 sic
1929 3474 1996 3496 uno
2026 3464 2073 3503 (in
2098 3469 2184 3506 spat.
2208 3476 2278 3498 vac.
2304 3466 2412 3509 suppl.

1330 3507 1367 3539 V
1370 3507 1397 3547 2)
1422 3506 1459 3539 V
1476 3507 1562 3550 vuly.
1590 3507 1602 3550 ΙΙ
1632 3508 1675 3540 26
1711 3507 1923 3541 donationem
1946 3509 1979 3541 R
2006 3507 2018 3553 ΙΙ
2048 3508 2112 3541 hoo
2145 3518 2264 3542 aurum
2295 3512 2416 3554 scripsi

1328 3553 1384 3595 (cf.
1410 3552 1619 3593 Heimbach)]
1654 3563 1767 3586 eorum
1792 3553 1841 3586 Β*
1864 3554 1927 3586 hoc
1954 3553 1992 3587 V
1996 3553 2061 3586 2122
2083 3554 2182 3597 vnio„
2220 3567 2279 3588 om.
2303 3558 2411 3598 spatio

1327 3610 1427 3629 vacuo
1453 3603 1526 3630 ante
1551 3598 1584 3630 et
1607 3599 1717 3631 relicto
1739 3598 1772 3632 V
1776 3598 1787 3619 ²
1813 3597 1825 3642 ΙΙ
1849 3600 1890 3632 27
1912 3599 2149 3638 τηιιίταῒιιηιᾘί
2169 3599 2184 3645 ΙΙ
2209 3601 2252 3635 28
2277 3602 2327 3643 ut]
2351 3614 2410 3641 om.

1327 3642 1411 3675 R¹T
1436 3640 1449 3685 ΙΙ
1479 3644 1522 3676 30
1557 3645 1731 3684 quantum]
1769 3654 1833 3685 qu*
1859 3643 1893 3676 R
1921 3643 1934 3688 ΙΙ
1962 3644 2003 3678 31
2041 3644 2172 3686 damna]
2209 3645 2296 3678 dona
2319 3646 2368 3679 Β*
2398 3646 2412 3691 ΙΙ

1326 3689 1367 3721 32
1392 3687 1448 3719 uel
1470 3686 1556 3729 RV]
1582 3690 1615 3721 et
1628 3690 1724 3740 svalq.
1742 3688 1754 3733 ΙΙ
1774 3691 1815 3722 33
1837 3688 2036 3722 sibimetiam
2048 3690 2082 3723 R
2104 3688 2110 3735 Ι
2129 3693 2170 3724 35
2185 3691 2411 3725 aministrauit

1330 3733 1374 3766 R¹
1393 3731 1406 3777 Η
1423 3735 1464 3766 336
1485 3733 1602 3775 magis]
1620 3743 1642 3778 g
1662 3734 1765 3776 magis
1779 3735 1811 3768 R
1829 3734 1842 3778 ΙΙ
1857 3736 2024 3778 oporteret
2047 3734 2097 3780 V!
2121 3737 2162 3770 38
2189 3736 2272 3778 exigi
2297 3736 2370 3771 RV

2116 3793 2137 3828 9
